4136 6432
507 486 607 548 Ὃς
641 482 843 554 μετιὼν
870 480 970 552 τῆς
997 483 1197 553 ἀρετῆς
1231 479 1328 550 τὴν
1360 477 1818 550 ἐννομοπραγίαν,

504 571 614 625 Καὶ
638 571 737 641 τὴν
766 569 968 623 κακίαν
1000 572 1064 622 ἐκ
1098 569 1280 639 ψυχῆς
1308 567 1635 636 ἀποστυγῶν
1680 569 1777 622 καὶ
1814 567 2052 637 φεύγων,

500 662 640 726 Τοὺς
672 662 1054 733 φαυλουργοὺς
1106 663 1202 716 καὶ
1247 661 1534 724 δυσσεϐεῖς
1583 660 1811 714 ἔσπευδε
1870 676 2087 730 σωφρο-

1769 749 1979 824 [νίζειν.

518 843 675 898 Ἐπεὶ
702 842 864 898 δὀύκ
890 842 1107 897 ἔπειθεν
1124 843 1321 906 αὐτοὺς
1349 844 1456 896 τῶν
1484 843 1707 914 φαύλων
1729 840 2086 913 ἀποσχέσθαι,

505 936 760 1007 Μετέστη
795 936 895 1007 μὲν
925 935 1035 990 ἀπὸ
1062 936 1166 1005 τῆς
1193 936 1294 1004 γῆς
1331 934 1460 988 ἔνθα
1485 935 1545 988 τὸ
1575 935 1790 1005 πρῶτον
1819 934 1943 1003 ἔφυ,

507 1029 778 1093 Μέτοικος
804 1030 861 1083 δὲ
884 1031 1176 1099 γενόμενος
1199 1028 1517 1092 ἀλλοδαποῖς
1540 1029 1598 1082 ἐν
1624 1028 1772 1096 ὅροις

506 1120 619 1191 Τὴν
650 1120 1002 1191 ὑμνουμένην
1032 1119 1263 1173 κιϐωτὸν
1293 1116 1502 1190 ὡρίσθη
1530 1116 1857 1185 τεκτονῆσαι

508 1213 616 1265 Καὶ
641 1210 783 1275 ζῶον
811 1211 959 1266 άπαν
983 1212 1043 1265 ἐν
1074 1213 1211 1281 αὐτῇ
1244 1210 1579 1280 χερσόῦγρον
1608 1208 1910 1277 ἐγκλεῖσαι,

518 1302 605 1366 Ὧς
640 1302 865 1376 σπέρμα
898 1303 1304 1375 χρηματίσαιεν
1343 1300 1436 1355 καὶ
1464 1298 1720 1370 ζώπυρον
1748 1297 1843 1350 τοῦ
1872 1296 2085 1365 γένους.

514 1396 780 1468 Ἐπεισθη
814 1396 937 1449 Νῶε
959 1395 1037 1466 τῷ
1062 1395 1202 1466 Θεῷ,
1235 1394 1295 1448 τὸ
1317 1392 1611 1447 κελευσθὲν
1641 1391 1838 1455 ἐποίει,

501 1488 832 1554 Ξυλοστεγὲς
862 1486 1150 1557 εἰργάζετο
1183 1486 1283 1557 τῆς
1323 1483 1560 1539 κιϐωτοῦ
1592 1482 1654 1535 τὸ
1685 1480 1871 1548 κύτος,

502 1579 746 1650 Μυρίους
780 1580 928 1635 ἔνδον
956 1579 1218 1650 ἑλιγμοὺς
1242 1576 1665 1648 λαϐυρινθώδεις
1697 1575 1885 1647 φέρον.

502 1674 616 1728 Καὶ
648 1673 775 1726 Νῶε
814 1674 914 1743 μὲν
941 1672 1158 1726 ἐνέθετο
1184 1675 1249 1744 τῇ
1294 1669 1514 1740 κιϐωτῷ
1538 1670 1608 1723 τὰ
1637 1668 1775 1733 ζῶα,

498 1766 832 1836 Ποντογενῆ,
868 1766 1192 1836 χερσογενῆ,
1219 1765 1421 1834 πτηνά,
1451 1759 1863 1831 πεζοποροῦντα
1892 1775 1905 1787 ·

511 1858 573 1911 Ὀ
604 1857 661 1910 δὲ
683 1856 907 1937 eam
929 1857 1239 1928 στέγαστρα
1270 1857 1378 1909 τῶν
1407 1854 1653 1926 οὐρανῶν
1680 1851 1900 1915 ἀνοίξας

502 1948 673 2011 Ὀλας
698 1948 909 2002 ἐκεῖθεν
941 1948 1114 2002 ὑετῶν
1145 1948 1429 2017 κατήγαγε
1463 1944 1763 2008 θαλάσσας,

513 2038 783 2108 Ἐκάλυψε
809 2039 906 2101 τὰς
936 2037 1185 2109 κορυφὰς
1213 2036 1320 2091 τῶν
1354 2035 1604 2107 βαθυκρή
1616 2050 1764 2105 μνων
1796 2032 1998 2100 λόφων,

508 2128 757 2199 Ἔκρυψε
790 2129 893 2199 γῆς
927 2128 989 2182 τδ
1029 2130 1343 2200 πρόσωπον,
1379 2126 1653 2196 ἐκάλυψεν
1680 2123 1942 2196 ἀρούρας.

502 2220 576 2272 Te
609 2222 717 2273 πᾶν
742 2220 877 2290 ὁμοῦ
904 2220 1229 2291 συγκέχυτο,
1263 2219 1558 2273 κεκοίνωτο
1580 2218 1648 2271 τά
1675 2216 1874 2269 πάντα.

500 2306 685 2366 Ἦσαν
713 2311 1139 2365 ὑδατοπόντιστα
1160 2312 1271 2364 τῶν
1294 2311 1528 2383 δένδρων
1550 2311 1620 2363 τὰ
1654 2307 1908 2377 στελέχη.

504 2401 631 2462 Τοῖς
657 2399 938 2469 ὑψιλόφοις
974 2400 1157 2472 ὄρεσιν
1186 2401 1457 2466 ἐπέλαζον
1491 2401 1696 2471 ἰχθύες.

514 2495 577 2548 '0
606 2494 744 2548 λέων
771 2495 1188 2560 ὑδατόκλυστος,
1218 2497 1245 2549 ὸ
1272 2493 1460 2559 θύννος
1490 2497 1548 2548 ἐν
1578 2497 1645 2567 τῇ
1680 2495 1884 2567 χέρσῳ,

506 2586 688 2641 ’Ἂπαν
718 2587 1113 2660 ύδατοφόρητον
1140 2584 1206 2660 ἦν
1231 2587 1534 2659 τηνικαῦτα
1559 2588 1721 2652 ζῶον,

517 2677 897 2749 ’Ᾱεροδρόμον,
923 2680 1251 2751 χέρσυγρον,
1280 2679 1569 2747 εὔπτερον,
1600 2680 1925 2749 πεζοπὸρσν.

505 2770 616 2824 Καὶ
629 2769 805 2823 πάντα
828 2773 1286 2841 συμποντούμενα
1312 2775 1425 2836 τοῖς
1454 2771 1811 2843 βαθυρῤόθοις
1851 2773 2083 2841 δμϐρσις

516 2860 606 2914 Ἐν
637 2860 822 2915 ὕδασιν
847 2862 1144 2931 ἀπὲνπνεον,
1177 2863 1410 2934 οἰκτρῶς
1443 2863 1871 2934 ἁπενεκροῦντο,

575 3110 708 3166 Erat
736 3121 921 3166 autem
950 3114 1135 3184 justus
1172 3112 1394 3183 quidam
1423 3113 1506 3167 vir
1535 3113 1670 3179 Noa,
1699 3117 1767 3169 de.
1798 3114 1953 3170 Sethi
1988 3131 2081 3184 po-

1632 357 2141 419 CONSTANTINI
2188 358 2566 417 MANASSIS

2112 484 2164 539 Α
2195 476 2303 529 Καὶ
2331 478 2440 540 τοῖς
2478 477 2665 546 ὑγροῖς
2694 476 2797 539 τὰς
2828 476 3039 529 ἑαυτῶν
3070 474 3247 544 ψυχὰς
3282 475 3666 545 ἐναπεφύσων.

3613 351 3777 423 ’236

2206 568 2428 632 ’Δπλῶς
2467 571 2665 634 εἰπεῖν,
2689 569 2764 632 ὡς
2797 570 2855 620 ἐν
2883 569 3097 639 βραχεῖ,
3136 560 3387 638 καθάπερ
3419 569 3524 621 ὑπὸ
3546 568 3779 629 σκότους

2195 660 2365 713 Πάλιν
2395 658 2495 729 τῆς
2522 660 2627 729 γῆς
2654 659 2716 712 τὺ
2755 659 3050 731 πρόσωπον
3091 660 3324 730 ἀόρατον
3351 658 3395 691 ⁸⁸
3422 660 3683 729 κατέστη,

2193 749 2267 801 Τὸ
2295 749 2391 802 τοῦ
2418 749 2596 820 φωτὸς
2632 752 2981 820 πρωτόγονον
3010 750 3174 804 πάλιν
3206 751 3427 821 ἐκράτει
3460 752 3613 820 χάος,

2193 840 2306 892 Καὶ
2332 840 2497 896 πάλιν
2529 841 2885 905 ὑδατόλουτος
2924 843 2957 913 ἠ
2993 842 3380 912 ζωοθρέμμων
3414 842 3630 913 χέρσος.

2194 932 2306 984 Καὶ
2339 931 2505 1003 θῆρες
2539 933 2638 1003 μὲν
2664 933 2925 1003 ἐφέροντο
2960 934 3147 1004 νεκροὶ
3180 933 3589 1002 πελαγωθέντες
3615 952 3628 965 ο

2206 1025 2536 1096 Ἀνθρώπων
2561 1026 2619 1079 δὲ
2654 1026 2974 1097 πηλογενῶν
3001 1027 3033 1096 ἠ
3067 1029 3218 1081 πᾶσα
3252 1019 3519 1098 γενάρχέα

2197 1120 2471 1171 Ἀσπετον
2502 1115 2647 1189 ὕδωρ
2676 1117 2937 1171 σπάσασα
2964 1118 3061 1171 καὶ
3082 1118 3595 1183 καταποντωθεῖσα,

2203 1211 2294 1273 Ὠς
2339 1210 2527 1263 πλοῖον
2564 1209 2981 1281 ὑγροκέλευθον,
3006 1210 3081 1274 ὡς
3104 1208 3517 1262 θαλασσόπλουν
3536 1210 3781 1279 σκάφος,

2192 1302 2360 1365 Κόνις
2398 1301 2631 1355 ἐπέπλεε
2664 1301 2826 1371 κωφὴ
2852 1300 2924 1353 τὰ
2945 1301 3054 1353 τῶν
3086 1302 3295 1355 ὑδάτων
3320 1302 3488 1357 νῶτα.

2070 1406 2090 1423 ⁸
2192 1392 2316 1448 Νῶε
2355 1395 2410 1449 δὲ
2440 1397 2601 1464 μόνος
2630 1395 2831 1460 ὑποδὺς
2863 1394 2961 1467 τὴν
2986 1396 3262 1465 ζωοφὸρον
3296 1396 3497 1465 στέγην

2204 1488 2295 1552 Ὠς
2322 1488 2528 1560 ναύτης
2561 1487 2962 1554 άθαλάττευτος
2986 1488 3132 1542 ἔνδον
3168 1487 3559 1553 ὲναυστολεῖτο,

2194 1576 2424 1648 Σπέρμα
2446 1577 2539 1631 τοῦ
2575 1577 2767 1645 γένους
2787 1578 2845 1630 ἐν
2874 1577 3058 1648 μικρῷ
3081 1576 3159 1647 τῷ
3188 1576 3333 1648 ξύλῳ
3357 1575 3666 1643 διασὼζων,

2193 1666 2268 1719 Οὐ
2302 1667 2494 1729 κώπας
2533 1668 2897 1737 ἐπαγόμενος,
2932 1668 2994 1720 οὐ
3020 1668 3259 1733 κάλωας,
3293 1669 3357 1721 οὐ
3384 1669 3575 1739 λαίφη.

2195 1756 2286 1827 Τῷ
2313 1758 2435 1811 Νῶε
2470 1757 2526 1811 δὲ
2561 1759 2856 1813 συνέπλεον
2892 1759 3001 1812 υἱοὶ
3028 1760 3123 1813 καὶ
3147 1759 3465 1831 θυγατέρες,

2126 1851 2165 1904 Β
2196 1848 2359 1918 Γυνὴ,
2388 1850 2648 1915 γυναῖκες
2680 1850 2790 1903 τῶν
2814 1851 2965 1916 υἱῶν,
2997 1853 3220 1920 νυμφίοι
3257 1851 3599 1925 θυγατέρων.

2195 1934 2378 1992 Ἶισαν
2403 1940 2460 1992 δὲ
2487 1941 2712 2012 κλήσεις
2735 1944 2849 2005 τοῖς
2884 1944 3020 2007 υἱοῖς
3045 1943 3170 2013 Σήμ
3198 1962 3256 1997 τε
3288 1945 3383 1997 καὶ⁵
3414 1945 3542 2016 Χάμ
3576 1942 3791 2012 Ἰάφεθο

2204 2029 2293 2095 Ὠς
2328 2032 2372 2085 δ’
2405 2032 2767 2103 ὑπελώιρησεν
2792 2037 2823 2106 ἠ
2853 2036 2982 2105 πρὶν
3004 2037 3295 2105 καταφορὰ
3325 2035 3435 2090 τῶν
3459 2036 3707 2108 ὄμϐρων,

2194 2123 2306 2176 Καὶ
2336 2123 2499 2178 πάλιν
2524 2125 2789 2195 ὤφθησαν
2819 2128 2875 2180 αἱ
2908 2127 3038 2197 πρὶν
3074 2128 3396 2183 κλυσθεῖσαι
3426 2129 3707 2195 πεδιάδες,

2206 2214 2456 2286 Ἐξέθορε
2486 2216 2590 2285 τῆς
2623 2217 2857 2270 κιϐωτοῦ
2883 2220 2978 2271 σὺν
3006 2221 3119 2281 τοῖς
3145 2219 3333 2271 παισὶν
3355 2221 3383 2273 ὸ
3423 2219 3568 2285 Νῶε,

2194 2308 2304 2360 Καὶ
2328 2306 2470 2371 ζῶον
2503 2308 2611 2361 πᾶν
2638 2311 3002 2377 ταυτοστεγὲς
3034 2311 3078 2341 ²¹
3107 2311 3183 2380 τῷ
3214 2311 3337 2365 Νῶε
3364 2310 3634 2381 συνεξῄει.

2196 2398 2308 2453 Καὶ
2340 2399 2504 2453 πάλιν
2545 2400 2752 2470 κόσμος
2788 2400 3064 2471 δεύτερος.
3099 2402 3261 2454 πάλιν
3291 2404 3566 2473 γενάρχης
3597 2400 3791 2465 ἄλλος»

2195 2491 2305 2546 Καὶ
2343 2495 2504 2547 πάλιν
2529 2494 2720 2548 ἅπασα
2748 2495 2896 2566 ψυχὴ
2935 2496 3072 2566 πρὸς
3104 2496 3276 2565 αὔξην
3303 2497 3574 2551 ἐπεδίδου.

2275 2583 2369 2636 Ἐκ
2395 2585 2527 2653 γοῦν
2550 2585 2648 2654 τῆς
2673 2585 2895 2656 πρώτης
2933 2586 3180 2651 πλάσεως
3226 2588 3395 2659 Ἀδὰμ
3425 2587 3519 2641 τοῦ
3564 2606 3793 2660 πρωτο-

3445 2678 3623 2751 [γόνου
3658 2679 3704 2711 υ

2191 2766 2400 2838 Μέχρις
2448 2763 2514 2821 αὖ
2554 2768 2647 2821 τοῦ
2678 2769 3069 2831 κατακλυσμοῦ
3113 2770 3424 2841 συμϐάντος
3461 2772 3554 2825 ἐπὶ
3584 2769 3712 2823 Νῶε

2192 2859 2336 2928 Πρὸς
2369 2860 2648 2931 δισχιλίοις
2681 2861 2825 2915 ἔτεσι
2860 2860 2941 2923 δὶς
2971 2862 3164 2915 ἑκατὸν
3202 2862 3502 2933 παρῆλθον,

3496 2998 3651 3055 Vers.
3674 2998 3795 3054 433

2198 3108 2300 3164 sub
2334 3109 2581 3162 tenebris
2633 3124 2850 3162 rursum
2888 3118 3049 3163 terra:
3099 3110 3267 3164 facies
3304 3109 3494 3163 abdita
3534 3111 3789 3180 conspici

503 3204 971 3268 steritate,nonus
992 3219 1059 3260 ex
1076 3204 1268 3259 Adami
1296 3205 1525 3271 semine,
1552 3206 1645 3275 qui
1674 3206 1882 3276 primus
1905 3206 2083 3260 fuerat
2110 3245 2155 3304 ο
2188 3201 2353 3256 desiit
2389 3217 2403 3265 ;
2453 3216 2672 3254 rursum
2727 3201 2894 3256 chaos
2928 3200 3061 3255 illud
3094 3202 3459 3258 invalescebat
3499 3202 3796 3273 antiquius

503 3294 780 3350 conditus.
816 3295 868 3350 ls
900 3295 1123 3350 virtutis
1150 3305 1204 3350 et
1247 3296 1612 3366 legitimarum
1643 3298 1922 3353 actionum
1971 3306 2087 3351 stu-

507 3384 721 3449 diosus,
756 3399 881 3439 cum
913 3384 1043 3439 odio
1071 3385 1201 3446 vitia
1235 3395 1350 3441 toto
1373 3397 1598 3456 pectore
1630 3388 1860 3442 haberet
1894 3404 1957 3443 ae
1999 3389 2088 3443 fu-

504 3482 679 3545 geret,
718 3474 967 3544 improbe
1012 3483 1236 3545 agentes
1268 3484 1325 3529 et
1371 3476 1567 3545 impios
1601 3477 1881 3547 corrigere
1929 3492 2092 3532 cona-

508 3566 691 3627 batur.
725 3565 826 3621 Ubi
855 3582 986 3620 vero
1014 3566 1347 3635 persuadere
1382 3583 1490 3621 non
1524 3577 1739 3638 poterat
1763 3579 1825 3623 ut
1855 3584 1884 3624 a
1922 3570 2096 3625 scele-

507 3657 665 3711 ribus
695 3656 1056 3721 abstinerent,
1098 3661 1394 3714 translatus
1437 3670 1523 3715 est
1568 3662 1635 3716 de
1682 3670 1827 3717 terra
1887 3662 1941 3717 in
1986 3678 2094 3733 qua

506 3747 666 3817 prius
686 3757 804 3802 erat
835 3756 1018 3815 natus,
1039 3750 1323 3820 factusque
1341 3751 1464 3806 aliis
1486 3751 1539 3805 in
1564 3750 1769 3807 ﬁnibus
1791 3752 2097 3822 inquilinus

510 3840 746 3894 celerem
786 3841 933 3896 illam
980 3858 1162 3896 arcam
1204 3844 1392 3914 jussus
1438 3853 1525 3898 est
1573 3854 1881 3910 exstruere,
1922 3860 1986 3901 ac
2040 3847 2095 3900 in

508 3927 657 3982 illam
684 3930 885 3984 animal
916 3946 1079 3986 omne
1111 3942 1393 3987 terrenum
1422 3943 1477 3988 et
1515 3934 1759 4003 aquatile
1789 3935 2094 4003 includere,

508 4029 572 4076 ut
601 4021 818 4091 generis
847 4023 930 4076 sui
989 4038 1174 4078 semen
1201 4040 1266 4079 ac
1298 4024 1471 4080 fomes
1508 4024 1731 4095 quidam
1759 4035 1924 4082 esset.
1950 4026 2097 4083 Obe-

506 4111 617 4166 diit
642 4112 756 4166 Noa
784 4112 919 4175 Deo,
954 4114 1099 4183 quod
1136 4114 1463 4186 imperatum
1498 4125 1617 4171 erat
1645 4116 1902 4183 faciebat,
1933 4119 2099 4185 lignis

510 4215 654 4254 arcae
687 4202 1046 4271 capacitatem
1066 4206 1418 4272 exstruebat;
1451 4221 1574 4275 quae
1591 4207 1826 4262 interius
1859 4207 2097 4264 habebat

511 4291 758 4348 inﬁnitos
785 4294 1103 4361 amfractus,
1138 4297 1454 4369 labyrintho
1500 4300 1834 4355 consimiles.
1892 4301 2097 4356 Deinde

510 4382 625 4437 Non
658 4384 974 4455 imponebat
1018 4387 1074 4441 in
1109 4404 1292 4444 arcam
1326 4389 1505 4445 omnis
1540 4393 1758 4461 generis
1805 4395 2097 4461 animalia,

512 4479 756 4536 terrena,
802 4475 1067 4542 volucria,
1097 4479 1398 4547 pedestria.
1424 4480 1571 4535 Deus
1617 4491 1800 4539 autem
1823 4484 2100 4554 adapertis

511 4566 776 4620 celerum
812 4568 973 4623 tectis
1017 4578 1129 4623 tota
1164 4570 1291 4624 inde
1319 4571 1628 4640 pluviarum
1661 4576 1830 4629 maria
1854 4575 2097 4642 demisit;

515 4654 869 4712 abscondidit
890 4662 1130 4715 vertices
1155 4663 1522 4733 praecipitium
1545 4665 1790 4727 collium,
1808 4668 2103 4721 occultavit

495 4747 680 4802 ἰρι-ται
716 4750 1088 4820 superﬁciem,
1130 4752 1346 4806 abdidit
1383 4768 1535 4808 arva.
1583 4755 1851 4810 Uuiversa
1875 4764 1932 4812 et
1970 4772 2103 4811 con-

519 4837 639 4893 fusa
673 4852 832 4895 erant
856 4851 912 4896 et
948 4844 1256 4899 eommista.
1294 4843 1543 4900 lmmersi
1574 4846 1732 4916 aquis
1759 4859 1916 4903 erant
1944 4849 2107 4904 arbo-

519 4945 641 4983 rum
683 4933 862 4987 trunci
900 4949 915 4998 ;
950 4935 1133 5004 pisces
1166 4935 1233 4988 ad
1279 4946 1497 4992 montes
1523 4953 1697 5007 usque
1719 4939 1983 4996 sublimes
2015 4955 2104 4997 ac-

520 5023 828 5092 cedebant;
868 5025 958 5079 leo
998 5028 1349 5097 mergebatur
1385 5030 1579 5098 aquis;
1614 5030 1854 5101 thynnus
1884 5040 2003 5086 erat
2040 5032 2094 5086 in

518 5124 684 5170 terra.
715 5115 889 5171 Omne
916 5117 1117 5173 animal
1141 5120 1196 5172 in
1213 5134 1354 5189 aqua
1376 5129 1487 5174 tum
1510 5122 1806 5189 ferebatur,
1831 5126 1946 5179 sive
1968 5140 2092 5179 aera

521 5222 836 5280 permearet
869 5211 987 5267 sive
1027 5214 1387 5279 terram,sive
1418 5215 1629 5271 volaret
1655 5218 1770 5273 sive
1792 5220 2097 5275 incederet.

520 5300 718 5356 Omnia
765 5301 1149 5359 obruebantur
1189 5305 1263 5361 ab
1312 5305 1634 5377 impetuosis
1685 5310 1908 5382 pluviis,
1952 5320 2009 5367 et
2048 5312 2103 5365 in

524 5393 684 5462 aquis
708 5392 923 5450 animas
950 5395 1305 5465 exspirabant
1351 5401 1663 5471 misereque
1708 5417 1940 5458 mortem
1980 5404 2101 5458 obi-

522 5491 677 5547 bant.
727 5492 795 5552 Ut
848 5494 1174 5566 simpliciter
1215 5502 1271 5585 εξ)
1317 5493 1561 5549 breviter
1605 5495 1802 5556 dicam.
1847 5504 2104 5564 tanquam

2191 3294 2347 3360 luce;
2383 3308 2606 3347 rursum
2637 3293 2797 3363 aquis
2827 3293 2989 3348 altrix
3030 3296 3347 3348 animalium
3386 3306 3529 3349 terra
3576 3309 3798 3349 mersa-

2196 3385 2379 3441 batur.
2414 3382 2611 3439 Bestia:
2638 3382 2961 3439 ferebantur
2990 3394 3222 3440 morture
3265 3386 3512 3455 marique
3546 3385 3797 3442 obruar.

2197 3476 2497 3532 Hominum
2526 3490 2699 3546 genus
2733 3475 2865 3529 illud
2902 3475 3164 3545 priscum,
3202 3485 3384 3530 ortum
3414 3492 3482 3531 cx
3512 3477 3647 3542 luto,
3685 3476 3801 3530 im-

2198 3582 2440 3622 mensam
2484 3581 2681 3636 aquam
2723 3581 2847 3619 cum
2894 3565 3168 3620 hausisset
3222 3580 3285 3618 ac
3323 3580 3561 3619 mersum
3610 3573 3795 3628 esset,

2198 3666 2459 3727 tanquam
2490 3657 2644 3711 navis
2692 3671 2863 3726 aquas
2898 3665 3213 3725 penetrans,
3249 3664 3308 3709 ut
3351 3656 3610 3724 navigans
3641 3656 3795 3709 mari

2198 3749 2434 3819 scapba,
2489 3757 2548 3802 ut
2590 3747 2726 3801 levis
2783 3747 3007 3817 quidam
3065 3746 3268 3817 pulvis,
3308 3762 3474 3816 super
3514 3760 3794 3815 aquarum

2202 3844 2352 3909 terga
2376 3838 2618 3904 natabat,
2650 3846 2705 3893 et
2733 3838 2923 3891 multis
2951 3838 3261 3907 pluviarum
3290 3836 3586 3908 reciprocis
3608 3836 3799 3890 ﬂueti-

2201 3930 2305 3985 bus
2337 3930 2667 4000 agitabatur.
2700 3929 2812 3984 Noa
2836 3945 2966 3984 vero
2993 3931 3144 3984 solus
3172 3938 3375 3985 tectum
3411 3930 3545 3985 illud
3588 3929 3758 3985 saluti
3779 3958 3798 3970 -

2199 4021 2379 4077 l‘erum
2421 4025 2699 4093 ingressus
2726 4021 2899 4076 instar
2938 4022 3119 4077 securi
3153 4033 3334 4077 nauta:
3365 4024 3419 4077 in
3443 4038 3510 4077 eo
3556 4023 3798 4093 naviga-

2200 4114 2317 4181 bat,
2374 4114 2478 4184 10
2524 4128 2712 4169 semen
2747 4113 2973 4168 humani
3025 4118 3241 4184 generis
3289 4114 3489 4184 exiguo
3536 4114 3590 4168 in
3638 4114 3800 4184 ligno

2203 4221 2559 4270 conservans,
2592 4221 2771 4277 neque
2806 4221 2990 4261 remos
3040 4207 3311 4261 adhibens
3358 4207 3499 4261 ullos
3541 4222 3644 4261 nec
3674 4206 3796 4262 ulla

2203 4301 2346 4356 vela.
2377 4299 2514 4356 Cum
2561 4302 2679 4371 ipso
2732 4300 2828 4353 filii
2882 4299 3113 4369 tilia-que
3151 4298 3497 4370 navigabant,
3544 4297 3798 4367 itemque

2204 4407 2344 4447 uxor
2376 4399 2433 4445 et
2462 4406 2661 4445 uxores
2696 4389 2933 4444 ﬁliorum
2965 4399 3023 4445 et
3054 4388 3284 4443 filiarum
3319 4388 3527 4458 sponsi.
3571 4389 3637 4443 Et
3660 4387 3799 4445 filiis

2204 4492 2363 4538 erant
2385 4482 2501 4538 haec
2516 4479 3539 4549 nomina,Semus,Chamus,Japhctus.
3565 4480 3801 4534 Postea-

2205 4591 2370 4646 quam
2398 4590 2531 4631 vcro
2552 4575 2713 4630 cessit
2738 4589 2800 4629 ac
2832 4574 3043 4628 remisit
3066 4573 3333 4643 pristinus
3358 4573 3446 4627 ille
3476 4571 3798 4642 pluviarum

2208 4668 2465 4737 impetus,
2506 4681 2840 4735 rursumque
2876 4668 3155 4736 conspecti
3188 4676 3315 4720 sunt
3353 4648 3505 4734 prius
3536 4665 3604 4719 ab
3630 4667 3800 4735 aquis

2208 4759 2388 4829 operti
2428 4758 2630 4827 campi,
2658 4758 2867 4812 exsiliit
2896 4758 2962 4812 de
2990 4772 3113 4811 area
3141 4772 3265 4811 eum
3292 4757 3481 4811 liberis
3504 4757 3619 4812 suis
3650 4757 3795 4823 Non,

2205 4862 2262 4907 et
2290 4866 2455 4907 omne
2500 4850 2704 4905 animal
2753 4850 2944 4905 eadem
2981 4857 3296 4904 contectum
3354 4864 3461 4903 una
3491 4864 3617 4903 cum
3668 4848 3799 4919 ipso

2204 4942 2359 4997 exiit.
2399 4941 2629 5010 Jamque
2656 4939 2897 4995 mundus
2936 4940 3027 4995 hic
3059 4940 3195 4994 alter
3234 4950 3370 5004 erat,
3403 4939 3543 4993 alter
3573 4942 3801 5011 generis

2204 5037 2466 5104 princeps
2505 5050 2519 5087 :
2557 5048 2777 5087 rursum
2802 5033 2981 5086 omnis
3010 5032 3412 5087 incrementum
3461 5032 3643 5086 anima
3692 5047 3797 5087 su-

2203 5128 2357 5180 meba
2366 5134 2405 5182 t.

2275 5219 2319 5273 A
2348 5219 2529 5289 prima
2563 5219 2786 5290 quidem
2817 5219 3151 5275 formatione
3175 5221 3390 5286 Adami,
3420 5219 3585 5290 primi
3611 5216 3799 5271 bomi-

2204 5312 2314 5377 nis,
2353 5329 2527 5383 usque
2555 5312 2622 5367 ad
2648 5311 2919 5367 diluvium
2952 5313 3100 5382 quod
3132 5312 3338 5367 accidit
3366 5313 3470 5367 sub
3508 5310 3646 5374 Noa,
3674 5308 3797 5363 ela-

2202 5407 2283 5473 psi
2315 5412 2445 5459 sunt
2474 5405 2601 5459 anni
2632 5404 2716 5459 bis
2746 5404 2898 5460 mille
2928 5405 3151 5459 ducenti
3183 5413 3237 5459 et
3266 5402 3634 5475 quadraginta
3652 5400 3789 5455 duo.

2283 5497 2524 5568 Nepotes
2577 5506 2761 5553 autem
2796 5498 2929 5569 justi
2984 5497 3149 5570 hujus
3179 5498 3308 5553 Noae
3338 5498 3583 5565 fuerunt,
3647 5494 3800 5549 inter

1868 5618 2064 5678 Varim
2109 5618 2436 5680 lectiones.

603 5735 644 5755 "
670 5734 935 5806 άνόρατον
957 5739 1019 5792 Α.
1102 5740 1140 5770 ³¹
1175 5741 1492 5809 ταυτογενὲς
1525 5739 1640 5794 ιιιι.

1721 5743 1766 5773 ¹²
1800 5742 2228 5813 πρωτοπλάστου
2251 5742 2415 5798 ΑΒΚ.
