4136 6470
1560 384 2073 449 COMPENDIUM
2114 385 2596 450 CHRONICUM.

2037 504 2089 564 Α
2125 499 2188 551 '0
2220 499 2322 570 μὲν
2350 496 2444 553 οὖν
2475 500 2638 563 τόπος
2672 497 2865 571 ἔλαχεν
2889 498 2953 554 ἐκ
2978 494 3075 553 τοῦ
3099 496 3510 571 συμϐεϐηκότος

2130 589 2538 660 Ὀνομασθῆναι
2575 589 2840 644 Βαϐυλὼν
2871 591 2993 662 ἦτοι
3026 591 3411 663 συγκεχυμένη
3447 607 3463 623 ο

2117 680 2192 735 Τὸ
2217 682 2327 754 γὰρ
2350 680 2528 736 Βάϐελ
2551 678 2595 715 ⁸⁸
2621 681 2722 753 τὴν
2751 680 3014 753 σύγχυσιν
3046 680 3385 755 Ἐὁραῖστὶίο
3413 685 3695 755 σημαίνει⁹

2128 776 2278 830 Ἐκεῖ
2302 776 2412 848 γὰρ
2444 777 2821 848 συνεχύθησαν
2838 776 2881 809 ¹²
2902 778 3318 848 πυργοκτιστῶν
3338 778 3396 831 al
3422 776 3690 846 γλῶσσαι.

2189 871 2280 934 Εἰς
2309 871 2633 941 πληθυσμὸν
2658 868 2717 924 δὲ
2746 866 3055 938 φθάσαντος
3093 869 3188 926 τοῦ
3234 870 3345 925 τῶν
3391 869 3699 942 ἀνθρώπων

3334 961 3547 1034 [γένους
3577 958 3625 995 ⁸¹

2118 1054 2228 1110 Kal
2266 1054 2523 1126 βασιλεὺς
2553 1055 2693 1124 μετά
2727 1054 2925 1126 μικρὸν
2957 1052 3185 1125 γέγονεν
3219 1053 3559 1122 Αἰγυπτίοις,

410 391 520 458 23³1

420 507 530 561 Eine
554 504 741 567 ἄλλοις
782 500 1200 573 τεσσαράκοντα
1234 498 1327 553 καὶ
1356 497 1451 552 δύο
1478 497 1894 569 πληρεστάτοις.

509 598 838 664 ’Δπέγγονοι
866 595 914 627 ¹³
944 594 993 646 δ’
1020 593 1267 661 ἐγένοντο
1294 590 1388 645 τοῦ
1427 589 1552 643 Νῶε
1585 589 1680 643 τοῦ
1706 590 1938 654 δικαίου,

3582 389 3690 456 238

425 694 538 749 Σὺν
560 689 744 752 ἄλλοις
777 689 1158 760 ὑψηλόφροσιν
1191 687 1442 754 ἐκγόνοις
1472 685 1820 753 ἀπεκγόνοις,

424 783 662 856 Μεσρέμ
693 783 722 835 ό
742 780 1132 851 δευτερότοκος
1161 777 1319 833 ¹⁸τοῢ
1346 777 1484 846 Χάμ
1506 775 1626 829 υίοῦ
1658 777 1752 830 τοῦ
1787 775 1937 831 Νῶε.

427 874 656 946 Νεὸρὼδ
689 873 752 927 τὲ
777 871 966 941 γίγας,
991 873 1020 925 ό
1041 869 1210 933 πολὺς
1239 872 1306 940 τῇ
1327 868 1428 939 τῆς
1462 867 1646 939 χειρὸς
1669 866 1835 938 ίσχύϊ.

428 968 660 1039 Μεσρέμ
683 965 789 1037 μὲν
807 961 903 1019 οὖν
933 962 1224 1035 κατῴκησε
1247 962 1348 1033 τὴν
1372 962 1470 1031 τῆς
1499 959 1779 1029 Αἰγύπτου
1802 959 2009 1032 χώραν,

439 1061 562 1129 Ἀφ’
596 1052 770 1129 οὗπερ
797 1057 895 1111 καὶ
928 1055 1028 1126 τὴν
1051 1053 1336 1122 Αἴγυπτόν
1366 1069 1533 1122 φασιν
1569 1051 1941 1122 ὀνομασθῆναι

428 1152 531 1222 (Τὸ
550 1152 661 1220 γάρ
686 1148 920 1220 Μεσρέμ
969 1145 1280 1217 Ἐὕραῖκῶς
1307 1146 1583 1212 Αἴγυπτον
1612 1142 1955 1214 ἐρμηνεύει),

441 1242 508 1299 Ὀ
539 1243 599 1297 δέ
620 1241 847 1313 Νεὸρὼδ
866 1238 1192 1309 κατῴκησεν
1226 1238 1307 1301 είς
1332 1236 1517 1309 χώραν
1548 1235 1926 1309 προσαρκτίαν
1946 1230 2010 1300 ’⁸,

427 1337 545 1406 Τὴν
577 1333 641 1398 ἐξ
679 1333 875 1403 ’Δσοίιρ
892 1331 990 1385 τοῦ
1011 1330 1134 1402 Σὴμ
1153 1329 1343 1392 παιδὸς
1373 1327 1668 1398 κληθεῖσαν
1697 1326 2009 1399 Ἀσσυρίαν·

434 1424 539 1488 ’ος
565 1423 697 1485 τοὺς
727 1418 1057 1493 ἀνθρώπους
1087 1419 1273 1472 ἔπεισε
1296 1416 1389 1470 τὸν
1408 1416 1653 1487 Κτίστην
1687 1415 1974 1486 ἀθετῆσαι,

427 1515 544 1568 Kal
571 1513 790 1585 πρῶτος
825 1512 1221 1582 παρηνόμησεν
1258 1510 1337 1572 είς
1363 1509 1453 1562 τὸν
1485 1509 1854 1578 πεποιηκότα.

426 1603 547 1658 Kal
570 1603 787 1676 πρῶτος
820 1600 1134 1672 ἐφρυάξατο
1164 1600 1307 1653 κατά
1346 1598 1485 1653 Θεοῦ
1516 1598 1611 1652 τοῦ
1642 1598 1869 1663 ζῶντος,

426 1696 543 1750 Kal
571 1695 673 1767 τὴν
711 1694 873 1764 τιμὴν
913 1693 1012 1764 τὴν
1044 1691 1124 1763 τῷ
1149 1691 1269 1764 Θεῷ
1294 1692 1704 1763 προσήκουσαν,
1728 1690 1806 1754 ῶς
1832 1688 2009 1760 θέμις,

428 1788 530 1850 Εἰς
562 1785 756 1840 ἐαυτὸν
778 1784 1016 1856 ἠθέλησε
1051 1786 1398 1854 μετενεγκεῖν
1428 1781 1701 1853 ἀφρόνως.

428 1878 544 1932 Kal
573 1875 877 1948 σύμϐουλος
903 1877 1126 1945 ἐγένετο
1157 1877 1293 1948 πρὸς
1321 1876 1421 1945 τὴν
1451 1876 1838 1948 πυργοποιίαν,

437 1979 533 2041 Ὠς
561 1977 629 2031 ἂν
658 1974 930 2045 ἀμύναιτο
955 1974 1088 2045 Θεὸν
1120 1974 1183 2040 ’⁸,
1212 1975 1261 2026 εί
1296 1972 1459 2026 πάλιν
1487 1970 1783 2043 βουληθείη

429 2069 836 2140 Κατακλυσμὸν
867 2069 1186 2136 ἐπενεγκεῖν
1206 2064 1284 2135 τῷ
1318 2063 1466 2132 γένει
1493 2064 1600 2118 τῶν
1632 2063 1958 2136 ἀνθρώπων.

428 2165 493 2218 Οἱ
512 2161 648 2231 γοῦν
671 2160 985 2223 πεισθέντες
1011 2160 1131 2221 ταῖς
1170 2157 1337 2211 αὑτοῦ
1365 2155 1626 2228 ματαίαις
1661 2155 2016 2227 συμϐουλίαις

428 2252 753 2323 Οίκοδομεῖν
793 2251 892 2322 μὲν
921 2248 1158 2321 ἧρξαντο
1181 2248 1271 2303 τὸν
1302 2248 1516 2319 πύργον
1537 2247 1639 2317 τῆς
1664 2247 1919 2317 Χαλάνης

440 2343 780 2412 Ὗπερνεφῆ,
816 2341 1114 2412 μετέωρον,
1137 2339 1465 2410 ὑπέρμεγαν
1489 2340 1568 2403 είς
1602 2337 1760 2409 ὕψος,

433 2440 584 2510 Δύτῇ
610 2436 798 2507 σχεδὸν
820 2434 1111 2504 ἐγγίζοντα
1140 2435 1208 2504 τῇ
1235 2432 1499 2503 σεληναίᾳ
1524 2433 1754 2503 σφαίρᾳ,

430 2533 506 2589 Τὸ
528 2529 575 2584 δ’
599 2528 763 2601 ἐργον
787 2527 889 2581 οὐκ
921 2526 1178 2580 ἐτέλεσαν
1212 2526 1313 2596 τῆς
1344 2523 1742 2596 ματαιοπονίας
1769 2541 1784 2557 ο

441 2625 502 2676 ὐ
534 2623 646 2693 γάρ
687 2621 730 2653 ⁸⁷
772 2620 907 2685 Θεὸς
969 2618 1192 2690 συνέχεε
1237 2617 1335 2682 τὰς
1378 2616 1628 2687 γλώσσας
1663 2614 1706 2649 ⁸⁸
1742 2615 1852 2670 τῶν
1893 2633 2010 2669 κτι-

1756 2707 2008 2780 [ζόντων,

432 2805 744 2860 Κάντεῦθεν
778 2803 1153 2874 διεσπάρησαν
1180 2802 1339 2865 ἄλλος
1369 2803 1447 2865 εἰς
1482 2800 1644 2854 ἄλλον
1666 2801 1854 2854 τόπον.

431 2898 607 2968 Ἔδερ
636 2897 693 2951 δὲ
724 2896 886 2968 μόνος
916 2894 1018 2963 τῆς
1047 2894 1265 2965 πληγῆς
1302 2889 1590 2965 ἐλεύθερος
1612 2892 1856 2961 ὑπῆρξεν
1892 2909 1905 2923 °

430 2992 507 3045 οὐ
535 2992 645 3061 γάρ
676 2987 1101 3059 συγκατετίθετο
1122 2988 1236 3051 τοῖς
1269 2984 1803 3058 ματαιοπραγοῦσιν.

2114 1238 2407 1308 Αἰγύπτιοι
2431 1231 2795 1308 κατήρξαντο,
2826 1237 2921 1289 καὶ
2962 1233 3056 1290 τοῦ
3083 1233 3518 1307 φορολογεῖσθαι.

2116 1324 2193 1382 To
2219 1326 2602 1398 βασιλεύεσθαι
2625 1325 2672 1379 δ’
2697 1325 2897 1388 αὐτοὺς
2924 1324 3084 1395 ἔσχεν
3113 1323 3312 1396 ἀρχὴν,
3343 1323 3419 1387 ὡς
3443 1323 3623 1392 λόγος,

2125 1418 2301 1475 Ἐπτά
2322 1420 2418 1472 καὶ
2452 1419 2615 1488 μόνον
2645 1417 2850 1485 γενεῶν
2880 1413 3274 1489 παρελθουσῶν
3314 1415 3629 1487 ἀνθρώποις

2118 1509 2273 1564 Μετά
2301 1509 2400 1578 τὴν
2458 1507 2835 1581 ὐδατόρῤοιαν,
2876 1507 2968 1576 ὑφ’
2990 1503 3060 1580 ἦς
3080 1506 3143 1561 τὸ
3171 1506 3279 1561 πᾶν
3304 1505 3545 1577 ἐφθάρη.

2131 1595 2415 1656 Ἐντεῦθεν
2453 1600 2814 1670 παρηνόμησε
2844 1597 2905 1651 τὸ
2934 1598 3091 1666 γένος
3119 1596 3563 1667 τῶνάνθρώπων
3590 1596 3662 1663 ’⁸,

2115 1693 2228 1748 Καὶ
2259 1691 2396 1763 πρὸς
2428 1690 2706 1762 ἀθέσμους
2737 1687 2934 1759 ἔϐλεψε
2968 1688 3201 1759 πράξεις
3229 1689 3323 1743 καὶ
3355 1687 3662 1760 βδελυρίας.

2119 1788 2339 1857 Σφαγάς
2374 1786 2776 1858 ἀνδροκτασίας
2806 1802 2890 1852 τε,
2927 1770 3146 1854 φόνους,
3175 1784 3497 1848 ἀκολασίας.

2051 1845 2094 1901 Β
2121 1845 2263 1942 Ταῖς
2292 1845 2574 1948 ἁρπαγαῖς
2601 1845 2917 1948 ἐπέχαιρον,
2939 1845 3240 1948 ἐτέρποντο
3270 1845 3562 1946 μοιχείαις,

2118 1970 2232 2022 Kal
2262 1969 2447 2021 πᾶσαν
2478 1966 2814 2036 ἐπετήδευον
2841 1966 3088 2019 ἐπίνοιαν
3116 1966 3346 2029 κακίας.

2120 2054 2464 2125 Ἐλῄστευον,
2501 2052 2827 2125 διήρπαζον,
2862 2051 3152 2119 ἔκλεπτον,
3179 2052 3501 2123 ἐμοιχῶντο,

2118 2147 2229 2199 Kal
2250 2146 2566 2200 τελευταῖον
2595 2143 2834 2211 ἔϐλεψαν
2869 2143 3009 2212 πρὸς
3044 2144 3519 2216 είδωλολατρείαν.

2119 2236 2325 2307 Σεροὺχ
2373 2236 2429 2290 δὲ
2488 2233 2707 2307 πρώτος
2762 2229 2973 2303 ἤρξατο
3023 2232 3267 2302 χρῆσθαι
3308 2232 3567 2301 γλυπτοῖς
3607 2233 3704 2289 καὶ

2462 2324 2475 2328 ’
3432 2320 3702 2396 [στήλαις.

2123 2416 2348 2485 Ὄγδοος
2379 2417 2454 2470 ὢν
2477 2414 2746 2486 ἀπόγονος
2772 2414 2869 2469 τοῦ
2900 2414 3024 2469 Νῶε
3044 2413 3141 2469 τοῦ
3172 2414 3405 2470 δικαίου.

2119 2502 2285 2574 Οὗτος
2315 2505 2408 2563 οὖν
2440 2509 2657 2580 πρῶτος
2686 2510 2713 2561 ό
2744 2508 2951 2579 Σεροὺχ
2977 2507 3155 2578 τιμῶν
3179 2509 3305 2571 τοὺς
3334 2507 3701 2580 παλαιτέρους

2130 2602 2215 2664 Ὠς
2242 2602 2465 2670 ἀγαθῶν
2491 2600 2820 2673 ἐφευρετὰς,
2853 2602 2928 2665 ὡς
2960 2602 3219 2673 ἰσχυροὺς
3250 2603 3308 2654 ἐν
3337 2600 3565 2673 μάχαις,

2131 2693 2219 2756 Ὠς
2248 2694 2346 2761 τῆς
2367 2693 2563 2761 σοφίας
2596 2692 2898 2761 ἀρχηγοὺς,
2930 2691 3007 2753 ὡς
3040 2690 3581 2765 ἐμπειροπολέμους,

2119 2785 2350 2848 Εἰκόνας
2378 2784 2811 2847 κατεσκεύασεν,
2854 2784 3150 2854 ἀγάλματα
3176 2784 3270 2838 καὶ
3295 2783 3518 2854 στήλας,

2046 2910 2049 2913 λ
2117 2878 2291 2946 Δῆθεν
2313 2877 2389 2940 ὡς
2411 2878 2491 2940 είς
2519 2877 2829 2946 ἀνάμνησιν
2854 2875 3038 2929 καλῶν
3062 2874 3170 2929 τῶν
3202 2874 3263 2941 ἐξ
3287 2875 3539 2931 ἐκείνων.

2125 2969 2308 3040 Ὅπερ
2332 2969 2405 3042 μὴ
2433 2969 2657 3039 γνόντες
2678 2971 2725 3022 οἱ
2750 2967 2937 3021 πολλοὶ
2962 2967 3072 3021 τῶν
3097 2967 3606 3038 μεταγενεστέρων,

3411 3080 3509 3137 νει
3522 3096 3568 3135 s.
3600 3078 3698 3137 491

429 3198 574 3253 alios
609 3197 843 3252 eximios
873 3200 1106 3266 nepotes
1123 3203 1184 3250 et
1233 3193 1559 3264 abnepotes,
1584 3193 1888 3249 Mesremus
1923 3208 2011 3249 se-
2045 3195 2086 3252 Β
2119 3199 2322 3270 linguae
2351 3195 2548 3254 turrim
2570 3199 2998 3266 exstruentium,
3022 3201 3261 3258 etBabel
3288 3196 3559 3257 Hebraica
3589 3202 3696 3257 lin~

430 3291 617 3347 eundo
678 3290 900 3361 genitus
955 3288 1102 3344 ﬁlius
1160 3287 1353 3344 Cbami
1411 3288 1543 3343 Noae
1596 3285 1716 3353 ﬁlii,
1777 3287 2022 3356 itemque
2128 3304 2232 3360 gua
2277 3288 2650 3345 confusionem
2702 3290 2997 3362 signiﬁcat.

429 3382 724 3439 Nebrodus
777 3383 931 3452 gigas
959 3381 1072 3444 ille,
1133 3394 1394 3433 manuum
1461 3379 1661 3434 robore
1727 3388 2019 3448 praastans.
2196 3379 2334 3435 Cum
2357 3389 2540 3436 autem
2590 3396 2762 3452 genus
2820 3380 3135 3439 humanum
3180 3377 3247 3435 ad
3286 3379 3708 3452 amplitudinem

2117 1146 2226 1201 Kal
2257 1145 2466 1216 πρῶτοι
2496 1142 2541 1175 ’³
2580 1137 2971 1214 βασιλεύεσθαι
2997 1143 3106 1196 τῶν
3139 1142 3230 1195 ἐπὶ
3255 1142 3361 1211 γῆς
3389 1140 3695 1213 ἀνθρώπων
3788 1182 3805 1191 ,

430 3472 511 3530 Ac
560 3472 865 3527 Mesremus
924 3471 1148 3540 quidem
1182 3468 1565 3534 ,habitabilem
1618 3468 1749 3523 fecit
1806 3467 2022 3541 Egypt:

433 3576 660 3627 terram,
692 3581 720 3618 a
749 3580 857 3635 quo
894 3562 1185 3633 Egyptum
1220 3562 1551 3632 appellatam
1617 3576 1739 3617 esse
1762 3566 2019 3627 tradunt;

429 3674 562 3713 nam
604 3658 836 3712 Mesrem
871 3655 1139 3711 llebraice
1179 3664 1339 3709 sonat
1375 3653 1691 3725 Egyptum.
1727 3654 2022 3709 Nebrodus

430 3756 621 3801 autem
676 3745 908 3799 secessit
936 3743 1004 3798 ad
1046 3744 1329 3814 regionem
1361 3743 1753 3813 aquilonalem,
1791 3759 1916 3814 qua:
1948 3745 2017 3800 ab

434 3837 642 3892 Assum
688 3836 835 3892 Semi
870 3834 985 3889 ﬁlio
1019 3835 1291 3904 appellata
1328 3844 1414 3890 est
1438 3833 1686 3890 Assuria.
1721 3835 1902 3906 Atque
1933 3836 2023 3891 hic

429 3937 631 3983 auctor
671 3926 777 3981 fuit
836 3925 1158 3981 hominibus
1220 3923 1508 3995 rejiciendi
1547 3932 1874 3990 creatorem,
1904 3925 2023 3995 pri-

430 4035 668 4091 musque
694 4020 920 4076 fremuit
966 4018 1229 4075 adsersus
1275 4019 1449 4073 Deum
1479 4019 1687 4084 vivum,
1734 4027 1791 4073 et
1849 4018 2024 4072 hono-

431 4126 552 4170 rem
614 4114 748 4179 Deo,
789 4130 888 4169 ceu
920 4114 1002 4168 l‘as
1032 4123 1136 4177 est,
1193 4113 1617 4168 convenientem
1644 4112 1711 4166 ad
1770 4111 2017 4181 seipsum

429 4204 736 4262 transferre
792 4204 988 4259 stolide
1036 4203 1231 4258 voluit.
1276 4202 1437 4258 Dedit
1476 4212 1533 4259 et
1583 4201 1875 4257 consilium
1928 4218 2023 4257 ex-

428 4298 716 4355 struendae
772 4296 963 4360 turris,
1018 4306 1081 4351 ut
1127 4306 1322 4351 contra
1365 4296 1538 4352 Deum
1589 4295 2017 4360 sedefenderet,

430 4394 479 4448 si
514 4407 735 4447 rursum
783 4391 949 4447 vellet
987 4391 1231 4445 humano
1272 4389 1461 4461 generi
1489 4389 1773 4445 diluvium
1814 4389 2020 4443 immit-

432 4494 573 4540 tere.
619 4482 963 4553 Quapmpter
997 4483 1074 4537 illi
1126 4482 1383 4554 persuasi
1436 4481 1594 4535 vanis
1626 4482 1748 4551 ejus
1771 4479 2019 4536 consiliis

2130 3473 2488 3542 pervenisset,
2523 3488 2633 3528 non
2684 3473 2859 3527 multo
2894 3482 3016 3542 post
3047 3471 3284 3544 Egyptii
3331 3488 3516 3546 regem
3547 3489 3712 3532 acce-

2128 3574 2371 3634 pcruut;
2412 3566 2660 3635 adeoque
2710 3565 2874 3634 primi
2911 3567 3226 3621 mortalium
3279 3569 3488 3638 regium
3527 3567 3706 3638 impe-

2128 3658 2269 3712 rium
2306 3659 2415 3727 pati
2439 3666 2728 3729 cmperuut
2755 3656 2992 3729 IEgyptii
3026 3660 3406 3731 tributumque
3437 3660 3705 3731 pendere.

2126 3748 2466 3819 Principium
2523 3752 2643 3821 ejus
2680 3750 2833 3820 regni
2904 3752 3137 3815 exstitit,
3197 3752 3296 3821 ιι
3347 3761 3709 3823 posteaquam

2126 3850 2337 3913 septem
2356 3841 2522 3897 modo
2538 3840 2928 3912 generationes
2957 3856 2987 3895 a
3022 3840 3231 3896 diluvio
3275 3843 3706 3912 praeteriissent,

2127 3948 2236 4002 quo
2305 3933 2565 3987 universa
2603 3932 2909 4002 perierunt.
2974 3932 3059 3987 Ab
3107 3946 3175 3987 eo
3237 3940 3485 4002 tempore
3535 3949 3711 4003 genus

2127 4026 2427 4079 humanum
2473 4024 2722 4094 improbe
2768 4038 2825 4078 se
2859 4025 3051 4095 gessit,
3083 4032 3139 4079 et
3172 4023 3437 4081 nefandas
3463 4024 3712 4082 actiones

2124 4117 2671 4188 abominationcsque
2726 4117 2990 4186 respexit.
3063 4114 3293 4188 Rapinis
3368 4118 3705 4189 gaudebant,

2124 4209 2539 4264 delectabantur
2592 4207 2904 4272 adulteriis,
2949 4208 3195 4263 omnium
3232 4208 3497 4263 vitiorum
3529 4224 3712 4265 exco-

2123 4299 2377 4369 gitationi
2418 4313 2646 4370 prorsus
2678 4299 2878 4354 intenti
2912 4306 3093 4354 erant.
3154 4294 3574 4362 Praedabantur,
3621 4315 3711 4357 ra-

2122 4392 2367 4462 piebant,
2418 4387 2767 4457 furabantur,
2810 4392 3250 4449 mmchabantur.
3286 4392 3371 4449 Ad
3400 4378 3713 4453 extremum

2124 4498 2183 4537 se
2229 4482 2578 4538 deastrorum
2632 4483 2807 4538 cultui
2853 4482 3079 4539 dabant.
3120 4483 3338 4540 Primus
3367 4493 3553 4541 autem
3610 4484 3711 4541 Sec

433 4575 634 4629 turrim
673 4573 964 4638 Chalanes,
1023 4588 1189 4643 supra
1248 4571 1427 4626 nubes
1482 4580 1752 4637 evectam,
1808 4571 2017 4642 ingenti
2055 4571 2096 4596 ν
2127 4575 2336 4629 ruchus
2367 4575 2447 4630 uti
2496 4575 2854 4646 sculptilibus
2909 4585 2966 4630 et
3005 4575 3203 4631 statuis
3237 4575 3427 4644 coepit,
3482 4587 3710 4634 octavus

428 4664 779 4730 excelsitate,
841 4666 909 4719 ad
952 4668 1127 4734 ipsam
1174 4676 1348 4735 prape
1433 4665 1684 4718 lunarem
1742 4663 2011 4733 sphaeram
2122 4680 2152 4719 c
2174 4665 2311 4737 justi
2344 4666 2472 4721 Noae
2518 4666 2775 4737 posteris.
2832 4665 3105 4723 Nimirum
3135 4666 3257 4722 'hic
3284 4668 3570 4724 Serucbus
3612 4668 3713 4722 ho-

429 4755 821 4820 accedentem,
851 4764 1142 4811 exstruere
1174 4767 1482 4827 cmperunt.
1520 4757 1725 4812 1Verum
1755 4771 1895 4826 opus
1921 4756 2026 4811 hoc
2129 4772 2319 4814 norem
2371 4758 2574 4828 priscis
2606 4757 2862 4814 deferens
2895 4767 3153 4828 tanquam
3191 4773 3373 4812 rerum
3412 4759 3708 4828 praeclara—

429 4850 560 4905 vani
605 4848 811 4903 laboris
838 4864 952 4903 non
1013 4847 1385 4919 perfecerunt.
1431 4848 1566 4902 Nam
1599 4849 1745 4903 Deus
1809 4848 2027 4919 linguas
2131 4845 2251 4904 rum
2277 4848 2685 4913 inventoribus,
2720 4857 2980 4918 tanquam
3022 4849 3077 4902 in
3118 4847 3416 4918 praeliando
3450 4846 3708 4916 fortibus,

430 4942 842 4998 exstruentium
882 4941 1157 4998 confudit.
1214 4939 1379 4998 Solus
1445 4940 1587 4995 Eber
1630 4943 1699 4994 ab
1751 4954 1815 4995 ea
1863 4955 2025 5010 pmna
2132 4949 2391 5012 tanquam
2441 4939 2792 5010 principibus
2814 4939 3120 5009 sapientiae,
3149 4946 3410 5008 tanquam
3447 4939 3575 4995 belli
3614 4956 3709 5010 pe.

431 5033 706 5088 immunis
744 5036 936 5101 evasit,
961 5034 1111 5102 quod
1150 5050 1291 5089 vana
1321 5032 1679 5089 molientibus
1702 5047 1811 5086 non
1840 5045 2026 5086 assen-
2130 5033 2271 5100 ritis,
2309 5031 2577 5104 imagines
2610 5032 2904 5086 simulacra
2945 5029 3231 5085 columnas
3268 5030 3712 5090 exstruxitveiut

427 5126 659 5181 tiretur.
706 5124 1021 5181 Secundum
1100 5126 1208 5180 hoc
1264 5123 1500 5193 dispersi
1554 5131 1689 5178 sunt
1734 5121 2019 5187 mortales,
2131 5127 2201 5182 ad
2243 5127 2566 5182 memoriam
2642 5126 3040 5181 beneﬁciorum
3079 5125 3150 5178 ab
3176 5124 3254 5180 iis
3308 5123 3707 5195 proiectorum.

427 5219 581 5274 alius
619 5218 786 5273 alium
829 5219 887 5273 in
942 5218 1142 5273 locum.
1169 5216 1290 5287 Ipse
1316 5224 1502 5270 autem
1551 5216 1706 5270 locus
1746 5215 1837 5270 hic
1865 5213 1935 5268 ab
1954 5229 2021 5269 eo
2120 5218 2276 5286 Quod
2317 5234 2425 5274 non
2458 5218 2831 5289 intelligentes
2870 5227 3219 5290 posterorum
3285 5217 3557 5293 plerique,
3597 5234 3708 5278 non

426 5310 585 5382 quod
630 5310 910 5367 acciderat
934 5323 1134 5365 nomen
1161 5308 1399 5378 accepit,
1440 5315 1503 5360 ut
1537 5308 1906 5379 appellaretur
1925 5306 2024 5362 Ba-
2122 5318 2272 5364 recte
2305 5320 2530 5379 accepta
2564 5309 2795 5364 Serucbi
2828 5311 3103 5366 sententia
3126 5349 3142 5375 ,
3190 5318 3402 5365 statuas
3433 5311 3711 5367 inanimae

427 5402 626 5471 bylon,
682 5401 736 5457 id
776 5409 863 5456 est
916 5398 1183 5455 confusa:
1240 5413 1370 5453 nam
1432 5397 1549 5452 illic
1602 5398 1841 5453 confusae
1891 5405 2023 5452 sunt
2122 5415 2223 5455 ceu
2272 5400 2408 5456 deos
2432 5402 2729 5471 coluerunt
2791 5410 2849 5456 et
2888 5402 3166 5474 sculptilia
3214 5404 3534 5460 mortalium
3563 5403 3711 5461 facta

1797 5552 1995 5616 Varite
2042 5553 2372 5619 lectiones.

508 5688 553 5720 “
578 5687 874 5755 ἀπέκγονοι
907 5682 1020 5737 AR.

426 5759 682 5828 γλῶσσαν
707 5760 776 5812 Α.

428 5829 543 5884 BR.
618 5833 663 5865 “
689 5828 776 5884 τοῦ

1126 5680 1172 5761 1"
1186 5681 1618 5761 ‘Bsptfpoxwvo;
1656 5681 1721 5735 Α.
1798 5683 1869 5740 .¹⁸
1895 5683 2307 5761 ἀπαρκτίανλιξ.
2424 5686 2467 5717 ³⁸
2498 5685 2705 5761 ἀμῦναι
2736 5687 2960 5761 ’τῶ-Θεῷ
2985 5688 3051 5761 β.

758 5797 781 5839 ε
866 5755 924 5839 ,η
954 5757 1016 5807 τὸ
1040 5751 1217 5839 sese}.
1239 5752 1296 5839 et
1325 5751 1442 5838 illi,
1472 5751 1753 5839 qginhunﬁ
1776 5768 2017 5839 νει-ξυιυ-

2178 5757 2282 5839 4β9
2315 5751 2582 5839 ponunt.
2657 5758 2704 5788 '°
2745 5751 3051 5839 1.6912236);
3086 5759 3151 5813 Il.

618 5833 663 5865 “
689 5828 787 5884 τοῦ
815 5826 1011 5897 γένους
1040 5822 1147 5877 τῶν
1173 5820 1474 5893 ἀνθρώπων
1492 5819 1622 5876 BR.
1708 5822 1753 5853 ’³
1776 5823 1967 5893 πρῶτα
1989 5819 2042 5881 Κ
2117 5825 2162 5858 ³⁸
2184 5826 2245 5879 τὸ
2273 5819 2382 5882 τῶν
2411 5825 2716 5898 ἀνθρώπων
2748 5819 2905 5898 γένος
2939 5827 3003 5884 Β.

3161 5691 3206 5724 ¹⁷
3232 5691 3289 5744 δὲ
3312 5689 3428 5743 ειη.
3515 5690 3578 5761 ,ξ’
3607 5689 3706 5761 τὴν

3261 5762 3305 5791 ²¹
3337 5758 3709 5833 συνεχωησαν
