4136 6432
489 410 597 485 Ωιὶῖ

488 621 781 700 Συνήσθιε,
807 632 1095 687 συνέπινεν
1120 634 1398 705 εὐνούχοις
1424 638 1517 690 καὶ
1548 640 1787 709 μαχλάσι
1811 642 1880 703 ⁸³,

490 718 602 777 Kal
633 723 743 786 πᾶς
775 724 805 776 ὁ
824 722 940 793 βίος
967 720 1036 796 ἦν
1065 727 1215 798 αὐτῷ
1256 728 1472 801 πλήρης
1497 732 1823 795 ἀκολασίας.

485 810 659 879 Δὸτὸς
685 817 783 886 μὲν
813 816 909 870 οὖν
943 819 1333 890 συγκέκλειστο
1366 824 1463 877 σὺν
1494 825 1741 892 γυναιξὶν
1773 824 2056 895 ἀσέμνοις,

497 906 775 975 Ἀθέατος,
811 911 1045 983 ἀόρατος
1069 913 1116 945 ⁸⁵
1155 912 1414 983 ἄρχουσιν
1445 916 1708 981 ἰδιώταις,

484 1000 719 1070 Θερμοῖς
741 1001 990 1075 λουτροῖς
1020 1005 1339 1060 ὲνευπαθῶν
1369 1010 1463 1061 καὶ
1492 1009 1758 1077 μαλακοῖς
1792 1009 2022 1079 ἀμφίοις
2042 1024 2053 1036 ·

483 1088 724 1161 Διῴκουν
752 1092 811 1146 δὲ
842 1093 911 1147 τά
937 1095 1241 1166 πράγματα
1263 1096 1439 1166 τούτῳ
1468 1099 1567 1168 τῆς
1603 1098 1884 1168 βασιλείας

481 1178 547 1234 Ol
574 1185 874 1254 στρατηγοὶ
896 1186 1005 1240 τῶν
1026 1188 1254 1251 πόλεων,
1284 1188 1545 1259 ὲθνάρχαι
1567 1191 1660 1245 καὶ
1682 1190 1986 1263 χωράρχαι.

480 1267 667 1332 Οὕτως
693 1270 840 1326 ἐδίου
871 1274 1151 1343 μαλακῶς,
1184 1276 1359 1342 οὕτως
1394 1279 1636 1343 ἐκλύτως
1674 1276 1840 1350 εἶχεν,

483 1351 632 1422 Ἰζως
663 1361 745 1423 είς
783 1362 977 1433 βόθρον
1008 1365 1198 1418 ἑαυτὸν
1225 1366 1433 1436 ἤγαγεν
1471 1367 1746 1429 ἀπωλείας

481 1447 595 1504 Kal
629 1453 1013 1508 συναπώλεσεν
1051 1457 1201 1528 αὐτῷ
1233 1460 1330 1513 καὶ
1351 1459 1421 1511 τὰ
1445 1459 1546 1529 τῆς
1577 1458 1878 1530 βασιλείας.

493 1542 766 1614 Ἀρϐάκης
799 1547 906 1617 γάρ
937 1550 964 1602 ὁ
992 1550 1300 1621 στρατηγὸς
1325 1550 1584 1616 πολλάκις
1613 1553 1869 1606 ἱκετεύων

477 1631 583 1688 Τὸν
625 1636 1046 1706 Σαρδανάπαλον
1091 1643 1223 1696 ίδεϊν
1259 1644 1355 1698 καὶ
1384 1645 1576 1715 στῆναι
1610 1646 1715 1715 πρὸ
1761 1644 2056 1716 προσώπου

478 1718 711 1791 (Οὕποτε
740 1727 851 1799 γάρ
884 1731 1130 1797 ἑώρακεν
1162 1732 1346 1799 αὐτὸν,
1385 1734 1495 1787 οὐδ’
1537 1738 1593 1790 ὲν
1624 1735 1670 1767 ⁸⁵
1705 1738 1983 1807 ὀνείροις),

477 1812 590 1869 Καὶ
620 1818 687 1870 τὰ
717 1818 888 1874 πολλὰ
921 1822 1020 1891 μὲν
1042 1824 1289 1895 άστοχῶν
1324 1828 1456 1898 πρὸς
1489 1828 1548 1881 τὸ
1576 1830 1787 1900 πεποοη
1799 1830 1983 1899 μένον,

1613 432 2122 495 CONSTANTINI
2164 396 2540 494 nmassrs

489 529 675 606 Μάνης
705 540 917 610 τρυφῆς
946 538 1251 610 ἐφρόντιζε,
1279 542 1449 613 μόνης
1490 543 1667 613 ἁϐρᾶς
1693 547 2015 617 τραπέζης·
2089 547 2142 605 Α

2240 548 2423 600 Ἀλλοι
2447 548 2491 599 δ’
2508 550 2605 618 οὐχ
2623 547 2765 602 οὕτω
2783 549 3055 619 γράφουσι
3073 549 3141 602 τὰ
3164 545 3258 601 τοῦ
3281 547 3735 618 Σαρδαναπάλου,

2166 639 2398 705 Λέγουσι
2429 640 2473 693 δ’
2498 641 2571 701 ὡς
2602 640 2936 705 ἀκούσαντες
2966 642 3014 693 oi
3048 641 3334 711 πρόσοικοι
3370 640 3631 694 Χαλδαῖοι

2166 731 2453 801 Χοιρόόιον
2488 732 2813 805 αὐτόχρημα
2847 734 3137 805 τυγχάνειν
3170 735 3264 788 καὶ
3294 733 3539 804 κτηνώδη

2165 821 2269 877 Τὸν
2294 825 2597 896 Ἀσσυρίων
2627 828 2868 898 κράτορα
2908 829 2998 881 τὸν
3021 826 3494 898 Ἀνακυνδαράξου
3527 827 3593 892 ⁸⁸,

2176 917 2882 988 Ὀρχηστοφιλοπαίγμονα,
2917 921 3096 984 ζῶντα
3126 920 3568 990 γυναικομίμοις,

2163 1007 2338 1060 Αὐτοῦ
2375 1009 2891 1077 καταφρονήσαντες
2909 1009 2985 1069 ὡς
3021 1010 3487 1080 μαλακοκαρδίου,

2175 1099 2442 1170 Ἐπῆλθον
2477 1101 2974 1170 ἐκστρατεύσαντες
2998 1103 3056 1153 ὲν
3084 1102 3286 1173 βριαρᾷ
3315 1103 3564 1171 δυνάμει,

2162 1191 2275 1244 Kal
2308 1190 2717 1260 συμπλακέντες
2736 1193 2812 1264 τῷ
2842 1194 3058 1265 στρατῷ
3083 1193 3159 1261 τῷ
3188 1193 3284 1247 τοῦ
3314 1193 3739 1264 Σαρδαναπάλου

2163 1286 2451 1351 (Κάκεῖνος
2487 1285 2596 1356 γὰρ
2624 1284 2923 1356 ἀναμαθὼν
2963 1286 3061 1357 τὴν
3087 1286 3291 1356 τόλμαν
3318 1286 3426 1340 τῶν
3456 1286 3742 1341 Χαλδαίων

2163 1376 2275 1428 Οὐκ
2295 1376 2547 1447 ἤνεγκεν,
2573 1376 2686 1430 ἀλλ’
2713 1377 2959 1447 ἐπεμψεν
2990 1378 3190 1448 ἄνδρας
3227 1376 3581 1448 ἀξιομάχους)

2174 1467 2505 1537 Ἐτρέψαντο
2541 1468 2631 1520 τὸν
2677 1468 3001 1537 στρατηγὸν,
3042 1468 3293 1537 ἥττησαν
3330 1467 3473 1520 κατὰ
3516 1468 3738 1537 κράτος,

2165 1561 2272 1611 Καὶ
2310 1559 2556 1629 νικηθεὶς
2589 1562 2617 1612 ὁ
2649 1559 2955 1628 στρατηγὸς
3004 1559 3235 1627 ἔφευγεν
3279 1558 3384 1611 ἀνὰ
3438 1557 3634 1629 κράτος
3671 1559 3739 1613 ⁸³.

2162 1652 2338 1722 Ὅπερ
2368 1651 2442 1714 ὼς
2475 1652 2615 1719 ἔγνω
2647 1652 2897 1713 δείλαιος,
2931 1652 3231 1722 ἀπορηθεὶς
3262 1652 3325 1705 ἐκ
3352 1653 3594 1715 πάντων,

2160 1742 2348 1811 Πυράν
2375 1742 2555 1811 ὑφῆψε
2590 1741 2832 1811 λιπαρᾶν
2864 1740 3019 1803 ὕλαις
3055 1741 3306 1808 ἀφθόνοις
3346 1741 3574 1813 θρέψας,

2162 1835 2270 1887 Kal
2293 1835 2391 1898 τὰς
2416 1834 2624 1904 χρυσᾶς
2651 1832 2976 1901 συναγαγὼν
3001 1835 3092 1884 καὶ
3130 1831 3524 1899 ).ιοοστρ’ὓτους
3553 1830 3741 1894 κλίνας

474 1900 646 1969 Μόλις
676 1906 721 1962 δ⁹
752 1910 931 1981 εὑρὼν
966 1912 1043 1977 ὡς
1070 1914 1301 1985 ἕρμαιον
1336 1917 1398 1969 τὸ
1437 1917 1628 1972 τοῦτον
1664 1921 1950 1991 ἱστορῆσαι
1981 1924 2048 1989 ⁵⁸,
2088 1898 2129 1953 Β
2162 1925 2270 1979 Kal
2299 1924 2426 1986 τοὺς
2446 1923 2724 1986 ποικίλους
2754 1923 3082 1990 στολισμοὺς
3108 1924 3202 1976 καὶ
3230 1923 3473 1977 τάλαντα
3512 1925 3740 1993 χρυσίου

484 1992 574 2064 Ὧς
603 1997 762 2067 εἶδεν,
787 2001 864 2067 ὡς
890 2003 1136 2075 ἑώρακεν
1160 2007 1666 2081 ἑψιμμυθιωμένον,

476 2084 730 2160 ’Λτριχα,
762 2091 1135 2161 λειοπώγωνα,
1164 2102 1716 2170 γυναικοπροσωπίαν
1742 2103 1809 2168 δ’,

471 2174 768 2253 Πορφύραν
795 2183 1140 2249 διαξαίνοντα
1176 2189 1316 2258 μετὰ
1339 2191 1448 2243 τῶν
1479 2194 1772 2262 κορασίων,

470 2264 764 2341 Εὗνούχοις
787 2289 847 2326 τε
880 2277 1261 2347 συμπαίζοντα
1292 2283 1383 2334 καὶ
1412 2285 1946 2354 συνασχημονοῦντα,

471 2362 585 2416 Καὶ
609 2363 859 2433 μαλακὸν
890 2371 985 2422 καὶ
1018 2371 1297 2435 παντελῶς
1328 2374 1546 2441 ἀνάξιον
1573 2377 1666 2429 τοῦ
1693 2379 1947 2448 κράτους,

480 2448 892 2526 Ἀγανακτὴσας
930 2458 1157 2513 ἔπαισεν
1181 2463 1347 2516 αὑτὸν
1377 2465 1707 2538 ἐγχειριδίῳ,

470 2543 581 2595 Kal
611 2544 721 2600 τῶν
752 2549 1003 2615 ὲγκάτων
1038 2550 1219 2623 ὧθησε
1260 2554 1454 2627 μέχρις
1495 2558 1676 2612 αὐτῶν
1712 2560 1757 2593 ⁸³
1788 2563 1848 2616 τὸ
1873 2564 2046 2635 ξίφος,

470 2634 581 2690 Kal
618 2635 847 2695 θάνατον
883 2643 1103 2698 ἐπότισε
1145 2648 1239 2700 καὶ
1270 2648 1540 2703 κύπελλον
1571 2653 1797 2723 ὀλέθρου

465 2723 571 2782 Τδν
608 2729 775 2804 μέχρι
803 2732 925 2788 τότε
951 2737 1244 2808 τρυφηλῶς
1268 2741 1725 2814 ἑκδεδιῃτημένον

470 2815 581 2873 Kal
606 2825 719 2886 τοῖς
744 2828 1019 2899 κρατῆρσι
1063 2831 1325 2901 χαίροντα
1359 2835 1523 2905 μέχρι
1560 2836 1655 2889 τοῦ
1694 2840 2043 2912 περιόρυρου.

464 2912 650 2978 Οὕτως
682 2915 890 2973 ἐκεῖνον
924 2919 1167 2975 ἔκτεινεν
1189 2925 1216 2977 ὁ
1240 2927 1545 2996 στρατηγὸς
1586 2929 1883 3003 ’Δρ6άκης.

461 3006 807 3062 Δεινοπαθῶν
836 3012 883 3067 εἰ
911 3011 1123 3079 λέγοιτο
1153 3014 1339 3080 δοῦλος
1362 3018 1556 3088 ἀνδρὸς
1581 3021 1830 3077 τοιούτου
1868 3023 1937 3080 η.

2165 2015 2274 2068 Kal
2304 2016 2412 2069 πᾶν
2440 2015 2626 2078 ἁπλῶς
2659 2014 2932 2085 βασίλειον
2952 2016 3077 2069 ὅσον
3101 2017 3157 2068 ἐν
3188 2014 3449 2084 ἱματίοις,

2160 2108 2326 2160 Ὅσον
2351 2108 2409 2159 ἐν
2442 2105 2663 2159 σκεύεσι
2710 2107 2952 2176 χρυσοῖς,
2993 2109 3051 2158 ἐν
3094 2104 3281 2170 λίθοις,
3320 2105 3379 2157 ὲν
3408 2104 3738 2175 μαργάροις,

2156 2197 2318 2252 Κατὰ
2344 2201 2521 2270 πυρᾶς
2545 2198 2798 2270 ἠκόντισε
2842 2200 3017 2253 πάντα
3047 2198 3146 2267 τῆς
3176 2197 3502 2262 πολυξύ).ου,

2157 2291 2269 2344 Καὶ
2297 2292 2613 2346 τελευταῖον
2642 2292 2859 2347 ἑαυτόν.
2897 2291 3208 2345 Κάντεῦθεν
3234 2292 3282 2345 οἱ
3314 2290 3574 2349 Χαλδαῖοι

2156 2384 2314 2438 Κατὰ
2348 2384 2548 2453 πολλὴν
2579 2385 2678 2455 τὴν
2704 2384 2890 2437 ἄδειαν
2917 2384 3183 2454 ἐκράτουν
3224 2383 3545 2453 ’Λσσυρίων,

2155 2476 2266 2529 Kal
2298 2475 2396 2544 τὴν
2427 2475 2601 2546 ἀρχὴν
2624 2476 2705 2539 εἰς
2736 2475 2965 2538 ἑαυτοὺς
3000 2474 3271 2543 μεθίστων
3306 2478 3396 2528 καὶ
3426 2475 3486 2528 τὸ
3514 2476 3736 2543 κράτος.

2225 2568 2360 2623 Μετ’
2382 2567 2707 2639 Ἀσσυρίους
2730 2567 2867 2631 τέως
2888 2566 2932 2619 δ’
2952 2564 3046 2620 οὖν
3073 2568 3352 2637 κατῆρξαν
3376 2570 3424 2622 oi
3455 2569 3735 2631 Χαλδαῖοι,

2154 2660 2264 2713 Kal
2281 2660 2341 2713 τὸ
2367 2660 2464 2729 τῆς
2482 2659 2652 2730 τύχης
2679 2658 2932 2726 παίγνιον
2962 2658 3055 2712 καὶ
3076 2657 3242 2721 κύὗος
3259 2659 3366 2711 τῶν
3393 2660 3739 2728 πραγμάτων

2157 2747 2373 2810 ’Λλλοις
2402 2746 2682 2818 ἐμπαῖξαν
2705 2746 2904 2809 ἱκανῶς
2951 2748 3251 2817 μετέπεσεν
3286 2750 3367 2811 είς
3390 2749 3608 2813 ἄλλους.

2166 2838 2356 2892 Ἢνίκα
2376 2838 2433 2892 δὲ
2466 2839 2746 2892 συνέϐαινε
2775 2837 2948 2893 ταῦτα
2977 2841 3088 2902 τοῖς
3119 2839 3429 2911 Ἀσσυρίοις
3456 2881 3471 2903 ,

2181 2929 2429 3003 Εόραίων
2462 2930 2748 3002 ἐκυρίευεν
2770 2933 2798 2983 ὁ
2835 2931 3089 3001 βασιλεὺς
3126 2930 3338 2997 Ὀζίας,

2152 3021 2423 3094 Ἕϐδομος
2448 3023 2525 3076 ὢν
2549 3024 2658 3078 άπὸ
2678 3022 2844 3077 Δαδίδ
2870 3022 2963 3076 τοῦ
2995 3025 3510 3095 προφητικωτάτου.

3439 3160 3592 3213 Vers.
3627 3159 3737 3213 650

460 3238 563 3342 ipsi
595 3246 867 3318 voluptas,
896 3250 1010 3306 sola
1033 3268 1219 3310 mensa
1242 3255 1475 3313 delicata
1503 3275 1647 3316 cura:
1673 3271 1813 3317 erat.
1840 3264 2040 3321 Vesce-
2069 3242 2111 3297 (ἶ
2216 3268 2486 3325 Cazterum
2524 3269 2615 3325 alii
2641 3270 2710 3325 de
2739 3271 3090 3342 Sardanapali
3139 3274 3304 3329 rebus
3335 3274 3407 3328 ita
3445 3290 3553 3329 non
3579 3276 3729 3330 scri-

458 3333 645 3401 batur,
687 3338 911 3406 potabat
937 3356 1060 3397 cum
1100 3347 1375 3403 eunuchis
1401 3356 1458 3403 et
1486 3351 1707 3407 scortis.
1760 3352 1895 3408 Tota
1919 3355 2041 3425 ejus

455 3426 570 3486 vita
627 3437 744 3483 erat
810 3430 1249 3504 intemperantia:
1290 3440 1471 3511 plena.
1535 3443 1604 3497 Et
1639 3445 1754 3514 ipse
1815 3446 2037 3517 quidem

457 3517 753 3575 conclusus
810 3532 930 3579 erat
987 3528 1132 3597 apud
1172 3529 1480 3602 impudicas
1521 3534 1789 3600 feminas,‘
1860 3555 2039 3611 neque

457 3610 543 3669 vel
577 3628 608 3671 a
643 3612 916 3683 prefeetis
959 3619 1043 3674 vel
1082 3622 1310 3692 privatis
1339 3625 1658 3684 hominibus
1685 3610 2039 3697 cernebatur,

454 3707 651 3765 calidis
676 3725 737 3766 se
767 3711 1001 3769 lavacris
1053 3722 1110 3769 et
1162 3718 1511 3775 vestimentis
1538 3722 1826 3780 oblectans
1855 3727 2040 3782 molli-

456 3796 591 3869 bus;
644 3802 794 3873 regni
819 3819 950 3859 vero
985 3807 1203 3878 negotia
1242 3809 1412 3866 duces
1442 3813 1685 3877 urbium,
1719 3818 2034 3884 nationum,

453 3884 704 3950 locorum
777 3894 1259 3955 administrabant.
1326 3901 1419 3958 Sic
1466 3904 1706 3961 molliter
1744 3908 1902 3976 vixit,
1958 3912 2039 3966 sic

452 3981 719 4041 dissolute
748 4001 808 4042 se
844 3986 1058 4057 habuit,
1094 3992 1272 4047 donec
1322 3993 1377 4048 in
1410 3996 1727 4067 voraginem
1769 4000 2038 4068 perditio-

452 4074 539 4129 nis
579 4090 637 4130 se
674 4075 789 4146 ipse
829 4080 942 4150 egit
970 4092 1026 4138 et
1054 4097 1243 4138 secum
1300 4101 1529 4157 regnum
1586 4105 1809 4160 quoque
1857 4092 2036 4162 ipsum

452 4166 718 4234 perdidit.
767 4170 1013 4227 Arbaces
1047 4174 1197 4229 enim
1258 4175 1370 4231 dux
1400 4180 1605 4250 saepius
1645 4183 1946 4242 obsecrans
1976 4197 2037 4242 ut

451 4256 883 4330 Sardanapalum
910 4275 1167 4321 cerneret
1201 4278 1258 4323 et
1286 4286 1471 4327 coram
1503 4274 1622 4344 ipso
1654 4280 1865 4349 staret(
1889 4296 2035 4334 nun-

450 4361 617 4415 quam
651 4349 800 4406 enim
860 4352 1076 4409 viderat
1128 4355 1433 4424 hominem.
1477 4377 1547 4417 ne
1605 4379 1705 4433 per
1755 4368 2033 4422 somnium

449 4437 737 4508 quidem),
784 4456 911 4497 cum
944 4444 1237 4514 aliquoties
1264 4448 1542 4506 desiderio
1595 4454 1889 4512 excidisset
1916 4458 2035 4513 vix-

2146 3363 2304 3427 bunt,
2332 3362 2425 3418 sed
2450 3362 2630 3428 aiunt,
2668 3373 3021 3435 posteaquam
3048 3365 3332 3421 audissent
3374 3364 3614 3421 Chaldazi
3650 3368 3736 3422 vi-

2143 3453 2253 3509 cini
2293 3455 2643 3525 Assyriorum
2681 3472 2862 3527 regem
2894 3455 3349 3527 Sardanapalum.
3388 3458 3724 3529 Anaeynda-

2145 3539 2260 3593 raxi
2296 3540 2491 3607 tilium,
2531 3542 2635 3614 14
2668 3558 2788 3599 esse
2838 3543 3117 3599 hominem
3145 3545 3415 3616 ejusmodi
3453 3547 3547 3615 qui
3595 3562 3734 3617 por-

2142 3646 2334 3687 corum
2360 3635 2851 3706 jumentorumque
2904 3652 3054 3691 more
3086 3638 3318 3702 viveret,
3370 3639 3729 3696 saltationunn

2140 3732 2308 3792 atque
2338 3724 2598 3780 ludorum
2628 3725 2911 3781 studiosus
2945 3738 3110 3791 esset,
3144 3743 3208 3782 ac
3256 3729 3518 3785 mulieres
3547 3730 3732 3786 imita-

2141 3827 2318 3882 retur,
2361 3816 2634 3887 ipsos.eo
2686 3828 3005 3889 contempto
3041 3830 3299 3891 tanquam
3358 3823 3510 3877 molli
3560 3823 3729 3879 corde

2140 3905 2389 3975 prtedito,
2445 3905 2795 3975 expeditione
2848 3918 3105 3977 suscepta
3157 3908 3286 3964 forti
3321 3924 3446 3965 cum
3477 3912 3727 3968 exercitu

2140 3996 2378 4060 venisse,
2406 4011 2681 4066 manuque
2717 4013 2843 4052 eum
2875 3998 3231 4071 Sardanapali
3273 4002 3446 4058 milite
3471 4012 3729 4059 conserta

2141 4087 2195 4141 in
2224 4085 2404 4158 fugam
2430 4088 2659 4143 vertisse
2694 4088 2919 4152 ducem,
2947 4105 3009 4144 ac
3037 4091 3088 4144 vi
3119 4091 3186 4147 de
3217 4091 3534 4147 adversario
3558 4095 3730 4150 vieto-

2139 4179 2220 4232 ria
2252 4179 2458 4248 potitos
2480 4194 2624 4235 esse.
2674 4180 2830 4247 Quod
2853 4197 2979 4237 cum
3014 4184 3183 4239 miser
3212 4186 3595 4249 intellexisset.
3627 4188 3730 4243 de-

2138 4271 2367 4325 stitutus
2427 4271 2497 4327 ab
2555 4273 2814 4328 omnibus
2862 4275 3121 4345 pinguem
3184 4292 3378 4347 rogum
3448 4280 3723 4344 incendit,

2138 4363 2355 4432 copiosa
2395 4365 2623 4420 materie
2654 4367 2948 4432 nutritum,
2983 4367 3348 4438 collectisque
3376 4370 3597 4425 lectulis
3622 4388 3723 4426 au-

2139 4454 2249 4508 reis
2298 4465 2354 4509 et
2397 4456 2727 4526 gemmatis,
2780 4458 3023 4528 itemque
3075 4460 3244 4514 variis
3274 4460 3613 4518 indumentis
3668 4473 3729 4519 et

450 4540 561 4599 que
599 4541 798 4588 nactus
834 4544 982 4590 esset
1020 4549 1379 4609 conspectum
1410 4543 1575 4611 hujus
1618 4554 1876 4616 tanquam
1915 4566 2029 4604 rem
2063 4580 2111 4636 Β
2140 4547 2927 4620 talentisauri,omnidenique
2953 4551 3297 4620 supellectile
3320 4555 3468 4625 regia
3485 4557 3721 4611 vestium

452 4619 712 4689 faustam,
764 4623 858 4680 ubi
894 4625 1049 4692 vidit,
1079 4630 1171 4683 ubi
1206 4628 1454 4686 locatum
1475 4648 1700 4690 cerussa
1722 4639 2027 4706 conspexit,

448 4721 727 4769 carentem
774 4717 921 4786 pilis,
956 4718 1295 4799 imberbem,
1316 4721 1456 4779 faeie
1488 4727 1771 4791 muliebri,
1799 4739 2027 4798 pecten-

2135 4655 2505 4711 vasorumque
2557 4657 2850 4697 ιιιιιθοτιιιιι
2914 4658 2979 4698 ac
3015 4660 3379 4716 gemmarum,
3424 4647 3722 4711 unionutn,

2134 4748 2351 4788 necnon
2368 4742 2564 4790 cuncta
2592 4735 2647 4789 in
2675 4750 2867 4806 rogum
2891 4734 2959 4789 de
2982 4735 3146 4806 lignis
3164 4738 3354 4792 multis
3377 4748 3722 4795 exstructum

449 4809 559 4863 tem
612 4821 943 4878 purpuram-
975 4811 1120 4869 inter
1167 4814 1399 4883 puellas.
1470 4817 1842 4875 colludentem
1903 4837 2029 4877 eum
2130 4822 2351 4892 abjeeit,
2381 4838 2447 4877 ac
2483 4823 2699 4879 tandem
2752 4838 2811 4879 se
2851 4823 2969 4893 ipse
3001 4824 3070 4879 iis
3116 4825 3403 4894 imposuit.
3448 4827 3724 4897 Deinceps

445 4899 720 4959 eunuchis
742 4910 799 4958 ct
826 4917 952 4957 cum
983 4903 1052 4959 iis
1082 4906 1323 4975 turpiter
1348 4922 1408 4963 se
1445 4917 1749 4979 gerentem,
1783 4912 2028 4977 mollem,

2129 4912 2371 4968 Chaldaei
2404 4914 2545 4968 citra
2568 4927 2791 4969 omnem
2841 4921 3047 4968 metum
3081 4915 3319 4986 Assyriis
3346 4916 3719 4985 imperabant,

447 5004 674 5076 prorsus
712 4993 996 5066 indignum
1048 4996 1301 5067 imperio,
1341 5000 1753 5057 exeandescens
1781 5005 2029 5076 pugione
2129 5019 2194 5059 ac
2217 5019 2445 5074 regnum
2488 5013 2926 5075 potestatemque
2969 5006 3023 5060 in
3055 5022 3115 5061 se
3151 5006 3579 5062 transferebant.

446 5072 760 5148 improbum
833 5082 1107 5149 vulnerat,
1156 5086 1509 5156 gladiumque
1554 5088 1621 5143 ad
1678 5072 1793 5160 ipsa
1855 5072 2028 5163 usque

443 5169 708 5229 intestina
761 5172 951 5244 adigit,
1001 5177 1193 5234 mortis
1259 5179 1627 5251 interitusque
1683 5184 1881 5253 poculo
1946 5186 2020 5239 illi

441 5262 756 5339 propinate,
784 5265 876 5335 qui
919 5267 1130 5337 poculis
1170 5269 1238 5325 ad
1274 5286 1531 5326 auroram
1563 5290 1737 5344 usque
1780 5275 2023 5331 delecta-

439 5350 621 5417 batur.
675 5356 768 5416 Sie
812 5358 977 5421 istum
1025 5361 1230 5421 occidit
1264 5363 1503 5421 Arbaces
1540 5365 1868 5435 imperator,
1898 5383 2024 5439 gra-

438 5446 582 5503 viter
622 5449 808 5509 ferens
834 5465 896 5506 se
925 5451 1024 5513 viri
1060 5454 1184 5507 talis
1212 5454 1449 5511 amicum
1494 5458 1778 5527 appellari.

2201 5095 2377 5164 Atque
2429 5095 2482 5148 in
2537 5095 2687 5150 hunc
2731 5096 2954 5150 modum
3006 5104 3129 5165 post
3174 5097 3430 5168 Assyrios
3459 5097 3704 5153 Chaldtni

2136 5186 2300 5241 rebus
2324 5186 2483 5256 potiti
2509 5196 2660 5248 sunt,
2705 5196 2764 5241 et
2789 5187 3025 5241 fortuna:
3075 5187 3378 5243 ludibrium
3419 5204 3722 5257 rerumque

2133 5278 2252 5332 alea
2307 5294 2431 5333 cum
2470 5278 2592 5333 aliis
2629 5278 2763 5334 satis
2792 5278 3078 5340 illusisset.
3124 5280 3191 5334 ad
3220 5282 3362 5335 alios
3406 5282 3718 5338 inclinavit.

2130 5368 2250 5435 Quo
2287 5378 2472 5423 autem
2504 5379 2746 5440 tempore
2780 5370 3024 5441 Assyriis
3053 5372 3169 5426 haec
3192 5372 3544 5438 accidebant,
3600 5374 3716 5432 He-

2133 5462 2294 5514 braeis
2338 5460 2497 5515 Ozias
2528 5476 2622 5515 rex
2653 5462 2977 5531 imperabat,
3013 5476 3043 5517 a
3078 5462 3288 5519 Davide
3312 5465 3552 5520 maximo
3577 5476 3703 5525 vate

1764 5603 1963 5665 Variae
2000 5605 2332 5667 lectiones.

504 5742 828 5818 US‘M-‘gécg
1073 5745 1180 5818 *7“
1217 5745 1475 5818 άνόρατος
1524 5748 1685 5805 AR“.

1787 5752 1832 5785 "
1861 5753 2102 5806 οὐδέποτ’
2137 5756 2193 5804 ἐν
2221 5755 2283 5805 Λ.

2388 5756 2433 5788 ⁸ο
2465 5755 2760 5823 ἱστορεῖται
2789 5754 2852 5806 Α.
2953 5752 2996 5784 ⁵¹
3027 5756 3619 5827 γυναικοπροσωπείοις
3645 5759 3714 5815 Δ.

434 5809 812 5872 ttae-«omn.
889 5816 935 5848 η
956 5815 1156 5877 τοιοῦδε
1188 5809 1326 5872 Att.‘
1372 5809 1880 5897 ⁶⁰ἆνακυνδαράκου
1915 5823 1976 5879 ιι.

2144 5825 2287 5881 llum:
2321 5839 2537 5880 versum
2577 5809 2685 5878 om.
2720 5826 2783 5879 Α.
