4136 6442
440 410 551 475 255

444 524 735 579 Χαλδαίων
756 526 801 579 δ’
824 525 1152 582 ἐϐασίλευσε
1186 527 1282 582 σὺν
1314 525 1497 592 ἄλλοις
1534 528 1818 603 βασιλεῦσι

450 617 770 689 Σεναχηρὶμ
795 620 841 650 ⁶⁹
876 621 907 673 ὁ
950 619 1180 692 σοϐαρὸς
1216 619 1317 673 καὶ
1341 620 1448 690 γῆς
1468 619 1577 674 τῶν
1610 620 1918 691 Ἀσσυρίων

450 708 680 774 Ἔθνους
713 710 1079 766 Βαϐυλωνίων
1106 729 1167 766 τε
1200 713 1294 766 καὶ
1325 712 1518 781 γένους
1549 711 1644 766 τοῦ
1659 713 1770 766 τῶν
1799 712 2029 783 Μήδωψ

454 802 553 865 Ὃς
590 802 1001 875 ἐκστρατεύσας
1050 806 1303 877 σοϐαρῶς
1332 805 1473 861 κατὰ
1503 807 1601 877 τῆς
1645 804 1925 871 Ἰουδαίας,

449 893 567 947 Kal
604 895 1017 967 βλασφημήσας
1052 899 1133 962 εἰς
1164 898 1300 953 Θεὸν
1341 900 1573 970 καρδίας
1609 899 1865 969 ἀπονοίᾳ,

450 982 565 1036 Καὶ
594 984 804 1054 ῥήμασι
832 986 1182 1057 χρησάμενος
1220 988 1763 1060 ὑπερηφανεστάτοις
1791 988 1856 1049 ⁸⁸,

462 1070 760 1144 Ἐδρέψατο
786 1077 1085 1148 τάπίχειρα
1117 1079 1217 1146 τῆς
1252 1080 1754 1150 ματαιοφροσύνης.

455 1166 725 1234 Ἀγγελος
762 1168 871 1240 γὰρ
916 1170 1024 1222 ὑπὸ
1064 1170 1202 1224 Θεοῦ
1244 1171 1519 1241 πεμφθεὶς
1566 1170 1709 1225 κατὰ
1728 1171 1828 1243 τὴν
1867 1174 2035 1225 νύκτα

452 1256 648 1310 Ὧλεσε
686 1257 864 1313 πάντα
898 1258 992 1314 τὸν
1020 1259 1251 1330 στρατὸν
1283 1260 1470 1329 ξίφους
1502 1259 1781 1331 συγκόψας
1812 1260 1959 1325 ἄνευ,

451 1346 549 1409 El;
586 1349 781 1403 ἑκατὸν
813 1349 1155 1421 ποσούμενον
1188 1351 1523 1424 χιλιανδρίας
1557 1352 1686 1416 ὅλας

453 1439 563 1492 Σὺν
584 1439 765 1504 ἄλλοις
796 1442 1131 1513 ὀγδοήκοντα
1164 1444 1302 1515 πρὸς
1330 1444 1813 1515 πεντακισχιλίοις.

466 1530 527 1581 Ὀ
550 1532 731 1585 τοίνυν
756 1533 885 1603 πρὶν
912 1532 1218 1604 ἀγέρωχος,
1257 1535 1285 1586 ὁ
1315 1533 1447 1604 πρὶν
1487 1532 1875 1605 ὑπερηρμένος

464 1625 555 1687 Ὧς
590 1624 797 1692 λαγωδς
825 1626 1044 1693 ἐγένετο
1073 1627 1352 1697 ταχύπους
1386 1627 1677 1696 φυγαδίας.

524 1718 684 1771 Μετὰ
710 1718 767 1772 δὲ
818 1720 1044 1790 χρόνους
1078 1719 1330 1789 βασιλεὺς
1358 1715 1426 1789 ἢν
1466 1717 1936 1788 Ναϐουχοδονόσορ
1959 1718 2029 1773 ⁸⁸.

452 1799 626 1873 Οὗτος
648 1810 748 1878 τῆς
777 1809 946 1879 τύχης
968 1810 1213 1880 εὐμενῶς
1244 1807 1395 1880 αύτῷ
1425 1808 1882 1880 προσφερομένης

452 1898 683 1953 Πάντων
709 1899 1207 1955 κατεδυνάστευσεν
1242 1901 1411 1956 ἐθνῶν
1440 1900 1552 1954 τῶν
1580 1903 1638 1953 ἐν
1672 1900 1847 1971 Ἀσίᾳ,

450 1991 569 2043 Καὶ
604 1991 814 2056 πάντας
836 1992 1161 2062 ὑπηγάγετο
1195 1993 1334 2063 πρὸς
1366 1993 1616 2065 ἐτησίους
1656 1991 1878 2062 φόρους,

452 2084 757 2149 Χαλδαίους
782 2085 1110 2159 Ἀσσυρίους
1135 2102 1217 2149 τε,
1247 2085 1485 2154 Μήδους,
1523 2080 1921 2145 Βαϐυλωνίους.

464 2176 743 2247 ἰ’πήκοον
776 2177 1001 2248 ἐποίησε
1040 2176 1138 2229 καὶ¹
1168 2176 1320 2243 γένος
1368 2176 1660 2241 Ἰουδαίων,

453 2269 563 2322 Καὶ
585 2268 687 2340 τήν
722 2268 1055 2341 μητρόπολιν
1092 2268 1272 2322 αὐτῶν
1303 2268 1399 2340 τὴν
1423 2269 1898 2341 περιφανεστάτην

463 2359 827 2433 Ἰερουσαλὴμ
867 2360 1154 2428 ἐδούλωσε,
1190 2361 1285 2414 καὶ
1324 2361 1543 2432 πρῶτος
1566 2363 1610 2395 ⁸⁸
1642 2363 1952 2432 ὑποφόρους

454 2453 598 2516 Τοὺς
620 2452 860 2523 βασιλεῖς
902 2453 1257 2522 κατέστησεν.
1305 2453 1393 2515 Ὠς
1417 2454 1462 2505 δ’
1491 2454 1832 2508 ἀπεστάτουν
1868 2450 2037 2519 οὗτοι,

453 2544 531 2596 τὸ
560 2544 867 2597 τελευταῖον
892 2543 1139 2597 ἐπελθὼν
1166 2544 1304 2615 μετὰ
1340 2544 1552 2614 μυρίων
1582 2545 1765 2599 ὃπλων

459 2633 666 2705 (Ὑπὲρ
696 2635 806 2703 γὰρ
835 2637 1019 2704 ἅμμον
1040 2637 1068 2688 ὀ
1093 2635 1324 2706 στρατὸς
1346 2631 1414 2707 ἦν
1450 2635 1951 2707 Ναϐουχοδονόσορ)

462 2726 830 2796 Κατέσκαψεν
858 2728 904 2760 ⁸⁸
935 2728 1016 2790 είς
1050 2726 1246 2795 ἔδαφος
1269 2728 1367 2799 τὴν
1389 2727 1544 2782 πόλιν
1566 2727 1771 2794 ὀλϐίαν,

461 2819 569 2870 Καὶ
601 2818 810 2882 πάντας
843 2819 970 2882 τοὺς
1021 2817 1082 2883 ἐξ
1131 2818 1363 2890 αἵματος
1403 2821 1498 2873 καὶ
1538 2820 1727 2888 γένους
1767 2820 2039 2890 βασιλείου

458 2909 844 2981 Δορυαλώτους
876 2909 1156 2964 συλλαϐὼν
1189 2911 1245 2964 ἐν
1276 2910 1430 2983 χώρᾳ
1461 2910 1785 2976 Βαϐυλῶνος

460 3149 748 3219 septimus.
783 3146 1059 3205 Chaldaeis
1089 3113 1231 3207 inter
1262 3150 1401 3206 alios
1435 3166 1593 3222 rcges
1638 3150 2047 3209 Senacheribus

1592 415 2101 478 COMPENDIUM
2143 415 2619 480 CHRONICUM.

3615 416 3722 480 246

2069 531 2114 590 Α
2144 528 2484 601 Μετῴκισεν,
2512 529 2586 594 ὡς
2618 528 2830 583 ἔσοιντο
2856 527 3033 600 τούτῳ
3059 530 3102 562 ⁸⁷
3128 529 3528 600 θαλαμηπόλοι.

2136 613 2245 673 Ἦν
2270 621 2327 672 ὲν
2354 622 2538 683 αὑτοῖς
2567 621 2662 674 καὶ
2691 620 2893 690 Δανιὴλ
2931 622 2960 674 ό
2992 620 3170 691 μέγας
3204 622 3261 674 ἐν
3297 624 3632 691 προφήταις,

2137 710 2200 761 Ol
2222 711 2374 780 τρεῖς
2426 726 2487 762 τε
2532 709 2720 771 παῖδες
2771 711 2873 763 σὺν
2904 710 3054 781 αὑτῷ
3091 712 3190 765 σὺν
3248 711 3429 776 ἄλλοις
3474 713 3722 782 εὑγενέσι

2136 804 2292 858 Μετὰ
2318 805 2515 875 μικρὸν
2544 804 2592 856 δ’
2634 804 2969 873 ὑπεραρθεὶς
3001 806 3029 858 ὁ
3066 803 3547 875 Ναϐουχοδονόσορ
3568 837 3581 845 η

2136 895 2248 948 Καὶ
2276 894 2375 965 τὴν
2414 895 2516 966 τῆς
2541 893 2712 967 τύχης
2740 892 2952 948 εὔνοιαν
2987 895 3047 947 οὑ
3074 896 3117 927 ⁸⁸
3149 894 3398 964 δυνηθεὶς
3424 893 3716 964 βαστάσαι,

2136 988 2450 1041 Κάντεῦθεν
2483 989 2564 1052 είς
2593 988 2853 1041 ἀπόνοιαν
2879 988 3222 1050 ὲκκυλισθεὶς
3250 990 3490 1059 ἐσχάτην

2137 1078 2334 1149 (Αὑτὸν
2360 1078 2629 1133 ὲθεοποίει
2656 1078 2765 1150 γάρ
2794 1079 2897 1132 ὑπὸ
2929 1078 3331 1151 φρενοπληξίας
3356 1079 3452 1150 ⁸⁹),

2146 1167 2520 1237 Ἐταπεινὼθη
2554 1168 2693 1239 πρὸς
2732 1166 2869 1240 Θεοῦ
2894 1168 3217 1238 ταπείνωμα
3248 1168 3544 1238 φρικῶδες,

2138 1261 2232 1325 El;
2257 1261 2441 1334 χοίρου
2466 1262 2750 1332 μόρφωσιν
2767 1263 2813 1294 ⁷⁸
2841 1278 2870 1314 τ
2884 1262 3079 1332 ραπεὶς
3097 1261 3157 1328 ἐξ
3187 1261 3361 1324 είδους
3379 1260 3724 1332 ἀνθρωπείου

2138 1353 2249 1408 Καὶ
2273 1352 2477 1424 ταύτην
2506 1353 2661 1424 δίκην
2689 1354 2943 1423 ὑποσχὼν
2973 1354 3075 1423 τῆς
3109 1353 3519 1424 ὑπερηφανίας.

2208 1446 2354 1500 Ἀλλ’
2389 1448 2474 1500 ἵνα
2513 1446 2677 1501 πάλιν
2706 1448 2784 1511 είς
2820 1444 2997 1516 ἀρχὴν
3028 1445 3121 1499 τὸν
3156 1445 3317 1514 λόγον
3343 1446 3635 1512 ἀναγάγω-

2137 1536 2422 1592 Χαλδαίων
2462 1536 2813 1590 ἐϐασίλευσεν
2842 1538 2869 1589 ό
2900 1535 3395 1606 Ναϐουχοδονόσορ,

2140 1629 2251 1684 Καὶ
2272 1629 2389 1699 μετ’
2403 1629 2611 1683 ἐκεῖνον
2627 1628 2886 1698 Μαροδὰχ
2902 1628 2970 1694 τί,
2991 1628 3084 1681 καὶ
3103 1628 3395 1698 μετάὑτὸν
3416 1627 3721 1699 Βαλτάσαρ,

2151 1721 2474 1793 Ἀμφότεροι
2500 1721 2861 1792 βλαστήματα
2887 1719 2984 1773 τοῦ
3017 1719 3515 1789 Ναϐουχοδονόσορ.

2139 1812 2431 1882 Βαλτάσαρ
2457 1812 2638 1867 τοίνυν
2661 1811 2945 1883 ἐντρυφῶν
2970 1810 3049 1881 τῷ
3075 1812 3174 1883 τῆς
3196 1811 3376 1881 ἀρχῆς
3404 1809 3626 1877 μεγέθει

2064 1868 2114 1927 Β
2143 1905 2433 1974 Συμπότας
2470 1904 2898 1975 παρελάμϐανεν
2932 1903 3099 1958 αὑτοῦ
3133 1902 3262 1965 τοὺς
3296 1904 3653 1972 μεγιστᾶνας,

2150 1997 2257 2050 Καὶ
2283 1999 2402 2057 ταῖς
2429 1996 2733 2068 τραπέζαις
2763 1997 3021 2067 λιπαραῖς
3042 1995 3241 2059 αὑτοὺς
3268 1992 3559 2061 ἐδεξιοῦτο.

2150 2090 2258 2143 Καὶ
2287 2087 2459 2143 θέλων
2490 2088 2899 2143 ἐπιδείκνυσθαι
2930 2088 2989 2141 τὸ
3010 2087 3231 2156 δαψιλὲς
3259 2085 3352 2139 τοῦ
3387 2085 3620 2140 πλούτου

2149 2176 2472 2231 Πολυτελέσι
2501 2178 2753 2232 σκεύεσιν
2786 2178 2988 2249 ἐχρῆτο
3010 2176 3376 2247 λιθοχρύσοις.

2148 2270 2253 2322 Σὺν
2278 2269 2412 2322 πᾶσι
2440 2269 2809 2341 παρεισέφερε
2841 2269 2936 2322 καὶ
2964 2268 3056 2322 τοῦ
3085 2265 3217 2321 ναοῦ
3239 2269 3309 2320 τὰ
3340 2266 3533 2338 σκεύη,

2151 2359 2330 2428 "Amp
2361 2359 2616 2429 ἀφείλετο
2651 2359 2710 2412 τὸ
2741 2358 2870 2428 πρὶν
2896 2360 2923 2412 δ
2956 2356 3445 2428 Ναϐουχοδονόσορ,

2159 2447 2355 2503 Ἦνίκα
2392 2449 2752 2520 Ἰερουσαλὴμ
2790 2448 3053 2520 ἀπέκειρε
3087 2450 3133 2481 ⁷¹
3167 2448 3227 2501 τὸ
3256 2446 3474 2509 κάλλος.

2148 2542 2449 2614 Χρὼμενος
2481 2544 2662 2598 τοίνυν
2686 2543 2854 2610 ἀδεῶς
2888 2543 3097 2605 τούτοις
3134 2542 3215 2605 εἰς
3246 2540 3553 2610 ὑπουργίαν

2152 2634 2405 2698 (Μεθύων
2425 2635 2532 2705 γάρ
2552 2638 2658 2697 τοῖς
2695 2635 3019 2705 πράγμασιν
3058 2633 3168 2686 οὐδ’
3188 2633 3324 2695 ὅλως
3359 2632 3563 2687 ἐνενόει

2159 2725 2248 2786 Ὠς
2276 2726 2303 2777 ὁ
2337 2725 2470 2785 Θεὸς
2502 2728 2803 2794 ἀγανακτεί
2840 2723 3046 2778 τούτων
3086 2722 3482 2796 ὑϐριζομένων)

2163 2819 2532 2890 Ἀστράγαλον
2557 2820 2768 2893 ἑώρακε
2791 2820 3075 2892 γράφοντα
3106 2820 3244 2891 πρὸς
3264 2820 3340 2888 τῷ
3367 2821 3553 2892 τοίχῳ.

2155 2907 2379 2977 Ἔλεγον
2405 2910 2450 2941 ⁷³
2476 2909 2529 2965 δὲ
2555 2911 2622 2965 τὰ
2650 2911 2954 2982 γράμματα
2979 2910 3161 2979 Μανῆ,
3190 2910 3384 2977 Θεκὲλ,
3411 2912 3591 2984 Φάρες
3620 2930 3687 2966 τε
3707 2931 3721 2946 ο

3437 3038 3596 3096 Vers.
3623 3039 3731 3096 τοι

2154 3149 2246 3206 ille
2268 3157 2425 3213 vates
2454 3146 2735 3212 Danielus,
2777 3147 2880 3219 15
2911 3157 3100 3205 ettres
3124 3146 3206 3203 illi
3231 3146 3415 3218 pueri,
3445 3161 3571 3202 cum
3603 3146 3729 3202 aliis

459 3241 734 3312 superbus
777 3240 1030 3311 praefuit,
1090 3242 1334 3314 itemque
1390 3243 1601 3314 regioni
1668 3245 2045 3316 Assyriorum,
2075 3264 2117 3322 ο
2154 3242 2455 3298 nobilibus.
2503 3240 2676 3296 Paulo
2708 3250 2833 3312 post
2860 3242 3040 3297 elatus
3083 3240 3313 3296 nimium
3359 3237 3731 3300 Nabuchodo:

458 3329 611 3400 genti
652 3330 1076 3401 Babyloniorum
1099 3339 1156 3386 et
1206 3331 1417 3386 nationi
1477 3332 1785 3387 Medorum.
1817 3332 1920 3400 Qui
1948 3349 2044 3388 su-

464 3421 636 3490 perba
664 3421 1017 3493 expeditione
1049 3431 1242 3477 contra
1267 3421 1510 3478 Iudaeam
1559 3431 1840 3493 suscepta,
1875 3433 2049 3494 etper

460 3513 648 3569 cordis
670 3515 965 3570 amentiam
992 3515 1105 3569 Deo
1129 3513 1484 3569 contumeliis
1515 3514 1737 3578 allecto,
1769 3530 1894 3569 cum
1928 3532 2049 3571 ver-

461 3604 553 3659 bis
578 3606 1052 3676 arrogantioribus
1074 3622 1205 3661 usus
1233 3615 1403 3672 esset,
1430 3607 1657 3663 insanias
1683 3624 1795 3664 sua:
1820 3611 2046 3679 praemia

461 3704 804 3751 consecutus
836 3705 941 3752 est.
970 3694 1218 3766 Angelus
1246 3696 1395 3750 enim
1434 3710 1464 3749 a
1497 3696 1608 3750 Deo
1647 3705 1812 3751 noctu
1846 3697 2048 3754 missus

462 3787 771 3842 exercitum
806 3801 1028 3842 omnem
1068 3786 1277 3856 absque
1315 3786 1498 3857 gladio
1546 3789 1830 3842 concisum
1867 3789 2049 3859 perdi-

466 3875 573 3939 dit,
623 3875 719 3947 qui
765 3883 991 3947 centum
1035 3885 1092 3932 et
1142 3875 1424 3946 octoginta
1457 3875 1704 3947 quinque
1761 3878 2049 3935 hominum

466 3966 645 4023 millia
673 3967 1015 4023 continebat.
1050 3966 1242 4037 Itaque
1274 3966 1321 4023 is
1347 3967 1442 4037 qui
1471 3969 1628 4037 prius
1658 3970 1935 4037 superbus
1960 3979 2047 4026 at-

465 4076 577 4130 que
607 4060 787 4118 elatus
816 4070 957 4127 erat,
987 4061 1162 4118 instar
1196 4060 1372 4116 timidi
1403 4061 1609 4131 leporis
1639 4063 1877 4132 pedibus
1905 4065 2051 4120 celer

466 4163 527 4208 ct
551 4151 818 4223 fugitivus
844 4151 1137 4209 evadebat.

540 4247 861 4302 Secundum
910 4248 1028 4304 haec
1082 4256 1205 4303 erat
1238 4263 1332 4303 rex
1382 4247 1919 4315 Nabuchodonosor,
1951 4253 2048 4323 qui

469 4353 739 4409 prospera
781 4337 1005 4395 fortuna
1037 4355 1172 4395 usus
1206 4354 1400 4395 omnes
1422 4339 1565 4395 Asiae
1607 4341 1864 4397 nationes
1910 4343 2049 4398 sub-

467 4431 606 4502 egit,
649 4438 708 4487 et
737 4446 932 4488 omnes
965 4430 1149 4503 adegit
1175 4431 1243 4487 ad
1265 4448 1449 4487 annua
1484 4432 1710 4499 tributa,
1741 4434 2048 4502 Chaldaeos,

465 4524 743 4596 Assyrios,
778 4524 989 4590 Medos,
1029 4525 1399 4598 Babylonios;
1429 4535 1486 4583 et
1526 4527 1854 4585 obedientes
1898 4529 2052 4585 dicto

2149 3348 2337 3399 nosor,
2374 3348 2499 3388 cum
2540 3332 2776 3387 fortuna:
2805 3331 3227 3403 prosperitatem
3274 3329 3419 3386 ferre
3450 3345 3560 3385 non
3598 3345 3730 3400 pos—

2152 3432 2238 3479 set
2279 3432 2446 3494 atque
2477 3423 2688 3479 idcirco
2716 3424 2770 3478 in
2805 3421 3053 3479 furorem
3098 3431 3408 3478 extremum
3437 3420 3731 3477 devolutus

2150 3524 2319 3579 esset,
2361 3530 2421 3570 se
2453 3516 2571 3586 ipse
2621 3515 2836 3570 insania
2871 3514 3111 3586 quadam
3158 3514 3328 3569 animi
3378 3514 3544 3569 deum
3577 3511 3728 3568 fecit.

2153 3605 2260 3661 Sed
2297 3606 2641 3661 horrendum
2690 3608 2746 3660 in
2794 3606 3021 3662 modum
3057 3604 3382 3660 humiliatus
3411 3612 3496 3659 est
3527 3618 3557 3657 a
3596 3603 3730 3664 Deo.

2152 3698 2220 3753 de
2254 3698 2495 3753 humana
2534 3697 2711 3752 forma
2745 3697 2800 3751 in
2842 3697 2998 3768 porci
3048 3696 3281 3767 ﬁguram
3334 3702 3730 3758 commutatus,

2153 3791 2485 3862 supplicium
2509 3790 2618 3845 hoc
2649 3797 2875 3859 propter
2896 3788 3216 3858 superbiam
3244 3787 3447 3843 ferens.

2224 3883 2426 3939 Verum
2470 3888 2531 3936 ut
2557 3894 2869 3936 sermonem
2909 3878 2977 3933 ad
3021 3877 3208 3948 priora
3250 3876 3530 3940 reducam,
3559 3875 3731 3931 Chal-

2154 3972 2286 4028 dmis
2308 3971 2599 4041 imperavit
2634 3970 2725 4025 hic
2749 3967 3290 4033 Nabuchodonosor,
3316 3980 3371 4022 et
3396 3976 3520 4035 post
3553 3967 3731 4035 ipsum

2155 4061 2547 4128 Merodachus;
2602 4069 2730 4131 post
2774 4074 2939 4129 quem
2970 4058 3308 4120 Baltasarus,
3357 4057 3522 4111 ambo
3546 4056 3732 4110 Nabu.

2154 4154 2552 4210 chodonosoris
2582 4153 2701 4207 filii.
2747 4152 3064 4207 Baltasarus
3104 4149 3322 4222 imperii
3352 4148 3732 4220 magnitudine

2155 4248 2390 4302 abutens
2413 4255 2763 4316 compotores
2793 4244 3100 4316 accipiebat
3136 4243 3244 4300 sibi
3272 4242 3589 4313 optimates,
3613 4255 3735 4297 eos-

2155 4355 2263 4410 que
2294 4339 2500 4395 mensis
2534 4337 2841 4410 splendidis
2867 4337 3201 4408 excipiebat.
3228 4336 3479 4405 Cumque
3509 4333 3738 4389 demon-

2156 4439 2332 4487 strare
2362 4432 2530 4488 vellet
2560 4446 2725 4502 opum
2762 4429 3181 4494 abundantiam,
3216 4429 3400 4498 magni
3434 4425 3596 4497 pretii
3637 4441 3732 4479 va—

2155 4524 2233 4580 sis
2291 4525 2592 4588 utebatur,
2661 4524 2821 4579 factis
2873 4539 2943 4580 ex
2996 4537 3132 4578 auro
3193 4530 3252 4576 et
3319 4521 3590 4592 gemmis;
3650 4518 3734 4571 in-

469 4614 716 4670 reddidit
769 4614 937 4671 etiam
993 4615 1252 4682 Iudaeos;
1322 4630 1632 4687 eorumque
1693 4619 2045 4690 metropolim
2076 4618 2129 4678 D
2155 4626 2348 4688 terque
2376 4623 2573 4673 caetera
2604 4616 2793 4687 templi
2830 4630 3049 4687 quoque
3088 4612 3489 4685 supellectilem
3521 4609 3734 4673 intulit,

467 4705 633 4777 longe
685 4705 1128 4772 celeberrimam,
1190 4706 1453 4761 nimirum
1496 4707 1952 4781 Hierosolymam,
1993 4710 2050 4766 in

469 4798 796 4854 servitutem
846 4797 1081 4869 redegit,
1111 4813 1176 4853 ac
1209 4796 1449 4869 primum
1482 4813 1639 4870 rcges
1668 4799 1930 4857 Iudaicos
1961 4817 2056 4857 ve-

472 4890 704 4962 ctigales
742 4888 895 4946 fecit.
944 4876 1084 4945 Cum
1118 4898 1302 4946 autem
1347 4890 1420 4945 ab
1452 4906 1521 4946 eo
1558 4889 1918 4959 defecissent,
1966 4910 2056 4949 re-

470 4998 671 5039 versus
698 4982 928 5039 infinitis
962 4998 1088 5038 cum
1125 4982 1303 5053 copiis
1330 4981 1557 5054 (quippe
1591 4983 1892 5054 superabat
1929 5001 2054 5042 are-

472 5090 603 5138 nam
675 5075 770 5131 hic
829 5073 1400 5132 Nabuchodonosoris
1469 5076 1783 5146 exercitus)
1857 5077 2053 5133 urbem

471 5168 693 5225 felicem
757 5169 1086 5240 beatamque
1154 5168 1225 5223 de
1284 5166 1658 5224 fundamentis
1708 5168 1949 5233 evertit,
2002 5179 2061 5224 et

472 5276 671 5323 omnes
733 5261 1021 5332 sanguinis
1082 5258 1415 5332 generisque
1478 5260 1615 5330 regii
1690 5259 1947 5337 redactos
1998 5261 2054 5317 in

470 5353 854 5425 captivitatem
928 5353 1262 5426 Babylonem
1342 5353 1673 5419 transtulit,
1744 5361 1807 5408 ut
1867 5362 2056 5409 essent

2159 4722 2323 4777 quam
2366 4706 2499 4761 olim
2528 4704 3043 4763 Nabuchodonosor
3079 4703 3407 4768 abstulerat,
3444 4715 3570 4756 cum
3606 4698 3736 4755 Hie-

2156 4798 2444 4870 rosolyma:
2472 4795 2945 4868 pulchritudinem
2975 4793 3265 4865 spoliaret.
3302 4792 3456 4845 Hanc
3490 4790 3583 4844 ille
3605 4803 3732 4843 cum

2156 4891 2293 4946 citra
2326 4899 2537 4945 metum
2570 4889 2624 4944 in
2647 4903 2810 4945 usum
2840 4902 3003 4944 suum
3033 4891 3275 4940 verteret
3298 4882 3524 4953 (quippe
3547 4895 3732 4936 rerum

2156 4982 2509 5039 successibus
2533 4981 2726 5038 ebrius
2756 4981 2917 5052 plane
2942 4995 3055 5034 non
3089 4975 3370 5048 cogitabat
3398 4975 3571 5029 Deum
3606 4988 3729 5027 mo~

2156 5072 2294 5129 leste
2316 5072 2460 5128 ferre
2483 5085 2761 5127 sacrorum
2788 5085 3044 5126 vasorum
3064 5065 3475 5136 violationem),
3508 5078 3733 5120 manum

2156 5167 2213 5221 in
2254 5166 2467 5236 pariete
2512 5164 2850 5220 scribentem
2895 5162 3204 5233 conspexit.
3240 5159 3577 5216 Litterarum
3617 5158 3737 5213 hare

2152 5268 2313 5316 erant
2344 5257 2511 5313 verba
2534 5273 2549 5309 :
2572 5255 2749 5323 Mane,
2778 5256 3005 5320 Thecel,
3040 5254 3265 5310 Phares.
3289 5252 3421 5322 Quae
3443 5267 3568 5309 cum
3593 5251 3740 5306 alius

2150 5366 2314 5406 nemo
2338 5348 2621 5405 declarare
2654 5356 2865 5420 posset,
2894 5340 3163 5404 Danielus
3191 5348 3486 5418 perspicue
3511 5360 3577 5399 ac
3603 5334 3736 5399 vere

472 5445 654 5516 ipsius
694 5445 1048 5502 cubicularii.
1096 5444 1228 5500 Erat
1283 5443 1433 5499 inter
1476 5443 1579 5499 hos
1619 5444 1786 5501 etiam
1818 5458 2054 5516 magnus
2146 5442 2548 5513 interpretatus
2594 5449 2723 5497 est:
2765 5440 3033 5495 Dividens
3071 5439 3266 5495 divisit
3309 5453 3494 5494 rerum
3538 5434 3735 5503 Opifex

1824 5561 2028 5624 Varias
2057 5559 2385 5623 lectiones.

545 5665 591 5695 ⁶’
623 5662 1063 5735 ΣεναχερεὶμΒ.
1118 5660 1519 5735 Σεναχερίμ-Β.
1565 5678 1616 5735 γ.
1643 5663 1759 5735 7653
1808 5664 1934 5719 add.
1978 5663 2095 5735 RR.

474 5737 522 5770 ⁸³
555 5730 862 5798 Romae“.
906 5730 985 5806 7'“
1020 5730 1479 5806 κατικαμψανίῆ.
1557 5733 1606 5806 ξῖ
1629 5734 1845 5787 ἕποιντο
1870 5735 1932 5788 Α.
1969 5734 2160 5806 τούτου
2185 5731 2251 5788 ll.
2328 5730 2481 5801 "pi:

3066 5658 3112 5690 σε
3134 5656 3204 5711 lt.
3252 5649 3733 5727 Na6ouxo§ovégytp

2197 5663 2242 5696 ⁸³
2268 5660 2808 5732 ὑπερηφανεστέροις
2843 5658 2957 5713 AR.
3066 5658 3204 5711 “ll.
3252 5658 3733 5727 Ναϐουχοδονόσῳρ

2197 5732 2224 5775 it
2328 5735 2372 5765 ⁸⁸
2408 5734 2479 5775 m‘n
2529 5730 2591 5775 Rs
2680 5731 2727 5763 ⁸⁸
2760 5729 3120 5775 ἐθεοππίησεν
3187 5726 3293 5775 ὑπὸ
3337 5718 3733 5775 ωοενοϐλαόίας

2680 5726 2727 5763 4⁸
2760 5729 3120 5799 ἐθεοπῡίησξν
3187 5726 3293 5799 (ἐπὶ)
3337 5741 3413 5799 φρ

476 5806 545 5862 Β.
604 5788 664 5838 7⁷⁸
699 5788 1129 5877 μεταμόρφωσιν
1186 5788 1267 5870 Δί’
1289 5788 1509 5859 ὀιιιὶεεο
1537 5802 1730 5868 εἴδους.
1808 5806 1850 5836 “
1887 5803 2169 5877 μαϐροδὰχ
2202 5809 2262 5858 Α.
2340 5806 2385 5836 ⁷¹
2407 5788 2769 5872 ’περιέκειρεν
2817 5788 3178 5869 Ἰερουσαλὴμ
3201 5794 3317 5850 RR.
3350 5788 3362 5795 ’
3383 5788 3442 5826 ’⁷³
3474 5791 3629 5856 ελεγι
3660 5788 3727 5841 ιι.
