4136 6430
485 390 589 461 εει

486 507 659 577 Οὗτος
686 512 914 584 συνῴκει
943 514 1162 583 γυναικὶ
1190 515 1250 567 τὸ
1277 514 1471 578 κάλλος
1500 516 1718 590 ἐξαισία
1737 558 1753 582 ,

487 606 987 677 Φαιδροπροσώπῳ,
1018 609 1265 679 τρυφερᾷ
1290 608 1383 660 καὶ
1416 609 1846 680 φοινικοπαρῂῳ.

486 698 759 752 Τοσοῦτον
789 693 882 751 οὖν
912 699 1131 753 ἐκαίετο
1166 698 1244 769 τῷ
1280 700 1432 770 πόθῳ
1462 701 1557 755 τοῦ
1591 703 1818 769 γυναίου

498 790 591 854 Ὠς
621 789 701 860 τῷ
730 789 1022 860 θεράποντί
1056 807 1185 844 ποτε
1214 792 1430 862 (Γύγης
1461 793 1506 845 δ’
1533 789 1601 863 ἦν
1631 794 1659 846 6
1688 782 1982 864 θεράπων)

488 882 593 936 Τὸν
620 882 783 937 πόθον
814 884 910 936 καὶ
939 884 1031 936 τὸν
1059 883 1243 954 ἔρωτα
1272 885 1485 955 τρανῶς
1516 885 1879 955 δημοσιεῦσαι

487 973 601 1027 Καὶ
633 976 782 1045 σχεῖν
818 975 1047 1045 θελῆσαι
1076 974 1276 1047 θεατήν
1321 977 1508 1030 τοῦτον
1535 978 1635 1044 τῆς
1676 976 2033 1046 συνοικούσης
2056 1018 2069 1040 ,

487 1063 811 1130 Θεοΰλασῶς
831 1068 901 1136 ³⁸,
930 1068 1005 1132 ὡς
1029 1069 1196 1135 ἔοικε,
1229 1068 1329 1123 καὶ
1356 1068 1418 1121 τὺ
1442 1068 1488 1101 ’⁸
1520 1067 1622 1136 τῆς
1660 1067 1876 1138 Μοίρας
1920 1066 2072 1136 ξίφος

490 1158 768 1223 δΞακονῶν
797 1161 921 1214 καθ’
952 1162 1146 1216 ἑαυτοῦ
1173 1162 1266 1215 καὶ
1305 1162 1444 1233 πρὸς
1470 1160 1644 1232 τομὴν
1670 1160 1925 1228 ἐπείγων.

499 1250 563 1304 '0
583 1252 684 1320 μὲν
706 1252 1025 1323 Κανδαύλης
1042 1252 1284 1323 ἔκρυπτε
1299 1253 1390 1306 τὸν
1411 1252 1593 1322 Γύγην
1613 1252 1749 1324 πρὸς
1767 1251 1865 1322 τὴν
1880 1251 2074 1323 θύραν,

502 1342 721 1413 Ἐκείνη
749 1344 793 1397 δ’
825 1344 1112 1409 ἀπεδύετο,
1148 1345 1242 1396 καὶ
1273 1344 1456 1415 Γύγης
1486 1345 1762 1414 ὲνετρύφα

492 1433 692 1504 Γυμνῷ
720 1434 797 1505 τῷ
825 1436 1011 1489 κάλλει
1039 1437 1139 1504 τῆς
1167 1435 1372 1506 σαρκὸς
1401 1436 1501 1503 τῆς
1539 1435 1734 1489 ἑαυτοῦ
1762 1436 2072 1506 δεσποίνης.

492 1523 617 1581 Είδε
644 1526 737 1581 τὸν
764 1527 946 1599 Γύγην
973 1529 1006 1599 ή
1035 1528 1196 1599 γυνὴ,
1224 1528 1649 1598 γυναικοθύμως
1678 1524 1790 1598 εἶχε
1814 1530 1881 1581 ’⁷.

503 1616 909 1690 Ὑϐριοπάθησε
943 1619 1132 1683 δεινῶς
1152 1621 1233 1686 ’⁸,
1266 1621 1565 1691 μετακαλεῖ
1584 1623 1629 1653 ⁹⁹
1663 1621 1754 1673 τὸν
1784 1621 1965 1690 Γύγην
1990 1659 2004 1684 ,

490 1710 720 1765 Δίδωσιν
751 1711 967 1782 αἵρεσιν
998 1711 1167 1775 δυοῖν,
1202 1711 1234 1782 ἢ
1271 1711 1365 1766 τὸν
1398 1712 1665 1782 δεσπότην
1693 1714 1905 1765 κτεῖναι

493 1802 771 1874 Κερδᾶναί
804 1819 864 1857 τε
895 1804 989 1857 καὶ
1028 1804 1127 1873 τὴν
1160 1802 1337 1875 ἀρχὴν
1366 1805 1382 1835 ί
1413 1805 1507 1858 καὶ
1538 1804 1788 1874 γαμετήν
1822 1803 2072 1873 ἐκείνην,

1619 401 2139 466 CONSTANTINI
2182 405 2239 465 Μ
2248 406 2568 468 ANASSIS

3656 417 3767 483 252

2091 525 2136 580 Α
2167 517 2507 589 Πτοούμενος
2531 519 2630 591 τὴν
2654 518 2874 592 εὔροιαν
2897 521 2997 595 τῆς
3027 524 3328 597 εὐποτμίας
3353 529 3373 561 ⁸
3404 529 3642 601 Κροίσου
3662 550 3679 565 ·

2194 608 2249 662 Ὁ
2278 610 2476 679 Δανιὴλ
2502 610 2547 663 δ’
2581 610 2880 683 ἐθάρρυνεν
2905 614 3077 670 είπὼν
3117 617 3218 689 τήν
3252 622 3616 692 πφφητείαν,

2176 701 2279 753 Ἢν
2306 700 2412 770 πρὸ
2438 702 2458 733 ⁷
2490 702 2699 756 πολλῶν
2733 704 2842 758 τῶν
2867 709 3071 774 γενεῶν
3104 708 3254 777 ἔλεξε
3285 712 3415 782 περὶ
3440 713 3627 785 Κύρου

2181 791 2241 842 '0
2268 792 2786 862 μεγαλοφωνότατος
2818 799 3105 869 προφήτης
3150 799 3401 865 Ἡσαΐας.

2244 877 2412 948 Οὗτος
2439 886 2467 937 6
2499 884 2679 956 Κῦρος
2707 888 2735 939 6
2765 890 2933 953 πολὺς
2958 892 3071 954 τοῖς
3107 891 3166 943 ὲν
3195 894 3551 967 αἰχμαλωσίᾳ

2184 972 2456 1040 Ἑϐραίοις
2484 977 2779 1049 ἐχαρίσατο
2805 979 2871 1033 τὰ
2899 979 3001 1049 τῆς
3028 981 3345 1054 ἐλευθερίας
3367 1028 3381 1048 ,

2174 1064 2284 1116 Καὶ
2314 1064 2411 1135 τὴν
2442 1069 2781 1135 μητρόπολιν
2811 1070 2991 1123 αὐτῶν
3022 1072 3326 1145 ἐπέτρεπεν
3357 1079 3620 1147 οἰκίζειν,

2179 1156 2282 1207 ’Ἦν
2309 1157 2416 1209 ἀπὸ
2446 1158 2666 1229 βάθρων
2698 1159 2936 1229 ἔσκαψεν
2962 1165 2990 1216 6
3018 1164 3517 1241 Ναϐουχοδονόσορ.

2246 1241 2351 1295 Τοῦ
2376 1245 2558 1317 Κύρου
2580 1248 2902 1317 τεθνηκότος
2923 1251 2978 1304 δὲ
3007 1254 3313 1326 Καμϐύσης
3335 1262 3463 1323 παῖς
3485 1261 3513 1314 6
3530 1262 3550 1292 ⁸
3580 1260 3773 1332 Κύρου

2177 1334 2258 1386 Τὰ
2285 1336 2382 1403 τῆς
2408 1337 2585 1406 ἀρχῆς
2618 1339 2840 1405 ἐδέξατο
2867 1342 2961 1395 καὶ
2987 1343 3055 1396 τὰ
3083 1346 3178 1397 τοῦ
3212 1348 3450 1416 κράτους
3486 1351 3769 1423 σκῆπτρα.

2177 1426 2285 1479 Καὶ
2341 1427 2459 1495 μετ’
2495 1428 2656 1482 αὐτὸν
2689 1432 2957 1503 ἐκράτησε
2991 1435 3215 1505 Δαρεῖος
3254 1441 3383 1501 παῖς
3429 1439 3770 1497 Ὑστάσπου.

2178 1518 2341 1571 Ἀλλὰ
2373 1520 2480 1589 γὰρ
2520 1520 2671 1587 ἄξιον
2705 1524 2881 1575 εἰπεῖν
2910 1526 3059 1589 ὅπως
3089 1528 3286 1601 συνέϐη
3324 1530 3482 1599 τοῦτο
3508 1547 3526 1566 ο

2262 1611 2403 1680 ’Υπῆ
2413 1627 2507 1682 ρχε
2527 1617 2656 1676 παῖς
2674 1613 2750 1684 τῷ
2768 1614 2977 1683 βασιλεῖ
2991 1618 3158 1689 Κύρῳ
3186 1622 3286 1690 τὴν
3309 1621 3498 1691 κλῆσιν
3516 1623 3776 1693 Σμέρδις,

2178 1701 2485 1773 Θυμοειδὴς
2516 1706 2609 1757 καὶ
2646 1705 2929 1776 σθεναρὸς,
2962 1710 3194 1779 ἄλκιμος
3224 1714 3317 1766 καὶ
3344 1719 3611 1781 γενναῖος.

2184 1792 2372 1864 Τούτῳ
2405 1794 2713 1866 Καμϐύσης
2737 1800 2979 1865 ὲγκοτῶν
3012 1801 3087 1864 ὡς
3115 1802 3326 1875 βριαρῷ
3357 1807 3452 1869 τὰς
3488 1811 3697 1879 χεῖρας,

495 1895 571 1948 Ἦ
600 1895 693 1949 τοῦ
719 1895 951 1949 θανάτου
983 1899 1104 1959 ταῖς
1134 1898 1349 1960 ποιναῖς
1379 1896 1543 1952 αὐτὸν
1565 1899 1585 1928 ³
1612 1897 2038 1967 καθυπαχθῆναι
2064 1912 2076 1927 ·
2116 1888 2153 1941 Β
2184 1886 2306 1940 Ὂτι
2341 1888 2401 1939 τδ
2427 1888 2582 1952 τόξον
2612 1889 2832 1961 ἴσχυσεν
2864 1894 2956 1946 ἐπὶ
2990 1896 3187 1965 μικρὸν
3216 1899 3452 1951 ἐντεῖναι

500 1987 625 2041 Τῶν
644 1990 751 2060 γάρ
766 1988 961 2044 Λυδῶν
985 1991 1106 2053 ταῖς
1123 1989 1369 2057 γυναιξὶν
1390 1989 1616 2060 αίσχρδν
1635 1986 1703 2062 ἦν
1720 1992 1781 2043 τὸ
1808 1991 2043 2062 φανῆναι
2062 1991 2082 2023 ⁸

494 2079 754 2151 Ἀχίτωσί
783 2097 841 2133 τε
876 2081 970 2135 καὶ
1003 2084 1241 2150 γυμναῖς
1274 2080 1533 2153 ἀνδράσιν
1561 2082 1887 2153 ἀλλοτρίοις.

499 2172 688 2224 Εἵλετο
717 2171 901 2243 Γύγης
932 2173 1031 2244 τὴν
1072 2173 1250 2243 ζωὴν,
1283 2176 1525 2226 κτιννύει
1544 2172 1566 2205 ⁵
1596 2175 1687 2227 τὸν
1712 2175 2009 2244 δεσπότην,

498 2262 682 2325 Εὐθὺς
711 2264 1075 2318 ἐπαναόαίνει
1105 2264 1160 2317 δὲ
1192 2264 1329 2335 πρὸς
1359 2264 1494 2334 ὐψος
1528 2265 1828 2336 βασιλείας.

509 2353 571 2408 '0
610 2355 717 2425 πρὸ
758 2355 957 2428 μικροῦ
993 2356 1049 2410 δὲ
1081 2356 1333 2419 ταπεινὸς
1371 2357 1632 2429 ἐξαίφνης
1667 2358 1908 2428 ἀνεφάνη

496 2446 593 2513 Ἐξ
624 2449 836 2504 ἰδιώτου
864 2450 1121 2520 βασιλεὺς
1145 2490 1161 2517 ,
1192 2452 1460 2523 δεσπότης
1489 2454 1598 2506 ἀπὸ
1626 2453 1836 2507 δούλου.

573 2535 746 2603 οὗτος
770 2543 798 2594 ό
823 2540 1004 2612 Γύγης
1025 2583 1039 2607 ,
1073 2542 1149 2606 ῶς
1182 2561 1347 2613 φασιν
1367 2585 1381 2609 ,
1414 2545 1693 2616 εὐνούχισε
1728 2548 1992 2613 γυναῖκας
2010 2586 2024 2609 ,

519 2630 610 2695 Ὧς
634 2633 958 2698 νεαζούσαις
986 2637 1064 2698 είς
1088 2638 1107 2669 ⁸
1143 2637 1228 2690 ἀεὶ
1260 2637 1440 2708 χρῷτο
1483 2642 1609 2709 περὶ
1642 2639 1740 2709 τὴν
1774 2641 1944 2710 μῖξιν.

553 2723 756 2779 Τούτου
773 2726 1165 2799 τοῦΤύγουίτῆς
1184 2746 1264 2783 σει
1272 2732 1369 2800 ρᾶς
1384 2730 1479 2784 καὶ
1490 2730 1743 2801 βασιλεὺς
1757 2728 1823 2803 ἦν
1837 2734 2088 2804 Κροῖσος,

507 2819 609 2870 Ὃν
636 2818 818 2889 Κῦρος
850 2820 1183 2891 ἐχειρώσατο
1217 2823 1466 2886 πεισθεὶς
1492 2826 1610 2887 ταῖς
1641 2824 1946 2896 ὑποθήκαις

502 2907 636 2971 Ταῖς
661 2908 755 2961 τοῦ
784 2912 1066 2979 προφήτου
1094 2912 1316 2984 Δανιήλ,
1353 2913 1415 2966 Ὀ
1449 2913 1549 2984 μὲν
1583 2914 1691 2984 γὰρ
1722 2915 1911 2969 ἐδεδίει

503 3001 741 3071 Κροῖσον
768 3000 843 3066 ὼς
876 3003 1278 3059 πολυτάλαντον
1300 3047 1314 3071 ,
1348 3007 1443 3059 καὶ
1466 3005 1693 3075 φεύγειν
1718 3007 1921 3061 ἐνενόει

502 3221 685 3278 fronte
725 3222 909 3288 hilari,
937 3223 1192 3288 delicata,
1236 3225 1389 3295 genis
1417 3226 1732 3296 purpureis.
1773 3226 1905 3298 Ejus
1933 3234 2089 3282 tanto

2189 1978 2366 2047 Ὅπερ
2394 1981 2443 2032 οί
2472 1981 2733 2050 πρέσϐεις
2763 1984 2973 2054 ἤγαγον
3008 1989 3071 2039 ἐκ
3099 1990 3197 2058 τῆς
3232 1988 3518 2053 Αἰθιοπίας
3541 2032 3555 2054 ,

2190 2069 2398 2134 Ἀλλως
2428 2088 2489 2124 τε
2520 2074 2616 2126 καὶ
2650 2075 2972 2144 ζηλοτυπῶν
3008 2078 3071 2131 ἐκ
3104 2097 3266 2134 τινων
3297 2082 3597 2153 ὀνειράτων

2189 2163 2207 2232 (
2239 2164 2441 2218 Ἐδόκει
2476 2165 2585 2237 γὰρ
2614 2168 2671 2220 ἐν
2699 2169 2979 2238 φάσμασιν
3010 2173 3142 2242 όρᾷν
3189 2172 3631 2244 ὁνειροπλάστοις

2188 2254 2388 2322 Θρόνον
2417 2255 2585 2324 ἁϐρὸν
2618 2256 2893 2327 βασίλειον
2914 2305 2927 2326 ,
2965 2261 3201 2316 ἄπλετον
3231 2265 3299 2317 τὰ
3330 2265 3466 2336 πρὸς
3495 2266 3628 2337 ὕψος
3651 2308 3665 2327 ,

2191 2343 2279 2397 Ἐν
2303 2345 2479 2416 τούτῳ
2500 2347 2545 2399 δ’
2581 2350 2909 2419 ἐφεζόμενον
2938 2353 2958 2384 ⁹
2994 2352 3072 2422 τῷ
3104 2353 3279 2424 θρόνῳ
3311 2355 3566 2425 λαμπρὸν
3599 2358 3784 2429 ἄνδρα

2189 2437 2300 2490 Καὶ
2325 2436 2567 2506 ψαύοντα
2602 2443 2668 2510 τῇ
2705 2441 2915 2512 κεφαλῇ
2950 2443 3057 2495 τῶν
3088 2445 3362 2515 οὐρανίων
3395 2446 3610 2518 ἄστρων
3636 2467 3648 2480 ·

2202 2530 2287 2592 Ὠς
2313 2530 2370 2583 δέ
2399 2549 2540 2594 τινος
2566 2533 2799 2587 ἐπύθετο
2824 2535 2967 2598 τίνος
2991 2537 3019 2588 6
3046 2536 3235 2606 θρόνος
3267 2538 3350 2607 είη
3377 2578 3393 2601 ,

2195 2623 2467 2677 ’Ἤκουσεν
2494 2621 2633 2678 εἶναι
2661 2627 2922 2697 Σμέρδιος
2946 2628 3005 2681 ὃν
3038 2629 3293 2701 καθορῴη
3326 2633 3546 2701 θρόνον,

2191 2715 2304 2768 Καὶ
2338 2716 2428 2768 τὸν
2459 2717 2892 2784 ὲγκαθιζάνοντα
2922 2722 2998 2790 τῷ
3026 2721 3202 2793 θρόνῳ
3236 2724 3468 2796 Σμέρδιν
3498 2722 3637 2778 εἶναι
3659 2724 3704 2794 ).

2206 2806 2300 2860 Ἐκ
2333 2807 2539 2862 τούτων
2566 2810 2749 2862 τοίνυν
2774 2812 2834 2863 οὐ
2868 2812 3049 2875 καλῶς
3078 2813 3345 2877 διατεθεὶς
3376 2814 3513 2885 πρὸς
3537 2816 3786 2887 Σμέρδιν

2193 2897 2513 2966 Δολοφονίας
2545 2901 2749 2970 ήρτυσε
2775 2902 2818 2934 ¹⁰
2863 2902 3033 2973 μύσος
3069 2903 3145 2974 τῷ
3183 2905 3534 2976 ταλαιπώρῳ.

2192 2986 2330 3051 Τοὺς
2353 2989 2410 3041 δὲ
2436 2988 2668 3054 πολλοὺς
2696 2991 2988 3045 ἐλάνθανεν
3018 2992 3111 3046 τοῦ
3146 2995 3408 3065 Σμέρδιος
3455 2999 3481 3049 6
3510 2997 3692 3067 φόνος.

3483 3117 3639 3175 Vers.
3668 3117 3789 3173 870

2193 3220 2382 3290 fugere
2439 3221 2734 3291 cogitabat,
2810 3226 3230 3295 prosperitatem
3297 3228 3546 3285 audaciae
3597 3231 3785 3287 Crassi

499 3313 782 3370 desiderio
812 3324 867 3369 et
894 3332 1083 3370 amore
1103 3316 1388 3386 flagrabat,
1411 3327 1472 3372 ut
1501 3316 1799 3387 aliquando
1826 3317 2083 3373 ministro
2114 3305 2161 3365 C
2195 3312 2583 3368 reformidans.
2652 3315 2852 3369 Verum
2908 3317 3168 3374 Danielus
3233 3334 3361 3375 eum
3414 3320 3787 3379 conﬁrmabat

501 3420 606 3460 suo
642 3407 710 3475 (is
743 3405 922 3477 Gyges
957 3409 1098 3478 erat)
1146 3408 1484 3464 desiderium
1523 3425 1878 3482 amoremque
1924 3425 2086 3466 suum

502 3496 862 3567 patefaceret,
903 3508 1067 3567 atque
1103 3498 1257 3554 illum
1294 3515 1405 3556 sua:
1439 3502 1690 3572 conjugis
1718 3509 2088 3572 spectatorem

503 3605 626 3645 esse
680 3591 863 3656 vellet,
914 3592 1174 3658 delirans,
1229 3602 1290 3648 ut
1337 3594 1575 3661 videtur,
1608 3611 1672 3650 ac
1696 3596 1788 3650 fati
1843 3597 2088 3666 gladium

503 3692 697 3738 contra
726 3684 917 3753 seipse
942 3699 1147 3739 acuens
1177 3694 1233 3743 et
1268 3687 1333 3741 ad
1366 3688 1678 3743 laedendum
1697 3704 1754 3744 se
1785 3689 2088 3758 proritans.

503 3773 692 3844 Itaque
721 3773 920 3846 Gygem
948 3775 1256 3833 Candaules
1295 3779 1362 3834 ad
1416 3781 1640 3851 januam
1681 3780 1930 3835 occultat
1958 3782 2087 3837 :illa

505 3880 566 3921 se
587 3867 760 3931 exuit,
809 3867 956 3939 Gyge
1010 3868 1078 3923 de
1156 3871 1303 3925 nuda
1369 3872 1785 3942 pulchritudine
1836 3872 2088 3941 corporis

504 3955 652 4012 herae
683 3973 795 4012 sua:
818 3959 1156 4028 voluptatem
1183 3961 1457 4030 capiente.
1497 3961 1656 4017 Videt
1701 3962 1905 4032 Gygem
1962 3979 2086 4016 mu-

502 4044 611 4102 lier
645 4065 657 4100 :
690 4048 771 4102 ira
801 4049 1055 4104 muliebri
1100 4051 1443 4117 accenditur,
1506 4051 1756 4106 affectam
1795 4067 1856 4106 se
1886 4054 2086 4123 injuria

502 4148 682 4208 putat,
726 4139 928 4212 Gygem
959 4144 1209 4207 arcessit,
1240 4143 1334 4198 dat
1376 4144 1658 4213 optionem
1692 4142 1926 4199 duorum
1951 4185 1966 4208 ,
2000 4146 2085 4201 vel

506 4238 568 4284 ut
601 4230 798 4286 berum
857 4232 1137 4289 occideret
1192 4235 1475 4304 ipsamque
1508 4235 1796 4306 conjugem
1825 4252 1950 4291 cum
1986 4237 2089 4292 im-

506 4322 666 4392 perio
719 4324 1092 4391 lucrifaceret,
1150 4326 1234 4382 vel
1290 4325 1614 4382 interfectus
1678 4337 1908 4384 mortem
1972 4330 2087 4400 ipse

503 4424 809 4484 oppeteret.
851 4417 989 4473 Nam
1034 4425 1192 4487 turpe
1240 4417 1515 4490 Lydorum
1572 4420 1838 4475 uxoribus
1861 4431 1982 4477 erat
2018 4422 2089 4477 ab

505 4504 704 4561 alienis
747 4509 883 4564 viris
913 4509 1185 4579 conspici.
1231 4525 1357 4564 cum
1411 4511 1662 4566 vestibus
1708 4512 1917 4569 indutae
1975 4529 2088 4569 non

503 4606 712 4654 essent.
761 4601 869 4672 ιε
911 4600 1091 4673 Gyges
1129 4602 1300 4658 vitam
1337 4603 1533 4674 eligit:
1573 4604 1767 4660 herum
1800 4606 2080 4662 interficit.

504 4688 699 4747 Statim
719 4694 785 4748 ad
819 4695 971 4764 regni
1022 4695 1419 4751 sublimitatem
1471 4698 1748 4766 pervenit,
1805 4698 1898 4768 qui
1924 4701 2087 4769 paulo

504 4792 634 4840 ante
660 4784 890 4841 humilis
935 4797 1073 4854 erat,
1116 4790 1320 4845 subito
1350 4789 1569 4856 emicat,
1642 4790 1821 4847 factus
1856 4809 1922 4849 ex
1974 4796 2091 4864 pri-

507 4879 635 4927 vato
667 4888 785 4937 rex,
811 4873 981 4931 herus
1006 4891 1038 4931 e
1060 4892 1239 4932 servo.

576 4962 680 5019 llic
703 4963 882 5036 Gyges
912 4966 1041 5037 (hoc
1068 4968 1216 5023 enim
1250 4970 1528 5026 memoria
1557 4972 1836 5042 proditum
1871 4973 2090 5043 accepi-

508 5056 661 5127 mus)
689 5060 966 5116 castrabat
1005 5062 1285 5125 mulieres,
1320 5071 1381 5117 ut
1412 5064 1495 5118 eis
1534 5079 1755 5135 semper
1779 5064 2012 5136 integris
2032 5075 2092 5121 et

507 5147 816 5217 juveneulis
855 5152 924 5207 ad
955 5167 1211 5208 venerem
1243 5164 1518 5210 uteretur.

577 5238 709 5308 Ejus
728 5240 895 5313 Gygis
914 5256 946 5297 e
975 5243 1150 5312 stirpe
1170 5243 1395 5300 Croesus
1433 5261 1528 5300 rex
1559 5255 1699 5310 erat,
1723 5261 1886 5315 quem
1913 5245 2091 5318 Cyrus

508 5329 676 5401 cepit,
735 5332 944 5389 Danieli
995 5334 1137 5390 vatis
1167 5335 1640 5391 admonitionibus
1678 5335 2086 5407 obtemperans.

510 5421 646 5479 Nam
678 5422 854 5496 Cyrus
889 5422 1140 5482 Crmsum
1174 5426 1327 5482 velut
1349 5426 1671 5497 epulentum
1702 5426 2003 5493 metuebat,
2027 5440 2091 5481 ac

2192 3406 2435 3460 indicato
2468 3406 2751 3469 vaticinia.
2779 3408 2928 3478 quod
2968 3418 3096 3466 ante
3128 3412 3329 3468 multas
3384 3420 3573 3469 anates
3605 3414 3789 3472 Isaias

2190 3498 2518 3567 protulerat.

2261 3590 2495 3647 lllustris
2525 3593 2615 3648 hic
2651 3609 2745 3649 rex
2782 3595 2962 3666 Cyrus
3025 3595 3291 3658 llebrazis,
3355 3596 3451 3667 qui
3510 3609 3666 3653 erant
3722 3601 3786 3655 in

2189 3682 2525 3750 captivitate,
2553 3682 2862 3741 libertatem
2890 3694 2975 3741 est
3001 3684 3231 3755 largitus
3253 3725 3268 3750 ,
3301 3701 3565 3743 concesso
3609 3690 3788 3744 etiam

2191 3780 2252 3825 ut
2282 3772 2525 3842 ipsorum
2578 3776 2901 3846 metropolis
2942 3784 3346 3842 exstrueretur,
3377 3793 3545 3846 quam
3580 3795 3610 3832 a
3645 3780 3788 3834 fun-

2190 3861 2462 3920 damentis
2497 3865 3008 3922 Nabuchodonosor
3034 3875 3336 3922 everterat.

2260 3955 2403 4025 Cyro
2444 3966 2683 4025 mortuo,
2735 3959 2880 4014 ﬁlius
2913 3960 3033 4029 ejus
3077 3957 3376 4024 Cambyses
3406 3974 3631 4031 regnum
3652 3977 3790 4016 cum

2192 4046 2403 4116 imperii
2433 4050 2666 4117 sceptris
2681 4049 2913 4119 accepit.
2933 4049 3063 4104 Post
3088 4062 3251 4117 quem
3286 4048 3793 4118 imperavitDarius

2191 4137 2473 4209 Hystaspis
2507 4139 2673 4196 ﬁlius.
2708 4140 2894 4195 Fuerit
2921 4149 3107 4196 autem
3139 4157 3322 4213 opem
3389 4143 3629 4214 pretium
3653 4157 3792 4197 nar-

2189 4243 2316 4283 rare
2341 4228 2434 4297 qui
2469 4228 2575 4283 hoc
2602 4229 2808 4285 factum
2849 4230 2943 4286 sit.

2258 4317 2434 4391 Cyrus
2472 4336 2565 4375 rex
2603 4319 2773 4375 filiqu
2808 4321 3051 4377 habebat
3075 4324 3299 4379 nomine
3338 4309 3790 4389 Smerdim,aui-

2189 4426 2427 4476 mosum,
2488 4411 2798 4477 robustum,
2831 4412 3055 4475 fortem,
3089 4430 3437 4484 generosum.
3490 4416 3632 4471 Huic
3654 4430 3792 4473 suc-

2189 4502 2448 4556 censebat
2483 4501 2782 4574 Cambyses
2827 4513 2886 4559 ut
2924 4505 3136 4559 homini
3172 4506 3422 4570 robusto,
3453 4507 3600 4577 quod
3634 4523 3786 4576 pau-

2190 4593 2364 4647 lulum
2396 4596 2664 4665 potuisset
2696 4611 2883 4651 arcum
2917 4598 3166 4661 tendere,
3203 4616 3366 4669 quem
3397 4615 3463 4655 ex
3492 4599 3789 4671 IEtliiopia

2194 4687 2355 4759 legati
2381 4688 2701 4754 attulerant,
2731 4690 2866 4744 alias
2911 4690 3076 4745 etiam
3106 4692 3211 4761 ipsi
3242 4701 3472 4763 propter
3506 4693 3789 4750 insomnia

2195 4780 2445 4849 quaedam
2502 4780 2773 4837 invidens.
2827 4782 3039 4853 Quippe
3087 4782 3244 4839 visus
3282 4785 3391 4840 sibi
3446 4775 3790 4855 fuerat'per

2193 4874 2438 4943 quietem
2454 4874 2649 4927 solium
2671 4874 2918 4945 elegans,
2935 4876 3172 4946 regium,
3198 4877 3491 4934 altitudine
3513 4878 3789 4935 immensa

2194 4978 2446 5029 cernere,
2484 4980 2549 5020 ac
2580 4966 2637 5019 in
2665 4980 2734 5020 eo
2769 4966 3053 5023 sedentem
3098 4968 3394 5037 quemdam
3444 4970 3626 5023 virum
3660 4969 3788 5024 illu-

2194 5066 2384 5117 strem,
2420 5057 2516 5128 qui
2562 5058 2805 5113 caelestia
2832 5058 3013 5114 sidera
3035 5060 3212 5129 capite
3224 5061 3587 5132 contingeret.
3610 5061 3786 5117 Gum-

2196 5164 2304 5217 que
2329 5149 2397 5205 de
2424 5148 2660 5219 quodam
2697 5149 3098 5221 interrogasset
3125 5152 3285 5221 cujus
3327 5160 3477 5207 esset
3505 5152 3597 5206 bic
3622 5152 3782 5207 thro-

2197 5254 2324 5305 nus,
2369 5240 2620 5294 audierat
2642 5254 2764 5296 esse
2789 5240 2987 5295 solium
3020 5239 3291 5307 Smerdis,
3321 5240 3471 5309 quod
3499 5252 3782 5300 cerneret.

2196 5339 2252 5385 et
2284 5346 2411 5386 eum
2450 5330 2546 5400 qui
2594 5330 2815 5387 sederet
2863 5332 2920 5386 in
2959 5331 3118 5397 solio,
3157 5330 3432 5388 Smerdim
3458 5348 3600 5389 esse.
3640 5333 3784 5391 llinc

2197 5440 2329 5496 ergo
2356 5440 2467 5480 non
2517 5425 2726 5495 optime
2767 5439 2896 5497 erga
2946 5424 3219 5481 Smerdim
3268 5426 3497 5482 fratrem
3543 5426 3782 5484 affectus

1863 5540 2071 5607 Variae
2119 5542 2456 5606 lectiones.

585 5647 633 5681 ⁸⁸
659 5646 1041 5719 φμνώλαόῶς
1065 5647 1178 5702 AR.
1286 5647 1333 5681 ⁸⁸
1362 5644 1455 5700 τοῦ
1483 5647 1647 5714 φόνου
1678 5643 1745 5699 ῐὶ.
1847 5647 1873 5679 ⁸

585 5717 647 5769 ὴν
668 5720 759 5769 καὶ
784 5719 883 5769 τὴν
910 5722 1085 5769 ἀργὴν
1119 5719 1183 5769 R.
1262 5722 1283 5752 '
1317 5717 1415 5769 τὴν
1440 5718 1612 5769 τοιιὴν
1642 5716 1790 5769 αὐτῶ
1830 5719 1873 5769 Λ

517 5717 647 5786 ετὴν
668 5717 759 5770 καὶ
784 5719 883 5778 τὴν
910 5722 1085 5790 ἀρχὴν
1119 5719 1183 5773 R.
1262 5722 1283 5752 '
1317 5717 1415 5787 τὴν
1440 5718 1612 5819 τομην
1642 5717 1790 5786 αὐτῷ
1830 5719 1894 5777 Λ,
1919 5733 1995 5785 πρ

526 5785 592 5841 Β.
668 5786 689 5819 ⁸
716 5789 774 5851 ἐς
806 5788 965 5843 ABR.
1044 5791 1063 5821 ⁸
1093 5789 1387 5861 εὐτολμίας
1415 5788 1480 5841 ll.
1603 5790 1666 5841 ὲκ
1699 5787 1764 5840 ιι.
1863 5787 1884 5818 ⁸
1912 5788 1940 5839 6
1971 5804 1995 5837 τ

1847 5646 1892 5679 ⁸⁷
1928 5644 2054 5699 ἐσνε
2111 5644 2158 5699 ll

1699 5785 1771 5840 ιιέ
1863 5787 1884 5818 ⁸
1912 5788 1940 5839 6
1971 5788 2098 5849 παῖς
2128 5786 2239 5839 AR.
2325 5788 2344 5818 ο
2376 5785 2700 5854 ὲφιζόμενον
2743 5785 2805 5837 Α.

2283 5646 2329 5677 ’⁸
2356 5643 2597 5716 σφοδρῶς
2812 5646 2858 5677 θ’
2885 5643 3372 5716 μετακαλεῖται-11.
3515 5646 3609 5698 καὶ
3633 5663 3784 5716 γαμ-

2035 5733 2055 5775 ς
2086 5715 2261 5783 τομὴν
2291 5716 2454 5767 αὐτὸν
2480 5712 2544 5766 Β.
2623 5715 2642 5745 ³
2675 5711 2975 5784 ᾶτοπονήῆν
3003 5717 3238 5783 φανῆναι
3268 5714 3338 5768 ἢ.
3415 5716 3434 5748 ⁵
3478 5711 3781 5773 κτείννυσι.

2910 5787 2955 5818 ¹⁶
2988 5785 3157 5855 ἤρτυε
3185 5785 3251 5837 R.
