4136 6456
505 339 614 407 ἓ5θ

513 443 843 526 ’Λκαμπτος
874 452 964 526 ἦν,
1004 454 1302 517 ἀνένδοτνις,
1336 451 1514 505 οὐκέτ’
1537 451 1697 515 αὐτὸς
1733 455 1960 513 ἐκεῖνος.

515 548 680 610 Τέλος
715 547 908 618 βαρείᾳ
953 547 1198 616 μάστιγι,
1236 544 1426 598 πασῶν
1458 543 1838 614 χαλεπωτέρᾳ,

513 639 636 695 Τῶν
669 641 1032 710 πρωτοτόκων
1063 641 1140 710 τῷ
1182 639 1364 709 πικρῷ
1384 640 1426 669 ⁸⁸
1462 639 1678 705 θανάτῳ
1707 634 2060 706 δυσπαθήσας

541 731 866 802 Ελευθερίαν
895 731 1075 784 δίδωσι
1107 732 1182 801 τῷ
1210 732 1356 798 γένει
1380 731 1488 782 τῶν
1521 727 1806 797 Ἐϐραίων.

506 826 617 879 Καὶ
649 824 810 876 πάλιν
854 823 1242 892 μεταμέλεται,
1278 824 1373 876 καὶ
1404 822 1665 892 στρατιὰν
1691 818 1944 880 ὁπλίσας,

517 916 954 987 Ἀρματηλάτας,
987 917 1286 980 ίππαστὰς,
1318 915 1569 976 ὁπλίτας,
1603 911 1995 979 σακεσφόρους,

504 1007 675 1069 Λύτός
701 1008 746 1058 τ’
775 1005 1187 1075 ὲποχησάμενος
1214 1007 1422 1075 ἅρματι
1454 1003 1802 1073 χρυτηλάτῳ,

516 1100 729 1151 Ὀπίσω
771 1097 1106 1150 κατεδίωκεν
1136 1098 1358 1150 ἐκείνων
1385 1097 1459 1159 ὼς
1492 1095 1766 1163 φυγάδων,

511 1192 598 1254 Ὠς
623 1191 782 1242 πάλιν
817 1191 954 1258 πρὸς
982 1190 1079 1259 τὴν
1110 1189 1385 1256 Αἴγυπτον
1419 1186 1703 1254 Ἐϐραίους
1737 1181 2078 1252 ἀποστρέψῃ.

513 1281 792 1334 Ἐντεῦθεν
827 1279 1018 1348 -πλῆξις
1061 1279 1329 1349 Ἐρυθρᾶς
1362 1280 1456 1332 καὶ
1489 1278 1664 1348 σχίσις
1698 1278 2010 1345 καινοτέρα,

499 1372 610 1424 Καὶ
643 1369 734 1421 τοῦ
763 1370 893 1422 λαοῦ
928 1369 1181 1430 διάϐασις
1211 1369 1284 1429 ὼς
1317 1369 1408 1420 ἐπὶ
1441 1368 1611 1437 μέσης
1646 1367 1867 1436 χέρσου,

499 1462 608 1513 Καὶ
656 1459 918 1530 βυθισμδς
960 1457 1369 1528 ταγματαρχῶν
1413 1458 1520 1510 τῶν
1567 1456 2079 1526 σοϐαροπροσὼπων

499 1550 608 1604 Καὶ
633 1549 831 1618 Φαραὼ
853 1549 945 1602 τοῦ
977 1548 1322 1620 θερμουργοῦ
1352 1547 1449 1600 καὶ
1483 1546 1971 1618 τολμηροκαρδίου,

500 1645 606 1695 Καὶ
636 1643 803 1712 τάφος
836 1643 1247 1714 ὑδατόστρωτος
1275 1641 1560 1710 ὁπλιτικῆς
1591 1642 1793 1710 ἰσχύος.

500 1739 731 1790 Ἐδυςαν
771 1739 970 1796 πάντες
1003 1739 1083 1798 είς
1121 1735 1304 1805 βυθὸν,
1351 1734 1666 1803 τριστάται,
1717 1733 2072 1802 διφρηλάται’

510 1829 742 1898 Ἰχθύσιν
771 1829 1150 1899 ἐχρημάτισαν
1173 1825 1347 1895 τροφὴ
1377 1825 1788 1887 θαλασσοὸίοις’

495 1919 633 1971 Οὐδὲ
659 1919 766 1988 γὰρ
793 1919 897 1970 κᾶν
925 1919 1022 1987 τῆς
1057 1919 1344 1986 συμφορᾶς
1383 1915 1616 1983 ἄγγελος
1651 1913 2000 1984 κατελείφθη.

508 2009 787 2062 Ἐντεῦθεν
825 2008 1084 2061 ὲπινίκιοι
1114 2007 1234 2078 Θεῷ
1264 2006 1620 2077 χοροστασίαι
1640 2020 1652 2037 ·

506 2099 905 2169 Ἐμεγαλύνετο
929 2099 1083 2163 Θεὸς,
1119 2099 1214 2151 καὶ
1244 2097 1492 2170 Μωῦσῆς
1524 2096 1769 2163 ὑμνεῖτο.

496 2191 608 2244 Καὶ
648 2191 851 2260 φέγγος
885 2191 986 2261 μὲν
1017 2189 1301 2242 ἀνέτελλεν
1339 2186 1615 2258 Ἑϐραίοις
1645 2186 1985 2257 εὐφροσύνης
2007 2188 2073 2251 ³³,

494 2285 633 2346 Τοὺς
652 2283 696 2335 δ’
719 2283 1050 2351 Αίγυπτίους
1071 2279 1373 2349 σκοτασμοὶ
1390 2280 1499 2332 τῶν
1514 2278 1812 2348 συμφορῶν
1825 2278 2072 2346 ὲςύφουν.

492 2375 557 2428 ΟΞ
584 2374 639 2428 δὲ
671 2376 935 2442 φυγόντες
965 2372 1247 2439 Αἴγυπτον
1290 2367 1622 2440 Ἰσραηλῖται
1654 2367 1775 2420 τότε

508 2471 805 2540 Ἐξήκοντα
834 2469 925 2522 τὸν
953 2467 1189 2539 ἀριθμὸν
1221 2463 1361 2535 ἦσαν
1397 2465 1770 2536 μυριανδρίαι,

498 2560 660 2611 ’Λνευ
691 2558 906 2630 βρεφῶν
934 2559 1026 2610 καὶ
1050 2555 1324 2623 γυναικῶν
1352 2556 1448 2608 καὶ.
1479 2553 1686 2607 παίδων
1716 2552 1999 2606 ἀνιούλων.

503 2649 721 2718 Ἢγεῖτο
751 2649 881 2716 γοῦν
924 2651 951 2702 ὁ
991 2649 1230 2716 Μωῡσῆς
1255 2647 1348 2700 τοῦ
1383 2647 1618 2715 πλήθους
1655 2643 1750 2698 τοῦ
1792 2643 2069 2710 τοσούτου,

494 2742 605 2806 Καὶ
632 2740 962 2810 γογγυσμῶν
987 2739 1236 2810 ἠνείχετο
1260 2739 1351 2791 τοῦ
1385 2737 1713 2799 στασιώδους
1747 2738 1930 2806 δχλου,

494 2834 602 2886 Καὶ
624 2833 969 2902 πικρασμοὺς
990 2833 1115 2894 τοὺς
1136 2832 1230 2883 ἀπ’
1251 2830 1297 2862 ³⁸
1325 2830 1504 2884 αὐτῶν
1528 2831 1723 2900 ἔφερεν
1747 2829 2068 2900 εὐκαρδίως.

491 2921 634 2994 Ἧγε
658 2925 713 2980 δὲ
747 2925 967 2989 τούτους
995 2923 1234 2993 Μωϋσῆς
1265 2924 1490 2994 ἐρήμοις
1518 2923 1577 2974 ὲν
1615 2922 1857 2987 ἀϐάτοις.

1653 338 2162 399 CONSTANTINI
2207 339 2587 399 MANASSIS

2130 457 2177 512 Α
2208 449 2380 501 Τοῦτο
2407 448 2542 502 Θεοῦ
2575 447 2934 513 κελεύσαντος
2962 450 3055 504 καὶ
3085 448 3370 520 κρίναντος
3404 452 3704 520 συμφέρον.

3673 339 3778 402 Ξῦθ

2203 542 2386 612 ’Υδωρ
2425 541 2489 593 ὲκ
2535 541 2741 611 πέτρας
2780 541 2996 606 ἐσλυζε,
3037 543 3259 613 πτηνῶν
3310 542 3502 613 έδρεχε
3544 545 3670 612 sip)
3690 559 3778 608 ας,

2211 630 2605 700 Ἐμαννοδύτει,
2631 633 2726 685 καὶ
2758 633 2967 703 τροφὴν
2990 631 3264 702 ἐψώμιζεν
3294 632 3565 701 ἀγγέλων,

2208 721 2296 784 ὀς
2332 720 2490 784 ἀετὸς
2529 720 2833 784 ὲσκέπαζεν
2866 722 3098 784 ἀετιδεῖς
3130 722 3425 792 ἀπτέρους.

2195 815 2416 868 ’Ὠδευον
2439 815 2617 866 τοίνυν
2648 813 2883 876 ἁκλινῶς
2913 817 2993 877 εἰς
3025 815 3125 885 τὴν
3161 815 3600 885 ἐπηγγελμένην,

2194 904 2308 975 Τὴν
2341 907 2436 958 ἀπ’
2459 905 2739 971 Αἰγύπτου
2765 905 2810 958 δ’
2843 905 2947 968 ἓως
2977 906 3080 975 γῆς
3108 907 3274 976 ὁρίων
3304 906 3670 977 Παλαιστίνης

2203 986 2291 1043 Ἐν
2322 991 2466 1052 ὅλοις
2492 993 2911 1062 τεσσαράκοντα
2940 997 3052 1057 τοῖς
3079 993 3226 1047 ἔτεσι
3257 994 3493 1064 διῆλθον.

2190 1084 2297 1135 Καὶ
2328 1085 2436 1136 πᾶν
2462 1083 2952 1154 δυσκαταμάχητον
2980 1085 3132 1147 ἔθνος
3165 1087 3257 1137 καὶ
3294 1086 3593 1155 φρικαλέον

2189 1173 2298 1224 Καὶ
2325 1173 2480 1240 γένος
2506 1176 2614 1226 πᾶν
2652 1173 2954 1242 ἀλλόφυλον
2986 1175 3080 1226 καὶ
3107 1175 3314 1245 πλῆρες
3344 1175 3666 1241 δυσσεϐείας

2198 1267 2283 1328 Ὠς
2305 1268 2624 1333 δρεπανῖται
2651 1267 2803 1336 λήϊον
2833 1266 3147 1336 ὲθέρισαν³⁷
3177 1267 3414 1338 ῥιζόθεν.

2267 1357 2403 1410 Ἀλλ’
2436 1359 2465 1410 ὀ
2497 1358 2596 1425 μὲν
2631 1357 2772 1420 θεῖος
2800 1357 3038 1427 Μωῦσῆς
3067 1357 3158 1410 τὸν
3193 1358 3307 1426 βίον
3335 1359 3641 1427 ἀπολείπει,

2189 1447 2364 1500 Πολὺν
2386 1446 2558 1500 αὑτοῦ
2594 1445 2908 1500 καταλιπὼν
2943 1447 3108 1501 πόθον
3134 1451 3246 1510 τοῖς
3275 1450 3593 1518 ὁμοφύλοις,

2183 1539 2290 1591 Κα“·
2327 1539 2492 1606 νόμον
2521 1538 2644 1599 δοὺς
2686 1537 2792 1590 ὑπὸ
2819 1537 2955 1591 Θεοῦ
2988 1538 3186 1601 πλαξὶν
3222 1540 3702 1610 ἐγγεγραμμένον,

2183 1631 2398 1700 ’Ὠσπερ
2432 1629 2608 1698 ἀστὴρ
2643 1629 2964 1698 ¹ἡμεραυγὴς
3009 1630 3114 1681 ὑπὸ
3146 1629 3243 1699 τὴν
3281 1630 3388 1697 γῆν
3431 1631 3665 1703 ἐκρύϐη.

2183 1721 2337 1773 Μετὰ
2373 1719 2579 1788 Μωσῆν
2613 1719 2706 1772 δ’ὁ
2744 1719 2845 1771 τοῦ
2874 1719 3032 1787 Ναυῆ
3066 1722 3195 1781 παῖς
3232 1720 3436 1789 Ἰησοῦς
3479 1722 3743 1791 κυροῦται

2106 1798 2150 1856 Β
2181 1811 2286 1864 Τοῦ
2312 1811 2613 1880 δημαρχεῖν
2644 1813 2737 1862 καὶ
2770 1809 3161 1882 προστατεῖν⁸⁸
3209 1811 3302 1863 τοῦ
3346 1813 3455 1865 τῶν
3498 1813 3781 1884 Ἐϐραίων

3414 1903 3687 1975 [σμήνους
3704 1905 3774 1959 ⁸⁸.

2179 1986 2346 2054 Οὗτος
2373 1993 2555 2055 αὐτοῖς
2587 1993 2903 2063 κληροδοτεῖ
2931 1994 3029 2062 τὴν
3061 1995 3165 2062 γῆν
3200 1998 3297 2063 τῆς
3332 1996 3727 2065 Παλαιστίνης,

2185 2090 2286 2140 Ἢν
2308 2088 2673 2158 ἐπηγγείλατο
2692 2088 2824 2151 Θεὸς
2853 2091 3196 2158 προπάτορσι
3224 2093 3336 2153 τοῖς
3369 2090 3556 2154 θείοις,

2179 2180 2292 2231 Καὶ
2319 2179 2429 2231 τῶν
2469 2179 2650 2248 φυλῶν
2677 2180 2933 2248 ἐμέρισεν
2958 2181 3163 2250 ἑκάστῃ
3195 2181 3255 2232 τὸ
3285 2181 3588 2248 προσῆκον.

2183 2271 2344 2320 Ἀνευ
2378 2271 2551 2338 φυλῆς
2578 2271 2676 2339 τῆς
2709 2270 2800 2322 τοῦ
2835 2271 2966 2323 Λευῒ
2995 2288 3006 2301 ·
3054 2271 3224 2340 ταύτῃ
3271 2272 3380 2340 γὰρ
3422 2272 3543 2324 ἀντὶ
3573 2271 3775 2340 λάχους

2179 2359 2259 2412 Τά
2282 2359 2375 2414 τοῦ
2408 2361 2543 2413 Θεοῦ
2577 2363 2669 2413 καὶ
2698 2362 2772 2430 τῷ
2791 2362 2836 2392 ⁸⁸
2870 2361 2987 2430 Θεῷ
3018 2361 3545 2432 κατεκληροδοτήθη.

2177 2447 2346 2515 Οὗτος
2373 2454 2640 2516 δυνάστας
2660 2455 2895 2523 Χαναὰμ
2914 2452 3010 2507 καὶ
3029 2454 3236 2515 πάντας
3253 2456 3380 2516 τοὺς
3403 2451 3774 2523 προσχώρους

2188 2543 2382 2606 Ῥιζῶν
2415 2543 2622 2597 ἀνεῖλεν
2662 2545 2757 2596 ἀπ’
2785 2544 2962 2598 αὐτῶν
3001 2543 3250 2614 βραχίονι
3289 2544 3530 2614 μεγάλῳ.

2178 2633 2286 2686 Καὶ
2316 2632 2509 2685 τούτου
2541 2633 2829 2697 διαϐάντος
2858 2633 2922 2703 δὴ
2952 2635 3052 2704 τὴν
3084 2634 3266 2704 διλμην
3294 2634 3391 2704 τὴν
3420 2633 3513 2686 τοῦ
3545 2633 3686 2704 βίον,

2177 2725 2380 2794 Κριταὶ
2413 2727 2688 2794 κατῆρχον
2718 2725 2811 2778 τοῦ
2847 2725 2979 2779 λαοῦ
3022 2727 3114 2779 καὶ
3151 2727 3329 2780 πάντα
3363 2725 3690 2796 διεκόσμουν

2177 2817 2388 2885 Μέχρις
2429 2817 2573 2868 ’Πλεῖ
2608 2820 2698 2869 καὶ
2730 2818 2981 2886 Σαμουὴλ
3003 2819 3094 2870 τοῦ
3125 2819 3640 2888 προφητικωτάτου.

2175 2908 2321 2972 Ἕως
2348 2909 2446 2978 μὲν
2476 2905 2568 2962 οὖν
2597 2911 2850 2979 ἐνέμενον
2883 2913 2996 2972 τοῖς
3031 2911 3219 2979 νόμοις
3249 2911 3360 2974 τοῖς
3389 2910 3598 2973 ὲνθέοις

3431 3046 3586 3101 Vers.
3625 3046 3763 3102 1091

496 3168 564 3222 At
589 3167 680 3221 ubi
711 3167 879 3238 plaga:
913 3177 1244 3228 cessassent,
1284 3165 1452 3220 homo
1487 3165 1638 3220 dura:
1670 3167 1900 3220 cervicis
1934 3175 2072 3221 erat,
2102 3134 2146 3197 θ
2180 3155 2336 3212 Sicut
2361 3159 2543 3228 aquila
2575 3157 3770 3229 operuitpullosimplumcs.Proﬁeisceban-

496 3261 742 3315 Tandem
780 3259 928 3329 gravi
964 3258 1180 3326 ﬂagello
1219 3259 1545 3326 eteterisque
1581 3257 1826 3318 saiviore,
1869 3258 2074 3326 primo—

495 3348 807 3418 genitorum
859 3345 1122 3400 videlicet
1184 3354 1360 3399 morte
1409 3354 1719 3398 commotus
1765 3345 2074 3398 libertatem

498 3437 850 3490 llebrazorum
902 3435 1107 3490 nationi
1158 3435 1430 3490 concedit.
1468 3435 1570 3490 Sed
1613 3452 1806 3490 rursus
1843 3436 2072 3490 eosdem

495 3530 564 3582 ab
600 3527 794 3580 itinere
839 3536 1080 3591 revocat,
1111 3527 1449 3597 armatisque
1502 3528 1698 3583 validis
1745 3529 1921 3598 copiis
1961 3529 2076 3599 ipse

498 3628 700 3672 vectus
749 3632 915 3671 aurea
960 3617 1013 3671 in
1060 3617 1322 3688 quadriga
1369 3620 1714 3688 persequitur
1750 3619 2016 3673 abeuntes
2046 3633 2076 3671 a

493 3716 644 3777 tergo
680 3717 934 3777 tanquam
963 3707 1244 3777 fugitivos.
1301 3707 1432 3763 lude
1463 3709 1634 3763 Rubri
1679 3709 1847 3763 maris
1877 3709 2077 3763 accidit

491 3798 803 3852 verberatio
845 3807 903 3851 et
949 3814 1088 3852 nova
1121 3797 1492 3870 inusitataquc
1518 3799 1740 3866 divisio,
1779 3801 2076 3870 populique

492 3891 759 3945 transitus
788 3898 1046 3962 tanquam
1076 3892 1256 3946 media
1293 3892 1346 3946 iu
1386 3901 1553 3956 terra,
1589 3901 1645 3948 et
1676 3892 1900 3960 superbi
1934 3891 2077 3946 Phil-

491 3981 678 4036 raonis
707 3981 909 4037 ducum
944 3982 1240 4046 demersio,
1293 3995 1740 4055 armatarumque
1787 3985 2073 4055 copiarum

491 4075 548 4129 in
579 4075 737 4144 aquis
760 4085 988 4130 stratum
1022 4077 1363 4147 sepulcrum.
1411 4079 1557 4132 Facti
1589 4088 1717 4132 sunt
1750 4094 1874 4133 esca
1909 4079 2074 4146 pisci-

493 4168 596 4222 bus
626 4169 679 4222 in
708 4170 845 4223 mari
885 4170 1218 4223 viventibus.
1245 4171 1457 4224 Etenim
1487 4187 1556 4226 ne
1591 4171 1821 4225 nuntius
1854 4171 2072 4239 quidem

491 4261 662 4315 eladis
710 4271 995 4331 superstes
1055 4260 1178 4315 luit.
1233 4261 1369 4315 l-linc
1409 4262 1674 4317 institutae
1718 4272 1848 4317 sunt
1878 4263 2076 4316 trium-

496 4352 690 4422 phales
732 4353 845 4407 Deo
898 4353 1134 4406 choreae.
1169 4351 1578 4406 Praedicabatur
1606 4354 1772 4414 Deus.
1812 4369 1875 4408 ac
1900 4353 2075 4407 Muses

488 4442 923 4510 celebrabatur;
973 4441 1216 4498 Hebraeis
1258 4443 1457 4498 laetitia!
1501 4443 1760 4511 splendor
1793 4444 2076 4499 illucesce-

491 4535 606 4598 bat,
648 4549 774 4588 cum
823 4532 1064 4604 (Egyptii
1116 4533 1347 4604 caligine
1397 4533 1563 4588 densa
1604 4537 2071 4605 opprimerentur.

488 4623 744 4679 Israelita:
795 4631 976 4677 autem
1005 4623 1099 4692 qui
1137 4623 1192 4676 id
1254 4623 1519 4693 temporis
1544 4639 1610 4678 ex
1645 4624 1878 4694 IEgvpto
1905 4624 2081 4693 fugie-

488 4714 642 4780 bant,
674 4725 830 4769 erant
863 4729 1097 4770 numero
1138 4726 1396 4770 sexcenta
1446 4714 1692 4770 virorum
1732 4716 1923 4780 millia,
1958 4717 2075 4771 sine

487 4806 708 4860 feminis
732 4818 788 4862 et
822 4806 1126 4860 infantibus
1158 4815 1214 4860 et
1260 4800 1608 4860 imberbibus
1645 4806 1852 4876 pueris.
1887 4806 2074 4861 Tanue

489 4897 657 4966 igitur
684 4897 1055 4952 multitudinis
1095 4897 1208 4951 dux
1234 4905 1353 4950 erat
1375 4897 1574 4959 Moses,
1598 4906 1653 4951 et
1684 4899 2071 4954 murmuratio-

490 5004 588 5042 nes
618 4989 895 5044 seditiosa:
926 4989 1102 5044 turba:
1144 4987 1438 5052 tolerabat,
1475 4991 1912 5059 acerbitatesque
1937 5006 2068 5059 pro-

487 5077 658 5133 fectas
703 5080 770 5133 ab
818 5079 952 5150 ipsis
983 5079 1102 5134 miti
1151 5078 1315 5134 corde
1345 5078 1579 5134 ferebat.
1611 5080 1856 5134 Ducebat
1882 5091 2065 5135 autem

485 5185 584 5224 eos
639 5170 814 5224 Moses
867 5187 965 5240 per
1008 5172 1336 5226 solitudines
1391 5173 1569 5227 invias
1614 5181 1671 5226 et
1742 5174 2075 5239 inaccessas,

493 5262 957 5330 quemadmodum
1002 5265 1288 5318 mandarat
1322 5265 1468 5320 Deus
1510 5274 1567 5319 et
1611 5264 1875 5333 expedire
1901 5273 2078 5318 statu-

490 5363 632 5407 erat.
686 5355 896 5423 Aquam
945 5357 1189 5410 excussit
1236 5371 1267 5410 e
1303 5371 1460 5416 saxo,
1497 5356 1760 5410 carnibus
1786 5356 2076 5410 volucrum

497 5443 658 5514 ptuit,
693 5459 892 5499 manna
920 5445 1076 5500 dedit
1097 5446 1198 5511 eis,
1229 5447 1547 5516 angelorum
1591 5446 1716 5501 cibo
1747 5462 1876 5500 suos
1907 5447 2076 5517 pavit.

2183 3259 2273 3304 tur
2315 3250 2483 3320 igitur
2523 3261 2670 3304 recta
2725 3251 2778 3304 in
2829 3261 3028 3306 terram
3062 3252 3386 3321 promissam
3428 3251 3497 3305 ab
3529 3249 3773 3322 [Egypto

2182 3358 2356 3411 usque
2388 3343 2453 3396 ad
2490 3345 2625 3396 iincs
2656 3352 2815 3397 terrm
2847 3343 3169 3398 Palaestinae.
3227 3343 3382 3397 Totis
3409 3358 3542 3397 vero
3566 3343 3773 3397 solitu-

2179 3433 2366 3488 dinem
2394 3435 2555 3488 annis
2601 3435 2962 3504 quadraginta
3013 3441 3396 3504 peragrarunt,
3430 3447 3771 3504 omnemque

2178 3525 2457 3579 nationem
2482 3525 2796 3580 bellicosam
2821 3541 2881 3579 ac
2900 3525 3199 3579 terribilem
3219 3533 3273 3579 et
3292 3533 3508 3595 gentem
3531 3540 3760 3580 onmem

2182 3616 2544 3686 alienigenam
2574 3627 2628 3670 et
2659 3616 2956 3685 impietatis
2995 3616 3210 3685 plenam
3260 3615 3510 3671 funditus
3548 3615 3774 3671 demes«

2181 3717 2433 3774 suerunt,
2472 3718 2530 3762 ιιι
2579 3719 2819 3778 segetem
2871 3723 3154 3762 messores
3189 3722 3436 3762 1⁸050031⁵8
3461 3722 3774 3764 εοῐιειιονθ-

2183 3807 2334 3852 runt.

2251 3889 2494 3945 Tandem
2529 3889 2750 3945 divinus
2780 3890 2868 3944 ille
2903 3891 3077 3944 Moses
3098 3905 3128 3945 e
3159 3890 3272 3944 vita
3300 3891 3517 3959 migrat,
3563 3905 3768 3961 magno

2177 3983 2388 4037 nationi
2425 3982 2704 4038 desiderio
2735 3984 2816 4038 sui
2849 3983 3083 4050 relicto;
3118 3983 3355 4052 dataque
3389 3983 3496 4038 illis
3527 3983 3644 4054 lege
3675 3983 3768 4036 di-

2175 4077 2384 4129 vinitus
2416 4076 2618 4129 tabulis
2652 4075 2936 4144 inscripta,
2978 4075 3162 4128 diurni
3215 4075 3412 4130 sideris
3458 4075 3628 4129 instar
3656 4073 3768 4129 sub

2178 4176 2379 4220 terram
2421 4177 2503 4221 est
2561 4169 2888 4220 Occultatus.
2943 4167 3075 4220 Post
3130 4166 3331 4220 Mosem
3375 4175 3558 4221 autem
3592 4165 3764 4222 Jesus

2173 4259 2334 4312 Navae
2368 4259 2511 4312 illius
2543 4259 2920 4321 coniirmatur,
2951 4267 3013 4312 ut
3065 4258 3321 4312 tribunus
3366 4273 3429 4312 ac
3464 4257 3765 4327 praefectus

2174 4347 2527 4401 Hebraeorum
2560 4347 2800 4400 nationis
2827 4356 2992 4402 esset.
3019 4348 3114 4404 Hic
3149 4362 3247 4419 per
3281 4358 3483 4403 sortem
3513 4347 3592 4402 eis
3644 4355 3763 4400 ter-

2180 4455 2294 4492 ram
2354 4439 2694 4493 Palaestinam
2753 4439 3054 4505 distribuit,
3109 4455 3272 4510 quam
3313 4440 3457 4495 Deus
3510 4440 3760 4512 ipsorum

2181 4531 2485 4600 majoribus
2540 4533 2890 4600 promiserat.
2951 4531 3236 4587 Concessit
3287 4543 3472 4587 autem
3524 4532 3760 4603 singulis

2178 4622 2436 4676 tribubus
2461 4633 2669 4692 partem
2701 4637 2877 4689 suam,
2930 4632 3157 4693 excepta
3201 4623 3330 4678 Levi
3378 4618 3586 4678 tribu:
3629 4639 3759 4678 nam

2176 4715 2251 4768 illi
2281 4717 2446 4768 sortis
2474 4729 2587 4768 suae
2633 4714 2755 4769 loco
2794 4729 2883 4768 res
2917 4715 3132 4770 divinae
3169 4731 3278 4769 una
3329 4729 3454 4770 cum
3499 4716 3618 4785 ipso
3645 4715 3760 4772 Deo

2175 4806 2514 4875 obtigerunt.
2570 4804 2671 4859 llic
2724 4813 2781 4859 ct
2826 4805 3105 4876 principes
3146 4805 3484 4861 Chananzeos
3530 4819 3585 4861 et
3632 4822 3758 4861 om-

2176 4913 2274 4952 nes
2347 4897 2648 4962 ﬁnitimos,
2707 4897 2813 4967 23
2878 4899 2946 4952 ab
2993 4898 3146 4970 ,ipsis
3207 4914 3382 4968 usque
3439 4899 3756 4968 radicibus,

2173 4990 2300 5044 forti
2338 4991 2568 5044 brachio
2591 4991 2813 5045 evulsit.
2842 4989 2978 5045 Cum
3009 5000 3192 5046 autem
3220 4999 3277 5046 et
3305 4993 3424 5061 ipse
3448 4992 3572 5046 vitae
3591 4991 3759 5062 hujus

2176 5098 2328 5138 mare
2364 5083 2683 5153 trajecisset,
2717 5084 2934 5154 judices
2956 5085 3218 5155 papulum
3256 5085 3534 5140 habebant
3563 5085 3617 5138 in
3654 5099 3760 5152 po-

2176 5182 2372 5228 testate
2400 5174 2695 5244 omniaque
2729 5176 3132 5246 gubernabant,
3163 5190 3337 5248 usque
3366 5177 3432 5232 ad
3459 5176 3540 5230 Eli
3571 5183 3626 5230 et
3652 5175 3758 5230 Sa-

2176 5266 2411 5320 muelem
2450 5276 2629 5320 vatem
2656 5268 2974 5322 maximum.
3023 5267 3198 5333 Quam
3230 5268 3454 5339 quidem
3483 5267 3578 5322 diu
3609 5267 3756 5320 divi-

2176 5357 2265 5410 nis
2293 5357 2509 5425 legibus
2539 5368 2858 5413 constanter
2891 5358 3234 5414 inlirerebant
3265 5361 3545 5428 Deumque
3569 5356 3754 5412 cordi-

2179 5449 2282 5502 bus
2310 5465 2419 5502 non
2472 5449 2742 5520 ambiguis
2786 5450 3212 5517 venerabantur,
3263 5450 3456 5521 quavis
3498 5460 3659 5520 gente
3683 5465 3751 5506 ac

1839 5568 2042 5629 Variae
2076 5567 2410 5632 iectiones.

557 5684 605 5719 ⁸⁸
639 5687 796 5762 δεινῷ
858 5691 1010 5762 lill._
1036 5692 1121 5762 k”
1157 5690 1466 5762 εὐφροσύνη
1501 5689 1565 5757 Β,
1599 5692 1938 5762 εὐφροσύνην
1968 5693 2030 5745 Δ.

491 5755 560 5811 Β.
637 5760 682 5791 ³⁸
705 5755 893 5829 γένους
933 5759 1095 5817 ABR.
1163 5763 1208 5794 ⁴⁰
1235 5755 1327 5815 καὶ
1349 5755 1654 5833 τῷγτε-καὶ
1674 5755 1795 5815 λιι.
1822 5755 2135 5832 αιίκωῦτήῖ

2148 5696 2191 5727 ³⁸
2217 5695 2308 5750 ὑπ’
2335 5695 2447 5752 AR.

2544 5699 2588 5731 "
2619 5698 2862 5771 ἐθέριζον
2901 5697 3014 5755 RR.
3129 5700 3174 5733 ³⁸
3207 5717 3400 5774 προστ.
3422 5689 3749 5774 στρατηγεῖν
