2068 3210
218 170 272 204 261

218 224 279 252 Καὶ
293 232 338 250 τον
350 223 419 250 θεὸν
433 224 561 251 ἐσέϐοντο
574 225 698 260 καρδίαις
712 225 895 257 ἅδιστὰκτοις,

222 269 338 301 Ἕονονς
352 269 501 306 ὑπέρτεροι
514 270 615 302 παντὸς
625 271 672 297 καὶ
689 271 785 305 γένους
801 270 958 305 ὲτηροῦντο,

221 316 278 343 Καὶ
293 315 363 343 κατὰ
374 315 441 351 ῥοῦν
455 316 570 352 ἐφέρετο
585 316 690 348 τούτοις
705 318 719 343 ὁ
735 316 791 351 βίος
804 316 888 349 ἅπας.

227 362 325 389 Ἦνίκα
339 361 363 388 δ’
372 362 537 398 ἐξεφέροντο
547 363 617 398 πρὸς
629 362 855 398 εἱδωλολατρείαν

221 407 279 434 Καὶ
293 407 486 444 προσετίθεντο
501 408 574 440 θεοῖς
589 408 706 443 ἀψύχοις
722 409 769 435 καὶ
788 408 925 443 ματαίοις,

223 453 332 485 Εὐθέως
344 453 521 488 παρεδίδοπο
535 455 592 486 τοῖς
611 454 757 489 δυσμενέσι
769 454 868 480 δοῦλοι.
975 487 980 494 ¹

220 498 313 534 Μέχρι
324 499 374 534 μὲν
384 497 432 526 οὖν
440 500 488 527 καὶ
499 500 628 535 Σαμουὴλ
639 501 731 534 κριταὶ
743 501 846 528 τούτων
858 501 997 537 κατῆρχον
1006 510 1013 517 ·

221 543 302 569 Μετὰ
314 543 344 570 δὲ
356 543 444 570 ταῦτα
460 544 588 578 βασιλεὺς
604 545 750 580 αἰτήσασιν
766 545 845 579 ἐδόθη

228 588 297 614 ’Δπὺ
307 588 423 623 φυλῆς⁵³
443 589 575 625 Βενιαμὶν
589 590 676 616 Σαοὺλ
691 590 739 616 τοῦ
758 591 810 622 Kl;
825 591 839 617 ὁ
852 592 941 626 γόνος.

223 633 280 659 Καὶ
298 633 367 667 μετὰ
378 633 473 661 τοῦτον
485 635 499 661 ὁ
512 635 594 661 Δα6ὶδ
606 636 620 661 ὁ
633 635 721 670 μέγας
735 636 763 662 ὲν
776 638 929 672 προφήταις
939 638 961 653 δ’

222 678 278 705 Τοῦ
287 678 383 713 γένους
394 680 504 716 κράτωρ
517 681 634 715 γίνεται,
648 681 796 717 θρέμματα
808 683 868 709 τότε
882 684 972 719 νέμων
981 684 1013 715 ⁸³.

222 724 281 751 Καὶ
295 725 411 761 καθεξῆς
424 728 600 762 τρισκαίδεκα
616 728 713 763 μέχρις
732 729 868 764 Ἰεχονίου,

221 770 284 805 Ἐφ’
297 769 328 797 οὗ
342 771 373 797 et
385 771 476 807 τρίτον
491 773 612 800 ἐπελθὼν
634 775 647 800 δ
663 775 897 810 Ναϐουχοδονόσορ

221 815 280 851 Τὴν
294 816 371 844 πόλιν
384 817 529 853 ἐνεπύρισε
545 819 651 846 καὶτὸν
663 821 728 846 ναὸν
743 821 788 846 τὸν
803 820 888 851 θεῖον,

222 862 281 888 Καὶ
296 862 342 889 τὸν
355 862 420 890 λαὸν
436 863 589 902 μετῴκισεν
604 866 633 892 ἐν
648 866 725 901 χώρᾳ
738 866 911 894 Βαὸυλῶνος.

793 172 1046 203 COMPENDIUM
1068 172 1307 203 CHRONICUM.
1805 173 1858 205 2ίὲ

1034 230 1058 258 Α
1072 225 1127 252 Καὶ
1141 226 1234 261 μήτηρ
1247 226 1416 261 ἐχρημάτισε
1431 226 1535 253 πολλῶν
1550 227 1581 254 ὲκ
1594 227 1689 255 τούτου
1706 229 1821 257 παίδων.

1068 271 1186 305 Ἔχουσα
1201 271 1266 304 γοῦν
1280 272 1351 297 κατὰ
1365 272 1484 307 γαστρὸς
1498 273 1545 299 καὶ
1560 273 1628 308 πρὸς
1638 274 1669 300 τὸ
1676 274 1780 301 τίκτειν
1792 272 1858 301 οὖσα

1065 316 1215 351 Φοῦήτροις
1232 317 1396 352 ἐκτεθρδητο
1411 318 1551 352 νυκτέρων
1566 318 1732 354 ὀνειράτων·

1065 363 1179 389 Βλέπειν
1191 362 1244 397 γὰρ
1258 362 1333 395 ἔδοξε
1346 363 1425 389 δαλὸν
1442 364 1555 398 φλόγεον
1571 364 1724 400 ἁνθρακίαν

1072 408 1118 435 Ἐκ
1127 409 1175 444 τῆς
1184 408 1275 440 αἰδοῦς
1284 408 1481 444 προκύπτοντα
1490 409 1603 445 ταύτης,
1612 411 1659 437 καὶ
1668 412 1856 447 πυρπολοῦνῐα

1066 454 1121 489 Τὴν
1140 455 1214 481 πόλιν
1228 454 1338 482 ἅπασαν
1355 454 1424 490 ὁμοῦ
1441 455 1488 481 καὶ
1504 456 1555 487 τὰς
1570 456 1619 490 τῆς
1636 457 1709 492 Ἴδης
1725 457 1803 490 ὕλας.

1073 500 1178 527 ’Δκούει
1190 501 1269 527 τοῦτο
1288 501 1423 536 Πρίαμος,
1442 503 1499 533 τοῖς
1516 502 1630 536 μάντεσι
1647 503 1804 531 κοινοῦται·

1065 546 1203 573 Μανθάνει
1217 547 1352 582 χρήσιμον
1367 547 1441 582 αὑτῷ
1456 548 1583 582 γενέσθαι
1604 549 1652 575 καὶ
1666 551 1698 584 τῇ
1717 550 1804 582 πόλει,

1066 592 1115 618 "Av
1129 591 1160 617 τὸ
1174 592 1411 627 γεννηθησόμενον
1434 592 1539 627 θηρίοις
1559 593 1684 628 ἐκτεθείη
1693 593 1716 609 ιδ

1067 637 1102 663 ’Ἡ
1113 637 1151 671 τῷ
1168 637 1234 671 πυρὶ
1251 637 1289 672 τῷ
1305 637 1446 673 καυστικῷ
1466 638 1534 672 πρὸς
1550 638 1662 674 ὄλεθρον
1680 639 1787 674 ῥιφείη.

1064 682 1142 709 Μετὰ
1155 683 1253 718 μικρὸν
1267 684 1289 710 δ’
1310 683 1486 718 Ἀλέξανδρος
1500 683 1626 719 ἐξέθορεν
1644 685 1685 716 είς
1700 685 1778 719 φάος,

1065 728 1169 762 Χαρίεν
1184 727 1284 762 βρέφος
1292 728 1324 761 ⁶⁹ι
1344 728 1493 764 εὐπρεπὲς,
1510 729 1618 755 ἀστεῖον
1635 730 1674 765 τῷ
1687 731 1837 766 προσώπῳ.

1071 772 1172 806 Ἐχρῆν
1189 772 1239 807 μὲν
1260 772 1306 799 οὖν
1319 773 1365 799 τὸν
1386 774 1509 809 Πρίαμον
1527 774 1701 810 μελλήσαντα
1714 776 1775 811 μηδ¹
1788 777 1856 808 ὅλως

1064 817 1151 848 Εὐθὺς
1166 817 1308 853 προκύψαν
1323 819 1355 845 ἐκ
1368 819 1487 854 γαστρὸς
1501 819 1531 845 τὸ
1547 819 1646 854 βρέφος
1658 821 1802 855 ἀφανίσαι,

1071 863 1258 897 Ἐξαφανίζειν
1274 865 1412 896 παντελῶς
1431 866 1541 892 ἃπασαν
1556 866 1649 901 χώραν
1666 867 1760 901 μέλλον
1770 867 1810 884 ⁸⁸·

258 906 314 934 Τοῦ
331 907 361 934 δὲ
374 908 457 935 Δασὶδ
471 910 657 945 κατάρξαντος
671 911 735 945 ἄρτι
752 912 805 938 τῶν
825 912 968 946 ὸμςφύλων
978 912 1011 946 ιι,
1030 906 1050 932 Β
1071 908 1100 935 Ὀ
1122 908 1150 934 δὲ
1166 911 1197 943 τῇ
1215 909 1294 943 φύσει
1313 910 1434 945 νικηθεὶς
1451 911 1571 945 φείδεται
1585 912 1631 938 τοῦ
1646 912 1800 947 τεχθέντος.

227 952 259 979 ’0
271 955 340 988 πρδς
354 954 416 986 τοὺς
429 954 527 989 Τρῶας
543 955 663 991 πόλεμος
681 957 811 992 Ἕλλησιν
826 959 974 994 ἐκροτήθη,

220 998 310 1034 Χάριν
327 999 436 1035 Ἑλένης
451 1002 576 1036 γαμετῆς
591 1001 674 1037 οῠσης
690 1002 737 1029 τοῦ
756 1004 906 1030 Μενελάου.

219 1044 330 1080 Ταύτην
349 1045 404 1080 ἐγὼ
418 1045 581 1081 βουλόμενος
600 1048 649 1083 τὴν
667 1048 757 1084 μάχην
780 1050 922 1084 ἱστορῆσαι

219 1090 322 1123 Καθὼς
334 1092 390 1124 τοῖς
406 1092 566 1128 ίστορήσασι
585 1094 720 1129 γράφεται
738 1095 801 1131 περὶ
819 1096 930 1131 ταύτης,

219 1138 278 1164 Καὶ
292 1138 398 1174 μέλλων
412 1139 502 1174 λέγειν
517 1141 547 1167 οὺ
564 1140 656 1173 καθὼς
671 1142 796 1178 Ὅμηρος
811 1143 1009 1178 ἀναγράφειδθ,

219 1183 393 1220 Συγγνώμην
408 1185 587 1222 ἑξαιτήσομαι
603 1190 678 1223 παρὰ
693 1189 747 1215 τῶν
762 1190 956 1224 εὐγνωμόνων.

221 1229 348 1265 ὀμηρος
359 1230 413 1265 γὰρ
422 1231 445 1247 ⁸⁸
455 1232 469 1258 ὁ
482 1232 608 1268 μελιχρὸς
621 1234 671 1269 τὴν
684 1235 807 1268 γλῶτταν
820 1236 865 1262 καὶ
876 1235 1011 1267 θελξίνους

219 1275 352 1308 Μεθόδοις
365 1277 505 1312 χρώμενος
520 1281 616 1314 σοφαῖς
631 1281 769 1316 οἰκονομεῖ
786 1282 848 1313 τοὺς
863 1282 969 1316 λόγως,

227 1320 352 1356 Ἐνιαχοῦ
366 1322 394 1348 δὲ
406 1323 439 1349 τὰ
454 1323 540 1351 πολλὰ
554 1325 665 1360 στρέφει
681 1326 728 1352 καὶ
744 1327 927 1362 μεταστρέφει
940 1328 974 1355 ⁸⁷.

228 1366 312 1394 Ἀλλὰ
320 1368 374 1404 γὰρ
386 1368 436 1404 ἤδη
450 1377 496 1405 μοι
508 1370 599 1398 λοιπὸν
614 1371 702 1397 ταῦτα
714 1371 867 1407 διηγητέον·

257 1412 303 1448 Τῷ
316 1413 500 1449 Λαομέδοντος
514 1416 589 1443 παιδὶ
600 1417 638 1451 τῷ
654 1417 839 1453 φυλαρχοῦντι
858 1419 960 1453 Τρώων

220 1457 340 1495 Πριάμῳ
355 1459 472 1495 σύζυγος
487 1463 570 1496 συνῆν
593 1461 696 1498 Ἑκάϐη
710 1464 775 1494 παῖς
792 1465 927 1497 Κισσέως,

1066 954 1193 988 Νομίζων
1206 955 1233 981 δὲ
1250 955 1413 989 σοφίσασθαι
1430 957 1460 983 τὸ
1478 957 1623 992 δραστικὸν
1643 959 1691 992 τῆς
1707 958 1802 993 τύχης,

1070 999 1187 1030 ’Λλλοις
1202 1000 1443 1035 ὲκτραφησόμενον
1459 1002 1598 1038 ἐκτίθησιν
1608 1004 1648 1035 εἰς
1664 1004 1752 1039 χῶρον
1767 1005 1785 1023 ¹¹

1066 1044 1117 1071 Τὸν
1131 1046 1179 1072 ἀπ’
1195 1046 1277 1072 αὑτοῦ
1291 1046 1338 1073 τοῦ
1353 1047 1470 1083 Πάριδος
1489 1048 1590 1083 Πάριον
1607 1049 1783 1084 κεκλημένον.

1067 1091 1200 1126 Ἐρριπτο
1219 1091 1308 1119 τοίνυν
1326 1093 1444 1128 ἀμελῶς.
1466 1090 1553 1129 Εὗρον
1574 1095 1640 1121 αὐτὸ
1657 1095 1797 1129 ποιμένες,

1071 1135 1258 1171 ᾨκτείρησαν,
1272 1138 1418 1165 ἀνείλοντο.
1440 1139 1576 1174 Κήδονται
1592 1140 1640 1166 τοῦ
1655 1140 1765 1175 νηπίου,

1065 1181 1119 1206 Καὶ
1134 1181 1271 1215 βρεφικῶς
1283 1183 1305 1198 δ’
1323 1184 1486 1219 ἐκτρέφουσι
1505 1185 1591 1221 Πάριν
1606 1186 1790 1221 ὡνομακότες.

1067 1226 1135 1261 ’Ἤδη
1152 1226 1174 1251 δ’
1188 1227 1270 1253 αὐτὸν
1290 1228 1438 1261 ἐγγίσαντα
1458 1230 1600 1265 μειράκων
1619 1231 1714 1266 ἡλικία

1071 1270 1100 1295 '0
1120 1271 1244 1305 Πρίαμος
1259 1273 1399 1299 συνέστιον
1415 1274 1497 1301 αὐτὸν
1509 1275 1731 1309 παραλαμϐάνει,

1064 1316 1187 1355 Νομίσας
1204 1318 1242 1349 ὼς
1260 1318 1413 1353 ἐκπέφευγε
1428 1319 1477 1355 τῆν
1493 1320 1541 1347 ἀπ’
1562 1321 1667 1347 ἐκείνου
1687 1321 1802 1357 βλάϐην.

1072 1361 1143 1387 Ἀλλ’
1160 1359 1230 1397 ἦσαν
1245 1363 1446 1397 ἀμετάκλωστα
1457 1364 1491 1390 τὰ
1506 1365 1615 1400 νήματα
1629 1367 1679 1401 τῆς
1690 1367 1784 1402 τύχης,

1065 1409 1119 1434 Καὶ
1139 1408 1169 1434 τὸ
1184 1408 1314 1441 καθάπκξ
1329 1410 1452 1444 κυρωθὲν
1467 1411 1516 1437 οὐκ
1535 1408 1569 1446 ἧν
1587 1412 1766 1447 ἅναλυθῆναι.

1072 1454 1100 1479 'U
1119 1454 1172 1490 γὰρ
1197 1455 1370 1489 Ἀλέξανδρος
1386 1464 1445 1481 τινα
1460 1455 1514 1482 τῶν
1529 1456 1664 1491 ὁμογνίων
1680 1458 1800 1490 κτείνας,

1696 1513 1772 1541 Vers.
1788 1514 1856 1541 ll“

221 1555 335 1584 natione
362 1556 521 1592 superiores
543 1562 622 1586 erant
635 1559 773 1594 vitamque
797 1561 951 1588 universam
978 1570 1011 1590 ex
1028 1579 1048 1608 ρ
1066 1563 1115 1582 SUO
1140 1555 1258 1582 “belli!”
1283 1561 1381 1583 "mer.
1409 1556 1470 1583 "500
1494 1564 1555 1584 cum
1579 1564 1721 1592 Praegnans
1736 1563 1809 1586 εεεει
1824 1567 1856 1586 ac

218 1602 306 1629 animi
326 1604 462 1631 sententia
489 1604 685 1639 transigebant.
720 1606 832 1639 Quoties
864 1612 956 1634 autem
979 1608 1011 1635 ad

219 1651 358 1676 astrorum
391 1649 496 1677 cultum
531 1651 722 1678 exerbitabant
762 1657 789 1679 et
823 1659 942 1680 mentem
979 1655 1013 1681 ad

219 1692 356 1721 inanimes
369 1702 509 1730 vanosque
523 1695 589 1723 deos
607 1696 783 1732 adjiciebant,
804 1699 895 1725 statim
913 1699 1010 1726 adver-

219 1738 304 1767 sariis
321 1740 349 1767 in
363 1741 525 1769 servitutem
549 1742 742 1770 tradebantur.
770 1743 854 1779 Igitur
875 1753 961 1780 usque
979 1745 1012 1772 ad

220 1785 376 1814 Samuelem
402 1787 511 1822 judiccs
534 1787 713 1823 imperarunt.
744 1789 876 1825 Deinceps
901 1792 941 1818 eis
966 1800 1012 1818 rex

219 1830 304 1859 datus
316 1835 369 1865 est,
386 1832 426 1860 uti
443 1833 590 1868 petierant,
604 1833 704 1861 Saulus
719 1834 774 1861 Cisi
792 1835 865 1863 filius
888 1837 922 1863 de
938 1837 1012 1864 tribu

219 1874 376 1911 Beniamin.
388 1877 455 1905 Post
474 1877 589 1905 Saulum
611 1879 708 1912 David,
727 1887 843 1915 magnus
861 1881 907 1908 ille
925 1887 1011 1914 vates,

218 1922 312 1957 gentis
325 1922 356 1950 ﬁt
368 1923 509 1960 princeps,
524 1924 589 1951 dum
606 1932 672 1953 oves
686 1926 786 1960 pascit.
813 1926 1012 1955 Successerunt

218 1967 319 1995 ordine
338 1967 470 1996 tredecim
487 1968 520 1996 ad
536 1967 698 1997 Jechoniam
715 1977 817 2005 usque;
844 1971 924 2006 cujus
945 1976 1014 1999 tem-

219 2019 290 2048 pore
314 2020 378 2041 eum
407 2013 665 2043 Nabuchodonosor
690 2020 732 2043 ter
755 2016 888 2049 venisset,
915 2017 1012 2044 urbem

218 2067 285 2088 eum
298 2059 394 2088 divino
411 2060 514 2096 templo
529 2061 633 2089 exussit
647 2065 676 2089 et
701 2062 834 2097 populum
851 2063 878 2090 iu
896 2062 1012 2098 Babylo-

219 2106 298 2134 niam
313 2106 453 2142 regionem
470 2107 622 2134 transtulit.

258 2151 361 2181 Davide
374 2157 467 2180 autem
484 2153 590 2181 nationi
606 2160 663 2181 suae
680 2154 832 2189 imperante
848 2155 935 2183 Graeci
952 2156 1011 2184 bel—

218 2197 280 2225 lum
298 2196 431 2225 adversus
457 2197 592 2232 Troianos
611 2202 765 2226 moverunt.
784 2198 894 2226 lit-lente
918 2208 1011 2233 causa,

219 2249 284 2277 quae
310 2241 426 2270 Menelai
442 2242 543 2278 coniux
567 2247 636 2270 erat.
662 2242 720 2270 Hoc
756 2243 857 2270 bellum
882 2245 1010 2280 equidem

1065 1601 1154 1635 partui
1171 1602 1269 1634 \icina,
1286 1608 1485 1630 nocturnorum
1511 1603 1682 1630 somniorum
1703 1604 1847 1631 terricula-

1065 1647 1166 1674 utentis
1183 1648 1394 1682 percellebatur.
1422 1649 1489 1675 Nam
1513 1649 1607 1676 videre
1628 1649 1680 1676 sibi
1711 1650 1856 1678 videbatur

1064 1692 1150 1720 facem
1180 1693 1333 1721 ﬂanimeum
1359 1695 1551 1722 carbonariam
1574 1695 1757 1730 prodeuntem
1777 1704 1792 1723 e
1807 1704 1855 1722 ve-

1065 1740 1158 1766 rendis
1181 1742 1239 1767 suis
1257 1745 1284 1767 ct
1308 1746 1470 1768 exurentem
1489 1742 1551 1776 igne
1576 1742 1672 1769 urbem
1695 1742 1853 1770 universam

1065 1792 1118 1811 una
1132 1793 1194 1812 cum
1208 1786 1261 1813 Idae
1273 1787 1360 1813 silvis.
1377 1787 1461 1814 Audit
1478 1788 1531 1815 hoc
1548 1788 1683 1823 Priamus,
1699 1797 1761 1816 cum
1784 1791 1856 1817 vati-

1065 1830 1115 1857 bus
1144 1833 1339 1859 communicat.
1367 1833 1496 1868 Intelligit
1523 1838 1577 1861 tam
1606 1834 1659 1861 sibi
1688 1842 1769 1869 quam
1793 1835 1855 1863 urbi

1065 1876 1132 1903 utile
1148 1876 1282 1909 futurum,
1305 1878 1327 1905 si
1350 1878 1423 1906 fetus
1440 1879 1484 1906 ille
1503 1879 1570 1907 feris
1588 1880 1685 1907 bestiis
1702 1885 1856 1915 exponatur

1065 1922 1106 1948 vel
1126 1922 1159 1949 ad
1186 1923 1328 1950 interitum
1352 1925 1494 1952 ardentem
1519 1925 1545 1952 in
1570 1925 1661 1960 ignem
1679 1926 1854 1962 conjiciatur.

1064 1968 1148 1996 Paulo
1164 1974 1225 2003 post
1238 1970 1392 1997 Alexander
1411 1971 1439 1997 in
1462 1971 1551 1998 lucem
1569 1971 1683 2006 prodiit,
1701 1971 1792 2000 infans
1806 1980 1856 2000 ve-

1064 2019 1171 2047 nustus,
1187 2015 1335 2048 formosus,
1354 2016 1422 2043 faeie
1447 2017 1548 2051 lepida.
1571 2017 1694 2044 Debebat
1710 2018 1755 2044 hic
1775 2018 1856 2045 Pria-

1064 2069 1136 2092 mus,
1164 2061 1239 2088 nulla
1259 2062 1319 2097 ejus
1344 2062 1437 2089 habita
1466 2063 1582 2095 ratione,
1611 2063 1792 2098 prodeuntem
1821 2071 1856 2090 ex

1064 2105 1124 2131 alvo
1137 2105 1268 2132 infantem
1287 2107 1379 2133 statim
1396 2107 1511 2141 perdere
1525 2115 1532 2140 ;
1562 2115 1657 2134 verum
1672 2108 1762 2135 victus
1777 2115 1792 2135 a
1807 2115 1857 2135 na-

1065 2156 1126 2177 tura
1149 2150 1177 2177 in
1202 2151 1291 2178 lucem
1314 2152 1390 2179 edito
1413 2153 1512 2187 parcit.
1535 2151 1661 2187 Cumque
1687 2160 1717 2180 se
1743 2157 1856 2187 putaret

1064 2196 1193 2224 astutiam
1219 2197 1338 2224 fortuna:
1370 2198 1569 2233 decepturum,
1595 2199 1707 2233 exponit
1734 2206 1797 2226 eum
1827 2199 1856 2226 in

1064 2249 1159 2276 agrum
1178 2242 1211 2268 ab
1230 2242 1291 2269 aliis
1312 2243 1497 2270 educandum.
1525 2242 1580 2279 24
1594 2243 1645 2276 Qui
1660 2250 1726 2278 ager
1744 2243 1779 2270 ab
1795 2243 1855 2277 ipso

219 2287 361 2316 memoriae
374 2287 536 2323 proditurus
551 2287 783 2323 quemadmodum
800 2289 834 2316 ab
849 2291 882 2317 iis
902 2290 1008 2318 descri-
1028 2280 1048 2306 ί)
1061 2287 1160 2315 Paride
1182 2288 1280 2315 Parius
1303 2293 1345 2315 est
1359 2289 1523 2324 appellatus.
1544 2288 1675 2324 Abjectus
1694 2292 1754 2315 erat
1769 2288 1855 2322 negli-

219 2334 298 2362 bitur
312 2334 360 2370 qui
375 2334 442 2362 illud
459 2334 598 2368 viderunt,
616 2334 741 2370 adeoque
762 2335 887 2363 dicturus
907 2337 941 2364 ab
956 2337 1008 2365 llo-

219 2386 301 2408 mero
315 2387 371 2408 non
386 2383 462 2408 recte
476 2380 647 2415 descriptum
666 2388 741 2414 esse,
763 2381 872 2409 veniam
891 2389 905 2409 a
925 2382 1010 2410 bette-

219 2424 295 2452 volis
318 2424 470 2453 lectoribus
493 2425 651 2461 postulabo.
670 2426 738 2453 Nam
766 2426 902 2454 Homerus
919 2427 1010 2463 lingua

219 2469 345 2496 mellitus
360 2473 389 2497 et
414 2469 596 2497 illecebrosus
617 2471 791 2499 narrationes
813 2472 924 2507 quidem
947 2481 1011 2500 suas

219 2513 354 2547 instituit,
370 2515 527 2543 rationibus
541 2515 630 2543 doctis
647 2521 728 2555 utens
752 2526 758 2544 :
788 2525 886 2545 verum
909 2519 1010 2546 alicubi

220 2559 349 2596 quedam
363 2559 450 2588 ﬂectit
464 2564 493 2588 et
508 2561 631 2588 invertit.
655 2561 691 2588 At
704 2562 779 2590 enim
797 2563 855 2599 ipsa
876 2572 920 2592 res
945 2565 1012 2592 mihi

221 2606 465 2634 commemoranda
476 2607 564 2635 venit.

258 2651 330 2679 Filio
346 2651 552 2687 Laomedontis,
566 2651 692 2689 Trojante
699 2654 789 2690 gentis
802 2655 931 2692 principi,
945 2665 1012 2684 con-

222 2697 273 2733 iux
303 2701 365 2726 erat
385 2697 499 2727 Hecuba
517 2699 604 2727 Cissei
624 2699 679 2727 lilia
693 2720 701 2733 ,
719 2701 869 2728 multorum
883 2710 899 2730 e
914 2703 1013 2731 marito

1061 2337 1178 2368 genter;
1196 2334 1359 2368 reperitura
1378 2335 1551 2368 pastoribus;
1589 2333 1695 2361 miserti
1715 2338 1790 2365 sunt,
1805 2333 1856 2360 tol-

1062 2379 1134 2411 lunt,
1152 2387 1247 2406 curam
1263 2380 1376 2407 infantis
1390 2380 1503 2413 habent,
1522 2379 1705 2413 Paridemque
1727 2383 1855 2406 vocatum

1062 2424 1200 2452 infantum
1227 2433 1302 2453 more
1321 2426 1449 2453 educant.
1473 2425 1598 2461 Cumque
1614 2425 1670 2460 jam
1694 2423 1857 2452 accessisset

1063 2471 1097 2498 ad
1111 2479 1199 2499 annos
1216 2471 1419 2505 adolescentiae,
1439 2471 1564 2499 Priamus
1587 2479 1648 2498 eum
1662 2478 1726 2497 suas
1740 2470 1768 2497 in
1781 2470 1856 2498 sedes

1064 2518 1173 2553 recipit,
1193 2519 1343 2546 arbitratus
1358 2526 1388 2546 se
1401 2519 1457 2554 jam
1472 2518 1574 2545 vitasse
1593 2518 1723 2545 damnum
1744 2516 1778 2544 ab
1795 2517 1855 2552 ipso

1063 2564 1220 2593 imminens.
1238 2566 1340 2593 Verum
1364 2565 1423 2592 telae
1447 2565 1564 2592 fortunat
1588 2564 1691 2592 revolvi
1719 2572 1775 2591 non
1807 2571 1856 2599 po-

1063 2616 1165 2644 terant,
1180 2612 1309 2647 quodque
1326 2612 1411 2640 semel
1429 2612 1610 2639 constitutum
1633 2615 1713 2644 erat,
1728 2617 1785 2638 non
1802 2617 1855 2645 po-

1064 2661 1135 2685 terat
1159 2657 1283 2685 dissolvi.
1319 2658 1386 2686 Nam
1427 2664 1488 2684 cum
1523 2656 1679 2684 Alexander
1708 2658 1857 2691 cognatum

1063 2704 1209 2739 quemdam
1231 2704 1392 2737 occidisset,
1423 2711 1480 2731 non
1504 2703 1550 2731 ille
1579 2702 1690 2738 quidem
1715 2708 1751 2729 ex
1769 2698 1859 2727 animi

901 2761 1002 2792 Variae
1022 2762 1188 2794 lectiones.

261 2811 283 2827 "
298 2810 386 2846 φυλῆς
409 2809 459 2846 τοῦ
475 2811 514 2846 Β.
557 2810 580 2826 ⁸⁸
593 2812 606 2837 ὁ
622 2811 766 2846 προφήτης
790 2811 847 2839 Διὶ.

221 2845 421 2882 ⁴⁸ἀντιγράφιι
437 2845 472 2874 Δ.
509 2845 532 2862 ⁸⁸
545 2847 598 2909 μὲν
619 2845 652 2873 ll.

223 2881 290 2909 add.
310 2880 346 2909 Β.
397 2881 420 2898 ⁸¹
439 2880 533 2909 γώοαν
555 2881 580 2909 ἰ.
617 2883 639 2898 ⁸¹

223 2881 290 2910 add.
310 2880 346 2909 Β.
380 2880 420 2898 ⁷⁸⁸
439 2880 533 2916 χώραν
545 2880 580 2909 Β.
617 2883 639 2898 ⁸¹
654 2880 832 2917 βρεφουργῶς
845 2880 879 2910 ll.

897 2813 920 2829 "
936 2815 1024 2850 νέμων
1037 2817 1096 2843 τότε
1109 2816 1142 2843 Β.

692 2847 712 2862 ³⁷
728 2846 1036 2888 τρέπξιξμετατρέπει
1052 2850 1109 2879 All.
1149 2851 1171 2867 “
1185 2846 1310 2887 ἐκδοθείη
1321 2846 1357 2879 Ϊὶ.
1395 2846 1417 2867 ἡ
1432 2851 1531 2886 βρέφος
1547 2850 1642 2886 χαρίεν
1657 2848 1688 2875 R.
1709 2846 1732 2863 "
1744 2853 1772 2876 τ.
1788 2846 1860 2874 1154

1193 2816 1215 2831 ⁸⁸
1229 2816 1414 2851 κατάρχοντος
1430 2816 1487 2843 AR.
1508 2816 1569 2842 τότε
1594 2815 1617 2851 Il
1630 2810 1859 2851 ἀλλοφ-ιξλων-ᾼξῐτ
