2068 3219
184 183 244 215 265

768 182 1023 214 COMPENDIUM
1043 181 1282 213 CHRONICUM.

1773 187 1828 218 260

183 242 246 268 (ὶὺκ
270 239 415 273 auﬁdum,
443 239 497 268 κᾶν
523 240 632 272 πολλαῖς
645 241 678 256 ’θ’
704 241 795 276 χρήσῃ
823 240 881 271 ταῖς
904 239 983 265 κολα·
1000 241 1021 268 Α
1036 235 1128 264 Ἶῐσαν
1147 239 1194 264 καὶ
1216 238 1294 272 νῆσοι
1316 238 1466 274 σύμμαχοι,
1485 239 1590 276 Ἰθάκη,
1610 240 1710 274 Ῥόδος,
1724 241 1827 276 Σκῦρος

836 285 945 321 [χείαις.

186 332 235 368 Τῷ
251 331 278 359 δ’
294 331 409 368 Ἕλληνι
423 332 464 368 τῷ
488 331 565 368 παρὰ
581 332 628 359 σοῦ
651 332 777 368 βλαϐέντι
798 332 962 367 συντηρὴσω
973 339 979 345 ⁸

188 378 291 411 Ei)ka
299 378 386 414 αὐτῆς
397 379 535 414 ἀπόστηθί
543 379 578 409 ⁸⁸.
590 379 644 406 κάκ
657 378 706 413 τῆς
716 378 854 412 Αἰγύπτου
867 377 961 411 φεῦγε.
970 386 978 402 ι

189 423 317 460 Πρωτεὺς
333 424 384 458 μὲν
395 421 444 451 οὖν
461 424 511 451 σὺν
522 424 648 456 ἀπειλαῖς
663 424 794 451 ἀπώσατο
810 424 856 450 τὸν
873 424 959 459 Πάριν
972 432 979 438 ·

196 469 271 496 ’0-δδ
285 470 378 501 κεναῖς
392 469 547 505 ὑπέστρεψε
564 469 645 505 χερσὶ
655 469 724 505 πρὸς
737 469 787 505 τὴν
799 470 927 505 πατρίδα,

187 515 246 549 Τῆς
259 515 356 550 ἡδονῆς
378 515 549 550 γευσάμενος
560 516 639 551 ἄκρῳ
651 515 777 550 δακτύλῳ
791 516 876 550 μόνῳ,

188 561 245 588 Kal
257 561 327 597 πρὸς
348 562 447 598 αιθιρι
464 561 620 597 φθάνοῦσαν
637 562 775 598 πυρκαϊὰν
791 561 908 597 ἀνάψας.

224 608 281 636 Kal
305 608 402 644 γάρτοι
427 609 499 644 μετὰ
524 609 569 636 τὸν
590 608 713 645 δρασμὸν
735 609 832 636 τούτου
855 608 901 635 τδν
925 608 980 635 ἀπὸ

815 654 943 690 Σπάρτης

187 699 244 726 Καὶ
257 698 308 734 τὴν
327 698 438 735 Ἑλένης
453 699 585 736 ἁρπαγὴν
600 700 690 728 τοιάδε
707 701 890 736 συμϐεϐήκει.

192 743 334 772 Ἐπάνεισι
348 745 488 777 Μενέλαος
502 746 535 772 ὲκ
545 746 595 781 τῆς
609 746 777 782 ἀποδημίας,

186 790 327 818 ﬂaverint
345 791 376 818 τὸ
390 791 547 826 γενόμενον,
564 791 678 827 ῥηγνύει
690 792 740 828 τὴν
754 792 868 827 ἐσθῆτα,

185 836 244 864 Καὶ
259 837 308 864 σὺν
320 836 396 872 αὐτῷ
409 836 569 872 Τυνδάρεως
583 837 674 874 πατὴρ
689 839 702 865 ό
716 838 766 874 τῆς
787 838 906 873 Ἑλένης.

185 882 235 914 Εἰς
247 883 348 918 μέσους
363 882 542 918 ἀφικνοῦνται
558 884 587 911 δὲ
601 884 663 916 τοὺς
677 884 732 911 τῶν
751 884 887 919 Ἑλλήνων
901 883 977 918 πρώ-

829 930 902 966 [τους
921 929 942 944 ⁶¹

192 973 395 1010 Ἦσσολωμένοι
406 974 540 1010 πρόσωπα
553 975 600 1002 καὶ
616 976 887 1011 μελανειμονοῦντες,

186 1021 301 1055 Ὄρκων
316 1022 556 1057 ἁναμιμνήσκουσι
571 1022 627 1049 τῶν
643 1023 787 1058 φρικωδῶν
802 1023 924 1055 ἐκείνων,

186 1066 243 1098 Οὓς
254 1064 327 1102 ἦσαν
340 1067 472 1103 Ἓλληνες
486 1067 554 1103 όμοῢ
569 1068 670 1100 πάντες
683 1068 870 1103 ὀμωμοκότες,

191 1110 240 1144 Ὠς
250 1112 276 1138 ει
292 1112 385 1148 συμϐῇ
397 1113 475 1148 παρά
490 1121 563 1145 τινος
586 1113 696 1149 Ἑλένην
712 1114 881 1149 ἀρπαγῆναι,

186 1158 291 1190 Πάντες
305 1155 380 1191 ἰδίοις
399 1158 525 1194 σώμασιν
537 1159 622 1194 αὐτῆς
635 1160 870 1195 ὑπερμαχοῦνται.

186 1203 277 1231 Πολλὰ
292 1204 359 1238 γοῦν
373 1204 565 1237 ἱκετεύσαντες
579 1205 602 1222 ⁶¹
621 1206 668 1232 καὶ
681 1206 907 1241 δεδυσωπηκότες

186 1249 373 1286 Συμπτιθουσι
400 1251 465 1283 τοὺς
488 1249 624 1286 Ἕλληνας
660 1251 826 1287 στρατεῦσαι
857 1252 880 1268 ⁸³
907 1251 979 1278 κατὰ

816 1296 941 1333 [Τρώων.

186 1340 246 1367 Kal
256 1339 289 1376 δὴ
302 1339 396 1367 πολλοὶ
407 1340 599 1376 συντρέχουσιν
613 1341 645 1368 ὲκ
659 1341 760 1376 νήσων,
768 1341 797 1375 ἐξ
809 1342 931 1377 ἠπείρων
943 1341 977 1375 δι,

187 1387 421 1423 Παραθαλὰσσιοι,
438 1386 551 1422 μακρὰν
566 1387 616 1421 τῆς
631 1387 721 1423 ἅλμης
738 1388 905 1422 ἀφεστῶτες,

194 1429 241 1465 Ἐξ
254 1432 376 1468 ’Δθηνῶν
385 1432 548 1466 αὐθιγενεῖς,
564 1432 596 1459 ἐκ
613 1432 704 1467 πάσης
716 1432 766 1468 τῆς
781 1432 907 1465 Εὐϐοίας,

191 1479 243 1507 Ἐκ
253 1478 407 1512 Θετταλῶν,
424 1478 455 1512 ἐξ
475 1479 602 1514 Ἀχαιῶν,
616 1480 647 1506 ὲκ
665 1480 755 1514 πάσης
772 1479 823 1514 τῆς
841 1478 977 1511 Ἑλλάδος.

1037 283 1089 310 Καὶ
1101 284 1232 319 Σαλαμὶς,
1245 286 1292 311 καὶ
1307 286 1356 312 σὺν
1370 287 1466 318 αὐταῖς
1486 288 1502 322 ἠ
1519 287 1699 323 τρισμεγίστη
1716 289 1824 324 Κρήτη.

1037 329 1177 364 Κορίνθιοι
1191 330 1336 366 συνῄεσαν,
1350 332 1469 367 Ἀργεῖοι
1487 333 1667 368 συνεμάχουν,

1035 375 1087 402 Kal
1103 376 1196 407 στόλος
1212 377 1389 411 μυριόστολος
1402 378 1493 405 αὐτῶν
1507 379 1529 395 ⁸⁵
1543 380 1742 414 συνεκροτεῖτο.

1035 420 1089 448 Ἶιν
1111 422 1267 454 Μενεσθεὺς
1296 422 1333 459 (ιι)
1356 424 1386 457 ἐξ
1402 423 1536 459 Ἀθηνῶν,
1559 425 1673 460 Νέστωρ
1696 425 1751 452 ἀπὸ
1773 425 1825 460 τῆς

1603 500 1607 503 _
1677 470 1789 507 [Πύλου,

1041 514 1088 541 Ἐκ
1100 515 1149 549 τῆς
1161 514 1270 551 Ἰθάκης
1283 515 1439 547 Ὀδυσσεὺς,
1459 517 1491 543 ἐκ
1506 517 1657 551 Σαλαμῖνος
1674 518 1752 549 Αἴας,

1041 560 1088 587 Ἐκ
1103 561 1215 596 Κρήτης
1225 559 1260 596 ἦν
1274 561 1433 595 Ἰδομενεὺς.
1450 562 1625 598 Τληπόλεμος
1639 564 1662 579 ⁸⁸
1673 564 1705 590 ἐκ
1722 564 1823 598 Ῥόδου,

1034 607 1138 638 Πάντες
1148 607 1178 633 τὸ
1193 607 1271 641 γένος
1286 607 1411 639 ἕλκοντες
1428 607 1457 640 ἐξ
1469 609 1588 642 εὐγενῶν
1603 610 1739 644 αἱμάτων,

1040 652 1226 688 Ἀριπρεπεῖς,
1247 653 1387 687 διογενεῖς,
1403 655 1520 688 ἁρεῖκοὶ,
1535 655 1673 688 γεννάδαι,

1033 699 1165 731 Γενναῖοι,
1180 699 1368 734 θυμολέοντες,
1382 700 1479 734 ἄνδρες
1495 700 1622 736 αἱμάτων
1637 701 1752 733 πάντες.

1037 744 1068 770 ’0
1082 744 1110 770 δὲ
1121 744 1244 779 Φθιώτης
1256 744 1396 778 ’Λχιλλεὺς
1413 744 1536 779 ἔλαμπεν
1547 745 1617 780 ὑπὲρ
1633 746 1751 779 πάντας,

1035 790 1193 824 Ἄνθρωπος
1209 790 1419 825 πολεμόκλονος,
1435 791 1560 826 ἄλκιμος,
1579 791 1751 829 βριαρόχειρ.

1033 835 1088 862 Kal
1101 836 1190 862 τοίνυν
1204 836 1401 871 ὲξαρτύσαντες
1418 837 1462 863 τὸν
1479 837 1615 872 χιλιόναυν
1628 838 1649 853 ⁸⁷
1666 838 1759 864 στόλον

1039 881 1160 908 Ίστῶσιν
1172 881 1363 917 Ἀγαμέμνονα
1378 882 1529 918 στολάρχην
1545 883 1591 909 καὶ
1608 883 1790 918 στρατάρχην,

995 920 1016 946 Β
1034 928 1135 963 Ἀνδρα
1149 930 1272 962 γενναῖον
1295 929 1342 955 καὶ
1357 928 1451 962 καλὸν,
1469 930 1549 964 ἥρωα
1568 930 1721 964 ῥωμαλέον,

1030 975 1085 1001 Kal
1098 974 1192 1001 κάλλει
1203 975 1388 1010 διαπρέποντα
1404 975 1426 991 ⁸⁵
1442 976 1489 1001 καὶ
1505 975 1654 1010 βραχιόνων
1669 976 1769 1002 σθένει.

1031 1021 1173 1055 Πατρίδων
1188 1021 1237 1055 μὲν
1251 1020 1399 1055 ἀπαίρουσι
1414 1021 1462 1047 καὶ
1475 1021 1562 1055 φίλων
1575 1022 1622 1048 καὶ
1633 1021 1747 1052 τοκέων,

1036 1065 1177 1099 Ἐκθὺμως
1188 1065 1397 1092 ναυστολοῦνται
1410 1066 1439 1092 δὲ
1454 1066 1525 1092 κατέἱ
1538 1066 1588 1101 τῆς
1606 1066 1751 1101 πολεμίας.

1030 1112 1115 1146 Κοινῇ
1131 1111 1159 1137 δὲ
1171 1111 1373 1146 συσκεψάμενοι
1392 1111 1533 1147 κρίνουσιν
1544 1110 1615 1138 εἷναι
1633 1112 1693 1137 δέον

1030 1156 1178 1191 Λεηλατεῖν
1191 1165 1220 1183 τε
1231 1157 1281 1183 καὶ
1296 1157 1408 1191 πορθεῖν
1418 1158 1452 1184 τὰ
1469 1158 1603 1193 πρόσοικα
1615 1158 1647 1192 τῇ
1668 1157 1765 1192 Τροίᾳ,

1035 1203 1078 1234 Ὠς
1093 1202 1126 1229 ἂν
1145 1202 1192 1229 καὶ
1213 1203 1320 1234 τούτοις
1335 1203 1441 1237 γένοιτο
1454 1204 1477 1220 ⁶⁹
1498 1203 1552 1230 τῶν
1565 1203 1723 1237 ἀναγκαίων
1737 1203 1820 1238 πόρος

1030 1249 1084 1274 Kal
1108 1249 1164 1280 τοῖς
1187 1249 1296 1284 Τρωσὶν
1316 1249 1477 1276 ὲκκόπτοιτο
1500 1249 1534 1276 τὰ
1558 1249 1627 1284 πρὸς
1641 1249 1692 1285 τὴν
1709 1257 1819 1284 συμμα-

1699 1294 1782 1330 [χίαν.

1030 1338 1174 1366 Στέλλεται
1189 1339 1280 1366 τοίνυν
1298 1339 1439 1376 Ἀχιλλεὺς
1462 1341 1511 1367 καὶ
1524 1341 1579 1367 τῶν
1597 1341 1718 1376 ἀρίστων
1732 1341 1819 1371 ἄλλοι,

1029 1385 1084 1412 Kal
1100 1385 1192 1421 νήσοις
1207 1386 1374 1412 ἐπιτίθενται
1392 1387 1439 1413 καὶ
1459 1387 1598 1422 κείρουσιν
1612 1387 1755 1422 ἠπείρους,

1029 1431 1085 1458 Καὶ
1099 1431 1190 1458 τέλεον
1206 1431 1376 1468 ὲκτρίὸουσιν
1388 1432 1438 1459 ὅσα
1454 1432 1508 1459 τῶν
1528 1432 1676 1467 πολεμίων.

1031 1478 1168 1504 Ἤκουστο
1182 1478 1232 1513 μὲν
1242 1478 1287 1505 οὖν
1302 1478 1415 1514 Ἕλλησι
1428 1479 1463 1505 τὰ
1476 1479 1540 1514 περὶ
1557 1479 1607 1514 τῆς
1625 1479 1746 1514 Ἑλένης,

1649 1525 1727 1552 Vers.
1746 1525 1811 1552 1251

187 1592 284 1621 manu
307 1591 542 1620 “nationibus
564 1596 664 1620 mare:
687 1592 736 1619 ⁸θά
760 1592 855 1621 amco
877 1592 927 1620 abs
950 1597 976 1621 ιθ
991 1591 1012 1617 δ
1029 1603 1158 1636 Salamis,
1173 1608 1200 1632 et
1215 1611 1277 1631 cum
1290 1603 1334 1631 his
1350 1604 1466 1631 maxima
1477 1604 1522 1631 illa
1537 1604 1630 1631 Creta.
1643 1604 1750 1632 ltabant
1765 1613 1818 1632 una

187 1638 254 1666 luo
265 1644 299 1666 ea
313 1636 442 1665 servabo.
455 1636 496 1664 Tu
512 1641 605 1665 autem
625 1644 659 1664 ex
675 1636 792 1673 Egypto
807 1637 871 1673 fuga
886 1638 977 1666 disce-

186 1684 256 1712 dito.
276 1687 287 1710 ἰ
305 1682 352 1711 Sic
366 1683 485 1711 Proteus
499 1690 562 1710 cum
579 1683 662 1711 minis
676 1683 802 1710 Paridem
814 1683 917 1719 abegit,
930 1684 977 1718 qui

187 1729 316 1758 manibus
327 1728 422 1757 vacuis
441 1729 469 1756 in
483 1728 601 1764 patriam
618 1736 746 1757 reversus
760 1734 810 1762 est,
825 1737 888 1757 cum
900 1729 978 1757 volu-

187 1782 292 1812 ptatem
309 1780 436 1804 extremo
453 1779 560 1804 tantum
577 1775 664 1811 digito
682 1780 819 1811 gustasset
837 1780 865 1803 et
881 1783 977 1811 rogum

185 1822 362 1851 accendisset
375 1822 477 1850 coelum
492 1822 582 1857 ipsum
596 1821 786 1857 attingentem.

222 1867 283 1895 Hoc
307 1867 390 1896 modo
413 1867 478 1903 fuga
506 1867 614 1895 Paridis
644 1875 659 1895 e
687 1867 785 1902 Sparta
814 1867 978 1902 Ilelenaeque

184 1919 286 1950 raptus
297 1913 412 1942 accidit.
427 1912 588 1940 Revertitur
601 1920 635 1940 ex
649 1913 869 1948 peregrinatione
885 1912 978 1939 liene-

184 1960 347 1997 laus:quid
366 1960 516 1992 evenisset,
540 1958 652 1994 accipit.
673 1958 783 1987 Vestem
805 1958 928 1991 lacerat,
950 1963 979 1986 et

184 2014 253 2033 cum
269 2006 331 2042 ipso
344 2005 508 2041 Tyndareus
520 2004 629 2032 Helenae
644 2009 723 2040 pater
739 2005 812 2032 idem
826 2004 902 2032 facit.
920 2004 977 2032 Una

186 2052 347 2087 principum
371 2049 529 2080 Graecorum
554 2055 657 2079 cretum
682 2050 802 2082 adeunt,
829 2050 979 2085 denigratis

186 2098 325 2132 vultibus,
334 2090 483 2132 vestesque
495 2097 584 2132 pullas
599 2097 698 2124 induti.
707 2096 891 2131 Jurisjurandi
905 2096 980 2123 illius

185 2146 320 2174 horrendi
331 2144 591 2177 commonefaciam,
606 2144 679 2180 quod
692 2144 779 2172 Graeci
794 2150 889 2171 omnes
897 2142 979 2170 simul

182 2193 357 2229 iuraverant.
381 2196 413 2220 ut
436 2191 460 2220 si
484 2191 658 2227 contingeret
681 2191 812 2218 Helenam
837 2191 872 2217 ab
885 2190 978 2225 aliquo

186 2239 260 2275 rapi,
281 2245 380 2267 omnes
394 2237 454 2265 suis
478 2244 541 2264 eum
557 2236 719 2271 corporibus
743 2243 794 2271 pro
815 2243 847 2263 ea
869 2244 974 2271 pugna-
992 2232 1015 2269 ο

185 2291 263 2314 rent.
279 2284 396 2313 Multum
410 2291 477 2319 ergo
499 2291 561 2311 cum
578 2282 779 2318 supplicassem
793 2291 825 2310 ac
843 2283 977 2317 pudorem

185 2329 359 2366 iniecissent,
377 2327 546 2364 persuadent
558 2327 662 2355 Graecis
675 2331 706 2354 ut
722 2327 824 2354 bellum
841 2328 977 2354 adversus

188 2376 326 2412 Troianos
337 2375 472 2403 facerent.
487 2374 582 2409 Itaque
599 2374 679 2402 multi
696 2373 730 2401 de
741 2374 839 2402 insulis
854 2381 886 2400 ac
897 2374 979 2401 terris

186 2421 397 2450 continentibus
424 2424 617 2453 concurrunt,
644 2420 775 2447 maritimi
801 2425 830 2447 et
857 2420 937 2455 longe
962 2428 978 2447 a

1028 1649 1167 1676 Corinthii
1188 1658 1194 1675 :
1211 1649 1278 1676 socii
1295 1653 1375 1676 erant
1387 1649 1492 1684 Argivi.
1510 1648 1583 1676 Mille
1598 1649 1707 1676 navium
1722 1649 1820 1677 classis

1028 1698 1072 1721 est
1086 1693 1120 1720 ab
1136 1694 1203 1728 ipsis
1221 1698 1325 1721 coacta.
1342 1694 1447 1721 Aderat
1471 1693 1648 1721 Menestheus
1666 1694 1819 1721 Athenien—

1029 1737 1078 1769 sis,
1093 1738 1192 1765 Nestor
1209 1738 1312 1773 Pylius,
1328 1738 1438 1773 Ulysses
1453 1746 1487 1765 ex
1507 1738 1607 1771 ithaca,
1628 1746 1662 1766 ex
1679 1739 1818 1766 Salamine

1028 1783 1105 1818 Ajax,
1124 1783 1291 1811 ldmneneus
1320 1791 1336 1810 e
1361 1783 1453 1817 Creta,
1470 1792 1485 1811 e
1506 1784 1604 1811 Rhodo
1632 1784 1817 1819 Tlepolemus,

1029 1836 1127 1856 omnes
1136 1829 1270 1863 originem
1283 1830 1392 1864 generis
1405 1830 1539 1857 habentes
1549 1838 1564 1857 e
1575 1830 1662 1858 nobili
1675 1831 1818 1866 sanguine,

1030 1874 1161 1908 insignes,
1185 1875 1238 1902 orti
1251 1874 1331 1905 Jove,
1344 1875 1480 1908 Mavortii,
1497 1875 1592 1908 fortes,
1608 1877 1744 1911 generosi,
1760 1877 1819 1904 leo-

1030 1920 1103 1948 ninis
1117 1920 1216 1947 animis
1227 1920 1344 1955 praaditi.
1354 1920 1442 1955 Supra
1455 1929 1552 1949 omnes
1564 1922 1684 1949 Achilles
1695 1930 1711 1949 e
1722 1922 1818 1949 Phthia

1030 1966 1150 1998 lucebat,
1166 1966 1220 2001 26
1232 1965 1274 1992 vir
1297 1965 1455 1997 bellicosus,
1474 1966 1564 1997 fortis,
1590 1967 1711 1993 robustis
1732 1968 1820 1995 mani-

1031 2012 1092 2040 bus.
1105 2012 1253 2039 Enimvero
1273 2011 1405 2039 instructa
1420 2012 1494 2039 mille
1508 2013 1618 2039 navium
1632 2013 1731 2045 classe,
1745 2012 1816 2048 Aga-

1030 2066 1204 2086 memnonem
1221 2059 1318 2086 classis
1330 2063 1358 2085 et
1375 2058 1514 2086 exercitus
1537 2059 1730 2093 imperatorem
1753 2067 1819 2086 con-

1030 2105 1171 2136 stituunt,
1197 2104 1287 2130 virum
1320 2112 1483 2139 generosum
1515 2112 1548 2131 ac
1576 2105 1700 2136 bonum,
1734 2105 1818 2132 heroa

1031 2150 1186 2183 robustum,
1212 2154 1385 2184 praestantem
1412 2149 1499 2176 forma
1520 2154 1548 2176 et
1574 2149 1600 2176 vi
1629 2150 1816 2177 brachiorum.

1031 2195 1182 2222 Discedunt
1196 2201 1210 2221 a
1224 2194 1313 2229 patria
1327 2199 1354 2222 et
1370 2194 1468 2221 amicis
1487 2199 1516 2221 et
1529 2195 1698 2229 parentibus,
1713 2196 1819 2222 animo-

1030 2249 1083 2276 que
1099 2240 1164 2268 forti
1181 2249 1277 2268 versus
1291 2241 1428 2268 hosticum
1444 2241 1532 2268 solum
1553 2241 1668 2268 classem
1683 2242 1816 2276 dirigunt.

1028 2287 1068 2314 Re
1085 2287 1268 2313 communiter
1288 2287 1450 2319 deliberata,
1477 2292 1601 2314 statuunt
1615 2296 1676 2315 esse
1693 2296 1819 2314 necessu-

1028 2332 1099 2359 rium
1112 2337 1141 2359 ut
1158 2332 1310 2367 diriperent
1324 2340 1355 2360 ac
1370 2333 1565 2360 exscinderent
1578 2333 1666 2368 Troia:
1678 2334 1817 2366 viciniam,

1028 2383 1058 2405 ut
1075 2379 1127 2412 ipsi
1148 2378 1256 2413 copiam
1272 2384 1442 2406 commeatus
1454 2379 1631 2413 acquirerent
1646 2384 1674 2406 et
1691 2379 1819 2414 Troianis

1029 2424 1166 2451 sociorum
1180 2424 1254 2451 vires
1269 2424 1470 2459 frangerentur.
1484 2424 1579 2458 Itaque
1593 2424 1714 2451 mittitur
1725 2424 1834 2452 Aehil-.

186 2468 259 2496 mari
277 2467 424 2499 distantes,
443 2466 559 2494 Athenis
580 2466 771 2499 Athenienses,
796 2466 916 2501 itemque
941 2466 975 2493 de

1030 2471 1065 2498 les
1079 2477 1142 2497 cum
1156 2470 1218 2496 aliis
1231 2470 1297 2496 viris
1314 2470 1549 2504 prmstantissimis
1559 2490 1567 2502 ,
1588 2469 1635 2504 qui
1655 2470 1760 2497 insulas
1773 2471 1816 2497 iu-

186 2519 247 2544 tota
265 2513 370 2542 Eubtca
386 2521 421 2541 ex
434 2512 589 2544 Thessalia,
605 2519 638 2539 ex
651 2512 763 2543 Achaia,
777 2520 810 2539 ex
824 2517 880 2540 tota
899 2512 975 2539 Grue-

185 2562 240 2589 cia.
255 2560 343 2588 Erant
357 2563 386 2588 et
398 2559 494 2588 insula
506 2559 597 2592 sociae,
611 2558 736 2593 Rhodus,
747 2559 850 2592 Ithaca,
865 2558 975 2594 Scyrus,

1026 2516 1130 2543 vadunt
1142 2520 1172 2543 et
1187 2516 1363 2543 continentes
1381 2515 1586 2550 depraedantur,
1601 2524 1633 2543 ac
1648 2517 1757 2544 tamlem
1775 2525 1818 2544 res

1027 2561 1149 2589 hostium
1163 2568 1274 2595 prorsus
1284 2564 1416 2587 atterunt.
1430 2560 1582 2588 Audierant
1594 2561 1704 2595 quidem
1718 2561 1817 2595 Graeci,

786 2626 887 2657 Variae
902 2627 1057 2659 lectiones
1080 2632 1111 2659 et
1133 2631 1228 2658 uotae.

220 2695 254 2713 ι’·
271 2692 396 2729 μυρίαις.
496 2691 640 2729 ἀπόσὲτειλε
666 2691 724 2729 A_._
748 2691 893 2729 “paron;
921 2694 953 2721 A.

187 2731 211 2748 "
223 2727 392 2761 αὒτοϊξιῖιὶ.

220 2800 260 2836 (τι)
279 2796 472 2826 Menestheum
489 2794 720 2836 Athenis_eontra
737 2797 870 2836 Troja_nos
883 2799 974 2836 profc-

185 2832 269 2867 cltini,
288 2837 393 2867 notum
402 2838 438 2867 es
446 2833 636 2867 monumentis
652 2837 785 2859 veterum.
807 2832 910 2860 Tamen
924 2834 975 2861 hoc

185 2865 295 2900 nomine
310 2865 452 2896 mendacii
467 2866 532 2892 olim
546 2867 635 2902 arguit
661 2867 809 2895 llomerum
827 2867 973 2903 Daphidas,

348 2914 490 2945 Ρλτιιοι..
511 2915 568 2944 Gn.
592 2913 735 2944 CXXV“.

1006 2694 1027 2709 6|
1050 2693 1215 2709 :..—~—.'.....-F-

450 2693 472 2706 "
496 2693 640 2717 ἀπόστειλε
666 2693 698 2717 A.
748 2693 769 2708 “
789 2693 893 2726 μάγους
921 2694 953 2721 Δ.

444 2725 468 2742 ’⁸
483 2727 647 2761 τριπόλεμος
658 2725 740 2755 ARR.
778 2726 800 2743 "'
818 2729 967 2763 μυριόναυν

1050 2693 1215 2725 ἱκετεύοντες
1243 2693 1274 2719 Β.
1328 2693 1349 2708 ⁸³
1367 2693 1517 2719 ἐκπλεῦσαι
1534 2694 1565 2721 Ῑί.

1056 2729 1077 2744 ⁵⁸
1093 2729 1279 2764 διαλάμποντα
1300 2729 1331 2754 A.
1371 2728 1392 2743 “’
1412 2729 1512 2763 γίνοιτο
1533 2729 1565 2756 R.

1328 2693 1349 2708 ⁸³
1367 2692 1517 2729 ἐκπλεῦσαι
1534 2694 1567 2721 Il.
1618 2695 1641 2711 “
1655 2695 1770 2729 ἠπείρου
1785 2696 1816 2724 Α.

1030 2808 1133 2835 negans
1149 2800 1332 2828 Athenienses
1353 2800 1386 2827 ad
1405 2800 1485 2827 Ilium
1505 2801 1646 2829 militasse.
1669 2801 1735 2829 Vide
1757 2802 1819 2828 Sui-

1029 2836 1091 2863 dam
1108 2836 1136 2862 in
1150 2835 1278 2870 Δαφίδας.

1630 2913 1650 2943 9
