4136 6432
467 356 576 425 271

541 466 949 537 Ἀναιρεθέντος
988 465 1032 519 δ’
1069 465 1334 535 ’Έκτορος
1364 461 1457 515 τοῦ
1488 463 1959 535 τολμηροκαρδέου

470 560 871 616 Μετακαλεῖται
900 558 1148 630 Πρίαμος
1182 556 1504 627 συμμάχους
1534 556 1839 627 Ἀμαζόνας
1866 573 1878 586 ο

471 653 585 706 Καὶ
623 651 786 705 πάλιν
818 649 965 720 μάχη
995 646 1240 719 καρτερὰ
1262 648 1328 710 ⁸⁸,
1355 648 1448 700 καὶ
1481 644 1841 700 θανατοῦνται
1864 645 2060 699 πᾶσαι.

472 744 570 799 Ἐκ
597 745 813 798 πάντων
843 738 936 796 οὖν
957 740 1265 812 ἀπορηθεὶς
1295 743 1321 794 ὁ
1350 739 1681 812 Δαρδανίδης
1711 739 1890 810 γέρων

473 837 568 900 Είς
590 836 637 870 ⁹⁰
666 835 759 888 τὸν
782 831 949 887 Δαόὶδ
973 832 1067 886 τὸν
1099 833 1315 887 ἄνακτα
1345 832 1446 901 τῆς
1471 831 1738 894 Ἰουδαίας
1774 832 2008 902 πέμπει,

472 927 744 998 Παλάμην
770 924 1155 996 ἐξαιτούμενος
1183 923 1542 995 συμμαχικὴν
1575 923 1807 977 ἐκεῖθεν.

471 1019 614 1075 Ἀλλ’
640 1021 668 1071 ό
696 1017 865 1071 Δαὸὶδ
895 1019 955 1071 οὗ
989 1017 1228 1082 δίδωσιν,
1266 1016 1377 1069 εἴτε
1405 1015 1464 1068 τὶ
1491 1014 1795 1085 τηνικαῦτα

473 1111 1112 1183 Ἀντιπαρατασσόμενος
1143 1110 1187 1142 ’⁸
1218 1109 1431 1162 ἔθνεσιν
1461 1106 1884 1176 ἀλλογλώσσοτς,

473 1205 599 1259 Ehe
630 1206 726 1258 καὶ⁸
757 1204 1168 1275 μυσαττόμενος
1192 1202 1460 1271 ’Έλληνας
1486 1203 1581 1254 καὶ
1611 1199 1936 1272 Βαρϐάρους

488 1296 580 1359 Ὠς
608 1295 685 1365 μὴ
711 1295 844 1349 Θεὸν
872 1293 1245 1364 γινώσκοντας
1267 1292 1384 1345 ἀλλ’
1408 1290 1959 1361 είδῶλολατροῦντας,

476 1389 589 1442 Kal
615 1388 804 1451 δεδιὼς
839 1387 913 1459 μὴ
942 1386 1167 1458 ρἐαιεν
1190 1387 1243 1418 "
1274 1386 1357 1450 είς
1388 1385 1601 1454 πλάνην
1631 1383 1904 1445 Ἰουδαῖοι,

480 1482 542 1534 El
567 1481 701 1552 παρ’
721 1479 889 1535 αὐτοῦ
923 1478 1337 1550 πεμφθήσονται
1370 1477 1648 1548 σύμμαχοι
1666 1477 1773 1537 τοῖς
1798 1476 1855 1528 ἐν
1876 1473 2070 1546 Τροία,

479 1574 626 1644 Πρὸς
651 1573 751 1645 τὴν
784 1571 985 1626 κακίαν
1008 1572 1225 1642 ἔχοντες
1254 1572 1599 1642 εὐεπιφόρως
1635 1568 1818 1639 φύσει.

480 1666 586 1719 Τὸν
607 1659 701 1719 οὖν
727 1661 1013 1733 Ταντάνην
1040 1661 1153 1715 τῶν
1180 1661 1358 1715 Ἰνδῶν
1393 1661 1644 1731 Πρίαμος
1677 1657 1939 1723 ἱκετεύει,

480 1761 595 1814 Kal
626 1759 765 1830 μετὰ
797 1758 1037 1830 πλήθους
1067 1758 1348 1811 στέλλεται
1375 1756 1616 1827 Μέμνων
1637 1752 2069 1826 ἁπειραρίθμου.

492 1851 554 1906 '0
577 1851 636 1905 δὲ
671 1851 897 1924 στρατδς
924 1844 1066 1922 ἦσαν
1102 1850 1258 1904 Ἰνδοὶ
1292 1851 1494 1912 πάντες
1532 1847 1950 1919 μελανοχρῶτες
1970 1861 1985 1875 ⁸

483 1943 710 2014 Θῦσπερ
741 1943 940 2007 ἰδόντες
962 1940 1226 2010 Ἕλληνες
1252 1941 1309 1994 ἐν
1340 1940 1615 2009 ἀλλοκότῳ
1649 1937 1770 2007 θέᾳ,

482 2038 594 2093 Kal
622 2036 994 2100 δειλιάσαντες
1025 2034 1207 2089 αὐτῶν
1241 2033 1461 2106 μορφὴν
1499 2034 1595 2087 καὶ
1634 2031 1964 2098 πινοπλίαν,

483 2131 596 2185 Kal
635 2128 753 2199 ζῷα
788 2129 1220 2200 περιτρέσαντες
1260 2127 1406 2199 άπερ
1430 2127 1596 2181 Ἰνδία
1625 2127 1842 2198 τρέφει,

484 2223 724 2294 Νύκτωρ
749 2225 943 2293 φυγεῖν
963 2222 1288 2276 ἐσκέπτοντο
1308 2221 1402 2275 καὶ
1424 2219 1710 2292 προλιπεῖν
1726 2218 1825 2290 τὴν
1852 2217 2077 2289 Τροίαν.

485 2314 629 2369 Ἀλλ’
655 2315 808 2385 ὅμως
859 2311 1228 2379 ἀντετάξαντο
1259 2313 1304 2345 ³³
1346 2311 1485 2385 πρὸς
1530 2312 1679 2375 τοὺς
1705 2309 2081 2381 μελαινοχρῶ-

1795 2399 1917 2473 [τας
1941 2401 2008 2465 ⁸³,

485 2501 601 2557 Kal
631 2499 742 2554 τῶν
789 2497 965 2553 Ἰνδῶν
990 2500 1104 2561 τοῖς
1132 2497 1363 2569 αἷμασιν
1397 2494 1727 2569 ὴρύθρωσαν
1748 2492 2015 2565 ἀρούρας,

487 2596 601 2651 Kal
618 2594 715 2648 τοῦ
737 2591 1097 2665 Σκαμάνδρου
1124 2564 1225 2655 τὰς
1244 2590 1375 2660 ῥοὰς
1400 2564 1677 2658 ἐνιροίνᾶαν
1692 2589 1802 2652 τοῖς
1836 2585 2081 2658 λύθροις.

584 2689 655 2741 Εν
680 2687 892 2750 τούτοις
920 2681 1016 2740 οὖν
1042 2686 1090 2719 ’⁸
1140 2682 1443 2738 κατέλαϐεν
1472 2683 1505 2752 ἡ
1538 2681 1647 2734 τῶν
1683 2678 2053 2750 ἀναθημάτων

496 2782 624 2846 Τοῖς
651 2781 880 2851 Ἕλλησι
907 2779 1242 2850 πανήγυρις,
1260 2764 1411 2832 ⁴ἀλλὰ
1432 2774 1527 2828 καὶ
1554 2776 1664 2838 τοῖς
1692 2771 1999 2844 Βαρϐάροις
2016 2769 2083 2840 ’⁸,

489 2876 603 2931 Kal
633 2874 802 2928 πᾶσιν
833 2867 903 2943 ἦν
937 2870 1199 2943 ἀνακωχὴ
1225 2870 1477 2941 πολέμων
1505 2870 1601 2924 καὶ
1655 2865 1937 2940 καμάτων.

495 3084 688 3148 corde,
724 3081 979 3139 Priamus
1008 3080 1319 3136 Amazonas
1349 3077 1418 3133 ad
1463 3078 1592 3134 belli
1640 3079 1965 3136 societatem
1999 3096 2086 3135 ar-

1601 350 2115 416 CONSTANTIN]
2164 349 2539 414 MANASSIS

3646 346 3755 414 2'32

2093 463 2141 523 Α
2174 462 2283 514 Kal
2314 461 2378 528 δὴ
2412 462 2643 531 στρατὸς
2677 461 2956 533 Ἐλλήνιος
2981 461 3073 517 καὶ
3104 462 3165 517 τὸ
3193 463 3299 517 τῶν
3318 459 3521 533 Τριῖιων
3552 462 3755 531 σμῆνος

2182 552 2460 621 Ἀλλήλοις
2492 554 2861 624 ἐπεμίγνυντο
2894 557 3100 627 πρᾶξαι
3128 556 3297 626 μηδὲν
3328 551 3638 623 τολμῶντες
3662 553 3729 608 ⁸⁷.

2167 641 2347 699 Ἷινδὲ
2375 647 2501 708 ναὸς
2528 647 2633 717 πρὸ
2658 647 2765 699 τῶν
2789 648 2987 719 τειχῶν
3016 649 3112 718 τῆς
3138 646 3517 715 καλλιπύργου
3535 646 3756 716 Τροίας,

2172 740 2345 794 Ἔνθα
2379 737 2626 810 θαμίζων
2667 739 2945 811 Ἀχιλλεὺς
2981 736 3089 793 εἶδε
3110 740 3208 811 τὴν
3240 737 3552 807 Πολυξένην

2167 830 2383 886 Καὶτδν
2414 832 2624 903 πυρσὸν
2655 832 2751 885 τοῦ
2776 833 2913 902 πρὸς
2936 833 3109 903 αὐτὴν
3140 832 3341 903 ἔρωτος
3375 827 3659 900 ὲπανῆψεν
3686 829 3756 861 ’δ’

2180 923 2271 978 Ἐν
2298 923 2520 995 λύτροις
2558 924 2665 995 γὰρ
2696 928 2811 989 τοῖς
2843 926 3110 996 Ἕκτορος
3140 925 3314 996 αὐτὴν
3349 923 3724 994 προεωρὼιει,

2169 1019 2285 1071 Kal
2318 1019 2619 1088 κατασχεῖν
2652 1017 2954 1089 δυνάμενος
2975 1019 3125 1090 ὅμως
3154 1017 3255 1070 οὐκ
3286 1015 3581 1088 ἐϐουλήθη.

2170 1109 2309 1163 Τότε
2340 1109 2385 1163 δ’
2421 1111 2496 1174 ὼς
2529 1105 2671 1163 εἶδεν
2698 1110 2889 1176 ἔπαθε,
2933 1113 3027 1164 καὶ
3056 1110 3136 1182 τῷ
3162 1110 3335 1181 πατρὶ
3368 1109 3604 1178 Πριάμῳ

2170 1203 2384 1273 Λόγους
2413 1204 2765 1258 ἐπέστειλεη
2802 1205 2985 1277 ζητῶν
3023 1207 3104 1271 εἰς
3145 1205 3321 1276 γάμον
3353 1203 3683 1274 Πολυξένην.

2187 1295 2246 1350 '0
2276 1295 2332 1350 δὲ
2367 1295 2869 1366 συγκατατίθεσθαι
2894 1297 3055 1369 δῆθεν
3080 1297 3480 1365 προσεποιεῖτο,

2176 1389 2289 1443 Kal
2315 1389 2488 1443 ταῦτα
2518 1390 2692 1454 δόλοις
2728 1390 3001 1462 ἐπρτττον
3027 1391 3295 1463 Δηΐφοϐος
3319 1391 3414 1444 καὶ
3451 1389 3647 1461 Πάρις.

2187 1480 2277 1545 Ὧς
2306 1478 2401 1536 οὖν
2431 1481 2683 1553 εἰσῆλθον
2709 1485 2791 1548 είς
2817 1484 2944 1536 ναὸν
2984 1482 3325 1547 Ἀπόλλωνος
3369 1481 3624 1535 Ἀλσαίου

2178 1573 2409 1646 ὀρκοις
2442 1575 3001 1645 κατεμπεδὼσοντεςί
3037 1577 3107 1628 τὰ
3138 1575 3269 1648 περὶ
3299 1572 3627 1642 Πολυξένης,

2190 1664 2252 1720 '0
2289 1669 2388 1736 μὲν
2424 1666 2694 1738 Δηῖφοὸος
2724 1669 2977 1738 προσφὺς
3012 1667 3188 1736 ἐφίλει
3228 1667 3319 1720 τὸν
3354 1666 3601 1736 Πηλέως,

2178 1758 2345 1830 Φίλης
2375 1760 2611 1830 νυμφίον
2635 1762 2656 1792 ²
2686 1760 2928 1830 ἀδελφῆς
2961 1760 3124 1814 αὐτὸν
3156 1758 3582 1829 κατονομάζων·

2194 1852 2395 1923 Ἐγγὺς
2421 1855 2478 1908 δὲ
2509 1857 2641 1919 στὰς
2683 1854 3041 1926 Ἀλέξανδρος
3067 1856 3343 1925 ἐπήνεγκε
3371 1856 3615 1925 καιρίαν,

2182 1947 2296 2002 Kal
2326 1946 2535 2018 πλήξας
2567 1947 2880 2016 ὑπεξέφυγε
2917 1950 3060 2019 μετὰ
3094 1948 3187 2002 τοῦ
3220 1948 3517 2018 Δηῖφὸὁου.

2196 2039 2254 2095 '0
2272 2038 2316 2093 δ’
2366 2038 2645 2111 Ἀχιλλεὺς
2669 2039 3023 2111 κατενεχθεὶς
3059 2042 3253 2104 πνοαῖς
3285 2035 3353 2111 ἦν
3376 2041 3434 2092 ἐν
3457 2039 3745 2111 ἐσχάταις.

2185 2130 2424 2202 ’ῌσθετο
2455 2131 2664 2185 τούτων
2708 2131 3019 2198 Ὀδυσσεὺς,
3046 2131 3333 2186 συνείπετο
3360 2131 3470 2202 γὰρ
3503 2130 3703 2202 τούτῳ,

2182 2224 2298 2277 Kal
2321 2224 2419 2277 σὺν
2446 2223 2596 2295 αύτῷ
2625 2223 2873 2294 διογενὴς
2901 2222 3034 2288 Δίας
3068 2224 3098 2276 ὁ
3126 2221 3476 2293 Τελαμῶνος.

2187 2313 2393 2385 ⁸Ἄμφω
2419 2314 2614 2388 τοίγαρ
2637 2316 2719 2378 είς
2749 2314 2840 2369 τὸν
2862 2314 2992 2370 ναὸν
3022 2316 3598 2387 συνιισπεπηδηκότες

2186 2397 2365 2475 Εὗρον
2394 2404 2485 2458 τὸν
2506 2406 2627 2477 ἥρω
2658 2407 2916 2478 κείμενον
2942 2406 3141 2477 αῖμασι
3166 2407 3188 2440 ⁸
3216 2408 3591 2480 πεφυρμένον,

2213 2498 2542 2568 Λπεσόηκὸς
2575 2500 2909 2570 ἐμπνέοντα,
2943 2500 3104 2571 μόγις
3122 2501 3143 2532 ⁸
3175 2499 3431 2555 κινοῦντα
3459 2501 3712 2571 γλῶσσαν
3734 2503 3761 2536 ⁸

2188 2588 2301 2644 Kal
2334 2590 2597 2660 μέλλοντα
2633 2590 3013 2645 καλύπτεσθαι
3039 2589 3110 2644 τὰ
3143 2589 3392 2662 βλέφαρα
3413 2590 3490 2662 τῷ
3525 2593 3707 2646 σκότει
3734 2593 3787 2647 ⁸.

2200 2683 2289 2747 Ὦς
2317 2678 2461 2738 εῐδον
2499 2680 2595 2739 οὖν
2621 2683 2919 2751 ὠλόλυξαν,
2949 2685 3046 2738 καὶ
3081 2684 3412 2756 προσπεσὼν
3444 2684 3522 2755 τῷ
3555 2685 3756 2757 στήθει

2188 2775 2327 2837 Δίας
2347 2774 2376 2827 ό
2401 2776 2575 2845 μέγας
2609 2777 2667 2829 ἐν
2700 2773 2965 2845 κλαυθμῷ
2985 2774 3120 2846 πρὸς
3146 2773 3240 2826 τὸν
3272 2775 3498 2846 Πηλέως
3523 2771 3700 2833 εἶπεν.

2195 2885 2215 2920 ι
2250 2861 2361 2922 Ἦν
2404 2869 2536 2939 ἄρα,
2570 2869 2693 2923 πολε
2707 2869 2936 2940 μόκλονι
2962 2868 3056 2921 καὶ
3087 2866 3217 2937 γίγα
3258 2867 3596 2943 βριαρόχειρ,

3449 2962 3602 3018 l’crs.
3645 2954 3796 3021 “(:6

2191 3094 2341 3151 tibus
2369 3094 2684 3150 Graecorum
2713 3106 2771 3151 et
2796 3097 3161 3169 'I'rojanorum
3208 3099 3378 3170 copia:
3433 3101 3794 3156 ostentabant

496 3176 684 3234 cessit.
717 3174 905 3245 Itaque
945 3187 1166 3227 rursum
1215 3180 1512 3242 pugnatur,
1548 3182 1605 3226 et
1647 3186 1842 3227 omnes
1876 3187 2081 3228 necan-

2186 3202 2246 3243 se
2276 3187 2501 3257 quidem
2524 3198 2738 3253 mutuo,
2759 3189 2854 3244 sed
2883 3191 3021 3245 nihil
3049 3192 3229 3246 moliri
3253 3202 3445 3248 contra
3466 3207 3524 3248 se
3548 3194 3795 3249 invicem

498 3281 614 3325 tur.
642 3269 759 3324 Hoc
805 3265 970 3322 modo
997 3281 1167 3321 senex
1211 3265 1303 3320 ille
1344 3264 1685 3321 Dardanides
1715 3265 1785 3321 ab
1819 3265 2078 3321 omnibus

491 3362 818 3427 destitutus,
858 3359 926 3415 ad
973 3358 1231 3413 Davidem
1258 3356 1459 3414 Iudaea
1489 3373 1671 3428 regem
1705 3373 1837 3413 suos
1887 3356 2076 3420 mittit,

492 3454 590 3526 qui
637 3453 708 3508 ab
738 3468 807 3508 eo
857 3466 1082 3506 manum
1130 3451 1454 3506 auxiliarem
1503 3459 1816 3521 poscerent.
1871 3449 2077 3504 Verum

492 3546 663 3603 David
693 3547 841 3607 illam
871 3544 1016 3599 haud
1050 3543 1312 3614 porrexit,
1341 3544 1457 3598 sive
1483 3544 1536 3598 id
1571 3544 1835 3614 temporis
1870 3542 2077 3597 bellum

492 3638 720 3711 gerebat
769 3636 1038 3692 adversus
1074 3636 1326 3691 nationes
1367 3644 1677 3698 extraneas,
1720 3635 1838 3690 sive
1877 3634 2080 3689 abhor-

494 3744 625 3785 rens
652 3745 680 3783 a
710 3727 915 3783 Graecis
948 3727 1113 3782 simul
1142 3736 1199 3782 et
1242 3726 1519 3793 barbaris,
1550 3737 1605 3781 et
1633 3726 1727 3796 qui
1766 3726 1938 3781 Deum
1968 3741 2078 3780 non

493 3826 916 3891 cognoscerent,
944 3817 1040 3872 sed
1074 3816 1327 3873 deastros
1357 3816 1629 3882 colerent,
1669 3832 1734 3871 ac
1762 3817 1974 3871 veritus
2011 3832 2080 3871 ne

492 3910 666 3969 Judmi
690 3908 758 3967 ad
796 3924 1045 3965 errorem
1078 3909 1527 3982 prolaberentur,
1556 3907 1602 3963 si
1634 3907 1704 3961 ab
1729 3907 1850 3978 ipso
1884 3906 2082 3978 Troja~

491 4000 584 4055 nis
612 3999 912 4055 auxiliares
966 4000 1140 4070 cepize
1176 3999 1551 4063 mitterentur,
1586 4011 1712 4050 cum
1750 3996 1886 4051 alias
1920 4010 1950 4050 a
1984 4011 2083 4050 na-

496 4103 618 4147 tura
647 4091 920 4162 prorlives
952 4090 1018 4145 ad
1049 4090 1242 4145 vitium
1279 4089 1478 4145 forent.
1517 4089 1687 4160 Igitur
1710 4103 1893 4159 regem
1926 4087 2086 4143 Indo-

494 4198 619 4238 rum
664 4182 967 4237 Tantanem
1018 4182 1271 4237 Priamus
1323 4179 1391 4234 ad
1431 4164 1593 4249 opem
1634 4179 1739 4235 sibi
1789 4179 2080 4235 ferendam

497 4276 825 4346 suppliciter
872 4274 1104 4337 invitat,
1163 4282 1222 4330 et
1283 4271 1497 4327 infinita
1547 4287 1676 4351 cum
1728 4271 2083 4326 multitudine

497 4367 755 4423 Memnon
803 4367 1065 4423 mittitur.
1110 4364 1400 4421 Exercitus
1444 4375 1573 4445 erat.
1614 4362 1858 4430 Indicus,
1891 4378 2085 4419 omnes

496 4463 686 4518 colore
721 4461 897 4533 nigro.
956 4460 1106 4527 Quos
1139 4475 1265 4514 cum
1309 4457 1660 4526 aspexissent
1698 4454 1873 4512 Graeci
1924 4472 2086 4527 pere-

2185 3278 2482 3335 audebant.
2526 3279 2815 3351 Templum
2846 3296 2981 3337 vero
3023 3283 3301 3353 quoddam
3335 3293 3455 3340 erat
3483 3294 3610 3340 ante
3643 3284 3779 3341 Tro-

2178 3379 2294 3449 jam
2331 3373 2578 3443 pulchris
2632 3384 2889 3431 ornatum
2926 3377 3195 3443 turribus,
3231 3378 3286 3432 in
3314 3392 3424 3449 quo
3465 3378 3794 3448 frequenter

2186 3478 2413 3520 versans
2426 3464 2665 3521 Achilles
2677 3466 3002 3537 Polyxenam
3018 3469 3155 3524 vidit
3170 3479 3224 3524 et
3237 3470 3451 3525 ardenti
3465 3471 3584 3541 ejus
3602 3485 3799 3529 amore

2188 3567 2480 3627 correptus
2510 3567 2615 3613 est.
2645 3558 2757 3629 29
2789 3558 3003 3630 Quippe
3030 3570 3399 3631 conspexerat
3423 3577 3568 3626 eam,
3608 3563 3789 3633 prius-

2186 3665 2351 3720 quam
2394 3650 2595 3705 Hector
2620 3652 3025 3719 redimeretur;
3064 3653 3157 3708 ubi
3207 3669 3331 3709 cum
3362 3655 3509 3709 illam
3547 3655 3800 3712 retinere

2189 3746 2482 3814 potuisset,
2515 3761 2626 3799 non
2658 3755 2839 3800 tamen
2870 3746 2920 3800 id
2954 3747 3136 3802 facere
3166 3732 3363 3803 voluit.
3400 3750 3470 3802 At
3507 3748 3599 3803 ubi
3654 3759 3800 3805 tunc

2188 3852 2309 3892 eam
2345 3837 2580 3906 aspexit,
2613 3837 2752 3892 allici
2781 3840 2970 3909 erepit,
3018 3839 3349 3910 Priamoque
3381 3842 3518 3910 patri
3569 3840 3788 3895 denun-

2191 3926 2342 3981 tiavit
2373 3940 2435 3983 se
2459 3926 2786 3999 Polyxenam
2807 3942 3032 3982 uxorem
3056 3942 3304 3998 poscere.
3331 3928 3579 3985 Priamus
3605 3944 3800 3985 assen-

2192 4019 2283 4074 tiri
2313 4034 2372 4074 se
2399 4018 2715 4082 simulabat,
2740 4019 3027 4091 Deiphobo
3059 4028 3116 4074 et
3140 4019 3338 4076 Paride
3367 4018 3590 4075 fraudes
3618 4020 3801 4077 hasce

2191 4111 2656 4167 macuinantibns.
2692 4111 2874 4178 Quare
2908 4127 3034 4166 cum
3079 4111 3507 4181 ingrederentur
3536 4112 3593 4166 in
3619 4111 3800 4182 Apol-

2190 4203 2320 4258 linis
2347 4202 2556 4271 Alpbaei
2612 4203 2826 4272 Ianum,
2874 4203 3236 4275 jurejurando
3266 4219 3325 4260 se
3360 4203 3681 4260 obstricturi
3735 4204 3798 4261 in

2190 4310 2357 4351 causa
2387 4296 2698 4367 Polyxena,
2732 4297 3054 4368 Deiphobus
3087 4297 3235 4352 Pelei
3264 4297 3437 4351 ﬁlium
3468 4298 3801 4367 complexus

2192 4386 2568 4452 osculabatur,
2612 4403 2752 4443 cara:
2767 4390 2979 4468 sororis
2992 4389 3141 4443 illum
3160 4404 3422 4457 sponsum
3441 4389 3794 4459 appellando.

2192 4480 2504 4534 Alexander
2519 4488 2701 4533 autem
2727 4496 2898 4551 prope
2915 4490 3098 4535 astans
3115 4481 3318 4535 lethale
3334 4482 3535 4536 vulnus
3554 4480 3751 4535 inflixit
3776 4500 3795 4550 ;

496 4552 660 4622 grino
699 4553 883 4607 colore
927 4550 1209 4622 praeditos,
1262 4549 1496 4604 formam
1534 4563 1731 4604 eorum
1761 4558 1819 4604 et
1847 4559 2093 4604 armatu-

2199 4587 2312 4643 quo
2343 4572 2496 4627 illato
2519 4586 2628 4626 una
2649 4549 2776 4626 cum
2804 4549 3091 4642 Deiphobo
3119 4572 3173 4627 in
3198 4573 3380 4644 fugam
3411 4589 3470 4629 se
3492 4549 3795 4644 proripuit.

502 4661 617 4699 ram
649 4645 831 4711 veriti,
860 4643 1140 4713 simulque
1168 4642 1378 4698 bestias
1405 4641 1527 4696 illas
1561 4640 1925 4696 formidantes
1954 4656 2093 4711 quas

500 4739 600 4791 alit
620 4739 799 4803 India,
824 4737 1013 4809 fugere
1043 4746 1214 4793 noctu
1237 4735 1572 4808 Trojamque
1596 4735 1912 4807 relinquere
1950 4735 2096 4806 cogi-

506 4832 712 4886 tabant.
747 4831 856 4888 Sed
888 4842 1069 4886 tamen
1104 4831 1278 4901 nigris
1307 4830 1532 4886 domum
1573 4830 1892 4886 hominibus
1916 4831 2091 4886 aciem

503 4930 885 4991 Opposuerunt
914 4961 929 4986 ,
969 4921 1342 4990 Indorumque
1379 4920 1642 4991 sanguine
1678 4931 1882 4977 terram
1917 4922 2094 4977 tinxe-

505 5021 655 5079 runt,
711 5023 772 5067 ut
810 5029 875 5067 ea
923 5013 1150 5068 ruberet
1200 5027 1264 5067 ac
1313 5012 1430 5083 ipsa
1481 5012 1711 5068 ﬂumina
1764 5012 2091 5068 Scamandri

505 5123 672 5160 cruor
704 5120 983 5175 purpurea
1020 5105 1300 5161 redderet.

576 5200 656 5254 Eo
687 5208 933 5269 tempore
973 5198 1171 5254 festum
1203 5198 1560 5256 denariorum
1601 5200 1913 5273 appetebat,
1948 5201 2097 5271 quod

508 5303 616 5347 tam
640 5291 815 5346 Graeci
840 5307 1005 5361 quam
1041 5292 1268 5349 Barbari
1302 5294 1677 5350 celebrabant.
1715 5295 1905 5366 Itaque
1936 5295 2096 5351 facta:

509 5393 633 5440 sunt
666 5384 903 5439 induciae
933 5386 1205 5443 bellorum
1235 5402 1301 5443 ac
1326 5386 1598 5456 laborum,
1632 5390 1837 5458 quibus
1881 5389 2091 5445 duran-

2189 4662 2439 4718 Achilles
2510 4662 2788 4732 collapsus
2839 4672 3143 4719 extremam
3182 4665 3378 4736 agebat
3418 4665 3678 4719 animam.
3731 4665 3798 4721 Id

2192 4754 2418 4825 Ulysses
2452 4753 2950 4820 animadvertebat,
2986 4756 3395 4827 quicomitatus
3430 4772 3558 4811 eum
3585 4756 3794 4823 fuerat,

2192 4864 2301 4903 una
2326 4863 2452 4904 cum
2485 4848 2649 4916 Ajace
2671 4847 2986 4903 Telamonis
3026 4847 3160 4912 ﬁlio,
3190 4848 3323 4904 Jove
3356 4858 3497 4903 sato.
3542 4848 3800 4918 Quapro-

2191 4949 2315 5009 pter
2336 4939 2391 4993 in
2417 4938 2607 4994 fanum
2645 4946 2881 5009 uterque
2907 4940 3071 4994 simul
3122 4955 3248 4995 cum
3284 4940 3633 5011 irrupissent,
3686 4943 3794 4997 he-

2199 5047 2350 5087 roem
2388 5033 2541 5087 illum
2580 5034 2853 5102 jacentem
2884 5033 3236 5098 invenerunt,
3268 5049 3467 5089 cruore
3500 5034 3791 5100 fiedatum,

2194 5135 2472 5182 extremos
2505 5125 2800 5180 ducentem
2823 5126 3073 5196 spiritus,
3098 5127 3188 5180 vix
3216 5127 3456 5197 linguam
3478 5136 3793 5182 moventem

2192 5226 2249 5270 et
2276 5216 2388 5286 jam
2416 5218 2638 5287 jamque
2669 5218 2936 5273 cernendi
2981 5234 3140 5273 usum
3200 5220 3555 5274 amissurum.
3600 5219 3794 5287 Itaque

2194 5307 2290 5363 illo
2324 5318 2622 5379 conspecto
2651 5310 2963 5377 ululabant,
2996 5319 3053 5365 et
3082 5309 3151 5366 ad
3179 5320 3375 5382 pectus
3399 5312 3518 5381 ejus
3549 5312 3794 5381 allapsus

2194 5401 2325 5473 Ajax
2380 5400 2734 5459 Telamonius
2780 5418 2906 5459 cum
2944 5403 3183 5459 lamenta
3208 5403 3475 5459 Achillem
3515 5404 3793 5459 allocuzus

1713 5537 1921 5599 Verize
1970 5518 2278 5604 lectiones
2323 5550 2384 5604 et
2424 5550 2614 5606 notae.

507 5726 724 5792 χρῶτας
755 5727 869 5779 All.

657 5653 903 5733 κρατερὰ
1022 5726 1060 5733 μ
1080 5655 1396 5733 θξ-πρὸς-Β.
1424 5727 1446 5733 Δ
1475 5658 1516 5690 ⁹¹
1553 5660 2160 5733 ἀντιπαραταττόμενος
2189 5664 2257 5720 ll.

948 5728 994 5758 ”'
1016 5726 1073 5779 δὲ
1112 5725 1261 5801 Hii;
1305 5731 1351 5760 ⁹⁶
1379 5727 1489 5781 τῶν
1521 5725 1812 5801 βαρϐάρων
1862 5725 2029 5787 ΑΒΚ.
2106 5725 2151 5766 ³⁷
2191 5725 2475 5799 τελοῦντες
2519 5736 2583 5790 Il.

2361 5666 2404 5696 ν’
2438 5665 2691 5734 ρεύσαιεν
2723 5664 2838 5720 RR.
2918 5665 2964 5698 ³³
2996 5667 3371 5735 παρετάξαντο
3397 5669 3462 5722 Il.
3537 5668 3584 5701 ’ί
3617 5669 3785 5736 μελαη

2682 5738 2726 5768 ⁵⁸
2754 5737 3041 5807 gustavi-,st
3083 5737 3148 5791 ll.
3258 5741 3302 5772 ⁸⁸
3347 5740 3636 5793 ἐπέστελλε
3668 5740 3784 5793 Itﬂ.

513 5795 529 5825 ⁸
573 5796 1097 5864 κατεμπεδὼσαντες
1134 5796 1295 5852 ABR.
1377 5802 1398 5830 ¹¹
1430 5795 1654 5873 εὐνέτην
1686 5795 1748 5854 Β.
1829 5803 2063 5873 ἀἵματι
2088 5805 2154 5859 Α.
2233 5808 2253 5836 ⁸
2283 5808 2435 5875 μόλις
2458 5795 2579 5863 iul.
2657 5807 2677 5838 ⁵
2716 5795 2962 5870 γλῶτταν
2992 5804 3060 5861 Β.
3140 5807 3160 5840 ⁸
3196 5809 3371 5876 σκότῳ
3405 5807 3519 5868 ιιιι.
