  <div class='ocr_page' id='page_1' title='image "/cluster/home/n/w/nwhite01/storage/ocr_20150623/127/coo.31924054870328/144.png"; bbox 0 0 4136 6470; ppageno 0'>
   <div class='ocr_carea' id='block_1_1' title="bbox 382 417 498 483">
    <p class='ocr_par' dir='ltr' id='par_1_1' title="bbox 382 417 498 483">
     <span class='ocr_line' id='line_1_1' title="bbox 382 417 498 483; baseline 0 0"><span class='ocrx_word' id='word_1_1' title='bbox 382 417 498 483; x_wconf 77' lang='lat'><strong>273</strong></span> 
     </span>
    </p>
   </div>
   <div class='ocr_carea' id='block_1_2' title="bbox 392 530 1666 605">
    <p class='ocr_par' dir='ltr' id='par_1_2' title="bbox 392 530 1666 605">
     <span class='ocr_line' id='line_1_2' title="bbox 392 530 1666 605; baseline -0.001 -16"><span class='ocrx_word' id='word_1_2' title='bbox 392 533 495 598; x_wconf 78' lang='grc' dir='ltr'>⁸ος</span> <span class='ocrx_word' id='word_1_3' title='bbox 520 530 734 589; x_wconf 78' lang='grc' dir='ltr'>ἀνελεῖν</span> <span class='ocrx_word' id='word_1_4' title='bbox 766 530 1007 604; x_wconf 75' lang='grc' dir='ltr'>ἠδύνατο</span> <span class='ocrx_word' id='word_1_5' title='bbox 1026 532 1118 589; x_wconf 74' lang='grc' dir='ltr'><strong>τδν</strong></span> <span class='ocrx_word' id='word_1_6' title='bbox 1153 531 1489 605; x_wconf 77' lang='grc' dir='ltr'>θυμολέοντά</span> <span class='ocrx_word' id='word_1_7' title='bbox 1514 552 1597 590; x_wconf 85' lang='grc' dir='ltr'><strong>σε.</strong></span> <span class='ocrx_word' id='word_1_8' title='bbox 1646 556 1666 588; x_wconf 71' lang='grc' dir='ltr'><strong>ι</strong></span> 
     </span>
    </p>
   </div>
   <div class='ocr_carea' id='block_1_3' title="bbox 398 626 1772 699">
    <p class='ocr_par' dir='ltr' id='par_1_3' title="bbox 398 626 1772 699">
     <span class='ocr_line' id='line_1_3' title="bbox 398 626 1772 699; baseline -0.002 -16"><span class='ocrx_word' id='word_1_9' title='bbox 398 628 464 683; x_wconf 87' lang='grc' dir='ltr'><strong>Ὃ</strong></span> <span class='ocrx_word' id='word_1_10' title='bbox 490 628 537 682; x_wconf 77' lang='grc' dir='ltr'>δ’</span> <span class='ocrx_word' id='word_1_11' title='bbox 560 627 817 698; x_wconf 74' lang='grc' dir='ltr'>ἀμαυρὸν</span> <span class='ocrx_word' id='word_1_12' title='bbox 843 626 1095 697; x_wconf 69' lang='grc' dir='ltr'>ἐφώνησε</span> <span class='ocrx_word' id='word_1_13' title='bbox 1125 628 1222 681; x_wconf 73' lang='grc' dir='ltr'>καὶ</span> <span class='ocrx_word' id='word_1_14' title='bbox 1248 631 1772 699; x_wconf 75' lang='grc' dir='ltr'>παρακεκομμένονσ</span> 
     </span>
    </p>
   </div>
   <div class='ocr_carea' id='block_1_4' title="bbox 395 719 1926 792">
    <p class='ocr_par' dir='ltr' id='par_1_4' title="bbox 395 719 1926 792">
     <span class='ocr_line' id='line_1_4' title="bbox 395 719 1926 792; baseline 0.002 -18"><span class='ocrx_word' id='word_1_15' title='bbox 395 739 420 774; x_wconf 68' lang='grc' dir='ltr'>ι</span> <span class='ocrx_word' id='word_1_16' title='bbox 461 719 749 774; x_wconf 74' lang='grc' dir='ltr'>’Δνεῖλόντ</span> <span class='ocrx_word' id='word_1_17' title='bbox 782 738 853 789; x_wconf 82' lang='grc' dir='ltr'><strong>με</strong></span> <span class='ocrx_word' id='word_1_18' title='bbox 883 719 1152 791; x_wconf 73' lang='grc' dir='ltr'>Δηΐφοϐος</span> <span class='ocrx_word' id='word_1_19' title='bbox 1184 721 1277 776; x_wconf 70' lang='grc' dir='ltr'><strong>καὶ</strong></span> <span class='ocrx_word' id='word_1_20' title='bbox 1305 720 1482 792; x_wconf 85' lang='grc' dir='ltr'>Πάρις</span> <span class='ocrx_word' id='word_1_21' title='bbox 1518 722 1660 792; x_wconf 85' lang='grc' dir='ltr'>μετὰ</span> <span class='ocrx_word' id='word_1_22' title='bbox 1682 722 1856 779; x_wconf 87' lang='grc' dir='ltr'>δόλου,</span> <span class='ocrx_word' id='word_1_23' title='bbox 1906 743 1926 777; x_wconf 71' lang='grc' dir='ltr'><strong>ι</strong></span> 
     </span>
    </p>
   </div>
   <div class='ocr_carea' id='block_1_5' title="bbox 392 810 1856 887">
    <p class='ocr_par' dir='ltr' id='par_1_5' title="bbox 392 810 1856 887">
     <span class='ocr_line' id='line_1_5' title="bbox 392 810 1856 887; baseline 0.002 -20"><span class='ocrx_word' id='word_1_24' title='bbox 392 813 507 867; x_wconf 66' lang='grc' dir='ltr'>Καὶ</span> <span class='ocrx_word' id='word_1_25' title='bbox 532 811 688 864; x_wconf 80' lang='grc' dir='ltr'>ταῦτ’</span> <span class='ocrx_word' id='word_1_26' title='bbox 715 810 894 865; x_wconf 79' lang='grc' dir='ltr'>εἰπὼν</span> <span class='ocrx_word' id='word_1_27' title='bbox 918 812 1247 879; x_wconf 78' lang='grc' dir='ltr'><strong>ἐξέπνευσεν</strong></span> <span class='ocrx_word' id='word_1_28' title='bbox 1270 813 1299 866; x_wconf 88' lang='grc' dir='ltr'><strong>ό</strong></span> <span class='ocrx_word' id='word_1_29' title='bbox 1324 812 1652 884; x_wconf 80' lang='grc' dir='ltr'>τηλικοῦτος</span> <span class='ocrx_word' id='word_1_30' title='bbox 1679 814 1856 887; x_wconf 76' lang='grc' dir='ltr'>ἥρως.</span> 
     </span>
    </p>
   </div>
   <div class='ocr_carea' id='block_1_6' title="bbox 391 905 1893 979">
    <p class='ocr_par' dir='ltr' id='par_1_6' title="bbox 391 905 1893 979">
     <span class='ocr_line' id='line_1_6' title="bbox 391 905 1893 979; baseline 0.003 -20"><span class='ocrx_word' id='word_1_31' title='bbox 391 909 530 969; x_wconf 81' lang='grc' dir='ltr'>Αἴας</span> <span class='ocrx_word' id='word_1_32' title='bbox 560 906 604 959; x_wconf 83' lang='grc' dir='ltr'>δ’</span> <span class='ocrx_word' id='word_1_33' title='bbox 636 906 728 959; x_wconf 73' lang='grc' dir='ltr'><strong>ἐπ’</strong></span> <span class='ocrx_word' id='word_1_34' title='bbox 759 905 934 975; x_wconf 77' lang='grc' dir='ltr'>ὤμων</span> <span class='ocrx_word' id='word_1_35' title='bbox 959 905 1189 978; x_wconf 83' lang='grc' dir='ltr'>θέμενος</span> <span class='ocrx_word' id='word_1_36' title='bbox 1226 907 1288 961; x_wconf 82' lang='grc' dir='ltr'>τὸ</span> <span class='ocrx_word' id='word_1_37' title='bbox 1330 907 1529 978; x_wconf 83' lang='grc' dir='ltr'>σκῆνος</span> <span class='ocrx_word' id='word_1_38' title='bbox 1548 908 1572 941; x_wconf 78' lang='grc'>⁸</span> <span class='ocrx_word' id='word_1_39' title='bbox 1599 908 1893 979; x_wconf 80' lang='grc' dir='ltr'><strong>Ἀχιλλέως</strong></span> 
     </span>
    </p>
   </div>
   <div class='ocr_carea' id='block_1_7' title="bbox 392 997 1817 1071">
    <p class='ocr_par' dir='ltr' id='par_1_7' title="bbox 392 997 1817 1071">
     <span class='ocr_line' id='line_1_7' title="bbox 392 997 1817 1071; baseline 0.004 -19"><span class='ocrx_word' id='word_1_40' title='bbox 392 998 617 1067; x_wconf 81' lang='grc' dir='ltr'>Πικρῶς</span> <span class='ocrx_word' id='word_1_41' title='bbox 647 997 745 1051; x_wconf 67' lang='grc' dir='ltr'>ἐπὶ</span> <span class='ocrx_word' id='word_1_42' title='bbox 776 999 872 1052; x_wconf 81' lang='grc' dir='ltr'><strong>τὸν</strong></span> <span class='ocrx_word' id='word_1_43' title='bbox 900 997 1254 1070; x_wconf 82' lang='grc' dir='ltr'>ναύσταθμον</span> <span class='ocrx_word' id='word_1_44' title='bbox 1284 999 1496 1071; x_wconf 72' lang='grc' dir='ltr'>ἢγαγεν</span> <span class='ocrx_word' id='word_1_45' title='bbox 1520 999 1817 1066; x_wconf 79' lang='grc' dir='ltr'>όλολύζων.</span> 
     </span>
    </p>
   </div>
   <div class='ocr_carea' id='block_1_8' title="bbox 467 1091 1899 1166">
    <p class='ocr_par' dir='ltr' id='par_1_8' title="bbox 467 1091 1899 1166">
     <span class='ocr_line' id='line_1_8' title="bbox 467 1091 1899 1166; baseline 0.003 -22"><span class='ocrx_word' id='word_1_46' title='bbox 467 1091 642 1154; x_wconf 69' lang='grc' dir='ltr'>Εὐθὺς</span> <span class='ocrx_word' id='word_1_47' title='bbox 675 1091 736 1145; x_wconf 83' lang='grc' dir='ltr'>δὲ</span> <span class='ocrx_word' id='word_1_48' title='bbox 771 1091 1196 1166; x_wconf 72' lang='grc' dir='ltr'>μετεπέμψαντο</span> <span class='ocrx_word' id='word_1_49' title='bbox 1224 1093 1441 1165; x_wconf 81' lang='grc' dir='ltr'>Πύρῤον</span> <span class='ocrx_word' id='word_1_50' title='bbox 1473 1092 1566 1147; x_wconf 76' lang='grc' dir='ltr'>τὸν</span> <span class='ocrx_word' id='word_1_51' title='bbox 1605 1092 1899 1166; x_wconf 81' lang='grc' dir='ltr'><strong>Ἀχιλλέως</strong></span> 
     </span>
    </p>
   </div>
   <div class='ocr_carea' id='block_1_9' title="bbox 392 1164 1714 1257">
    <p class='ocr_par' dir='ltr' id='par_1_9' title="bbox 392 1164 1714 1257">
     <span class='ocr_line' id='line_1_9' title="bbox 392 1164 1714 1257; baseline 0.002 -20"><span class='ocrx_word' id='word_1_52' title='bbox 392 1185 499 1237; x_wconf 74' lang='grc' dir='ltr'><strong>τὸν</strong></span> <span class='ocrx_word' id='word_1_53' title='bbox 526 1185 619 1236; x_wconf 76' lang='grc' dir='ltr'><strong>καὶ</strong></span> <span class='ocrx_word' id='word_1_54' title='bbox 644 1183 1054 1254; x_wconf 86' lang='grc' dir='ltr'>Νεοπτόλεμον,</span> <span class='ocrx_word' id='word_1_55' title='bbox 1082 1164 1175 1239; x_wconf 60' lang='grc' dir='ltr'><strong>τόν</strong></span> <span class='ocrx_word' id='word_1_56' title='bbox 1216 1164 1327 1239; x_wconf 80' lang='grc' dir='ltr'><strong>ἀπδ</strong></span> <span class='ocrx_word' id='word_1_57' title='bbox 1357 1164 1714 1257; x_wconf 75' lang='grc' dir='ltr'>Δηϊδαμείας.</span> 
     </span>
    </p>
   </div>
   <div class='ocr_carea' id='block_1_10' title="bbox 394 1276 1917 1350">
    <p class='ocr_par' dir='ltr' id='par_1_10' title="bbox 394 1276 1917 1350">
     <span class='ocr_line' id='line_1_10' title="bbox 394 1276 1917 1350; baseline 0.001 -20"><span class='ocrx_word' id='word_1_58' title='bbox 394 1276 509 1330; x_wconf 75' lang='grc' dir='ltr'><strong>Καὶ</strong></span> <span class='ocrx_word' id='word_1_59' title='bbox 542 1276 710 1331; x_wconf 83' lang='grc' dir='ltr'>πάλιν</span> <span class='ocrx_word' id='word_1_60' title='bbox 736 1276 889 1346; x_wconf 87' lang='grc' dir='ltr'>φόνοι</span> <span class='ocrx_word' id='word_1_61' title='bbox 920 1277 1015 1329; x_wconf 56' lang='grc' dir='ltr'><strong>καὶ⁵</strong></span> <span class='ocrx_word' id='word_1_62' title='bbox 1039 1279 1270 1348; x_wconf 72' lang='grc' dir='ltr'>σφαγαὶ,</span> <span class='ocrx_word' id='word_1_63' title='bbox 1313 1277 1476 1332; x_wconf 89' lang='grc' dir='ltr'>πάλιν</span> <span class='ocrx_word' id='word_1_64' title='bbox 1506 1279 1917 1350; x_wconf 74' lang='grc' dir='ltr'><strong>ἀνδροκτασίαι,</strong></span> 
     </span>
    </p>
   </div>
   <div class='ocr_carea' id='block_1_11' title="bbox 390 1367 1835 1441">
    <p class='ocr_par' dir='ltr' id='par_1_11' title="bbox 390 1367 1835 1441">
     <span class='ocr_line' id='line_1_11' title="bbox 390 1367 1835 1441; baseline 0.003 -20"><span class='ocrx_word' id='word_1_65' title='bbox 390 1370 509 1423; x_wconf 78' lang='grc' dir='ltr'>Καὶ</span> <span class='ocrx_word' id='word_1_66' title='bbox 531 1367 700 1423; x_wconf 84' lang='grc' dir='ltr'>πάλιν</span> <span class='ocrx_word' id='word_1_67' title='bbox 732 1369 1137 1440; x_wconf 73' lang='grc' dir='ltr'>αἱματόφυρτοι</span> <span class='ocrx_word' id='word_1_68' title='bbox 1172 1370 1376 1441; x_wconf 82' lang='grc' dir='ltr'>Τροίας</span> <span class='ocrx_word' id='word_1_69' title='bbox 1414 1372 1470 1425; x_wconf 80' lang='grc' dir='ltr'>αἱ</span> <span class='ocrx_word' id='word_1_70' title='bbox 1510 1371 1763 1436; x_wconf 74' lang='grc' dir='ltr'><strong>πεδιάδες</strong></span> <span class='ocrx_word' id='word_1_71' title='bbox 1791 1373 1835 1437; x_wconf 79' lang='grc'>⁸,</span> 
     </span>
    </p>
   </div>
   <div class='ocr_carea' id='block_1_12' title="bbox 392 1461 1970 1541">
    <p class='ocr_par' dir='ltr' id='par_1_12' title="bbox 392 1461 1970 1541">
     <span class='ocr_line' id='line_1_12' title="bbox 392 1461 1970 1541; baseline 0.006 -27"><span class='ocrx_word' id='word_1_72' title='bbox 392 1461 508 1514; x_wconf 68' lang='grc' dir='ltr'>Καὶ</span> <span class='ocrx_word' id='word_1_73' title='bbox 535 1461 700 1514; x_wconf 86' lang='grc' dir='ltr'>πάλιν</span> <span class='ocrx_word' id='word_1_74' title='bbox 729 1461 1214 1533; x_wconf 79' lang='grc' dir='ltr'>αἱμοφόρυκτατά</span> <span class='ocrx_word' id='word_1_75' title='bbox 1242 1463 1336 1517; x_wconf 89' lang='grc' dir='ltr'><strong>τοῦ</strong></span> <span class='ocrx_word' id='word_1_76' title='bbox 1374 1466 1728 1539; x_wconf 79' lang='grc' dir='ltr'>Σκαμάνδρου</span> <span class='ocrx_word' id='word_1_77' title='bbox 1751 1468 1970 1541; x_wconf 79' lang='grc' dir='ltr'><strong>ῥεῖθρα,</strong></span> 
     </span>
    </p>
   </div>
   <div class='ocr_carea' id='block_1_13' title="bbox 394 1554 1983 1629">
    <p class='ocr_par' dir='ltr' id='par_1_13' title="bbox 394 1554 1983 1629">
     <span class='ocr_line' id='line_1_13' title="bbox 394 1554 1983 1629; baseline 0.005 -22"><span class='ocrx_word' id='word_1_78' title='bbox 394 1555 549 1617; x_wconf 80' lang='grc' dir='ltr'>Ἕως</span> <span class='ocrx_word' id='word_1_79' title='bbox 565 1554 676 1608; x_wconf 81' lang='grc' dir='ltr'>τῶν</span> <span class='ocrx_word' id='word_1_80' title='bbox 710 1556 961 1625; x_wconf 86' lang='grc' dir='ltr'>μάντεων</span> <span class='ocrx_word' id='word_1_81' title='bbox 989 1555 1175 1620; x_wconf 82' lang='grc' dir='ltr'>αὐτοῖς</span> <span class='ocrx_word' id='word_1_82' title='bbox 1206 1557 1492 1627; x_wconf 78' lang='grc' dir='ltr'>χρησμοὺς</span> <span class='ocrx_word' id='word_1_83' title='bbox 1526 1560 1983 1629; x_wconf 84' lang='grc' dir='ltr'>ἐκφοιϐασάντων</span> 
     </span>
    </p>
   </div>
   <div class='ocr_carea' id='block_1_14' title="bbox 402 1636 1848 1722">
    <p class='ocr_par' dir='ltr' id='par_1_14' title="bbox 402 1636 1848 1722">
     <span class='ocr_line' id='line_1_14' title="bbox 402 1636 1848 1722; baseline -0.001 -20"><span class='ocrx_word' id='word_1_84' title='bbox 402 1646 497 1709; x_wconf 72' lang='grc' dir='ltr'>Ὠς</span> <span class='ocrx_word' id='word_1_85' title='bbox 525 1647 589 1700; x_wconf 77' lang='grc' dir='ltr'><strong>οὐ</strong></span> <span class='ocrx_word' id='word_1_86' title='bbox 620 1636 798 1716; x_wconf 79' lang='grc' dir='ltr'>χρεών</span> <span class='ocrx_word' id='word_1_87' title='bbox 816 1647 969 1700; x_wconf 79' lang='grc' dir='ltr'>ἐστιν</span> <span class='ocrx_word' id='word_1_88' title='bbox 993 1647 1135 1701; x_wconf 78' lang='grc' dir='ltr'>ἑλεῖν</span> <span class='ocrx_word' id='word_1_89' title='bbox 1164 1647 1209 1678; x_wconf 83' lang='grc'><strong>¹⁰</strong></span> <span class='ocrx_word' id='word_1_90' title='bbox 1229 1648 1336 1701; x_wconf 76' lang='grc' dir='ltr'><strong>ἀπὸ</strong></span> <span class='ocrx_word' id='word_1_91' title='bbox 1377 1649 1619 1720; x_wconf 80' lang='grc' dir='ltr'>πολέμου</span> <span class='ocrx_word' id='word_1_92' title='bbox 1643 1649 1848 1722; x_wconf 81' lang='grc' dir='ltr'>Τροίαν</span> 
     </span>
    </p>
   </div>
   <div class='ocr_carea' id='block_1_15' title="bbox 391 1738 1957 1811">
    <p class='ocr_par' dir='ltr' id='par_1_15' title="bbox 391 1738 1957 1811">
     <span class='ocr_line' id='line_1_15' title="bbox 391 1738 1957 1811; baseline 0.002 -18"><span class='ocrx_word' id='word_1_93' title='bbox 391 1740 525 1794; x_wconf 80' lang='grc' dir='ltr'>Οὐδ’</span> <span class='ocrx_word' id='word_1_94' title='bbox 556 1742 620 1792; x_wconf 75' lang='grc' dir='ltr'>ὲκ</span> <span class='ocrx_word' id='word_1_95' title='bbox 649 1738 852 1810; x_wconf 81' lang='grc' dir='ltr'>χειρῶν</span> <span class='ocrx_word' id='word_1_96' title='bbox 880 1738 990 1792; x_wconf 73' lang='grc' dir='ltr'>οὐδ’</span> <span class='ocrx_word' id='word_1_97' title='bbox 1012 1740 1076 1792; x_wconf 80' lang='grc' dir='ltr'>ὲκ</span> <span class='ocrx_word' id='word_1_98' title='bbox 1109 1738 1301 1807; x_wconf 81' lang='grc' dir='ltr'>ξιφῶν,</span> <span class='ocrx_word' id='word_1_99' title='bbox 1337 1739 1455 1793; x_wconf 84' lang='grc' dir='ltr'>ἀλλ’</span> <span class='ocrx_word' id='word_1_100' title='bbox 1478 1740 1589 1794; x_wconf 79' lang='grc' dir='ltr'><strong>άπὸ</strong></span> <span class='ocrx_word' id='word_1_101' title='bbox 1605 1740 1758 1794; x_wconf 89' lang='grc' dir='ltr'>δόλου</span> <span class='ocrx_word' id='word_1_102' title='bbox 1793 1741 1957 1811; x_wconf 88' lang='grc' dir='ltr'>μόνου</span> 
     </span>
    </p>
   </div>
   <div class='ocr_carea' id='block_1_16' title="bbox 391 1829 1803 1901">
    <p class='ocr_par' dir='ltr' id='par_1_16' title="bbox 391 1829 1803 1901">
     <span class='ocr_line' id='line_1_16' title="bbox 391 1829 1803 1901; baseline 0 -16"><span class='ocrx_word' id='word_1_103' title='bbox 391 1831 504 1885; x_wconf 73' lang='grc' dir='ltr'>Τὸν</span> <span class='ocrx_word' id='word_1_104' title='bbox 534 1830 705 1884; x_wconf 84' lang='grc' dir='ltr'>τππον</span> <span class='ocrx_word' id='word_1_105' title='bbox 735 1832 1100 1901; x_wconf 84' lang='grc' dir='ltr'>ὲτεκτήναντο</span> <span class='ocrx_word' id='word_1_106' title='bbox 1133 1829 1225 1885; x_wconf 79' lang='grc' dir='ltr'>τὸν</span> <span class='ocrx_word' id='word_1_107' title='bbox 1261 1830 1473 1897; x_wconf 79' lang='grc' dir='ltr'>ξύλινον</span> <span class='ocrx_word' id='word_1_108' title='bbox 1501 1832 1731 1898; x_wconf 79' lang='grc' dir='ltr'>ἐκεῖνον,</span> <span class='ocrx_word' id='word_1_109' title='bbox 1794 1832 1803 1839; x_wconf 78' lang='grc'><strong>’</strong></span> 
     </span>
    </p>
   </div>
   <div class='ocr_carea' id='block_1_17' title="bbox 393 1921 1929 1993">
    <p class='ocr_par' dir='ltr' id='par_1_17' title="bbox 393 1921 1929 1993">
     <span class='ocr_line' id='line_1_17' title="bbox 393 1921 1929 1993; baseline 0.001 -19"><span class='ocrx_word' id='word_1_110' title='bbox 393 1921 510 1974; x_wconf 73' lang='grc' dir='ltr'><strong>Καὶ</strong></span> <span class='ocrx_word' id='word_1_111' title='bbox 536 1921 964 1991; x_wconf 77' lang='grc' dir='ltr'><strong>καταφράκτους</strong></span> <span class='ocrx_word' id='word_1_112' title='bbox 995 1922 1076 1984; x_wconf 75' lang='grc' dir='ltr'><strong>εἰς</strong></span> <span class='ocrx_word' id='word_1_113' title='bbox 1102 1921 1267 1975; x_wconf 79' lang='grc' dir='ltr'>αὐτὸν</span> <span class='ocrx_word' id='word_1_114' title='bbox 1292 1921 1494 1993; x_wconf 81' lang='grc' dir='ltr'>ἄνδρας</span> <span class='ocrx_word' id='word_1_115' title='bbox 1519 1921 1929 1992; x_wconf 76' lang='grc' dir='ltr'>είσενεγκόντες</span> 
     </span>
    </p>
   </div>
   <div class='ocr_carea' id='block_1_18' title="bbox 392 2010 1837 2084">
    <p class='ocr_par' dir='ltr' id='par_1_18' title="bbox 392 2010 1837 2084">
     <span class='ocr_line' id='line_1_18' title="bbox 392 2010 1837 2084; baseline 0.003 -19"><span class='ocrx_word' id='word_1_116' title='bbox 392 2011 686 2083; x_wconf 83' lang='grc' dir='ltr'>Ἀπαίρειν</span> <span class='ocrx_word' id='word_1_117' title='bbox 714 2013 879 2082; x_wconf 73' lang='grc' dir='ltr'>δῆθεν</span> <span class='ocrx_word' id='word_1_118' title='bbox 915 2010 1105 2079; x_wconf 72' lang='grc' dir='ltr'>ἔδοξαν</span> <span class='ocrx_word' id='word_1_119' title='bbox 1144 2012 1283 2083; x_wconf 76' lang='grc' dir='ltr'>πρὸς</span> <span class='ocrx_word' id='word_1_120' title='bbox 1315 2012 1413 2076; x_wconf 85' lang='grc' dir='ltr'>τὰς</span> <span class='ocrx_word' id='word_1_121' title='bbox 1440 2014 1837 2084; x_wconf 74' lang='grc' dir='ltr'>ἐνεγκαμένας.</span> 
     </span>
    </p>
   </div>
   <div class='ocr_carea' id='block_1_19' title="bbox 395 2101 1984 2177">
    <p class='ocr_par' dir='ltr' id='par_1_19' title="bbox 395 2101 1984 2177">
     <span class='ocr_line' id='line_1_19' title="bbox 395 2101 1984 2177; baseline 0.002 -20"><span class='ocrx_word' id='word_1_122' title='bbox 395 2104 510 2157; x_wconf 75' lang='grc' dir='ltr'>Καὶ</span> <span class='ocrx_word' id='word_1_123' title='bbox 521 2103 615 2156; x_wconf 75' lang='grc' dir='ltr'><strong>τὸν</strong></span> <span class='ocrx_word' id='word_1_124' title='bbox 631 2104 730 2171; x_wconf 83' lang='grc' dir='ltr'>μὲν</span> <span class='ocrx_word' id='word_1_125' title='bbox 749 2103 916 2157; x_wconf 82' lang='grc' dir='ltr'>ἵππον</span> <span class='ocrx_word' id='word_1_126' title='bbox 932 2103 1123 2157; x_wconf 73' lang='grc' dir='ltr'>εἴασαν</span> <span class='ocrx_word' id='word_1_127' title='bbox 1139 2101 1307 2157; x_wconf 79' lang='grc' dir='ltr'>αὑτοῦ</span> <span class='ocrx_word' id='word_1_128' title='bbox 1325 2104 1462 2175; x_wconf 69' lang='grc' dir='ltr'>πρδς</span> <span class='ocrx_word' id='word_1_129' title='bbox 1481 2104 1558 2175; x_wconf 83' lang='grc' dir='ltr'>τῷ</span> <span class='ocrx_word' id='word_1_130' title='bbox 1575 2104 1815 2160; x_wconf 87' lang='grc' dir='ltr'>ναυστάθ</span> <span class='ocrx_word' id='word_1_131' title='bbox 1824 2107 1984 2177; x_wconf 80' lang='grc' dir='ltr'>μῳ¹¹,</span> 
     </span>
    </p>
   </div>
   <div class='ocr_carea' id='block_1_20' title="bbox 396 2193 1976 2270">
    <p class='ocr_par' dir='ltr' id='par_1_20' title="bbox 396 2193 1976 2270">
     <span class='ocr_line' id='line_1_20' title="bbox 396 2193 1976 2270; baseline 0.004 -22"><span class='ocrx_word' id='word_1_132' title='bbox 396 2195 565 2250; x_wconf 75' lang='grc' dir='ltr'>Αὐτοὶ</span> <span class='ocrx_word' id='word_1_133' title='bbox 598 2195 647 2250; x_wconf 73' lang='grc' dir='ltr'>δ’</span> <span class='ocrx_word' id='word_1_134' title='bbox 673 2193 974 2265; x_wconf 80' lang='grc' dir='ltr'>ὑφώρμουν</span> <span class='ocrx_word' id='word_1_135' title='bbox 998 2197 1120 2255; x_wconf 84' lang='grc' dir='ltr'>ταῖς</span> <span class='ocrx_word' id='word_1_136' title='bbox 1148 2196 1341 2249; x_wconf 73' lang='grc' dir='ltr'>ναυσὶν</span> <span class='ocrx_word' id='word_1_137' title='bbox 1382 2199 1441 2249; x_wconf 80' lang='grc' dir='ltr'>ὲν</span> <span class='ocrx_word' id='word_1_138' title='bbox 1465 2199 1531 2267; x_wconf 77' lang='grc' dir='ltr'>τῇ</span> <span class='ocrx_word' id='word_1_139' title='bbox 1562 2196 1774 2269; x_wconf 82' lang='grc' dir='ltr'>Τενέδῳ</span> <span class='ocrx_word' id='word_1_140' title='bbox 1804 2199 1976 2270; x_wconf 85' lang='grc' dir='ltr'>νήσῳ.</span> 
     </span>
    </p>
   </div>
   <div class='ocr_carea' id='block_1_21' title="bbox 397 2280 1925 2359">
    <p class='ocr_par' dir='ltr' id='par_1_21' title="bbox 397 2280 1925 2359">
     <span class='ocr_line' id='line_1_21' title="bbox 397 2280 1925 2359; baseline 0.003 -20"><span class='ocrx_word' id='word_1_141' title='bbox 397 2284 554 2340; x_wconf 74' lang='grc' dir='ltr'>Εἶδον</span> <span class='ocrx_word' id='word_1_142' title='bbox 586 2287 638 2339; x_wconf 83' lang='grc' dir='ltr'>οι</span> <span class='ocrx_word' id='word_1_143' title='bbox 669 2286 860 2357; x_wconf 84' lang='grc' dir='ltr'>τρῶες</span> <span class='ocrx_word' id='word_1_144' title='bbox 886 2286 950 2339; x_wconf 80' lang='grc' dir='ltr'><strong>τδ</strong></span> <span class='ocrx_word' id='word_1_145' title='bbox 983 2286 1220 2357; x_wconf 67' lang='grc' dir='ltr'>συμϐὰν,</span> <span class='ocrx_word' id='word_1_146' title='bbox 1252 2280 1395 2339; x_wconf 72' lang='grc' dir='ltr'>εἶδον</span> <span class='ocrx_word' id='word_1_147' title='bbox 1418 2289 1665 2358; x_wconf 75' lang='grc' dir='ltr'>ἐρήμους</span> <span class='ocrx_word' id='word_1_148' title='bbox 1695 2289 1925 2359; x_wconf 80' lang='grc' dir='ltr'>ὅρμους.</span> 
     </span>
    </p>
   </div>
   <div class='ocr_carea' id='block_1_22' title="bbox 396 2378 1981 2452">
    <p class='ocr_par' dir='ltr' id='par_1_22' title="bbox 396 2378 1981 2452">
     <span class='ocr_line' id='line_1_22' title="bbox 396 2378 1981 2452; baseline 0.004 -21"><span class='ocrx_word' id='word_1_149' title='bbox 396 2379 505 2432; x_wconf 71' lang='grc' dir='ltr'>Τὸν</span> <span class='ocrx_word' id='word_1_150' title='bbox 537 2379 710 2432; x_wconf 77' lang='grc' dir='ltr'>ἵππον</span> <span class='ocrx_word' id='word_1_151' title='bbox 737 2378 901 2449; x_wconf 87' lang='grc' dir='ltr'>μόνον</span> <span class='ocrx_word' id='word_1_152' title='bbox 927 2378 1219 2450; x_wconf 80' lang='grc' dir='ltr'>βλέποντες</span> <span class='ocrx_word' id='word_1_153' title='bbox 1249 2380 1517 2451; x_wconf 73' lang='grc' dir='ltr'>ἠπόρουν,</span> <span class='ocrx_word' id='word_1_154' title='bbox 1544 2379 1890 2452; x_wconf 75' lang='grc' dir='ltr'>ἐθαμϐοῦντο</span> <span class='ocrx_word' id='word_1_155' title='bbox 1914 2384 1981 2438; x_wconf 81' lang='grc'>¹².</span> 
     </span>
    </p>
   </div>
   <div class='ocr_carea' id='block_1_23' title="bbox 401 2468 1874 2544">
    <p class='ocr_par' dir='ltr' id='par_1_23' title="bbox 401 2468 1874 2544">
     <span class='ocr_line' id='line_1_23' title="bbox 401 2468 1874 2544; baseline 0.002 -21"><span class='ocrx_word' id='word_1_156' title='bbox 401 2470 515 2523; x_wconf 73' lang='grc' dir='ltr'><strong>Καὶ</strong></span> <span class='ocrx_word' id='word_1_157' title='bbox 544 2469 740 2539; x_wconf 80' lang='grc' dir='ltr'>πρῶτα</span> <span class='ocrx_word' id='word_1_158' title='bbox 780 2470 880 2540; x_wconf 79' lang='grc' dir='ltr'><strong>μὲν</strong></span> <span class='ocrx_word' id='word_1_159' title='bbox 909 2472 1228 2540; x_wconf 80' lang='grc' dir='ltr'>νομίζοντες</span> <span class='ocrx_word' id='word_1_160' title='bbox 1255 2468 1397 2524; x_wconf 74' lang='grc' dir='ltr'>εἶναι</span> <span class='ocrx_word' id='word_1_161' title='bbox 1428 2472 1488 2524; x_wconf 77' lang='grc' dir='ltr'><strong>τὸ</strong></span> <span class='ocrx_word' id='word_1_162' title='bbox 1508 2473 1615 2525; x_wconf 75' lang='grc' dir='ltr'>πᾶν</span> <span class='ocrx_word' id='word_1_163' title='bbox 1652 2474 1874 2544; x_wconf 82' lang='grc' dir='ltr'>ἀπάτην</span> 
     </span>
    </p>
   </div>
   <div class='ocr_carea' id='block_1_24' title="bbox 395 2563 1807 2636">
    <p class='ocr_par' dir='ltr' id='par_1_24' title="bbox 395 2563 1807 2636">
     <span class='ocr_line' id='line_1_24' title="bbox 395 2563 1807 2636; baseline 0.004 -20"><span class='ocrx_word' id='word_1_164' title='bbox 395 2563 647 2634; x_wconf 71' lang='grc' dir='ltr'>Φθείρειν</span> <span class='ocrx_word' id='word_1_165' title='bbox 669 2564 761 2619; x_wconf 79' lang='grc' dir='ltr'>τὸν</span> <span class='ocrx_word' id='word_1_166' title='bbox 791 2566 960 2619; x_wconf 81' lang='grc' dir='ltr'>ἵππον</span> <span class='ocrx_word' id='word_1_167' title='bbox 987 2565 1267 2636; x_wconf 86' lang='grc' dir='ltr'>ὥρμηντο,</span> <span class='ocrx_word' id='word_1_168' title='bbox 1301 2566 1434 2636; x_wconf 70' lang='grc' dir='ltr'>πυρὶ</span> <span class='ocrx_word' id='word_1_169' title='bbox 1450 2568 1807 2636; x_wconf 71' lang='grc' dir='ltr'>παραδιδόναι</span> 
     </span>
    </p>
   </div>
   <div class='ocr_carea' id='block_1_25' title="bbox 401 2655 1984 2730">
    <p class='ocr_par' dir='ltr' id='par_1_25' title="bbox 401 2655 1984 2730">
     <span class='ocr_line' id='line_1_25' title="bbox 401 2655 1984 2730; baseline 0.003 -22"><span class='ocrx_word' id='word_1_170' title='bbox 401 2655 477 2708; x_wconf 85' lang='grc' dir='ltr'><strong>Ἦ</strong></span> <span class='ocrx_word' id='word_1_171' title='bbox 509 2655 605 2708; x_wconf 78' lang='grc' dir='ltr'><strong>καὶ</strong></span> <span class='ocrx_word' id='word_1_172' title='bbox 640 2656 855 2725; x_wconf 78' lang='grc' dir='ltr'>ῥιπτεῖν</span> <span class='ocrx_word' id='word_1_173' title='bbox 888 2655 1031 2709; x_wconf 85' lang='grc' dir='ltr'><strong>κατά</strong></span> <span class='ocrx_word' id='word_1_174' title='bbox 1061 2657 1279 2726; x_wconf 84' lang='grc' dir='ltr'>πετρῶν</span> <span class='ocrx_word' id='word_1_175' title='bbox 1315 2655 1459 2709; x_wconf 88' lang='grc' dir='ltr'><strong>κατά</strong></span> <span class='ocrx_word' id='word_1_176' title='bbox 1480 2655 1645 2726; x_wconf 88' lang='grc' dir='ltr'>βυθοῦ</span> <span class='ocrx_word' id='word_1_177' title='bbox 1674 2657 1946 2730; x_wconf 78' lang='grc' dir='ltr'><strong>θαλάσσης</strong></span> <span class='ocrx_word' id='word_1_178' title='bbox 1966 2675 1984 2690; x_wconf 76' lang='grc' dir='ltr'><strong><em>ο</em></strong></span> 
     </span>
    </p>
   </div>
   <div class='ocr_carea' id='block_1_26' title="bbox 401 2742 1808 2818">
    <p class='ocr_par' dir='ltr' id='par_1_26' title="bbox 401 2742 1808 2818">
     <span class='ocr_line' id='line_1_26' title="bbox 401 2742 1808 2818; baseline 0.001 -17"><span class='ocrx_word' id='word_1_179' title='bbox 401 2742 537 2801; x_wconf 74' lang='grc' dir='ltr'>Εἶτα</span> <span class='ocrx_word' id='word_1_180' title='bbox 575 2748 694 2817; x_wconf 72' lang='grc' dir='ltr'>(καὶ</span> <span class='ocrx_word' id='word_1_181' title='bbox 736 2748 845 2816; x_wconf 80' lang='grc' dir='ltr'>γὰρ</span> <span class='ocrx_word' id='word_1_182' title='bbox 872 2748 1158 2818; x_wconf 79' lang='grc' dir='ltr'>κεκύρωτο</span> <span class='ocrx_word' id='word_1_183' title='bbox 1201 2747 1403 2816; x_wconf 83' lang='grc' dir='ltr'>Τροίαν</span> <span class='ocrx_word' id='word_1_184' title='bbox 1434 2747 1638 2802; x_wconf 84' lang='grc' dir='ltr'>ἁλῶναι</span> <span class='ocrx_word' id='word_1_185' title='bbox 1665 2749 1808 2815; x_wconf 83' lang='grc' dir='ltr'>τότε)</span> 
     </span>
    </p>
   </div>
   <div class='ocr_carea' id='block_1_27' title="bbox 401 2839 1811 2909">
    <p class='ocr_par' dir='ltr' id='par_1_27' title="bbox 401 2839 1811 2909">
     <span class='ocr_line' id='line_1_27' title="bbox 401 2839 1811 2909; baseline 0.001 -17"><span class='ocrx_word' id='word_1_186' title='bbox 401 2840 688 2909; x_wconf 81' lang='grc' dir='ltr'>Προσῆκον</span> <span class='ocrx_word' id='word_1_187' title='bbox 715 2839 895 2906; x_wconf 79' lang='grc' dir='ltr'>ἔδοξεν</span> <span class='ocrx_word' id='word_1_188' title='bbox 926 2841 1115 2904; x_wconf 81' lang='grc' dir='ltr'>αὐτοῖς</span> <span class='ocrx_word' id='word_1_189' title='bbox 1145 2842 1483 2909; x_wconf 73' lang='grc' dir='ltr'>εἰσενεγκεῖν</span> <span class='ocrx_word' id='word_1_190' title='bbox 1509 2839 1600 2894; x_wconf 79' lang='grc' dir='ltr'><strong>τὸν</strong></span> <span class='ocrx_word' id='word_1_191' title='bbox 1642 2841 1811 2893; x_wconf 79' lang='grc' dir='ltr'>ἵππον</span> 
     </span>
    </p>
   </div>
   <div class='ocr_carea' id='block_1_28' title="bbox 412 2930 1747 3006">
    <p class='ocr_par' dir='ltr' id='par_1_28' title="bbox 412 2930 1747 3006">
     <span class='ocr_line' id='line_1_28' title="bbox 412 2930 1747 3006; baseline 0.001 -22"><span class='ocrx_word' id='word_1_192' title='bbox 412 2931 505 2994; x_wconf 85' lang='grc' dir='ltr'>Ὠς</span> <span class='ocrx_word' id='word_1_193' title='bbox 543 2930 763 3002; x_wconf 81' lang='grc' dir='ltr'>ἄγαλμα</span> <span class='ocrx_word' id='word_1_194' title='bbox 788 2931 886 2984; x_wconf 75' lang='grc' dir='ltr'><strong>καὶ</strong></span> <span class='ocrx_word' id='word_1_195' title='bbox 911 2930 1155 3006; x_wconf 80' lang='grc' dir='ltr'>λάφυρον</span> <span class='ocrx_word' id='word_1_196' title='bbox 1185 2931 1293 2986; x_wconf 77' lang='grc' dir='ltr'><strong>ἀπὸ</strong></span> <span class='ocrx_word' id='word_1_197' title='bbox 1315 2931 1425 2986; x_wconf 85' lang='grc' dir='ltr'>τῶν</span> <span class='ocrx_word' id='word_1_198' title='bbox 1453 2931 1747 2987; x_wconf 75' lang='grc' dir='ltr'>ἐναντίων.</span> 
     </span>
    </p>
   </div>
   <div class='ocr_carea' id='block_1_29' title="bbox 1539 404 2574 487">
    <p class='ocr_par' dir='ltr' id='par_1_29' title="bbox 1539 404 2574 487">
     <span class='ocr_line' id='line_1_29' title="bbox 1539 404 2574 487; baseline 0.005 -8"><span class='ocrx_word' id='word_1_199' title='bbox 1539 404 2052 483; x_wconf 79' lang='lat' dir='ltr'><strong>COMPENDIUM</strong></span> <span class='ocrx_word' id='word_1_200' title='bbox 2093 422 2574 487; x_wconf 69' lang='lat' dir='ltr'><strong>cnnamum.</strong></span> 
     </span>
    </p>
   </div>
   <div class='ocr_carea' id='block_1_30' title="bbox 3566 435 3674 499">
    <p class='ocr_par' dir='ltr' id='par_1_30' title="bbox 3566 435 3674 499">
     <span class='ocr_line' id='line_1_30' title="bbox 3566 435 3674 499; baseline 0.019 -2"><span class='ocrx_word' id='word_1_201' title='bbox 3566 435 3674 499; x_wconf 69' lang='grc'><strong>274</strong></span> 
     </span>
    </p>
   </div>
   <div class='ocr_carea' id='block_1_31' title="bbox 2016 537 3615 619">
    <p class='ocr_par' dir='ltr' id='par_1_31' title="bbox 2016 537 3615 619">
     <span class='ocr_line' id='line_1_31' title="bbox 2016 537 3615 619; baseline 0.006 -25"><span class='ocrx_word' id='word_1_202' title='bbox 2016 537 2068 598; x_wconf 73' lang='grc' dir='ltr'>Α</span> <span class='ocrx_word' id='word_1_203' title='bbox 2096 539 2161 595; x_wconf 70' lang='lat' dir='ltr'><strong>Oi</strong></span> <span class='ocrx_word' id='word_1_204' title='bbox 2197 540 2297 611; x_wconf 76' lang='grc' dir='ltr'><strong>μὲν</strong></span> <span class='ocrx_word' id='word_1_205' title='bbox 2326 541 2490 594; x_wconf 81' lang='grc' dir='ltr'>αὑτὸν</span> <span class='ocrx_word' id='word_1_206' title='bbox 2520 541 2868 611; x_wconf 72' lang='grc' dir='ltr'>εἰσήνεγκαν,</span> <span class='ocrx_word' id='word_1_207' title='bbox 2908 544 3001 597; x_wconf 74' lang='grc' dir='ltr'><strong>καὶ</strong></span> <span class='ocrx_word' id='word_1_208' title='bbox 3035 543 3222 608; x_wconf 81' lang='grc' dir='ltr'>πότοις</span> <span class='ocrx_word' id='word_1_209' title='bbox 3250 545 3343 600; x_wconf 68' lang='grc' dir='ltr'><strong>καὶ</strong></span> <span class='ocrx_word' id='word_1_210' title='bbox 3372 549 3615 619; x_wconf 78' lang='grc' dir='ltr'>χορεῖαις</span> 
     </span>
    </p>
   </div>
   <div class='ocr_carea' id='block_1_32' title="bbox 2089 634 3670 710">
    <p class='ocr_par' dir='ltr' id='par_1_32' title="bbox 2089 634 3670 710">
     <span class='ocr_line' id='line_1_32' title="bbox 2089 634 3670 710; baseline 0.006 -22"><span class='ocrx_word' id='word_1_211' title='bbox 2089 635 2297 701; x_wconf 77' lang='grc' dir='ltr'>Αὐτοὺς</span> <span class='ocrx_word' id='word_1_212' title='bbox 2322 636 2369 668; x_wconf 66' lang='grc'><strong>³⁸</strong></span> <span class='ocrx_word' id='word_1_213' title='bbox 2392 635 2643 699; x_wconf 74' lang='grc' dir='ltr'>ἐκδόντες</span> <span class='ocrx_word' id='word_1_214' title='bbox 2668 634 2952 691; x_wconf 85' lang='grc' dir='ltr'>ῦπνωττον</span> <span class='ocrx_word' id='word_1_215' title='bbox 2983 636 3155 707; x_wconf 81' lang='grc' dir='ltr'>βαθὺν</span> <span class='ocrx_word' id='word_1_216' title='bbox 3178 640 3448 710; x_wconf 84' lang='grc' dir='ltr'>νήγρετον</span> <span class='ocrx_word' id='word_1_217' title='bbox 3476 642 3670 698; x_wconf 82' lang='grc' dir='ltr'>ὕπνον·</span> 
     </span>
    </p>
   </div>
   <div class='ocr_carea' id='block_1_33' title="bbox 2088 725 3674 804">
    <p class='ocr_par' dir='ltr' id='par_1_33' title="bbox 2088 725 3674 804">
     <span class='ocr_line' id='line_1_33' title="bbox 2088 725 3674 804; baseline 0.004 -25"><span class='ocrx_word' id='word_1_218' title='bbox 2088 727 2153 779; x_wconf 78' lang='grc' dir='ltr'><strong>Οἱ</strong></span> <span class='ocrx_word' id='word_1_219' title='bbox 2168 726 2212 778; x_wconf 88' lang='grc' dir='ltr'>δ’</span> <span class='ocrx_word' id='word_1_220' title='bbox 2233 725 2425 796; x_wconf 79' lang='grc' dir='ltr'>ἄνδρες</span> <span class='ocrx_word' id='word_1_221' title='bbox 2441 727 2489 779; x_wconf 76' lang='lat' dir='ltr'><strong>oi</strong></span> <span class='ocrx_word' id='word_1_222' title='bbox 2517 727 2908 797; x_wconf 82' lang='grc' dir='ltr'>κρυπτόμενοι,</span> <span class='ocrx_word' id='word_1_223' title='bbox 2939 727 3188 796; x_wconf 76' lang='grc' dir='ltr'>καὶπρὸς</span> <span class='ocrx_word' id='word_1_224' title='bbox 3208 730 3359 802; x_wconf 83' lang='grc' dir='ltr'>αὐτῷ</span> <span class='ocrx_word' id='word_1_225' title='bbox 3383 731 3674 804; x_wconf 78' lang='grc' dir='ltr'>λοχῶντες,</span> 
     </span>
    </p>
   </div>
   <div class='ocr_carea' id='block_1_34' title="bbox 2098 817 3489 894">
    <p class='ocr_par' dir='ltr' id='par_1_34' title="bbox 2098 817 3489 894">
     <span class='ocr_line' id='line_1_34' title="bbox 2098 817 3489 894; baseline 0.006 -22"><span class='ocrx_word' id='word_1_226' title='bbox 2098 817 2518 883; x_wconf 82' lang='grc' dir='ltr'>’Υπεξελοόντες</span> <span class='ocrx_word' id='word_1_227' title='bbox 2544 821 2722 891; x_wconf 77' lang='grc' dir='ltr'>σιωπῇ</span> <span class='ocrx_word' id='word_1_228' title='bbox 2760 821 3086 892; x_wconf 73' lang='grc' dir='ltr'>φρυκτωρὸν</span> <span class='ocrx_word' id='word_1_229' title='bbox 3121 817 3265 894; x_wconf 81' lang='grc' dir='ltr'>ἦραν</span> <span class='ocrx_word' id='word_1_230' title='bbox 3294 826 3489 894; x_wconf 77' lang='grc' dir='ltr'>μέγαν.</span> 
     </span>
    </p>
   </div>
   <div class='ocr_carea' id='block_1_35' title="bbox 2090 907 3459 980">
    <p class='ocr_par' dir='ltr' id='par_1_35' title="bbox 2090 907 3459 980">
     <span class='ocr_line' id='line_1_35' title="bbox 2090 907 3459 980; baseline 0.005 -19"><span class='ocrx_word' id='word_1_231' title='bbox 2090 909 2271 980; x_wconf 83' lang='grc' dir='ltr'>Ὅπερ</span> <span class='ocrx_word' id='word_1_232' title='bbox 2301 908 2502 972; x_wconf 74' lang='grc' dir='ltr'>ἰδόντες</span> <span class='ocrx_word' id='word_1_233' title='bbox 2531 907 2797 980; x_wconf 84' lang='grc' dir='ltr'>Ἕλληνες</span> <span class='ocrx_word' id='word_1_234' title='bbox 2832 909 2882 962; x_wconf 72' lang='grc' dir='ltr'>οε</span> <span class='ocrx_word' id='word_1_235' title='bbox 2908 914 3459 980; x_wconf 85' lang='grc' dir='ltr'>προεκπεπλευκότες</span> 
     </span>
    </p>
   </div>
   <div class='ocr_carea' id='block_1_36' title="bbox 2086 1001 3673 1080">
    <p class='ocr_par' dir='ltr' id='par_1_36' title="bbox 2086 1001 3673 1080">
     <span class='ocr_line' id='line_1_36' title="bbox 2086 1001 3673 1080; baseline 0.004 -24"><span class='ocrx_word' id='word_1_236' title='bbox 2086 1001 2294 1056; x_wconf 77' lang='grc' dir='ltr'>Θᾶττον</span> <span class='ocrx_word' id='word_1_237' title='bbox 2330 1001 2364 1072; x_wconf 81' lang='grc' dir='ltr'>ἢ</span> <span class='ocrx_word' id='word_1_238' title='bbox 2390 1001 2549 1069; x_wconf 81' lang='grc' dir='ltr'>λόγος</span> <span class='ocrx_word' id='word_1_239' title='bbox 2575 1003 2634 1056; x_wconf 85' lang='grc' dir='ltr'>ὲν</span> <span class='ocrx_word' id='word_1_240' title='bbox 2663 1002 2825 1056; x_wconf 77' lang='grc' dir='ltr'>ναυσὶ</span> <span class='ocrx_word' id='word_1_241' title='bbox 2865 1003 3116 1074; x_wconf 76' lang='grc' dir='ltr'>κατῆραν</span> <span class='ocrx_word' id='word_1_242' title='bbox 3151 1007 3289 1076; x_wconf 72' lang='grc' dir='ltr'>πρὸς</span> <span class='ocrx_word' id='word_1_243' title='bbox 3319 1009 3418 1079; x_wconf 88' lang='grc' dir='ltr'>τὴν</span> <span class='ocrx_word' id='word_1_244' title='bbox 3447 1010 3673 1080; x_wconf 78' lang='grc' dir='ltr'>Τροίαν,</span> 
     </span>
    </p>
   </div>
   <div class='ocr_carea' id='block_1_37' title="bbox 2085 1091 3671 1171">
    <p class='ocr_par' dir='ltr' id='par_1_37' title="bbox 2085 1091 3671 1171">
     <span class='ocr_line' id='line_1_37' title="bbox 2085 1091 3671 1171; baseline 0.006 -24"><span class='ocrx_word' id='word_1_245' title='bbox 2085 1092 2224 1158; x_wconf 73' lang='grc' dir='ltr'>Καὶ,</span> <span class='ocrx_word' id='word_1_246' title='bbox 2241 1092 2350 1146; x_wconf 86' lang='grc' dir='ltr'>τῶν</span> <span class='ocrx_word' id='word_1_247' title='bbox 2370 1091 2560 1148; x_wconf 87' lang='grc' dir='ltr'>πυλῶν</span> <span class='ocrx_word' id='word_1_248' title='bbox 2580 1092 2908 1163; x_wconf 85' lang='grc' dir='ltr'>ἀνοιγεισῶν</span> <span class='ocrx_word' id='word_1_249' title='bbox 2921 1095 3074 1167; x_wconf 85' lang='grc' dir='ltr'><strong>παρά</strong></span> <span class='ocrx_word' id='word_1_250' title='bbox 3103 1097 3212 1151; x_wconf 83' lang='grc' dir='ltr'>τῶν</span> <span class='ocrx_word' id='word_1_251' title='bbox 3247 1100 3671 1171; x_wconf 79' lang='grc' dir='ltr'>προεμϐάντων,</span> 
     </span>
    </p>
   </div>
   <div class='ocr_carea' id='block_1_38' title="bbox 2095 1188 3675 1272">
    <p class='ocr_par' dir='ltr' id='par_1_38' title="bbox 2095 1188 3675 1272">
     <span class='ocr_line' id='line_1_38' title="bbox 2095 1188 3675 1272; baseline 0.008 -28"><span class='ocrx_word' id='word_1_252' title='bbox 2095 1188 2190 1254; x_wconf 84' lang='grc' dir='ltr'>Ὧς</span> <span class='ocrx_word' id='word_1_253' title='bbox 2227 1189 2373 1260; x_wconf 74' lang='grc' dir='ltr'>ὕδωρ</span> <span class='ocrx_word' id='word_1_254' title='bbox 2399 1190 2759 1263; x_wconf 75' lang='grc' dir='ltr'>εἰσεχύθησαν</span> <span class='ocrx_word' id='word_1_255' title='bbox 2789 1190 3009 1265; x_wconf 86' lang='grc' dir='ltr'>λάϐρως</span> <span class='ocrx_word' id='word_1_256' title='bbox 3038 1192 3081 1227; x_wconf 67' lang='grc'><strong>⁸⁵</strong></span> <span class='ocrx_word' id='word_1_257' title='bbox 3108 1194 3270 1250; x_wconf 85' lang='grc' dir='ltr'>ποθὲν</span> <span class='ocrx_word' id='word_1_258' title='bbox 3307 1198 3675 1272; x_wconf 86' lang='grc' dir='ltr'>πλημμύραν.</span> 
     </span>
    </p>
   </div>
   <div class='ocr_carea' id='block_1_39' title="bbox 2139 1283 3679 1365">
    <p class='ocr_par' dir='ltr' id='par_1_39' title="bbox 2139 1283 3679 1365">
     <span class='ocr_line' id='line_1_39' title="bbox 2139 1283 3679 1365; baseline 0.009 -30"><span class='ocrx_word' id='word_1_259' title='bbox 2139 1283 2254 1352; x_wconf 79' lang='grc' dir='ltr'>Τῆς</span> <span class='ocrx_word' id='word_1_260' title='bbox 2272 1284 2683 1355; x_wconf 80' lang='grc' dir='ltr'>στεῤῥοπύργου</span> <span class='ocrx_word' id='word_1_261' title='bbox 2698 1284 2988 1353; x_wconf 84' lang='grc' dir='ltr'>τοιγαροῦν</span> <span class='ocrx_word' id='word_1_262' title='bbox 3000 1285 3143 1341; x_wconf 76' lang='grc' dir='ltr'>οὕτω</span> <span class='ocrx_word' id='word_1_263' title='bbox 3161 1288 3463 1363; x_wconf 81' lang='grc' dir='ltr'>ληφθείσης</span> <span class='ocrx_word' id='word_1_264' title='bbox 3477 1292 3679 1365; x_wconf 84' lang='grc' dir='ltr'>Τροίας</span> 
     </span>
    </p>
   </div>
   <div class='ocr_carea' id='block_1_40' title="bbox 2092 1377 3466 1450">
    <p class='ocr_par' dir='ltr' id='par_1_40' title="bbox 2092 1377 3466 1450">
     <span class='ocr_line' id='line_1_40' title="bbox 2092 1377 3466 1450; baseline 0.001 -17"><span class='ocrx_word' id='word_1_265' title='bbox 2092 1378 2354 1442; x_wconf 84' lang='grc' dir='ltr'>Γυναῖκες</span> <span class='ocrx_word' id='word_1_266' title='bbox 2386 1377 2781 1448; x_wconf 75' lang='grc' dir='ltr'>ἀφηρπάζοντο</span> <span class='ocrx_word' id='word_1_267' title='bbox 2810 1378 3100 1433; x_wconf 86' lang='grc' dir='ltr'>παστάδων</span> <span class='ocrx_word' id='word_1_268' title='bbox 3122 1381 3466 1450; x_wconf 87' lang='grc' dir='ltr'>νεοπήκτων,</span> 
     </span>
    </p>
   </div>
   <div class='ocr_carea' id='block_1_41' title="bbox 2098 1467 3671 1543">
    <p class='ocr_par' dir='ltr' id='par_1_41' title="bbox 2098 1467 3671 1543">
     <span class='ocr_line' id='line_1_41' title="bbox 2098 1467 3671 1543; baseline -0.013 -17"><span class='ocrx_word' id='word_1_269' title='bbox 2098 1468 2163 1520; x_wconf 86' lang='grc' dir='ltr'><strong><em>Ἥ</em></strong></span> <span class='ocrx_word' id='word_1_270' title='bbox 2193 1469 2264 1538; x_wconf 84' lang='grc' dir='ltr'>γῆ</span> <span class='ocrx_word' id='word_1_271' title='bbox 2302 1467 2732 1539; x_wconf 76' lang='grc' dir='ltr'>κατελιμνάζετο</span> <span class='ocrx_word' id='word_1_272' title='bbox 2755 1470 2868 1532; x_wconf 83' lang='grc' dir='ltr'>τοῖς</span> <span class='ocrx_word' id='word_1_273' title='bbox 2899 1469 3083 1538; x_wconf 83' lang='grc' dir='ltr'>φόνοις</span> <span class='ocrx_word' id='word_1_274' title='bbox 3114 1469 3224 1524; x_wconf 83' lang='grc' dir='ltr'>τῶν</span> <span class='ocrx_word' id='word_1_275' title='bbox 3260 1475 3573 1529; x_wconf 86' lang='grc' dir='ltr'>πιπτόντων</span> <span class='ocrx_word' id='word_1_276' title='bbox 3602 1476 3671 1543; x_wconf 58' lang='grc' dir='ltr'>ιι.</span> 
     </span>
    </p>
   </div>
   <div class='ocr_carea' id='block_1_42' title="bbox 2087 1559 3472 1635">
    <p class='ocr_par' dir='ltr' id='par_1_42' title="bbox 2087 1559 3472 1635">
     <span class='ocr_line' id='line_1_42' title="bbox 2087 1559 3472 1635; baseline 0.004 -21"><span class='ocrx_word' id='word_1_277' title='bbox 2087 1561 2297 1633; x_wconf 78' lang='grc' dir='ltr'>Βρέφος</span> <span class='ocrx_word' id='word_1_278' title='bbox 2330 1559 2724 1629; x_wconf 82' lang='grc' dir='ltr'>ύπαγκαλίδιον</span> <span class='ocrx_word' id='word_1_279' title='bbox 2751 1562 3059 1633; x_wconf 70' lang='grc' dir='ltr'>ἐρρήγνυτο</span> <span class='ocrx_word' id='word_1_280' title='bbox 3094 1561 3174 1634; x_wconf 79' lang='grc' dir='ltr'><strong>τῷ</strong></span> <span class='ocrx_word' id='word_1_281' title='bbox 3203 1563 3371 1635; x_wconf 85' lang='grc' dir='ltr'>τοίχῳ</span> <span class='ocrx_word' id='word_1_282' title='bbox 3403 1567 3472 1620; x_wconf 71' lang='grc' dir='ltr'>ίσ.</span> 
     </span>
    </p>
   </div>
   <div class='ocr_carea' id='block_1_43' title="bbox 2099 1651 3673 1729">
    <p class='ocr_par' dir='ltr' id='par_1_43' title="bbox 2099 1651 3673 1729">
     <span class='ocr_line' id='line_1_43' title="bbox 2099 1651 3673 1729; baseline 0.005 -23"><span class='ocrx_word' id='word_1_283' title='bbox 2099 1651 2316 1717; x_wconf 82' lang='grc' dir='ltr'>Ἀπλῶς</span> <span class='ocrx_word' id='word_1_284' title='bbox 2345 1654 2523 1706; x_wconf 76' lang='grc' dir='ltr'>εἰπεῖν</span> <span class='ocrx_word' id='word_1_285' title='bbox 2563 1652 2640 1717; x_wconf 86' lang='grc' dir='ltr'>ὡς</span> <span class='ocrx_word' id='word_1_286' title='bbox 2674 1653 2731 1706; x_wconf 83' lang='grc' dir='ltr'><strong>ἐν</strong></span> <span class='ocrx_word' id='word_1_287' title='bbox 2756 1654 2970 1724; x_wconf 84' lang='grc' dir='ltr'>βραχεῖ,</span> <span class='ocrx_word' id='word_1_288' title='bbox 2990 1653 3119 1722; x_wconf 88' lang='grc' dir='ltr'>γόος</span> <span class='ocrx_word' id='word_1_289' title='bbox 3143 1658 3367 1725; x_wconf 83' lang='grc' dir='ltr'>κατεῖχε</span> <span class='ocrx_word' id='word_1_290' title='bbox 3398 1656 3444 1688; x_wconf 83' lang='grc'><strong>¹⁷</strong></span> <span class='ocrx_word' id='word_1_291' title='bbox 3468 1657 3673 1729; x_wconf 86' lang='grc' dir='ltr'>πάντα,</span> 
     </span>
    </p>
   </div>
   <div class='ocr_carea' id='block_1_44' title="bbox 2091 1745 3677 1821">
    <p class='ocr_par' dir='ltr' id='par_1_44' title="bbox 2091 1745 3677 1821">
     <span class='ocr_line' id='line_1_44' title="bbox 2091 1745 3677 1821; baseline 0.005 -21"><span class='ocrx_word' id='word_1_292' title='bbox 2091 1745 2201 1800; x_wconf 72' lang='grc' dir='ltr'>Καὶ</span> <span class='ocrx_word' id='word_1_293' title='bbox 2229 1747 2337 1798; x_wconf 82' lang='grc' dir='ltr'>πᾶν</span> <span class='ocrx_word' id='word_1_294' title='bbox 2364 1745 2540 1798; x_wconf 80' lang='grc' dir='ltr'>δεινὸν</span> <span class='ocrx_word' id='word_1_295' title='bbox 2567 1746 2664 1799; x_wconf 69' lang='grc' dir='ltr'><strong>καλ⁸</strong></span> <span class='ocrx_word' id='word_1_296' title='bbox 2686 1746 2795 1799; x_wconf 78' lang='grc' dir='ltr'>πᾶν</span> <span class='ocrx_word' id='word_1_297' title='bbox 2813 1746 3012 1817; x_wconf 78' lang='grc' dir='ltr'>πικρὸν</span> <span class='ocrx_word' id='word_1_298' title='bbox 3042 1747 3349 1810; x_wconf 79' lang='grc' dir='ltr'>κατέκλυζε</span> <span class='ocrx_word' id='word_1_299' title='bbox 3369 1749 3469 1821; x_wconf 80' lang='grc' dir='ltr'>τὴν</span> <span class='ocrx_word' id='word_1_300' title='bbox 3496 1750 3677 1808; x_wconf 88' lang='grc' dir='ltr'>πόλιν.</span> 
     </span>
    </p>
   </div>
   <div class='ocr_carea' id='block_1_45' title="bbox 2090 1835 3540 1913">
    <p class='ocr_par' dir='ltr' id='par_1_45' title="bbox 2090 1835 3540 1913">
     <span class='ocr_line' id='line_1_45' title="bbox 2090 1835 3540 1913; baseline -0.001 -22"><span class='ocrx_word' id='word_1_301' title='bbox 2090 1836 2156 1891; x_wconf 79' lang='grc' dir='ltr'>Αἱ</span> <span class='ocrx_word' id='word_1_302' title='bbox 2188 1838 2370 1907; x_wconf 82' lang='grc' dir='ltr'>χεῖρες</span> <span class='ocrx_word' id='word_1_303' title='bbox 2405 1835 2894 1906; x_wconf 87' lang='grc' dir='ltr'>λυθροστάλακτοι,</span> <span class='ocrx_word' id='word_1_304' title='bbox 2929 1837 3246 1907; x_wconf 87' lang='grc' dir='ltr'>φονόϐαπτα</span> <span class='ocrx_word' id='word_1_305' title='bbox 3275 1838 3344 1893; x_wconf 81' lang='grc' dir='ltr'><strong>τά</strong></span> <span class='ocrx_word' id='word_1_306' title='bbox 3373 1840 3540 1913; x_wconf 61' lang='grc' dir='ltr'>ξίφηζο</span> 
     </span>
    </p>
   </div>
   <div class='ocr_carea' id='block_1_46' title="bbox 2088 1927 3447 2004">
    <p class='ocr_par' dir='ltr' id='par_1_46' title="bbox 2088 1927 3447 2004">
     <span class='ocr_line' id='line_1_46' title="bbox 2088 1927 3447 2004; baseline 0.005 -23"><span class='ocrx_word' id='word_1_307' title='bbox 2088 1929 2161 1981; x_wconf 80' lang='grc' dir='ltr'>Τὸ</span> <span class='ocrx_word' id='word_1_308' title='bbox 2190 1927 2421 1982; x_wconf 86' lang='grc' dir='ltr'>δάπεδον</span> <span class='ocrx_word' id='word_1_309' title='bbox 2458 1927 2767 2000; x_wconf 72' lang='grc' dir='ltr'>ἡρύθρωτο,</span> <span class='ocrx_word' id='word_1_310' title='bbox 2800 1928 3203 1984; x_wconf 80' lang='grc' dir='ltr'>συνεπατοῦντο</span> <span class='ocrx_word' id='word_1_311' title='bbox 3246 1931 3447 2004; x_wconf 72' lang='grc' dir='ltr'>βρέφη.</span> 
     </span>
    </p>
   </div>
   <div class='ocr_carea' id='block_1_47' title="bbox 2100 2019 3600 2094">
    <p class='ocr_par' dir='ltr' id='par_1_47' title="bbox 2100 2019 3600 2094">
     <span class='ocr_line' id='line_1_47' title="bbox 2100 2019 3600 2094; baseline 0.004 -21"><span class='ocrx_word' id='word_1_312' title='bbox 2100 2019 2187 2083; x_wconf 84' lang='grc' dir='ltr'>Ὠς</span> <span class='ocrx_word' id='word_1_313' title='bbox 2214 2020 2271 2073; x_wconf 83' lang='grc' dir='ltr'>δέ</span> <span class='ocrx_word' id='word_1_314' title='bbox 2300 2021 2418 2072; x_wconf 82' lang='grc' dir='ltr'>ποτ’</span> <span class='ocrx_word' id='word_1_315' title='bbox 2435 2020 2811 2090; x_wconf 76' lang='grc' dir='ltr'>ἐκορέσθησαν</span> <span class='ocrx_word' id='word_1_316' title='bbox 2848 2019 3219 2092; x_wconf 78' lang='grc' dir='ltr'>ἁρπάζοντες,</span> <span class='ocrx_word' id='word_1_317' title='bbox 3255 2023 3600 2094; x_wconf 79' lang='grc' dir='ltr'>κτιννύντες,</span> 
     </span>
    </p>
   </div>
   <div class='ocr_carea' id='block_1_48' title="bbox 2085 2093 3390 2184">
    <p class='ocr_par' dir='ltr' id='par_1_48' title="bbox 2085 2093 3390 2184">
     <span class='ocr_line' id='line_1_48' title="bbox 2085 2093 3390 2184; baseline 0.002 -20"><span class='ocrx_word' id='word_1_318' title='bbox 2085 2093 2229 2182; x_wconf 65' lang='lat' dir='ltr'><strong>[lupi</strong></span> <span class='ocrx_word' id='word_1_319' title='bbox 2260 2109 2639 2181; x_wconf 77' lang='grc' dir='ltr'>παραδιδόασι,</span> <span class='ocrx_word' id='word_1_320' title='bbox 2676 2110 2999 2181; x_wconf 81' lang='grc' dir='ltr'>πιμπρῶσιν</span> <span class='ocrx_word' id='word_1_321' title='bbox 3024 2111 3134 2165; x_wconf 78' lang='grc' dir='ltr'><strong>ἀπδ</strong></span> <span class='ocrx_word' id='word_1_322' title='bbox 3169 2111 3390 2184; x_wconf 79' lang='grc' dir='ltr'>βάθρων</span> 
     </span>
    </p>
   </div>
   <div class='ocr_carea' id='block_1_49' title="bbox 2088 2186 3676 2275">
    <p class='ocr_par' dir='ltr' id='par_1_49' title="bbox 2088 2186 3676 2275">
     <span class='ocr_line' id='line_1_49' title="bbox 2088 2186 3676 2275; baseline 0.003 -19"><span class='ocrx_word' id='word_1_323' title='bbox 2088 2203 2201 2269; x_wconf 80' lang='grc' dir='ltr'>Τὴν</span> <span class='ocrx_word' id='word_1_324' title='bbox 2235 2203 2365 2274; x_wconf 70' lang='grc' dir='ltr'>πρὶν</span> <span class='ocrx_word' id='word_1_325' title='bbox 2396 2205 2453 2255; x_wconf 81' lang='grc' dir='ltr'>ὲν</span> <span class='ocrx_word' id='word_1_326' title='bbox 2483 2203 2672 2257; x_wconf 87' lang='grc' dir='ltr'>πόλεσι</span> <span class='ocrx_word' id='word_1_327' title='bbox 2706 2204 2991 2275; x_wconf 77' lang='grc' dir='ltr'>λαμπρὰν,</span> <span class='ocrx_word' id='word_1_328' title='bbox 3033 2204 3134 2274; x_wconf 80' lang='grc' dir='ltr'>τὴν</span> <span class='ocrx_word' id='word_1_329' title='bbox 3179 2186 3676 2275; x_wconf 79' lang='grc' dir='ltr'>περιλαλουμένην.</span> 
     </span>
    </p>
   </div>
   <div class='ocr_carea' id='block_1_50' title="bbox 2160 2293 3675 2371">
    <p class='ocr_par' dir='ltr' id='par_1_50' title="bbox 2160 2293 3675 2371">
     <span class='ocr_line' id='line_1_50' title="bbox 2160 2293 3675 2371; baseline 0.005 -24"><span class='ocrx_word' id='word_1_330' title='bbox 2160 2294 2241 2347; x_wconf 86' lang='grc' dir='ltr'><strong>Τά</strong></span> <span class='ocrx_word' id='word_1_331' title='bbox 2267 2293 2367 2363; x_wconf 84' lang='grc' dir='ltr'><strong>μὲν</strong></span> <span class='ocrx_word' id='word_1_332' title='bbox 2389 2294 2533 2348; x_wconf 85' lang='grc' dir='ltr'><strong>κατά</strong></span> <span class='ocrx_word' id='word_1_333' title='bbox 2563 2294 2653 2349; x_wconf 78' lang='grc' dir='ltr'><strong>τὸν</strong></span> <span class='ocrx_word' id='word_1_334' title='bbox 2688 2297 2924 2366; x_wconf 84' lang='grc' dir='ltr'>πόλεμον</span> <span class='ocrx_word' id='word_1_335' title='bbox 2954 2297 3196 2350; x_wconf 86' lang='grc' dir='ltr'>τοιοῦτον</span> <span class='ocrx_word' id='word_1_336' title='bbox 3226 2297 3353 2369; x_wconf 76' lang='grc' dir='ltr'>ἔσχε</span> <span class='ocrx_word' id='word_1_337' title='bbox 3382 2299 3585 2371; x_wconf 86' lang='grc' dir='ltr'>τρόπον</span> <span class='ocrx_word' id='word_1_338' title='bbox 3609 2299 3675 2336; x_wconf 79' lang='grc'><strong>¹⁸⁶</strong></span> 
     </span>
    </p>
   </div>
   <div class='ocr_carea' id='block_1_51' title="bbox 2100 2384 3383 2461">
    <p class='ocr_par' dir='ltr' id='par_1_51' title="bbox 2100 2384 3383 2461">
     <span class='ocr_line' id='line_1_51' title="bbox 2100 2384 3383 2461; baseline 0.002 -23"><span class='ocrx_word' id='word_1_339' title='bbox 2100 2386 2167 2439; x_wconf 85' lang='lat' dir='ltr'><strong>&#39;H</strong></span> <span class='ocrx_word' id='word_1_340' title='bbox 2196 2385 2338 2455; x_wconf 85' lang='grc' dir='ltr'>τύχη</span> <span class='ocrx_word' id='word_1_341' title='bbox 2362 2384 2409 2438; x_wconf 79' lang='grc' dir='ltr'>δ’</span> <span class='ocrx_word' id='word_1_342' title='bbox 2444 2385 2796 2456; x_wconf 81' lang='grc' dir='ltr'>ὲγκοτήσασα</span> <span class='ocrx_word' id='word_1_343' title='bbox 2827 2385 3085 2453; x_wconf 80' lang='grc' dir='ltr'>καθάπαξ</span> <span class='ocrx_word' id='word_1_344' title='bbox 3115 2388 3383 2461; x_wconf 82' lang='grc' dir='ltr'>Μενελάῳ</span> 
     </span>
    </p>
   </div>
   <div class='ocr_carea' id='block_1_52' title="bbox 2091 2475 3533 2552">
    <p class='ocr_par' dir='ltr' id='par_1_52' title="bbox 2091 2475 3533 2552">
     <span class='ocr_line' id='line_1_52' title="bbox 2091 2475 3533 2552; baseline 0.004 -22"><span class='ocrx_word' id='word_1_345' title='bbox 2091 2477 2308 2540; x_wconf 82' lang='grc' dir='ltr'>Ἀλλοις</span> <span class='ocrx_word' id='word_1_346' title='bbox 2336 2478 2545 2540; x_wconf 71' lang='grc' dir='ltr'>καινοῖς</span> <span class='ocrx_word' id='word_1_347' title='bbox 2565 2475 2656 2532; x_wconf 75' lang='grc' dir='ltr'>τὸν</span> <span class='ocrx_word' id='word_1_348' title='bbox 2688 2478 2898 2532; x_wconf 78' lang='grc' dir='ltr'>τάλανα</span> <span class='ocrx_word' id='word_1_349' title='bbox 2932 2478 3260 2543; x_wconf 77' lang='grc' dir='ltr'>καταπιέζει</span> <span class='ocrx_word' id='word_1_350' title='bbox 3288 2480 3533 2552; x_wconf 88' lang='grc' dir='ltr'>μόχθοις.</span> 
     </span>
    </p>
   </div>
   <div class='ocr_carea' id='block_1_53' title="bbox 2093 2568 3619 2646">
    <p class='ocr_par' dir='ltr' id='par_1_53' title="bbox 2093 2568 3619 2646">
     <span class='ocr_line' id='line_1_53' title="bbox 2093 2568 3619 2646; baseline 0.003 -22"><span class='ocrx_word' id='word_1_351' title='bbox 2093 2569 2207 2624; x_wconf 78' lang='grc' dir='ltr'><strong>Καὶ</strong></span> <span class='ocrx_word' id='word_1_352' title='bbox 2241 2568 2407 2623; x_wconf 79' lang='grc' dir='ltr'>πάλιν</span> <span class='ocrx_word' id='word_1_353' title='bbox 2436 2568 2605 2632; x_wconf 80' lang='grc' dir='ltr'>πλοῦς</span> <span class='ocrx_word' id='word_1_354' title='bbox 2639 2569 3007 2641; x_wconf 84' lang='grc' dir='ltr'>μακρότερος,</span> <span class='ocrx_word' id='word_1_355' title='bbox 3032 2573 3393 2645; x_wconf 85' lang='grc' dir='ltr'>ναυστόλησις</span> <span class='ocrx_word' id='word_1_356' title='bbox 3428 2573 3619 2646; x_wconf 70' lang='grc' dir='ltr'>ἑτέρα,</span> 
     </span>
    </p>
   </div>
   <div class='ocr_carea' id='block_1_54' title="bbox 2089 2654 3440 2733">
    <p class='ocr_par' dir='ltr' id='par_1_54' title="bbox 2089 2654 3440 2733">
     <span class='ocr_line' id='line_1_54' title="bbox 2089 2654 3440 2733; baseline 0.002 -19"><span class='ocrx_word' id='word_1_357' title='bbox 2089 2660 2201 2714; x_wconf 76' lang='grc' dir='ltr'><strong>Καὶ</strong></span> <span class='ocrx_word' id='word_1_358' title='bbox 2229 2660 2383 2713; x_wconf 83' lang='grc' dir='ltr'>πόνοι</span> <span class='ocrx_word' id='word_1_359' title='bbox 2404 2659 2742 2731; x_wconf 81' lang='grc' dir='ltr'>διαδέχονται</span> <span class='ocrx_word' id='word_1_360' title='bbox 2766 2654 2894 2722; x_wconf 77' lang='grc' dir='ltr'>τοὺς</span> <span class='ocrx_word' id='word_1_361' title='bbox 2926 2661 3294 2733; x_wconf 80' lang='grc' dir='ltr'>παλαιτέρους</span> <span class='ocrx_word' id='word_1_362' title='bbox 3327 2663 3440 2717; x_wconf 79' lang='grc' dir='ltr'>νέοι</span> 
     </span>
    </p>
   </div>
   <div class='ocr_carea' id='block_1_55' title="bbox 2091 2751 3556 2827">
    <p class='ocr_par' dir='ltr' id='par_1_55' title="bbox 2091 2751 3556 2827">
     <span class='ocr_line' id='line_1_55' title="bbox 2091 2751 3556 2827; baseline 0.003 -20"><span class='ocrx_word' id='word_1_363' title='bbox 2091 2753 2202 2807; x_wconf 77' lang='grc' dir='ltr'><strong>Καὶ</strong></span> <span class='ocrx_word' id='word_1_364' title='bbox 2232 2751 2401 2806; x_wconf 81' lang='grc' dir='ltr'>πλοῦν</span> <span class='ocrx_word' id='word_1_365' title='bbox 2421 2752 2516 2806; x_wconf 76' lang='grc' dir='ltr'>τὸν</span> <span class='ocrx_word' id='word_1_366' title='bbox 2554 2752 2977 2825; x_wconf 80' lang='grc' dir='ltr'>Ἑλλησπόντιον</span> <span class='ocrx_word' id='word_1_367' title='bbox 3009 2754 3288 2823; x_wconf 73' lang='grc' dir='ltr'>Αἰγύπτια</span> <span class='ocrx_word' id='word_1_368' title='bbox 3316 2756 3556 2827; x_wconf 80' lang='grc' dir='ltr'>πελάγη.</span> 
     </span>
    </p>
   </div>
   <div class='ocr_carea' id='block_1_56' title="bbox 2092 2842 3681 2917">
    <p class='ocr_par' dir='ltr' id='par_1_56' title="bbox 2092 2842 3681 2917">
     <span class='ocr_line' id='line_1_56' title="bbox 2092 2842 3681 2917; baseline 0.001 -17"><span class='ocrx_word' id='word_1_369' title='bbox 2092 2845 2343 2916; x_wconf 76' lang='grc' dir='ltr'>’Δπαίρει</span> <span class='ocrx_word' id='word_1_370' title='bbox 2366 2844 2503 2916; x_wconf 78' lang='grc' dir='ltr'>πρὸς</span> <span class='ocrx_word' id='word_1_371' title='bbox 2526 2843 2624 2916; x_wconf 80' lang='grc' dir='ltr'>τὴν</span> <span class='ocrx_word' id='word_1_372' title='bbox 2636 2842 2943 2912; x_wconf 80' lang='grc' dir='ltr'>Αἴγυπτον,</span> <span class='ocrx_word' id='word_1_373' title='bbox 2960 2845 3143 2909; x_wconf 78' lang='grc' dir='ltr'>δεινὰς</span> <span class='ocrx_word' id='word_1_374' title='bbox 3162 2848 3357 2917; x_wconf 87' lang='grc' dir='ltr'>μετρεῖ</span> <span class='ocrx_word' id='word_1_375' title='bbox 3380 2846 3681 2914; x_wconf 80' lang='grc' dir='ltr'>θαλάσσας,</span> 
     </span>
    </p>
   </div>
   <div class='ocr_carea' id='block_1_57' title="bbox 2091 2935 3631 3010">
    <p class='ocr_par' dir='ltr' id='par_1_57' title="bbox 2091 2935 3631 3010">
     <span class='ocr_line' id='line_1_57' title="bbox 2091 2935 3631 3010; baseline 0.001 -19"><span class='ocrx_word' id='word_1_376' title='bbox 2091 2938 2204 2992; x_wconf 72' lang='grc' dir='ltr'>Καὶ</span> <span class='ocrx_word' id='word_1_377' title='bbox 2231 2936 2555 3010; x_wconf 71' lang='grc' dir='ltr'>χειμασθεὶς</span> <span class='ocrx_word' id='word_1_378' title='bbox 2586 2936 2681 2989; x_wconf 76' lang='grc' dir='ltr'>καὶ</span> <span class='ocrx_word' id='word_1_379' title='bbox 2719 2935 3022 3007; x_wconf 76' lang='grc' dir='ltr'>κυμανθεὶς</span> <span class='ocrx_word' id='word_1_380' title='bbox 3049 2937 3275 3008; x_wconf 82' lang='grc' dir='ltr'>ἀνέμοις</span> <span class='ocrx_word' id='word_1_381' title='bbox 3301 2938 3631 3010; x_wconf 80' lang='grc' dir='ltr'>βαρυθρόοις</span> 
     </span>
    </p>
   </div>
   <div class='ocr_carea' id='block_1_58' title="bbox 3341 3027 3685 3088">
    <p class='ocr_par' dir='ltr' id='par_1_58' title="bbox 3341 3027 3685 3088">
     <span class='ocr_line' id='line_1_58' title="bbox 3341 3027 3685 3088; baseline 0.017 -6"><span class='ocrx_word' id='word_1_382' title='bbox 3341 3027 3498 3087; x_wconf 84' lang='lat' dir='ltr'><strong>Vers.</strong></span> <span class='ocrx_word' id='word_1_383' title='bbox 3542 3031 3685 3088; x_wconf 63' lang='grc'><strong>1459</strong></span> 
     </span>
    </p>
   </div>
   <div class='ocr_carea' id='block_1_59' title="bbox 398 3205 3680 3280">
    <p class='ocr_par' dir='ltr' id='par_1_59' title="bbox 398 3205 3680 3280">
     <span class='ocr_line' id='line_1_59' title="bbox 398 3205 3680 3280; baseline -0 -19"><span class='ocrx_word' id='word_1_384' title='bbox 398 3214 488 3262; x_wconf 87' lang='lat' dir='ltr'><strong>est</strong></span> <span class='ocrx_word' id='word_1_385' title='bbox 518 3223 535 3260; x_wconf 87' lang='lat'><strong>:</strong></span> <span class='ocrx_word' id='word_1_386' title='bbox 574 3205 649 3261; x_wconf 77' lang='grc' dir='ltr'><strong>«Ο</strong></span> <span class='ocrx_word' id='word_1_387' title='bbox 669 3206 756 3261; x_wconf 89' lang='lat' dir='ltr'><strong>vir</strong></span> <span class='ocrx_word' id='word_1_388' title='bbox 779 3206 1069 3272; x_wconf 76' lang='lat' dir='ltr'><strong>mavortis,</strong></span> <span class='ocrx_word' id='word_1_389' title='bbox 1099 3206 1342 3263; x_wconf 81' lang='lat' dir='ltr'><strong>robustis</strong></span> <span class='ocrx_word' id='word_1_390' title='bbox 1365 3208 1624 3264; x_wconf 82' lang='lat' dir='ltr'><strong>manibus</strong></span> <span class='ocrx_word' id='word_1_391' title='bbox 1640 3208 1814 3280; x_wconf 83' lang='lat' dir='ltr'><strong>gigas,</strong></span> <span class='ocrx_word' id='word_1_392' title='bbox 1833 3209 1984 3279; x_wconf 82' lang='lat' dir='ltr'><strong>quis—</strong></span> <span class='ocrx_word' id='word_1_393' title='bbox 2013 3219 2054 3273; x_wconf 74' lang='grc' dir='ltr'>ο</span> <span class='ocrx_word' id='word_1_394' title='bbox 2089 3209 2198 3280; x_wconf 82' lang='lat'><strong>30</strong></span> <span class='ocrx_word' id='word_1_395' title='bbox 2225 3218 2482 3279; x_wconf 78' lang='lat' dir='ltr'><strong>tanquam</strong></span> <span class='ocrx_word' id='word_1_396' title='bbox 2513 3208 2872 3264; x_wconf 80' lang='lat' dir='ltr'><strong>simulacrum</strong></span> <span class='ocrx_word' id='word_1_397' title='bbox 2906 3207 3180 3278; x_wconf 86' lang='lat' dir='ltr'><strong>quoddam</strong></span> <span class='ocrx_word' id='word_1_398' title='bbox 3211 3216 3266 3263; x_wconf 88' lang='lat' dir='ltr'><strong>et</strong></span> <span class='ocrx_word' id='word_1_399' title='bbox 3287 3207 3521 3277; x_wconf 80' lang='lat' dir='ltr'><strong>spolium</strong></span> <span class='ocrx_word' id='word_1_400' title='bbox 3577 3208 3680 3261; x_wconf 84' lang='lat' dir='ltr'><strong>ho-</strong></span> 
     </span>
    </p>
   </div>
   <div class='ocr_carea' id='block_1_60' title="bbox 401 3298 1983 3370">
    <p class='ocr_par' dir='ltr' id='par_1_60' title="bbox 401 3298 1983 3370">
     <span class='ocr_line' id='line_1_60' title="bbox 401 3298 1983 3370; baseline 0 -18"><span class='ocrx_word' id='word_1_401' title='bbox 401 3313 532 3354; x_wconf 86' lang='lat' dir='ltr'><strong>nam</strong></span> <span class='ocrx_word' id='word_1_402' title='bbox 558 3309 611 3354; x_wconf 87' lang='lat' dir='ltr'><strong>te</strong></span> <span class='ocrx_word' id='word_1_403' title='bbox 637 3300 860 3354; x_wconf 84' lang='lat' dir='ltr'><strong>leonino</strong></span> <span class='ocrx_word' id='word_1_404' title='bbox 897 3299 1065 3355; x_wconf 83' lang='lat' dir='ltr'><strong>corde</strong></span> <span class='ocrx_word' id='word_1_405' title='bbox 1107 3298 1402 3369; x_wconf 74' lang='lat' dir='ltr'><strong>przeditum</strong></span> <span class='ocrx_word' id='word_1_406' title='bbox 1433 3299 1686 3355; x_wconf 90' lang='lat' dir='ltr'><strong>occidere</strong></span> <span class='ocrx_word' id='word_1_407' title='bbox 1728 3301 1942 3370; x_wconf 86' lang='lat' dir='ltr'><strong>potuit?</strong></span> <span class='ocrx_word' id='word_1_408' title='bbox 1965 3321 1983 3352; x_wconf 78' lang='grc' dir='ltr'><strong>ι</strong></span> 
     </span>
    </p>
   </div>
   <div class='ocr_carea' id='block_1_61' title="bbox 401 3389 1987 3461">
    <p class='ocr_par' dir='ltr' id='par_1_61' title="bbox 401 3389 1987 3461">
     <span class='ocr_line' id='line_1_61' title="bbox 401 3389 1987 3461; baseline -0.001 -16"><span class='ocrx_word' id='word_1_409' title='bbox 401 3390 499 3445; x_wconf 83' lang='lat' dir='ltr'><strong>Ille</strong></span> <span class='ocrx_word' id='word_1_410' title='bbox 559 3391 898 3461; x_wconf 75' lang='lat' dir='ltr'><strong>perobscura</strong></span> <span class='ocrx_word' id='word_1_411' title='bbox 945 3389 1279 3460; x_wconf 88' lang='lat' dir='ltr'><strong>conciseque</strong></span> <span class='ocrx_word' id='word_1_412' title='bbox 1326 3404 1516 3444; x_wconf 88' lang='lat' dir='ltr'><strong>vocem</strong></span> <span class='ocrx_word' id='word_1_413' title='bbox 1581 3391 1723 3445; x_wconf 89' lang='lat' dir='ltr'><strong>bane</strong></span> <span class='ocrx_word' id='word_1_414' title='bbox 1764 3390 1987 3444; x_wconf 87' lang='lat' dir='ltr'><strong>edidit:</strong></span> 
     </span>
    </p>
   </div>
   <div class='ocr_carea' id='block_1_62' title="bbox 408 3481 1992 3554">
    <p class='ocr_par' dir='ltr' id='par_1_62' title="bbox 408 3481 1992 3554">
     <span class='ocr_line' id='line_1_62' title="bbox 408 3481 1992 3554; baseline 0.001 -19"><span class='ocrx_word' id='word_1_415' title='bbox 408 3482 812 3539; x_wconf 65' lang='lat' dir='ltr'><strong>«Fraudulente</strong></span> <span class='ocrx_word' id='word_1_416' title='bbox 846 3483 1162 3554; x_wconf 83' lang='lat' dir='ltr'><strong>Deiphobus</strong></span> <span class='ocrx_word' id='word_1_417' title='bbox 1190 3493 1358 3552; x_wconf 83' lang='lat' dir='ltr'><strong>atque.</strong></span> <span class='ocrx_word' id='word_1_418' title='bbox 1389 3482 1545 3537; x_wconf 86' lang='lat' dir='ltr'><strong>Paris</strong></span> <span class='ocrx_word' id='word_1_419' title='bbox 1581 3498 1667 3538; x_wconf 90' lang='lat' dir='ltr'><strong>me</strong></span> <span class='ocrx_word' id='word_1_420' title='bbox 1697 3481 1992 3538; x_wconf 86' lang='lat' dir='ltr'><strong>interfece-</strong></span> 
     </span>
    </p>
   </div>
   <div class='ocr_carea' id='block_1_63' title="bbox 406 3574 1994 3646">
    <p class='ocr_par' dir='ltr' id='par_1_63' title="bbox 406 3574 1994 3646">
     <span class='ocr_line' id='line_1_63' title="bbox 406 3574 1994 3646; baseline -0.001 -17"><span class='ocrx_word' id='word_1_421' title='bbox 406 3586 591 3631; x_wconf 65' lang='lat' dir='ltr'><strong>runt.»</strong></span> <span class='ocrx_word' id='word_1_422' title='bbox 627 3576 760 3642; x_wconf 68' lang='lat' dir='ltr'><strong>Quae</strong></span> <span class='ocrx_word' id='word_1_423' title='bbox 800 3576 1002 3631; x_wconf 83' lang='lat' dir='ltr'><strong>effatus</strong></span> <span class='ocrx_word' id='word_1_424' title='bbox 1052 3574 1283 3646; x_wconf 77' lang='lat' dir='ltr'><strong>insignis</strong></span> <span class='ocrx_word' id='word_1_425' title='bbox 1312 3574 1481 3629; x_wconf 83' lang='lat' dir='ltr'><strong>heros</strong></span> <span class='ocrx_word' id='word_1_426' title='bbox 1509 3575 1827 3644; x_wconf 82' lang='lat' dir='ltr'><strong>exspiravit.</strong></span> <span class='ocrx_word' id='word_1_427' title='bbox 1854 3574 1994 3643; x_wconf 74' lang='lat' dir='ltr'><strong>Ajax</strong></span> 
     </span>
    </p>
   </div>
   <div class='ocr_carea' id='block_1_64' title="bbox 402 3665 1992 3737">
    <p class='ocr_par' dir='ltr' id='par_1_64' title="bbox 402 3665 1992 3737">
     <span class='ocr_line' id='line_1_64' title="bbox 402 3665 1992 3737; baseline -0.002 -16"><span class='ocrx_word' id='word_1_428' title='bbox 402 3682 540 3723; x_wconf 82' lang='lat' dir='ltr'><strong>vero</strong></span> <span class='ocrx_word' id='word_1_429' title='bbox 559 3683 759 3737; x_wconf 67' lang='lat' dir='ltr'><strong>Carpus</strong></span> <span class='ocrx_word' id='word_1_430' title='bbox 784 3667 1014 3722; x_wconf 86' lang='lat' dir='ltr'><strong>Achillis</strong></span> <span class='ocrx_word' id='word_1_431' title='bbox 1034 3665 1277 3721; x_wconf 88' lang='lat' dir='ltr'><strong>humeris</strong></span> <span class='ocrx_word' id='word_1_432' title='bbox 1303 3665 1616 3735; x_wconf 87' lang='lat' dir='ltr'><strong>impositum</strong></span> <span class='ocrx_word' id='word_1_433' title='bbox 1636 3665 1838 3720; x_wconf 89' lang='lat' dir='ltr'><strong>acerbo</strong></span> <span class='ocrx_word' id='word_1_434' title='bbox 1864 3680 1992 3721; x_wconf 87' lang='lat' dir='ltr'><strong>cum</strong></span> 
     </span>
    </p>
   </div>
   <div class='ocr_carea' id='block_1_65' title="bbox 398 3759 1206 3832">
    <p class='ocr_par' dir='ltr' id='par_1_65' title="bbox 398 3759 1206 3832">
     <span class='ocr_line' id='line_1_65' title="bbox 398 3759 1206 3832; baseline -0.002 -17"><span class='ocrx_word' id='word_1_435' title='bbox 398 3761 612 3832; x_wconf 83' lang='lat' dir='ltr'><strong>ejulatu</strong></span> <span class='ocrx_word' id='word_1_436' title='bbox 642 3760 707 3813; x_wconf 81' lang='lat' dir='ltr'><strong>ad</strong></span> <span class='ocrx_word' id='word_1_437' title='bbox 739 3770 960 3830; x_wconf 86' lang='lat' dir='ltr'><strong>portum</strong></span> <span class='ocrx_word' id='word_1_438' title='bbox 989 3759 1206 3814; x_wconf 88' lang='lat' dir='ltr'><strong>detulit.</strong></span> 
     </span>
    </p>
   </div>
   <div class='ocr_carea' id='block_1_66' title="bbox 477 3849 1994 3924">
    <p class='ocr_par' dir='ltr' id='par_1_66' title="bbox 477 3849 1994 3924">
     <span class='ocr_line' id='line_1_66' title="bbox 477 3849 1994 3924; baseline 0 -20"><span class='ocrx_word' id='word_1_439' title='bbox 477 3850 602 3905; x_wconf 73' lang='lat' dir='ltr'><strong>Mox</strong></span> <span class='ocrx_word' id='word_1_440' title='bbox 646 3851 918 3924; x_wconf 84' lang='lat' dir='ltr'><strong>Pyrrhum</strong></span> <span class='ocrx_word' id='word_1_441' title='bbox 962 3850 1191 3906; x_wconf 84' lang='lat' dir='ltr'><strong>Achillis</strong></span> <span class='ocrx_word' id='word_1_442' title='bbox 1229 3849 1400 3904; x_wconf 84' lang='lat' dir='ltr'><strong>filium</strong></span> <span class='ocrx_word' id='word_1_443' title='bbox 1450 3857 1759 3917; x_wconf 85' lang='lat' dir='ltr'><strong>arcessunt,</strong></span> <span class='ocrx_word' id='word_1_444' title='bbox 1792 3864 1994 3921; x_wconf 85' lang='lat' dir='ltr'><strong>cogno-</strong></span> 
     </span>
    </p>
   </div>
   <div class='ocr_carea' id='block_1_67' title="bbox 403 3934 1991 4014">
    <p class='ocr_par' dir='ltr' id='par_1_67' title="bbox 403 3934 1991 4014">
     <span class='ocr_line' id='line_1_67' title="bbox 403 3934 1991 4014; baseline 0.002 -20"><span class='ocrx_word' id='word_1_445' title='bbox 403 3934 595 3997; x_wconf 77' lang='lat' dir='ltr'><strong>meuio</strong></span> <span class='ocrx_word' id='word_1_446' title='bbox 652 3943 1092 4014; x_wconf 84' lang='lat' dir='ltr'><strong>Neoptolemum,</strong></span> <span class='ocrx_word' id='word_1_447' title='bbox 1166 3941 1494 3997; x_wconf 81' lang='lat' dir='ltr'><strong>Deiodamea</strong></span> <span class='ocrx_word' id='word_1_448' title='bbox 1544 3951 1720 3997; x_wconf 87' lang='lat' dir='ltr'><strong>matre</strong></span> <span class='ocrx_word' id='word_1_449' title='bbox 1778 3951 1991 3997; x_wconf 87' lang='lat' dir='ltr'><strong>natum.</strong></span> 
     </span>
    </p>
   </div>
   <div class='ocr_carea' id='block_1_68' title="bbox 402 4030 1989 4098">
    <p class='ocr_par' dir='ltr' id='par_1_68' title="bbox 402 4030 1989 4098">
     <span class='ocr_line' id='line_1_68' title="bbox 402 4030 1989 4098; baseline -0.006 -6"><span class='ocrx_word' id='word_1_450' title='bbox 402 4033 661 4092; x_wconf 81' lang='lat' dir='ltr'><strong>Rursum</strong></span> <span class='ocrx_word' id='word_1_451' title='bbox 687 4034 883 4098; x_wconf 72' lang='lat' dir='ltr'><strong>caedes,</strong></span> <span class='ocrx_word' id='word_1_452' title='bbox 906 4033 1287 4096; x_wconf 81' lang='lat' dir='ltr'><strong>mactationes,</strong></span> <span class='ocrx_word' id='word_1_453' title='bbox 1312 4030 1607 4085; x_wconf 88' lang='lat' dir='ltr'><strong>homicidia</strong></span> <span class='ocrx_word' id='word_1_454' title='bbox 1630 4031 1989 4097; x_wconf 77' lang='lat' dir='ltr'><strong>exoriuntur;</strong></span> 
     </span>
    </p>
   </div>
   <div class='ocr_carea' id='block_1_69' title="bbox 404 4121 1996 4195">
    <p class='ocr_par' dir='ltr' id='par_1_69' title="bbox 404 4121 1996 4195">
     <span class='ocr_line' id='line_1_69' title="bbox 404 4121 1996 4195; baseline -0.004 -11"><span class='ocrx_word' id='word_1_455' title='bbox 404 4143 628 4184; x_wconf 84' lang='lat' dir='ltr'><strong>rursum</strong></span> <span class='ocrx_word' id='word_1_456' title='bbox 679 4125 856 4195; x_wconf 89' lang='lat' dir='ltr'><strong>campi</strong></span> <span class='ocrx_word' id='word_1_457' title='bbox 892 4124 1116 4195; x_wconf 82' lang='lat' dir='ltr'><strong>Trujani</strong></span> <span class='ocrx_word' id='word_1_458' title='bbox 1168 4138 1367 4177; x_wconf 87' lang='lat' dir='ltr'><strong>cruore</strong></span> <span class='ocrx_word' id='word_1_459' title='bbox 1416 4122 1761 4186; x_wconf 88' lang='lat' dir='ltr'><strong>imbuuntur,</strong></span> <span class='ocrx_word' id='word_1_460' title='bbox 1819 4121 1996 4177; x_wconf 83' lang='lat' dir='ltr'><strong>donec</strong></span> 
     </span>
    </p>
   </div>
   <div class='ocr_carea' id='block_1_70' title="bbox 405 4214 1995 4286">
    <p class='ocr_par' dir='ltr' id='par_1_70' title="bbox 405 4214 1995 4286">
     <span class='ocr_line' id='line_1_70' title="bbox 405 4214 1995 4286; baseline -0.001 -13"><span class='ocrx_word' id='word_1_461' title='bbox 405 4220 630 4275; x_wconf 76' lang='lat' dir='ltr'><strong>vatibus</strong></span> <span class='ocrx_word' id='word_1_462' title='bbox 678 4217 901 4272; x_wconf 86' lang='lat' dir='ltr'><strong>oracula</strong></span> <span class='ocrx_word' id='word_1_463' title='bbox 957 4214 1466 4286; x_wconf 86' lang='lat' dir='ltr'><strong>pronuntiantibus,</strong></span> <span class='ocrx_word' id='word_1_464' title='bbox 1522 4214 1691 4270; x_wconf 82' lang='lat' dir='ltr'><strong>fatale</strong></span> <span class='ocrx_word' id='word_1_465' title='bbox 1726 4231 1836 4270; x_wconf 90' lang='lat' dir='ltr'><strong>non</strong></span> <span class='ocrx_word' id='word_1_466' title='bbox 1871 4231 1995 4271; x_wconf 88' lang='lat' dir='ltr'><strong>esse</strong></span> 
     </span>
    </p>
   </div>
   <div class='ocr_carea' id='block_1_71' title="bbox 406 4306 1994 4380">
    <p class='ocr_par' dir='ltr' id='par_1_71' title="bbox 406 4306 1994 4380">
     <span class='ocr_line' id='line_1_71' title="bbox 406 4306 1994 4380; baseline -0.002 -15"><span class='ocrx_word' id='word_1_467' title='bbox 406 4311 557 4365; x_wconf 88' lang='lat' dir='ltr'><strong>bello</strong></span> <span class='ocrx_word' id='word_1_468' title='bbox 578 4309 795 4380; x_wconf 83' lang='lat' dir='ltr'><strong>Troj&#39;am</strong></span> <span class='ocrx_word' id='word_1_469' title='bbox 825 4307 1106 4376; x_wconf 86' lang='lat' dir='ltr'><strong>occupari,</strong></span> <span class='ocrx_word' id='word_1_470' title='bbox 1138 4321 1242 4361; x_wconf 88' lang='lat' dir='ltr'><strong>nec</strong></span> <span class='ocrx_word' id='word_1_471' title='bbox 1261 4306 1515 4361; x_wconf 88' lang='lat' dir='ltr'><strong>manibus</strong></span> <span class='ocrx_word' id='word_1_472' title='bbox 1538 4322 1639 4362; x_wconf 90' lang='lat' dir='ltr'><strong>nec</strong></span> <span class='ocrx_word' id='word_1_473' title='bbox 1660 4307 1877 4379; x_wconf 83' lang='lat' dir='ltr'><strong>gladiis,</strong></span> <span class='ocrx_word' id='word_1_474' title='bbox 1899 4307 1994 4362; x_wconf 88' lang='lat' dir='ltr'><strong>sed</strong></span> 
     </span>
    </p>
   </div>
   <div class='ocr_carea' id='block_1_72' title="bbox 410 4397 1993 4471">
    <p class='ocr_par' dir='ltr' id='par_1_72' title="bbox 410 4397 1993 4471">
     <span class='ocr_line' id='line_1_72' title="bbox 410 4397 1993 4471; baseline -0.003 -13"><span class='ocrx_word' id='word_1_475' title='bbox 410 4413 628 4458; x_wconf 80' lang='lat' dir='ltr'><strong>tantum</strong></span> <span class='ocrx_word' id='word_1_476' title='bbox 665 4400 877 4465; x_wconf 79' lang='lat' dir='ltr'><strong>fraude.</strong></span> <span class='ocrx_word' id='word_1_477' title='bbox 909 4400 1149 4471; x_wconf 83' lang='lat' dir='ltr'><strong>ligneum</strong></span> <span class='ocrx_word' id='word_1_478' title='bbox 1180 4413 1386 4469; x_wconf 87' lang='lat' dir='ltr'><strong>equum</strong></span> <span class='ocrx_word' id='word_1_479' title='bbox 1419 4397 1595 4453; x_wconf 66' lang='lat' dir='ltr'><strong>Graeci</strong></span> <span class='ocrx_word' id='word_1_480' title='bbox 1623 4398 1993 4463; x_wconf 79' lang='lat' dir='ltr'><strong>fabricarum,</strong></span> 
     </span>
    </p>
   </div>
   <div class='ocr_carea' id='block_1_73' title="bbox 404 4489 1993 4560">
    <p class='ocr_par' dir='ltr' id='par_1_73' title="bbox 404 4489 1993 4560">
     <span class='ocr_line' id='line_1_73' title="bbox 404 4489 1993 4560; baseline -0.004 -11"><span class='ocrx_word' id='word_1_481' title='bbox 404 4503 464 4550; x_wconf 88' lang='lat' dir='ltr'><strong>et</strong></span> <span class='ocrx_word' id='word_1_482' title='bbox 484 4494 542 4548; x_wconf 88' lang='lat' dir='ltr'><strong>in</strong></span> <span class='ocrx_word' id='word_1_483' title='bbox 576 4507 703 4548; x_wconf 91' lang='lat' dir='ltr'><strong>eum</strong></span> <span class='ocrx_word' id='word_1_484' title='bbox 736 4490 1113 4547; x_wconf 87' lang='lat' dir='ltr'><strong>virisarmatis</strong></span> <span class='ocrx_word' id='word_1_485' title='bbox 1137 4489 1415 4560; x_wconf 86' lang='lat' dir='ltr'><strong>impositis</strong></span> <span class='ocrx_word' id='word_1_486' title='bbox 1444 4503 1505 4544; x_wconf 87' lang='lat' dir='ltr'><strong>se</strong></span> <span class='ocrx_word' id='word_1_487' title='bbox 1530 4505 1725 4545; x_wconf 79' lang='lat' dir='ltr'><strong>versus</strong></span> <span class='ocrx_word' id='word_1_488' title='bbox 1754 4490 1993 4559; x_wconf 86' lang='lat' dir='ltr'><strong>patrium</strong></span> 
     </span>
    </p>
   </div>
   <div class='ocr_carea' id='block_1_74' title="bbox 2093 3298 3682 3369">
    <p class='ocr_par' dir='ltr' id='par_1_74' title="bbox 2093 3298 3682 3369">
     <span class='ocr_line' id='line_1_74' title="bbox 2093 3298 3682 3369; baseline -0.003 -13"><span class='ocrx_word' id='word_1_489' title='bbox 2093 3300 2275 3356; x_wconf 87' lang='lat' dir='ltr'><strong>stibus</strong></span> <span class='ocrx_word' id='word_1_490' title='bbox 2306 3298 2648 3368; x_wconf 89' lang='lat' dir='ltr'><strong>ademptum.</strong></span> <span class='ocrx_word' id='word_1_491' title='bbox 2695 3298 3046 3369; x_wconf 83' lang='lat' dir='ltr'><strong>Quapropter</strong></span> <span class='ocrx_word' id='word_1_492' title='bbox 3091 3313 3216 3353; x_wconf 92' lang='lat' dir='ltr'><strong>eum</strong></span> <span class='ocrx_word' id='word_1_493' title='bbox 3249 3298 3305 3353; x_wconf 91' lang='lat' dir='ltr'><strong>in</strong></span> <span class='ocrx_word' id='word_1_494' title='bbox 3337 3298 3527 3352; x_wconf 84' lang='lat' dir='ltr'><strong>urbem</strong></span> <span class='ocrx_word' id='word_1_495' title='bbox 3559 3313 3682 3352; x_wconf 90' lang='lat' dir='ltr'><strong>cum</strong></span> 
     </span>
    </p>
   </div>
   <div class='ocr_carea' id='block_1_75' title="bbox 2095 3383 3693 3462">
    <p class='ocr_par' dir='ltr' id='par_1_75' title="bbox 2095 3383 3693 3462">
     <span class='ocr_line' id='line_1_75' title="bbox 2095 3383 3693 3462; baseline -0.002 -15"><span class='ocrx_word' id='word_1_496' title='bbox 2095 3392 2469 3462; x_wconf 83' lang='lat' dir='ltr'><strong>potationibus</strong></span> <span class='ocrx_word' id='word_1_497' title='bbox 2490 3400 2547 3447; x_wconf 88' lang='lat' dir='ltr'><strong>et</strong></span> <span class='ocrx_word' id='word_1_498' title='bbox 2585 3390 2805 3446; x_wconf 89' lang='lat' dir='ltr'><strong>choreis</strong></span> <span class='ocrx_word' id='word_1_499' title='bbox 2835 3390 3164 3455; x_wconf 87' lang='lat' dir='ltr'><strong>intulerunt,</strong></span> <span class='ocrx_word' id='word_1_500' title='bbox 3187 3383 3376 3460; x_wconf 81' lang='lat' dir='ltr'><strong>seque</strong></span> <span class='ocrx_word' id='word_1_501' title='bbox 3423 3389 3693 3460; x_wconf 86' lang='lat' dir='ltr'><strong>deinceps</strong></span> 
     </span>
    </p>
   </div>
   <div class='ocr_carea' id='block_1_76' title="bbox 2095 3479 3689 3552">
    <p class='ocr_par' dir='ltr' id='par_1_76' title="bbox 2095 3479 3689 3552">
     <span class='ocr_line' id='line_1_76' title="bbox 2095 3479 3689 3552; baseline -0.001 -15"><span class='ocrx_word' id='word_1_502' title='bbox 2095 3496 2289 3537; x_wconf 92' lang='lat' dir='ltr'><strong>somno</strong></span> <span class='ocrx_word' id='word_1_503' title='bbox 2314 3482 2466 3552; x_wconf 80' lang='lat' dir='ltr'><strong>gravi</strong></span> <span class='ocrx_word' id='word_1_504' title='bbox 2492 3480 2829 3536; x_wconf 85' lang='lat' dir='ltr'><strong>inexcitabili</strong></span> <span class='ocrx_word' id='word_1_505' title='bbox 2854 3480 3146 3535; x_wconf 87' lang='lat' dir='ltr'><strong>dederunt.</strong></span> <span class='ocrx_word' id='word_1_506' title='bbox 3178 3479 3249 3535; x_wconf 83' lang='lat' dir='ltr'><strong>At</strong></span> <span class='ocrx_word' id='word_1_507' title='bbox 3280 3480 3358 3535; x_wconf 89' lang='lat' dir='ltr'><strong>illi</strong></span> <span class='ocrx_word' id='word_1_508' title='bbox 3415 3480 3508 3550; x_wconf 86' lang='lat' dir='ltr'><strong>qui</strong></span> <span class='ocrx_word' id='word_1_509' title='bbox 3559 3479 3689 3536; x_wconf 83' lang='lat' dir='ltr'><strong>abs-</strong></span> 
     </span>
    </p>
   </div>
   <div class='ocr_carea' id='block_1_77' title="bbox 2096 3572 3695 3644">
    <p class='ocr_par' dir='ltr' id='par_1_77' title="bbox 2096 3572 3695 3644">
     <span class='ocr_line' id='line_1_77' title="bbox 2096 3572 3695 3644; baseline -0.002 -14"><span class='ocrx_word' id='word_1_510' title='bbox 2096 3575 2304 3630; x_wconf 86' lang='lat' dir='ltr'><strong>conditi</strong></span> <span class='ocrx_word' id='word_1_511' title='bbox 2335 3575 2580 3629; x_wconf 89' lang='lat' dir='ltr'><strong>latebant</strong></span> <span class='ocrx_word' id='word_1_512' title='bbox 2609 3573 2665 3627; x_wconf 92' lang='lat' dir='ltr'><strong>in</strong></span> <span class='ocrx_word' id='word_1_513' title='bbox 2698 3588 2766 3628; x_wconf 92' lang='lat' dir='ltr'><strong>eo</strong></span> <span class='ocrx_word' id='word_1_514' title='bbox 2796 3588 2897 3643; x_wconf 91' lang='lat' dir='ltr'><strong>per</strong></span> <span class='ocrx_word' id='word_1_515' title='bbox 2926 3572 3178 3639; x_wconf 86' lang='lat' dir='ltr'><strong>insidias,</strong></span> <span class='ocrx_word' id='word_1_516' title='bbox 3214 3572 3446 3628; x_wconf 91' lang='lat' dir='ltr'><strong>silenter</strong></span> <span class='ocrx_word' id='word_1_517' title='bbox 3471 3572 3695 3644; x_wconf 78' lang='lat' dir='ltr'><strong>egressi</strong></span> 
     </span>
    </p>
   </div>
   <div class='ocr_carea' id='block_1_78' title="bbox 2097 3663 3677 3736">
    <p class='ocr_par' dir='ltr' id='par_1_78' title="bbox 2097 3663 3677 3736">
     <span class='ocr_line' id='line_1_78' title="bbox 2097 3663 3677 3736; baseline -0.001 -17"><span class='ocrx_word' id='word_1_518' title='bbox 2097 3680 2353 3736; x_wconf 84' lang='lat' dir='ltr'><strong>magnum</strong></span> <span class='ocrx_word' id='word_1_519' title='bbox 2382 3665 2563 3735; x_wconf 87' lang='lat' dir='ltr'><strong>ignem</strong></span> <span class='ocrx_word' id='word_1_520' title='bbox 2592 3666 2957 3720; x_wconf 90' lang='lat' dir='ltr'><strong>suscitarunt.</strong></span> <span class='ocrx_word' id='word_1_521' title='bbox 2979 3663 3137 3732; x_wconf 87' lang='lat' dir='ltr'><strong>Quod</strong></span> <span class='ocrx_word' id='word_1_522' title='bbox 3165 3665 3469 3734; x_wconf 89' lang='lat' dir='ltr'><strong>conspicati</strong></span> <span class='ocrx_word' id='word_1_523' title='bbox 3495 3663 3677 3720; x_wconf 68' lang='lat' dir='ltr'><strong>Graeci</strong></span> 
     </span>
    </p>
   </div>
   <div class='ocr_carea' id='block_1_79' title="bbox 2096 3756 3699 3828">
    <p class='ocr_par' dir='ltr' id='par_1_79' title="bbox 2096 3756 3699 3828">
     <span class='ocr_line' id='line_1_79' title="bbox 2096 3756 3699 3828; baseline 0.001 -17"><span class='ocrx_word' id='word_1_524' title='bbox 2096 3756 2378 3827; x_wconf 74' lang='lat' dir='ltr'><strong>quiprius</strong></span> <span class='ocrx_word' id='word_1_525' title='bbox 2407 3756 2802 3820; x_wconf 87' lang='lat' dir='ltr'><strong>discesserant,</strong></span> <span class='ocrx_word' id='word_1_526' title='bbox 2833 3756 2980 3812; x_wconf 83' lang='lat' dir='ltr'><strong>dicto</strong></span> <span class='ocrx_word' id='word_1_527' title='bbox 3009 3757 3179 3812; x_wconf 78' lang='lat' dir='ltr'><strong>citius</strong></span> <span class='ocrx_word' id='word_1_528' title='bbox 3213 3771 3339 3811; x_wconf 89' lang='lat' dir='ltr'><strong>cum</strong></span> <span class='ocrx_word' id='word_1_529' title='bbox 3362 3757 3596 3828; x_wconf 82' lang='lat' dir='ltr'><strong>navigiis</strong></span> <span class='ocrx_word' id='word_1_530' title='bbox 3615 3757 3699 3812; x_wconf 79' lang='lat' dir='ltr'><strong>ad&#39;</strong></span> 
     </span>
    </p>
   </div>
   <div class='ocr_carea' id='block_1_80' title="bbox 2098 3846 3689 3920">
    <p class='ocr_par' dir='ltr' id='par_1_80' title="bbox 2098 3846 3689 3920">
     <span class='ocr_line' id='line_1_80' title="bbox 2098 3846 3689 3920; baseline 0.001 -17"><span class='ocrx_word' id='word_1_531' title='bbox 2098 3848 2315 3920; x_wconf 85' lang='lat' dir='ltr'><strong>Trojam</strong></span> <span class='ocrx_word' id='word_1_532' title='bbox 2333 3848 2740 3919; x_wconf 86' lang='lat' dir='ltr'><strong>applicuerunt.</strong></span> <span class='ocrx_word' id='word_1_533' title='bbox 2761 3847 3011 3918; x_wconf 82' lang='lat' dir='ltr'><strong>Cumque</strong></span> <span class='ocrx_word' id='word_1_534' title='bbox 3029 3857 3200 3918; x_wconf 62' lang='lat' dir='ltr'><strong>portae</strong></span> <span class='ocrx_word' id='word_1_535' title='bbox 3220 3846 3457 3902; x_wconf 79' lang='lat' dir='ltr'><strong>fuissent</strong></span> <span class='ocrx_word' id='word_1_536' title='bbox 3481 3856 3689 3918; x_wconf 63' lang='lat' dir='ltr'><strong>aperta:</strong></span> 
     </span>
    </p>
   </div>
   <div class='ocr_carea' id='block_1_81' title="bbox 2097 3938 3688 4011">
    <p class='ocr_par' dir='ltr' id='par_1_81' title="bbox 2097 3938 3688 4011">
     <span class='ocr_line' id='line_1_81' title="bbox 2097 3938 3688 4011; baseline 0.001 -16"><span class='ocrx_word' id='word_1_537' title='bbox 2097 3940 2262 3995; x_wconf 78' lang='lat' dir='ltr'><strong>abiis‘</strong></span> <span class='ocrx_word' id='word_1_538' title='bbox 2287 3940 2381 4011; x_wconf 86' lang='lat' dir='ltr'><strong>qui</strong></span> <span class='ocrx_word' id='word_1_539' title='bbox 2426 3950 2584 3995; x_wconf 88' lang='lat' dir='ltr'><strong>erant</strong></span> <span class='ocrx_word' id='word_1_540' title='bbox 2618 3941 2772 4010; x_wconf 89' lang='lat' dir='ltr'><strong>prius</strong></span> <span class='ocrx_word' id='word_1_541' title='bbox 2816 3940 3071 4011; x_wconf 86' lang='lat' dir='ltr'><strong>ingressi,</strong></span> <span class='ocrx_word' id='word_1_542' title='bbox 3122 3938 3435 3994; x_wconf 85' lang='lat' dir='ltr'><strong>clanculum</strong></span> <span class='ocrx_word' id='word_1_543' title='bbox 3467 3940 3522 3996; x_wconf 92' lang='lat' dir='ltr'><strong>in</strong></span> <span class='ocrx_word' id='word_1_544' title='bbox 3563 3955 3688 3996; x_wconf 87' lang='lat' dir='ltr'><strong>eam</strong></span> 
     </span>
    </p>
   </div>
   <div class='ocr_carea' id='block_1_82' title="bbox 2099 4029 3213 4100">
    <p class='ocr_par' dir='ltr' id='par_1_82' title="bbox 2099 4029 3213 4100">
     <span class='ocr_line' id='line_1_82' title="bbox 2099 4029 3213 4100; baseline -0.003 -15"><span class='ocrx_word' id='word_1_545' title='bbox 2099 4030 2265 4086; x_wconf 87' lang='lat' dir='ltr'><strong>infusi</strong></span> <span class='ocrx_word' id='word_1_546' title='bbox 2306 4039 2436 4085; x_wconf 92' lang='lat' dir='ltr'><strong>sunt</strong></span> <span class='ocrx_word' id='word_1_547' title='bbox 2473 4029 2647 4085; x_wconf 89' lang='lat' dir='ltr'><strong>instar</strong></span> <span class='ocrx_word' id='word_1_548' title='bbox 2678 4030 3011 4085; x_wconf 81' lang='lat' dir='ltr'><strong>exundantis</strong></span> <span class='ocrx_word' id='word_1_549' title='bbox 3038 4044 3213 4100; x_wconf 64' lang='lat' dir='ltr'><strong>aqum.</strong></span> 
     </span>
    </p>
   </div>
   <div class='ocr_carea' id='block_1_83' title="bbox 2169 4121 3691 4194">
    <p class='ocr_par' dir='ltr' id='par_1_83' title="bbox 2169 4121 3691 4194">
     <span class='ocr_line' id='line_1_83' title="bbox 2169 4121 3691 4194; baseline 0.002 -17"><span class='ocrx_word' id='word_1_550' title='bbox 2169 4122 2287 4179; x_wconf 85' lang='lat' dir='ltr'><strong>Hoc</strong></span> <span class='ocrx_word' id='word_1_551' title='bbox 2303 4123 2468 4178; x_wconf 91' lang='lat' dir='ltr'><strong>modo</strong></span> <span class='ocrx_word' id='word_1_552' title='bbox 2484 4137 2608 4177; x_wconf 92' lang='lat' dir='ltr'><strong>cum</strong></span> <span class='ocrx_word' id='word_1_553' title='bbox 2627 4121 2811 4194; x_wconf 85' lang='lat' dir='ltr'><strong>Troja,</strong></span> <span class='ocrx_word' id='word_1_554' title='bbox 2837 4121 3229 4181; x_wconf 85' lang='lat' dir='ltr'><strong>flrmismunita</strong></span> <span class='ocrx_word' id='word_1_555' title='bbox 3254 4125 3522 4194; x_wconf 89' lang='lat' dir='ltr'><strong>turribus,</strong></span> <span class='ocrx_word' id='word_1_556' title='bbox 3541 4133 3691 4181; x_wconf 89' lang='lat' dir='ltr'><strong>esset</strong></span> 
     </span>
    </p>
   </div>
   <div class='ocr_carea' id='block_1_84' title="bbox 2099 4218 3690 4290">
    <p class='ocr_par' dir='ltr' id='par_1_84' title="bbox 2099 4218 3690 4290">
     <span class='ocr_line' id='line_1_84' title="bbox 2099 4218 3690 4290; baseline -0.001 -14"><span class='ocrx_word' id='word_1_557' title='bbox 2099 4229 2275 4290; x_wconf 84' lang='lat' dir='ltr'><strong>capta,</strong></span> <span class='ocrx_word' id='word_1_558' title='bbox 2294 4218 2511 4274; x_wconf 68' lang='lat' dir='ltr'><strong>femina:</strong></span> <span class='ocrx_word' id='word_1_559' title='bbox 2540 4218 2897 4289; x_wconf 87' lang='lat' dir='ltr'><strong>rapiebantur</strong></span> <span class='ocrx_word' id='word_1_560' title='bbox 2930 4234 2960 4275; x_wconf 90' lang='lat' dir='ltr'><strong>e</strong></span> <span class='ocrx_word' id='word_1_561' title='bbox 2984 4219 3144 4275; x_wconf 90' lang='lat' dir='ltr'><strong>lectis</strong></span> <span class='ocrx_word' id='word_1_562' title='bbox 3170 4218 3508 4288; x_wconf 89' lang='lat' dir='ltr'><strong>recentibus,</strong></span> <span class='ocrx_word' id='word_1_563' title='bbox 3544 4229 3690 4275; x_wconf 87' lang='lat' dir='ltr'><strong>terra</strong></span> 
     </span>
    </p>
   </div>
   <div class='ocr_carea' id='block_1_85' title="bbox 2100 4308 3689 4381">
    <p class='ocr_par' dir='ltr' id='par_1_85' title="bbox 2100 4308 3689 4381">
     <span class='ocr_line' id='line_1_85' title="bbox 2100 4308 3689 4381; baseline 0 -16"><span class='ocrx_word' id='word_1_564' title='bbox 2100 4325 2199 4380; x_wconf 90' lang='lat' dir='ltr'><strong>per</strong></span> <span class='ocrx_word' id='word_1_565' title='bbox 2236 4309 2416 4365; x_wconf 66' lang='lat' dir='ltr'><strong>caedes</strong></span> <span class='ocrx_word' id='word_1_566' title='bbox 2445 4308 2760 4364; x_wconf 87' lang='lat' dir='ltr'><strong>cadentium</strong></span> <span class='ocrx_word' id='word_1_567' title='bbox 2803 4309 3110 4381; x_wconf 81' lang='lat' dir='ltr'><strong>stagnabat.</strong></span> <span class='ocrx_word' id='word_1_568' title='bbox 3140 4309 3325 4365; x_wconf 83' lang='lat' dir='ltr'><strong>infans</strong></span> <span class='ocrx_word' id='word_1_569' title='bbox 3377 4308 3473 4381; x_wconf 89' lang='lat' dir='ltr'><strong>qui</strong></span> <span class='ocrx_word' id='word_1_570' title='bbox 3503 4319 3689 4380; x_wconf 82' lang='lat' dir='ltr'><strong>gesta-</strong></span> 
     </span>
    </p>
   </div>
   <div class='ocr_carea' id='block_1_86' title="bbox 2098 4399 3686 4471">
    <p class='ocr_par' dir='ltr' id='par_1_86' title="bbox 2098 4399 3686 4471">
     <span class='ocr_line' id='line_1_86' title="bbox 2098 4399 3686 4471; baseline -0.001 -14"><span class='ocrx_word' id='word_1_571' title='bbox 2098 4402 2264 4457; x_wconf 88' lang='lat' dir='ltr'><strong>batur</strong></span> <span class='ocrx_word' id='word_1_572' title='bbox 2290 4401 2345 4456; x_wconf 92' lang='lat' dir='ltr'><strong>in</strong></span> <span class='ocrx_word' id='word_1_573' title='bbox 2374 4400 2544 4465; x_wconf 88' lang='lat' dir='ltr'><strong>ulnis,</strong></span> <span class='ocrx_word' id='word_1_574' title='bbox 2576 4400 2644 4455; x_wconf 88' lang='lat' dir='ltr'><strong>ad</strong></span> <span class='ocrx_word' id='word_1_575' title='bbox 2679 4400 2947 4471; x_wconf 85' lang='lat' dir='ltr'><strong>parietem</strong></span> <span class='ocrx_word' id='word_1_576' title='bbox 2983 4399 3333 4455; x_wconf 87' lang='lat' dir='ltr'><strong>allidebatur.</strong></span> <span class='ocrx_word' id='word_1_577' title='bbox 3366 4400 3437 4456; x_wconf 91' lang='lat' dir='ltr'><strong>Ut</strong></span> <span class='ocrx_word' id='word_1_578' title='bbox 3466 4401 3686 4471; x_wconf 86' lang='lat' dir='ltr'><strong>simpli-</strong></span> 
     </span>
    </p>
   </div>
   <div class='ocr_carea' id='block_1_87' title="bbox 2100 4491 3684 4564">
    <p class='ocr_par' dir='ltr' id='par_1_87' title="bbox 2100 4491 3684 4564">
     <span class='ocr_line' id='line_1_87' title="bbox 2100 4491 3684 4564; baseline -0.002 -16"><span class='ocrx_word' id='word_1_579' title='bbox 2100 4493 2240 4548; x_wconf 84' lang='lat' dir='ltr'><strong>citer</strong></span> <span class='ocrx_word' id='word_1_580' title='bbox 2260 4507 2326 4547; x_wconf 88' lang='lat' dir='ltr'><strong>ac</strong></span> <span class='ocrx_word' id='word_1_581' title='bbox 2346 4491 2593 4547; x_wconf 85' lang='lat' dir='ltr'><strong>breviter</strong></span> <span class='ocrx_word' id='word_1_582' title='bbox 2627 4492 2830 4557; x_wconf 86' lang='lat' dir='ltr'><strong>dicam,</strong></span> <span class='ocrx_word' id='word_1_583' title='bbox 2850 4492 3059 4564; x_wconf 85' lang='lat' dir='ltr'><strong>ejulatu</strong></span> <span class='ocrx_word' id='word_1_584' title='bbox 3084 4503 3281 4547; x_wconf 87' lang='lat' dir='ltr'><strong>cuncta</strong></span> <span class='ocrx_word' id='word_1_585' title='bbox 3301 4491 3684 4562; x_wconf 88' lang='lat' dir='ltr'><strong>replebantur,</strong></span> 
     </span>
    </p>
   </div>
   <div class='ocr_carea' id='block_1_88' title="bbox 406 4571 3687 4653">
    <p class='ocr_par' dir='ltr' id='par_1_88' title="bbox 406 4571 3687 4653">
     <span class='ocr_line' id='line_1_88' title="bbox 406 4571 3687 4653; baseline -0.002 -9"><span class='ocrx_word' id='word_1_586' title='bbox 406 4588 589 4644; x_wconf 86' lang='lat' dir='ltr'><strong>solum</strong></span> <span class='ocrx_word' id='word_1_587' title='bbox 620 4585 834 4642; x_wconf 84' lang='lat' dir='ltr'><strong>solvere</strong></span> <span class='ocrx_word' id='word_1_588' title='bbox 871 4584 1219 4640; x_wconf 85' lang='lat' dir='ltr'><strong>simularunt.</strong></span> <span class='ocrx_word' id='word_1_589' title='bbox 1249 4583 1315 4640; x_wconf 87' lang='lat' dir='ltr'><strong>Et</strong></span> <span class='ocrx_word' id='word_1_590' title='bbox 1340 4597 1543 4653; x_wconf 88' lang='lat' dir='ltr'><strong>equum</strong></span> <span class='ocrx_word' id='word_1_591' title='bbox 1590 4582 1814 4652; x_wconf 88' lang='lat' dir='ltr'><strong>quidem</strong></span> <span class='ocrx_word' id='word_1_592' title='bbox 1875 4583 2001 4638; x_wconf 86' lang='lat' dir='ltr'><strong>istic</strong></span> <span class='ocrx_word' id='word_1_593' title='bbox 2032 4571 2074 4626; x_wconf 80' lang='lat' dir='ltr'><strong>D</strong></span> <span class='ocrx_word' id='word_1_594' title='bbox 2102 4584 2284 4640; x_wconf 90' lang='lat' dir='ltr'><strong>omnis</strong></span> <span class='ocrx_word' id='word_1_595' title='bbox 2311 4576 2816 4649; x_wconf 78' lang='lat' dir='ltr'><strong>calamitas,omnis</strong></span> <span class='ocrx_word' id='word_1_596' title='bbox 2843 4584 3116 4639; x_wconf 87' lang='lat' dir='ltr'><strong>acerbitas</strong></span> <span class='ocrx_word' id='word_1_597' title='bbox 3143 4584 3337 4639; x_wconf 89' lang='lat' dir='ltr'><strong>urbem</strong></span> <span class='ocrx_word' id='word_1_598' title='bbox 3372 4583 3687 4639; x_wconf 83' lang='lat' dir='ltr'><strong>invadebat.</strong></span> 
     </span>
    </p>
   </div>
   <div class='ocr_carea' id='block_1_89' title="bbox 404 4672 2000 4750">
    <p class='ocr_par' dir='ltr' id='par_1_89' title="bbox 404 4672 2000 4750">
     <span class='ocr_line' id='line_1_89' title="bbox 404 4672 2000 4750; baseline -0.003 -17"><span class='ocrx_word' id='word_1_599' title='bbox 404 4680 567 4750; x_wconf 82' lang='lat' dir='ltr'><strong>juxta</strong></span> <span class='ocrx_word' id='word_1_600' title='bbox 588 4672 809 4748; x_wconf 73' lang='lat' dir='ltr'><strong>portum</strong></span> <span class='ocrx_word' id='word_1_601' title='bbox 839 4674 1245 4745; x_wconf 87' lang='lat' dir='ltr'><strong>relinquebant,</strong></span> <span class='ocrx_word' id='word_1_602' title='bbox 1282 4673 1384 4744; x_wconf 88' lang='lat' dir='ltr'><strong>ipsi</strong></span> <span class='ocrx_word' id='word_1_603' title='bbox 1435 4688 1569 4728; x_wconf 84' lang='lat' dir='ltr'><strong>vero</strong></span> <span class='ocrx_word' id='word_1_604' title='bbox 1592 4688 1718 4728; x_wconf 92' lang='lat' dir='ltr'><strong>eum</strong></span> <span class='ocrx_word' id='word_1_605' title='bbox 1764 4672 2000 4728; x_wconf 84' lang='lat' dir='ltr'><strong>navibus</strong></span> 
     </span>
    </p>
   </div>
   <div class='ocr_carea' id='block_1_90' title="bbox 409 4762 2000 4837">
    <p class='ocr_par' dir='ltr' id='par_1_90' title="bbox 409 4762 2000 4837">
     <span class='ocr_line' id='line_1_90' title="bbox 409 4762 2000 4837; baseline -0.004 -12"><span class='ocrx_word' id='word_1_606' title='bbox 409 4770 481 4825; x_wconf 87' lang='lat' dir='ltr'><strong>ad</strong></span> <span class='ocrx_word' id='word_1_607' title='bbox 504 4762 793 4825; x_wconf 80' lang='lat' dir='ltr'><strong>Tenedum</strong></span> <span class='ocrx_word' id='word_1_608' title='bbox 822 4766 1058 4824; x_wconf 89' lang='lat' dir='ltr'><strong>insulam</strong></span> <span class='ocrx_word' id='word_1_609' title='bbox 1084 4766 1453 4837; x_wconf 87' lang='lat' dir='ltr'><strong>appellebaut.</strong></span> <span class='ocrx_word' id='word_1_610' title='bbox 1482 4765 1753 4822; x_wconf 83' lang='lat' dir='ltr'><strong>Videbam</strong></span> <span class='ocrx_word' id='word_1_611' title='bbox 1776 4765 2000 4835; x_wconf 77' lang='lat' dir='ltr'><strong>Troiani</strong></span> 
     </span>
    </p>
   </div>
   <div class='ocr_carea' id='block_1_91' title="bbox 410 4858 1999 4932">
    <p class='ocr_par' dir='ltr' id='par_1_91' title="bbox 410 4858 1999 4932">
     <span class='ocr_line' id='line_1_91' title="bbox 410 4858 1999 4932; baseline -0.003 -14"><span class='ocrx_word' id='word_1_612' title='bbox 410 4861 565 4932; x_wconf 85' lang='lat' dir='ltr'><strong>quod</strong></span> <span class='ocrx_word' id='word_1_613' title='bbox 599 4858 913 4925; x_wconf 85' lang='lat' dir='ltr'><strong>acciderat;</strong></span> <span class='ocrx_word' id='word_1_614' title='bbox 945 4867 1142 4929; x_wconf 88' lang='lat' dir='ltr'><strong>portus</strong></span> <span class='ocrx_word' id='word_1_615' title='bbox 1172 4858 1512 4929; x_wconf 84' lang='lat' dir='ltr'><strong>aspiciebant</strong></span> <span class='ocrx_word' id='word_1_616' title='bbox 1558 4872 1783 4922; x_wconf 85' lang='lat' dir='ltr'><strong>vacuos,</strong></span> <span class='ocrx_word' id='word_1_617' title='bbox 1820 4859 1999 4914; x_wconf 91' lang='lat' dir='ltr'><strong>solum</strong></span> 
     </span>
    </p>
   </div>
   <div class='ocr_carea' id='block_1_92' title="bbox 408 4949 2002 5023">
    <p class='ocr_par' dir='ltr' id='par_1_92' title="bbox 408 4949 2002 5023">
     <span class='ocr_line' id='line_1_92' title="bbox 408 4949 2002 5023; baseline -0.002 -16"><span class='ocrx_word' id='word_1_618' title='bbox 408 4967 621 5023; x_wconf 89' lang='lat' dir='ltr'><strong>equum</strong></span> <span class='ocrx_word' id='word_1_619' title='bbox 649 4953 928 5007; x_wconf 75' lang='lat' dir='ltr'><strong>intuentes</strong></span> <span class='ocrx_word' id='word_1_620' title='bbox 973 4949 1301 5005; x_wconf 84' lang='lat' dir='ltr'><strong>dubitabant</strong></span> <span class='ocrx_word' id='word_1_621' title='bbox 1328 4950 1886 5020; x_wconf 88' lang='lat' dir='ltr'><strong>etobstupescebant.</strong></span> <span class='ocrx_word' id='word_1_622' title='bbox 1924 4952 2002 5004; x_wconf 81' lang='lat' dir='ltr'><strong>Ac</strong></span> 
     </span>
    </p>
   </div>
   <div class='ocr_carea' id='block_1_93' title="bbox 411 5040 2001 5115">
    <p class='ocr_par' dir='ltr' id='par_1_93' title="bbox 411 5040 2001 5115">
     <span class='ocr_line' id='line_1_93' title="bbox 411 5040 2001 5115; baseline -0.002 -17"><span class='ocrx_word' id='word_1_623' title='bbox 411 5044 598 5115; x_wconf 89' lang='lat' dir='ltr'><strong>primo</strong></span> <span class='ocrx_word' id='word_1_624' title='bbox 622 5043 845 5113; x_wconf 87' lang='lat' dir='ltr'><strong>quidem</strong></span> <span class='ocrx_word' id='word_1_625' title='bbox 861 5042 1240 5098; x_wconf 83' lang='lat' dir='ltr'><strong>existimantes</strong></span> <span class='ocrx_word' id='word_1_626' title='bbox 1255 5040 1481 5097; x_wconf 84' lang='lat' dir='ltr'><strong>subesse</strong></span> <span class='ocrx_word' id='word_1_627' title='bbox 1501 5040 1772 5106; x_wconf 84' lang='lat' dir='ltr'><strong>fraudem,</strong></span> <span class='ocrx_word' id='word_1_628' title='bbox 1794 5056 2001 5110; x_wconf 88' lang='lat' dir='ltr'><strong>equum</strong></span> 
     </span>
    </p>
   </div>
   <div class='ocr_carea' id='block_1_94' title="bbox 410 5130 2001 5203">
    <p class='ocr_par' dir='ltr' id='par_1_94' title="bbox 410 5130 2001 5203">
     <span class='ocr_line' id='line_1_94' title="bbox 410 5130 2001 5203; baseline -0.001 -16"><span class='ocrx_word' id='word_1_629' title='bbox 410 5133 641 5188; x_wconf 84' lang='lat' dir='ltr'><strong>abolere</strong></span> <span class='ocrx_word' id='word_1_630' title='bbox 672 5132 1004 5188; x_wconf 86' lang='lat' dir='ltr'><strong>festinabant</strong></span> <span class='ocrx_word' id='word_1_631' title='bbox 1034 5132 1147 5203; x_wconf 86' lang='lat' dir='ltr'><strong>igni</strong></span> <span class='ocrx_word' id='word_1_632' title='bbox 1175 5130 1437 5185; x_wconf 87' lang='lat' dir='ltr'><strong>traditum</strong></span> <span class='ocrx_word' id='word_1_633' title='bbox 1466 5131 1552 5185; x_wconf 85' lang='lat' dir='ltr'><strong>vel</strong></span> <span class='ocrx_word' id='word_1_634' title='bbox 1575 5131 1644 5187; x_wconf 89' lang='lat' dir='ltr'><strong>de</strong></span> <span class='ocrx_word' id='word_1_635' title='bbox 1677 5131 1920 5200; x_wconf 87' lang='lat' dir='ltr'><strong>scopulis</strong></span> <span class='ocrx_word' id='word_1_636' title='bbox 1943 5130 2001 5185; x_wconf 90' lang='lat' dir='ltr'><strong>in</strong></span> 
     </span>
    </p>
   </div>
   <div class='ocr_carea' id='block_1_95' title="bbox 413 5220 2006 5293">
    <p class='ocr_par' dir='ltr' id='par_1_95' title="bbox 413 5220 2006 5293">
     <span class='ocr_line' id='line_1_95' title="bbox 413 5220 2006 5293; baseline 0 -18"><span class='ocrx_word' id='word_1_637' title='bbox 413 5221 849 5293; x_wconf 87' lang='lat' dir='ltr'><strong>profunditatem</strong></span> <span class='ocrx_word' id='word_1_638' title='bbox 883 5222 1049 5278; x_wconf 90' lang='lat' dir='ltr'><strong>maris</strong></span> <span class='ocrx_word' id='word_1_639' title='bbox 1075 5222 1370 5292; x_wconf 73' lang='lat' dir='ltr'><strong>abiectum.</strong></span> <span class='ocrx_word' id='word_1_640' title='bbox 1414 5220 1623 5277; x_wconf 87' lang='lat' dir='ltr'><strong>Deinde</strong></span> <span class='ocrx_word' id='word_1_641' title='bbox 1650 5223 1798 5293; x_wconf 86' lang='lat' dir='ltr'><strong>(nam</strong></span> <span class='ocrx_word' id='word_1_642' title='bbox 1831 5229 2006 5277; x_wconf 82' lang='lat' dir='ltr'><strong>statu-</strong></span> 
     </span>
    </p>
   </div>
   <div class='ocr_carea' id='block_1_96' title="bbox 413 5312 2003 5384">
    <p class='ocr_par' dir='ltr' id='par_1_96' title="bbox 413 5312 2003 5384">
     <span class='ocr_line' id='line_1_96' title="bbox 413 5312 2003 5384; baseline -0.001 -15"><span class='ocrx_word' id='word_1_643' title='bbox 413 5324 536 5369; x_wconf 87' lang='lat' dir='ltr'><strong>tum</strong></span> <span class='ocrx_word' id='word_1_644' title='bbox 582 5322 705 5369; x_wconf 88' lang='lat' dir='ltr'><strong>erat</strong></span> <span class='ocrx_word' id='word_1_645' title='bbox 753 5313 1022 5369; x_wconf 87' lang='lat' dir='ltr'><strong>divinitus</strong></span> <span class='ocrx_word' id='word_1_646' title='bbox 1051 5313 1273 5382; x_wconf 85' lang='lat' dir='ltr'><strong>Trojam</strong></span> <span class='ocrx_word' id='word_1_647' title='bbox 1313 5321 1443 5367; x_wconf 91' lang='lat' dir='ltr'><strong>tunc</strong></span> <span class='ocrx_word' id='word_1_648' title='bbox 1483 5327 1607 5379; x_wconf 85' lang='lat' dir='ltr'><strong>esse</strong></span> <span class='ocrx_word' id='word_1_649' title='bbox 1657 5312 2003 5384; x_wconf 85' lang='lat' dir='ltr'><strong>capiendam)</strong></span> 
     </span>
    </p>
   </div>
   <div class='ocr_carea' id='block_1_97' title="bbox 2096 4675 3685 4746">
    <p class='ocr_par' dir='ltr' id='par_1_97' title="bbox 2096 4675 3685 4746">
     <span class='ocr_line' id='line_1_97' title="bbox 2096 4675 3685 4746; baseline -0.003 -16"><span class='ocrx_word' id='word_1_650' title='bbox 2096 4676 2289 4731; x_wconf 85' lang='lat' dir='ltr'><strong>Manus</strong></span> <span class='ocrx_word' id='word_1_651' title='bbox 2306 4690 2506 4731; x_wconf 88' lang='lat' dir='ltr'><strong>cruore</strong></span> <span class='ocrx_word' id='word_1_652' title='bbox 2522 4675 2825 4742; x_wconf 88' lang='lat' dir='ltr'><strong>stillabant,</strong></span> <span class='ocrx_word' id='word_1_653' title='bbox 2847 4675 3013 4746; x_wconf 81' lang='lat' dir='ltr'><strong>gladii</strong></span> <span class='ocrx_word' id='word_1_654' title='bbox 3034 4676 3302 4746; x_wconf 84' lang='lat' dir='ltr'><strong>sanguine</strong></span> <span class='ocrx_word' id='word_1_655' title='bbox 3327 4675 3483 4729; x_wconf 85' lang='lat' dir='ltr'><strong>tincti</strong></span> <span class='ocrx_word' id='word_1_656' title='bbox 3503 4681 3685 4736; x_wconf 87' lang='lat' dir='ltr'><strong>erant,</strong></span> 
     </span>
    </p>
   </div>
   <div class='ocr_carea' id='block_1_98' title="bbox 2097 4765 3686 4837">
    <p class='ocr_par' dir='ltr' id='par_1_98' title="bbox 2097 4765 3686 4837">
     <span class='ocr_line' id='line_1_98' title="bbox 2097 4765 3686 4837; baseline -0.002 -16"><span class='ocrx_word' id='word_1_657' title='bbox 2097 4766 2473 4837; x_wconf 86' lang='lat' dir='ltr'><strong>pavimentum</strong></span> <span class='ocrx_word' id='word_1_658' title='bbox 2504 4767 2774 4822; x_wconf 90' lang='lat' dir='ltr'><strong>rubedine</strong></span> <span class='ocrx_word' id='word_1_659' title='bbox 2810 4766 3101 4833; x_wconf 90' lang='lat' dir='ltr'><strong>infectum,</strong></span> <span class='ocrx_word' id='word_1_660' title='bbox 3127 4767 3364 4821; x_wconf 86' lang='lat' dir='ltr'><strong>infantes</strong></span> <span class='ocrx_word' id='word_1_661' title='bbox 3395 4765 3686 4835; x_wconf 91' lang='lat' dir='ltr'><strong>proculca-</strong></span> 
     </span>
    </p>
   </div>
   <div class='ocr_carea' id='block_1_99' title="bbox 2100 4857 3687 4928">
    <p class='ocr_par' dir='ltr' id='par_1_99' title="bbox 2100 4857 3687 4928">
     <span class='ocr_line' id='line_1_99' title="bbox 2100 4857 3687 4928; baseline -0.001 -15"><span class='ocrx_word' id='word_1_662' title='bbox 2100 4861 2322 4913; x_wconf 88' lang='lat' dir='ltr'><strong>bantur.</strong></span> <span class='ocrx_word' id='word_1_663' title='bbox 2362 4857 2608 4914; x_wconf 85' lang='lat' dir='ltr'><strong>Tandem</strong></span> <span class='ocrx_word' id='word_1_664' title='bbox 2635 4874 2760 4913; x_wconf 90' lang='lat' dir='ltr'><strong>cum</strong></span> <span class='ocrx_word' id='word_1_665' title='bbox 2796 4859 3004 4928; x_wconf 87' lang='lat' dir='ltr'><strong>rapinis</strong></span> <span class='ocrx_word' id='word_1_666' title='bbox 3023 4865 3078 4913; x_wconf 89' lang='lat' dir='ltr'><strong>et</strong></span> <span class='ocrx_word' id='word_1_667' title='bbox 3112 4857 3356 4912; x_wconf 65' lang='lat' dir='ltr'><strong>aedibus</strong></span> <span class='ocrx_word' id='word_1_668' title='bbox 3381 4864 3567 4911; x_wconf 88' lang='lat' dir='ltr'><strong>essent</strong></span> <span class='ocrx_word' id='word_1_669' title='bbox 3602 4871 3687 4912; x_wconf 86' lang='lat' dir='ltr'><strong>sa-</strong></span> 
     </span>
    </p>
   </div>
   <div class='ocr_carea' id='block_1_100' title="bbox 2105 4944 3685 5019">
    <p class='ocr_par' dir='ltr' id='par_1_100' title="bbox 2105 4944 3685 5019">
     <span class='ocr_line' id='line_1_100' title="bbox 2105 4944 3685 5019; baseline -0.001 -16"><span class='ocrx_word' id='word_1_670' title='bbox 2105 4949 2245 5013; x_wconf 85' lang='lat' dir='ltr'><strong>tiati,</strong></span> <span class='ocrx_word' id='word_1_671' title='bbox 2279 4949 2472 5004; x_wconf 90' lang='lat' dir='ltr'><strong>urbem</strong></span> <span class='ocrx_word' id='word_1_672' title='bbox 2498 4948 2607 5019; x_wconf 86' lang='lat' dir='ltr'><strong>igni</strong></span> <span class='ocrx_word' id='word_1_673' title='bbox 2640 4950 2866 5004; x_wconf 87' lang='lat' dir='ltr'><strong>tradunt</strong></span> <span class='ocrx_word' id='word_1_674' title='bbox 2888 4956 2944 5003; x_wconf 88' lang='lat' dir='ltr'><strong>et</strong></span> <span class='ocrx_word' id='word_1_675' title='bbox 2973 4963 3004 5002; x_wconf 87' lang='lat' dir='ltr'><strong>a</strong></span> <span class='ocrx_word' id='word_1_676' title='bbox 3031 4944 3404 5002; x_wconf 85' lang='lat' dir='ltr'><strong>fundamentis</strong></span> <span class='ocrx_word' id='word_1_677' title='bbox 3423 4954 3685 5009; x_wconf 77' lang='lat' dir='ltr'><strong>exurunt.</strong></span> 
     </span>
    </p>
   </div>
   <div class='ocr_carea' id='block_1_101' title="bbox 2097 5039 3614 5112">
    <p class='ocr_par' dir='ltr' id='par_1_101' title="bbox 2097 5039 3614 5112">
     <span class='ocr_line' id='line_1_101' title="bbox 2097 5039 3614 5112; baseline 0 -18"><span class='ocrx_word' id='word_1_678' title='bbox 2097 5041 2255 5112; x_wconf 90' lang='lat' dir='ltr'><strong>prius</strong></span> <span class='ocrx_word' id='word_1_679' title='bbox 2287 5041 2431 5096; x_wconf 88' lang='lat' dir='ltr'><strong>inter</strong></span> <span class='ocrx_word' id='word_1_680' title='bbox 2457 5041 2591 5096; x_wconf 89' lang='lat' dir='ltr'><strong>alias</strong></span> <span class='ocrx_word' id='word_1_681' title='bbox 2613 5040 2957 5111; x_wconf 88' lang='lat' dir='ltr'><strong>splendidam</strong></span> <span class='ocrx_word' id='word_1_682' title='bbox 2991 5048 3048 5096; x_wconf 92' lang='lat' dir='ltr'><strong>et</strong></span> <span class='ocrx_word' id='word_1_683' title='bbox 3077 5039 3276 5110; x_wconf 88' lang='lat' dir='ltr'><strong>passim</strong></span> <span class='ocrx_word' id='word_1_684' title='bbox 3311 5039 3614 5095; x_wconf 88' lang='lat' dir='ltr'><strong>celebrem.</strong></span> 
     </span>
    </p>
   </div>
   <div class='ocr_carea' id='block_1_102' title="bbox 2173 5129 3705 5204">
    <p class='ocr_par' dir='ltr' id='par_1_102' title="bbox 2173 5129 3705 5204">
     <span class='ocr_line' id='line_1_102' title="bbox 2173 5129 3705 5204; baseline -0.001 -17"><span class='ocrx_word' id='word_1_685' title='bbox 2173 5133 2290 5188; x_wconf 84' lang='lat' dir='ltr'><strong>Hoc</strong></span> <span class='ocrx_word' id='word_1_686' title='bbox 2320 5134 2484 5189; x_wconf 92' lang='lat' dir='ltr'><strong>modo</strong></span> <span class='ocrx_word' id='word_1_687' title='bbox 2501 5134 2704 5188; x_wconf 88' lang='lat' dir='ltr'><strong>bellum</strong></span> <span class='ocrx_word' id='word_1_688' title='bbox 2738 5134 2883 5190; x_wconf 83' lang='lat' dir='ltr'><strong>istud</strong></span> <span class='ocrx_word' id='word_1_689' title='bbox 2914 5140 2995 5188; x_wconf 88' lang='lat' dir='ltr'><strong>est</strong></span> <span class='ocrx_word' id='word_1_690' title='bbox 3024 5139 3259 5204; x_wconf 87' lang='lat' dir='ltr'><strong>gestum.</strong></span> <span class='ocrx_word' id='word_1_691' title='bbox 3281 5129 3554 5187; x_wconf 68' lang='lat' dir='ltr'><strong>Caeterum</strong></span> <span class='ocrx_word' id='word_1_692' title='bbox 3576 5131 3705 5186; x_wconf 79' lang='lat' dir='ltr'><strong>for--</strong></span> 
     </span>
    </p>
   </div>
   <div class='ocr_carea' id='block_1_103' title="bbox 2104 5222 3687 5294">
    <p class='ocr_par' dir='ltr' id='par_1_103' title="bbox 2104 5222 3687 5294">
     <span class='ocr_line' id='line_1_103' title="bbox 2104 5222 3687 5294; baseline -0.002 -16"><span class='ocrx_word' id='word_1_693' title='bbox 2104 5231 2236 5278; x_wconf 90' lang='lat' dir='ltr'><strong>tuna</strong></span> <span class='ocrx_word' id='word_1_694' title='bbox 2290 5222 2715 5279; x_wconf 82' lang='lat' dir='ltr'><strong>Menelaosemel</strong></span> <span class='ocrx_word' id='word_1_695' title='bbox 2748 5223 3030 5294; x_wconf 89' lang='lat' dir='ltr'><strong>indignata</strong></span> <span class='ocrx_word' id='word_1_696' title='bbox 3062 5222 3224 5278; x_wconf 90' lang='lat' dir='ltr'><strong>novis</strong></span> <span class='ocrx_word' id='word_1_697' title='bbox 3263 5223 3387 5278; x_wconf 83' lang='lat' dir='ltr'><strong>aliis</strong></span> <span class='ocrx_word' id='word_1_698' title='bbox 3421 5224 3687 5278; x_wconf 88' lang='lat' dir='ltr'><strong>miserum</strong></span> 
     </span>
    </p>
   </div>
   <div class='ocr_carea' id='block_1_104' title="bbox 2105 5316 3692 5387">
    <p class='ocr_par' dir='ltr' id='par_1_104' title="bbox 2105 5316 3692 5387">
     <span class='ocr_line' id='line_1_104' title="bbox 2105 5316 3692 5387; baseline -0.002 -16"><span class='ocrx_word' id='word_1_699' title='bbox 2105 5316 2392 5371; x_wconf 87' lang='lat' dir='ltr'><strong>laboribus</strong></span> <span class='ocrx_word' id='word_1_700' title='bbox 2423 5316 2707 5387; x_wconf 83' lang='lat' dir='ltr'><strong>opprimit.</strong></span> <span class='ocrx_word' id='word_1_701' title='bbox 2740 5317 2980 5372; x_wconf 80' lang='lat' dir='ltr'><strong>Rursum</strong></span> <span class='ocrx_word' id='word_1_702' title='bbox 3032 5316 3289 5387; x_wconf 83' lang='lat' dir='ltr'><strong>navigare</strong></span> <span class='ocrx_word' id='word_1_703' title='bbox 3339 5326 3565 5371; x_wconf 87' lang='lat' dir='ltr'><strong>coactus</strong></span> <span class='ocrx_word' id='word_1_704' title='bbox 3607 5322 3692 5370; x_wconf 91' lang='lat' dir='ltr'><strong>est</strong></span> 
     </span>
    </p>
   </div>
   <div class='ocr_carea' id='block_1_105' title="bbox 406 5405 3689 5480">
    <p class='ocr_par' dir='ltr' id='par_1_105' title="bbox 406 5405 3689 5480">
     <span class='ocr_line' id='line_1_105' title="bbox 406 5405 3689 5480; baseline -0.001 -17"><span class='ocrx_word' id='word_1_705' title='bbox 406 5405 596 5463; x_wconf 76' lang='lat' dir='ltr'><strong>visum</strong></span> <span class='ocrx_word' id='word_1_706' title='bbox 641 5415 729 5463; x_wconf 88' lang='lat' dir='ltr'><strong>est</strong></span> <span class='ocrx_word' id='word_1_707' title='bbox 768 5407 851 5464; x_wconf 89' lang='lat' dir='ltr'><strong>eis</strong></span> <span class='ocrx_word' id='word_1_708' title='bbox 882 5423 1087 5478; x_wconf 87' lang='lat' dir='ltr'><strong>equum</strong></span> <span class='ocrx_word' id='word_1_709' title='bbox 1123 5406 1177 5462; x_wconf 91' lang='lat' dir='ltr'><strong>in</strong></span> <span class='ocrx_word' id='word_1_710' title='bbox 1208 5406 1405 5462; x_wconf 90' lang='lat' dir='ltr'><strong>urbem</strong></span> <span class='ocrx_word' id='word_1_711' title='bbox 1443 5406 1843 5462; x_wconf 87' lang='lat' dir='ltr'><strong>traducendum</strong></span> <span class='ocrx_word' id='word_1_712' title='bbox 1886 5422 2008 5463; x_wconf 88' lang='lat' dir='ltr'><strong>esse</strong></span> <span class='ocrx_word' id='word_1_713' title='bbox 2107 5408 2283 5462; x_wconf 89' lang='lat' dir='ltr'><strong>multo</strong></span> <span class='ocrx_word' id='word_1_714' title='bbox 2311 5410 2579 5463; x_wconf 85' lang='lat' dir='ltr'><strong>remotius</strong></span> <span class='ocrx_word' id='word_1_715' title='bbox 2617 5428 2628 5462; x_wconf 92' lang='lat'>:</span> <span class='ocrx_word' id='word_1_716' title='bbox 2670 5408 2790 5463; x_wconf 74' lang='lat' dir='ltr'><strong>alia:</strong></span> <span class='ocrx_word' id='word_1_717' title='bbox 2812 5408 3077 5464; x_wconf 66' lang='lat' dir='ltr'><strong>molestia:</strong></span> <span class='ocrx_word' id='word_1_718' title='bbox 3101 5409 3212 5480; x_wconf 87' lang='lat' dir='ltr'><strong>jam</strong></span> <span class='ocrx_word' id='word_1_719' title='bbox 3246 5418 3376 5465; x_wconf 86' lang='lat' dir='ltr'><strong>ante</strong></span> <span class='ocrx_word' id='word_1_720' title='bbox 3406 5407 3689 5465; x_wconf 87' lang='lat' dir='ltr'><strong>infelicem</strong></span> 
     </span>
    </p>
   </div>
   <div class='ocr_carea' id='block_1_106' title="bbox 1606 5565 2454 5630">
    <p class='ocr_par' dir='ltr' id='par_1_106' title="bbox 1606 5565 2454 5630">
     <span class='ocr_line' id='line_1_106' title="bbox 1606 5565 2454 5630; baseline 0.004 -4"><span class='ocrx_word' id='word_1_721' title='bbox 1606 5566 1805 5630; x_wconf 64' lang='lat' dir='ltr'><strong>Variae</strong></span> <span class='ocrx_word' id='word_1_722' title='bbox 1824 5565 2136 5629; x_wconf 86' lang='lat' dir='ltr'><strong>lectiones</strong></span> <span class='ocrx_word' id='word_1_723' title='bbox 2181 5572 2241 5628; x_wconf 86' lang='lat' dir='ltr'><strong>et</strong></span> <span class='ocrx_word' id='word_1_724' title='bbox 2285 5574 2454 5630; x_wconf 64' lang='lat' dir='ltr'><strong>nouae</strong></span> 
     </span>
    </p>
   </div>
   <div class='ocr_carea' id='block_1_107' title="bbox 488 5706 2529 5813">
    <p class='ocr_par' dir='ltr' id='par_1_107' title="bbox 488 5706 2529 5813">
     <span class='ocr_line' id='line_1_107' title="bbox 488 5706 2529 5813; baseline -0.003 -18"><span class='ocrx_word' id='word_1_725' title='bbox 488 5737 713 5813; x_wconf 37' lang='grc' dir='ltr'>Ϊμάνεῖλὲ</span> <span class='ocrx_word' id='word_1_726' title='bbox 741 5740 827 5813; x_wconf 37' lang='grc' dir='ltr'>Β.</span> <span class='ocrx_word' id='word_1_727' title='bbox 912 5738 1023 5813; x_wconf 53' lang='grc' dir='ltr'>[τρ</span> <span class='ocrx_word' id='word_1_728' title='bbox 1047 5736 1348 5813; x_wconf 11' lang='grc' dir='ltr'>τηλικοῦτο,</span> <span class='ocrx_word' id='word_1_729' title='bbox 1373 5739 1570 5813; x_wconf 19' lang='grc' dir='ltr'>σμκῆνος</span> <span class='ocrx_word' id='word_1_730' title='bbox 1709 5807 1724 5813; x_wconf 88' lang='lat'><em>_</em></span> <span class='ocrx_word' id='word_1_731' title='bbox 1771 5737 1806 5813; x_wconf 78' lang='lat'><strong>’_</strong></span> <span class='ocrx_word' id='word_1_732' title='bbox 1833 5706 2436 5813; x_wconf 38' lang='grc' dir='ltr'>τῆς-Τροίας-πεδιάδες</span> <span class='ocrx_word' id='word_1_733' title='bbox 2468 5742 2529 5813; x_wconf 57' lang='grc' dir='ltr'><strong>ᾼ.</strong></span> 
     </span>
    </p>
   </div>
   <div class='ocr_carea' id='block_1_108' title="bbox 2643 5730 3693 5799">
    <p class='ocr_par' dir='ltr' id='par_1_108' title="bbox 2643 5730 3693 5799">
     <span class='ocr_line' id='line_1_108' title="bbox 2643 5730 3693 5799; baseline -0.006 -9"><span class='ocrx_word' id='word_1_734' title='bbox 2643 5740 2688 5772; x_wconf 80' lang='grc'><strong>¹⁰</strong></span> <span class='ocrx_word' id='word_1_735' title='bbox 2722 5740 2903 5795; x_wconf 73' lang='grc' dir='ltr'>λαϐεῖν</span> <span class='ocrx_word' id='word_1_736' title='bbox 2929 5738 2993 5795; x_wconf 73' lang='lat' dir='ltr'><strong>ll.</strong></span> <span class='ocrx_word' id='word_1_737' title='bbox 3099 5738 3138 5769; x_wconf 82' lang='lat'>“</span> <span class='ocrx_word' id='word_1_738' title='bbox 3175 5734 3283 5790; x_wconf 85' lang='grc' dir='ltr'>τῶν</span> <span class='ocrx_word' id='word_1_739' title='bbox 3326 5730 3693 5799; x_wconf 83' lang='grc' dir='ltr'>ναυστάθμων</span> 
     </span>
    </p>
   </div>
   <div class='ocr_carea' id='block_1_109' title="bbox 409 5800 3685 5881">
    <p class='ocr_par' dir='ltr' id='par_1_109' title="bbox 409 5800 3685 5881">
     <span class='ocr_line' id='line_1_109' title="bbox 409 5800 3685 5881; baseline -0.003 -18"><span class='ocrx_word' id='word_1_740' title='bbox 409 5807 574 5865; x_wconf 77' lang='lat' dir='ltr'><strong>ARR.</strong></span> <span class='ocrx_word' id='word_1_741' title='bbox 652 5810 702 5843; x_wconf 78' lang='lat'><strong>-&quot;</strong></span> <span class='ocrx_word' id='word_1_742' title='bbox 740 5800 1141 5881; x_wconf 70' lang='grc' dir='ltr'>ὲκθαμϐρῦντο.</span> <span class='ocrx_word' id='word_1_743' title='bbox 1221 5809 1264 5841; x_wconf 84' lang='grc'><strong>¹³</strong></span> <span class='ocrx_word' id='word_1_744' title='bbox 1292 5800 1564 5881; x_wconf 62' lang='grc' dir='ltr'>αὐτὸνᾚξ</span> <span class='ocrx_word' id='word_1_745' title='bbox 1636 5807 1680 5881; x_wconf 6' lang='grc'>’,⁸</span> <span class='ocrx_word' id='word_1_746' title='bbox 1709 5800 2019 5881; x_wconf 21' lang='grc' dir='ltr'>λαῦρονίιὶί</span> <span class='ocrx_word' id='word_1_747' title='bbox 2082 5800 2453 5881; x_wconf 21' lang='grc' dir='ltr'>¹³ίβαρΐάρων</span> <span class='ocrx_word' id='word_1_748' title='bbox 2476 5809 2541 5865; x_wconf 80' lang='lat' dir='ltr'><strong>R.</strong></span> <span class='ocrx_word' id='word_1_749' title='bbox 2605 5804 2665 5842; x_wconf 70' lang='grc'><strong>’³⁸</strong></span> <span class='ocrx_word' id='word_1_750' title='bbox 2696 5811 2784 5881; x_wconf 80' lang='grc' dir='ltr'><strong>καὶ</strong></span> <span class='ocrx_word' id='word_1_751' title='bbox 2816 5809 3018 5880; x_wconf 80' lang='grc' dir='ltr'>βρέφος</span> <span class='ocrx_word' id='word_1_752' title='bbox 3052 5803 3464 5881; x_wconf 72' lang='grc' dir='ltr'>ύπαγκαλιστὺν</span> <span class='ocrx_word' id='word_1_753' title='bbox 3487 5800 3685 5873; x_wconf 74' lang='grc' dir='ltr'>ἐρρίπ-</span> 
     </span>
    </p>
   </div>
   <div class='ocr_carea' id='block_1_110' title="bbox 413 5874 3428 5954">
    <p class='ocr_par' dir='ltr' id='par_1_110' title="bbox 413 5874 3428 5954">
     <span class='ocr_line' id='line_1_110' title="bbox 413 5874 3428 5954; baseline -0.001 -21"><span class='ocrx_word' id='word_1_754' title='bbox 413 5895 536 5938; x_wconf 78' lang='grc' dir='ltr'>τετο</span> <span class='ocrx_word' id='word_1_755' title='bbox 575 5881 718 5954; x_wconf 70' lang='grc' dir='ltr'>πρὸς</span> <span class='ocrx_word' id='word_1_756' title='bbox 749 5874 931 5953; x_wconf 76' lang='grc' dir='ltr'>τεῖχος</span> <span class='ocrx_word' id='word_1_757' title='bbox 950 5878 1024 5934; x_wconf 72' lang='lat' dir='ltr'><strong>R.</strong></span> <span class='ocrx_word' id='word_1_758' title='bbox 1053 5879 1188 5951; x_wconf 75' lang='grc' dir='ltr'>πρὸς</span> <span class='ocrx_word' id='word_1_759' title='bbox 1232 5883 1406 5951; x_wconf 83' lang='grc' dir='ltr'>τεῖχος</span> <span class='ocrx_word' id='word_1_760' title='bbox 1432 5880 1597 5937; x_wconf 83' lang='lat' dir='ltr'><strong>etiam</strong></span> <span class='ocrx_word' id='word_1_761' title='bbox 1635 5879 1700 5934; x_wconf 79' lang='grc' dir='ltr'>Α.</span> <span class='ocrx_word' id='word_1_762' title='bbox 1784 5874 1830 5911; x_wconf 72' lang='grc'><strong>¹¹’</strong></span> <span class='ocrx_word' id='word_1_763' title='bbox 1855 5879 1915 5932; x_wconf 67' lang='grc' dir='ltr'>τὸ</span> <span class='ocrx_word' id='word_1_764' title='bbox 1944 5881 2054 5936; x_wconf 74' lang='grc' dir='ltr'><strong>πᾶν</strong></span> <span class='ocrx_word' id='word_1_765' title='bbox 2086 5874 2305 5953; x_wconf 62' lang='grc' dir='ltr'>κατεῖχιε</span> <span class='ocrx_word' id='word_1_766' title='bbox 2340 5874 2504 5935; x_wconf 65' lang='lat' dir='ltr'><strong>Atili.</strong></span> <span class='ocrx_word' id='word_1_767' title='bbox 2584 5882 2625 5915; x_wconf 70' lang='grc'><strong>’³</strong></span> <span class='ocrx_word' id='word_1_768' title='bbox 2655 5874 2986 5947; x_wconf 62' lang='grc' dir='ltr'>τοῦτονέσχε</span> <span class='ocrx_word' id='word_1_769' title='bbox 3015 5879 3108 5933; x_wconf 82' lang='grc' dir='ltr'>τὸν</span> <span class='ocrx_word' id='word_1_770' title='bbox 3131 5875 3332 5944; x_wconf 86' lang='grc' dir='ltr'>τρόπον</span> <span class='ocrx_word' id='word_1_771' title='bbox 3364 5874 3428 5926; x_wconf 73' lang='grc' dir='ltr'>Α.</span> 
     </span>
    </p>
   </div>
  </div>
