4136 6428
463 385 571 451 279

461 494 570 551 Τὸν
602 493 703 566 μὲν
732 493 849 551 υίδν
868 490 1247 562 πωσαναιρεῖ,
1285 488 1386 560 τὴν
1414 487 1469 542 δέ
1500 503 1564 557 γε
1595 487 1873 561 θυγατέρα
1898 491 1944 523 ⁸⁹

474 587 704 659 ἰἑρειαν
753 586 1022 655 πεποίηκε
1054 582 1186 638 ναοῦ
1209 582 1307 637 τοῦ
1340 585 1442 653 τῆς
1486 582 1727 646 Ἑστίας.

459 678 877 749 Νενομοθέτητο
905 675 951 730 δ’
974 673 1147 744 ἀγνάς
1182 673 1282 739 τάς
1318 673 1525 745 ίερείας
1549 672 1753 743 μένειν,

462 769 805 840 Παρθενικάς
837 768 931 822 καὶ
975 765 1223 836 καθαρὰς
1246 764 1339 818 καὶ
1372 765 1566 835 γάμων
1590 758 1946 833 ἀπειράτους.

460 860 680 931 Ταύτην
706 860 835 915 ποτὲ
864 858 1001 929 πρὸς
1038 860 1234 929 ’Ἄρεος
1260 857 1424 920 ἀλσος
1449 854 1824 927 πορευομένην

459 952 705 1018 Φυλάξας
735 969 821 1017 τις
847 951 1095 1015 ἔπεθετο,
1126 951 1222 1003 καὶ
1272 948 1617 1018 συμφθαρεὶς
1656 948 1722 1016 τῇ
1756 946 1894 1015 κόρῃ

471 1044 783 1117 Ἐγκύμονα
809 1044 1132 1113 πεποίηκεν.
1174 1040 1266 1104 Ὦς
1289 1040 1335 1094 δ’
1366 1037 1688 1108 ἐπεγνώσθη
1724 1034 1884 1090 τοῦτο

459 1137 553 1210 Τῷ
573 1121 938 1207 πατραδέλφῳ
969 1133 1199 1205 βασιλεῖ,
1231 1131 1356 1185 τότε
1389 1130 1490 1200 μὲν
1521 1130 1770 1200 ἐτηρεῖτο

460 1230 670 1301 Μέχρις
699 1228 906 1283 ὠδίνων
934 1228 1030 1282 καὶ
1061 1222 1257 1295 καιροῦ
1282 1221 1377 1276 τοῦ
1406 1222 1510 1292 τῆς
1535 1220 1895 1295 βρεφοτοκίας
1917 1235 1934 1252 ⁸

474 1319 628 1373 Ἐπεὶ
663 1317 709 1372 δ’
741 1319 769 1371 ὁ
804 1318 994 1388 χρόνος
1026 1314 1253 1376 ἐπιστάς
1276 1313 1335 1366 ὃν
1357 1311 1557 1383 ὥρισεν
1594 1313 1629 1384 ή
1664 1310 1826 1380 φύσις

442 1400 703 1482 Tac-r96;
736 1411 797 1464 τὸ
839 1410 1004 1479 βάρος
1027 1407 1202 1470 ἔλυσε,
1235 1406 1434 1475 δίδυμα
1458 1403 1506 1459 δ’
1537 1400 1606 1475 ἦν
1630 1405 1698 1459 τά
1728 1403 1928 1475 βρέφη,

462 1502 577 1570 Τὴν
612 1501 711 1570 μὲν
742 1500 1036 1569 καθείρξας
1059 1496 1319 1567 ἀσφαλῶς
1348 1499 1376 1550 ὁ
1406 1495 1660 1566 βασιλεὺς
1688 1498 1930 1565 κατεῖχε,

461 1592 584 1647 Ἰτυν
618 1591 663 1645 δ’
689 1592 995 1663 ἀρτιτόκων
1026 1589 1258 1651 θάνατον
1298 1589 1549 1655 κατέγνω
1585 1587 1947 1657 βρεφυλλίω,ι,

457 1684 569 1736 Καὶ
597 1682 782 1737 δίδωσι
821 1682 891 1735 τά
915 1681 1151 1751 δύστηνα
1179 1682 1405 1752 ῥιφῆναι
1437 1679 1561 1734 καθ’
1593 1680 1824 1733 ὑδάτων.

464 1775 733 1847 Ἐῥριπτο
765 1773 829 1845 δὴ
861 1773 930 1828 τά
958 1771 1201 1843 δυστυχῆ
1225 1773 1440 1842 σκάφης
1468 1770 1620 1835 ὲντδς
1646 1768 1895 1823 τεθέντα.

472 1864 758 1926 Ἐνταῦθα,
789 1864 909 1917 θεία
954 1864 1210 1934 Πρόνοια,
1243 1852 1547 1932 κατάδηλος
1573 1858 1816 1932 ὑπῆρξεν

472 1958 538 2010 'H
569 1958 838 2029 δραστική
872 1973 966 2010 σου
987 1956 1238 2026 δύναμις,
1265 1956 1326 2009 τὸ
1354 1956 1455 2025 τῆς
1483 1953 1664 2025 χειρός
1694 1971 1788 2006 σου
1813 1952 2033 2023 κράτος.

470 2044 539 2099 Ἦ
569 2047 751 2114 σκάφη
788 2044 1207 2115 περιτρέπεται,
1247 2046 1522 2114 ριπτεῖται
1555 2044 1649 2097 καὶ
1677 2043 1745 2097 τά
1792 2041 1995 2112 βρέφη·

465 2137 686 2190 Ἐκειτο
705 2136 763 2189 δὲ
793 2135 1134 2206 κνυζούμενα
1166 2135 1261 2188 καὶ
1282 2133 1766 2204 τετελματωμὲνα.

460 2230 717 2283 Φαίνεται
748 2229 979 2283 λύκαινά
1009 2227 1175 2281 ποθεν
1216 2226 1524 2296 σπαργῶσα
1552 2226 1823 2288 νεοτόκος,

461 2321 816 2393 Βαρυνομένη
852 2321 980 2383 τοὺς
1024 2319 1263 2389 μαστοὺς
1300 2318 1395 2371 τοῦ
1428 2317 1704 2386 γάλακτος
1754 2316 1869 2379 τοῖς
1918 2315 2036 2385 ῥεί-

1838 2405 1891 2479 [0
1902 2421 2033 2475 ροις,
2078 2468 2079 2471 η

465 2503 579 2558 Καὶ
633 2504 735 2569 τάς
799 2503 967 2574 θηλάς
1026 2506 1140 2569 τοῖς
1199 2502 1433 2574 στόμασι
1490 2502 1604 2565 τοῖς
1656 2499 1766 2553 τῶν
1820 2498 2038 2570 βρεφῶν

1744 2592 2035 2666 [προσῆγε.

457 2691 570 2746 Καὶ
601 2690 693 2745 τδν
730 2689 903 2761 πηλδν
931 2690 1191 2761 ἀπέλειχε
1222 2691 1289 2761 τῇ
1328 2688 1553 2763 γλώσσῃ
1581 2683 1981 2758 φιλανθρώπως
2017 2700 2032 2717 ·

457 2777 640 2836 Ἦσαν
654 2784 763 2855 γάρ
784 2782 936 2853 σφῶν
957 2780 1248 2853 κατάπηλα
1274 2781 1343 2835 τά
1366 2780 1543 2851 κάλλη
1570 2779 1681 2833 τῶν
1703 2778 2034 2851 προσώπων.

457 2872 656 2930 Βλὲπει
687 2874 893 2947 ποιμὴν
914 2875 977 2930 τὸ
1007 2874 1257 2945 γεγονὸς,
1285 2874 1355 2929 τά
1374 2873 1551 2946 βρέφη
1586 2872 1909 2945 περισώζει,

456 3095 550 3166 qui
573 3094 844 3151 Numitori
859 3104 1076 3167 sceptra
1105 3096 1408 3167 eripuerat,
1428 3095 1583 3151 fratri
1599 3110 1700 3151 suo
1715 3097 1912 3169 majori
1942 3113 2039 3152 na-

459 3185 801 3258 tu.Cumque
817 3198 1036 3258 gentem
1057 3188 1232 3258 ipsius
1262 3187 1575 3243 universam
1608 3186 1832 3243 abolere
1850 3188 2035 3253 vellet,

1559 380 1845 442 CONSTA
1856 381 2076 443 NTINI
2115 382 2491 444 MANASSIS

3610 374 3722 444 980

2066 499 2111 553 Α
2158 491 2389 558 Ἀπάγει
2421 491 2557 559 πρὸς
2589 488 2687 561 τὴν
2718 488 2990 562 γαμετὴν,
3021 490 3265 562 εὑρίσκει
3298 489 3687 560 δυσθυμοῦσαν

2145 585 2268 638 Ὀτι
2298 583 2492 652 νεκρὸν
2522 583 2777 649 ἀπετεκε,
2802 581 3227 655 παραμυθοῦται
3260 581 3309 616 ⁸⁸
3349 581 3585 646 τούτοις,

2144 677 2254 731 Καὶ
2280 675 2494 730 δίδωσιν
2519 676 2595 739 ὠς
2630 675 2740 729 ἴδια
2763 674 2935 730 ταῦτα
2958 676 3026 729 τά
3061 673 3235 745 βριφη
3266 673 3491 745 τρέφειν
3519 675 3589 728 ⁸¹.

2147 770 2383 838 Ἔτρεφε
2414 767 2585 822 ταῦτα
2620 768 2904 840 μητρικῶς
2935 769 3120 837 ἐκείνη
3152 767 3246 820 καὶ
3276 767 3539 836 γνησίως’

2144 861 2254 914 Kal
2284 860 2416 930 παρ’
2447 859 2669 922 ἐλπίδας
2695 860 2742 892 “
2770 862 2955 930 μήτηρ
2990 855 3059 930 ἦν
3097 857 3335 929 διδύμων
3377 858 3721 930 βρεφυλλίων

2156 951 2221 1005 Ἦ
2246 951 2350 1022 πρδ
2383 951 2582 1021 μικροῦ
2625 950 2747 1022 μηδ’
2775 952 2859 1019 ἐφ’
2891 951 2972 1005 ἐνὶ
2994 950 3156 1004 τοῦτο
3202 951 3643 1021 συγχωρηθεῖσα.

2147 1042 2335 1097 Ἀλλοι
2376 1042 2421 1096 δ’
2442 1044 2503 1096 οὑ
2533 1041 2793 1096 λύκαιναν
2839 1059 3004 1110 φασιν
3038 1040 3304 1113 ἐκθρέψαι
3333 1042 3401 1095 τά
3434 1041 3646 1101 παιδία,

2142 1135 2322 1207 Αὐτὴν
2340 1135 2396 1189 δὲ
2426 1135 2523 1206 τὴν
2550 1136 2877 1206 ὁμόλεκτρον
2905 1136 3216 1189 Φαυστύλου
3251 1135 3343 1189 τοῦ
3365 1137 3644 1202 ποιμένος.

2144 1229 2305 1293 Ἤτις
2333 1228 2512 1283 κοινὸν
2542 1228 2634 1281 τοῦ
2667 1227 2918 1297 σώματος
2951 1227 3011 1281 τδ
3040 1228 3233 1291 κάλλος
3260 1227 3563 1294 ποιουμένη

2143 1321 2335 1377 Λοῦπα
2366 1320 2785 1391 κατωνομάξετο
2804 1321 2851 1354 ⁸⁸
2884 1324 2949 1390 τῇ
2980 1318 3193 1391 γλώττῃ
3223 1323 3288 1391 τῇ
3325 1321 3542 1390 πατρίῳ

2145 1411 2304 1463 Ἤτοι
2336 1410 2479 1465 κατά
2502 1408 2783 1463 διάλεκτον
2824 1408 3147 1481 Ἑλληνικὴν
3185 1409 3376 1479 ἑταίρα
3405 1427 3421 1442 ο

2154 1500 2306 1552 Ἐπεὶ
2334 1499 2392 1552 δὲ
2421 1498 2516 1553 καὶ
2546 1499 2646 1571 τὴν
2672 1498 2936 1554 λύκαιναν
2971 1496 3206 1569 σύνηθες
3243 1498 3452 1552 λοῦπαν
3479 1498 3659 1567 λέγειν

2142 1589 2254 1661 Τὴν
2283 1589 2442 1660 ὓϐριν
2470 1589 2569 1660 τὴν
2593 1590 2695 1661 τῆς
2724 1589 2984 1660 γυναικός
3024 1607 3172 1649 τινες
3218 1589 3540 1661 ὲγνοηκὸτες

2142 1680 2418 1734 Λύκαιναν
2438 1677 2591 1733 εἷπον
2615 1683 2727 1744 τοῖς
2763 1680 2991 1751 μασθοίς
3030 1680 3097 1734 τά
3120 1681 3296 1752 βρέφη
3327 1681 3643 1752 διαθρέψαι.

2154 1772 2244 1837 Ὠς
2270 1771 2314 1827 δ’
2336 1768 2431 1826 οῦν
2457 1772 2553 1827 καὶ
2584 1772 2975 1843 διετράφησαν,
2997 1771 3134 1836 τὲως
3162 1774 3244 1836 είς
3270 1772 3443 1843 αὔξην
3476 1768 3643 1845 ἦλθον

2143 1864 2254 1917 Καὶ
2298 1862 2511 1935 Ῥῶμος
2535 1862 2935 1933 ὠνομάσθησαν
2964 1863 3016 1917 οί
3048 1863 3236 1928 παῖδες
3275 1864 3371 1918 καὶ
3417 1864 3721 1934 Ῥωμύλος,

2145 1954 2255 2008 Kal
2285 1953 2400 2024 βίον
2429 1950 2578 2025 εἶχον
2608 1954 2898 2026 συφορϐῶν
2925 1954 3205 2025 ἀγροίκων
3233 1955 3328 2009 καὶ
3353 1954 3646 2025 βουκόλων.

2150 2047 2374 2119 ’Δγνοίᾳ
2395 2046 2451 2100 δι
2480 2045 2804 2120 Νεμέτωρος
2833 2046 3227 2117 μανδρεύματα
3258 2045 3578 2112 κακοῦντες,

2147 2140 2243 2193 Ὃν
2266 2139 2404 2209 ιφθη
2430 2139 2825 2211 μητροπάτορα
2852 2138 3059 2193 τούτων
3085 2138 3256 2192 εἰπὼν
3278 2141 3307 2191 ὁ
3332 2137 3512 2207 λόγος,

2152 2233 2435 2287 Ἐάλωσανν
2454 2230 2831 2304 λῃστεύοντες,
2858 2229 3019 2285 τινῶν
3049 2229 3504 2302 ἔνεδρευσάντων.

2139 2322 2230 2395 Τῷ
2254 2325 2465 2396 πάππῳ
2502 2323 2913 2396 προσαχθέντες
2946 2322 3002 2377 δὲ
3047 2323 3141 2376 καὶ
3171 2322 3390 2391 γνόντες
3426 2319 3522 2375 καὶ
3570 2336 3719 2389 γνω-

3406 2410 3653 2484 [σθέντες

2140 2507 2255 2578 Τῆς
2283 2505 2569 2578 βασιλείας
2607 2504 2882 2560 Ἀλϐανῶν
2928 2505 3216 2578 Ἀμούλιον
3244 2503 3573 2576 γυμνοῦσιν,

2141 2600 2253 2654 Kal
2288 2598 2432 2667 ξίφει
2466 2595 2939 2665 κατασφάττουσιν
2979 2595 3291 2667 ἀφύλακτον
3320 2595 3598 2667 εὑρόντες,

2139 2690 2234 2762 Τῷ
2262 2691 2412 2759 σφῶν
2436 2688 2495 2743 δὲ
2519 2690 2900 2762 μητροπάτορι
2933 2689 3255 2761 χαρίζονται
3290 2688 3361 2742 τά
3390 2688 3672 2759 σκῆπτρα.

2140 2784 2365 2848 Τούτοις
2387 2783 2415 2837 ὁ
2444 2781 2671 2847 πάππος
2696 2781 2947 2847 δεδωκὼς
2986 2781 3287 2853 χρημάτων
3309 2781 3578 2851 ἀφθονίαν

2140 2877 2251 2932 Kal
2280 2876 2389 2932 πᾶν
2409 2874 2471 2930 τὸ
2491 2872 2940 2946 συμϐαλλόμενον
2980 2874 3189 2946 πέμπει
3211 2875 3350 2947 πρὸς
3375 2872 3655 2928 ἀποικίαν.

3396 2964 3554 3022 Vers.
3586 2963 3728 3021 1619

2139 3109 2389 3167 fantibus
2418 3109 2573 3165 hisce
2603 3106 2808 3164 oblatis
2853 3106 3086 3171 solatur,
3129 3119 3271 3175 quos
3306 3119 3536 3159 suorum
3572 3103 3719 3159 libe-

2141 3218 2263 3257 rum
2287 3202 2411 3258 loco
2437 3199 2719 3257 educaret.
2751 3198 2844 3253 Illa
2867 3213 2997 3253 vero
3032 3203 3281 3252 materna
3314 3195 3551 3266 quadam
3596 3194 3728 3249 illos

457 3278 571 3334 filio
601 3255 787 3333 fratris
812 3255 1109 3333 interfecto
1146 3276 1314 3333 ﬁliam
1349 3277 1462 3333 fani
1491 3277 1669 3334 Vesta:
1694 3275 2035 3332 sacerdotem
2064 3255 2107 3314 (ἶ
2141 3255 2671 3363 ρξέίεξξξογηριεη
2701 3288 2963 3359 deinceps
2992 3287 3148 3353 ιιιυίι,
3180 3303 3305 3343 cum
3330 3255 3541 3358 ἰιι-αξιοι-
3567 3300 3724 3354 spem

456 3372 610 3428 fecit.
637 3373 773 3428 Erat
797 3383 981 3426 autem
1011 3369 1393 3441 praescriptum
1422 3369 1638 3441 legibus
1665 3377 1725 3424 ut
1765 3367 2039 3441 ejusmodi

456 3460 775 3516 sacerdotes
805 3460 1039 3515 vestales
1072 3458 1392 3529 pudicitiam
1418 3458 1842 3531 castitatemque
1880 3473 2037 3514 suam

459 3565 850 3610 conservarent
869 3561 923 3607 et
947 3551 1183 3623 virgines
1203 3551 1433 3608 Veneris
1452 3560 1706 3622 expertes
1728 3554 2035 3606 manerent.

458 3644 633 3717 Igitur
677 3643 879 3699 accidit
921 3641 1217 3713 aliquando
1240 3652 1301 3697 ut
1335 3642 1483 3697 illam
1520 3642 1589 3697 ad
1635 3642 1815 3697 lucem
1853 3640 2040 3697 Martis

460 3733 833 3789 ambulantem
897 3732 1119 3803 quidam
1197 3733 1485 3790 invaderet
1542 3731 1791 3803 vitioque
1843 3730 2039 3802 puellae

459 3824 645 3883 oblato
675 3823 952 3896 gravidam
978 3823 1255 3880 redderet.
1284 3824 1361 3881 Ea
1384 3840 1442 3880 re
1464 3825 1681 3897 cognita
1718 3838 1811 3877 rex
1841 3823 2039 3893 puella:

460 3923 689 3985 patruus
737 3915 885 3970 illam
942 3915 1208 3971 custodiri
1262 3916 1500 3980 curavit,
1546 3913 1723 3971 donec
1785 3910 2035 3984 pariendi

462 4016 680 4078 tempus
728 4006 1069 4078 appetiisset.
1110 4006 1169 4062 ld
1202 4022 1327 4063 cum
1355 4008 1422 4063 de
1468 4016 1679 4063 naturae
1711 4005 2038 4075 praescripto

462 4095 702 4162 adesset,
739 4097 1002 4167 gemellos
1057 4097 1147 4152 illa
1185 4098 1420 4169 peperit.
1474 4096 1594 4163 Quo
1637 4095 1784 4150 facto
1813 4103 2034 4164 neptem

460 4204 619 4243 suam
647 4204 742 4261 rex
780 4190 1046 4245 inclusam
1078 4200 1225 4245 arcta
1262 4191 1319 4245 in
1364 4189 1615 4246 custodia
1658 4188 1917 4254 detinuit,
1952 4188 2035 4241 in-

458 4279 705 4335 fantibus
721 4280 785 4334 ad
810 4288 1041 4336 mortem
1073 4280 1385 4348 destinatis,
1413 4281 1679 4335 mandans
1699 4289 1757 4335 ut
1786 4281 1840 4335 in
1866 4296 2039 4350 aquas

458 4372 657 4442 abjecti
681 4382 1029 4429 necarentur.
1062 4372 1170 4444 33
1199 4374 1387 4443 Itaque
1420 4373 1617 4429 miselli
1646 4375 1940 4444 quamdam
1980 4371 2035 4427 in

457 4465 716 4537 scapham
748 4463 988 4536 impositi
1014 4464 1372 4536 abjiciuntur.
1414 4463 1520 4519 Sed
1555 4465 1741 4520 divina
1772 4465 1865 4522 hic
1898 4465 2035 4521 Pro-

2139 3382 2500 3453 gemellorum
2552 3380 2696 3438 facta
2736 3396 2939 3451 parens
2980 3381 3196 3447 fuisset,
3233 3393 3355 3450 quae
3406 3394 3513 3434 non
3546 3377 3729 3433 multo

2139 3484 2269 3530 ante
2291 3474 2398 3529 hoc
2420 3473 2662 3529 nominis
2690 3488 2759 3528 ne
2798 3474 2852 3528 in
2901 3487 3013 3527 uno
3055 3472 3282 3543 quidem
3321 3470 3589 3542 consequi
3617 3486 3724 3541 po-

2138 3571 2340 3619 tuerat.
2380 3561 2486 3617 Alii
2526 3561 2748 3617 tradunt
2774 3576 2883 3616 non
2910 3562 3094 3630 lupam
3121 3561 3222 3615 hos
3262 3560 3504 3616 infantes
3539 3561 3726 3614 nutri-

2139 3656 2310 3720 visse,
2338 3655 2434 3711 sed
2471 3655 2648 3725 ipsam
2678 3654 2926 3710 Faustuli
2972 3653 3209 3723 pastoris
3249 3652 3564 3723 conjugem,
3599 3666 3727 3719 qua:

2138 3756 2430 3819 propterea
2461 3746 2608 3817 quod
2645 3745 2895 3816 corporis
2934 3746 3017 3801 sui
3059 3744 3293 3800 formam
3320 3745 3485 3815 vulgo
3516 3743 3725 3813 prosti-

2142 3845 2344 3901 tueret,
2400 3846 2629 3907 paterna
2676 3836 2935 3906 gentibus
2985 3835 3096 3890 illis
3135 3836 3322 3906 lingua
3376 3834 3504 3904 lupa
3556 3832 3729 3888 fuerit

2139 3914 2435 3995 appellata,
2478 3941 2584 3995 qua
2627 3940 2763 3980 voce
2793 3932 2975 3979 scorta
3015 3923 3324 3993 nuncupari
3370 3923 3722 3986 consuerint,

2138 4029 2195 4073 et
2218 4017 2360 4087 lupae
2394 4016 2674 4082 similiter,
2714 4017 2973 4087 ambigua
2998 4016 3257 4071 nimirum
3291 4014 3723 4085 significatione.

2138 4108 2422 4173 Nonnulli,
2462 4107 2609 4178 quod
2652 4106 2871 4163 femina:
2897 4108 3258 4178 petulantiam
3312 4106 3587 4177 cognitam
3621 4107 3723 4160 hac

2140 4200 2409 4260 bnissent,
2441 4199 2626 4269 lupam
2658 4199 2922 4254 uberibus
2953 4200 3070 4253 suis
3113 4198 3354 4253 infantes
3387 4198 3491 4252 hos
3519 4199 3727 4253 aluisse

2143 4291 2531 4362 prodiderunt.
2571 4291 2938 4361 Posteaquam
2978 4289 3198 4346 educati
3235 4290 3488 4346 nonnihil
3530 4291 3725 4345 adole-

2144 4383 2375 4446 vissent,
2409 4381 2588 4437 indita
2630 4392 2761 4437 sunt
2790 4382 2871 4437 eis
2906 4382 3062 4437 Remi
3096 4382 3432 4451 Romulique
3476 4382 3725 4446 nomina,

2140 4476 2308 4529 vitam
2337 4473 2695 4529 subuleorum
2716 4481 2773 4528 et
2800 4473 3168 4529 bubulcorum
3205 4481 3478 4544 agrestem
3507 4473 3729 4544 agenti-

459 4552 703 4611 videntia
748 4563 1043 4626 conspecta
1098 4564 1205 4622 est,
1247 4556 1479 4626 ejusque
1520 4571 1718 4612 manus
1750 4566 1807 4612 et
1846 4555 2035 4611 ellieax

2142 4565 2265 4619 bus.
2313 4564 2562 4634 Cumque
2607 4580 2707 4635 per
2753 4564 3122 4635 ignorantiam
3178 4564 3487 4621 Numitoris
3539 4566 3728 4621 caulas

458 4645 685 4703 omnino
728 4647 813 4702 vis
860 4645 1162 4704 declarata.
1207 4645 1346 4702 Nam
1392 4661 1585 4702 eversa
1632 4647 1837 4717 scapha
1877 4648 2035 4717 pueri

2142 4656 2458 4733 affecissent
2483 4656 2839 4722 detrimento,
2872 4672 3039 4726 quem
3067 4658 3177 4728 jam
3219 4671 3409 4712 rumor
3427 4665 3548 4712 erat
3575 4658 3727 4726 ipso-

458 4755 679 4812 quoque
710 4739 936 4796 fuerunt
973 4738 1155 4810 ejecti.
1180 4739 1426 4811 Cumque
1450 4740 1674 4796 roderet
1705 4756 1800 4797 eos
1839 4742 2041 4797 humor

458 4841 515 4888 et
529 4848 774 4897 caenum,
809 4833 864 4888 in
887 4848 999 4904 quo
1014 4832 1295 4904 jacehant,
1325 4832 1531 4888 accidit
1558 4841 1618 4887 ut
1656 4833 1915 4890 alicunde
1944 4849 2040 4889 ve-

457 4925 616 4999 niens
642 4926 769 4995 lupa
798 4925 940 4981 lacte
970 4934 1216 4997 turgens,
1245 4938 1369 4993 quae
1389 4939 1499 4979 non
1532 4923 1605 4980 ita
1634 4923 1850 4997 pridem
1874 4939 2039 4996 pepe-

458 5026 631 5083 rerat,
656 5017 890 5087 ideoque
911 5018 1072 5072 lactis
1091 5017 1247 5085 copia
1272 5017 1626 5087 gravabatur,
1653 5017 1823 5074 ubera
1856 5019 2038 5073 infan-

458 5118 575 5166 tum
604 5108 796 5165 oribus
820 5109 1467 5180 admoveret,ipsumque
1488 5109 1662 5164 lutum
1695 5112 2032 5183 perbeni‘gne

459 5199 783 5275 ablingeret,
833 5216 943 5271 quo
991 5210 1150 5257 erant
1202 5203 1423 5259 illorum
1485 5218 1581 5260 ora
1624 5201 1929 5259 deformata
1978 5214 2031 5259 et

463 5291 655 5346 oblita.
700 5290 862 5348 Forte
903 5302 1092 5363 pastor
1124 5294 1352 5366 quidam
1392 5296 1496 5351 hac
1525 5311 1585 5350 re
1615 5304 1913 5365 conspecta
1947 5297 2035 5351 in-

458 5382 670 5437 fantum
689 5383 851 5440 saluti
880 5387 1136 5454 consulit,
1162 5386 1229 5443 ad
1260 5404 1489 5445 uxorem
1517 5404 1615 5444 eos
1648 5404 1804 5444 suam
1829 5388 2033 5453 defert,

460 5490 624 5544 quam
662 5490 808 5543 aegro
863 5477 1110 5534 affectam
1158 5481 1345 5537 animo
1390 5481 1627 5551 reperit,
1662 5481 1811 5552 quod
1859 5480 2036 5537 infan-

467 5579 578 5625 tcm
608 5577 887 5626 mortuum
911 5571 1194 5631 edidisset.
1233 5571 1384 5631 [latio
1411 5573 1531 5628 e'us
1554 5574 1927 5629 calamitatem
1951 5574 2035 5628 in-

2140 4762 2261 4802 rum
2295 4762 2458 4801 avum
2495 4757 2807 4803 maternum
2839 4761 2984 4811 esse,
3014 4746 3069 4801 in
3098 4746 3207 4800 illis
3242 4746 3549 4801 latrociniis
3573 4747 3723 4816 capti

2136 4847 2267 4896 sunt
2310 4855 2340 4895 a
2378 4839 2683 4904 nonnullis,
2730 4839 2825 4908 qui
2870 4840 2954 4895 eis
2990 4839 3221 4894 insidias
3262 4847 3605 4893 struxerant.
3637 4839 3723 4893 Ad

2135 4945 2299 4985 avum
2324 4930 2598 4999 perducti.
2628 4940 2686 4986 et
2718 4930 2866 4985 ultro
2893 4929 3144 4999 citroque
3175 4928 3403 4997 cogniti,
3438 4927 3722 4981 Amulium

2136 5038 2247 5077 non
2281 5032 2492 5077 tantum
2517 5023 2729 5078 Albano
2766 5037 2933 5092 regno
2954 5021 3216 5091 Spoliant,
3252 5020 3349 5076 sed
3381 5019 3546 5074 etiam
3577 5017 3725 5071 ferro

2141 5113 2467 5167 destitutum
2502 5130 2531 5167 a
2563 5112 2897 5168 satellitibus
2944 5111 3301 5173 obtruncant,
3353 5124 3567 5178 suoque
3618 5123 3725 5161 avo

2140 5217 2394 5263 materno
2421 5219 2637 5277 sceptra
2665 5206 2987 5262 restituunt.
3014 5203 3065 5260 Is
3089 5220 3219 5260 vero
3239 5219 3362 5258 cum
3390 5216 3615 5272 magnas
3640 5200 3726 5255 eis

2139 5316 2273 5369 opes
2327 5308 2491 5369 atque
2544 5298 2807 5370 pecunias
2861 5297 3094 5367 largitus
3148 5295 3366 5357 fuisset,
3417 5294 3724 5348 instructos

2137 5391 2354 5447 cunctis
2380 5391 2546 5446 rebus
2580 5390 2908 5445 necessariis
2932 5387 3001 5442 ad
3034 5385 3413 5441 deducendam
3443 5383 3720 5439 coloniam

2139 5481 2373 5553 ablegat.
2418 5481 2597 5547 Quare
2625 5480 2839 5537 delatus
2878 5475 2948 5554 ad
2992 5475 3258 5547 oppidqu
3291 5474 3571 5545 quoddam
3605 5473 3724 5529 Βοο

2139 5575 2342 5641 mulus,
2373 5573 2462 5629 cui
2492 5572 2686 5631 Palatii
2718 5587 2919 5628 nomen
2941 5577 3093 5626 esset
3120 5569 3190 5625 ab
3217 5574 3443 5624 auctore
3460 5564 3718 5633 Palanto,

1647 5690 1851 5751 Varias
1879 5688 2185 5753 lectiones
2228 5695 2289 5752 et
2336 5696 2524 5752 notae.

539 5799 593 5879 ⁸9
617 5804 923 5880 θυγατέραν
956 5811 1024 5870 Α.
1099 5812 1144 5845 ⁸⁸
1176 5811 1627 5886 παραμυθεῖταιιῖ
1699 5814 1743 5845 ³⁸
1816 5814 2002 5885 φέρειν
2028 5815 2093 5869 Δ.
2172 5814 2217 5846 ⁸¹
2250 5812 2438 5867 ἐλπίδα
2469 5812 2534 5868 R.
2610 5812 2659 5846 ⁸³
2689 5808 3119 5882 μετονομάζεται
3143 5810 3209 5863 Δ.
