4136 6420
416 530 481 582 '0
508 524 643 596 γοῦν
684 523 973 593 Ῥωμύλος
1006 523 1291 595 παρελθὼν
1314 525 1409 579 ἐπί
1446 542 1571 579 τινα
1601 525 1863 596 πολίχνην

423 618 560 674 ’Δπὺ
584 615 681 670 τοῦ
703 615 931 670 κτίστου
956 615 1237 679 Πάλαντος
1267 615 1539 670 Παλάτιον
1571 616 1866 686 κληθεῖσαν

411 713 492 765 Τὸ
525 710 712 780 σχῆμα
735 707 798 761 τὸ
832 708 933 778 τῆς
963 708 1173 771 πόλεως
1205 709 1387 762 ἐκεῖσε
1415 708 1732 779 διαγράφει,

417 804 661 874 Ἀῥρενα
698 799 907 868 ταῦρον
950 800 1222 870 καρτερὸν
1258 801 1353 853 καὶ
1402 800 1637 870 δάμαλιν
1677 798 1965 866 συζεύξας,

410 887 517 946 Ὦ)
546 894 576 946 6
610 891 710 962 μέν
734 890 945 960 ταῦρος
984 891 1170 944 ἔνευεν
1223 891 1331 956 ἔξω
1357 893 1494 963 πρὸς
1525 893 1586 945 τὸ
1615 892 1820 955 πεδίον,

422 984 493 1038 Ἦ
519 985 693 1055 τούτῳ
727 983 1046 1051 συζυγοῦσα
1078 983 1135 1037 δέ
1165 982 1401 1052 δάμαλις
1437 984 1576 1054 πρὸς
1607 983 1707 1055 τὴν
1748 985 1927 1039 πόλιν.

414 1074 773 1145 Συμϐολικῶς
797 1073 844 1126 δ’
879 1072 1155 1144 ἐπηύχετο
1196 1074 1478 1145 Ῥωμύλος
1503 1076 1593 1130 διὰ
1618 1078 1828 1131 τούτων

412 1168 556 1230 Tm);
583 1166 782 1238 ἄνδρας
816 1166 917 1235 μὲν
940 1167 1055 1228 τοῖς
1076 1164 1277 1231 ἔξωθεν
1306 1167 1554 1236 γίνεσθαι
1584 1169 1632 1203 ⁵⁵
1651 1169 2001 1239 φρικαλέους,

411 1257 529 1321 Τάς
577 1258 636 1310 δέ
665 1259 936 1325 γυναῖκας
969 1256 1174 1312 ἔσωθεν
1208 1258 1472 1330 γονίμους
1509 1261 1896 1331 χρηματίζειν,

413 1350 622 1411 Πιστὰς
652 1348 941 1418 μενούσας.
978 1350 1266 1421 οἰκουροὺς
1295 1351 1389 1404 καὶ
1428 1352 1679 1421 φύλακας
1701 1355 1811 1410 τῶν
1831 1355 2001 1411 ἔνδον.

415 1440 652 1493 Ἔπειτα
683 1439 855 1510 βῶλον
879 1441 946 1511 τῇ
978 1442 1129 1513 χειρὶ
1154 1440 1338 1495 λαϐὼν
1370 1443 1479 1496 ἀπὸ
1505 1443 1614 1498 τῶν
1643 1445 1749 1511 ἔξω

415 1530 607 1583 Ἐνδον
637 1530 822 1601 ῥιπτεῖ
849 1530 951 1600 τῆς
978 1532 1209 1597 πόλεως,
1242 1533 1540 1604 εὐχόμενος
1574 1536 1835 1602 ἐπαύξειν

418 1620 506 1676 Τά
533 1621 839 1693 πράγματα
863 1624 963 1692 τῆς
992 1623 1203 1684 πόλεως
1230 1624 1338 1678 άπὸ
1362 1627 1473 1679 τῶν
1500 1627 1823 1695 ἀλλοτρίων.

410 1714 528 1766 Kal
555 1713 730 1767 ταῦτα
758 1714 1083 1785 διαθέμενος
1115 1715 1172 1768 ἐν
1202 1716 1466 1786 σάλπιγγι
1500 1720 1761 1789 σημαίνει

409 1807 529 1877 Τὴν
575 1806 773 1875 κλῆσιν
810 1806 913 1878 τὴν
952 1808 1059 1877 τῆς
1087 1809 1317 1875 πόλεως,
1350 1811 1449 1865 καὶ
1481 1810 1701 1884 Ῥώμην
1724 1813 1999 1887 ὀνομάζει.

410 1898 524 1952 Kal
550 1896 758 1968 πλῆθος
792 1895 1191 1968 συλλεξάμενος
1218 1900 1325 1955 ἀπὸ
1353 1903 1453 1972 τῆς
1477 1904 1814 1978 περιχώρου,

412 1987 672 2060 ’Δνδρας,
692 1991 991 2058 γυναῖκας,
1018 1989 1317 2062 μείρακας,
1337 1995 1718 2066 τριγέροντας,
1741 1997 2000 2070 ἐφήϐους,

419 2080 759 2144 ’ἰσοπολίτας
792 2081 979 2152 τίθησι
1014 2084 1112 2137 καὶ
1141 2084 1450 2148 κατοικίζει
1480 2086 1713 2153 πάντας.

476 2173 590 2226 Kal
613 2171 833 2245 πρῶτος
849 2167 1007 2237 οὗτος
1037 2174 1295 2245 βασιλεὺς
1323 2177 1653 2233 καθίσταται
1684 2179 2001 2251 Ῥωμαίων,

408 2265 519 2318 Kal
548 2268 690 2337 μετα
717 2266 912 2320 τοῦτον
931 2268 960 2321 6
980 2269 1233 2339 Νουμᾶς.
1259 2271 1355 2324 καὶ
1390 2272 1532 2339 μετὰ
1554 2271 1748 2327 τοῦτον
1770 2274 2000 2343 Τύλλος,

407 2352 518 2405 Kal
546 2354 663 2423 μετ’
696 2355 893 2419 αὐτοὺς
921 2356 951 2408 6
984 2358 1236 2426 Μάρκιος
1271 2361 1476 2427 ’Ἄγκος
1503 2362 1900 2434 ὠνομασμένος

411 2443 550 2517 (Τὴν
586 2447 696 2516 γάρ
728 2448 978 2520 ἀγκύλην
1007 2449 1102 2503 τοῦ
1131 2452 1291 2517 ποδὸς
1310 2450 1425 2525 εἶχε
1456 2460 1912 2530 πεπηρωμένην),

411 2539 525 2592 Kal
560 2542 680 2609 μετ’
713 2541 893 2596 αὐτὸν
901 2543 1211 2614 Ταρκύνιος
1244 2548 1501 2617 πέμπτος
1536 2551 1644 2604 άπὸ
1689 2552 1999 2623 Ῥωμύλου,

410 2633 594 2703 Μηδὲν
626 2633 776 2707 αὐτῷ
827 2629 1214 2709 προσήκουσαν
1236 2640 1429 2695 λαϐὼν
1457 2644 1558 2714 τὴν
1599 2644 1890 2715 βασιλείαν
1912 2663 1925 2677 ·

408 2726 538 2788 τοῖς
562 2728 675 2797 γάρ
708 2729 900 2782 παισὶν
926 2729 1193 2801 ὠφείλετο
1218 2734 1474 2804 Μαρκίου
1508 2735 1802 2807 βασιλέως.

408 2817 666 2888 Γαμϐρῦς
692 2819 790 2874 τοῦ
827 2822 1148 2892 Ταρκυνίου
1187 2824 1244 2878 δέ
1279 2824 1509 2892 Τύλλιος
1538 2830 1659 2899 μετ’
1692 2831 1923 2894 ἐκεῖνον,

413 2909 514 2972 ὐς
545 2910 655 2964 άπὸ
684 2906 946 2982 βρέφους,
974 2913 1050 2980 ὥς
1073 2931 1229 2984 φασι,
1261 2918 1370 2971 κάκ
1416 2917 1642 2989 πρώτης
1673 2920 1892 2990 ἡλικίας

418 2999 821 3072 Ἐπωνομάσθη
850 3004 1077 3076 Σέρϐιος
1111 3006 1188 3071 ὠς
1218 3006 1470 3078 γεγονὼς
1500 3011 1546 3043 ⁸⁵
1577 3013 1643 3065 ἐκ
1668 3011 1882 3083 δούλης·

406 3091 644 3147 Δύναται
677 3095 786 3166 γὰρ
814 3097 876 3151 τὸ
899 3097 1116 3165 σέρϐιος
1140 3100 1327 3156 δοῦλον
1361 3101 1516 3174 παρὰ
1569 3103 1888 3176 Ῥωμαίοις.

1488 409 2000 472 COMPENDIUM
2047 410 2535 475 CHRONICUM.

3579 404 3694 477 282

2033 535 2077 589 Α
2107 519 2280 589 Οὗτος
2314 525 2523 595 συνῆψε
2546 525 2647 588 τὰς
2678 524 2844 580 αότοῦ
2876 525 3015 598 πρὸς
3044 525 3225 596 γάμον
3255 525 3568 596 θυγατέρας

2110 620 2236 682 Τοῖς
2270 617 2538 688 βασιλέως
2572 619 2788 681 υἱωνοῖς
2821 618 3052 672 Λευκίου
3087 618 3425 689 Ταρκυνίου,

2105 705 2317 780 *Ωνπερ
2346 711 2473 780 μιᾶς
2504 709 2768 779 ἐπιϐουλῇ
2790 710 2837 744 ⁸⁸
2864 711 2960 763 καὶ
2992 711 3180 781 τρόπῳ
3208 711 3481 780 μιαιφόνῳ

2108 800 2220 852 Kal
2252 800 2352 868 τῆς
2383 799 2529 870 ζωῆς
2554 800 2651 852 καὶ
2678 799 2780 867 τῆς
2805 801 2979 871 ἀρχῆς
3011 802 3039 852 6
3066 800 3237 863 τάλας
3273 803 3566 871 ἐστερήθη.

2106 889 2217 944 Kal
2254 890 2374 958 μετ’
2412 888 2577 944 αὐτὸν
2600 891 2906 959 Ταρκύνιος
2930 892 2959 942 6
2986 891 3298 960 Σούπερϐος
3334 893 3630 961 κατῆρξεν,

2111 982 2208 1046 ’ος
2232 986 2680 1055 προσφερόμενος
2710 984 2880 1055 ὠμῶς
2907 985 3004 1037 καὶ
3027 983 3497 1055 φιλυπερηφάνως

2105 1075 2219 1129 Kal
2249 1078 2316 1147 τῇ
2351 1075 2514 1148 βουλῇ
2543 1078 2636 1130 καὶ
2666 1076 2745 1146 τῷ
2778 1076 2944 1146 κοινῷ
2978 1075 3289 1145 Σούπερϐος
3316 1076 3601 1147 ἐπεκλήθη
3625 1078 3692 1115 ³⁷·

2105 1169 2212 1222 Τὸν
2240 1169 2286 1222 δ’
2308 1169 2546 1235 ἀλαζόνα
2579 1170 2711 1238 παρ’
2744 1169 2932 1235 αύτοῖς
2960 1170 2993 1238 ἡ
3020 1168 3168 1233 λέξις
3196 1169 3518 1237 ἐρμηνεύει.

2105 1260 2252 1330 Πρὸς
2298 1260 2489 1313 τοῦτον
2517 1260 2611 1315 τὸν
2643 1259 2951 1332 Ταρκύνιον
2991 1260 3220 1328 ἀφίκετο
3246 1261 3383 1327 γυνή
3416 1277 3501 1324 τις

2109 1352 2332 1414 Βίϐλους
2360 1353 2513 1405 ἐννέα
2541 1353 2783 1422 φέρουσα
2806 1351 3073 1422 χρησμῶν
3094 1351 3205 1404 τῶν
3231 1352 3586 1416 Σιϐυλλείων,

2120 1443 2539 1515 ’Δπεμπολῆσαι
2567 1444 2614 1498 δ’
2645 1442 2804 1515 ἤθελε
2834 1442 2911 1515 τῷ
2940 1443 3155 1512 βασιλεῖ
3180 1444 3277 1505 τάς
3323 1444 3564 1512 βίϐλους.

2106 1537 2264 1590 Ἐπεὶ¹
2293 1536 2349 1590 δὲ
2381 1536 2443 1590 τὸ
2470 1536 2807 1608 ζητούμενον
2838 1537 3046 1599 ἐκεῖνος
3074 1536 3177 1589 οὐκ
3213 1535 3411 1597 ἐδίδου,

2109 1629 2249 1700 Πυρὶ
2286 1627 2387 1691 τὰς
2410 1632 2560 1699 τρεῖς
2594 1628 2919 1698 κατέφλεξε,
2957 1629 3054 1682 καὶ
3083 1629 3246 1682 πάλιν
3284 1625 3660 1698 προσελθοῦσα

2108 1717 2290 1787 Τιμῆς
2320 1717 2521 1771 ἐπώλει
2544 1718 2645 1787 τῆς
2677 1718 2849 1787 αὐτῆς
2879 1719 2979 1782 τὰς
3014 1717 3551 1785 καταλελειμμένας.

2120 1809 2262 1861 Ἀλλ’
2286 1808 2462 1875 ἔδοξεν
2488 1808 2747 1873 ἀσύνετος
2775 1812 2833 1863 ἐν
2860 1809 3036 1881 τούτῳ
3073 1812 3183 1871 τοῖς
3211 1807 3504 1879 παροῦσιν,

2037 1877 2079 1932 Β
2106 1898 2217 1951 Kal
2246 1897 2415 1951 πάλιν
2440 1899 2592 1968 τρεῖς
2632 1877 3018 1968 πυριφλεγεῖς,
3044 1877 3307 1965 ἐγένοντο
3325 1897 3432 1949 τῶν
3470 1895 3692 1965 βίϐλων.

2104 1983 2311 2040 Ἦλθεν
2335 1988 2401 2041 ἐκ
2429 1987 2614 2058 τρίτου
2642 1989 2778 2060 πρὸς
2802 1987 2987 2051 αὑτὸν,
3019 1986 3113 2039 καὶ
3135 1987 3233 2055 τῆς
3259 1987 3426 2055 τιμῆς
3450 1986 3548 2054 τῆς
3571 1984 3695 2051 ίσης

2106 2076 2216 2142 Τὰς
2271 2080 2424 2150 τρεῖς
2477 2079 2652 2133 ἐδίδου
2700 2078 2801 2142 τάς
2860 2077 3083 2140 λοιπάς.
3157 2076 3463 2147 Θαυμάσας
3504 2075 3550 2128 δ’
3603 2062 3698 2125 ἐπὶ

3379 2166 3617 2240 [τούτοις

2114 2267 2177 2321 Ὅ
2207 2265 2481 2337 βασιλεὺς,
2512 2264 2610 2318 καὶ
2644 2263 2893 2333 μάντεων
2926 2262 3236 2333 πυθόμενος
3266 2259 3533 2330 ὠκίμων,

2117 2359 2404 2412 Ἐκὲλευσε
2433 2359 2501 2427 τῇ
2534 2358 2761 2426 γυναικὶ
2788 2358 3008 2429 δοθῆναι
3035 2358 3095 2410 τὸ
3124 2354 3349 2425 χρυσίον
3369 2392 3383 2407 .

2104 2450 2217 2525 Τὴν
2238 2453 2295 2505 δὲ
2329 2449 2601 2505 λαϐοῦσαν
2632 2450 2693 2527 το
2716 2450 2890 2509 δοθὲν,
2918 2448 3014 2501 καὶ
3044 2448 3163 2516 μετ’
3197 2443 3521 2515 ἐπιμελείας

2104 2542 2307 2613 Τηρεῖν
2335 2543 2433 2606 τὰς
2463 2541 2680 2612 βίϐλους
2713 2541 3027 2611 φράσασαν,
3060 2535 3202 2591 εἶδεν
3234 2537 3414 2600 οὐδεὶς
3456 2532 3646 2589 οὐκέτι
3678 2547 3694 2564 ⁸

2102 2639 2171 2690 Δί
2197 2636 2375 2705 βίϐλοι
2407 2636 2464 2689 δὲ
2515 2634 2775 2703 γεγόνασι
2805 2633 3071 2701 σωτήριοι
3096 2632 3161 2701 τῇ
3196 2630 3373 2683 πόλει.

2103 2727 2311 2784 Τούτου
2338 2726 2468 2781 ναδν
2488 2726 2803 2795 οἰκοδομεῖν
2832 2724 2890 2777 ἐν
2938 2723 3130 2795 Ῥώμῃ
3155 2721 3517 2792 βουληθέντος

2104 2819 2401 2890 Βὸθρευμα
2438 2817 2540 2888 μὲν
2561 2816 2846 2886 ὠρύσσετο
2880 2813 3163 2882 θεμέθλων
3187 2812 3470 2880 ὑπογαίων
3498 2810 3548 2843 ⁸⁸

2105 2910 2222 2978 Τῆς
2255 2910 2301 2964 δ’
2331 2907 2540 2980 ὀρυγῆς
2566 2908 2661 2961 ἐπὶ
2691 2906 2828 2960 πολὺ
2857 2905 2919 2958 τὸ
2946 2904 3110 2975 βάθος
3141 2902 3450 2974 προϊούσης

2107 3003 2325 3073 Εὑρέθη
2361 3001 2516 3055 κάτω
2546 2999 2764 3068 κεφαλὴ
2792 2999 3129 3066 νεοσφαγοῦς
3163 2995 3484 3067 ἀνθρώπου,

2102 3094 2253 3170 Αἷμα
2286 3096 2487 3168 θερμὸν
2515 3096 2612 3150 καὶ
2644 3093 2838 3166 νεαρὸν
2874 3092 3137 3163 χεόμενον
3175 3090 3456 3154 δεικνῦσα,

3360 3180 3515 3237 Vers.
3559 3179 3700 3237 1676

407 3315 640 3387 ﬁguram
682 3318 842 3374 urbis
872 3318 951 3375 ibi
986 3320 1250 3387 delineat,
1280 3324 1490 3395 junctis
1542 3342 1693 3383 mare
1745 3335 1905 3383 tauro
1944 3336 2000 3382 et
2025 3330 2069 3393 C
2102 3328 2244 3399 cipia
2291 3327 2438 3383 servi
2492 3324 2638 3395 apud
2682 3325 2962 3388 Romanos
3004 3307 3291 3376 dicuntur.
3341 3319 3510 3374 Filias
3567 3331 3701 3374 suas

401 3410 663 3480 iuvenca.
690 3410 912 3468 Taurus
951 3413 1100 3470 foras
1129 3430 1385 3486 campum
1426 3434 1628 3473 versus
1670 3421 1996 3488 spectabat:

402 3499 643 3569 juvenca
669 3518 795 3556 vero
824 3504 929 3558 sub
952 3519 1126 3558 unum
1159 3522 1285 3562 cum
1313 3523 1381 3562 eo
1406 3508 1597 3578 jugum
1639 3508 1885 3575 redacta,
1911 3525 1999 3563 rc-

406 3592 683 3661 spiciebat
709 3594 925 3649 urbem.
952 3595 1069 3663 Qua
1093 3598 1331 3668 pictura,
1350 3615 1450 3655 ceu
1478 3600 1625 3655 notis
1645 3600 1999 3669 quibusdam,

402 3679 682 3737 innuebat
707 3694 903 3755 optare
931 3701 991 3741 se
1017 3687 1289 3743 Romulus
1324 3697 1387 3745 ut
1430 3689 1714 3744 extraneis
1747 3689 1855 3743 viri
1889 3688 2002 3744 for-

405 3772 705 3830 midabiles
749 3786 961 3844 essent,
1005 3778 1226 3835 feminze
1260 3795 1393 3834 vero
1435 3779 1587 3835 domi
1622 3781 1874 3837 fecundae
1916 3782 1998 3837 fo-

406 3874 555 3929 rent,
583 3866 693 3938 35.
725 3868 845 3923 suis
885 3870 1101 3925 maritis
1150 3871 1294 3937 ﬁdae,
1329 3872 1742 3929 observatrices
1772 3875 1999 3940 mdium,

403 3974 717 4030 earumque
767 3977 954 4016 rerum
1002 3965 1262 4020 custodes
1304 3981 1428 4035 quae
1474 3981 1563 4021 res
1607 3967 1823 4023 aedibus
1856 3969 2004 4024 exsi-

406 4058 589 4106 stunt.
639 4051 772 4108 Post
822 4054 942 4109 haec
972 4054 1187 4125 glebam
1236 4057 1587 4113 extrinsecus
1615 4059 1896 4129 jacentem
1945 4061 2002 4115 in

407 4160 639 4199 manum
664 4158 936 4215 sumptam
966 4146 1021 4201 in
1051 4147 1246 4203 urbem
1278 4150 1539 4221 conjecit,
1567 4158 1699 4205 voto
1732 4160 2004 4221 concepto

407 4247 475 4290 ut
502 4251 573 4291 ex
595 4235 792 4293 alienis
827 4236 945 4293 haec
984 4252 1074 4293 res
1099 4239 1322 4308 publica
1366 4240 1775 4298 incrementum
1806 4257 2000 4298 sume-

407 4337 519 4384 ret.
565 4329 780 4396 Quibus
822 4330 899 4387 ita
947 4333 1207 4401 peractis,
1247 4335 1407 4405 signo
1438 4335 1571 4390 tuba
1625 4335 1756 4391 dato
1800 4351 2002 4391 nomen

408 4421 573 4477 urbis
614 4423 817 4487 edidit,
854 4434 917 4478 ut
948 4423 1119 4478 Roma
1153 4437 1596 4497 nuncuparetur.
1646 4427 1904 4499 Cumque
1934 4427 2005 4482 de

409 4515 667 4571 ﬁnitimis
723 4517 1049 4589 regionibus
1105 4518 1396 4574 hominum
1457 4520 1702 4586 turbam,
1753 4521 2002 4577 virorum

407 4614 648 4680 scilicet,
673 4616 993 4677 mulierum,
1019 4616 1458 4683 adolescentium,
1488 4633 1685 4674 senum
1705 4618 2004 4689 juvenum-

2029 4661 2083 4721 D

2103 3423 2170 3479 L.
2212 3420 2502 3491 Tarquinii
2535 3410 2680 3489 regis
2707 3416 3006 3488 nepotibus
3031 3424 3265 3484 nuptum
3290 3411 3465 3467 dedit.
3494 3411 3723 3465 Earum’

2106 3517 2273 3572 unius
2293 3514 2509 3571 insidiis
2538 3521 2597 3567 et
2619 3520 2857 3567 cruento
2898 3508 3135 3566 consilio
3165 3509 3336 3561 miser
3368 3504 3539 3560 vitam
3568 3518 3696 3557 cum

2106 3626 2274 3681 regna
2307 3608 2515 3662 amisit.
2555 3604 2793 3661 Secutus
2822 3611 2908 3658 est
2943 3618 3071 3657 eum
3117 3598 3459 3667 Tarquinius
3490 3596 3701 3665 Super-

2106 3703 2212 3758 bus
2241 3701 2296 3755 in
2340 3699 2596 3769 imperio,
2620 3697 2715 3766 qui
2747 3704 3177 3764 cognomentum
3204 3693 3312 3746 hoc
3337 3687 3579 3758 Superbi
3612 3694 3701 3741 tu-

2104 3795 2261 3861 lit-ex
2295 3808 2377 3848 eo-
2393 3791 2541 3862 quod
2573 3789 2878 3845 crudeliter
2916 3796 2972 3842 et
3014 3787 3255 3855 superbe
3290 3795 3399 3840 tam
3447 3797 3576 3850 erga
3613 3794 3702 3834 se-

2104 3895 2298 3941 natum
2335 3898 2498 3954 quam
2545 3881 2763 3951 plebem
2813 3893 2935 3933 sese
2978 3884 3200 3947 gereret
3240 3894 3253 3927 ι
3288 3887 3417 3927 nam
3471 3866 3700 3939 superbi

2105 3977 2252 4047 apud
2301 3977 2580 4030 Romanos
2618 3972 2991 4043 appellantur,
3039 3967 3133 4037 qui
3177 3974 3310 4021 sunt
3356 3968 3700 4032 arrogantes.

2106 4069 2354 4124 Accessit
2386 4065 2688 4137 aliquando
2723 4065 2926 4120 mulier
2960 4062 3236 4132 quaedam,
3283 4072 3482 4113 novem
3528 4054 3702 4108 libros

2107 4158 2507 4231 Sibyllinorum
2551 4155 2910 4210 oraculorum
2969 4152 3232 4215 aﬂ‘erens,
3291 4161 3433 4218 quos
3477 4143 3593 4214 regi
3642 4158 3702 4197 se

2106 4249 2460 4306 vendituram
2488 4247 2724 4303 diceret.
2754 4245 2893 4302 Cum
2921 4255 3107 4299 autem
3138 4243 3230 4297 ille
3266 4238 3508 4311 pretium
3534 4236 3605 4291 ab
3633 4251 3701 4289 ea

2105 4342 2443 4414 postulatum
2473 4356 2585 4395 non
2617 4340 2799 4404 daret,
2839 4340 2966 4409 igne
3000 4337 3185 4392 tribus
3201 4334 3437 4397 exustis,
3470 4343 3702 4384 rursum

2105 4450 2234 4506 rege
2261 4441 2536 4490 convento
2562 4433 2732 4504 priori
2760 4433 3067 4488 mstimatos
3110 4429 3292 4500 pretio
3321 4426 3583 4495 reliquos
3617 4420 3703 4476 εἰς

2106 4526 2231 4583 dem
2259 4524 2549 4581 oﬂ'erebat.
2580 4523 2831 4595 Cumque
2861 4538 3057 4593 parum
3095 4520 3298 4576 mentis
3325 4531 3553 4585 compos
3579 4527 3704 4568 esse

2107 4619 2392 4676 videretur
2435 4618 2507 4675 iis
2547 4618 2643 4689 qui
2689 4617 2946 4679 aderant,
2992 4617 3193 4671 iterum
3245 4624 3358 4667 tres
3416 4627 3484 4664 ex
3524 4610 3592 4663 iis
3645 4605 3702 4659 in

407 4722 523 4776 que
561 4707 899 4779 collegisset,
952 4725 1146 4765 omnes
1191 4710 1389 4766 eodem
1431 4709 1681 4766 civitatis
1741 4710 1822 4765 uti
1871 4712 1999 4782 jure
2030 4699 2082 4721 "
2108 4712 2291 4783 ignem
2324 4710 2610 4781 conjectos
2646 4707 2979 4777 absumpsit.
3006 4706 3124 4760 lloc
3158 4702 3323 4757 modo
3351 4699 3577 4754 tertium
3606 4711 3699 4749 re-

410 4799 669 4869 permisit
686 4808 743 4856 et
775 4802 833 4855 in
856 4800 1132 4858 coloniam
1169 4802 1401 4872 recepit.

482 4891 605 4946 lloc
622 4891 786 4947 modo
809 4892 1025 4963 primus
1050 4890 1320 4949 Romulus
1345 4910 1443 4950 rex
1462 4893 1845 4949 Romanorum
1878 4889 2001 4947 iuit.

408 4986 479 5053 Ei
509 4983 690 5039 Numa
717 4985 1013 5052 successit,
1045 4984 1239 5040 Numas
1282 4984 1501 5051 Tullus,
1536 4984 1699 5041 Tullo
1740 4982 2003 5047 Marcius,

408 5080 606 5135 Ancus
648 5088 1038 5149 cognomento,
1077 5079 1233 5150 quod
1274 5091 1631 5134 curvaturam
1678 5078 1856 5149 pedis,
1885 5092 2009 5147 quae

410 5171 610 5242 ancyle
656 5171 869 5227 Grecis
910 5180 1017 5235 est,
1056 5170 1374 5227 mutilatum
1415 5170 1664 5226 haberet.
1701 5171 1833 5225 Post
1865 5169 2016 5225 hunc

410 5261 666 5333 regnavit
694 5263 926 5335 quintus
955 5278 985 5324 α
1012 5246 1252 5318 Romulo
1273 5262 1632 5332 Tarquinius,
1661 5262 1873 5333 potitus
1900 5262 2008 5315 im—

406 5354 573 5425 perio
605 5354 744 5410 nihil
786 5354 856 5409 ad
901 5370 962 5413 se
1004 5355 1363 5426 pertinente:
1413 5370 1538 5409 nam
1586 5354 1773 5410 Marcii
1816 5353 2006 5410 liberis

408 5445 549 5500 illud
584 5444 914 5502 debebatur.
946 5445 1252 5517 Tarquinio
1274 5440 1735 5518 successitgéuer
1764 5446 2003 5513 Tullius,

406 5538 507 5608 qui
539 5554 571 5594 a
594 5555 791 5610 puero,
816 5555 921 5596 ceu
948 5539 1268 5610 perhibent,
1299 5556 1365 5596 ac
1400 5540 1579 5611 prima
1620 5547 1783 5595 aetate
1821 5538 2003 5595 Servii

409 5643 613 5686 nomen
639 5629 841 5686 habuit
863 5638 1126 5702 tanquam
1157 5646 1188 5686 e
1217 5645 1380 5688 serva
1402 5639 1587 5696 natus,
1613 5630 1820 5702 quippe
1843 5644 2005 5686 man-

2101 4816 2226 4872 gem
2251 4799 2389 4864 adit,
2416 4808 2475 4855 et
2502 4812 2615 4855 tres
2637 4800 2785 4855 solos
2817 4798 3045 4853 relictos
3084 4795 3137 4851 ei
3164 4809 3263 4864 pro
3288 4791 3485 4846 eodem
3518 4788 3701 4859 pretio

2104 4907 2307 4947 venum
2329 4889 2578 4961 expernit.
2624 4890 2698 4944 Ea
2727 4904 2817 4943 res
2838 4902 2965 4942 cum
2995 4886 3108 4955 regi
3137 4880 3491 4938 admirationi
3528 4885 3699 4937 esset.

2105 4985 2370 5055 probatos
2399 4989 2554 5037 vates
2589 4989 2815 5036 secutus
2848 4993 3044 5032 aurum
3082 4972 3437 5031 adnumerari
3473 4969 3700 5027 mulieri

2103 5073 2284 5146 jubet.
2318 5072 2441 5140 Quo
2473 5073 2566 5126 illa
2614 5080 2860 5141 recepto.
2891 5085 3017 5123 cum
3056 5067 3364 5121 monuisset
3403 5080 3500 5120 eos
3528 5065 3701 5119 libros

2110 5164 2409 5234 diligenter
2454 5163 2822 5218 asservandus
2861 5176 3008 5224 esse,
3075 5160 3337 5229 deinceps
3389 5173 3416 5212 a
3478 5155 3701 5211 nemine

2109 5258 2429 5315 mortalium
2464 5267 2761 5325 conspecta
2780 5264 2886 5311 est.
2919 5254 3073 5310 Libri
3104 5264 3288 5309 autem
3314 5253 3403 5308 isti
3432 5251 3703 5306 salutares

2111 5351 2237 5407 urbi
2294 5351 2540 5406 fuerunt.
2615 5348 2765 5404 Idem
2829 5348 3169 5419 Tarquinius
3228 5363 3353 5402 cum
3411 5353 3701 5400 exstruere

2111 5444 2379 5514 templum
2437 5442 2628 5498 Roma:
2672 5443 2861 5507 vcllet,
2898 5443 3126 5514 jamque
3165 5457 3267 5512 pro
3322 5433 3700 5495 sublerrareis

2112 5535 2493 5592 fundamentis
2534 5549 2786 5604 magnam
2829 5533 2898 5588 ad
2945 5533 3382 5604 profunditatem
3436 5522 3697 5581 fodiendo

2108 5636 2444 5699 perventum
2486 5625 2655 5691 foret,
2687 5625 2792 5681 sub
2825 5635 2973 5682 terra
3022 5632 3190 5697 caput
3229 5619 3471 5679 hominis
3501 5624 3698 5672 reetns

1616 5770 1822 5834 Varia;
1854 5769 2166 5835 lectiones
2213 5774 2275 5832 et
2320 5776 2511 5833 noue.

478 5874 522 5908 "
548 5873 895 5946 γενέσθαιΔ.
920 5872 1018 5963 νβ’
1048 5874 1330 5949 γεννηθεὶς
1359 5875 1425 5934 Ro
1502 5875 1547 5909 ⁸⁸
1585 5873 1780 5947 γνώμη
1807 5872 1921 5930 ΑΠ’
1998 5875 2002 5905 ¹

2103 5871 2373 5944 ινομάσθη
2404 5872 2467 5927 ll.
2549 5873 2597 5906 ⁸³
2628 5870 2898 5940 ὑπογείων
2922 5869 2989 5924 R.
