4136 6460
462 387 573 452 283

466 506 579 561 Kal.
602 505 895 579 πρόσωπον
925 505 1283 576 παρεμφερὲς
1309 504 1509 576 ἔχουσα
1534 509 1643 567 τοῖς
1669 506 1954 572 ἒμπνόοις.

466 598 650 669 Ὅπερ
671 599 860 669 μαθὼν
884 600 945 651 ὲν
973 596 1277 669 Τυρρηνοῖς
1305 598 1529 668 δόκιμος
1556 599 1900 662 τερασκόπος

472 690 617 759 Ἔφη
647 690 744 758 τὴν
784 689 937 743 πόλιν
967 688 1213 758 κεφαλὴν
1244 689 1461 743 πολλῶν
1485 688 1658 742 ὲθνῶν
1686 687 1966 756 γενέσθαι,

471 780 616 850 Πλὴν
635 780 723 834 διὰ
742 779 930 848 ξίφους
951 780 1046 833 καὶ
1064 779 1291 850 σφαγῶν
1306 781 1400 833 καὶ
1417 780 1472 832 λι
1480 777 1748 849 μνασμῶν
1769 777 2038 847 αἱμάτων.

485 872 767 926 Ἐντεῦθεν
791 874 819 925 6
842 871 1124 943 Ταρπήῖος
1154 870 1548 942 μετωνομάσθη
1580 870 1743 937 λόφος

481 964 577 1018 Ἐκ
602 946 701 1033 τῆξ
726 963 990 1034 φανείσης
1019 963 1264 1032 κεφαλῆς
1298 962 1679 1024 Καπιτωλῖνος
1706 962 1871 1030 λόφος
1895 977 1909 989 ·

472 1053 699 1108 Kanon:
732 1054 842 1125 γὰρ
869 1055 902 1123 ὴ
932 1055 1145 1123 κεφαλὴ
1176 1054 1315 1106 κατὰ
1354 1054 1643 1123 Ῥωμαίων
1673 1051 1946 1119 γλῶσσαν.

542 1144 769 1214 Χρόνοις
792 1143 890 1213 μὲν
907 1143 1000 1198 οὖν
1022 1144 1108 1213 ἐφ’
1123 1145 1328 1207 ἱκανοῖς
1347 1145 1381 1212 ἡ
1410 1142 1519 1194 τῶν
1549 1141 1839 1211 Ῥωμαίων
1863 1140 2042 1204 πόλις,

474 1234 637 1297 Πόλις
668 1234 703 1303 ἡ
732 1233 1123 1304 μεγαλόπολις,
1155 1229 1223 1304 ἦν
1255 1232 1363 1285 ὑπὸ
1388 1228 1700 1299 βασιλεῦσιν
1725 1246 1741 1262 ⁸

484 1325 639 1378 Ἐπεὶ
666 1325 724 1378 δὲ
750 1325 1141 1395 παρηνόμησεν
1161 1326 1191 1377 6
1221 1326 1351 1386 παῖς
1378 1322 1473 1377 τοῦ
1507 1322 1816 1393 Ταρκυνίου

475 1416 585 1468 Καὶ
610 1414 955 1485 Λουκρητίαν
980 1413 1179 1484 ᾔσχυνε
1218 1413 1316 1483 τὴν
1349 1413 1870 1482 σωφρονικωτάτην,

476 1502 589 1573 Τὴν
621 1504 918 1556 Κολατίνου
949 1502 1198 1572 γαμετὴν
1239 1501 1433 1571 ἀνδρὸς
1458 1501 1875 1569 εὐγενεστάτου,

392 1603 398 1607 “
476 1593 611 1648 Τότε
636 1596 698 1663 δὴ
738 1596 935 1659 πάντες
961 1596 1042 1659 εἰς
1074 1593 1239 1648 ταύτὸ
1271 1593 1532 1664 Ῥωμαῖοι
1565 1594 1911 1658 συνελθόντες

476 1688 789 1741 Κατάλυσιν
820 1687 1150 1758 ψηφίζονται
1178 1684 1272 1738 τοῦ
1303 1684 1577 1754 βασιλείου
1614 1687 1871 1755 κράτους,

476 1778 720 1850 Κυροῦσι
739 1779 797 1833 δὲ
815 1775 1220 1850 προσάλλεσθαι
1256 1776 1380 1829 κατ’
1405 1776 1528 1839 ἐτος
1561 1778 1905 1839 κονσυὶίους,

1556 390 1829 451 ΟΟΝΞΤ.)
1851 389 2066 450 ΝἸῚΗΙ
2112 390 2485 450 ΜᾹΝΑΒΒΙΞ

3604 386 3709 450 28ί

2063 504 2114 563 Α
2141 504 2311 557 Αὐτὸν
2346 505 2443 573 μὲν
2476 504 2621 572 ξίφει
2653 504 2858 570 δίδωσι,
2889 504 2985 558 καὶ
3018 505 3119 559 σὺν
3144 503 3295 574 αὐτῷ
3327 503 3421 557 τὸν
3451 505 3638 569 παῖδα,

2143 595 2390 647 Γενναῖον
2415 594 2546 648 ὄντα
2575 597 2669 649 καὶ
2703 596 2868 649 καλὸν
2902 597 2999 650 καὶ
3025 594 3278 663 ζηλωτὸν
3315 595 3375 648 ἐν
3403 597 3569 648 πᾶσιν

2141 686 2252 738 Καὶ
2280 686 2545 752 φαίνοντα
2574 686 2620 717 ⁸⁸
2661 688 3001 756 παράστημα
3034 686 3214 755 ψυχῆς
3242 686 3657 755 ἀνδρσκαρδίου,

2145 777 2262 830 Κᾶν
2290 778 2340 830 εί
2373 777 2450 847 τῷ
2493 776 2594 846 βίῳ
2630 777 2829 845 περιῆν
2859 777 2962 829 οὐκ
2992 776 3059 830 ἂν
3091 776 3475 845 ὑπομενοῦντα

2144 870 2235 937 Μὴ
2260 869 2577 939 τιμωρῆσαι
2604 868 2680 937 τῷ
2706 869 2878 939 πατρὶ
2906 869 3050 924 κατὰ
3074 869 3184 922 τῶν
3215 869 3537 922 ἀνελόντων.

2143 958 2316 1011 Αὐτὸν
2349 958 2445 1027 μὲν
2474 956 2570 1010 οὖν
2598 957 2689 1009 τὸν
2714 956 2964 1028 Μάρκιον
2991 955 3300 1026 Ταρκύνιος
3336 955 3599 1021 κτιννύει,

2146 1048 2250 1103 Τὸν
2274 1048 2322 1101 δ’
2342 1048 2499 1102 ὄλϐον
2529 1048 2885 1118 μετατίθησιν
2917 1050 2979 1103 ἐν
3005 1046 3192 1118 δόμοις
3229 1047 3545 1117 βασιλείοις.

2156 1140 2215 1194 '0
2249 1139 2483 1212 Βροῦτος
2510 1134 2666 1203 οὗτος
2692 1140 2982 1211 τοιγαροῦν
3002 1140 3128 1201 παῖς
3153 1139 3415 1208 ὑπάρχων
3443 1140 3716 1208 Μαρκίου,

2148 1234 2258 1286 Καὶ
2287 1233 2519 1287 κατιδὼν
2541 1232 2638 1302 τὴν
2663 1231 2757 1285 τοῦ
2791 1232 2996 1302 πατρὸς
3027 1232 3244 1301 σφαγὴν
3273 1231 3635 1301 ἁδικωτόιτην,

2151 1326 2258 1377 Καὶ
2292 1322 2521 1377 συνιδὼν
2547 1323 2622 1386 ὡς
2650 1323 2908 1392 νουνεχὴς
2940 1323 3024 1375 ὅτι
3061 1321 3475 1388 συγκιδυνεύσει

2150 1417 2254 1470 Σὺν
2285 1416 2326 1446 ⁸⁸
2361 1416 2438 1483 τῷ
2479 1417 2648 1483 πατρὶ
2684 1414 2780 1468 καὶ
2817 1412 3075 1480 τάδελφῷ
3107 1412 3203 1465 καὶ
3242 1412 3722 1473 συναποθανεῖται,

2150 1506 2354 1576 Βουλὴν
2383 1506 2699 1576 βουλεύεται
2727 1506 2905 1573 καλήν
2923 1521 2937 1535 ·
2961 1505 3261 1556 πλάττεται
3295 1501 3405 1572 γὰρ
3433 1500 3650 1571 μωρίαν

2152 1598 2261 1651 Καὶ
2288 1598 2584 1649 σκέπτεται
2612 1597 2946 1666 παράνοιαν,
2975 1593 3272 1648 κάντεῦθεν
3294 1591 3603 1661 ἀποφεύγει

2152 1686 2227 1741 Τὸ
2251 1686 2700 1756 προσδοκώμενον
2724 1687 2914 1751 κακὸν,
2942 1686 3036 1738 τὸν
3064 1687 3129 1737 ὲκ
3158 1686 3253 1738 τοῦ
3276 1684 3468 1753 ξίφους
3493 1685 3728 1753 πότμον.

2167 1777 2446 1833 Ἐντεῦθεν
2472 1779 2866 1849 κατωνόμαστο
2886 1781 2998 1841 τοῖς
3020 1777 3280 1845 ἀγνοοῦσι
3309 1777 3567 1847 Βροῦτος⁹

480 1835 663 1941 Ὅπερ
693 1868 844 1940 δηλοῖ
860 1835 994 1922 ’καθ’
1046 1868 1317 1934 Ἕλληνας
1365 1835 1700 1936 συμϐούλους
1740 1870 1770 1939 ἢ
1819 1835 2049 1939 προδού-
2090 1835 2127 1888 Β
2155 1868 2314 1936 Δηλοί
2334 1869 2377 1919 δ’
2410 1870 2441 1939 η
2470 1868 2614 1932 λέξις
2636 1835 2726 1921 τόν
2754 1867 2937 1937 μωρὸν
2973 1835 3081 1921 καὶ.
3096 1866 3301 1937 φρένας
3321 1835 3728 1937 βεϐλαμμένον.

1908 1960 2049 2026 λους.

475 2049 584 2116 Οὓς
615 2051 874 2121 Ἕλληνες
892 2051 1184 2123 ὠνόμασαν
1236 2052 1476 2117 ὑπάτους
1507 2052 1648 2122 μετὰ
1678 2051 1876 2116 ταῦτα,

476 2143 553 2198 Τὸ
580 2143 871 2213 μεγαλεῖον
903 2146 1000 2212 τῆς
1036 2142 1217 2196 αὐτῶν
1250 2142 1404 2208 ἀξίας
1439 2144 1777 2205 κατιδόντες.

489 2233 903 2287 Ἀπελαθέντων
933 2233 1224 2301 τοιγαροῦν
1266 2235 1330 2287 ἐκ
1372 2233 1594 2305 Ῥώμης
1617 2234 1725 2289 τῶν
1753 2235 2053 2303 τυράννων,

476 2322 691 2393 Πρῶτοι
719 2322 830 2375 τῶν
869 2323 1045 2376 ἄλλων
1070 2323 1261 2378 ἔλαϐον
1289 2325 1563 2394 ὑπατικὴν
1589 2325 1751 2389 ἀξίαν

477 2411 777 2481 Ταρκύνιός
798 2428 855 2465 τε
891 2412 1145 2479 Λεύκιος,
1179 2415 1314 2482 ἀνὴρ
1351 2416 1448 2482 τῆς
1473 2414 1840 2486 Λουκρητίας,

478 2503 590 2556 Καὶ
620 2503 853 2566 Λεύκιος
893 2504 1135 2569 Ἰούνιος,
1157 2505 1216 2558 ὃν
1253 2506 1486 2576 Βροῦτον
1511 2507 1832 2561 ἐπεκάλουν.

489 2594 652 2648 Ἀλλὰ
680 2596 967 2665 διηγητέον
992 2614 1085 2667 μοι
1105 2598 1198 2651 καὶ
1232 2600 1298 2650 τὰ
1331 2602 1458 2667 περὶ
1488 2599 1584 2650 τοῦ
1630 2600 1893 2669 Βρούτου.

549 2687 800 2760 Μάρκιος
830 2685 900 2761 ἦν
931 2707 1013 2754 τις
1040 2691 1269 2762 εὐγενὴς
1294 2693 1433 2762 ἀνὴρ
1459 2692 1610 2761 παρὰ
1646 2690 1962 2763 Ῥωμαίοις,

480 2778 595 2833 Καὶ
622 2780 839 2851 πλούτῳ
868 2781 1071 2855 βρίθων
1099 2784 1340 2855 περιττῷ
1368 2786 1461 2837 καὶ
1476 2785 1540 2856 δὴ
1565 2787 1608 2819 ⁵⁹
1626 2789 1759 2857 τιμῇ
1782 2788 2047 2858 προέχων.

478 2871 664 2943 Τούτῳ
694 2872 973 2945 βαςκήνας
1012 2878 1040 2930 6
1073 2876 1246 2940 δεινὸς
1282 2876 1589 2949 Ταρκύνιος
1615 2878 1713 2933 τοῦ
1746 2878 1979 2934 πλούτου

476 3091 755 3150 interfecti
772 3110 1052 3165 repertum
1077 3105 1183 3162 est,
1217 3098 1275 3152 in
1303 3113 1417 3168 quo
1449 3098 1661 3154 calidus
1692 3101 1918 3172 jamque
1944 3103 2052 3171 pri-

476 3192 631 3238 mum
659 3186 867 3240 eﬁ’usus
896 3189 1120 3256 sanguis
1146 3190 1594 3258 conspiceretur,
1628 3197 1684 3243 et
1713 3190 1881 3245 facies
1912 3193 2052 3246 viva:
2080 3173 2123 3231 θ

476 3275 694 3329 similis.
731 3276 839 3346 35
872 3278 985 3331 Hoc
1017 3293 1140 3331 cum
1186 3279 1528 3348 prodigiator
1562 3280 1706 3350 apud
1736 3279 2057 3350 Tyrrhenos

476 3365 719 3421 celebris
741 3365 1066 3436 accepisset,
1094 3368 1283 3424 urbem
1314 3371 1541 3424 Romam
1563 3381 1730 3441 caput
1757 3373 2052 3428 multarum

477 3459 722 3528 gentium
751 3457 987 3514 futuram
1018 3459 1291 3531 praedixit,
1324 3461 1417 3516 sed
1439 3464 1659 3518 nonnisi
1694 3481 1792 3535 per
1810 3467 2045 3538 gladios,

477 3548 658 3603 caedes
677 3556 734 3603 et
760 3550 1044 3619 sanguinis
1072 3551 1396 3608 effusiones.
1443 3553 1581 3610 Ilinc
1624 3554 1832 3611 factum
1863 3569 1923 3613 ut
1948 3562 2057 3616 col-

482 3639 575 3705 lis,
608 3642 701 3709 qui
749 3652 907 3694 antea
949 3640 1223 3712 Tarpeius
1272 3643 1585 3711 dicebatur,
1637 3646 1706 3702 ab
1738 3647 1833 3702 illo
1876 3651 2057 3721 capite

477 3728 742 3799 deinceps
765 3730 1095 3801 Capitolium
1126 3745 1437 3788 vocaretur.

550 3818 677 3876 Fuit
712 3831 895 3877 autem
951 3823 1143 3893 ingens
1173 3824 1289 3880 bace
1322 3826 1696 3882 Romanorum
1728 3828 1862 3885 urbs
1894 3828 2058 3900 longo

479 3920 727 3984 tempore
767 3915 870 3970 sub
919 3931 1106 3988 regum
1157 3917 1465 3972 dominatu.
1521 3920 1882 3987 Posteaquam
1929 3936 2059 3976 vero

478 4002 765 4076 Tarquinii
804 4006 947 4062 ﬁlius
991 4008 1242 4079 improbe
1287 4025 1345 4065 se
1385 4009 1573 4080 gessit,
1604 4022 1661 4066 et
1692 4010 2056 4067 castissimum

480 4094 629 4152 illam
673 4098 1011 4164 Lucretiam,
1059 4100 1316 4156 Collatini
1354 4101 1684 4157 nobilissimi
1726 4102 1831 4157 viri
1863 4104 2059 4173 conju-

480 4205 629 4260 gem,
672 4190 919 4255 violavit,
968 4192 1197 4246 Romani
1245 4193 1450 4249 coactis
1494 4195 1738 4250 omnium
1802 4195 2057 4256 ordinum

482 4280 798 4337 hominibus
846 4284 1069 4348 regibus
1120 4299 1275 4338 suam
1324 4292 1649 4355 potestatem
1696 4287 2053 4359 abrogarunt,

481 4369 703 4426 decreto
748 4372 890 4428 facto
925 4382 986 4427 ut
1021 4373 1076 4428 in
1100 4390 1272 4430 annos
1309 4376 1553 4447 singulos
1596 4378 1854 4431 consules
1883 4379 1951 4432 ab
1992 4394 2060 4433 eo

485 4468 731 4534 tempere
769 4466 1211 4537 designarentur.
1258 4468 1333 4522 Ea
1364 4484 1468 4523 vox
1498 4479 1707 4524 tantum
1739 4474 1885 4526 valet
1914 4487 1978 4527 ac
2011 4472 2057 4527 si

2155 1960 2397 2026 Μετάγει
2434 1960 2478 1990 ⁸⁸
2511 1960 2553 2012 δ’
2582 1958 2678 2021 οὖν
2706 1957 3008 2030 Ταρκύνιος
3042 1959 3231 2011 τοῦτον
3272 1959 3332 2010 ὲν
3379 1959 3733 2026 ἀνακτόροις,

2157 2054 2197 2103 Ι(
2209 2050 2428 2119 ἥδεσθαι
2457 2051 2553 2118 μὲν
2572 2051 2647 2112 ὡς
2673 2050 2969 2117 συγγενοῦς
2999 2053 3107 2104 κὰκ
3132 2049 3239 2102 τῶν
3270 2044 3452 2102 αὐτῶν
3477 2050 3734 2118 αἱμάτων

2154 2142 2261 2195 Τυῦ
2322 2142 2558 2213 Βρούτου
2616 2140 3086 2213 προσποιούμενος
3144 2140 3241 2193 καὶ
3306 2140 3473 2209 δῆθεν
3537 2158 3735 2193 κατοι-

3436 2231 3705 2303 [κτείρων
3717 2273 3731 2293 ,

2154 2318 2227 2378 ΤΣ
2261 2324 2306 2377 δ’
2337 2322 2535 2394 ἀληθὲς
2570 2322 2895 2393 βουλόμενος
2920 2321 3310 2391 συμπαίστορα
3340 2325 3450 2385 τοῖς
3478 2322 3698 2384 τέκνοις

2154 2416 2279 2478 Τοῖς
2321 2414 2516 2467 ἑαυτοῦ
2558 2413 2882 2485 χαρίζεσθαι
2912 2411 3272 2481 ψυχαγωγίας
3302 2412 3486 2480 χάριν,

2152 2503 2247 2569 Οἷς
2283 2508 2380 2559 καὶ
2422 2506 2597 2558 συνὼν
2619 2505 2980 2575 γελοιασμοὺς
3006 2504 3101 2558 καὶ
3134 2502 3353 2566 παιδιὰς
3381 2503 3692 2573 προυξένει.

2166 2598 2608 2653 Ἀποσταλέντων
2642 2598 2698 2652 δέ
2722 2614 2851 2650 ποτε
2891 2595 3000 2649 τῶν
3029 2596 3239 2651 παίδων
3275 2595 3582 2663 Ταρκυνίου

2165 2692 2287 2746 Ἐπὶ
2314 2692 2549 2759 Δελφοὺς
2578 2691 2653 2754 ὡς
2686 2689 2981 2742 πεύσαιντο
3016 2688 3146 2756 περὶ
3178 2687 3479 2756 λοιμώδους
3512 2689 3699 2752 νόσου,

2154 2785 2262 2837 Καὶ
2288 2781 2522 2852 Βροῦτος
2548 2782 2746 2834 συνεπὲ
2757 2797 2932 2849 μπετο
2956 2779 3175 2849 τέρψων
3207 2780 3407 2843 αὐτοὺς
3428 2784 3732 2849 παιγνίοις.

2154 2872 2216 2925 Oi.
2244 2872 2341 2942 μὲν
2367 2851 2573 2924 οὖν’τὸν
2616 2870 2924 2924 Ἀπόλλωνα
2942 2868 3134 2941 δώροις
3164 2866 3492 2935 ἐδεξιοῦντο,

3388 2959 3542 3017 Vcrs.
3586 2964 3733 3017 1727

2153 3101 2408 3173 pulchro.
2433 3100 2575 3170 apud
2609 3115 2805 3156 omnes
2846 3101 3091 3161 amabili,
3124 3097 3741 3171 jamqire'tortitudiuis

2156 3195 2322 3248 animi
2361 3203 2511 3248 certa
2541 3191 2790 3261 quaedam
2828 3192 3029 3247 indicia
3055 3193 3122 3248 de
3154 3210 3211 3246 se
3250 3194 3526 3262 praebente
3554 3211 3568 3254 ;
3606 3211 3740 3263 qum

2157 3282 2273 3351 ipsa
2311 3297 2400 3337 res
2425 3283 2475 3336 ei
2516 3290 2749 3336 mortem
2788 3282 3066 3348 attulerat,
3116 3294 3394 3339 metuente
3427 3283 3741 3352 Tarquinio

2156 3389 2246 3434 ne,
2289 3374 2332 3427 si
2371 3383 2650 3444 superstes
2690 3373 3122 3442 relinqueretur,
3164 3374 3586 3444 haudquaquam
3623 3376 3738 3430 sibi

2158 3473 2492 3528 temperaret
2521 3464 2817 3533 quominus
2846 3480 2905 3518 se
2942 3464 3008 3519 de
3056 3465 3229 3533 patris
3278 3465 3744 3529 interfectoribus

2157 3556 2536 3612 ulcisceretur.
2572 3556 2689 3611 Iloc
2732 3564 2893 3626 pacto
2924 3572 3047 3612 eum
3085 3558 3345 3611 Marcium
3397 3558 3745 3628 Tarquinius

2155 3661 2187 3701 e
2211 3645 2394 3700 medio
2425 3646 2761 3710 sustulisset,
2791 3662 2924 3716 opes
2945 3648 3062 3716 ejus
3086 3646 3139 3699 in
3173 3647 3321 3702 aedes
3350 3649 3524 3718 regias
3553 3658 3738 3701 trans-

2157 3736 2284 3791 fert.
2327 3736 2574 3792 Habebat
2606 3748 2789 3791 autem
2849 3737 3086 3791 Marcius
3131 3736 3363 3790 alterum
3409 3753 3629 3806 quoque
3669 3736 3743 3790 ίί-

2158 3823 2294 3877 lium
2336 3822 2589 3887 Brutum,
2620 3824 2715 3894 qui
2760 3824 2908 3878 caede.
2948 3826 3120 3894 patris
3157 3825 3515 3896 iujustissima
3548 3828 3746 3881 consi-

2159 3914 2369 3975 derata.
2415 3913 2689 3978 simulque
2726 3915 3006 3983 sapienter
3044 3915 3429 3969 animadverso
3486 3917 3743 3974 futurum

2159 4011 2222 4057 ut
2252 4002 2394 4057 idem
2428 4019 2553 4058 cum
2581 4014 2735 4072 patre
2764 4020 2829 4059 ac
2854 4003 3022 4059 fratre
3059 4007 3254 4060 mortis
3289 4006 3592 4075 periculum
3623 4009 3746 4064 adi-

2162 4101 2267 4157 ret,
2326 4092 2617 4147 consilium
2668 4093 2828 4165 longe
2886 4093 3324 4164 pulcherrimum
3378 4099 3545 4166 capit.
3600 4098 3743 4154 Nam

2160 4187 2394 4242 stultitia
2428 4183 2761 4258 ve'saniaque
2787 4188 3065 4251 simulata,
3088 4190 3237 4258 quod
3262 4191 3580 4247 imminebat
3618 4210 3708 4251 ma
3728 4226 3747 4236 -

2160 4278 2298 4343 lum,
2334 4278 2537 4333 evadit.
2568 4279 2707 4336 Hinc
2739 4282 2883 4351 apud
2925 4282 3145 4353 ignaros
3183 4284 3390 4340 Brutus
3419 4288 3743 4355 appellaba-

2163 4376 2272 4432 tur,
2313 4383 2437 4436 qua‘.
2466 4383 2571 4421 vox
2604 4369 2833 4423 stultum
2876 4378 2933 4423 et
2958 4382 3231 4426 amentem
3267 4374 3556 4443 signiﬁcat.
3597 4372 3740 4432 Eum

2164 4458 2497 4526 Tarquinius
2540 4458 2593 4513 in
2649 4459 2851 4530 regiam
2903 4459 2970 4514 ad
3013 4477 3073 4516 se
3119 4465 3423 4528 transtulit,
3468 4468 3743 4521 simulans

483 4556 833 4612 consultores
881 4558 964 4612 vel
1020 4558 1336 4628 provisores
1388 4560 1558 4616 dicas.
1610 4561 1783 4618 Graeci
1831 4564 2053 4634 quidem

2161 4549 2385 4619 quidem
2417 4566 2475 4606 se
2500 4551 2652 4604 Bruti
2688 4566 2877 4606 curam
2907 4568 3121 4623 gerere.
3158 4555 3315 4625 cujus
3360 4557 3538 4626 ipsum
3574 4560 3745 4613 mise-

481 4642 605 4699 illos
634 4643 895 4717 deinceps
924 4648 1171 4718 hypatas.
1191 4649 1294 4704 hoc
1316 4659 1401 4704 est
1428 4665 1734 4720 supremos,
1766 4662 2052 4717 vocarunt,

481 4736 845 4806 amplitudine
896 4739 1177 4809 dignitatis
1221 4756 1414 4796 eorum
1454 4742 1822 4799 considerata.
1876 4746 2055 4802 Pulsis

481 4824 650 4897 igitur
677 4844 744 4883 ex
766 4828 903 4885 urbe
929 4832 1199 4901 tyrannis,
1231 4831 1392 4902 primi
1421 4831 1767 4887 consularem
1807 4834 2048 4905 dignita-

485 4926 648 4973 tatcm
690 4923 973 4977 consecuti
1005 4932 1135 4978 sunt
1164 4921 1226 4978 L.
1262 4924 1595 4994 Tarquinius
1637 4925 1906 4981 Lucretia
1942 4943 2055 4982 ma-

486 5008 648 5070 ritus,
697 5020 752 5065 et
794 5013 854 5067 L.
907 5013 1107 5070 Junius
1153 5025 1517 5087 cognomento
1544 5017 1784 5082 Brutus;
1837 5018 1904 5073 de
1949 5034 2058 5087 quo

485 5099 621 5154 mihi
651 5103 896 5170 quaedam
924 5107 1404 5162 commemoranda
1438 5117 1587 5162 sunt.

558 5191 793 5248 Marcius
828 5196 1051 5263 quidam
1086 5197 1267 5252 Romae
1301 5198 1385 5252 vir
1413 5200 1615 5254 nobilis
1640 5206 1781 5263 erat,
1806 5210 1912 5254 lam
1945 5201 2064 5272 opi-

490 5283 592 5339 bus
639 5300 802 5353 quam
860 5288 1124 5357 dignitate
1166 5302 1451 5359 praestans.
1507 5293 1568 5347 Ei
1617 5309 1741 5348 cum
1789 5310 1917 5348 acer
1970 5294 2063 5349 ille

487 5372 819 5444 Tarquinius
845 5376 916 5431 ob
949 5377 1268 5433 facultatum
1314 5381 1732 5449 amplitudinem
1767 5380 2059 5444 invideret,

488 5465 767 5522 hominem
817 5483 921 5522 una
947 5483 1084 5530 ,cum
1123 5468 1235 5523 lilio
1276 5471 1517 5539 perimit,
1548 5473 1749 5544 juvene
1771 5487 2060 5543 generoso,

2165 4641 2408 4696 resceret
2458 4643 2530 4704 ob
2574 4642 2791 4713 generis
2840 4645 3306 4715 prOpiuquilatem
3359 4649 3538 4717 (erant
3588 4652 3741 4705 enim

2163 4733 2356 4788 eodem
2402 4734 2507 4789 orti
2552 4734 2861 4805 sanguine),
2905 4751 3097 4806 reapse
3147 4752 3279 4791 vero
3323 4738 3582 4807 cupiebat
3608 4757 3739 4794 eum

2162 4827 2293 4882 ﬁliis
2322 4829 2435 4883 suis
2470 4827 2800 4882 collusorem
2836 4825 2991 4895 dare,
3037 4827 3105 4881 de
3140 4827 3296 4897 cujus
3335 4830 3742 4886 consuetudine

2160 4920 2496 4990 voluptatem
2524 4925 2804 4989 caperent.
2846 4918 3036 4988 Itaque
3064 4919 3391 4973 versabatur
3423 4918 3569 4974 inter
3596 4921 3742 4976 libu-

2164 5021 2258 5062 ros
2309 5007 2509 5078 regios,
2550 5007 2741 5076 eisque
2797 5006 3023 5063 ludendi
3070 5015 3125 5061 et
3175 5008 3392 5063 ridendi
3442 5012 3735 5065 materiam

2166 5096 2572 5169 suppeditabat.
2597 5096 2733 5153 Cum
2765 5107 2948 5153 autem
2989 5098 3289 5170 aliquando
3317 5099 3413 5154 lilii
3445 5100 3735 5170 Tarquinii

2165 5190 2403 5259 Delphos
2458 5188 2847 5260 ablegarentur
2899 5205 2928 5245 a
2986 5198 3167 5260 patre",
3231 5188 3351 5262 36'
3396 5192 3737 5247 sciscitatum

2164 5278 2434 5349 Apollinis
2469 5281 2754 5335 oraculum
2782 5281 2851 5336 de
2899 5281 3092 5336 morbo
3128 5283 3443 5350 pestilenta,
3488 5283 3584 5352 qui
3619 5293 3735 5338 tum

2163 5374 2536 5443 grassabatur,
2586 5376 2751 5448 etiam
2798 5376 3000 5431 Brutus
3047 5374 3129 5430 eis
3182 5376 3477 5446 adjunctus
3501 5385 3608 5444 est,
3644 5379 3742 5447 qui

2166 5466 2413 5522 ridiculis
2477 5467 2625 5537 ipsos
2672 5466 3027 5524 exhilararet.
3085 5465 3167 5521 illi
3217 5466 3454 5537 Delphos
3506 5463 3743 5537 ingressi

1677 5611 1883 5675 Varia;
1908 5610 2219 5673 lectiones
2251 5618 2314 5671 et
2356 5616 2545 5673 noue.

554 5771 612 5811 θ’
630 5776 697 5846 τῇ
725 5776 841 5831 RR.
917 5780 960 5811 ⁶⁰
986 5777 1219 5847 φέροντα
1260 5778 1323 5833 R.
1402 5782 1441 5814 ⁶¹
1480 5781 1573 5833 σὺν
1626 5783 1721 5833 καὶ
1748 5782 1811 5835 Β.

1895 5783 1939 5812 αα
1972 5782 2165 5851 ἐπάγει.
2196 5783 2240 5836 ιι
