4136 6424
506 412 614 477 28"!

1603 393 2122 458 CONSTANTINI
2161 391 2539 452 MANASSIS

3665 385 3770 450 283

510 529 710 585 Ἵππος
737 523 936 593 βοείαις
969 521 1026 572 ἐν
1074 518 1264 588 χηλαῖς
1293 515 1416 576 τοὺς
1453 511 1616 573 πόδας
1646 508 2010 578 ὡπλισμένος,
2113 510 2162 567 Λ
2187 501 2356 555 Φασῖν
2383 501 2458 564 ὡς
2481 501 2672 554 τούτου
2705 499 3011 570 προσγενὴς
3049 502 3142 552 τοῦ
3172 498 3447 570 Καίσαρος
3470 499 3638 556 Γαῖον

509 621 686 673 Μόνον
715 617 760 670 δ’
788 615 950 670 αὐτὸν
985 612 1198 680 ἐδέχετο
1226 609 1386 662 Γαῖον
1418 605 1720 673 ἀναϐάτην,

508 710 777 775 Καθάπερ
801 707 888 758 τὸν
911 701 1266 771 Ἀλέξανδρον
1289 701 1456 760 ἵππος
1484 700 1510 750 ό
1534 693 1904 762 Βουκεφάλας.

577 796 760 862 Τούτῳ
786 794 861 863 τῷ
893 795 1131 862 Καίσαρι
1152 787 1337 843 καινδν
1365 786 1604 841 τοιοῦτόν
1627 803 1678 838 τι
1701 785 1920 854 συνέϐη.

509 866 646 952 Γυνή
679 901 760 946 τις
789 883 1147 951 ἐπαφρόδιτος
1181 879 1505 942 συνέζευκτο
1535 877 1771 946 γαμέτῃ’

507 977 698 1046 Νέρων
727 977 754 1027 ὁ
777 974 978 1043 ταύτης
1006 969 1074 1042 ἦν
1099 972 1457 1042 ἀνὴρ,ἐκείνη
1488 970 1543 1022 δὲ
1586 969 1800 1022 Ἰουλία.

507 1065 722 1134 Ταύτην
746 1065 1014 1116 τεκοῦσαν
1033 1064 1250 1133 Νέρωνι
1284 1061 1362 1131 τῷ
1393 1059 1728 1114 συνοικοῦντι
1761 1058 1928 1112 παῖδα

509 1157 616 1207 Καὶ
635 1156 798 1210 πάλιν
815 1155 1050 1224 σχοῦσαν
1067 1155 1124 1206 ἐν
1146 1154 1342 1222 γαστρὶ
1356 1152 1449 1205 καὶ
1465 1149 1561 1222 τὴν
1577 1149 1737 1220 νηδὺν
1753 1150 1859 1214 πλη
1867 1150 2087 1205 σθεῖσαν

507 1247 616 1296 Καὶ
645 1245 745 1314 τῆς
774 1247 1197 1316 ἐγκυμονήσεως
1227 1244 1468 1311 ἄγουσαν
1499 1242 1659 1294 ἕκτον
1691 1242 1836 1312 μῆνα

518 1337 576 1389 '0
607 1339 822 1407 Καῖσαρ
850 1337 1008 1407 ἢθελε
1043 1337 1224 1390 λαϐεῖν
1254 1337 1335 1398 είς
1366 1335 1545 1404 γάμου
1586 1334 1895 1398 κοινωνίαν,

509 1428 617 1480 Καὶ
652 1429 880 1496 Νέρωνα
917 1430 1250 1498 κατήπειγεν
1276 1426 1424 1497 αὒτῷ
1456 1427 1834 1496 κατεγγυῆσαι

506 1512 617 1577 Τὴν
661 1514 908 1582 γαμετὴν
937 1516 1030 1566 καὶ
1073 1515 1358 1582 πατρικῶς
1377 1515 1584 1584 ταύτην
1615 1515 2082 1586 νυμφοστολῆσαι.

505 1603 758 1655 Πείθεται
788 1604 997 1673 Νέρων,
1019 1607 1116 1675 οὐχ
1142 1605 1285 1657 ἑκὼν
1302 1606 1485 1658 δίδωσι
1508 1605 1607 1676 τὴν
1635 1610 1890 1674 γυναῖκα.

514 1692 578 1745 ἸΙ
612 1693 657 1746 δ’
681 1695 998 1756 ἐπιστάντος
1031 1695 1126 1748 τοῦ
1151 1696 1344 1763 καιροῦ
1371 1695 1544 1749 τίκτει
1578 1696 1790 1748 παιδίον
1808 1697 1996 1766 ᾰῤῥεν.

503 1784 811 1837 Κάντεῦθεν
837 1786 1152 1856 ἐξενήνεκτο
1172 1786 1429 1857 δημώδης
1459 1786 1752 1858 παροιμία.

2191 599 2586 668 Τρισαριστεὺς
2618 600 2935 668 ἀναφανεὶς,
2961 600 3049 652 ὅτε
3077 599 3472 668 Καρχηδονίοις

2199 691 2462 760 Ῥωμαῖοι
2488 693 2900 750 συνεπλέκοντο.
2931 692 3024 745 καὶ
3045 692 3230 762 δόρατι
3263 693 3492 760 καιρίως

2190 784 2377 838 Βαλὼν
2394 786 2484 837 τὸν
2503 786 2912 852 ἀνταγωνιστὴν
2935 784 3029 836 καὶ
3053 787 3583 854 κατατραυματίσας

2203 877 2522 943 Ἐλέφαντος
2550 877 2845 946 ὀχούμενον
2879 878 3085 931 ἄνωθεν
3112 878 3475 947 εῦρυστέρνου

2188 968 2345 1036 Αὐτῷ
2380 969 2513 1037 πρὸς
2543 967 2648 1036 γῆν
2680 969 3017 1035 κατήνεγκεν
3040 970 3084 1009 ⁸9
3109 968 3382 1034 ἐλέφαντι.
3407 957 3708 1020 κάντεῦθεν
3751 961 3756 978 ³

2194 1059 2392 1127 Ἕσχεν
2419 1057 2594 1127 ἀρχὴν
2631 1057 2729 1124 τὴν
2759 1057 3033 1126 Καίσαρος
3059 1057 3321 1126 λαμπρὰν
3362 1057 3778 1126 προσωνυμίαν,

2191 1148 2468 1217 Καίσαρες
2490 1150 2597 1217 γὰρ
2626 1149 2918 1216 ἐλέφαντες
2949 1151 3060 1210 τοῖς
3085 1147 3283 1210 Φοίνιξι
3319 1149 3628 1200 καλοῦνται.

2202 1237 2296 1289 Ἐκ
2324 1237 2418 1289 τοῦ
2451 1238 2717 1305 προγόνου
2745 1238 3038 1304 τοιγαροῦν
3062 1237 3156 1289 τοῦ
3186 1241 3682 1306 προηριστευκότος

2191 1327 2469 1397 Καίσαρες
2493 1328 2873 1398 ἐπεκλήθησαν
2895 1330 2944 1380 οἱ
2979 1331 3298 1398 προσγενεῖς
3329 1330 3544 1397 ἐκείνῳ,

2189 1419 2369 1488 Τιμὴν
2406 1420 2670 1488 μεγίστην
2700 1420 2911 1481 ἑαυτοῖς
2941 1420 3193 1472 ἐντεῦθεν
3225 1420 3633 1490 προξενοῦντες.

2259 1513 2394 1582 Περὶ
2425 1514 2522 1576 μὲν
2552 1513 2756 1565 τούτων
2787 1514 3024 1576 ἱκανῶς·
3046 1515 3177 1582 ἡμῖν
3208 1513 3252 1566 δ’
3278 1514 3568 1567 ἐπανιτέον

2203 1603 2329 1655 Ἐπὶ
2348 1602 2442 1655 τοῦ
2467 1604 2628 1670 λόγου
2647 1605 2736 1656 τὸν
2760 1604 2973 1674 εἱρμόν.
3002 1604 3304 1666 Μέλλοντος
3328 1606 3433 1674 γὰρ
3453 1605 3785 1674 ἐκθνήσκειν

2190 1691 2299 1744 Τοῦ
2326 1693 2642 1745 καλλινίκου
2673 1692 2954 1762 Καίσαρος
2980 1693 3074 1745 τοῦ
3098 1695 3570 1764 τολμηροκαρδίου
3602 1697 3672 1756 ’⁸,

2193 1783 2380 1848 Ἔδοξε
2414 1782 2632 1852 βλέπειν
2660 1785 2692 1853 ἡ
2721 1783 3078 1853 γυνὴ.τοῦτου
3115 1785 3256 1836 κατὰ
3278 1785 3401 1846 τοὺς
3431 1785 3642 1848 furvo-4.;

509 1894 527 1925 ι
555 1877 684 1938 Τοῖς
706 1877 991 1947 εὐτυχοῦσι
1019 1880 1114 1931 καί⁸
1141 1879 1414 1949 λαμπροῖς
1436 1880 1530 1932 καὶ
1549 1880 1789 1950 τρίμηνα
1816 1879 2026 1932 παιδία.
2059 1900 2077 1932 ι
2119 1859 2156 1914 Β
2189 1876 2345 1928 Κατὰ
2372 1876 2467 1943 τῆς
2492 1877 2684 1930 τούτου
2715 1877 2957 1946 κεφαλῆς
2986 1878 3261 1930 πεσοῦσαν
3282 1882 3380 1948 τὴν
3402 1879 3603 1943 οἰκίαν,

575 1967 698 2020 Τῶν
727 1969 856 2034 γοῦν
878 1971 1018 2024 κατὰ
1043 1971 1134 2024 τὸν
1155 1971 1410 2042 Καίσαρα
1438 1971 1629 2026 τοῦτον
1653 1964 2048 2044 ἱστορηθέντων

501 2059 703 2111 Λοιπὸν
729 2059 1014 2131 διηγητέον
1051 2081 1140 2133 μοι
1171 2063 1335 2116 πόθεν
1361 2064 1564 2135 ἐκλήθη
1599 2065 1840 2135 Καῖσαρ.

501 2150 566 2201 ΟΞ
595 2150 698 2220 μέν
723 2170 884 2220 φασιν
911 2153 984 2216 ὡς
1006 2154 1104 2224 τῆς
1136 2157 1341 2227 μητρὸς
1366 2159 1504 2211 κατὰ
1531 2158 1766 2228 γαστρὸς
1790 2157 2021 2227 ὲγοῦσης

505 2241 615 2294 Καὶ
646 2243 719 2311 μὴ
753 2243 1035 2315 φθασὰσης
1062 2249 1328 2313 ἐκτεκεῖν,
1354 2250 1492 2303 ἀλλὰ
1518 2249 1995 2320 προαπελοούσης,

518 2331 806 2400 Ἀνέτεμον
835 2337 883 2388 oi
912 2341 1234 2412 προσγενεῖς
1267 2341 1485 2410 ἐκείνης
1514 2339 1612 2412 τὴν
1636 2342 1908 2411 γαστέρα,

506 2422 616 2473 Καὶ
645 2422 753 2486 ζῶν
777 2424 984 2478 ἐκεῖθεν
1011 2425 1248 2498 ἔμϐρυον
1273 2431 1367 2482 καὶ
1398 2430 1558 2484 πνέον
1583 2430 1863 2495 ἐξελόντες

505 2513 761 2582 Καίσαρα
783 2517 1179 2586 κατωνόμασαν
1201 2520 1276 2582 ὡς
1300 2520 1578 2590 ἀνατετμη
1589 2518 1773 2590 μένον.

511 2601 695 2656 ’Δλλοι
722 2606 777 2658 δέ
802 2606 961 2658 πάλιν
988 2607 1210 2675 λέγουσι
1230 2611 1328 2680 τῆς
1348 2611 1592 2680 κεφαλῆς
1620 2612 1720 2680 τὴν
1746 2611 1922 2682 κόμην

2185 1963 2290 2016 Τὸν
2320 1964 2490 2034 ἄνδρα
2517 1965 2573 2018 δέ
2607 1966 2948 2036 κατάρρυτον
2975 1967 3170 2035 αἵμασι
3200 1967 3465 2034 γεγονότα

2186 2056 2526 2126 Οίκτρότατα
2562 2060 2894 2111 καταπεσεῖν
2923 2059 3016 2111 ἐπὶ
3051 2061 3174 2122 τοὺς
3202 2059 3405 2128 ταύτης
3433 2059 3690 2121 κόλπους.

2197 2145 2442 2216 Ἐσφάγη
2474 2146 2608 2209 γοῦν
2631 2149 2880 2209 ἐλεεινῶς
2901 2149 3000 2219 τῆς
3033 2151 3238 2218 ἀγορᾶς
3270 2151 3327 2201 ἐν
3359 2150 3532 2218 μέσῳ,

2186 2236 2560 2307 Ἐπιοεμένων
2589 2239 2822 2309 δολερῶς
2844 2241 3051 2294 Κασίου
3085 2260 3143 2294 τε
3170 2243 3262 2294 καὶ
3305 2240 3566 2310 Βρούτου.

2259 2330 2418 2383 Γαΐου
2443 2331 2622 2384 τοίνυν
2656 2334 2932 2402 Καίσαρος
2952 2333 3123 2397 οὕτως
3148 2333 3485 2396 ὰποῗιω“·ότος

2198 2421 2535 2489 Ἀδελφιδοῦς
2553 2425 2863 2492 εἰσποίητος
2882 2425 2994 2487 υίὸς
3022 2426 3256 2489 ἐκείνου,
3281 2425 3499 2493 Καῖσαρ

2197 2512 2256 2565 ὐ
2287 2513 2550 2578 σεϐαστδς
2577 2515 2916 2585 ἐπικληθεὶς,
2936 2517 3160 2570 ἐλαῆετο
3183 2518 3292 2570 τῶν
3318 2517 3640 2587 σκήπτρων,

2186 2606 2260 2657 Τὸ
2293 2606 2393 2674 μὲν
2437 2607 2721 2670 Ὀκτάὸιος
2750 2608 2933 2678 αὐχῶν
2967 2609 3041 2669 ὡς
3071 2609 3258 2679 κύριον
3285 2611 3346 2663 ἐκ
3374 2609 3634 2678 βρέφους.

517 2695 824 2764 Ῥωμαίους
854 2699 1033 2766 λέγειν
1063 2701 1340 2772 καίσαριν’
1385 2703 1604 2773 Καῖσαρ
1647 2703 1778 2771 γοῦν
1806 2702 2082 2773 ἐπεκλήθη
2175 2695 2360 2763 Αὖγου
2374 2715 2493 2758 ποετ
2525 2699 2662 2768 μετὰ
2685 2699 2854 2752 ταῦτα
2875 2701 2930 2752 δὲ
2955 2700 3176 2770 κληοετς
3199 2701 3274 2762 ὡς
3299 2702 3631 2771 ηὐξημένος.

504 2786 662 2850 Γάϊος
685 2787 756 2852 ὡς
783 2791 1183 2864 εὐπλόκαμοςῆ
1217 2794 1414 2864 μᾶλλον
1440 2795 1516 2858 ὠς
1548 2795 1828 2867 δασύθριξ.

503 2877 722 2948 Ἕτεροι
755 2880 814 2933 δὲ
844 2881 1156 2954 Ῥωμαϊκὰς
1179 2885 1490 2956 γράψαντες
1523 2887 1766 2959 ίστορίας

2187 2780 2356 2850 Οὗτος
2396 2788 2602 2859 ὑπῆρξε
2633 2788 2901 2860 μόναρχος
2929 2792 3007 2853 είς
3030 2791 3191 2843 πλέον
3212 2793 3537 2862 ἐκταθείσης

2186 2878 2296 2932 Καὶ
2319 2879 2416 2948 τῆς
2433 2879 2579 2950 ζωῆς
2601 2882 2693 2935 καὶ
2709 2882 2775 2953 τῆ
2791 2904 2805 2944 ;
2824 2883 3000 2953 ἀρχῆς
3016 2885 3094 2947 είς
3119 2883 3265 2954 ἄκρα
3289 2885 3332 2916 ⁷³
3355 2886 3456 2954 γῆς
3476 2885 3791 2953 φθασάσης.

3448 2973 3600 3031 Vers.
3641 2976 3788 3030 l837

503 3137 599 3177 sus
627 3132 712 3178 est
743 3125 845 3179 sibi
880 3142 977 3196 per
1017 3127 1258 3196 quietem
1308 3128 1516 3198 aliquid
1545 3129 1754 3197 videre,
1784 3146 1894 3202 quo
1923 3146 2086 3187 secu-
2130 3199 2157 3202 _
2188 3143 2389 3183 nomen
2439 3128 2731 3195 habuisse,
2763 3130 2910 3200 quod
2959 3132 3189 3201 pulchra
3226 3132 3507 3202 densaque
3559 3135 3793 3192 e'esarie

506 3221 664 3269 turus
717 3215 804 3271 hic
851 3229 1081 3273 eventus
1127 3219 1492 3286 iudicaretur,
1533 3199 1820 3276 nimirum—
1844 3237 1904 3277 se
1947 3222 2088 3282 citra
2117 3199 2159 3255 (ἶ
2193 3219 2456 3288 praeditus
2483 3231 2651 3276 esset.
2688 3199 2937 3292 Denique
2965 3223 3215 3278 nonnulli
3251 3235 3380 3278 sunt
3431 3241 3614 3280 rerum
3670 3227 3790 3280 Ro-

506 3306 769 3376 pudorem
817 3308 986 3362 ullum
1034 3311 1226 3365 matris
1277 3313 1623 3381 amplexibus
1676 3327 1837 3367 usum
1894 3313 2084 3368 fuisse.

508 3396 773 3452 Przmerea
806 3409 991 3452 natum
1020 3410 1104 3455 est
1136 3402 1188 3455 in
1217 3404 1338 3471 ejus
1370 3404 1538 3473 equili
1574 3404 1904 3475 prodigium,
1936 3405 2090 3460 vide-

506 3488 636 3543 licet
667 3505 863 3560 equus,
897 3493 1056 3562 cujus
1084 3494 1254 3562 pedes
1285 3496 1499 3565 ungula:
1530 3495 1754 3556 bubula
1785 3500 2086 3562 munirent,

504 3589 562 3633 et
596 3581 688 3650 qui
717 3583 892 3644 solum
940 3585 1207 3641 Caesarem
1239 3596 1516 3644 vectorem
1547 3590 1858 3659 acciperet,
1892 3607 2090 3660 quem.

505 3672 799 3740 admodum
848 3675 1192 3747 Bucephalas
1241 3680 1415 3735 solum
1467 3681 1837 3737 Alexandrum
1886 3681 2090 3737 admit-

510 3765 679 3821 lebat.

577 3857 765 3913 Eidem
791 3858 988 3916 Caesari
1019 3878 1221 3918 novum
1247 3865 1505 3934 quiddam
1532 3866 1845 3936 hujusmodi
1870 3867 2090 3921 accidit.

504 3947 636 4015 Erat
659 3963 884 4008 venusta
917 3956 1114 4010 mulier
1137 3957 1279 4012 Julia
1301 3973 1425 4013 cum
1448 3951 1644 4013 marito
1662 3959 1876 4014 Nerone
1902 3970 2091 4029 nupta,

505 4041 594 4095 cui
627 4052 977 4114 posteaquam
1009 4047 1215 4130 liberos
1255 4049 1468 4118 aliquos
1514 4051 1816 4120 peperisset
1857 4067 1921 4105 ac
1967 4069 2094 4104 rur.

505 4147 599 4188 sus
645 4143 862 4189 uterum
907 4147 1063 4203 sexto
1103 4139 1216 4208 jam
1270 4155 1456 4196 mense
1495 4140 1700 4202 ferret,
1741 4141 1923 4213 Caesar
1973 4158 2093 4197 eam

506 4224 610 4279 sibi
635 4227 919 4297 conjugem
949 4229 1223 4298 poscebat,
1251 4241 1306 4286 et
1328 4233 1601 4286 Neronem
1627 4230 1852 4301 urgebat
1879 4242 1936 4287 ut
1965 4251 2098 4289 uxo-

508 4331 622 4370 rem
654 4332 806 4371 suam
849 4320 983 4386 ipsi,
1014 4329 1270 4390 tanquam
1304 4323 1348 4375 si
1385 4335 1538 4391 pater
1571 4334 1748 4384 esset.
1779 4325 2094 4394 deSponde-

510 4419 612 4463 ret.
644 4410 804 4467 Paret
839 4411 1046 4466 invitus
1074 4412 1273 4468 Cresari
1317 4415 1482 4478 Nero,
1517 4416 1804 4487 conjugem
1839 4419 1891 4473 ei
1941 4435 2094 4476 suam

2191 3326 2475 3368 manarum
2537 3313 2872 3383 scriptores,
2920 3315 3014 3385 qui
3077 3317 3359 3372 memoria:
3416 3317 3790 3387 prodiderunt

2192 3403 2361 3465 fuisse
2396 3405 2686 3475 quemdam
2716 3406 3082 3463 GaiiCaesaris
3103 3409 3386 3478 gentilem,
3418 3411 3510 3480 qui
3551 3413 3792 3480 praecla-

2193 3496 2271 3551 ris
2309 3497 2648 3556 facinoribus
2691 3499 2855 3552 editis
2898 3515 2964 3554 eo
3011 3510 3258 3569 tempore
3303 3516 3414 3570 quo
3465 3502 3697 3556 Romani
3731 3514 3796 3558 et

2191 3587 2654 3658 Carthaginienses
2692 3590 2898 3646 bellum
2950 3591 3094 3646 inter
3126 3608 3184 3647 sc
3249 3593 3559 3663 gerebant,
3613 3595 3789 3649 etiam

2194 3679 2381 3734 letbali
2414 3680 2582 3733 hastae
2614 3682 2843 3736 vulnere
2879 3683 3260 3737 adversarium
3311 3685 3606 3753 elephanto
3645 3685 3793 3739 insi-

2194 3775 2415 3830 dentem
2445 3793 2552 3832 una
2597 3792 2721 3831 cum
2770 3778 2884 3848 ipsa
2915 3779 3093 3833 bellua
3124 3780 3176 3832 in
3215 3788 3414 3835 terram
3467 3790 3794 3850 prostrave-

2198 3865 2288 3930 rit,
2325 3867 2564 3936 indeque
2596 3867 2894 3938 gloriosum
2914 3869 3148 3923 Caesaris
3167 3881 3589 3941 cegnomcntum
3623 3889 3794 3928 acce-

2197 3959 2340 4027 perit
2377 3976 2390 4011 :
2427 3975 2551 4013 nam
2583 3975 2650 4016 eo
2683 3960 2953 4014 vocabulo
2996 3963 3182 4016 Pwnis
3218 3963 3540 4032 elephantos
3595 3967 3791 4034 appel-

2196 4048 2318 4102 lari.
2351 4048 2433 4102 Ab
2466 4049 2570 4103 hoc
2610 4049 2778 4120 igitur
2811 4061 3041 4105 c:eleros
3071 4053 3306 4122 gentiles
3332 4064 3496 4122 atque
3531 4065 3796 4123 posteros

2198 4137 2370 4204 ipsius
2399 4137 2642 4193 Cresares
2670 4138 2838 4194 fuisse
2859 4139 3054 4206 dictos,
3085 4141 3312 4196 honoris
3335 4145 3404 4197 ab
3433 4157 3628 4198 eadem
3673 4162 3789 4201 non

2199 4244 2389 4298 parum
2421 4241 2770 4286 consecutos.

2269 4325 2345 4375 Ae
2370 4323 2436 4376 de
2466 4323 2549 4378 his
2579 4325 2801 4394 quidem
2834 4325 3044 4381 dictum
3077 4328 3212 4382 satis
3246 4346 3258 4381 :
3290 4344 3436 4384 nunc
3467 4329 3535 4382 ad
3572 4332 3792 4384 oratio-

2200 4412 2286 4467 nis
2311 4414 2506 4468 seriem
2539 4415 2846 4470 redeamus.
2880 4416 3016 4471 Cum
3043 4420 3207 4473 morti
3257 4421 3475 4475 vicinus
3508 4433 3656 4476 esset
3704 4425 3795 4478 vi-

507 4498 714 4564 tradit;
749 4515 872 4569 quae
896 4501 986 4555 ubi
1015 4502 1264 4572 pariendi
1299 4514 1514 4573 tempus
1537 4507 1880 4574 appetiisset,
1912 4508 2082 4562 [ilium
2113 4532 2166 4591 Β
2200 4506 2474 4560 ctoriosus
2495 4507 2584 4561 ille
2619 4507 2886 4577 fortisque
2918 4509 3122 4575 Caesar,
3159 4529 3298 4566 uxor
3331 4515 3450 4582 ejus
3489 4529 3586 4583 per
3618 4517 3786 4584 quie-

507 4605 711 4644 marem
750 4592 941 4646 edidit.
978 4593 1129 4649 Unde
1161 4595 1322 4666 vulgo
1349 4597 1536 4651 tritum
1569 4597 1700 4650 illud
1732 4599 2083 4666 proverbium

505 4693 693 4736 natum
727 4694 850 4739 cst:
890 4703 908 4737 ι
938 4686 1326 4743 Nobilibus-et
1369 4690 1670 4759 splendidis
1703 4689 1867 4744 etiam
1909 4708 2096 4749 mense

506 4773 668 4828 tertio
709 4775 869 4830 liberi
909 4789 1230 4837 nascuntur.
1265 4781 1300 4831 ,λ

575 4863 727 4920 Licet
757 4876 940 4922 autem
990 4869 1079 4924 his
1113 4871 1180 4925 de
1223 4871 1439 4928 Caesare
1491 4875 1725 4942 proditis
1756 4875 1890 4933 illud
1925 4879 2092 4935 etiam

504 4953 835 5032 adjungere,
881 4959 1028 5015 unde
1086 4959 1320 5018 Caesaris
1372 4979 1571 5019 nomen
1624 4967 1900 5024 habuerit.
1954 4971 2095 5026 Sunt

504 5045 599 5126 qui
619 5047 851 5102 .tradant
897 5051 1017 5120 ejus
1045 5062 1272 5107 matrem
1318 5055 1596 5124 gravidam
1641 5058 1776 5113 eniti
1828 5077 1937 5115 non
1989 5078 2087 5132 pir-

507 5134 700 5197 tuisse,
732 5137 824 5191 sed
854 5139 1020 5195 fuisse
1051 5152 1174 5197 ante
1204 5154 1419 5212 partum
1453 5149 1813 5216 exstinctam;
1861 5167 1971 5220 quo
2009 5152 2088 5206 fa-

505 5231 655 5278 ctum
688 5224 759 5280 sit
793 5235 852 5279 ut
884 5229 1003 5296 ejus
1030 5235 1827 5304 propinquijnberentuternm
1854 5243 2084 5310 aperiri.

508 5313 583 5368 De
613 5329 723 5383 quo
751 5331 875 5370 cum
911 5317 1054 5373 fetus
1079 5321 1235 5376 vivus
1263 5326 1575 5392 prodiisset,
1599 5327 1867 5384 Ctesarcm
1896 5333 2086 5387 dixere

511 5415 764 5474 tanquam
796 5409 1060 5463 excisum.
1095 5413 1198 5467 Alii
1235 5417 1427 5470 volunt
1459 5433 1669 5474 comam
1700 5423 1896 5491 capitis
1940 5423 2087 5492 apud

508 5497 783 5555 Romanos
829 5503 1106 5558 cmsariem
1154 5507 1452 5575 appellari,
1504 5513 1806 5583 Gaiumque
1858 5515 2089 5571 Caesaris

2193 4609 2300 4655 tem
2349 4601 2537 4656 videre
2581 4603 2696 4657 visa
2734 4613 2817 4657 est
2847 4605 3087 4674 gladium
3138 4606 3249 4677 38
3302 4609 3355 4662 in
3403 4619 3573 4678 caput
3610 4610 3793 4680 ipsius

2193 4692 2575 4757 delabentem,
2614 4695 2874 4750 maritum
2926 4713 3057 4752 vero
3089 4700 3355 4769 sanguine
3400 4701 3682 4770 perfusqu
3730 4705 3790 4759 in

2193 4784 2373 4838 sinum
2400 4786 2588 4840 uxoris
2613 4786 2922 4844 miserrime
2944 4804 3002 4845 se
3029 4789 3434 4847 demittentem.
3463 4793 3791 4850 Secundum

2193 4874 2310 4932 hac
2339 4876 2396 4931 in
2422 4877 2608 4932 medio
2633 4876 2754 4934 foro
2785 4879 3175 4938 miserabiliter
3210 4898 3384 4939 casus
3407 4893 3493 4940 est
3517 4925 3531 4950 ,
3567 4885 3791 4942 insidiis

2189 4980 2220 5021 ο
2255 4965 2447 5021 Cassio
2473 4967 2755 5040 Brutoque
2785 4973 3031 5026 structis.

2265 5057 2380 5113 Hoc
2412 5060 2573 5114 modo
2599 5075 2722 5115 eum
2749 5061 2918 5118 Gaius
2939 5063 3120 5120 Caesar
3147 5065 3470 5128 interiisset.
3495 5066 3637 5121 ﬁlius
3663 5067 3790 5136 ejus

2195 5149 2506 5219 adoptivus,
2554 5152 2833 5222 Augustus
2859 5156 3040 5210 Caesar
3065 5173 3094 5212 e
3130 5157 3248 5212 Gaii
3280 5174 3468 5212 sorore
3499 5169 3680 5220 natus,
3728 5162 3784 5214 iu

2194 5241 2426 5311 imperio
2453 5247 2756 5312 successit;
2787 5248 2881 5316 qui
2920 5263 3044 5302 cum
3071 5264 3098 5301 a
3133 5265 3304 5318 puero
3335 5265 3534 5304 nomen
3565 5250 3781 5306 Octavii

2196 5343 2454 5404 tanquam
2484 5337 2586 5391 sibi
2619 5340 2903 5409 proprium
2936 5341 3250 5406 habuisset,
3279 5343 3541 5412 deinceps
3595 5345 3786 5413 Augu-

2197 5434 2284 5480 tus
2310 5427 2492 5482 dictus
2523 5439 2608 5483 est
2639 5432 2790 5486 velut
2825 5441 3040 5486 auctus.
3071 5433 3234 5488 Solus
3261 5436 3543 5490 dominatu
3572 5437 3783 5504 potitus

2195 5525 2279 5571 est
2323 5518 2379 5572 in
2430 5519 2538 5573 vita
2574 5521 2814 5591 longaeva
2853 5533 2910 5577 et
2942 5525 3174 5593 imperio
3206 5528 3272 5581 ad
3307 5537 3585 5585 extremos
3616 5540 3781 5584 terra:

1701 5675 1900 5738 Variae
1933 5676 2243 5738 lectiones
2283 5684 2346 5740 et
2389 5687 2580 5741 notua.

580 5797 626 5830 θ’
651 5802 984 5874 κατέρῤαξιν
1010 5806 1074 5863 Β.
1154 5810 1198 5840 ⁷ο
1223 5815 1682 5886 καρτεροκαρδίου
1719 5818 1880 5873 Mill.
1959 5821 2000 5854 7'
2038 5823 2212 5892 ἀρχῆς
2243 5824 2336 5877 καὶ
2356 5827 2453 5894 τῆς
2483 5824 2626 5895 ζωῆς
2651 5826 2728 5890 εἷς
2763 5825 2928 5895 ἀκρον
2960 5824 3024 5880 κο
