4136 6496
451 407 555 473 291

471 523 532 575 Ὀ
561 520 780 587 Καῖσαρ
816 514 1162 585 ὑποδέχεται,
1193 514 1422 584 ῥήγνυσι
1449 511 1548 574 τὰς
1579 509 1904 581 σφραγῖδας.

461 614 705 679 Ἐξεισιν
749 609 1112 678 Ἀθηνόδωρος
1131 607 1190 658 τὺ
1217 607 1370 674 ξίφος
1399 603 1675 665 ἐπισείων,

463 704 764 774 Θαμϐεῖται
799 702 1012 768 Καῖσαρ
1036 697 1292 761 κατιδὼν,
1313 696 1392 766 τῷ
1418 695 1526 748 δέει
1548 689 2004 764 κρυσταλλοῦταιο

469 796 693 862 Ὅρκοις
722 791 885 844 αὑτὸν
913 789 1250 857 καταδεσμεῖ
1275 787 1472 856 μηκέτι
1501 783 1664 837 τοῦτο
1691 781 1898 853 πρᾶξαι

467 887 605 954 Μηδ⁴
624 883 930 952 ἀλλοτρίαις
947 881 1044 935 τοῦ
1062 880 1252 934 λοιποῦ
1277 877 1724 949 καταχρανθῆναι
1747 875 1975 936 κοίταις.

553 974 726 1040 Οὗτος
756 978 925 1029 πολὺν
956 976 1034 1041 τῷ
1056 975 1299 1042 Καίσαρι
1333 969 1720 1040 συνδιατρίψας
1753 967 1970 1038 χρόνον,

464 1076 575 1128 Καὶ
611 1073 822 1144 μέλλων
871 1069 1318 1124 ἀπαλλάττεσθαι
1353 1067 1488 1136 πρὸς
1520 1064 1620 1134 τὴν
1651 1058 2049 1129 ὲνεγκαμένην,

475 1167 739 1234 Ἐπείπερ
765 1160 873 1216 εἶδε
902 1162 1162 1232 Καίσαρα
1186 1161 1448 1229 δύσοργον
1471 1157 1565 1208 καὶ
1595 1151 1822 1222 θυμώδη

465 1260 575 1311 Καὶ
606 1258 794 1327 τάχιον
818 1254 1124 1324 ἐκφέροντα
1151 1253 1248 1313 τὰς
1281 1247 1617 1312 κολαζούσας
1647 1245 1882 1314 ψήφους,

465 1349 687 1416 Ταχέως
715 1348 772 1400 δὲ
795 1347 893 1415 τὴν
919 1344 1014 1397 τοῦ
1038 1341 1213 1412 θυμοῦ
1252 1338 1531 1410 πυρκαϊὰ-ν
1554 1335 1853 1390 σϐεννύντα

467 1440 578 1492 Καὶ
603 1438 842 1510 τρόπους
872 1434 1282 1500 μεταπίπτοντα
1314 1431 1449 1499 πρὸς
1475 1427 2047 1497 φιλανθρωποτέρους,

465 1529 660 1596 Κύψας
691 1527 856 1580 αὑτοῦ
876 1525 1013 1596 πρὸς
1045 1526 1215 1588 ἀκοὰς
1242 1524 1318 1587 ὡς
1340 1523 1405 1590 δὴ
1425 1522 1472 1553 ⁷⁸
1503 1519 1919 1588 καταφιλήσωνο

471 1639 489 1671 ι
512 1616 582 1672 Ὦ
601 1621 838 1687 Καῖσαρ,
868 1637 885 1669 ι
909 1617 1036 1686 ἔφη,
1068 1637 1086 1668 ι
1116 1612 1548 1678 σεϐαστὲ,τοῦτό
1568 1629 1650 1664 σοι
1665 1611 1838 1663 λείπει
1870 1609 2050 1679 μόνον·

462 1714 556 1783 Μὴ
585 1713 714 1784 πρὶν
727 1712 825 1774 τὰς
850 1710 1066 1780 ψήφους
1087 1708 1288 1776 ἔκφερε
1304 1708 1432 1778 πρὶν
1451 1708 1507 1758 ὲν
1534 1703 1716 1774 σαυτῷ
1738 1701 1786 1734 ⁸⁸
1801 1701 2045 1771 λαλήσῃς

466 1807 573 1860 Τὸν
595 1806 702 1858 τῶν
734 1803 1082 1874 γραμμάτων
1108 1802 1339 1872 ἀριθμόν
1361 1800 1470 1852 τῶν
1493 1799 1663 1851 εῖκοσι
1686 1796 1991 1866 τεσσάρων.
2030 1813 2048 1844 ι

480 1896 543 1950 '0
571 1897 627 1950 δὲ
654 1895 916 1959 στενάξας
945 1893 1126 1962 βύθιον
1155 1895 1248 1945 καὶ
1271 1891 1406 1962 πρὸς
1434 1892 1641 1942 ἐκεῖνον
1673 1887 1898 1958 βλέψας,

473 2007 492 2040 ι
541 1987 668 2040 “Eat
702 2005 795 2040 σου
825 1985 1012 2057 χρῄζω
1031 1985 1130 2053 τῆς
1159 1984 1353 2052 καλῆς,
1387 2002 1405 2032 ι
1438 1982 1566 2050 ἔφη,
1601 1999 1618 2031 ι
1655 1977 2056 2046 παιδαγωγίας.

467 2082 581 2134 Καὶ
612 2079 774 2132 πάλιν
801 2078 954 2130 ἐσθ’ῃ
996 2077 1093 2128 σὺν
1132 2075 1276 2145 ἐμοὶ,
1305 2074 1397 2127 καὶ
1441 2071 1632 2142 Ῥώμη
1659 2088 1718 2124 σε
1755 2069 2006 2134 καθέξει.
2035 2087 2053 2120 ι

539 2164 708 2236 Οὗτος
734 2171 761 2222 ό
798 2171 1016 2239 Καῖσαρ
1043 2168 1243 2239 ἤλαυνε
1271 2169 1394 2227 τοὺς
1421 2163 1890 2236 μετεωρολέσχας,

469 2263 687 2325 Μόνους
710 2260 979 2315 κυδαίνων
1013 2260 1132 2322 τοὺς
1155 2257 1354 2326 σοφοὺς
1372 2257 1560 2326 τιμαῖς
1590 2256 1710 2316 ταῖς
1749 2250 2064 2322 προσηκού-

1822 2342 1989 2417 [σαις.

480 2443 750 2497 Τοσοῦτον
765 2442 820 2496 δὲ
837 2441 1104 2510 πεφίλητο
1126 2442 1277 2511 παρὰ
1297 2439 1406 2492 τῶν
1429 2439 1708 2506 ὑπηκόων,

479 2534 645 2586 Ὥστε
662 2533 752 2585 τόν
779 2533 893 2602 βίον
915 2531 1190 2583 ἐκλείπειν
1215 2530 1425 2600 μέλλων
1447 2530 1586 2601 ἀνὴρ
1621 2529 1889 2599 Ῥωμαῖος

497 2625 802 2694 Ἐπέτρεψε
832 2625 943 2684 τοῖς
964 2621 1156 2675 ἑαυτοῦ
1182 2623 1340 2674 παισὶ
1359 2623 1451 2674 καὶ
1473 2621 1739 2690 διαδόχοις

482 2715 888 2787 Χαριστηρίους
918 2716 1026 2776 τοῖς
1055 2713 1197 2777 θεοῖς
1223 2715 1614 2782 προσενεγκεῖν
1631 2712 1676 2744 ⁶²
1700 2711 1911 2776 Θυσίας,

478 2810 624 2874 Ὀτι,
650 2809 804 2877 φησὶ,
827 2806 916 2860 τὸν
940 2805 1198 2858 σεϐαστδν
1226 2803 1404 2868 ζῶντα
1434 2803 1850 2875 καταλιμπάνω.

555 2902 645 2963 Ὠς
669 2901 724 2954 δὲ
749 2900 844 2954 καλ.
877 2897 1345 2969 Καῖσαοέμελλεν
1375 2898 1634 2968 ἀπαίρειν
1652 2897 1760 2951 τῶν
1781 2896 1988 2960 ἐνθάδε,

476 3123 706 3178 tenens,
739 3113 919 3184 sigillo
982 3113 1305 3179 obsignatus
1360 3112 1426 3166 ad
1474 3111 1745 3166 Caesarem
1791 3110 2070 3170 mittitur:

471 3205 657 3261 Caesar
696 3204 947 3258 lecticam
981 3205 1223 3272 accipit,
1261 3203 1438 3272 sigilla
1472 3203 1729 3266 revellit;
1762 3202 1874 3256 exit
1903 3202 2072 3256 Athe-

477 3298 724 3350 nodorus
778 3295 1021 3364 gladium
1084 3295 1379 3363 quatiens;
1421 3292 1604 3348 Cresar
1651 3308 1718 3348 eo
1776 3302 2070 3362 conspecto

476 3402 592 3442 non
622 3395 840 3440 tantum
865 3386 1230 3454 obstupescit,
1259 3399 1450 3440 verum
1481 3385 1649 3439 etiam
1698 3394 1848 3439 metu
1877 3399 2076 3455 conge-

479 3479 639 3534 lascit
676 3496 689 3532 :
728 3479 1088 3533 sacramentis
1122 3485 1299 3532 semet
1333 3477 1665 3548 obstringit,
1697 3479 1902 3546 quibus
1937 3478 2076 3532 nihil

480 3569 756 3640 ejusmodi
810 3583 868 3624 se
919 3568 1180 3639 deinceps
1223 3569 1646 3624 commissurum
1695 3569 2075 3639 pollicebatur,

480 3674 587 3714 nec
639 3668 789 3712 toros
833 3659 1044 3713 alienos
1093 3659 1328 3728 amplius
1362 3659 1892 3713 contaminaturum.

551 3749 689 3805 Cum
729 3758 913 3803 autem
948 3749 1113 3818 longo
1158 3758 1406 3819 tempore
1446 3749 1674 3804 vixisset
1724 3749 1867 3819 apud
1900 3749 2082 3804 (Σαδδο-

481 3854 598 3894 rem
632 3840 1024 3894 Athenodorus
1047 3879 1061 3903 ,
1088 3840 1311 3910 jamque
1362 3855 1687 3895 reversurus
1730 3839 1788 3894 in
1846 3842 2082 3910 patriam

480 3942 668 3997 esset,
711 3931 841 4001 quia
873 3929 1104 3986 Cmsaris
1150 3930 1493 3986 iracundiam
1551 3931 1830 4001 bilemque
1882 3938 2082 3994 norat,

481 4021 740 4092 quodque
801 4022 1060 4076 celeriter
1114 4021 1413 4076 admodum
1471 4019 1778 4077 sententias
1840 4028 2086 4089 poenales

482 4113 659 4173 ferret
679 4129 745 4170 ac
765 4114 1009 4170 vicissim
1031 4113 1303 4168 exstincto
1326 4111 1624 4168 iracundiae
1650 4125 1781 4181 rogo
1805 4109 1873 4162 ad
1907 4121 2090 4164 mores

484 4205 842 4260 humaniores
881 4204 1124 4268 rediret,
1181 4205 1402 4260 admoto
1452 4205 1570 4274 ejus
1640 4203 1870 4258 auribus
1911 4204 2090 4274 capite

489 4307 746 4366 tanquam
785 4296 963 4366 ipsum
988 4296 1448 4353 deosculaturus:
1481 4314 1500 4348 ι
1531 4298 1775 4366 Auguste
1801 4295 2010 4363 Caesar,
2061 4313 2080 4346 ι

487 4388 690 4457 inquit,
731 4406 749 4439 ι
789 4403 960 4441 unum
1013 4387 1180 4443 modo
1211 4388 1314 4442 tibi
1365 4389 1542 4444 deest.
1577 4385 1722 4443 Cave
1767 4388 1924 4458 prius
1966 4401 2092 4441 sen-

490 4479 692 4534 tentias
740 4479 951 4543 tuleris,
983 4495 1149 4548 quam
1194 4481 1264 4535 24'
1311 4479 1618 4539 litterarum
1651 4481 1876 4538 nomina
1907 4491 2086 4536 tecum

1558 393 2081 460 CONSTANTlNl
2120 387 2510 452 MANASSIS

2079 509 2125 566 Α
2156 499 2654 572 Παραστησάμενος
2676 493 2830 565 αὐτῷ
2848 492 3090 564 δημότας
3118 490 3210 545 σῖΛν
3237 490 3492 556 ὑπάτοις,

3629 373 3743 442 292

2157 613 2174 645 ι
2190 591 2450 662 Πηλίνην,
2466 610 2481 641 i
2504 589 2730 660 ἔφησεν,
2753 607 2771 637 ι
2799 581 3738 656 εὑρὼντὴντῶνῬωμαίωνπόλιν⁸⁸

2146 685 2538 752 Καλλίπυργον
2567 680 2862 749 πεποίηκα,
2891 677 3123 747 λιθίνην,
3163 675 3516 749 στερεμνίαν⁸

2162 777 2316 833 Ἐπεὶ⁵
2333 776 2387 830 δὲ
2412 775 2507 828 καὶ
2531 772 2865 843 μεθίσταμαι
2907 771 3005 838 τῆς
3029 768 3234 841 τύρϐης
3251 767 3359 821 τῶν
3373 767 3740 839 πραγμάτων,

2151 868 2436 938 Κροτῆσαι
2465 863 2733 935 βούλομαι
2756 861 2986 925 πολλοὺς
3015 861 3108 913 ἐπὶ
3138 863 3208 931 τῇ
3237 860 3464 930 τελευτῇ
3491 877 3596 930 μου

2153 962 2262 1014 Καὶ
2285 956 2594 1030 χρήσασθαι
2625 955 2973 1024 γελοιασμοῖς
2997 953 3092 1006 καὶ
3123 952 3448 1021 κροταλίσαι
3474 955 3666 1022 χεῖρας

2162 1053 2251 1114 Ὠς
2282 1052 2374 1104 ἐπὶ
2397 1049 2564 1120 μίμου
2598 1048 2825 1115 τελευτῇ
2851 1045 3168 1114 γελοιαστοῧ
3203 1045 3298 1099 καὶ
3331 1045 3586 1099 παίκτου.
3611 1063 3632 1096 ι

2154 1145 2267 1198 Καὶ
2294 1143 2471 1196 ταῦτα
2510 1138 2796 1204 διετάξατο
2820 1137 2973 1190 ’δτοῦ
3002 1136 3117 1206 βίου
3148 1136 3523 1202 καταπαίζων.

2164 1237 2283 1306 Ἐφ’
2304 1235 2445 1297 ὅλοις
2469 1235 2513 1266 ⁸⁵
2533 1233 2590 1287 δὲ
2617 1233 2959 1302 πεντήκοντα
2982 1232 3078 1283 σὺν
3105 1229 3163 1296 ἒξ
3188 1230 3468 1300 κρατήσας
3487 1229 3705 1300 χρόνοις

2154 1330 2267 1397 Τὴν
2292 1327 2512 1396 ὀφειλὴν
2535 1325 2783 1390 ἀπέδοτο,
2809 1321 3074 1376 κατέϐαλε
3107 1321 3166 1373 τὸ
3194 1322 3371 1392 χρέος.

2155 1419 2358 1472 Τούτου
2373 1416 2468 1471 τοῦ
2484 1417 2763 1487 Καίσαρος
2780 1415 2958 1485 ἀρχῆς
2978 1416 3089 1476 τοῖς
3111 1414 3410 1485 σκήπτροις
3431 1413 3743 1481 ἐφεστῶτος

2169 1509 2255 1561 Ἐν
2286 1508 2396 1561 ἔτει
2425 1505 2856 1576 τεσσαρακοστῷ
2896 1507 2985 1557 να)⁸
3012 1505 3122 1576 μὴν
3149 1505 3284 1573 πρὸς
3314 1503 3390 1574 τῷ
3413 1505 3656 1576 δευτέρῳ
3699 1503 3750 1535 ³⁸⁸

2170 1596 2226 1650 ‘U
2253 1597 2525 1658 συναῒδιος
2545 1597 2717 1666 πατρὶ
2743 1594 3280 1664 καὶ-κοσμοκτίστωρ
3299 1595 3492 1662 Λόγος,

2158 1691 2356 1750 Εἰσδὺς
2379 1689 2542 1756 νηδὺν
2563 1687 2660 1758 τὴν
2682 1687 2933 1757 καθαρὰν
2965 1684 3207 1749 νεάνιδος
3235 1685 3494 1755 ἀφθόρου,

2159 1781 2270 1850 Τὴν
2304 1781 2484 1850 σάρκα
2516 1779 2861 1848 συνεπήξατο
2885 1776 3092 1848 ταύτης
3119 1780 3182 1830 ἐκ
3204 1778 3313 1830 τῶν
3339 1778 3614 1848 αἱμάτων,

2164 1874 2272 1926 Καὶ
2295 1873 2393 1924 σὺν
2415 1871 2554 1941 αὐτῇ
2579 1870 2675 1924 καὶ
2704 1871 2824 1939 μετ’
2843 1869 3012 1938 αὐτῆς
3036 1870 3332 1936 ἐπέφαινεν
3349 1869 3390 1898 ⁸⁷
3413 1869 3750 1938 ἁνϋρὼποις,

2161 1965 2390 2032 Θεότητι
2421 1963 2739 2025 παντέλειος
2770 1961 2864 2014 καὶ
2895 1961 3052 2028 φύσει
3082 1961 3371 2032 βροτησίᾳ.

2235 2054 2342 2106 Τοῦ
2373 2052 2634 2106 σεϐαστοῦ
2664 2053 2720 2106 δὲ
2748 2053 3024 2122 Καίσαρος
3055 2053 3144 2105 τὸν
3178 2052 3291 2122 βίον
3312 2053 3630 2116 ἐκλιπόντος

2177 2146 2500 2214 Ἀρχηγετεῖ
2519 2143 2793 2215 Τιϐέριος,
2812 2143 2876 2206 δς
2905 2143 2972 2196 τὰ
3003 2143 3103 2213 μὲν
3134 2143 3332 2213 πρῶτα
3362 2145 3539 2214 πρᾶος

2176 2238 2421 2306 Ὑπῆρχε
2443 2239 2536 2290 καὶ
2570 2237 2835 2307 μειλίχιος
2867 2237 2959 2288 καὶ
2985 2235 3190 2304 τρόπου
3217 2236 3545 2305 φιλοδὼρου,

2182 2330 2321 2383 Ἀλλ’
2351 2328 2579 2399 ὕστερον
2611 2328 2901 2393 ἐξώκειλεν
2936 2331 3014 2391 είς
3041 2325 3174 2398 ἦθος
3204 2330 3496 2400 μιαιφόνον

2169 2423 2280 2476 Καὶ
2307 2421 2532 2491 γνώμην
2551 2421 2933 2491 ὑπομόχθηρον
2956 2421 3051 2474 καὶ
3071 2421 3503 2491 ρυπαροιῖρυχίαν,

2176 2516 2336 2584 Ἀρτι
2366 2514 2425 2567 δὲ
2454 2513 2593 2575 τέως
2621 2511 2908 2582 παρελθὼν
2931 2512 3024 2566 ἐπὶ
3042 2515 3139 2581 τὴν
3169 2511 3450 2583 βασιλείαν

2170 2607 2358 2669 Οὕτως
2392 2606 2804 2675 ύπερπεφίλητο
2835 2608 2947 2668 τοῖς
2981 2604 3085 2658 ὑπὸ
3115 2607 3272 2677 χεῖρα
3306 2608 3475 2658 πᾶσιν

2184 2701 2270 2762 Ὠς
2301 2697 2549 2768 φυλακῆς
2600 2715 2659 2750 τε
2699 2699 2791 2750 καὶ
2834 2699 3077 2768 φρουρᾶς
3127 2699 3220 2750 καὶ
3269 2696 3583 2768 δορυφόρων
3611 2697 3753 2769 ἄτερ

2172 2792 2419 2855 Βαδίζειν
2443 2793 2578 2843 ὅπου
2606 2791 2668 2859 δή
2698 2806 2829 2842 ποτε
2865 2789 3081 2858 νύκτωρ
3105 2788 3201 2841 καὶ
3229 2789 3351 2859 μεθ’
3377 2792 3614 2861 ἡμέραν.

2172 2883 2236 2937 El
2269 2881 2328 2938 δέ
2352 2897 2490 2936 τισιν
2510 2880 2777 2952 ἐπέτρεψε
2825 2880 3031 2945 πόλεως
3063 2881 3402 2951 στρατηγίαν

3431 2974 3583 3030 Vcrs.
3622 2974 3766 3031 1944

2176 3110 2382 3166 criticia
2442 3111 2550 3167 diis
2603 3110 2891 3175 offerrent,
2947 3109 3095 3180 quod
3153 3109 3396 3165 moriens
3455 3109 3766 3178 Augustum

2177 3201 2510 3257 incolumem
2560 3209 2682 3273 post
2712 3216 2771 3256 se
2818 3202 3178 3272 relinqueret.

2247 3296 2428 3351 Caesar
2473 3295 2590 3366 ipse
2662 3295 2729 3350 de
2781 3295 2888 3350 vita
2937 3296 3271 3365 migraturus
3302 3293 3610 3349 astantibus
3657 3292 3770 3348 sibi

2175 3386 2500 3444 consulibus
2525 3395 2582 3442 et
2610 3385 2844 3456 plebeis,
2885 3405 2903 3437 ι
2926 3385 3098 3453 Quam
3125 3387 3326 3440 luteam
3365 3403 3384 3438 ι
3418 3387 3598 3456 inquit
3633 3406 3650 3437 ι
3685 3387 3774 3440 in-

2180 3477 2306 3534 veni
2348 3478 2653 3532 Romanam
2706 3477 2920 3540 urbem,
2954 3492 3072 3532 eam
3139 3475 3389 3546 pulchris
3440 3486 3764 3532 exornatam

2181 3570 2431 3626 turribus
2460 3569 2730 3640 lapideam
2767 3568 3090 3638 ﬁrmamque
3119 3568 3356 3623 reddidi.
3391 3568 3456 3623 Et
3497 3569 3763 3638 quoniam

2181 3660 2314 3714 mihi
2355 3676 2504 3714 nunc
2545 3675 2576 3715 e
2624 3659 2782 3714 turba
2834 3675 3017 3714 rerum
3063 3658 3429 3714 humanarum
3460 3658 3568 3713 erit
3607 3674 3770 3715 exce-

2181 3751 2448 3816 dendum,
2486 3751 2688 3805 multos
2715 3751 2770 3804 in
2803 3749 2956 3804 obitu
2992 3764 3114 3804 meo
3156 3749 3408 3817 plausum
3439 3749 3605 3806 edere
3637 3751 3771 3805 volo

2185 3858 2248 3897 ac
2303 3841 2464 3896 ludos
2528 3843 2709 3896 facere
2779 3849 3036 3910 tanquam
3083 3840 3139 3894 in
3186 3841 3340 3895 mimi
3411 3851 3469 3897 et
3525 3841 3770 3896 ludionis

2187 3933 2361 3988 obitu.
2403 3952 2421 3984 ι
2450 3932 2560 4004 ω
2591 3933 2723 4000 Qua:
2745 3933 2969 4002 quidem
2997 3933 3316 4004 proferebat
3352 3941 3616 4003 tanquam
3642 3934 3772 3990 vita:

2188 4025 2501 4081 mortalium
2549 4025 2811 4081 illudens.
2853 4025 2990 4081 Cum
3036 4035 3224 4082 autem
3287 4033 3435 4082 totos
3479 4025 3548 4082 56
3593 4041 3773 4084 annos

2187 4115 2532 4189 imperasset,
2566 4127 2774 4173 natura:
2828 4117 3076 4173 debitum
3117 4117 3400 4187 persolvit.

2259 4210 2463 4264 Eodem
2511 4210 2729 4264 Caesare
2772 4211 3017 4280 potiente
3076 4224 3268 4266 rerum
3305 4220 3609 4266 coaeternus
3677 4210 3773 4266 ille

2189 4301 2330 4372 patri
2365 4300 2581 4368 Sermo,
2614 4299 2870 4355 conditor
2923 4301 3139 4367 mundi,
3179 4312 3385 4357 castam
3439 4301 3776 4371 incorrupta:

2187 4393 2493 4464 juvenculzc
2536 4391 2720 4446 alvum
2762 4390 3042 4461 ingressus
3081 4405 3149 4446 ex
3189 4391 3314 4459 ejus
3352 4389 3614 4458 sanguine
3643 4404 3773 4442 car-

2193 4499 2316 4538 nem
2353 4482 2646 4552 compegit,
2673 4497 2798 4536 cum
2829 4497 2936 4551 qua
2971 4482 3114 4535 inter
3159 4480 3411 4536 homines
3442 4489 3777 4550 conspectus

491 4570 612 4642 ipse
658 4571 1002 4626 recitaveris.
1045 4590 1064 4624 ι
1115 4570 1254 4626 Tum
1290 4573 1404 4640 ille,
1428 4574 1633 4644 gemitu
1676 4590 1742 4629 ex
1785 4574 1895 4628 imo
1923 4574 2088 4630 corde
2123 4588 2163 4642 ι)
2192 4578 2296 4634 εει,
2329 4577 2436 4623 lam
2468 4567 2758 4624 diVinilale
2783 4583 2946 4625 altam
2980 4569 3218 4624 humana
3248 4578 3443 4624 natura
3463 4569 3628 4640 plane
3649 4584 3778 4639 per-

491 4665 663 4718 ducto
690 4663 1107 4717 Athenodorum
1140 4663 1374 4720 intuitus
1411 4683 1424 4718 :
1464 4684 1482 4716 ι
1515 4665 1708 4721 Adhuc
1743 4685 1761 4717 ι
1798 4666 1895 4729 ait,
1926 4686 1943 4717 I
1984 4675 2090 4722 tua:

494 4755 772 4828 praeclara:
837 4755 1204 4809 institutionis
1242 4769 1398 4832 egeo.
1447 4754 1794 4826 Quapropter
1853 4755 2090 4824 amplius
2145 4776 2148 4779 ·

494 4849 644 4919 apud
727 4863 815 4903 me
885 4847 984 4902 tibi
1032 4846 1327 4903 vivendum
1411 4847 1708 4918 Romaque
1763 4845 2088 4900 merendum

493 4940 619 4994 erit.
661 4957 680 4990 ι

567 5029 668 5085 Hic
695 5030 876 5087 Caesar
923 5047 1020 5088 eos
1051 5031 1350 5102 proﬂigans
1393 5038 1450 5087 et
1490 5030 1716 5101 eiiciens
1741 5030 1836 5100 qui
1882 5029 1950 5083 de
1997 5043 2086 5082 re.

499 5119 604 5174 bus
628 5121 959 5177 sublimibus
990 5133 1046 5178 et
1075 5123 1397 5178 coalestibus
1421 5132 1744 5192 arroganter
1789 5131 2088 5192 nugantur,

499 5211 648 5266 solos
688 5210 840 5266 viros
883 5213 1165 5282 sapientes
1211 5226 1275 5267 ac
1305 5213 1502 5268 doctos
1544 5209 1853 5266 honoribus
1880 5209 2086 5264 allicie-

504 5303 620 5358 bat.
660 5301 795 5356 Tam
845 5302 1049 5356 charus
1093 5313 1275 5359 autem
1317 5304 1558 5360 subditis
1591 5311 1745 5369 erat,
1779 5312 1840 5357 ut
1886 5302 2087 5356 Roma-

501 5411 609 5451 nus
649 5393 870 5464 quidam
916 5396 970 5448 in
1002 5395 1110 5450 fata
1143 5411 1508 5452 concessurus
1535 5397 1729 5452 liberis
1764 5396 1881 5450 suis
1920 5406 2087 5465 atque

500 5486 738 5558 posteris
785 5484 1074 5540 mandaret
1115 5495 1174 5540 ut
1203 5486 1500 5557 gratiarum
1548 5486 1783 5542 actionis
1828 5501 1960 5556 ergo
1999 5499 2088 5540 sa-

2191 4659 2388 4715 fectus.

2265 4750 2628 4818 Posteaquam
2661 4763 2792 4804 vero
2820 4747 3002 4804 Caesar
3037 4748 3317 4818 Augustus
3349 4763 3380 4802 e
3410 4746 3551 4802 vivis
3579 4762 3778 4804 exces-

2191 4841 2374 4905 sisset,
2407 4840 2666 4896 Tiberius
2699 4839 2768 4894 ad
2800 4839 3095 4910 imperium
3129 4841 3412 4910 pervenit;
3445 4841 3538 4910 qui
3567 4840 3636 4895 ab
3663 4841 3778 4895 ini—

2192 4933 2269 4988 tio
2299 4933 2524 5003 quidem
2557 4932 2708 4986 mitis
2739 4930 2996 4995 blandus,
3023 4930 3266 4986 liberalis
3313 4940 3451 4997 erat,
3485 4931 3583 4986 sed
3617 4931 3777 4984 dein-

2191 5039 2322 5094 ceps
2367 5023 2434 5079 ad
2489 5022 2871 5094 sanguinarios
2922 5037 3129 5086 mores,
3166 5022 3574 5091 itnprobitatcm
3608 5033 3778 5090 atque

2195 5116 2388 5173 SOldCS
2441 5114 2797 5170 exorbitavit.
2849 5115 3061 5169 Recens
3115 5124 3296 5169 autem
3356 5114 3422 5168 ad
3482 5113 3777 5184 imperium

2193 5217 2417 5264 evectus
2445 5207 2583 5262 adeo
2614 5206 2851 5261 subditis
2880 5206 3140 5261 omnibus
3165 5206 3370 5262 Charus
3395 5217 3531 5270 erat,
3554 5215 3614 5259 ut
3644 5207 3778 5260 abs-

2194 5315 2306 5370 que
2369 5298 2632 5354 satellitio
2696 5297 3058 5366 custodiaque
3125 5297 3376 5366 corporis
3439 5305 3545 5350 tam
3612 5311 3780 5350 noc-u

2194 5406 2357 5461 quam
2389 5387 2655 5454 interdiu,
2677 5402 3011 5457 quocunque
3032 5387 3216 5450 vellet,
3239 5386 3363 5441 iret.
3383 5386 3532 5452 Quos
3557 5388 3781 5441 urbium

2196 5493 2462 5554 pra‘torcs
2487 5482 2572 5536 vel
2603 5481 2938 5536 tributorum
2969 5488 3255 5535 exactores
3282 5482 3674 5541 constituebat,
3710 5483 3783 5534 ab

1609 5627 1616 5634 -
1661 5597 1864 5661 Variae
1906 5598 2213 5661 lectiones
2258 5603 2320 5658 et
2363 5604 2530 5656 nota:

575 5707 621 5738 "
643 5705 719 5766 ὡς
759 5703 840 5776 5h-
864 5701 1034 5776 ,δῆθεν
1066 5702 1131 5776 ΒΑ·
1207 5702 1255 5735 ⁸⁸
1285 5677 1470 5774 ubst?)
1495 5707 1562 5760 Δ·
1637 5704 1919 5776 "Ec-11A»
1967 5701 2015 5733 “
2044 5705 2362 5776 ὲτῖεπςςγκεῖγ
2378 5699 2460 5776 1‘-

2573 5699 2619 5732 ⁸³
2651 5700 2753 5767 τὴν
2777 5699 2933 5752 πόλιν
2958 5697 3072 5749 τῶν
3113 5694 3400 5767 Ῥωμαίων
3423 5693 3498 5767 Β.
3596 5694 3642 5725 ⁸³
3667 5693 3784 5746 διε-

503 5765 730 5844 τάττετο
764 5765 939 5828 AR“:
1005 5774 1050 5807 ⁸⁵
1083 5774 1238 5830 Hunc
1261 5765 1478 5830 versum
1516 5790 1640 5831 cum
1675 5765 1924 5844 sequenti
1961 5787 2072 5828 om.
2107 5765 2234 5827 RR.
2301 5771 2347 5805 ⁵⁸
2377 5769 2444 5825 Ει
2471 5772 2623 5828 hunc
2660 5765 2880 5825 versum
2913 5768 3174 5824 omittunt
3215 5765 3377 5823 Codd.
3411 5766 3551 5836 Reg.
3591 5767 3777 5820 ainbo.

509 5842 553 5874 "
585 5842 880 5914 ἐπέφανεν.
