4136 6428
489 317 600 384 295

490 431 615 482 ’Ότι
639 425 699 480 τδ
733 424 840 480 πᾶν
863 424 1134 478 κεκένωτο
1155 422 1245 476 τοῦ
1283 421 1561 493 θησαυροῦ
1587 422 1830 490 χρυσίον,

501 517 830 585 ἰΕξανασττὶις
861 517 1149 569 ἐκέλευσεν
1178 513 1570 584 ὲκθερισθῆναι
1603 511 1748 579 ξίφει

491 612 726 673 Πολλοὺς
768 608 975 680 χρυσίῳ
1005 606 1311 677 βρίθοντας,
1341 603 1774 676 εὖθηνουμένους
1824 602 2060 672 πλούτῳ.

501 703 738 757 Ἐκεῖθεν
764 696 857 753 οὖν
896 697 1264 768 μετήντλησεν
1290 697 1416 758 ὅλας
1449 696 1672 766 χρυσίου
1704 695 1920 762 λίμνας.

489 790 655 856 Οὗτος
693 791 811 845 ἰδών
858 808 988 842 ποτε
1023 788 1191 859 πηλὸν
1225 791 1284 843 ὲν
1317 787 1581 858 στενωπῷ
1607 787 1706 856 τῆς
1755 784 1977 856 Ῥώμης
2015 785 2061 816 οι

492 888 728 948 Κόλποις
756 881 1171 936 Οὐεσπασιανοῦ
1203 881 1298 934 τοῦ
1330 881 1850 951 στρατηγικωτάτου

492 975 868 1046 Βληθήσεσθαι
886 973 1220 1044 προσέταξεν
1239 987 1254 1004 ·
1279 967 1346 1042 ἦν
1376 972 1485 1042 γάρ
1514 973 1879 1041 ἀγορανόμος.

573 1070 663 1131 Ὦς
690 1068 735 1120 δ’
766 1067 1063 1135 ἀπεσφάγη
1098 1066 1256 1128 Γάϊος
1285 1066 1342 1116 ὲν
1373 1063 1558 1134 μέσοις
1591 1062 1914 1130 ἀνακτόροις
1952 1061 2019 1126 θ’,

501 1159 781 1222 Ἰθύναςτδ
806 1157 1072 1226 βασίλειον
1097 1156 1356 1224 τέσσαρσι
1387 1155 1600 1223 χρόνοις
1632 1152 1854 1222 κράτος,

498 1253 561 1306 .0
586 1252 851 1314 Κλαύδιος
876 1252 1119 1321 ήγήσατο
1152 1247 1485 1318 παραλαὸὼν
1507 1246 1566 1299 τὸ
1592 1247 1793 1316 κράτος
1814 1259 1829 1275 .

498 1345 602 1401 Ὃς
630 1341 772 1394 οὓτω
798 1338 1162 1408 δειλοκάρδιος
1189 1338 1283 1389 καὶ
1308 1336 1574 1406 τρομερδς
1594 1335 1840 1405 ὑπῆρχεν

490 1434 591 1496 Ὠς
621 1433 745 1494 τοὺς
791 1429 1091 1500 φοιτῶντας
1141 1429 1269 1499 παρ’
1303 1429 1320 1459 ί
1352 1428 1513 1480 αὑτὸν
1548 1425 1846 1497 Maps.qu
1894 1438 2064 1492 προσ-

1735 1517 1993 1590 [τάττειν,

487 1617 702 1688 Μήπως
721 1613 1090 1668 ὲπικολπίδιον
1120 1611 1275 1684 τύχοι
1301 1629 1385 1675 τις
1412 1610 1670 1682 κρύπτων
1718 1609 1890 1680 ξίφος.

491 1711 554 1762 Ei.
583 1709 641 1762 δέ
665 1725 794 1761 ποτε
821 1706 1127 1776 συμπόσιον
1158 1704 1461 1775 γηθόσυνον
1505 1704 1755 1774 συνίστη,

491 1802 926 1871 Περιεστήκεσαν
973 1799 1136 1852 αὑτὸν
1162 1797 1377 1851 ὁπλῖται
1403 1797 1713 1866 δλρυειςόροι.

491 1894 789 1962 Κρατήσας
819 1890 876 1943 δὲ
909 1888 1265 1959 τρισκαίδεκα
1289 1887 1694 1962 τῆς-βασιλείας
1727 1885 1823 1956 ἐτη
1851 1888 1870 1917 ³

491 1960 758 2038 Κλαύδιος
790 1984 816 2033 ό
841 1979 1147 2040 δειλότατος
1187 1960 1499 2046 φαρμάκοις
1528 1977 1852 2046 ἀναιρεῖται.

562 2071 828 2125 Κλαυδίου
853 2069 1263 2139 φαρμαχθέντος
1289 2068 1344 2120 δὲ
1376 2067 1569 2137 Νέρων
1594 2067 1622 2118 ὁ
1652 2066 2019 2137 μητροκτόνος

493 2162 920 2232 Παρεισεὶρθάρη
940 2163 1177 2214 κάκιστα
1189 2161 1299 2222 τοῖς
1317 2159 1423 2211 τῶν
1446 2158 1731 2228 Ῥωμαίων
1745 2160 2065 2227 σκήπτροις.

487 2251 597 2308 Ἦν
625 2254 667 2306 δ’
696 2252 930 2323 ἀσελγὴς
962 2251 1056 2305 καὶ
1087 2251 1340 2323 βδελυρὸς
1373 2251 1469 2303 καὶ
1521 2250 1741 2320 πλήρης
1772 2250 2065 2311 ἀσωτείας.

493 2347 711 2400 Ἥττων
727 2345 960 2416 γαστρὸς
978 2343 1074 2396 καὶ
1092 2343 1202 2396 τῶν
1230 2343 1490 2412 γαστρὸς,
1509 2339 2068 2410 φίλοινος,φιλοπότης

495 2432 664 2500 Οὗτος
710 2435 936 2498 πολλοὺς
969 2435 1220 2503 ὑπήγαγε
1251 2433 1504 2496 θανάτοις
1534 2431 1906 2498 πικροτάτοις,

493 2531 604 2582 Καὶ
638 2529 736 2598 τήν
773 2528 988 2598 μητέρα
1019 2527 1116 2580 σὺν
1151 2527 1336 2588 αὐτοῖς
1367 2525 1408 2580 ³.
1439 2524 1598 2576 Εῐποι
1627 2540 1711 2586 τις
1747 2524 1813 2576 ἂν
1843 2521 2067 2586 δικαίως

493 2623 615 2675 Ὅτι
649 2618 815 2673 κακδν
847 2621 1131 2689 εἰσήνεγκε
1153 2615 1394 2669 τοιοῦτον
1418 2617 1529 2680 τοῖς
1562 2615 1620 2667 έν
1650 2614 1772 2684 βίῳ.

511 2709 905 2764 Ἐπικατέθυσε
932 2708 980 2762 δ’
997 2709 1134 2779 αὐτῇ
1157 2707 1178 2738 ⁸
1203 2709 1298 2760 καὶ
1327 2707 1425 2777 τὴν
1451 2705 1846 2777 όμοζυγοῦσαν.

493 2801 697 2862 Κακοῑς
714 2799 757 2851 δ’
789 2798 1044 2863 ὲπαύξων
1073 2799 1144 2852 τά
1173 2797 1341 2864 κακά,
1363 2797 1458 2852 καὶ
1493 2794 1817 2868 προστιθεὶς
1862 2793 2062 2860 κακίω,

491 3003 706 3058 tristem
737 3000 969 3066 videret,
989 3000 1274 3056 exhaustis
1297 2999 1557 3054 omnibus
1589 2998 1644 3053 in
1674 2997 1870 3052 terat-io
1900 3012 2067 3068 pecu-

1595 310 2108 372 CONSTANTINI
2148 307 2526 369 MANASSIS

2090 424 2137 482 Α
2169 416 2420 486 Εὐνούχῳ
2453 416 2474 446 ³
2524 411 2948 484 προσηρμόσατο
3001 411 3135 484 πρὸς
3163 407 3351 482 λέχους
3374 413 3395 444 ⁸
3433 413 3744 477 κοινωνίαν,

3635 301 3743 365 296

2177 505 2405 578 Ἐχαιρε
2435 506 2491 559 δὲ
2512 505 2833 576 κιθαρῳδοῖς
2863 505 2956 557 καὶ
2981 504 3196 572 γυναιξὶ
3224 503 3567 574 παιστρίαις,

2165 599 2276 654 Kal.
2310 599 2414 651 πᾶν
2446 597 2614 649 κακδν
2640 594 2733 648 καὶ
2765 595 2874 647 πᾶν
2901 593 3125 665 αἰσχρὸν
3153 584 3550 664 ἀρρητουργῶν
3577 593 3745 666 ὲπλήιο

3506 681 3626 754 [ρου
3656 683 3676 713 ⁷

2164 777 2269 830 Σὺν
2288 777 2606 846 ὀρχησταῖς,
2631 772 3212 843 γελοιασταῐς,μίμοις,
3241 774 3744 844 άρματοστρόφοις.

2166 869 2300 922 Τότε
2333 868 2426 922 καὶ
2461 867 2666 936 Πάρθοι
2692 866 2789 934 τὴν
2819 863 2993 935 ἀρχὴν
3017 865 3118 932 τῆς
3150 865 3427 934 Περσικῆς
3454 866 3639 934 ἰσχύος

2167 961 2258 1023 Εἰς
2281 959 2505 1022 ἑαυτοὺς
2536 958 2921 1029 παρέσπασαν,
2959 957 3174 1027 Πέρσας
3197 957 3586 1023 δεδουλωκότες

2177 1051 2264 1114 Ὠς
2298 1051 2355 1104 δὲ
2387 1049 2616 1112 πολλοὺς
2646 1051 2673 1101 ό
2706 1047 2950 1117 μυσαρὺς
2977 1047 2999 1078 ⁸
3028 1045 3217 1116 Νέρων
3248 1047 3420 1100 ἐδίδου
3466 1047 3635 1117 ξίφει,

2177 1141 2265 1202 Ὦς
2293 1139 2611 1210 ἀκροχάλιξ.
2643 1137 2718 1200 ὡς
2753 1136 2920 1207 ὑγρὸς
2959 1137 3142 1206 Χοῖρος
3169 1137 3580 1208 ἀκρατοπότης’

2180 1230 2321 1282 Ὑπὸ
2368 1229 2565 1289 παντὸς
2615 1227 2886 1298 μεμίσητο
2934 1225 3029 1278 τοῦ
3078 1225 3315 1294 πλήθους
3351 1231 3507 1296 μῖσος
3555 1228 3750 1300 ἀκρον,

2173 1320 2282 1373 Kal
2310 1319 2512 1382 πάντες
2541 1318 2951 1388 ἀπεστρέφοντο
2985 1317 3079 1370 καὶ
3099 1316 3199 1386 τήν
3227 1317 3440 1371 ἐκείνου
3472 1319 3601 1372 θέαν
3620 1337 3633 1349 ·

2169 1409 2404 1482 Aiaxpr
2443 1409 2552 1480 γὰρ
2582 1409 2804 1479 σύμπαν
2833 1408 2854 1439 ’
2882 1407 3149 1478 ἔπραττεν
3179 1410 3237 1460 ἐν
3263 1408 3451 1478 μέσοις
3479 1411 3588 1472 tui;
3620 1409 3756 1463 θεά-

3478 1504 3673 1576 [τροις.

2171 1602 2266 1671 Μὴ
2299 1603 2480 1654 τοίνυν
2506 1599 2826 1669 ἀνεχόμενοι
2860 1599 3126 1669 Ῥωμαῖοι
3151 1599 3326 1652 ταῦτα
3352 1598 3595 1668 βλέπειν,

2173 1691 2325 1763 Μηδὲ
2349 1690 2622 1744 δουλεύειν
2671 1690 2928 1759 φέροντες
2959 1690 3305 1760 ήνιοστρόῳῳ
3362 1689 3535 1759 μίμῳ.

2093 1763 2140 1822 Β
2182 1782 2442 1852 Ἐπῆὶθον
2475 1781 2884 1852 ἀναιρήσοντες.
2911 1781 3080 1833 Τοῦτο
3106 1780 3164 1832 δὲ
3203 1782 3366 1849 γνοὺς
3399 1783 3426 1832 ὁ
3451 1781 3644 1849 Νέρων

2172 1875 2348 1928 Λὺτδν
2373 1873 2754 1944 διεχειρίσατο,
2784 1870 2930 1924 τοῦτ’
2963 1871 3206 1924 ἐπειπὼν
3230 1871 3288 1924 ὲν
3327 1872 3504 1925 τέλει·

2175 1985 2193 2017 ε
2230 1960 2374 2030 Οἷον,
2405 1960 2450 2018 ὢ
2484 1965 2609 2029 Ζεῦ,
2639 1963 2939 2034 κιθαρῳδὸν
2970 1965 2996 2016 ό
3031 1963 3145 2032 βίος
3173 1963 3504 2033 ζημιοῦταιί
3538 1981 3556 2013 ι

2180 2059 2318 2125 Ἔτη
2343 2059 2626 2128 κρατήσας
2650 2058 2889 2126 τέσσαρα
2926 2055 3062 2126 πρὸς
3093 2056 3493 2124 πληρεστάτοις
3513 2055 3646 2107 δέκα
3685 2055 3752 2108 '°.

2175 2150 2384 2212 Γάλϐας
2412 2148 2649 2218 κατῆρξε
2679 2147 2798 2218 μετ’
2833 2147 3016 2208 αὐτὸν,
3053 2148 3146 2200 καὶ
3177 2149 3296 2216 μετ’
3319 2149 3526 2200 ἐκεῖνον
3549 2146 3758 2211 Ὄθων,

2181 2240 2245 2292 '0
2288 2240 2386 2309 μὲν
2421 2239 2562 2291 ὲπτά
2595 2239 2931 2309 γευσάμενος
2962 2239 3136 2308 μῆνας
3181 2239 3274 2291 τοῦ
3304 2239 3537 2309 κράτους
3568 2237 3756 2308 μόνον.

2180 2331 2243 2386 Ὀ
2270 2331 2317 2384 δ’
2339 2330 2459 2384 οὐδὲ
2483 2330 2643 2384 πλέον
2661 2330 2768 2383 τῶν
2785 2330 2950 2402 τριῶν
2975 2331 3162 2400 μηνῶν
3191 2332 3755 2401 σκηπτροκρατήσας.

2168 2423 2280 2476 Kal.
2318 2421 2436 2492 μετ’
2471 2422 2657 2475 αὐτῶν
2685 2422 2723 2453 ¹¹
2770 2421 3064 2486 Βιτέλλιος,
3100 2423 3157 2485 ὃς
3191 2425 3303 2484 τοῖς
3333 2421 3760 2492 ἀστερολέσχαις

2169 2513 2516 2583 Κηρὺγματα
2551 2513 2907 2584 προστέθεικε
2935 2513 3161 2581 φεύγειν
3197 2513 3255 2576 ἐξ
3297 2514 3529 2575 Ἰταλίας
3557 2529 3568 2541 ·

2169 2605 2232 2657 Οἱ
2265 2603 2312 2656 δ’
2342 2601 2872 2671 άντιπροτεθείκασι·
2901 2621 2920 2654 ι
2956 2602 3127 2672 Φεῦγε
3157 2603 3250 2655 τοῦ
3281 2603 3417 2672 βίου,
3452 2604 3691 2672 Καῖσαρ,
3729 2619 3749 2654 ι

2169 2693 2282 2746 Καὶ
2310 2693 2410 2762 τὴν
2447 2693 2662 2764 ήμέραν
2722 2693 3036 2763 γράψαντες
3067 2693 3190 2747 καθ’
3235 2696 3302 2766 ἢν
3337 2694 3712 2762 ἀποκτανθιξη
3739 2707 3754 2721 ·

2167 2785 2359 2855 Μῆνας
2391 2784 2536 2838 ὀκτὼ
2567 2785 2847 2855 κρατήσας
2871 2785 2981 2856 γάρ
3011 2784 3172 2856 ἔργον
3193 2785 3469 2857 μαχαίρας
3501 2785 3660 2855 ὤφθη
3688 2787 3755 2840 η.

3421 2876 3572 2933 Vers.
3611 2877 3750 2932 205i

2167 3010 2461 3084 quemdam
2486 3025 2648 3066 suum
2684 3009 2942 3082 coniugio
2971 3009 3076 3065 sibi
3105 3010 3407 3080 copulavit.
3433 3010 3760 3064 Delectaba-

495 3096 620 3158 niis,
646 3095 713 3148 de
740 3093 992 3149 convivio
1025 3106 1256 3162 surgens
1283 3090 1518 3158 interfici
1549 3087 1815 3159 quosdam
1841 3088 2070 3172 Opulen-

2175 3110 2266 3156 tur
2305 3111 2361 3155 et
2404 3099 2746 3163 citharaadis,
2800 3099 2978 3168 iisque
3029 3099 3372 3154 mulierculis
3418 3114 3540 3170 quae
3583 3099 3759 3154 risum

493 3195 581 3242 tos
607 3185 794 3256 jussit,
818 3197 995 3253 eoque
1031 3191 1190 3252 pacto
1221 3191 1430 3236 tantum
1466 3196 1575 3234 non
1602 3189 1790 3250 stagna
1818 3178 2065 3248 quredam

492 3278 615 3333 auri
647 3284 978 3330 consecutus
1004 3281 1107 3327 est.
1137 3272 1384 3338 Quodam
1409 3273 1850 3342 temporclutum
1886 3271 2069 3328 Romae
2090 3268 2102 3278 ’

493 3370 550 3421 in
612 3367 900 3435 angiporto
958 3363 1310 3431 conspicatus
1370 3363 1650 3416 mandavit
1706 3372 1766 3416 ut
1819 3361 1954 3417 illud
2013 3361 2068 3414 in

493 3455 848 3526 Vespasiani,
885 3453 981 3524 qui
1035 3463 1151 3508 tum
1195 3453 1372 3508 aedilis
1417 3464 1572 3518 erat,
1618 3453 1800 3509 sinum
1826 3454 2066 3524 conjice-

493 3537 670 3605 re’tur.

567 3639 862 3696 Interfecto
893 3647 1077 3693 autem
1107 3637 1164 3692 in
1195 3637 1342 3708 regia
1365 3636 1501 3693 Gaio
1531 3646 1654 3706 post
1683 3652 1886 3691 annum
1918 3638 2067 3707 regni

494 3741 774 3802 quartum,
801 3729 1063 3785 Claudius
1091 3727 1322 3798 sceptris
1350 3727 1405 3782 in
1441 3742 1500 3782 se
1531 3728 1808 3782 translatis
1839 3729 2069 3798 imperio

494 3821 704 3890 potitus
742 3833 848 3874 est.
882 3819 1014 3872 Erat
1047 3818 1095 3872 is
1122 3817 1260 3871 adeo
1296 3817 1682 3873 formidolosus
1707 3829 1868 3888 atque
1899 3819 2070 3889 trepi-

493 3913 619 3977 dus,
651 3922 710 3966 ut
742 3911 1069 3965 accedentes
1104 3909 1170 3964 ad
1216 3925 1274 3964 se
1314 3909 1562 3979 perquiri
1593 3908 1762 3963 vellet
1786 3924 1917 3962 num
1946 3907 2070 3977 quis

493 4004 634 4058 forte
682 4003 921 4073 gladium
971 4001 1029 4056 in
1078 4002 1201 4057 sinu
1256 4001 1502 4055 abditum
1553 4007 1810 4071 gestaret.
1837 3999 1993 4065 Quod
2024 3999 2068 4053 si

495 4093 809 4147 convivium
843 4091 1128 4146 celebrare
1167 4091 1251 4144 sui
1291 4089 1634 4145 exhilarandi
1685 4104 1849 4144 causa
1885 4089 2066 4154 vellet,

495 4185 692 4240 armati
724 4185 926 4238 milites
954 4191 1013 4238 et
1037 4184 1302 4238 satellites
1333 4183 1784 4238 circumstabant.
1810 4181 1946 4238 Cum
1975 4197 2072 4235 au-

498 4289 606 4332 tem
639 4291 813 4329 annos
838 4275 1100 4329 tredecim
1126 4273 1396 4343 exegisset
1430 4273 1486 4326 in
1520 4272 1774 4342 imperio,
1810 4271 1894 4325 vir
1924 4271 2072 4326 timi-

499 4367 763 4422 dissimus
798 4379 1016 4419 veneno
1046 4364 1294 4419 sublatus
1327 4371 1432 4418 est.

2176 3192 2476 3256 concitant,
2503 3201 2558 3244 et
2583 3206 2708 3245 cum
2757 3189 3134 3254 saltatoribus,
3164 3189 3503 3260 ludionibns,
3541 3189 3756 3248 mimis.

2175 3282 2496 3337 cantoribus
2545 3297 2709 3335 onme
2760 3281 2974 3336 facinus
3025 3281 3336 3350 improbum
3386 3280 3757 3350 perpetrabat,

2177 3391 2278 3429 nec
2327 3375 2397 3428 ab
2445 3374 2552 3427 ulla
2603 3373 2944 3443 turpitudine
2993 3372 3325 3428 abstinebat.
3381 3373 3436 3426 Id
3491 3371 3767 3440 temporis

2175 3467 2340 3520 etiam
2371 3464 2559 3519 Parthi
2593 3465 2874 3519 Persicum
2917 3481 3142 3535 regnum
3183 3465 3247 3519 ad
3281 3480 3338 3518 se
3367 3464 3758 3530 traduxerunt,

2178 3557 2360 3612 Persis
2391 3556 2445 3610 in
2480 3558 2803 3611 servitutem
2837 3556 3095 3611 redactis.
3127 3555 3262 3611 Cum
3291 3565 3474 3609 autem
3508 3555 3762 3623 impurus

2179 3648 2268 3703 hic
2295 3647 2442 3703 Nero
2474 3649 2678 3702 multos
2704 3646 2882 3717 gladio
2910 3647 3252 3711 sustulisset,
3295 3647 3460 3701 homo
3489 3646 3761 3701 nimirum

2178 3754 2348 3809 porco
2376 3739 2571 3793 similis
2601 3747 2660 3792 et
2687 3754 2896 3792 merum
2928 3739 3361 3808 intemperanter
3393 3737 3761 3808 ingurgitans,

2178 3831 2507 3883 acerrimum
2541 3828 2788 3881 omnium
2817 3827 3072 3881 ordinum
3107 3829 3294 3882 odium
3323 3837 3514 3882 contra
3541 3843 3597 3882 se
3627 3843 3765 3881 con-

2178 3918 2399 3981 citavit,
2451 3919 2586 3971 adeo
2619 3917 2838 3986 quidem
2877 3925 2935 3970 ut
2981 3916 3102 3988 ejus
3149 3927 3502 3986 conspectum
3536 3933 3764 3987 quoque

2181 4025 2342 4064 nemo
2393 4025 2502 4063 non
2555 4018 2928 4065 aversaretur.
2986 4009 3120 4064 Nam
3173 4009 3472 4065 fcedissima
3526 4025 3764 4078 qumque

2181 4100 2360 4154 media
2392 4099 2444 4153 iu
2477 4101 2600 4154 aula
2629 4100 2972 4171 designabat.
3004 4101 3345 4170 QuaprOpter
3375 4100 3629 4167 Romani,
3663 4102 3764 4170 qui

2183 4189 2296 4243 hare
2338 4189 2575 4258 amplius
2615 4189 2820 4244 intueri
2870 4206 2978 4243 non
3032 4200 3250 4259 possent
3301 4206 3402 4244 nec
3444 4191 3650 4260 aurigae
3696 4207 3766 4246 ac

2181 4282 2350 4334 mimo
2381 4281 2591 4335 servire
2623 4282 2858 4345 vellent,
2900 4281 3165 4335 invadunt
3191 4283 3467 4336 hominem
3498 4293 3761 4351 tanquam

2184 4372 2574 4437 interfecturi;
2617 4389 2726 4442 quo
2766 4373 2857 4427 ille
2896 4373 3118 4442 cognito
3159 4389 3353 4428 manus
3390 4374 3619 4444 ipsemet
3653 4374 3760 4428 sib’

570 4460 748 4528 Atque
797 4456 870 4509 ita
914 4455 1146 4510 Claudio
1195 4470 1291 4525 per
1339 4455 1669 4510 veneﬁcium
1721 4455 2073 4524 interempto,
2109 4457 2151 4512 υ
2182 4463 2402 4528 attulit,
2466 4463 2554 4518 his
2609 4463 2676 4516 ad
2733 4473 3043 4518 extremum
3106 4465 3289 4519 verbis
3347 4465 3716 4534 pronuntiatis
3746 4483 3766 4522 ;

495 4553 640 4606 Nero
670 4547 944 4618 parricida
978 4546 1315 4616 nequissime
1347 4546 1656 4600 Romanum
1695 4545 1990 4615 imperium
2023 4543 2079 4598 in

498 4657 558 4697 se
589 4639 890 4695 transtulit.
928 4639 1059 4692 Erat
1090 4638 1179 4692 ille
1218 4638 1491 4701 lascivus,
1528 4638 1778 4707 impurus
1800 4676 1816 4701 ,
1853 4636 2082 4690 luxuria:

495 4729 691 4804 plenus
715 4773 728 4797 ,
776 4731 913 4803 gulae
971 4729 1273 4800 ventrique,
1307 4728 1528 4783 deditus
1550 4769 1564 4793 ,
1601 4729 1849 4786 vinosus.
1881 4727 2082 4781 Multos

495 4825 870 4880 acerbissimis
901 4823 1187 4892 suppliciis
1219 4822 1438 4885 allecit,
1474 4823 1617 4875 inter
1643 4836 1784 4890 quos
1821 4829 1877 4874 et
1907 4827 2082 4873 mater

504 4917 679 4986 ipsius
709 4917 847 4981 fuit;
879 4931 1040 4984 quam
1079 4914 1310 4968 fortasse
1341 4914 1466 4983 quis
1505 4928 1614 4966 non
1655 4911 1931 4966 immerito
1973 4924 2082 4963 cte-

498 5023 612 5061 sam
648 5006 869 5069 dixerit,
899 5006 1045 5075 quod
1081 5015 1187 5059 tam
1224 5005 1532 5074 improbum
1563 5002 1889 5057 mortalibus
1921 5001 2072 5069 prin-

498 5097 676 5166 cipem
711 5097 870 5151 enixa
900 5098 1082 5152 fuerit.
1113 5099 1414 5152 Parricidio
1440 5106 1620 5152 autem
1654 5095 1903 5166 conjugis
1932 5109 2074 5163 quo-

499 5205 606 5260 que
644 5189 1030 5243 maetationem
1067 5191 1284 5262 adjecit.
1316 5191 1424 5262 42
1459 5191 1707 5261 Cumque
1740 5190 1882 5243 mala
1917 5189 2075 5242 malis

498 5289 554 5335 ct
618 5277 842 5348 quidem
906 5269 1227 5336 fmdioribus
1280 5283 1623 5346 cumularet,
1673 5278 2072 5334 cubicularium

2187 4571 2205 4604 ι
2233 4555 2484 4620 Qualem,
2521 4568 2555 4607 o
2592 4553 2830 4622 Jupiter,
2880 4554 3246 4610 eithartedum
3287 4557 3547 4612 mortales
3596 4557 3766 4612 aruit-

2180 4651 2300 4698 tunt
2332 4644 2344 4696 l
2386 4661 2404 4694 ι

2251 4733 2380 4787 Post
2415 4732 2690 4788 Neronem
2735 4732 2907 4788 Galba
2945 4735 3178 4806 Imperio
3229 4740 3438 4806 potitus
3485 4746 3588 4802 est,
3637 4747 3769 4806 post

2179 4823 2406 4878 Galbam
2440 4822 2604 4888 Otho,
2642 4833 2765 4894 post
2799 4835 3094 4896 utrumque
3125 4828 3406 4893 Vitellius;
3439 4829 3532 4898 qui
3562 4829 3767 4884 edictis

2181 4918 2480 4985 propositis
2505 4918 2812 4988 astrologos
2835 4919 2986 4972 Italia
3015 4919 3181 4990 jussit
3210 4920 3496 4974 excedere.
3524 4920 3603 4973 Illi
3627 4935 3766 4973 vero

2181 5004 2406 5073 scriptis
2430 5005 2672 5060 vicissim
2699 5009 2995 5077 propositis
3020 5009 3456 5078 responderunt:
3489 5029 3507 5060 ε
3525 5009 3605 5063 Tu
3623 5010 3763 5076 vita,

2179 5092 2384 5160 Caesar,
2416 5097 2691 5151 exeedito.
2725 5117 2742 5149 ι
2799 5098 2974 5154 Simul
3027 5094 3204 5169 ipsum
3259 5101 3402 5155 diem
3448 5100 3768 5154 indicarunt

2181 5201 2293 5256 quo
2329 5188 2750 5243 interficiendos
2789 5199 2957 5246 esset.
2989 5190 3175 5260 itaque
3210 5193 3490 5246 mensibus
3520 5201 3652 5246 octo
3677 5207 3768 5245 re-

2185 5296 2305 5334 rum
2336 5281 2541 5352 potitus
2569 5281 2749 5352 gladio
2778 5297 2950 5337 caesus
2985 5282 3166 5351 periit.

1655 5394 1855 5456 Varia:
1901 5391 2212 5453 lectiones
2256 5403 2318 5456 et
2362 5403 2552 5457 notis.

572 5510 620 5544 η
659 5513 836 5548 λύσιν..-

572 5513 620 5544 ’³
656 5513 836 5582 ῥύμης
873 5514 935 5566 lt.
1035 5515 1080 5548 ⁸³
1113 5517 1268 5571 Hunc
1298 5533 1511 5573 versum
1537 5537 1661 5574 cum
1695 5524 1974 5592 sequentil

499 5583 638 5654 co_tl_d
728 5585 890 5654 Πομ..
922 5597 1237 5652 sequentem
1271 5591 1454 5641 ambo.
1523 5591 1864 5648 δισκαίδεκα.
1907 5593 1974 5648 Β.

497 5648 660 5728 ABR.
740 5656 784 5728 _“
808 5648 1090 5728 γάμου-Π.
1188 5657 1206 5686 ⁷
1240 5657 1414 5709 ἐτέλει
1440 5659 1601 5712 ABR.

498 5725 694 5783 αὐτοὺς
725 5725 786 5775 Α.
867 5726 907 5755 ¹²
940 5725 1096 5782 Hunc
1133 5742 1354 5782 versum
1394 5745 1504 5783 om.
1536 5729 1651 5784 RB.

1035 5515 1080 5548 ⁸³
1113 5517 1268 5571 Hunc
1298 5533 1511 5594 versum
1529 5537 1661 5594 _cum
1695 5524 1945 5594 sequenti
1971 5538 2081 5578 om.
2116 5526 2277 5579 codd.
2323 5524 2457 5594 Reg.

2537 5527 2553 5555 ι
2584 5525 2720 5596 πρὸς
2750 5524 2864 5580 ΑΒ.
2937 5524 3136 5596 “Iuno
3163 5541 3376 5596 versum
3407 5542 3516 5582 om.
3550 5543 3690 5581 unus
3730 5544 3764 5582 e

2090 5595 2227 5667 fzijv
2249 5594 2413 5667 aito?)
2438 5594 2503 5667 R_.
2577 5595 2600 5626 ‘
2631 5594 2760 5667 btet
2788 5595 3086 5650 κατέθυσεν
3117 5596 3286 5667 αὐτὴν
3313 5595 3377 5650 lt.
3452 5599 3472 5628 '
3503 5597 3764 5664 εὐνοῦχον

1698 5665 1718 5696 ⁸
1754 5667 1994 5750 ὁυπαρὸς
2027 5664 2136 5720 AR.

2247 5666 2268 5697 ’
2292 5665 2440 5719 ἅπαν
2469 5663 2534 5720 R.
2615 5666 2658 5698 ιο
2691 5665 2850 5722 lluue
2885 5682 3029 5722 vers.
3065 5682 3174 5722 om.
3205 5663 3268 5718 Η.
3373 5669 3412 5699 ¹¹
3441 5667 3608 5721 αὐτοῦ
3642 5663 3760 5721 ΚΒ.
