4136 6426
351 445 465 511 29⁸1

1516 438 2025 500 COMPENDIUM
2065 440 2551 503 CIIRONICUM.

3536 422 3643 517 2‘93
3690 537 3700 547 υ

438 562 656 618 Ιιὀύστων
680 558 952 612 λιπόντων
980 558 1082 627 τὴν
1102 556 1286 629 ,ἀρχὴν
1311 555 1408 609 καὶ
1437 556 1535 609 σὺν
1556 556 1693 626 αὐτῇ
1716 558 1805 608 z’m
1839 554 1957 624 βίον
1987 582 2032 633 Α
2061 556 2180 610 Κᾶν
2207 552 2348 628 ἦσαν
2378 558 2535 612 ἄλλαι
2565 557 2810 624 πλείονες
2839 560 3007 632 ἀρχαὶ
3042 562 3137 616 καὶ
3172 562 3465 634 βασιλεῖαι,

364 655 604 727 Στρατδς
631 649 1036 720 Οὐεσπασιανῷ
1083 648 1380 720 ψηφίζεται
1402 649 1463 702 τὸ
1493 648 1715 719 κράτος,

366 751 448 804 T6
469 747 661 810 κάλλος
704 742 1084 814 περικείροντι
1111 743 1209 810 τῆς
1259 740 1524 803 Ἰουδαίας
1553 740 1701 795 τότε.

367 842 643 903 Κάκεῖνος
678 838 778 907 μὲν
813 835 1074 907 άπῴχετο
1105 833 1492 905 ναυστοληθείς
1521 834 1660 903 πρὸς
1706 832 1948 905 Ῥώμην,

366 934 476 988 Τὸν
495 933 556 986 δὲ
579 916 1027 1002 γενναιοκόιρδιὸν
1062 928 1176 981 υἱὸν
1208 926 1374 979 αὐτοῦ
1409 925 1501 980 τὸν
1532 926 1691 979 Τῖτον

377 1021 736 1095 Ἰερουσαλὴμ
768 1020 1084 1089 πολιορκεῖν
1113 1016 1294 1085 ἀφῆκε
1326 1015 1423 1069 σὺν
1455 1015 1709 1086 δυνάμει,

376 1114 782 1185 Ἀναγορεύσας
812 1111 1073 1179 Καίσαρα
1101 1108 1344 1177 διάδοχον
1374 1105 1467 1160 τοῦ
1495 1108 1734 1177 κράτους
1756 1122 1771 1136 ·

370 1211 474 1271 Ὃς
499 1206 645 1278 μετὰ
685 1202 915 1274 μόχθους
947 1199 1167 1263 ἱκανοὺς
1196 1198 1291 1251 καὶ
1320 1197 1420 1262 τὰς
1446 1197 1847 1268 ἀνδροκτασίας

366 1300 485 1354 Καὶ
513 1297 614 1361 τὰς
661 1294 934 1355 θαλάσσας
985 1290 1095 1346 τῶν
1139 1288 1348 1361 συχνῶν
1398 1288 1648 1359 αἱμάτων
1685 1286 1782 1342 καὶ
1824 1286 1951 1349 τοὺς

1705 1377 1946 1451 [φόνους,

377 1481 506 1551 Ὑφ’
533 1474 612 1535 ὧν
645 1476 1156 1549 κατηρυθρώθησαν
1185 1474 1325 1528 Σιὼν
1349 1474 1405 1528 αί
1437 1472 1688 1535 πεδιάδες

366 1574 483 1629 Καὶ
499 1571 702 1643 δόρατα
724 1568 982 1639 γεγόνασι
1007 1566 1358 1639 λυθρόιρυρτα
1395 1563 1439 1596 ⁸³
1466 1564 1562 1617 καὶ
1586 1562 1740 1633 ξίςρη,

378 1664 635 1727 Ἀσπίδες
664 1662 1092 1731 αἱμοφόρυκτοι,
1119 1658 1472 1728 φονοσταγεῖς
1486 1647 1760 1726 παλάμαι,

364 1757 539 1818 Τέλος
571 1752 994 1824 περιγενόμενος
1032 1749 1244 1813 πόλεως
1275 1750 1374 1818 τῆς
1407 1746 1592 1810 όλὸίας

362 1848 479 1908 Τὰς
502 1845 708 1916 ὀχυρὰς
726 1842 1018 1911 οἰκοδομὰς
1050 1841 1149 1894 καὶ
1179 1840 1426 1911 πύργους
1457 1838 1584 1901 τοὺς
1635 1834 1947 1907 εὐπύργους

365 1937 735 2006 Πυριφὶ.εγεῖς
764 1934 1035 2003 πεποίηκε
1067 1932 1166 1986 καὶ
1197 1932 1288 1984 τὸν
1318 1929 1442 1984 ναὸν
1470 1928 1711 1992 καθεῖλε,

365 2028 547 2089 Πολλὰ
571 2025 830 2088 πολλάκις
856 2026 942 2078 ἐπ’
965 2023 1115 2094 αὐτῷ
1145 2021 1407 2088 στενάξας
1448 2020 1542 2074 καὶ
1576 2017 1876 2089 δακρύσας,

364 2121 478 2174 Καὶ
506 2118 663 2174 πόλιν
691 2118 792 2186 τὴν
812 2114 1117 2187 περικαλλῆ
1140 2113 1239 2184 τὴν
1279 2111 1790 2182 μυριανδρουμένην
1825 2109 1869 2140 ³⁵

385 2209 817 2280 ’Βσεολωμένην
843 2207 1084 2271 τέθεικε,
1108 2204 1300 2275 καπνῷ
1327 2205 1771 2275 μεμορυγμένην,

375 2304 465 2367 Ὡς
488 2304 816 2372 περιστῆναι
844 2300 945 2370 τὴν
973 2297 1177 2368 πολλὴν
1197 2298 1416 2367 ἐκείνην
1450 2295 1740 2365 εὐανδρίαν

364 2390 461 2451 Et;
491 2390 698 2458 ἄπορον
728 2387 825 2441 καὶ
867 2384 1168 2455 Σκυθικὴν,
1205 2386 1232 2438 ὅ
1261 2400 1446 2453 φασιν,
1478 2382 1733 2453 ἐρημίαν.

368 2480 614 2552 Παρέτου
642 2478 940 2549 γενομένου
971 2478 1030 2531 δὲ
1051 2476 1144 2530 τοῦ
1174 2478 1441 2548 κράτορος
1471 2477 1535 2528 ἐκ
1564 2474 1773 2544 γήρους

367 2572 481 2626 Καὶ
515 2570 658 2641 νόσῳ
691 2567 1100 2630 καταλύσαντος
1124 2566 1216 2620 τὸν
1250 2566 1365 2635 βίον
1394 2566 1490 2619 καὶ
1516 2565 1578 2618 τὸ
1600 2564 1827 2635 κράτος,

373 2663 559 2716 Ἐτεσι
577 2659 999 2732 βασιλεύσαντος
1020 2660 1083 2713 ού
1118 2658 1293 2712 πλείω
1313 2658 1422 2711 τῶν
1450 2659 1629 2722 ἐννέα,

370 2757 532 2818 Τῖτος
571 2752 857 2825 παρῆλθεν
886 2753 966 2815 είς
996 2751 1151 2816 αὐτὸ,
1181 2751 1325 2815 θεῖος
1354 2750 1496 2821 ἀνὴρ
1526 2751 1621 2803 καὶ
1646 2751 1843 2821 πρᾶος,

367 2847 534 2918 Ἀνὴρ
575 2845 1031 2916 φιλοδωρότατος,
1067 2842 1357 2914 προετικὺς
1400 2841 1704 2913 χρημάτων
1740 2842 1804 2906 ¹⁶,

369 2940 484 2993 Καὶ
504 2939 608 3009 τῆς
630 2937 807 3010 ἀρχῆς
827 2936 1085 3001 κατάξιος
1113 2936 1321 3006 καὶτῆς
1352 2932 1674 3004 ἡγεμονίας,

441 3190 808 3259 Posteaquam
856 3188 913 3242 hi
958 3196 1015 3242 et
1062 3184 1368 3257 imperandi
1411 3194 1469 3242 et
1520 3184 1740 3240 vivendi
1789 3184 1953 3240 linem

2067 649 2180 701 Καὶ
2209 648 2413 714 ταύτας
2435 648 2510 702 ὣν
2539 650 2764 715 ensem;
2789 651 2998 706 διέπειν
3029 655 3124 708 καὶ
3155 656 3418 726 συνέχειν.

2063 741 2266 795 Τούτου
2299 742 2357 795 τὺ
2388 742 2751 814 περιλάλητον
2773 744 2868 797 καὶ
2897 743 3212 814 θαυμαστὶν
3243 749 3423 801 ἐκεῖνο

2070 850 2089 884 ι
2129 834 2242 886 Οὐκ
2273 832 2542 903 ἐγενόμην
2566 832 2818 904 βασιλεὺς
2849 835 3091 907 τήμερον
3129 837 3172 869 ³⁸
3214 838 3334 891 οὐδὲ
3367 838 3589 911 κράτωρ
3623 853 3641 872 ο

2064 923 2264 978 Οὐδένα
2293 925 2401 999 γὰρ
2423 926 2773 998 κατήδτλησα
2806 928 3044 997 ῥείθροις
3068 930 3416 1000 εὐεργεσίας.
3472 950 3491 982 ι

2062 1015 2266 1069 Τούτου
2296 1016 2358 1069 τὸ
2391 1017 2770 1088 πολυύμνητον
2799 1020 2976 1071 ἐκεῖνο
3011 1020 3105 1071 καὶ
3134 1022 3383 1088 γενναῖον
3401 1038 3414 1050 °

2068 1127 2087 1160 ι
2122 1109 2195 1161 Ού
2224 1108 2328 1180 χρὴ
2351 1109 2444 1162 τὸν
2472 1109 2815 1180 θεασάμενον
2838 1110 3134 1182 πρόσωπον
3169 1112 3440 1182 βασιλέως

2062 1198 2443 1254 Παλιννοστεϊν
2470 1201 2769 1273 περίλυπον
2800 1202 2857 1255 ὲν
2880 1204 3225 1274 σκυθρωποῖς
3249 1205 3582 1275 προσώποις.
3614 1223 3635 1259 ι

2077 1290 2205 1343 Λλλ’
2237 1289 2374 1360 ἔφθη
2406 1294 2816 1363 προαρπάσασα
2847 1294 3001 1357 νόσος
3036 1294 3070 1364 ἡ
3111 1294 3429 1365 παλαμναία

2062 1383 2173 1454 Πρδ
2202 1384 2393 1455 χρόνου
2421 1386 2512 1437 τὸν
2559 1385 2865 1453 πανδέξιον,
2900 1386 3236 1456 κρατήσαντ’
3254 1386 3350 1459 ἔτη
3378 1387 3493 1444 δύο.

2060 1476 2267 1550 Τροχοῦ
2298 1476 2341 1530 δ’
2367 1476 2648 1546 ὴᾶστατος
2691 1478 2830 1548 φορὰ
2852 1479 2946 1531 καὶ
2979 1479 3008 1531 6
3033 1476 3224 1542 πεττὺς
3249 1483 3349 1549 τῆς
3368 1479 3542 1552 τύχης

2060 1569 2262 1633 Κακῶς
2290 1567 2366 1641 τῷ
2396 1570 2710 1639 Δομετιανῷ
2733 1569 2793 1622 τὸ
2817 1568 3019 1638 κράτος
3049 1570 3369 1641 ἐγχειρίζει,

2057 1657 2247 1711 Φυέντι
2284 1658 2384 1728 μὲν
2415 1659 2479 1711 ὲκ
2509 1659 2616 1712 τῶν
2653 1658 2832 1711 αὐτῶν
2854 1658 3190 1729 σπερμάτων
3222 1658 3280 1723 ἐξ
3313 1652 3389 1713 ὧν
3443 1661 3627 1726 Τῖτος,

2060 1749 2228 1803 Οὐδὲν
2258 1750 2313 1804 δὲ
2352 1750 2574 1821 φέροντι
2607 1749 2789 1804 κοινὸν
2817 1750 2929 1825 οὐδ’*
2954 1750 3183 1819 ἀδελφὸν
3213 1749 3256 1781 ⁸⁷
3290 1752 3428 1823 πρὸς
3456 1752 3642 1819 Τῖτον,

2071 1843 2157 1907 Ὠς
2180 1838 2405 1897 εἶναιτὸ
2436 1843 2804 1914 θρυλούμενον
2832 1842 3144 1914 πανάληθες
3173 1846 3350 1896 ἐκεῖνο
3382 1844 3423 1876 ’⁸
3453 1860 3469 1875 ⁶

1983 1949 2023 2002 Β
2062 1955 2081 1987 ι
2116 1935 2278 2005 Ἀμὶς
2296 1937 2393 1989 καὶ
2410 1937 2760 2006 ποτιστήριον
2792 1936 2857 1988 ἐκ
2886 1934 2987 2006 τῆς
3018 1935 3191 2006 αὐτῆς
3231 1934 3411 2001 ὑέλου,

2054 2027 2391 2098 Ποδονιπτὴρ
2413 2028 2505 2079 καὶ
2529 2026 2798 2081 κύπελλον
2816 2029 2879 2081 ὲκ
2897 2027 3006 2080 τῶν
3026 2027 3207 2081 αὐτῶν
3222 2028 3494 2097 χωμάτων
3522 2028 3587 2081 ¹⁹.
3612 2047 3633 2079 ι

2052 2115 2163 2173 Ἦν
2180 2120 2251 2188 γὰ
2260 2137 2290 2190 ρ
2313 2120 2759 2191 έρασιχρήματος
2781 2120 2851 2184 ³⁸⁵,
2872 2119 3118 2187 κάπηλος
3140 2118 3250 2171 τῶν
3272 2120 3638 2190 πραγμάτων,

2051 2211 2231 2281 mea“
2250 2213 2499 2283 αἱμάτων
2520 2214 2616 2266 καὶ
2635 2211 2881 2282 σφαγῶν,
2904 2211 3167 2283 μάγειρος
3185 2211 3293 2264 τῶν
3312 2211 3408 2264 ἀνθ
3416 2211 3639 2283 ρώπων,

2052 2302 2394 2373 Κρεανομῶν
2419 2302 2781 2372 ἁσυμπαθῶς,
2813 2301 3169 2373 βρυχώμενος
3196 2301 3272 2365 ὡς
3302 2301 3457 2355 λέων.

2053 2395 2244 2466 Τούτῳ
2272 2396 2505 2466 προεῖπέ
2532 2413 2615 2459 τις
2640 2396 2803 2465 σοφὸς
2837 2397 2978 2465 ἀνὴρ
3015 2395 3059 2425 ¹¹
3090 2394 3489 2466 ἀστερολέσχης

2053 2485 2190 2537 Πότε
2219 2485 2312 2537 καὶ
2336 2485 2452 2549 πῶς
2483 2485 2823 2550 τεθνήξεται,
2859 2485 2944 2548 τίς
2979 2482 3098 2555 μετ’
3139 2483 3303 2537 αὐτὸν
3334 2486 3594 2556 κατάρξει
3620 2500 3639 2520 ο

2065 2574 2126 2628 '0
2149 2575 2204 2627 δὲ
2232 2575 2733 2647 παραστησάμενος
2768 2578 2937 2645 ἐγγυς
2964 2577 3055 2629 τὸν
3091 2579 3440 2648 ἀστρολόγον,

2058 2687 2077 2719 ι
2111 2668 2201 2720 Σοὶ⁵
2220 2669 2286 2734 δ’,
2321 2667 2446 2740 ἔφη,
2479 2669 2664 2737 πόσος,
2687 2668 3119 2740 ἄειθρωπε,ζωῆς
3134 2670 3281 2725 ἐστιν
3297 2673 3342 2703 ’⁸
3370 2672 3397 2724 6
3414 2673 3638 2742 χρόνος

2052 2762 2162 2815 Καὶ
2185 2759 2299 2825 πῶς
2320 2762 2416 2814 καὶ
2449 2761 2578 2813 πότε
2598 2761 2881 2832 τελευτᾷς,
2913 2762 3005 2813 καὶ
3026 2762 3181 2814 ποῖόν
3203 2781 3285 2816 σοι
3307 2764 3365 2816 τὸ
3392 2764 3542 2827 τέλο;
3563 2782 3580 2830 ;
3611 2783 3633 2817 ι

2051 2854 2294 2908 Ἐκείνου
2330 2854 2385 2907 δὲ
2404 2853 2739 2923 λαλήσαντος
2768 2854 2978 2922 τρανῶς
3009 2857 3102 2907 καὶ
3135 2856 3450 2927 φιλαλήθως

2055 2945 2235 3015 Ἀπερ
2257 2942 2419 2998 αὐτὸν
2437 2942 2716 2997 ἐδίδασκεν
2746 2944 2774 2997 ό
2806 2942 2917 2997 τῶν
2948 2944 3195 3016 ἀστέρων
3229 2945 3426 3016 δρόμος
3461 2944 3528 3010 ⁸³,

3311 3034 3466 3091 Vers.
3494 3034 3639 3089 21θὸ

2055 3213 2164 3252 non
2197 3197 2297 3263 fui,
2337 3198 2464 3268 quia
2505 3197 2783 3253 neminem
2814 3196 3081 3253 beneﬂcio
3110 3196 3289 3252 alfeci.
3321 3216 3339 3248 ο
3380 3196 3639 3266 Eiusdem

370 3283 654 3345 fecissent.
694 3282 974 3335 exercitus
1005 3278 1402 3348 Vestiasianum
1437 3277 1825 3348 imperatorem
1867 3291 1954 3330 rc-

2061 3299 2115 3344 et
2140 3289 2310 3344 altera
2335 3304 2440 3344 vox
2463 3289 2621 3345 valde
2650 3290 2874 3345 laudata
2899 3288 3131 3359 vi‘roque
3164 3302 3430 3360 generoso
3452 3288 3639 3359 digna,

370 3378 719 3441 nuntiarunt,
750 3374 844 3443 qui
878 3381 992 3426 tum
1024 3371 1287 3440 temporis
1304 3368 1547 3425 Iudaeam
1576 3368 1951 3424 exscindebat.

367 3469 560 3537 Itaque
586 3465 816 3520 Romam
865 3461 953 3515 ille
1003 3476 1126 3515 cum
1179 3459 1353 3516 classe
1391 3458 1672 3529 profectus
1701 3467 1807 3524 est,
1839 3473 1956 3510 tua-

368 3560 631 3632 gnanimo
662 3556 773 3611 [ilio
802 3571 903 3610 suo
928 3554 1054 3608 Tito
1084 3568 1207 3607 cum
1236 3552 1409 3623 οοιιὶἱε
1439 3552 1506 3606 ad
1534 3551 1950 3622 expugnandam

368 3651 806 3721 Hierosolymam
858 3647 1086 3711 relicto,
1135 3660 1261 3699 cum
1304 3643 1574 3700 Catsarem
1626 3659 1690 3698 ac
1737 3642 1956 3712 imperii

367 3756 749 3799 successorem
780 3739 934 3794 illum
971 3737 1334 3808 designasset.
1366 3733 1449 3789 Ab
1481 3749 1547 3790 eo
1578 3744 1701 3804 post
1730 3750 1957 3806 magnos

367 3839 614 3902 labores,
649 3833 828 3889 caedes
874 3831 1142 3902 quasique
1193 3830 1364 3885 maris
1398 3829 1452 3884 in
1493 3843 1703 3883 morem
1752 3828 1957 3883 eﬂ‘usos

368 3944 627 3994 cruores,
654 3928 855 3997 quibus
881 3940 1060 3995 campi
1094 3924 1277 3980 Sionis
1307 3921 1572 3978 rubefacti
1598 3931 1748 3988 sunt,
1773 3920 1957 3976 hasta-

370 4039 495 4077 tum
527 4021 946 4092 gladiorumque
978 4015 1381 4071 vibrationibus
1429 4013 1703 4083 respersi,
1736 4013 1955 4068 tandem

370 4114 513 4169 urbs
560 4114 821 4182 opulenta
855 4112 1127 4178 heataque
1153 4108 1208 4162 in
1244 4115 1569 4177 potestatem
1598 4105 1819 4159 redacta
1848 4111 1954 4170 est,

369 4206 587 4261 munita
617 4203 873 4267 aedilicia,
895 4215 1021 4256 cum
1044 4200 1292 4254 turribus
1313 4196 1546 4270 egregiis
1573 4196 1697 4267 igne
1726 4208 1955 4250 concre-

372 4307 546 4359 mata,
584 4295 847 4364 templum
879 4293 1061 4362 ipsum
1104 4290 1382 4354 deletum;
1420 4288 1579 4359 cujus
1610 4286 1829 4342 nomine
1857 4301 1956 4340 sm-

372 4404 679 4463 penumero
712 4388 872 4442 Titus
906 4382 1298 4454 ingemiscebat
1329 4390 1386 4437 et
1409 4379 1801 4452 illucrymabat.
1842 4376 1956 4433 Hoc

372 4483 543 4539 modo
568 4480 759 4536 urbem
780 4479 1211 4550 pulcherrimam
1227 4487 1281 4530 et
1296 4472 1775 4545 pupulosissimam
1793 4470 1848 4524 in
1869 4470 1955 4524 fu-

371 4590 528 4630 mum
548 4584 713 4643 atque
731 4575 948 4627 cineres
964 4567 1192 4637 redegit,
1207 4567 1283 4621 ita
1301 4575 1363 4621 ut
1385 4564 1785 4620 habitatoribus
1798 4570 1955 4617 antea

2063 3394 2188 3434 cum
2219 3379 2425 3434 diceret
2452 3394 2577 3434 eum
2606 3379 2701 3449 qui
2732 3379 2926 3434 faciem
2955 3380 3304 3449 imperatoris
3334 3380 3637 3443 intueatur,

2066 3468 2209 3524 tristi
2241 3468 2394 3523 vultu
2427 3468 2495 3522 ab
2524 3483 2590 3523 eo
2616 3468 2900 3524 discedere
2934 3484 3041 3523 non
3074 3468 3299 3524 debere.
3338 3468 3444 3523 Sed
3491 3470 3643 3523 enim

2065 3561 2293 3614 morbus
2359 3560 2581 3615 lethalis
2635 3569 2763 3614 ante
2829 3560 3105 3615 hominem
3174 3560 3641 3631 elegantissimum

2063 3652 2306 3721 abripuit
2332 3667 2495 3721 quam
2531 3650 2816 3704 biennium
2865 3651 3213 3720 imperasset;
3265 3666 3330 3706 ac
3370 3652 3643 3708 instabili;

2064 3754 2197 3797 rotae
2223 3756 2420 3796 cursus
2448 3757 2573 3796 cum
2600 3741 2717 3795 alca
2744 3740 2980 3795 fortuna:
3009 3740 3320 3795 Domitiano
3347 3742 3640 3812 imperium

2063 3835 2205 3888 male
2240 3833 2455 3888 detulit.
2488 3833 2619 3887 Erat
2649 3832 2695 3887 is
2728 3832 2950 3901 quidem
2980 3841 3142 3887 natus
3172 3832 3365 3887 iisdem
3398 3835 3646 3903 parenti-

2064 3923 2168 3979 bus
2195 3926 2396 3995 quibus
2424 3935 2479 3980 et
2504 3924 2664 3980 Titus
2693 3942 2708 3976 :
2745 3925 2841 3979 sed
2872 3924 3010 3978 nihil
3039 3939 3164 3979 cum
3198 3923 3322 3979 Tito
3349 3939 3644 3980 commune

2063 4029 2129 4070 ac
2172 4031 2492 4086 germanum
2535 4015 2794 4070 habebat.
2846 4014 2967 4081 Quo
3037 4016 3239 4069 factum
3298 4024 3358 4070 ut
3410 4016 3641 4070 verbum

2062 4106 2200 4161 illud
2225 4108 2387 4178 vulgo
2416 4107 2605 4162 tritum
2640 4108 2696 4162 in
2730 4108 2815 4163 his
2845 4122 3034 4162 verum
3084 4117 3234 4162 esset
3284 4126 3303 4159 ι
3332 4109 3535 4162 matula
3583 4118 3643 4163 et

2062 4199 2323 4270 poculum
2351 4213 2416 4252 ex
2442 4198 2638 4255 eodem
2667 4200 2830 4254 vitro.
2856 4220 2874 4251 ι
2908 4199 3121 4270 Quippe
3152 4199 3494 4259 Domitianus
3517 4216 3645 4255 ava-

2063 4305 2159 4345 rus
2188 4299 2304 4345 erat
2341 4300 2397 4344 et
2433 4290 2590 4359 quasi
2621 4305 2797 4361 caupo
2830 4291 3051 4360 quidam
3088 4291 3471 4360 pecuniarum,
3499 4306 3596 4345 san
3627 4318 3640 4331 -

2062 4382 2246 4453 guinis
2273 4392 2328 4436 et
2362 4384 2591 4437 caedium
2641 4383 2870 4450 avidus,
2903 4383 3189 4437 hominum
3235 4397 3467 4453 coquus,
3500 4384 3641 4439 citra

2065 4476 2599 4530 commiserationem
2668 4476 2933 4530 carnibus
2993 4474 3250 4529 humanis
3308 4474 3643 4529 dilaniandis

2064 4566 2306 4632 deditus,
2338 4568 2516 4623 leonis
2548 4568 2601 4622 in
2633 4583 2841 4623 morem
2873 4568 3117 4638 rugiens.
3149 4565 3408 4621 Praedixit
3435 4566 3487 4621 ei
3514 4567 3642 4635 qui-

370 4653 1956 4734 lrequens‘tleinccpsinmiseramtristemqucsolitudiuem
1988 4673 2031 4728 [ι
2064 4659 2188 4714 dam
2220 4661 2306 4714 vir
2332 4660 2531 4716 doctus
2557 4671 2613 4716 ει
2642 4676 2838 4716 cursus
2875 4660 3120 4714 siderum
3156 4658 3388 4729 peritus,
3420 4657 3641 4727 quando

372 4765 833 4811 commutaretur.
866 4754 1006 4809 Cum
1051 4760 1235 4804 autem
1263 4749 1626 4818 Vespasianus
1659 4748 1956 4817 imperator

371 4847 535 4903 senio
561 4845 863 4914 morboque
896 4845 1182 4898 conlectus
1212 4857 1243 4896 e
1283 4841 1447 4895 rebus
1483 4840 1736 4895 humanis
1767 4854 1957 4894 exces-

368 4942 558 5000 sisset,
578 4939 740 4992 annis
774 4939 828 4991 in
861 4936 1094 5006 imperio
1116 4949 1223 4988 non
1246 4934 1482 5004 amplius
1502 4948 1695 4988 novem
1725 4931 1954 4997 exactis,

368 5032 478 5104 43
506 5032 778 5086 successit
797 5034 849 5087 ei
876 5032 1034 5088 Titus
1055 5028 1220 5094 ﬁlius,
1238 5027 1320 5081 \ir
1343 5026 1502 5096 plane
1525 5025 1766 5089 divinus,
1784 5024 1952 5089 mitis,

369 5123 819 5189 liberalissimus,
868 5137 1036 5193 opum
1086 5119 1404 5189 dissipator,
1452 5117 1682 5187 imperio
1734 5116 1955 5186 dignus,

370 5214 492 5270 imo
528 5215 727 5285 dignus
777 5215 874 5285 qui
918 5215 1076 5285 plura
1119 5212 1287 5268 etiam
1340 5210 1591 5279 imperia,
1642 5209 1686 5263 si
1733 5206 1956 5278 quidem

2063 4761 2119 4805 et
2149 4766 2259 4821 quo
2290 4760 2447 4821 pacto
2477 4752 2758 4822 periturus
2783 4761 2929 4806 esset
2953 4758 3006 4805 et
3034 4751 3160 4819 quis
3182 4750 3232 4803 ei
3258 4762 3636 4803 successurus.

2062 4843 2157 4898 Ille
2192 4859 2325 4898 vero
2360 4844 2623 4899 arcessito
2652 4845 2718 4898 ad
2750 4859 2808 4897 se
2836 4843 3143 4911 asuologo:
3182 4861 3200 4889 ι
3231 4843 3301 4894 At
3333 4840 3455 4905 tibi,
3483 4859 3501 4891 ι
3538 4839 3639 4902 ait,

2069 4954 2088 4987 ι
2117 4944 2385 5005 quantum
2443 4945 2651 4989 restare
2698 4935 2959 5003 temporis
3006 4934 3072 4987 ad
3114 4932 3406 4986 vivendum
3447 4931 3642 4985 existi-

2065 5044 2210 5093 mas,
2250 5029 2459 5083 homo?
2504 5041 2684 5097 quove
2733 5034 2925 5095 pacto,
2978 5034 3033 5079 et
3077 5024 3297 5094 quando
3344 5023 3642 5077 morieris?

2061 5136 2225 5191 quem
2254 5121 2484 5177 habebis
2511 5121 2719 5174 exitum
2749 5118 2916 5172 vitae?
2945 5136 2964 5169 ι
3004 5118 3078 5172 De
3125 5117 3329 5186 quibus
3372 5116 3462 5172 ille
3513 5132 3640 5171 cum

2062 5220 2211 5268 recte
2256 5227 2319 5266 ac
2365 5227 2493 5267 vere
2541 5211 2892 5266 disseruisset
2941 5218 3003 5263 ut
3046 5225 3113 5264 ex
3159 5217 3434 5264 astrorum
3486 5219 3639 5263 motu

368 5307 747 5372 exstitissent,
795 5306 1208 5361 administraret
1252 5317 1318 5357 ac
1370 5312 1661 5356 tutaretur.
1701 5300 1834 5371 Ejus
1878 5307 1962 5352 cst
2060 5303 2290 5358 edoctus
2329 5312 2477 5366 erat,
2519 5304 2820 5371 imperator
2867 5302 3146 5356 hominem
3179 5303 3506 5357 convincere
3537 5317 3637 5355 ro-

371 5414 484 5454 τοι
515 5399 610 5455 illa
641 5399 878 5455 celebris
914 5409 972 5457 et
1008 5396 1330 5455 admiranda
1361 5414 1375 5449 :
1421 5414 1439 5446 ‹
1467 5394 1767 5463 Imperator
1795 5391 1960 5447 hodie

2063 5393 2183 5448 lens
2210 5400 2470 5461 tanquam
2501 5393 2878 5462 impostorcm,
2899 5408 3089 5464 rogum
3111 5409 3175 5449 ex
3201 5396 3428 5449 materie
3452 5392 3638 5462 pingui

1734 5509 1935 5570 Varia)
1980 5508 2312 5571 lectiones.

444 5615 494 5648 ³⁸
527 5616 913 5684 λιθόστρακτα.
996 5617 1039 5650 ³⁸
1068 5617 1167 5686 τὴν
1203 5615 1289 5688 μ.]
1318 5616 1414 5669 καὶ
1451 5631 1508 5683 μ.
1535 5612 1649 5666 AR.

1728 5612 1769 5641 ’⁵
1798 5611 1955 5666 lluttc
2000 5627 2217 5685 versum
2249 5628 2373 5685 oin.
2403 5610 2687 5685 Meursius.
2730 5613 3059 5685 παρεκτικὶς
3089 5612 3149 5685 ll.

3234 5611 3276 5642 ¹⁶
3303 5609 3538 5677 σήμερον
3566 5601 3633 5655 ll.

373 5688 414 5718 ”
439 5693 620 5742 κοινὸν
648 5680 943 5752 ἀδελφικὸν
965 5688 1032 5744 Il.
1110 5680 1153 5720 ¹’⁸
1186 5680 1345 5741 [tunc
1379 5680 1595 5739 versum
1629 5698 1753 5737 cum
1783 5697 1949 5751 seque

2075 5682 2223 5751 apud
2255 5680 2571 5753 Michaelem
2604 5680 2826 5753 Glycani
2868 5684 2967 5751 legi
3022 5682 3109 5753 (ρ.
3132 5681 3238 5734 445
3261 5680 3414 5753 204)
3453 5685 3636 5753 "tonet

377 5758 681 5813 Meursius.

698 5928 974 5986 ΡΑτιιοι..
1019 5926 1110 5986 Gn
1124 5969 1138 5988 .
1190 5923 1503 5991 CXXVII.

765 5759 807 5789 ¹⁹
851 5757 1169 5813 lluncvers.
1207 5773 1317 5812 om.
1371 5754 1489 5809 RR.
1566 5754 1610 5784 ²⁰
1633 5755 1954 5823 ὲρατοχρήμ‹

2061 5770 2078 5815 ;
2127 5753 2192 5808 ll.
2228 5822 2231 5823 ν
2268 5752 2310 5782 ²¹
2338 5752 2478 5823 ἀνὴρ
2514 5752 2683 5823 σοφὸς
2704 5753 2770 5807 ιι.

373 5831 396 5879 ἑ
422 5830 512 5881 στὶ
537 5830 681 5899 ζωῆς
714 5825 784 5882 Β.
863 5828 908 5859 ’³
933 5831 961 5882 ό
991 5828 1190 5899 δρόμος
1218 5826 1327 5880 τῶν
1352 5827 1598 5896 ἀστέρων
1622 5823 1689 5889 li,
1712 5825 1740 5878 6
1770 5826 1955 5894 χρόνος
1976 5822 2085 5877 τῶν
2108 5822 2351 5891 ἀστέρων
2377 5825 2444 5878 Δ.

2885 5743 2994 5805 ²²”δ’
3024 5743 3277 5821 ἇνθρωπέ
3304 5762 3435 5817 φησι
3471 5743 3636 5806 πόσος

3242 5914 3313 5973 10
