4136 6424
522 462 796 515 Ὦνείσθαι
820 462 887 516 τὰ
917 465 1251 534 προκείμενα
1278 467 1449 534 μηδέν
1474 482 1524 519 τι
1552 467 1860 525 δειλιῶντα.

528 551 780 607 Ὠνοῦντο
812 553 910 623 μὲν
936 554 986 605 οί
1015 553 1281 619 θέλοντες,
1314 557 1410 609 καὶ
1434 558 1695 629 χρήματα
1719 562 1954 633 συνῆκτο
1975 586 1989 596 -

527 644 587 696 '0
612 644 867 713 βασιλεὺς
898 645 953 697 δὲ
983 644 1061 714 τῷ
1088 645 1307 715 στρατῷ
1336 649 1647 719 σκορπίσας
1676 650 1740 703 τὸ
1772 652 1996 723 χρυσίον

529 733 923 804 Ἀντεπεξῆλθε
951 738 1065 799 τοῖς
1092 738 1332 809 ἐχθροῖς,
1368 741 1462 792 καὶ
1503 739 1683 811 μάχην
1717 741 2096 813 συγκροτήσας

516 830 671 883 Κατὰ
714 829 916 899 πολλὴν
942 830 1231 901 εὐχέρειαν
1258 833 1365 886 τῶν
1395 833 1676 903 δυσμενῶν
1706 837 1953 906 ἐκράτει,

515 925 625 977 Kal
650 926 858 995 τρέψας
885 927 1095 992 πάντας
1139 931 1222 992 εἰς
1253 930 1431 1001 φυγὴν
1455 932 1549 984 καὶ
1583 933 1800 996 κτείνας
1833 934 1930 987 καὶ
1961 951 2096 986 σκυ-

1802 1020 2023 1093 [λεύσας

516 1105 707 1169 Ὅλους
737 1106 949 1160 ἐκεῖθεν
972 1108 1281 1180 θησαυροὺς
1311 1111 1580 1181 ἐκτήσατο
1610 1112 1932 1181 χρημάτων,

512 1196 621 1247 Kal
644 1198 806 1249 πάλιν
832 1198 1094 1267 χρήματα
1122 1197 1341 1268 προθεὶς
1379 1198 1476 1267 τῆς
1510 1198 1716 1268 ἀγορᾶς
1742 1198 1799 1250 ὲν
1833 1198 1987 1268 μέσῳ

522 1288 829 1358 Ἐκήρυσσε
860 1289 949 1341 τὸν
985 1288 1206 1340 θέλοντα
1238 1288 1538 1359 λαμϐάνειν
1568 1290 1629 1342 τὸ
1652 1288 1878 1359 χρυσίον

508 1377 618 1429 Kal
654 1377 715 1428 τὸ
742 1377 960 1445 κτηθὲν,
989 1377 1038 1428 εί
1066 1376 1330 1445 βούλοιτο,
1369 1378 1533 1430 πάλιν
1568 1378 1902 1430 ἀποδιδόναι.

509 1458 677 1528 υῦτος
709 1465 803 1518 καὶ
832 1464 1063 1517 Λεύκιον
1077 1466 1328 1535 γαμϐρὸν
1351 1467 1438 1520 τὸν
1473 1468 1570 1520 σὺν
1595 1466 1748 1536 αὐτῷ
1780 1465 2088 1537 κρατοῦντα

519 1554 825 1624 Ἐκπέμπει
848 1555 1233 1626 πολεμήσοντα
1264 1556 1502 1627 Πάρθοις
1531 1559 1645 1620 τοῖς
1668 1557 2013 1628 φιλομάχοις,

507 1646 630 1700 Τῶν
656 1647 986 1717 Παρθυαίων
1010 1649 1271 1719 ἄρχοντος
1309 1649 1430 1701 τότε
1460 1649 1554 1702 τοῦ
1582 1648 1884 1718 Βολογέσου
1922 1648 1987 1704 ⁸⁸.

507 1733 614 1791 Ἦν
650 1739 707 1792 δὲ
742 1739 906 1802 καλὸς
940 1741 967 1791 ὁ
1006 1739 1237 1803 Λεύκιος
1274 1739 1336 1792 τὸ
1385 1740 1545 1809 σῶμα
1579 1742 1674 1795 καὶ
1704 1742 1803 1812 τὴν
1834 1740 2080 1812 γνώμην,

510 1828 793 1896 Ιιέύμήκης,
846 1825 1095 1893 εὖοπτος,
1133 1828 1281 1897 ἡδὺς,
1343 1808 1699 1899 ξανθίὸκομος,
1750 1808 2039 1900 ροδὲςχρὸυξ
2066 1847 2079 1860 ·
2110 1808 2160 1869 Β

513 1920 609 1980 Ὃς
648 1919 741 1970 καὶ
767 1918 1047 1988 συμμίξας
1072 1920 1186 1980 τοῖς
1208 1918 1424 1990 ἐχθροῖς
1463 1918 1996 1990 ὑπερωφρυωμένοις

518 2009 641 2061 Ἐπί
672 2026 729 2061 τε
762 2008 958 2080 πλήθει
999 2010 1091 2062 καὶ
1125 2010 1343 2080 στρατῴ
1383 2012 1477 2064 καὶ
1508 2013 1938 2082 φαρετροφορίᾳ,

505 2100 668 2163 Τέλος
697 2100 1118 2168 κατηγωνίσατο
1151 2104 1211 2155 τὸ
1240 2099 1530 2174 τοξοφόρον
1552 2102 1723 2167 ἔθνος.

586 2192 749 2244 ’Λλλά
770 2192 880 2262 γὰρ
902 2185 1005 2245 ὧδε
1033 2191 1273 2260 γεγονὼς
1300 2193 1397 2245 τοῦ
1422 2194 1626 2264 δρόμου
1652 2195 1748 2248 καὶ
1770 2194 1864 2248 τοῦ
1893 2194 2078 2265 λόγου,

492 2284 776 2353 θαυμάζω
810 2283 871 2337 τὸ
900 2284 1222 2338 παλίντοκον
1255 2284 1349 2338 τοῦ
1395 2285 1504 2339 τῶν
1534 2286 1837 2357 ἀνθρώπων
1867 2289 2078 2357 γένους,

505 2378 614 2428 Kal
634 2376 748 2438 πῶς
765 2377 865 2429 οὐκ
888 2376 1262 2443 ἐξεικάζονται
1282 2379 1468 2441 παῖδες
1490 2382 1601 2443 τοῖς
1618 2380 1769 2449 σφῶν
1787 2384 2078 2454 πατράσιν.

516 2469 627 2519 Ἀεὶ
662 2467 761 2535 μὲν
791 2467 1149 2537 λεοντόθυμον
1177 2469 1419 2539 σκύμνον
1438 2471 1466 2524 ό
1497 2469 1637 2524 λέων
1668 2471 1840 2524 τίκτει
1864 2471 1929 2538 ⁸⁸,

502 2557 613 2615 Kal
647 2556 910 2626 πάρδαλις
968 2558 1313 2629 ταυτόθυμον
1353 2559 1447 2612 καὶ
1504 2558 1685 2630 τίγρις
1722 2560 2039 2631 αύτοτίγριν
2065 2578 2079 2591 ·

504 2648 661 2718 Παρὰ
688 2648 733 2701 δ’
767 2648 1082 2720 ἀνθρώποις
1119 2650 1297 2703 ἄνισοι
1330 2651 1514 2715 παῖδες
1540 2651 1675 2722 πρὸς
1704 2653 1830 2716 τοὺς
1862 2655 2077 2717 τοκέας.

502 2741 610 2794 Kal
634 2740 793 2809 δῆλον
816 2740 889 2805 ὡς
921 2741 1242 2813 προαίρεσις
1269 2743 1475 2797 τούτων
1507 2745 1540 2815 ἡ
1581 2747 1865 2816 παραιτία.

499 2937 614 2991 inul
658 2952 757 3008 per
824 2935 1107 3006 publicum
1156 2952 1460 3009 praeconem
1525 2936 1863 3008 signiﬁcasse
1907 2938 2079 2994 licere

495 3026 673 3081 cuivis
726 3025 844 3080 haec
892 3040 1096 3080 venum
1146 3027 1394 3094 exposita
1436 3026 1572 3081 citra
1608 3035 1814 3081 metum
1857 3042 2077 3083 omnem

1700 360 2221 422 CONSTANTINI
2258 364 2636 427 MANASSIS

2123 468 2171 527 Α
2199 469 2338 538 Πρὸς
2353 471 2404 522 τί
2421 488 2511 539 μοι
2536 470 2707 524 ταῦτα
2729 462 3000 539 λέλεκτᾶι,
3026 477 3119 531 καὶ
3137 477 3219 542 τίς
3241 479 3286 511 ⁸⁷
3303 480 3503 545 σκοπὸς
3526 482 3605 553 τῷ
3620 484 3787 558 λόἵφὶ

3678 381 3783 445 3οί

2214 560 2271 613 '0
2306 561 2533 633 Μάρκος
2565 564 2665 634 μὲν
2691 569 2801 629 τοῖς
2842 571 3095 636 φυσικοῖς
3125 570 3373 641 ὑπέκυψε
3406 574 3659 645 νομίμοις

2200 651 2311 704 Καὶ
2344 653 2444 723 τὴν
2469 655 2639 723 πηλὸν
2664 658 2914 711 ἀπέδωκε
2951 662 3018 730 τῇ
3058 660 3357 733 δανεισὰση
3387 663 3551 731 φύσει

2199 743 2344 797 Δέκα
2377 749 2656 815 κρατήσας
2689 747 2837 802 ἔτεσι
2871 750 2969 805 σὺν
3002 753 3115 815 τοῖς
3144 751 3356 816 λοιποῖς
3381 755 3540 807 ὲννέα
3570 756 3617 787 ⁸⁸
3642 774 3655 787 ·

2198 829 2325 894 Υἱὸς
2355 831 2400 883 δ’
2431 835 2641 887 ἐκείνου
2673 836 2916 905 Κόμοδος
2942 839 3221 909 παρῆλθεν
3241 844 3321 903 είς
3351 842 3411 895 τὸ
3448 846 3672 915 κράτος,

2197 919 2411 990 Μεῖραξ
2437 923 2742 993 πατρώζων
2767 926 2887 977 κατ’
2913 926 3088 993 οὐδὲν,
3111 929 3238 998 μηδ’
3260 931 3501 1001 ἐμφερές
3519 951 3572 985 τι
3600 937 3785 1005 φέρων

2197 1010 2286 1080 Τῷ
2315 1013 2529 1083 Μάρκῳ
2567 1013 2645 1084 τῷ
2672 1017 2998 1086 γεννήσαντι
3025 1019 3120 1072 καὶ
3150 1020 3228 1090 τῷ
3256 1022 3669 1079 πεπαιδευκότι.

2195 1102 2402 1172 Μίμοις
2433 1106 2542 1174 γὰρ
2576 1105 2795 1175 ἔχαιρεν
2824 1108 2910 1160 ἀεὶ¹
2939 1108 3033 1161 καὶ
3070 1111 3399 1181 μονομάχων
3425 1114 3572 1179 Θέαις
3594 1117 3639 1147 ⁵⁸

2197 1197 2304 1250 Kal
2332 1199 2550 1266 γυναιξὶ
2573 1200 2664 1253 καὶ
2698 1202 3065 1275 φαυλουργοίς
3102 1206 3329 1277 ἀνδράσι
3373 1209 3466 1261 καὶ
3495 1210 3781 1281 μεθύσοις,

2194 1289 2303 1341 Kal
2335 1289 2487 1357 ξίφος
2512 1288 2659 1361 εἶχεν
2695 1291 2922 1364 ἐνεργὸν
2952 1293 2999 1325 ⁸⁸
3038 1295 3377 1366 κρεανομοῦν
3405 1299 3499 1351 καὶ
3526 1299 3651 1354 θῦον

2193 1378 2331 1442 Τοὺς
2347 1380 2604 1444 δυνατοὺς
2630 1380 2725 1433 καὶ
2740 1381 3075 1454 προῦχοντας
3096 1384 3325 1449 καὶτοὺς
3346 1388 3783 1462 εὐπορωτέρους.

2194 1466 2359 1521 Ὅθεν
2391 1470 2485 1521 καὶ
2523 1469 2678 1532 τέλος
2712 1471 2912 1541 εὕρατο
2941 1473 3201 1539 κατάξιον
3228 1476 3323 1529 τοῦ
3345 1476 3463 1548 βίου
3490 1495 3505 1510 ο

2189 1559 2507 1630 Φαρμάκοις
2546 1561 2656 1633 γὰρ
2679 1563 2959 1636 ἀπέρρηξε
2992 1565 3171 1638 ψυχὴν
3202 1568 3303 1639 τὴν
3332 1572 3625 1639 μιαιφόνον

2189 1651 2298 1704 Kal
2320 1653 2419 1722 τὴν
2450 1653 2593 1722 ζωὴν
2620 1654 2985 1726 κατέστρεψεν
3012 1658 3207 1729 ἀώρως
3228 1661 3321 1715 xal
3350 1663 3456 1732 πρὸ
3485 1664 3717 1735 χρόνου,-

2190 1746 2280 1807 Al;
2311 1745 2370 1810 ἓξ
2405 1748 2691 1818 κρατήσας
2717 1747 2863 1801 ἔτεσι
2886 1750 2977 1802 τοῦ
3001 1750 3277 1818 βασιλείου
3309 1755 3548 1825 κράτους
3566 1757 3633 1812 ⁸⁸.

2271 1835 2614 1907 Ῥωμαίωνδ’
2634 1834 2767 1909 ἦρξε
2791 1841 2911 1910 μετ’
2930 1840 3092 1895 αὑτὸν
3118 1845 3388 1914 Περτίναξ
3418 1846 3447 1898 ό
3475 1846 3778 1919 τριγέρων,

2194 1928 2291 1990 Ὃς
2317 1927 2451 1998 μηδὲ
2479 1929 2693 1999 φθάσας
2715 1931 2941 2001 ἀγαγεῖν
2967 1934 3047 2014 είς
3083 1933 3391 2003 βασιλείους
3423 1939 3626 2008 δόμους

2188 2018 2330 2083 Τοὺς
2362 2019 2616 2092 παῖδαςῆ
2650 2022 2750 2093 τὴν
2782 2023 3032 2094 γαμετὴν
3063 2025 3279 2097 ἀνόμως
3307 2028 3577 2102 ἀνῃρέθη.

2257 2104 2370 2162 *Ην
2403 2109 2461 2163 δέ
2493 2127 2577 2174 τις
2619 2111 2911 2177 Ἰουλιανὸς
2935 2113 3113 2179 Δίδιος
3143 2117 3484 2187 κεκλημένος
3509 2136 3525 2154 ο

2188 2195 2379 2265 Οὗτος,
2404 2199 2480 2264 ὡς
2514 2200 2694 2270 λόγος,
2732 2201 2893 2257 ὢνιον
2926 2205 3199 2276 ἐκτήσατο
3227 2207 3288 2261 τὸ
3320 2209 3538 2280 στέφος,

2189 2289 2328 2353 Τοὺς
2341 2294 2737 2364 ταγματᾶρχας
2752 2293 2847 2348 τοῦ
2868 2295 3101 2365 στρατοῦ
3120 2298 3397 2368 χρήμασιν
3416 2300 3778 2376 ύποφθείρας.

2200 2382 2361 2437 una
2391 2382 2501 2454 γὰρ
2531 2385 2630 2437 οὐκ
2665 2384 2923 2441 ἀπώνατο
2949 2389 3052 2459 τῆς
3085 2388 3359 2460 βασιλείου
3387 2393 3584 2465 τύχης,

2187 2472 2433 2544 Σεόήρου
2455 2474 2513 2531 δὲ
2542 2476 2586 2508 ³³
2626 2477 2721 2529 τοῦ
2752 2477 2951 2543 Λίϐυος
2976 2480 3385 2548 ἐπαναστάντος
3408 2487 3586 2558 τούτῳ

2184 2565 2478 2636 Μαχαίρας
2508 2566 2670 2639 ἔργον
2692 2569 2905 2637 γίνεται
2936 2572 3031 2627 καὶ
3062 2576 3422 2643 κακιγκάκως
3447 2578 3496 2610 ³³
3520 2578 3777 2649 θνήσκει,

2185 2655 2338 2725 Μηδὲ
2372 2657 2711 2728 γευσάμενος
2750 2658 2937 2729 σχεδὸν
2953 2662 3050 2715 τοῦ
3082 2664 3298 2732 μέλιτος
3316 2666 3409 2720 τοῦ
3441 2670 3700 2740 κράτους,

2184 2746 2289 2801 Δύο
2314 2748 2408 2803 καὶ
2440 2750 2623 2820 μόνοις
2664 2759 2904 2822 ἐντυχὼν
2937 2756 3073 2826 μησὶ
3100 2757 3200 2827 τῆς
3233 2757 3514 2828 βασιλείας
3541 2761 3613 2820 ⁸⁸.

3425 2851 3583 2909 Vers.
3625 2855 3768 2913 2261

2185 2962 2440 3023 procreat
2468 2954 2722 3027 tigridem
2758 2974 2771 3011 :
2812 2968 2867 3013 at
2898 2959 3217 3019 hominibus
3242 2962 3404 3020 liberi
3443 2968 3779 3037 parentibus

2183 3044 2482 3103 dissimiles
2509 3057 2845 3116 nascuntur;
2891 3066 3056 3121 quam
3105 3069 3220 3109 rem
3252 3055 3320 3111 ab
3368 3056 3635 3115 electione
3672 3076 3777 3115 vo-

496 3118 727 3189 pcricuii
765 3133 1038 3172 coemere.
1075 3117 1190 3171 Hoc
1220 3118 1384 3173 modo
1413 3118 1617 3172 factum
1646 3126 1707 3171 ut
1736 3129 1985 3174 emerent
2014 3135 2077 3175 ea
2107 3137 2151 3199 ο
2182 3134 2409 3190 laniatis
2443 3135 2578 3190 οιοῑιιῑ
2609 3117 2959 3193 ωειηῖίεειαὶη
3001 3150 3104 3197 εει,
3146 3142 3217 3197 At,
3262 3144 3411 3200 enim
3443 3161 3554 3216 quo
3602 3148 3773 3204 nobis

496 3211 591 3278 qui
632 3209 857 3270 vellent,
888 3207 1295 3277 pecuniamque
1338 3207 1626 3262 conﬂatam
1680 3208 1869 3264 fuisse.
1904 3210 2076 3277 Quam

496 3301 590 3356 ubi
615 3298 992 3354 distribuisset
1032 3299 1086 3352 in
1134 3298 1360 3363 milites,
1393 3313 1519 3353 mox
1553 3300 1941 3369 imperatorem
1984 3318 2079 3357 co-

495 3406 615 3459 pias
668 3390 722 3443 in
769 3389 985 3442 hostem
1028 3391 1289 3451 movisse,
1330 3398 1387 3443 et
1427 3402 1590 3442 manu
1637 3400 1890 3445 conserta
1941 3392 2076 3447 citra

497 3480 777 3550 negotium
810 3480 1039 3534 victoria
1068 3479 1302 3548 potitum
1328 3494 1472 3545 esse,
1522 3480 1768 3551 adeoque
1815 3484 2077 3554 conjectis

496 3571 550 3623 in
583 3570 765 3639 fugam
801 3572 1082 3638 omnibus,
1117 3571 1352 3637 necatis,
1386 3571 1656 3639 spoliatis,
1685 3571 1794 3643 46
1836 3575 2075 3646 integros

494 3660 854 3728 pecuniarum
888 3660 1178 3714 thesauros
1207 3670 1586 3715 consecutum.
1623 3661 1732 3716 llas
1768 3661 1859 3715 ubi
1886 3678 2077 3717 rursus

496 3767 549 3804 Ill
578 3749 756 3805 forum
784 3751 1083 3815 retulisset,
1122 3751 1352 3805 indicari
1382 3767 1481 3821 per
1509 3767 1816 3821 praeconem
1838 3754 2072 3826 jussisse

494 3848 555 3895 ut
584 3843 678 3911 qui
705 3842 888 3906 vellet,
920 3858 1057 3896 auro
1084 3850 1329 3912 recepto,
1355 3842 1625 3912 quidquid
1654 3844 1808 3913 prius
1833 3845 2041 3915 impera
2060 3875 2073 3885 -

492 3932 630 3986 toria
662 3932 730 3987 de
759 3933 1100 4003 supellectile
1148 3935 1461 3996 coemisset,
1491 3934 1537 3989 si
1585 3935 1808 4004 quidem
1854 3938 1927 3990 ita
1958 3937 2077 4006 pla-

487 4030 660 4085 ceret,
706 4025 1042 4076 restitueret.
1081 4022 1230 4077 Idem
1282 4024 1515 4078 Lucium
1555 4040 1824 4094 generum
1874 4041 2071 4092 suum,

490 4109 705 4181 imperii
720 4124 1059 4178 consortem,
1077 4114 1349 4169 adversus
1370 4115 1665 4171 bellicosos
1687 4134 2074 4189 pugnacesque

490 4205 725 4260 Parthos
754 4204 925 4268 misit,
958 4220 1193 4273 quorum
1219 4206 1284 4259 .id
1326 4209 1590 4276 temporis
1635 4224 1728 4263 rex
1756 4222 1879 4264 erat
1904 4211 2072 4265 Volo-

488 4313 674 4368 gesus.
726 4297 1026 4351 Praastabat
1066 4305 1251 4352 autem
1279 4296 1492 4353 Lucius
1539 4307 1647 4353 tam
1693 4301 1861 4354 animi
1905 4316 2069 4370 quam

487 4390 739 4459 corporis
777 4387 1024 4454 dotibus,
1059 4388 1141 4441 vir
1175 4404 1460 4457 procerus,
1491 4389 1630 4444 faeie
1666 4392 1917 4459 pulchra.
1941 4407 2070 4446 sua-

487 4482 592 4546 vis,
622 4496 776 4534 coma
802 4480 964 4546 ﬂava,
993 4479 1175 4533 colore
1208 4493 1386 4535 roseo.
1414 4479 1658 4550 Cumque
1686 4497 1920 4553 pugnam
1942 4498 2067 4536 cum
2104 4464 2143 4517 θ

486 4574 739 4628 hostibus
765 4572 1153 4635 conseruisset,
1187 4571 1282 4641 qui
1319 4571 1391 4626 ob
1431 4573 1712 4641 copiarum
1757 4575 2070 4629 multitudi-

485 4679 609 4719 nem
657 4664 1059 4732 pharetrasque
1107 4676 1234 4716 suas
1265 4661 1496 4715 nimium
1541 4671 1806 4732 quantum
1838 4664 2067 4720 ferocie-

484 4755 637 4820 bant,
669 4767 787 4809 arte
817 4754 1100 4810 nationem
1134 4768 1300 4809 arcu-5
1347 4762 1653 4823 gestantem
1685 4754 1817 4809 vicit
1857 4771 1924 4811 ac
1967 4756 2065 4812 de-

483 4847 731 4902 bellavit.

552 4937 690 5001 Quia
729 4952 862 4992 vero
893 4936 960 4992 ad
1004 4936 1154 4991 hunc
1192 4937 1372 4991 locum
1408 4935 1676 4991 orationis
1718 4946 1775 4991 et
1819 4938 2054 4993 instituti

483 5030 658 5082 nostri
691 5008 1063 5097 pervenimus,
1092 5030 1314 5100 generis
1346 5030 1577 5084 humani
1619 5029 2060 5086 vicissitudinem

485 5119 741 5172 adniiraii
777 5122 943 5186 subit,
976 5123 1069 5190 qui
1099 5124 1357 5177 nimirum
1386 5125 1479 5176 fiat
1512 5134 1572 5176 ut
1615 5122 1711 5175 filii
1744 5123 2063 5192 parentibus

483 5209 600 5262 suis
627 5211 835 5266 similes
863 5227 972 5266 non
1001 5216 1256 5269 evadant.
1286 5216 1504 5270 Etenim
1545 5216 1629 5270 leo
1659 5231 1877 5285 semper
1900 5226 2061 5269 catu—

480 5301 595 5356 lum
626 5302 821 5373 gignit,
847 5304 941 5372 qui
971 5304 1190 5360 leonino
1209 5307 1281 5360 sit
1305 5309 1491 5361 animo
1508 5308 1798 5378 praatlztus;
1818 5308 2058 5377 pardalis

480 5401 609 5453 item
651 5401 752 5453 sibi
788 5400 1023 5454 similem
1068 5403 1252 5454 animo
1296 5402 1490 5468 feram,
1531 5404 1687 5472 tigris
1722 5402 2047 5473 ipsissimam

2184 3225 2299 3280 hinc
2331 3225 2477 3281 dicta
2510 3227 2679 3281 sunt?
2710 3242 2948 3298 quemve
3002 3240 3130 3286 sunt
3169 3232 3236 3287 ad
3283 3249 3508 3306 scopum
3550 3239 3774 3293 relata?

2189 3315 2456 3370 Nimirum
2483 3317 2699 3375 Marcus
2730 3320 3035 3390 imperator
3062 3334 3271 3379 natura:
3301 3340 3359 3381 se
3385 3326 3601 3398 legibus
3626 3330 3767 3384 sub-

2182 3406 2334 3462 misit
2374 3408 2664 3479 lutumque
2713 3420 2923 3467 natura:
2973 3414 3236 3481 restituit,
3286 3431 3315 3469 a
3364 3433 3471 3488 qua
3507 3428 3765 3475 mutuum

2178 3508 2487 3570 acceperat,
2518 3516 2644 3556 cum
2678 3502 2912 3573 imperio
2947 3505 3010 3561 l9
3037 3508 3198 3563 annis
3245 3510 3571 3579 praefuisset.
3624 3513 3765 3584 Ejus

2176 3597 2360 3644 autem
2390 3589 2444 3645 in
2480 3593 2660 3649 locum
2693 3595 2840 3650 illius
2866 3595 3203 3654 Commodes
3234 3603 3521 3670 successit,
3562 3603 3762 3660 adole.

2178 3695 2339 3736 scens
2367 3682 2516 3738 nulla
2552 3684 2607 3738 in
2650 3694 2805 3755 parte
2836 3686 3160 3756 patrissans,
3193 3705 3297 3745 nec
3330 3691 3627 3762 quidquam
3658 3694 3763 3748 ha-

2179 3770 2319 3827 bens
2346 3771 2530 3828 simile
2556 3774 2737 3830 Marco
2772 3775 2934 3846 patri,
2963 3791 2993 3830 a
3027 3792 3136 3847 quo
3163 3765 3483 3849 procreatus
3509 3789 3564 3836 ct
3596 3782 3765 3837 insti-

2176 3870 2330 3917 tutus
2359 3862 2555 3919 fuerat.
2583 3865 2797 3937 Quippe
2825 3867 3005 3922 mimis
3034 3885 3253 3942 semper
3290 3872 3669 3931 delectabatur
3701 3886 3763 3936 et

2174 3951 2539 4022 gladiatorum
2572 3956 2903 4025 spectaculis
2931 3969 2984 4013 et
3021 3961 3363 4017 mulierculis
3396 3972 3452 4019 et
3483 3966 3618 4022 viris
3651 3983 3761 4022 ne-

2174 4043 2311 4098 faria
2354 4048 2798 4116 perpetrantihus
2832 4065 2897 4105 ac
2926 4052 3263 4110 temulentis.
3301 4054 3556 4113 Czedibus
3585 4059 3755 4114 etiam

2175 4150 2297 4191 sese
2323 4137 2625 4207 polluebat,
2661 4140 2915 4197 homines
2949 4153 3224 4214 potentes,
3252 4147 3494 4205 illustres
3527 4158 3584 4207 et
3616 4167 3759 4223 opu-

2172 4227 2353 4282 lentos
2421 4228 2602 4298 gladio
2666 4233 2964 4301 perimens.
3017 4235 3369 4309 Quapropter
3411 4244 3618 4296 exitum
3657 4244 3759 4301 illa

2171 4313 2396 4386 dignum
2431 4319 2542 4372 vita
2577 4321 2803 4390 reperit.
2834 4324 2969 4378 Nam
2997 4326 3208 4383 hauStis
3240 4331 3468 4386 venenis
3494 4332 3758 4402 inquina-

2174 4419 2282 4462 tam
2316 4409 2560 4466 ca‘dibus
2588 4416 2824 4467 animam
2853 4415 3077 4481 efﬂavit,
3107 4434 3170 4474 ac
3194 4421 3412 4477 vivendi
3444 4424 3604 4480 linem
3619 4437 3756 4481 ante

2177 4508 2392 4569 tempus
2422 4501 2572 4567 fecit,
2605 4518 2728 4557 cum
2762 4506 2993 4577 imperio
3021 4510 3261 4566 liannis
3295 4514 3499 4582 potitus
3530 4514 3750 4572 fuisset.

2245 4589 2470 4644 Praefuit
2499 4600 2682 4645 autem
2717 4593 2981 4652 Romanis
3008 4608 3130 4668 post
3154 4600 3332 4671 ipsum
3370 4604 3600 4658 maxima
3629 4622 3758 4676 gra-

2165 4679 2249 4733 vis
2282 4688 2503 4736 senecta
2535 4681 2810 4745 Pertinax.
2847 4687 2941 4756 qui
2978 4702 3102 4742 cum
3134 4692 3370 4745 necdum
3398 4691 3453 4746 in
3479 4692 3751 4763 palatium

2165 4786 2293 4826 suos
2316 4771 2521 4828 liberos
2545 4783 2600 4829 et
2627 4789 2852 4831 uxorem
2884 4778 3224 4848 deduxisset,
3271 4781 3479 4838 nefarie
3524 4782 3631 4839 fuit
3660 4785 3754 4840 in-

2165 4868 2485 4930 tercmptus.

2239 4950 2369 5005 Erat
2401 4962 2515 5006 tum
2560 4954 2748 5010 Didius
2779 4957 3002 5027 quidam
3050 4960 3322 5028 Julianus,
3353 4979 3516 5034 quem
3559 4966 3749 5036 pretio

2161 5050 2465 5095 mercatum
2492 5057 2614 5099 esse
2651 5058 2911 5102 coronam
2960 5050 3325 5120 i'mperialem,
3366 5054 3602 5111 ducibus
3643 5072 3746 5111 co-

2158 5132 2374 5201 piarum
2400 5133 2689 5205 largitione
2712 5141 3010 5210 corruptis,
3028 5144 3343 5213 perhibent.
3369 5147 3475 5202 Sed
3509 5148 3747 5205 fortuna:

2158 5223 2322 5293 regiae
2361 5223 2602 5281 fructum
2648 5231 2859 5285 nullum
2898 5234 3065 5289 tulit:
3115 5236 3320 5308 quippe
3362 5239 3566 5295 Severo
3606 5241 3746 5298 Afro

2157 5314 2487 5371 seditionem
2520 5320 2790 5378 adversus
2844 5325 3025 5395 ipsum
3070 5332 3381 5386 concitante
3418 5333 3598 5404 gladio
3641 5351 3747 5389 ne-

2159 5413 2315 5458 catus
2339 5416 2429 5462 est
2457 5416 2514 5464 et
2551 5412 2727 5468 malus
2776 5416 2917 5472 male
2962 5418 3148 5487 periit,
3199 5437 3325 5477 cum
3374 5426 3480 5480 mel
3518 5427 3742 5497 imperii

1839 5500 2038 5561 Variis
2086 5500 2417 5564 lectiones.

546 5596 591 5626 "
613 5596 952 5692 ἐξολογαίξου
969 5606 1054 5692 Αι
1072 5598 1495 5692 Ιξελεγαίσοῖὶῐὶ.
1526 5601 1623 5692 In“
1637 5602 1840 5692 ⁵τρεξφει
1859 5603 1981 5692 μ).
2057 5601 2078 5633 ⁸

2393 5603 2608 5692 “ds-por
2633 5610 2821 5692 nim“
2854 5612 3009 5692 Hune
3045 5630 3192 5671 vers.
3217 5632 3331 5692 om.
3376 5619 3522 5692 R85
3566 5621 3617 5692 ‘1
3637 5620 3737 5692 θέα

476 5665 536 5717 Δ.
613 5670 659 5703 σθ
691 5671 928 5745 ἐονεργ-ᾠν
956 5675 1076 5739 AM,
1101 5665 1355 5740 ἐνεργοῦν
1385 5671 1447 5726 li.
1526 5673 1569 5704 “
1601 5665 1702 5745 τῆς
1728 5665 2007 5745 βασιλείας
2036 5672 2234 5745 κράτος
2266 5665 2379 5727 ΒΕ.

477 5749 614 5793 vers.
649 5753 757 5793 oni.
791 5742 906 5797 Illi.

2478 5677 2525 5709 “
2548 5681 2656 5753 γάρ
2683 5681 2797 5738 RB.
2908 5685 2956 5717 ⁵⁸
2987 5689 3300 5759 παραυτίκα
3334 5695 3401 5747 Α.
3503 5690 3549 5723 ⁵⁸
3575 5677 3736 5748 Ηωιὲ
