4136 6424
376 418 490 483 303

390 523 460 577 Ἦ
482 524 542 577 δὲ
577 520 881 592 πολ.δξη),ο;
911 519 1077 576 αὐτὸν
1099 517 1441 574 ἀπολιποῦσα
1469 518 1609 590 τύχη

379 613 611 682 Σεσήρῳ
641 609 1025 681 προσεγέλασε
1055 609 1145 662 καὶ
1173 608 1414 680 χαροπδν
1437 608 1625 663 ὲνεῖδε.

454 698 656 757 Τοῦτον
671 703 856 756 ἀκούω
870 701 1161 771 δείμασθαι
1187 700 1493 771 λουτρὸντδ
1519 700 1614 753 τοῦ
1632 699 1964 766 Ζεύξιππον,

385 798 460 851 Τὸ
495 796 639 866 μέγα
665 796 762 848 καὶ
790 794 1129 864 περίπυστον
1157 792 1258 863 τῆς
1294 792 1621 857 Βυζαντίδος
1649 792 1853 863 θαῦμα,

382 887 498 942 Καὶ
517 884 675 941 τοῦτο
700 885 768 955 δὴ
800 883 864 938 τὸ
892 884 1122 954 θέατρον
1144 882 1203 937 τὸ
1220 884 1321 955 τῆς
1353 882 1736 953 ψυχαγωγίας,

383 978 460 1032 Τδ
486 978 669 1042 πόλεις
696 976 826 1041 ὅλας
852 977 1039 1031 ίκανδν
1067 976 1278 1044 στέγειν
1307 976 1403 1029 καὶ
1423 975 1743 1045 γεναρχίας,

396 1073 490 1127 Ἐν
518 1063 563 1139 ᾧ
591 1070 727 1141 πρὸς
743 1069 936 1140 τέρψιν
973 1067 1190 1123 θέουσιν
1215 1068 1585 1140 ἁμιλλητῆρες
1613 1069 1791 1122 ἵπποι.

468 1162 531 1216 Ὀ
560 1161 620 1215 δι
649 1161 890 1231 Σεδῆρος
923 1160 1128 1223 ἱκανῶς
1154 1158 1402 1221 ἐπιϐιοὺς
1440 1158 1518 1228 τῷ
1544 1161 1760 1229 κράτει,

383 1250 498 1303 Καὶ
520 1249 653 1304 δέκα
677 1249 820 1312 ὅλοις
858 1248 1009 1302 ἔτεσι
1040 1247 1482 1319 προσδιαρκέσας
1514 1249 1561 1281 ⁸⁸
1587 1248 1777 1320 τούτῳ·

382 1341 492 1393 Σὺν
516 1340 699 1404 ἄλλοις
729 1339 789 1404 ἒξ
814 1339 953 1410 πρὸς
983 1339 1063 1409 τῷ
1095 1338 1199 1403 ἑνὶ,
1224 1340 1368 1409 νόσῳ
1398 1339 1549 1409 δεινῇ
1597 1338 1862 1408 ἐμπίπτει
1892 1339 1962 1404 ³⁸,

379 1428 494 1483 Καὶ
508 1430 717 1499 μέλλων
731 1428 1101 1500 θνήσκειντοϊς
1115 1431 1269 1481 παισὶ
1280 1429 1348 1482 τὰ
1359 1429 1615 1500 σκῆπτρα
1628 1429 1966 1494 καταλείπει,

380 1512 485 1571 Ὧν
512 1519 543 1569 δ
573 1518 673 1587 μὲν
694 1518 910 1589 πρῶτος
951 1518 1113 1589 ἔλαχε
1156 1518 1263 1588 τὴν¹
1311 1518 1630 1573 ’Δντωνίνου
1667 1519 1710 1551 ⁸⁷
1751 1521 1963 1591 κλῆσιν,

390 1610 490 1661 'Ov
511 1606 697 1678 ελεγον
728 1609 1114 1681 Καράκαλλον,
1137 1610 1166 1662 ὁ
1200 1608 1318 1678 μετ’
1344 1608 1512 1665 αὑτὸν
1537 1608 1594 1662 δὲ
1621 1610 1789 1673 Γέτας

396 1698 667 1770 ’Λρχῆθεν
694 1702 1084 1771 κατωνόμαστο
1128 1701 1262 1771 πρὸς
1293 1699 1402 1754 τῶν
1434 1701 1847 1772 γεγεννηκότων
1895 1702 1962 1754 ⁸⁸.

382 1783 548 1844 Οὗτοι
572 1791 617 1844 δ’
648 1791 729 1855 είς
754 1790 814 1857 ἒξ
837 1793 1209 1862 κρατήσαντες
1230 1792 1300 1825 ’θ’
1327 1793 1426 1863 τῆς
1456 1792 1735 1864 βασιλείας
1763 1793 1860 1865 ἐτη

1528 402 2036 468 COMPENDIUM
2077 402 2558 465 CHRONICUM.

3544 409 3655 473 306

1998 521 2042 577 Α
2072 522 2181 574 Καὶ
2218 521 2421 591 μᾶλλον
2455 522 2580 583 τοὺς
2609 506 2969 593 ἁπδΧριστοῦ
2987 522 3084 594 τὴν
3100 522 3296 582 κλῆσιν
3311 524 3612 596 ἐσχηκότας
3632 542 3651 558 ο

2081 610 2419 676 [Ῑνεύσαντες
2447 611 2560 683 γάρ
2590 611 2950 685 σφοδρότερον
2982 613 3203 685 ἀνέμων
3226 613 3546 687 βαρυορόων

2078 704 2192 773 Τῆς
2218 690 2501 767 εὐσεϐείας
2527 703 2590 757 τὸ
2618 704 2789 773 φυτὸν
2813 705 3109 775 ἀρτίφυτον
3140 706 3387 776 ὑπάρχον

2089 793 2490 862 Ἐφιλονείκουν
2522 796 2587 848 ὲκ
2616 794 2785 866 ῥιζῶν
2818 794 3132 866 πρεμνόθεν
3166 795 3210 827 ⁸⁸
3242 795 3559 848 ἀνασπάσαι

2089 885 2178 949 Ὠς
2199 884 2394 940 κλάδον
2425 886 2840 955 νεομόσχευτον,
2866 885 2942 949 ὡς
2975 884 3183 939 ἁπαλὸν
3219 884 3477 955 δενδρίον.

2088 975 2371 1031 Ἐντεῦθεν
2390 975 2755 1045 στρέϐλαικαὶ
2769 975 2967 1047 δεσμὰ,
2995 975 3299 1040 κατάθυσις
3322 978 3420 1031 avo
3430 974 3647 1046 ρώπων,

2078 1066 2190 1120 Καὶ
2222 1066 2423 1135 σάρκες
2453 1066 2802 1135 μελιζόμεναι
2833 1065 3089 1138 καθάπερ
3127 1068 3187 1121 ιν
3211 1064 3489 1136 μακέλλῳ.

2089 1158 2247 1212 una.
2269 1158 2766 1229 θυμομαχήσαντες
2793 1157 3058 1226 ἀλόγιστα
3085 1157 3227 1228 πρὸς
3252 1157 3432 1221 τοῦτο,

2079 1250 2192 1303 Καὶ
2224 1248 2401 1319 μάτην
2432 1249 2837 1320 ὑλακτήσαντες
2868 1251 2943 1312 ὼς
2973 1249 3134 1313 κύνες
3163 1249 3526 1317 λυσσητῆρες,

2082 1342 2293 1410 Ὀνομα
2314 1341 2371 1394 δὲ
2392 1340 2453 1394 τὸ
2480 1340 2574 1394 τοῦ
2610 1340 2850 1413 Χριστοῦ
2891 1340 3080 1394 σϐέσαι
3105 1340 3181 1411 μὴ
3212 1339 3559 1411 δυνηθέντες,

2077 1435 2352 1499 Μανέντες
2377 1436 2427 1488 οἱ
2451 1433 2756 1506 τρισάθλιοι
2793 1434 3045 1505 ριπτοῦσι
3081 1434 3181 1503 μὲν
3206 1434 3266 1486 τὸ
3293 1432 3509 1501 στέφος,

2082 1527 2177 1590 Eb:
2200 1526 2373 1596 τύχην
2398 1525 2454 1580 δὲ
2478 1526 2811 1592 κατάγουσιν
2843 1526 2890 1558 ⁸³
2913 1525 3112 1587 αὐτοὺς
3144 1523 3563 1593 ταπεινοτέραν,

2079 1618 2191 1670 Καὶ
2214 1617 2410 1688 κήπων
2435 1617 2773 1685 ἐπιμεληταὶ
2795 1615 2891 1668 καὶ
2928 1615 3196 1684 φυτευταὶ
3225 1612 3490 1684 δενδρέων

2081 1707 2191 1760 Καὶ
2218 1705 2561 1776 φυτοσκάφοι
2588 1704 2852 1773 γίνονται,
2892 1704 2988 1757 καὶ
3018 1699 3511 1772 λαχανοκομοῦσιν.

2091 1797 2483 1852 Ἀναλαόἑσοαι
2505 1797 2668 1852 πάλιν
2688 1796 2745 1850 δὲ
2783 1795 3110 1865 θελήσαντες
3136 1794 3199 1847 τὸ
3228 1792 3432 1861 κράτος

383 1880 499 1936 καὶ
524 1880 701 1950 μῆνας
721 1881 815 1935 δύο
834 1882 939 1953 τῆς,
962 1882 1140 1953 ἀρχῆς
1186 1886 1282 1938 καὶ
1310 1883 1412 1954 τῆς
1440 1883 1587 1957 ζωῆς
1623 1887 1966 1957 στεροῦνται.
2007 1874 2060 1928 Β
2078 1889 2188 1942 Καὶ
2206 1889 2302 1942 τού
2337 1887 2559 1941 σκοποῦΔ
2577 1888 2878 1957 διήμαρτον
2908 1884 3115 1940 καὶτοῦ
3148 1883 3513 1953 καταϐυμίου,

452 1968 578 2024 Τῶν
600 1970 897 2042 σκήπτρων
933 1971 1116 2028 τοίνυν
1149 1973 1177 2027 ὁ
1207 1973 1405 2039 πεττὺς
1439 1976 1701 2046 συχνάκις
1730 1979 1970 2049 μεταπίο

1728 2067 1901 2140 [πτων

380 2154 488 2208 Σὺν
517 2154 700 2218 ἄλλοις
722 2154 1016 2225 ἐχαρίσατο
1044 2154 1142 2226 τὴν
1182 2156 1622 2229 αύτοκρατορίαν

383 2247 496 2301 Καὶ
526 2246 606 2316 τῷ
637 2246 1010 2318 Διοκλητιανῷ
1036 2246 1113 2318 τῷ
1141 2249 1616 2322 παρανομωτάτῳ.

386 2338 484 2399 Ὃς
520 2337 1087 2408 προσεταιρισάμενος
1130 2336 1223 2391 τὸν
1248 2341 1797 2411 ταυτογνωμονοῦντα
1824 2343 1870 2376 ⁸⁸

378 2424 729 2496 Μιξιμιανδν
778 2426 1120 2497 Ἐρκούλιον,
1144 2427 1241 2482 τοῦ
1266 2430 1484 2485 Σατανᾶ
1517 2431 1607 2486 τὸν
1633 2433 1824 2500 παῖδα,

383 2517 490 2570 Τοῦ
516 2518 753 2588 κράτους
781 2517 906 2589 ἔσχε
945 2518 1226 2575 κοινωνόν.
1261 2520 1373 2591 Τῆς
1402 2520 1604 2594 ἀνοχῆς
1634 2540 1752 2589 σου,
1781 2524 1922 2596 Δόγε
1947 2528 1961 2580 l

383 2610 493 2661 Καὶ
528 2608 949 2678 συνδραμόντων
985 2611 1066 2673 είς
1090 2610 1260 2664 ταυτὺ
1282 2609 1377 2665 δύο
1398 2612 1588 2666 κακῶν
1617 2616 1891 2686 μεγάλων,

384 2701 547 2754 Ποῖον
574 2699 753 2754 δεινὸν
785 2700 911 2770 ούχὶ
941 2700 1148 2771 παρῆν,
1188 2702 1345 2755 ποῖον
1375 2700 1421 2754 δ’
1451 2702 1497 2734 ⁸⁸
1523 2703 1626 2757 οὐκ
1660 2705 1957 2776 ὲτολμᾶτοί

382 2791 594 2859 Σὶραγαὶ
626 2792 720 2845 καὶ
739 2792 891 2845 πόνοι
922 2790 1224 2862 πανταχοῦ,
1248 2794 1343 2847 καὶ
1364 2792 1671 2865 λιμνασμδς
1692 2797 1960 2867 αἱμάτων.

380 2882 497 2938 Καὶ
511 2883 571 2936 τὸ
587 2882 825 2952 ζοφῶδες
841 2882 1190 2955 τῆςείρκτῆς
1215 2878 1329 2955 εἶχε
1343 2885 1574 2952 πολλοὺς
1593 2888 1804 2962 ὲμφρού
1814 2908 1961 2962 ρους,

381 3107 779 3179 propemodum
809 3123 921 3164 non
954 3107 1320 3181 degustasset.
1368 3111 1486 3169 Hoc
1530 3112 1696 3170 modo
1741 3113 1962 3171 fortuna

2083 1977 2193 2030 Καὶ
2225 1976 2323 2040 τὰς
2344 1976 2524 2048 ψυχὰς
2555 1976 2878 2048 ἀπέρρηξαν
2902 1974 3157 2037 θανάτοις
3194 1972 3543 2042 βαρυτάτοις,

2080 2065 2194 2135 Τῆς
2220 2064 2499 2136 βασιλείας
2529 2064 2796 2137 ἄρξαντες
2819 2065 2992 2118 εἴκοσι
3027 2063 3122 2116 δύο
3149 2062 3247 2130 ἐτη
3279 2062 3348 2115 ⁸³.

2148 2150 2310 2211 Οὗτοι
2327 2156 2394 2210 λα
2402 2157 2606 2228 μεάνου
2614 2172 2664 2209 σι
2680 2172 2751 2224 γα
2759 2155 2966 2226 μϐροὺς
2982 2152 3165 2208 αὐτῶν
3176 2154 3296 2215 ταῖς
3316 2150 3652 2222 θυγατράσιν

2086 2246 2584 2317 ’Δναγορεύσαντες
2615 2247 2814 2310 αὐτοὺς
2845 2246 3133 2317 Καίσαρας
3156 2237 3244 2298 οἷα
3265 2243 3451 2310 τέκνα,

2086 2336 2148 2392 '0
2165 2338 2386 2409 πρῶτος
2419 2338 2521 2409 μὲν
2551 2337 2843 2409 Ιάλλέριον
2869 2338 2961 2392 ὲπὶ
2985 2338 3052 2407 τῇ
3084 2334 3344 2406 Βαλερίᾳ,

2072 2426 2419 2497 Μαξιμιανὸς
2446 2427 2505 2481 δὲ
2543 2427 2885 2482 Κώνσταντα
2913 2427 3007 2481 τὸν
3050 2426 3146 2480 τοῦ
3175 2424 3445 2479 Κ-λαυδίου
3487 2424 3650 2477 παῖδα

2076 2517 2184 2572 Τοῦ
2211 2519 2320 2590 πρὸ
2351 2518 2549 2590 μικροῦ
2572 2518 2634 2571 τὸ
2665 2518 2768 2589 τῆς
2798 2518 2973 2589 ἀρχῆς
3010 2515 3392 2586 ἁνεζωσμὲνου
3428 2517 3645 2586 κράτος.

2074 2606 2203 2681 Εἶχε
2246 2610 2291 2664 δ’
2319 2612 2348 2664 ὁ
2374 2609 2639 2673 Κώνστας
2670 2593 2918 2680 γαμετὴν
2960 2606 3186 2678 Ἑλένην
3206 2607 3307 2676 τὴν
3333 2605 3547 2666 ὀλὸίαν,

2088 2701 2179 2769 Ἐξ
2200 2695 2269 2773 ἦς
2300 2703 2329 2755 ὁ
2357 2701 2533 2771 μέγας
2558 2699 2785 2771 νικητὴς
2822 2699 3062 2770 προῆλθε
3088 2699 3503 2758 Κωνσταντῖνος
3533 2712 3546 2724 ·

2079 2791 2242 2845 Ἀλλὰ
2265 2792 2373 2863 γὰρ
2409 2790 2829 2861 δυσωπούμενος
2861 2790 2922 2842 τὸ
2947 2789 3111 2858 κῆδος
3140 2788 3235 2842 τοῦ
3262 2787 3531 2860 τυράννου

2074 2882 2254 2955 Αὐτὴν
2283 2880 2730 2952 άποὸαλλόμενος
2760 2880 3018 2951 μίγνυται
3049 2877 3327 2951 Θεοδὼρᾳ,

3329 2968 3481 3024 Vers.
3507 2968 3649 3022 25l5

2098 3067 2131 3082 ει

2069 3122 2388 3185 stagnorum
2437 3112 2496 3168 in
2542 3111 2769 3166 modum
2830 3128 2853 3164 :.
2904 3106 3157 3163 obscuris
3220 3106 3277 3160 in
3330 3105 3648 3160 carceribus

383 3200 656 3257 invidiosa
687 3202 905 3258 Juliano
949 3202 1170 3260 deserto
1215 3203 1422 3262 Severo
1470 3206 1692 3273 arrisit,
1729 3223 1968 3280 eumque
1996 3203 2037 3263 C
2068 3204 2226 3260 multi
2263 3203 2737 3267 custodiebantur,
2791 3197 3103 3271 praesertim
3136 3213 3167 3251 a
3216 3196 3437 3252 Christo
3477 3195 3649 3250 deno-

379 3292 538 3345 vnltn
558 3292 721 3347 hilari
753 3293 1016 3363 respexit.

450 3379 562 3451 47
594 3379 752 3437 Hunc
805 3382 973 3437 audio
1025 3381 1281 3438 balneum
1343 3382 1611 3456 Zeuxippi
1654 3386 1969 3444 condidisse

383 3487 644 3542 magnum
696 3474 830 3528 illud
881 3481 939 3529 et
984 3474 1406 3530 celeberrimum
1459 3477 1772 3549 Byzantium
1815 3480 1971 3536 urbis

381 3565 735 3629 miraculum,
771 3566 1014 3636 itemque
1052 3566 1274 3637 plenum
1309 3568 1446 3624 illud
1491 3570 1826 3628 admirandae
1874 3588 1971 3628 νο·-

381 3656 612 3727 luptatis
667 3673 731 3711 ac
778 3658 1162 3715 delectationis
1192 3674 1353 3731 opus,
1392 3661 1541 3731 quod
1591 3663 1721 3718 totis
1750 3664 1970 3734 Oppidis

377 3756 440 3801 et
470 3747 791 3803 nationibus
837 3749 1154 3805 recreandis
1190 3750 1435 3819 sullicit;
1483 3752 1538 3806 in
1585 3768 1696 3823 quo
1752 3756 1971 3811 scilicet

378 3839 511 3908 qui
540 3848 818 3896 certantes
846 3840 990 3896 inter
1007 3856 1127 3898 sese
1144 3842 1528 3900 delectationis
1554 3845 1808 3902 humanze
1840 3863 1970 3918 gra-

382 3931 459 3984 tia
494 3931 822 3988 decurrunt.

453 4021 727 4078 Caeterum
771 4024 1011 4080 Severus
1042 4024 1136 4081 ubi
1184 4028 1318 4082 satis
1364 4027 1590 4084 vixisset
1624 4030 1679 4085 in
1715 4030 1974 4102 imperio,

383 4124 643 4185 totosque
672 4115 726 4169 in
764 4131 832 4171 eo
867 4116 934 4171 17
957 4133 1132 4173 annos
1160 4120 1455 4190 exegisset,
1487 4123 1641 4191 gravi
1673 4139 1974 4194 oppressus

383 4206 583 4261 morbo
619 4207 785 4261 vitam
832 4223 961 4262 cum
1013 4219 1191 4267 morte
1246 4213 1631 4269 commutavit.
1673 4214 1974 4274 Moriturus

383 4297 516 4352 liliis
574 4297 693 4352 suis
746 4310 965 4369 sceptra
1027 4301 1273 4371 reliquit,
1326 4318 1566 4373 quorum
1618 4314 1753 4360 natu
1800 4308 1975 4379 major

381 4389 648 4444 Antonini
680 4404 881 4445 nomen
900 4391 1157 4457 habebat,
1188 4404 1615 4464 cognomentum
1638 4395 1929 4453 Caracalla:
1957 4417 1970 4453 :

2069 3297 2285 3352 minati.
2311 3297 2526 3367 Quippe
2557 3303 2787 3351 ventum
2814 3292 3067 3364 quemvis
3097 3290 3484 3361 gravissimum
3533 3288 3648 3356 spic

2074 3386 2250 3443 rando
2285 3393 2612 3455 superantes
2655 3383 2953 3454 plantulam
2987 3380 3223 3451 pietatis
3249 3379 3429 3434 adhuc
3462 3391 3652 3439 recen-

2073 3487 2185 3534 tem
2214 3476 2479 3532 radicitus
2504 3476 2743 3531 evellere
2774 3472 3036 3545 singulari
3063 3471 3246 3528 studio
3288 3468 3649 3529 conabantur.

2071 3568 2245 3624 veluti
2284 3581 2498 3620 ramum
2529 3563 2824 3634 quemdam
2875 3578 2988 3617 non
3020 3562 3094 3616 ita
3128 3560 3345 3632 pridem
3383 3559 3651 3614 insertum

2070 3661 2398 3716 arboremve
2452 3658 2728 3713 tenellam.
2783 3656 2923 3711 Hinc
2962 3663 3256 3720 tormenta,
3280 3652 3521 3717 vincula,
3547 3667 3655 3706 ma-

2070 3752 2342 3808 etationes
2361 3749 2679 3816 hominum;
2710 3748 2842 3804 hinc
2856 3761 3051 3804 carnes
3070 3744 3417 3801 membratim
3442 3744 3652 3799 discer-

2075 3844 2391 3914 pebantur,
2451 3851 2710 3911 tanquam
2774 3840 2830 3895 in
2878 3839 3109 3894 macello
3168 3837 3289 3893 fieri
3345 3835 3652 3892 consuevit.

2070 3934 2370 3990 Enimvero
2408 3941 2768 4002 posteaquam
2807 3946 2875 3985 ex
2898 3929 3068 3984 animi
3102 3927 3263 3982 libitu
3295 3926 3429 3981 satis
3465 3926 3569 3980 hac
3599 3925 3652 3978 in
3700 3992 3707 4001 '

2074 4034 2231 4095 parte
2262 4024 2425 4080 bruto
2453 4024 2661 4093 impetu
2688 4021 3084 4084 decertasseut,
3118 4018 3429 4087 frustraque
3457 4032 3652 4071 canum

2072 4116 2409 4172 furiosorum
2438 4116 2491 4170 in
2527 4130 2736 4171 morem
2767 4114 3081 4177 latrassent,
3104 4126 3207 4165 nec
3235 4120 3414 4165 tamen
3446 4108 3654 4165 Christi

2032 4261 2042 4273 ,
2076 4225 2277 4265 nomen
2311 4208 2534 4263 abolere
2575 4206 2903 4276 potuissent,
2927 4205 2997 4259 ad
3024 4203 3295 4258 insaniam
3321 4202 3527 4257 redacti
3553 4200 3655 4254 rui-

2078 4298 2299 4355 serrimi
2334 4298 2589 4354 homines
2612 4298 2826 4369 abiecta
2857 4310 3061 4351 corona
3087 4304 3261 4349 semet
3286 4293 3353 4348 ad
3378 4292 3653 4348 fortunam

2077 4399 2134 4448 et
2188 4390 2565 4446 conditionem
2610 4389 2966 4444 humiliorem
3019 4387 3355 4445 demittunt.
3407 4385 3656 4455 adeoque

382 4476 546 4529 alteri
573 4475 722 4531 Getae
747 4493 951 4534 nomen
972 4490 1229 4550 parentes
1258 4482 1597 4541 indiderant.
1622 4485 1973 4543 Praefuerunt
2008 4532 2047 4550 η
2075 4492 2358 4538 curatores
2397 4481 2706 4546 hortorum,
2725 4481 2986 4535 arborum
3019 4480 3376 4549 plantatores,
3420 4476 3658 4530 fussores

383 4583 561 4624 annos
592 4570 820 4625 omnino
851 4587 948 4626 sex
987 4580 1043 4627 et
1071 4588 1289 4630 menses
1314 4575 1473 4631 duos.

456 4658 594 4714 Cum
621 4668 804 4717 autem
835 4663 952 4717 alea
984 4663 1202 4734 imperii
1245 4666 1447 4735 saepius
1480 4666 1551 4722 ab
1599 4684 1707 4724 uno
1732 4670 1798 4724 ad
1832 4670 1973 4725 alte-

387 4764 511 4802 rum
529 4766 586 4805 se
599 4753 987 4820 convertisset,
1007 4757 1355 4825 pra-teralios
1371 4758 1709 4814 Diocletiano
1729 4777 1970 4831 quoque,

385 4840 511 4896 viro
541 4843 988 4911 sceleratissimo,
1014 4862 1285 4903 summam
1318 4861 1648 4919 potestatem
1684 4855 1896 4908 tribuit.
1922 4854 1972 4910 Is

383 4930 653 5000 adjuncto
682 4933 786 4987 sibi
813 4935 1141 4993 Maximiano
1160 4937 1437 5004 llcrculio,
1468 4941 1685 4998 Satana:
1715 4944 1847 5009 filio,
1875 4944 1968 5014 qui

383 5021 585 5076 eadem
620 5034 740 5078 erat
771 5040 895 5080 cum
932 5028 1051 5098 ipso
1098 5030 1153 5084 in
1190 5034 1485 5093 sententia.
1516 5045 1830 5089 consortem
1864 5037 1970 5090 im-

382 5114 530 5182 perii
576 5113 723 5170 fecit.
771 5116 815 5172 Ο
860 5121 1175 5188 patientiam
1234 5132 1402 5189 tuam,
1456 5126 1554 5180 [ῖίιί
1608 5126 1704 5181 Dei
1736 5128 1968 5183 Sermo!

382 5205 527 5259 Cum
578 5208 691 5262 duo
737 5226 932 5282 magna
983 5214 1123 5268 mala
1169 5215 1333 5269 simul
1383 5228 1799 5281 concurrerent,
1840 5218 1973 5289 quid

383 5298 719 5355 calamitatis
765 5318 876 5357 non
925 5304 1149 5360 aderat?
1198 5305 1341 5372 Quid
1391 5324 1498 5362 non
1554 5309 1975 5380 designabatur?

385 5390 607 5459 Ubique
654 5392 854 5461 caedes,
897 5398 1277 5465 mactationes,
1336 5401 1621 5468 sanguinis
1674 5403 1976 5459 effusiones

2072 4573 2327 4643 stirpium
2366 4574 2691 4644 olerumque
2718 4572 3024 4627 nutritores
3057 4568 3216 4623 fiunt.
3252 4568 3319 4622 At
3359 4568 3453 4622 ubi
3497 4582 3658 4621 recu-

2073 4681 2270 4736 perare
2287 4665 2492 4721 vellent
2516 4665 2835 4735 imperium,
2857 4661 3184 4734 gravissimo
3204 4659 3432 4715 cmdium
3454 4674 3657 4729 genere

2071 4759 2242 4813 vitam
2277 4759 2600 4818 amiserunt.

2142 4851 2390 4907 Generos
2418 4851 2523 4906 sibi
2561 4849 2902 4919 delegerant,
2935 4846 3139 4916 quibus
3185 4845 3309 4899 lilia:
3355 4843 3653 4905 nuberent,

2073 4959 2280 5013 eosque
2313 4952 2572 5012 tanquam
2611 4950 2768 4996 natos
2790 4956 2856 4996 ex
2884 4954 2944 4994 se
2974 4938 3117 4993 ﬁlios
3141 4937 3385 4993 Caesares
3406 4936 3658 5007 designa~

2077 5045 2222 5096 rant.
2258 5034 2472 5103 primus
2501 5025 2725 5101 quidem
2748 5030 3051 5094 Galerium,
3080 5027 3310 5084 Valeria:
3342 5026 3464 5083 lilia:
3493 5030 3658 5081 mari-

2074 5135 2211 5191 tum,
2243 5127 2381 5181 alter
2414 5140 2564 5190 vero,
2604 5125 2866 5177 nimirum
2895 5122 3279 5187 Maximianus,
3300 5121 3657 5177 Constantem

2071 5218 2286 5275 Claudii
2337 5218 2507 5273 lilium
2535 5258 2551 5283 ,
2586 5218 2681 5287 qui
2739 5232 2849 5272 non
2896 5217 2971 5272 ita
3016 5215 3232 5285 pridem
3268 5215 3657 5286 imperaverat.

2075 5311 2323 5367 llabcbat
2363 5312 2476 5382 jam
2519 5318 2635 5365 tum
2666 5309 2941 5365 Constans
2973 5309 3235 5365 llelenam
3290 5324 3543 5372 uxorem,
3576 5306 3660 5361 fe-

2074 5403 2278 5458 minam
2312 5402 2704 5467 beatissimam,
2741 5416 2772 5457 e
2795 5416 2902 5471 qua
2929 5401 3267 5472 maguusillo
3292 5400 3660 5470 triumphator

1752 5568 1955 5630 Varias
1998 5568 2335 5632 lchones.

456 5680 504 5710 "
531 5680 1092 5753 ἓτεσινᾲὲνδιαρκέσας
1129 5686 1243 5741 RR.
1268 5662 1279 5669 '
1330 5688 1377 5719 ⁸⁸
1407 5688 1739 5753 προσπίπτει
1765 5689 1882 5743 RR.

387 5819 431 5851 ⁸³
456 5818 613 5878 llunc
641 5838 786 5879 vers.
821 5840 934 5877 om.
964 5818 1030 5878 ιιι
1060 5818 1282 5885 ἰὶύνους
1309 5829 1476 5881 εἴκοσι
1505 5828 1597 5882 δύο
1630 5818 1691 5884 Ᾱ.

1983 5691 2029 5723 ⁸⁷
2062 5692 2376 5753 Ἀντωνῖνος
2403 5690 2561 5745 AR“.

384 5764 525 5833 vers.
563 5767 678 5805 om.
710 5749 823 5806 RR.
872 5754 1258 5833 ’νεκράτησαν
1286 5759 1351 5812 Λ.
1426 5749 1470 5791 δέ
1498 5759 1968 5833 αύτογνωμονοῦντ

2069 5767 2099 5815 ἱ.
2166 5760 2210 5793 ⁶⁰
2246 5761 2290 5814 δ’
2327 5749 2434 5817 om.
2468 5762 2531 5816 ll.

2664 5690 2711 5723 ⁸⁸
2743 5689 2838 5743 τοῦ
2872 5685 3262 5756 γεγεννηκότος
3310 5682 3469 5756 ARR.’
3504 5678 3658 5731 Nunc

2630 5762 2672 5792 “
2702 5750 3010 5831 πρυμνόθεν
3033 5750 3144 5811 AR.
3245 5756 3291 5786 ⁶¹
3310 5750 3655 5818 κατάγοντες.
