4136 6430
484 374 604 438 ’307

504 487 850 558 Μαξιμιανοῦ
883 491 947 559 τῇ
999 488 1255 559 θυγατρὶ,
1292 490 1386 544 καὶ
1432 491 1629 555 παῖδας
1661 494 1968 558 ἀποτίκτει,

503 580 637 633 Μεθ’
658 574 732 633 ὧν
756 580 961 634 καὶτὸν
990 582 1368 636 Κωνστάντιον
1391 580 1484 635 τοῦ
1518 583 1719 636 Γάλλου
1747 584 1840 637 τὸν
1868 584 2079 654 πατέρα

506 672 619 725 Καὶ
646 670 742 725 τοῦ
777 673 1275 744 παρανομήσαντας
1324 674 1424 727 καὶ
1463 674 1921 745 δεδυσσεῦηκότος

519 759 805 813 Ἰουλιανοῦ
832 758 925 813 τοῦ
973 762 1220 833 μυσαροῦ
1257 765 1349 817 καὶ
1381 766 1851 835 καταρατοτάτου.

586 851 647 902 ’0
682 851 1099 921 Κωνοταντῖνος
1139 855 1434 926 τοιγαροῦν
1480 856 1576 909 τοῦ
1630 855 1987 920 Κώνσταντος
2021 858 2083 911 τὸ

1894 948 2083 1021 [λάχος

520 1036 609 1100 Ὠς
633 1036 904 1106 πατρικὸν
936 1036 1299 1108 παραλαόὼν,
1323 1038 1419 1091 καὶ
1450 1038 1666 1110 βλέπων
1691 1040 1760 1093 τὰ
1793 1040 2084 1112 Ῥωμαίων

506 1126 716 1192 Κακῶς
749 1128 1262 1199 περιστροεούμενα
1307 1129 1497 1194 ζάλαις
1551 1131 1983 1204 ἀλλεπαλλήλοις

519 1219 610 1282 Ὠς
639 1222 740 1288 τῆς
769 1221 967 1290 ἀρχῆς
993 1221 1074 1283 είς
1117 1220 1368 1284 πλείονας
1402 1222 1577 1293 ἀρχὰς
1606 1224 1947 1295 διῃρημένης

510 1304 710 1383 (Ἶίρχε
758 1310 854 1364 καὶ
906 1311 1015 1384 γὰρ
1060 1310 1383 1377 Μαξέντιος,
1419 1317 1515 1366 καὶ
1552 1315 1670 1384 μετ’
1699 1315 1867 1369 αὑτοῦ
1908 1316 1949 1349 ⁸⁸
1985 1316 2086 1368 Σε-

1874 1404 2086 1477 [σῆρος.

512 1491 623 1544 Καὶ
665 1492 973 1563 Μαξιμίνος
1031 1494 1129 1549 σὺν
1180 1497 1333 1568 αὐτῷ
1370 1497 1511 1568 μετὰ
1545 1498 1592 1530 ⁸⁵
1623 1496 1717 1552 τοῦ
1747 1496 2087 1566 Γαλλερίου),

524 1580 756 1652 Ἐγείρει
771 1582 950 1654 μάχας
967 1585 1012 1618 ⁸⁸
1027 1587 1146 1640 κατ’
1172 1588 1842 1659 αύτῶν,.κατατροποῦται
1860 1588 2086 1650 πάντας,

511 1669 625 1722 Καὶ
654 1668 913 1740 βασιλεὺς
953 1671 1279 1728 καθίσταται
1320 1674 1417 1728 καὶ
1450 1674 1676 1745 κράτωρ
1708 1675 2087 1746 μονοκράτωρ,

513 1760 626 1812 Καὶ
655 1758 883 1829 θρέμμα
918 1761 1131 1828 γίνεται
1181 1763 1424 1832 Χριστοῦ
1476 1765 1681 1834 σεπτῆς
1735 1763 2089 1836 ἀγελαρχίας,

1669 379 2176 443 CONSTANTINI
2218 384 2597 448 MANASSIS

3648 392 3763 459 3ῧὸ

2104 499 2148 555 Α
2182 496 2287 549 Καὶ
2328 499 2434 569 γὰρ
2470 499 2949 570 μεγαλοπτέρυγες
2999 500 3212 571 ὄρνιθες
3243 504 3573 568 ἔπιπτάντες
3598 503 3646 537 ⁸⁸

2183 589 2320 652 Τοὺς
2352 590 2529 653 λίθους
2558 591 2987 662 ἀφαρπάσαντες
3014 595 3062 628 ’⁸
3108 595 3450 665 μετήνεγκαν
3478 597 3524 628 ⁷⁸
3548 596 3765 651 ἐκεῖθεν

2196 683 2321 736 Ἐπὶ
2353 684 2453 754 τὴν
2483 686 2637 739 πόλιν
2690 684 2963 751 Βύζαντος
3010 687 3112 755 τὴν
3146 687 3654 758 περικαλλεστάτην
3686 687 3756 741 ⁷³.

2196 775 2256 829 '0
2282 776 2464 829 τοίνυν
2504 776 2912 849 θεοφρούρητος
2940 778 3182 842 αὖτάναξ
3208 779 3628 843 Κωνσταντϊνος

2185 867 2299 920 Οὐκ
2333 868 2442 920 ἀπὸ
2488 866 2657 938 τύχης
2706 868 2982 936 ἐγνωκὼς,
3022 869 3140 924 ἀλλ’
3171 870 3281 923 οὐδ’
3315 872 3380 924 ἐκ
3416 870 3765 941 ταπομάτου

2186 960 2255 1011 Συ
2265 959 2469 1028 μεῆναι
2496 959 2558 1012 τὸ
2587 961 2880 1030 γενόμενον
2911 960 3069 1016 τοῦτο
3100 964 3231 1033 περὶ
3260 963 3383 1025 τοὺς
3413 962 3618 1025 λίθους,

2198 1048 2443 1100 Ἐκεῖθεν
2472 1048 2846 1118 μεταθέμενος
2894 1051 3121 1119 στρέφει
3155 1051 3257 1120 τὴν
3296 1052 3525 1122 γνώμην
3557 1051 3690 1122 ὅλην

2188 1140 2313 1193 Ἐπὶ
2344 1140 2443 1211 τὴν
2488 1141 2894 1210 πανευδαίμονα
2945 1143 3102 1195 πόλιν
3132 1144 3241 1196 τῶν
3282 1144 3622 1211 Βυζαντίων,

2189 1234 2296 1286 Καὶ
2326 1232 2482 1285 πόλιν
2519 1231 2828 1286 ὀλϐιὸπολιν
2863 1234 2998 1304 αὐτῇ
3037 1237 3479 1306 προσανεγείρει,

2191 1324 2355 1378 Πόλιν
2382 1324 2481 1395 τὴν
2516 1324 2904 1395 μεγαλόπολιν,
2931 1326 3087 1379 πόλιν
3125 1327 3226 1395 τὴν
3245 1330 3399 1382 νέαν-
3420 1328 3660 1399 Ῥώμην,

2204 1415 2424 1485 Ῥώμην
2464 1417 2564 1488 τὴν
2618 1416 2988 1489 ἀρρυτίδωτον
3012 1456 3028 1480 ,
3068 1418 3171 1489 τὴν
3222 1420 3438 1489 μήποτε
3482 1421 3774 1492 γηρῶσαν,

2202 1509 2423 1580 Ῥώμην
2456 1509 2547 1562 ἀεὶ
2574 1508 2902 1573 νεάξουσαν,
2948 1510 3040 1564 ἀεὶ
3075 1511 3487 1582 καινιζομένην,
3652 1506 3659 1514 ’

2203 1598 2424 1667 Ῥώμην
2476 1597 2571 1666 ἀφ’
2598 1593 2670 1671 ἧς
2720 1599 3047 1670 προχέονται
3087 1600 3330 1673 χαρίτων
3381 1602 3439 1655 αί
3474 1600 3775 1672 ωρμάδες,

2198 1686 2303 1741 Ἠν
2329 1690 2557 1760 ἤπειρος
2598 1687 3070 1758 προσπτύσσεται,
3101 1688 3347 1745 θάλασσα
3375 1690 3666 1757 δεξιοῦται,

2202 1779 2413 1844 Ἧπίως
2440 1779 2830 1848 ἀγκαλίζονται
2866 1780 3124 1851 παλάμαι
3144 1778 3245 1849 τῆς
3269 1778 3564 1852 Εὐρώπης,

515 1849 741 1943 Πρῶτος
762 1850 1013 1906 ἀνάκτων
1033 1829 1363 1924 τῷΧριστῷ
1381 1829 1806 1925 προσκολληθεὶς
1828 1829 2089 1924 γνησίως.
2123 1829 2165 1884 Β

515 1936 684 2006 Οὗτος
710 1942 932 1997 καθεῖλε
967 1948 1094 2009 τοὺς
1144 1946 1383 2017 βωμοὺς,
1415 1947 1627 2001 ἔκλεισε
1661 1947 1731 2002 τὰ
1763 1947 1966 2017 τεμένη

527 2033 618 2087 Ἐν
646 2028 727 2097 οἷς
770 2038 1054 2106 προσῆγον
1096 2038 1360 2109 Ἕλληνες
1395 2041 1615 2110 δαίμοσι
1640 2042 1739 2104 τὰς
1773 2041 1987 2108 θυσίας,

514 2124 629 2177 Καὶ
671 2126 783 2178 τῶν
832 2127 1080 2197 αἰσχρῶν
1114 2130 1433 2200 ἐναγισμῶν
1464 2132 1557 2187 καὶ
1599 2131 1863 2203 ῥυπαρῶν
1890 2131 2095 2204 ὀργίων

516 2215 724 2286 Σχολὴν
753 2219 1173 2289 κατεψηφίσατο
1201 2224 1297 2278 καὶ
1325 2224 1507 2289 πάσης
1543 2222 1847 2294 βδελυρίας.

515 2307 630 2361 Καὶ
671 2309 866 2377 γέγονε
910 2312 1243 2383 mpii-pavo;
1278 2313 1516 2382 σάλπιγξ
1545 2314 2002 2386 ἀργυροσάλπιγξ

529 2396 654 2450 Ἀπ’
695 2397 882 2469 ἄκρων
909 2401 1016 2469 γῆς
1066 2405 1145 2465 εἰς
1188 2405 1336 2474 ἄκρα
1366 2406 1468 2473 γῆς
1515 2403 1725 2474 ἡχοῦσα
1764 2406 1859 2459 καὶ
1894 2404 2094 2475 βοῶσα.

516 2490 629 2561 Καὶ
675 2494 923 2565 πανταχῆ
959 2493 1375 2559 ⁸⁷’σαλπίζουσα
1414 2496 1515 2566 τὴν
1562 2498 1643 2560 είς
1697 2496 1792 2549 τὸν
1852 2496 2097 2567 Κτίστην

1866 2588 2096 2657 [πίστιν.

517 2677 734 2741 Πόλεως
768 2676 825 2730 δὲ
850 2675 1177 2747 βουλόμενος
1203 2677 1467 2748 δομὴτωρ
1494 2678 1837 2749 χρηματίσαι
1865 2677 1913 2708 ⁸⁸

517 2768 630 2837 Τὴν
666 2767 775 2824 τῶν
810 2768 1033 2836 τυφλῶν
1063 2767 1333 2823 κατέλαϐε
1380 2768 1762 2836 Χαλκηδονίων
1787 2769 1966 2823 πόλιν.
2032 2794 2037 2797 ·

517 2858 629 2911 Καὶ
682 2858 890 2925 κτίζειν
934 2858 1332 2931 ἀπαρξάμενος
1389 2861 1624 2929 πρᾶγμα
1658 2859 1875 2914 κατεῖδε
1920 2858 2095 2926 ξένον·

515 3107 911 3164 Constantinus
932 3107 1148 3176 genitus
1194 3106 1300 3161 fuit
1328 3125 1341 3160 :
1365 3106 1478 3178 εδ
1503 3119 1694 3160 verum
1727 3105 1946 3176 tyranni
1986 3105 2103 3175 glo-

2280 1962 2440 2016 ⁹Αλλὰ
2470 1963 2539 2016 τὰ
2582 1963 2681 2032 μὲν
2721 1962 3024 2032 αὐχήματα
3084 1962 3292 2031 ταύτης
3345 1962 3446 2032 τῆς
3500 1960 3781 2034 βασιλίδος

2209 2054 2436 2124 Ἐτέρου
2470 2055 2629 2121 λόγου
2664 2053 2759 2107 καὶ
2787 2052 2983 2123 καιροῦ
3016 2054 3381 2124 καταριθμεῖν
3404 2053 3498 2106 καὶ⁵
3525 2051 3783 2123 γράφειν·

2209 2147 2334 2200 Ἐπὶ
2371 2147 2427 2199 δὲ
2462 2147 2561 2215 τὴν
2594 2147 2851 2216 διήγησιν
2880 2146 3046 2201 πάλιν
3078 2145 3389 2201 ἐπανιτέον.

2211 2237 2272 2291 Ὀ
2304 2237 2414 2309 γάρ
2444 2255 2531 2289 τςι
2557 2237 2605 2270 ⁷⁸
2630 2236 2995 2306 γαληνότατος
3023 2238 3118 2290 καὶ
3152 2238 3327 2307 μέγας
3353 2237 3770 2300 Κωνσταντίνος

2202 2329 2391 2381 Ἔτεσι
2423 2327 2523 2397 μὲν
2560 2330 2835 2400 ἐκράτησε
2866 2330 2996 2383 δέκα
3038 2332 3136 2385 σὺν
3168 2332 3362 2396 ’ἄλλοις
3409 2331 3502 2385 δύο

2200 2419 2315 2488 Τῆς
2344 2419 2729 2488 πρεσϐυτέρας
2775 2419 2998 2489 Ῥώμης
3032 2425 3126 2475 καί⁵
3152 2423 3233 2486 δὶς
3263 2423 3395 2476 ὁὲκα
3417 2422 3749 2488 Βυζαντίδος
3771 2439 3785 2451 ·

2211 2509 2300 2572 Ὠς
2348 2510 2393 2562 δ’
2440 2509 2672 2579 ἔμελλεν
2716 2510 2792 2573 ὡς
2843 2511 3134 2581 ἄνθρωπος
3158 2514 3222 2565 ὲκ
3249 2514 3351 2582 γῆς
3379 2513 3790 2582 γεγεννημένος

2202 2600 2307 2654 Τὸν
2341 2599 2473 2669 χοῦν
2501 2601 2973 2671 ἀποφορτίζεσβκ.
3001 2602 3093 2655 καὶ
3122 2605 3188 2674 τῇ
3223 2602 3381 2673 πηλῷ
3423 2602 3628 2655 διδόναι
3666 2601 3716 2633 ⁷⁸

2202 2690 2315 2762 Τὴν
2360 2691 2737 2745 δανιισθεῖσαν
2789 2709 2902 2763 ταρ
2964 2694 3139 2763 αὐτῆς
3199 2694 3295 2747 τοῦ
3342 2696 3576 2764 σκήνους
3621 2709 3790 2762 κεραο

3576 2782 3670 2855 [με
3679 2783 3790 2847 ίαν,

2204 2872 2588 2929 Κωνστάντιον
2622 2873 2716 2928 τὸν
2742 2873 3000 2945 δεύτερον
3029 2876 3145 2929 υίδν
3177 2876 3505 2947 ἀναγορεύει

3462 2967 3617 3028 Vers.
3643 2968 3800 3025 9.365

2204 3120 2298 3175 ubi
2332 3119 2593 3191 etepisset
2626 3121 2906 3186 inchoare,
2939 3136 3140 3176 novum
3172 3121 3447 3192 quoddam
3476 3123 3796 3193 prodigium

516 3199 644 3255 risu:
686 3199 979 3261 reveritus,
1009 3214 1075 3253 ea
1114 3199 1423 3268 repudiata,
1445 3196 1751 3252 Theodore
1787 3195 2102 3265 conjugium

2207 3210 2369 3266 vidit.
2404 3209 2538 3266 Nam
2569 3212 2781 3283 magnis
2809 3211 2911 3267 alis
2946 3211 3190 3282 prteditze
3241 3213 3498 3268 volucres
3531 3230 3657 3268 cum
3689 3212 3797 3270 ad-

519 3292 804 3362 amplexus
828 3301 935 3350 est.
975 3290 1287 3346 Maximiani
1320 3290 1465 3353 tiliae,
1500 3289 1570 3344 de
1613 3303 1720 3358 qua
1764 3287 1971 3343 liberos
2015 3296 2099 3342 et-

519 3380 627 3433 iam
670 3378 1005 3448 procreavit,
1048 3392 1287 3447 quorum
1319 3378 1374 3431 in
1403 3390 1636 3430 numero
1679 3374 1785 3429 fuit
1832 3375 2106 3429 Constan-

520 3471 633 3525 tius
690 3468 830 3525 Galli
893 3479 1049 3540 pater
1098 3470 1342 3540 itemque
1405 3466 1605 3524 Juliani
1665 3466 2107 3537 praevaricatoris

522 3561 676 3631 impii
718 3560 1067 3632 maximeque
1096 3560 1446 3616 exsecrandi.

594 3656 909 3713 Secundum
934 3655 1050 3711 haec
1069 3654 1462 3711 Constantinus
1481 3669 1599 3709 eam
1626 3654 1839 3725 imperii
1854 3661 2105 3724 'partem,

522 3765 645 3818 qme
673 3748 957 3804 Constanti
991 3755 1141 3804 sorte
1164 3747 1485 3813 obvenerat,
1528 3746 1699 3801 veluti
1731 3743 2109 3816 paternojure

523 3838 764 3893 debitam
800 3847 1153 3903 consecutus,
1182 3852 1305 3892 cum
1339 3852 1427 3892 res
1458 3837 1731 3891 Romanas
1760 3835 1958 3889 misere
1983 3847 2107 3887 cer-

522 3940 683 3986 neret
721 3932 1138 3987 continentibus
1166 3930 1358 4001 agitari
1386 3929 1664 3994 ﬂuctibus,
1702 3927 1937 3997 imperio
1969 3925 2112 3979 mul-

525 4034 611 4078 tos
656 4025 710 4078 in
758 4024 1099 4094 principatus
1149 4022 1327 4077 diviso
1388 4022 1535 4089 (nam
1589 4036 1697 4075 una
1752 4028 2024 4089 pmerant
2058 4015 2109 4072 ei

525 4115 851 4179 Maxentius,
880 4114 1137 4174 Severus.
1182 4113 1527 4175 Maximinus,
1574 4111 1871 4184 Galerius),
1904 4109 2109 4165 bellum

526 4210 583 4262 in
612 4222 710 4262 eos
746 4215 949 4269 movet,
979 4206 1159 4276 deque
1182 4204 1397 4260 cunctis
1439 4204 1668 4260 victoria
1713 4203 1922 4274 potitus
1961 4202 2113 4257 solus

528 4300 938 4368 imperatoriam
986 4305 1309 4367 potestatem
1361 4296 1721 4365 adipiscitur:
1751 4296 1915 4349 simul
1943 4309 2111 4350 vene-

529 4390 687 4445 randi
718 4390 896 4461 gregis
916 4387 1118 4445 Christi
1140 4388 1450 4453 ﬁtovieula,
1482 4388 1694 4458 primus
1718 4386 2111 4456 imperatorum

529 4484 747 4538 Christo
775 4497 901 4537 vere
932 4481 1320 4551 agglutinatus.
1367 4479 1466 4534 llic
1488 4487 1546 4534 et
1568 4494 1691 4533 aras
1720 4480 1917 4535 evertit
1945 4488 2001 4535 et
2023 4478 2115 4532 de-

2205 3302 2505 3366 volassent,
2541 3302 2800 3372 abreptos
2848 3301 3059 3373 lapides
3104 3302 3231 3358 inde
3261 3302 3689 3373 pulcherrimam
3723 3304 3799 3359 ad

2205 3394 2400 3449 urbem
2448 3392 2804 3465 Byzantinam
2844 3392 3230 3465 deportarunt.
3265 3393 3611 3465 Quapropter
3642 3394 3801 3450 Con-

2205 3485 2481 3541 stantinus
2526 3483 2847 3554 imperator.
2883 3485 2978 3555 qui
3003 3484 3271 3540 divinitus
3308 3486 3709 3557 gubernaretur
3734 3502 3806 3542 ac

2207 3586 2514 3647 regeretur,
2563 3575 2946 3633 animadverso
2994 3591 3109 3631 rem
3157 3576 3301 3632 hanc
3350 3592 3473 3645 quae
3518 3575 3806 3631 acciderat

2208 3683 2317 3723 non
2346 3667 2575 3722 fortuito
2608 3681 2711 3724 nec
2741 3682 2870 3722 casu
2900 3668 3172 3732 evenisse,
3227 3682 3422 3722 averso
3453 3666 3579 3722 inde
3608 3667 3808 3721 animo

2208 3769 2383 3816 totum
2415 3759 2706 3814 consilium
2732 3766 2926 3822 mutat,
2955 3773 3122 3829 seque
3143 3758 3210 3813 ad
3240 3759 3563 3829 opulentum
3588 3758 3809 3829 Byzan-

2210 3853 2415 3907 tiorum
2441 3850 2706 3920 oppidum
2743 3848 2979 3913 confert,
3004 3866 3035 3905 e
3058 3866 3169 3921 quo
3203 3850 3577 3906 beatissimam
3601 3858 3658 3906 et
3687 3849 3809 3921 for;

2211 3952 2457 3998 lunatam
2493 3942 2685 3996 urbem
2718 3941 2940 4005 excitat,
2998 3941 3216 4007 urbem,
3252 3943 3496 4011 inquam,
3522 3955 3805 4012 magnam,

2210 4034 2442 4089 Romam
2478 4047 2698 4097 novam,
2735 4030 2968 4086 Romam
3008 4040 3286 4087 carentem
3316 4033 3487 4104 rugis,
3515 4047 3807 4101 nunquam

2211 4130 2610 4182 senescentem.
2661 4121 2756 4177 sed
2812 4132 3080 4192 perpetuo
3130 4122 3579 4192 juvenescentem
3629 4137 3808 4191 seque

2213 4223 2591 4279 renovantem,
2632 4215 2859 4269 Romam
2892 4214 3039 4269 illaut
3087 4213 3325 4283 denique
3353 4213 3421 4269 de
3448 4231 3553 4284 qua
3592 4214 3810 4283 gratia-

2213 4326 2333 4365 rum
2378 4308 2479 4363 rivi
2515 4307 2832 4378 proﬂuunt;
2867 4321 3029 4377 quam
3078 4314 3224 4360 terra
3275 4305 3565 4360 continens
3594 4308 3809 4374 ample-

2214 4402 2405 4463 ctitur,
2456 4410 2512 4454 et
2559 4414 2711 4453 mare
2761 4396 3002 4452 vicissim
3054 4394 3292 4465 excipit;
3349 4409 3512 4465 quam
3555 4393 3810 4464 jucunde

2214 4498 2415 4546 ornant
2471 4489 2700 4560 Europae
2747 4503 2962 4553 manus,
3005 4497 3061 4541 et
3089 4488 3157 4540 ab
3181 4485 3351 4540 altera
3389 4492 3543 4555 parte
3575 4498 3636 4538 os
3660 4483 3812 4539 Asia.-

531 4575 688 4629 lnllra
711 4574 931 4638 clausit,
960 4572 1012 4626 in
1041 4571 1243 4642 quibus
1270 4571 1478 4626 ethnici
1515 4571 1670 4624 malis
1691 4572 1868 4641 geniis
1903 4570 2112 4625 hostias
2149 4617 2190 4642 η
2219 4582 2594 4637 άεοεευιίιιυτ,

531 4664 872 4727 offerebant;
904 4664 1146 4733 itemque
1169 4663 1530 4733 promulgatis
1567 4663 1781 4733 legibus
1812 4672 1999 4734 turpes
2025 4665 2113 4718 lu-

530 4756 846 4819 strationes,
874 4756 1024 4826 orgia
1059 4754 1227 4822 foeda,
1253 4765 1479 4810 cunctas
1506 4754 1939 4811 abominationes
1961 4755 2118 4810 deni-

2291 4672 2583 4726 Enimvero
2601 4669 2811 4733 laudes,
2830 4669 3034 4740 quibus
3048 4668 3166 4724 hmo
3186 4666 3319 4722 urbs
3341 4666 3657 4737 imperatri;
3680 4680 3812 4720 sese

2211 4760 2404 4831 jactat,
2455 4760 2684 4814 alterius
2713 4758 2818 4813 loci
2858 4767 2914 4812 et
2947 4760 3210 4828 temporis
3236 4756 3404 4810 fuerit
3434 4769 3805 4809 enumerare:

531 4863 639 4918 que
659 4849 1074 4920 cessarejussit.
1093 4847 1209 4903 Hoc
1227 4850 1391 4903 modo
1410 4847 2119 4917 factusestvelutargentea
2217 4867 2365 4906 nunc
2392 4851 2458 4905 ad
2489 4851 2798 4905 institutam
2831 4849 2965 4903 mihi
3001 4838 3373 4903 narrationem
3413 4845 3809 4900 revertendum

531 4939 781 5007 quaedam
816 4940 966 5003 tuba,
1014 4954 1135 5009 qua!
1162 4939 1306 4993 clare
1337 4938 1407 4993 ah
1432 4937 1695 4993 extremis
1750 4947 1911 4992 teme
1944 4938 2119 5007 parti-

532 5028 639 5083 bus
671 5029 737 5084 ad
765 5030 900 5084 alias
920 5031 1296 5086 extremitates
1324 5031 1529 5094 sonuit,
1565 5044 1630 5086 ac
1666 5029 1829 5085 ﬁdem
1861 5030 1915 5084 in
1946 5029 2116 5084 Crea-

536 5130 711 5175 torem
763 5121 1018 5189 clangore
1064 5122 1282 5177 eunetis
1323 5122 1379 5176 in
1426 5121 1559 5177 locis
1605 5121 1942 5191 propagavit.
1976 5120 2115 5175 Cum

505 5219 718 5265 ~:autem
747 5212 938 5267 urbem
972 5215 1212 5270 condere
1251 5214 1434 5278 vellet,
1475 5228 1747 5270 caecorum
1807 5214 2113 5269 Chalcedo-

533 5296 789 5358 nensium
817 5298 1095 5358 civitatem
1121 5296 1510 5361 exstruendam
1543 5307 1732 5361 statuit
1761 5322 1779 5371 ;
1802 5307 1948 5377 quod
1973 5302 2114 5376 opus

2214 4941 2341 4995 erit.
2393 4939 2529 4994 Cum
2560 4955 2690 5008 ergo
2723 4938 3113 4995 serenissimus
3140 4936 3231 4991 ille
3260 4932 3654 4991 Constantinus
3681 4934 3813 5003 pul-

2218 5048 2406 5087 verem
2457 5032 2719 5101 corporis
2767 5029 3123 5101 depositurus
3151 5027 3574 5083 actahernaculi
3624 5024 3813 5095 figuli-

2222 5139 2354 5178 num
2387 5138 2481 5177 vas
2504 5132 2682 5187 terrm,
2715 5137 2837 5192 qum
2865 5130 3116 5176 mutuum
3181 5119 3430 5184 dederat,
3485 5117 3812 5173 redditurus

2219 5226 2388 5279 esset,
2437 5223 2723 5285 postquam
2775 5220 3055 5283 regnasset
3107 5226 3283 5266 annos
3314 5211 3396 5275 ιε,
3431 5209 3808 5282 “alterum

2219 5322 2284 5363 ex
2316 5306 2443 5360 ﬁliis
2476 5304 2896 5362 Constantinum
2931 5302 3102 5359 totius
3136 5299 3378 5356 Orientis
3414 5301 3805 5370 imperatorem

1902 5448 2106 5511 Varia)
2146 5449 2485 5513 lectiones.

608 5594 657 5627 “
676 5594 838 5648 αὐτὸν
866 5590 1033 5647 ARR.
1112 5594 1157 5625 "
1194 5592 1313 5661 μετ’
1336 5594 1500 5649 αὐτὸν
1535 5614 1593 5666 μ.
1621 5596 1699 5661 Α.
1740 5596 1811 5643 -⁶⁶
1840 5596 2099 5665 μάχην-ιιι

682 5665 728 5695 ⁷⁸
750 5664 1170 5718 ἀφαρπάζοντος
1195 5666 1260 5717 Δ.
1335 5666 1380 5699 τί
1402 5668 1750 5718 κατήνεγκα»
1773 5664 1840 5718 R.
1970 5670 2018 5699 ⁷³
2048 5683 2103 5718 πε

2207 5598 2245 5629 ⁵⁷
2279 5595 2558 5665 πανταχοῦ
2595 5592 2660 5649 R.

2207 5666 2514 5718 ιλεεστάτην
2549 5664 2617 5718 R.

2048 5683 2114 5720 πε
2125 5680 2514 5737 ρικλεεστατην
2549 5680 2617 5719 ιι.

537 5666 608 5720 R.
682 5665 728 5695 ⁷⁸
750 5664 1170 5740 ἀφαρπάζοντος
1195 5666 1260 5717 Δ.
1402 5664 1751 5740 κατήνεγκα»
1773 5664 1840 5719 R.

3391 5588 3436 5620 ⁶⁹
3472 5582 3804 5646 ἐπιστάντες

2754 5592 2799 5625 ⁸³
2831 5590 3195 5663 χρηματίζειν
3224 5592 3290 5645 Δ.
3391 5590 3436 5620 ⁶⁹
3472 5590 3801 5646 ἐπιστάντες

2754 5662 2764 5693 ³
2789 5663 2864 5718 ὼς
2895 5666 3003 5718 γὰρ
3031 5662 3059 5714 ὁ
3084 5659 3199 5713 AR.
3305 5658 3353 5691 "
3382 5656 3539 5718 lianc
3578 5669 3801 5709 versum

2718 5662 2764 5694 τι
2789 5659 3003 5731 ὡς’-(ἀρ
3031 5662 3059 5714 ὁ
3084 5659 3199 5731 AR.

537 5749 664 5807 eum
690 5723 936 5807 sequenti
977 5723 1164 5807 supra
1184 5743 1307 5807 post
1334 5723 1746 5807 Κωνσταντῖνος
1782 5745 1992 5804 ponunt
2032 5738 2103 5790 Al1

2213 5738 2362 5791 ddito
2397 5723 2516 5807 post
2564 5751 2618 5788 ν.
2647 5723 3025 5805 protect-qui
3048 5729 3251 5786 desinit
3280 5730 3336 5786 in
3371 5723 3801 5798 γεγεννημένος,

539 5803 646 5863 hoc
677 5819 690 5857 :
730 5804 809 5867 εἰς
853 5806 943 5877 τὴν
972 5802 1136 5874 αὐτὴν
1170 5802 1450 5877 είσδρὰμοι
1471 5804 1525 5858 δὲ
1553 5805 1649 5874 τὴν
1678 5802 1887 5869 πάντας
1916 5806 2262 5879 ὲκῖαμὰιζων.
2397 5802 2410 5807 ’
2647 5802 2661 5805 ’
3432 5812 3437 5821 ’
