4136 6424
458 354 561 416 an

461 459 840 529 ΠὰσηςἚῴας
873 455 1146 529 κράτορα,
1179 458 1291 519 τοῖς
1319 455 1375 508 δὲ
1406 455 1561 508 παισὶ
1578 458 1689 518 τοῖς
1716 456 1896 519 ἄλλοις

463 549 666 623 (Ἦσαν
693 549 738 601 δ’
773 547 962 610 αὐτοῖς
988 547 1226 615 ὀνόματα
1267 544 1528 608 Κώνστας
1555 545 1648 598 καὶ
1676 545 2026 598 Κωνσταντῖ-

1830 635 1960 707 [νος)

464 731 704 803 Χειρίζει
725 731 771 762 ⁷⁵
788 729 858 782 τὰ
897 727 1254 799 προσέσπερα
1285 727 1378 779 καὶ
1409 726 1628 795 Ῥώμην
1656 726 1751 780 καὶ⁵
1781 726 2029 789 Γαλλίας.

475 823 616 878 Ἀλλ’
639 816 783 875 οὗτοι
831 819 931 888 μὲν
979 817 1298 886 ἀπέσϐησαν
1333 816 1515 884 τάχιον
1547 818 1642 868 καὶ
1670 816 1776 887 πρὸ
1814 815 2033 886 χρόνου,

469 915 711 983 Πόλεμον
744 911 844 980 φεύ
869 912 884 963 ι
919 912 1000 972 εἰς
1034 909 1272 978 ἔμφυλον
1294 908 1544 978 ἀλλήλοις
1561 906 1932 970 καταστάντες

470 1007 580 1057 Καὶ
611 1005 707 1066 τὰς
743 1003 992 1070 ἀλλήλων
1041 1001 1286 1062 θέλοντες
1325 1001 1571 1068 ἁρπάσαι
1605 999 1650 1029 ⁷⁸
1698 998 1994 1069 κρατορίας
2017 1017 2030 1031 ·

469 1094 566 1154 Εἰς
599 1093 757 1161 μόνον
787 1091 844 1143 δὲ
879 1088 1253 1143 Κωνστάντιον
1303 1089 1362 1141 τὸ
1417 1090 1526 1141 πᾶν
1577 1088 1777 1158 μετέϐη
1813 1089 2032 1159 κράτος,

473 1185 574 1244 Ὃς
620 1182 687 1234 τὰ
729 1182 824 1250 μὲν
869 1179 1064 1249 πρῶτα
1099 1179 1357 1249 Καίσαρα
1381 1179 1645 1248 τετίμηκε
1677 1179 1768 1230 τὸν
1808 1179 2033 1241 Γάλλον,

469 1271 578 1322 Τὸν
608 1269 934 1338 αὐτανεψιὺν
986 1268 1174 1332 αὐτοῦ,
1215 1269 1308 1320 τὸν
1359 1267 1740 1320 Κωνσταντίου
1781 1267 1966 1330 παῖδα,

468 1361 836 1415 Βασιλειῶντα
878 1361 933 1412 δὲ
972 1359 1162 1430 μαθὼν
1200 1360 1296 1412 καλ⁸
1327 1361 1610 1430 τυραννεῖν
1643 1358 1899 1428 ὁρμῶντα

470 1454 580 1505 Kal
610 1453 788 1505 πάντα
823 1450 1216 1522 μηχανώμενον
1251 1449 1390 1502 ῶστε
1434 1451 1614 1519 τυχεῖν
1654 1448 1746 1502 τοῦ
1777 1449 1944 1501 πόθου

467 1542 583 1610 Τὴν
612 1541 859 1610 κεφαλὴν
908 1541 1183 1606 ἀφείλετο,
1236 1541 1414 1594 πᾶσαν
1475 1539 1649 1609 ὁρμὴν
1697 1538 2034 1607 προφθάσας.

467 1633 574 1684 Τὸν
605 1631 833 1698 ἀδελφὸν
865 1630 960 1684 τοῦ
999 1631 1201 1685 Γάλλου
1229 1630 1307 1692 δὲ,
1343 1630 1435 1683 τὸν
1464 1633 1646 1701 χοῖρον
1673 1630 1764 1682 τὸν
1803 1628 2036 1699 δυσώδη,

478 1723 774 1776 Ἰουλιανδν
799 1723 878 1792 τῷ
902 1722 1184 1792 Καίσαρος
1213 1723 1486 1790 ἐκόσμησε
1521 1721 1791 1791 στεφάνῳ*

481 1813 600 1882 Ἐφ’
628 1809 711 1876 οἷς
742 1812 1127 1882 ἁστεῖζόμενος
1154 1812 1312 1881 δῆθεν
1345 1814 1371 1864 ὁ
1402 1813 1758 1882 Παραϐάτης,

467 1905 579 1957 Kal
601 1906 699 1974 τὴν
733 1904 938 1973 ισθῆτα
972 1903 1072 1973 τὴν
1105 1903 1270 1956 αὐτοῦ
1294 1903 1508 1964 δεικνὺς
1527 1903 1624 1974 τὴν
1647 1906 1709 1956 ἐκ
1731 1905 2039 1976 πορφύρας,

477 1995 684 2047 Ἐκεῖνο
715 1997 777 2047 τὸ
809 1993 1173 2065 θρυλούμενον
1209 1993 1430 2061 ἐπέλεγε
1460 1997 1570 2056 τοῖς
1612 1995 1780 2057 πέλας
1806 2011 1823 2026 ⁸

473 2104 492 2139 t
534 2086 853 2156 Πορφύρεός
881 2103 940 2138 τε
962 2085 1192 2147 θάνατος
1221 2084 1487 2138 κατέλαϐε
1521 2086 1614 2138 καὶ
1649 2088 1810 2156 μοῖρα
1837 2087 1904 2149 ⁷⁷,
1947 2104 1964 2138 ι

475 2178 565 2239 Ὦς
607 2178 666 2229 ἐν
701 2176 935 2247 χλαμύδι
979 2177 1239 2247 πορφυρᾷ
1290 2175 1384 2229 καὶ
1418 2175 1623 2228 Γάλλου
1693 2176 2036 2246 τεθνηκότος.

467 2269 624 2321 Μετὰ
665 2269 860 2338 μικρὸν
890 2268 934 2322 δ’
977 2270 1275 2322 ἀποστατεῖ
1302 2267 1435 2320 Θεοῦ
1479 2267 1574 2320 καὶ
1608 2268 1896 2338 βασιλέως,

467 2361 792 2430 Ἐξόμνυται
820 2360 911 2413 τὸν
945 2360 1220 2428 σεϐασμὸν
1243 2359 1301 2412 ὃν
1322 2356 1466 2428 εἶχεν
1491 2361 1568 2421 είς
1591 2360 1636 2390 ⁷⁸
1660 2361 1752 2413 τὸν
1779 2361 2035 2433 κτίστην,

467 2452 580 2504 Καὶ
638 2451 1044 2522 προσκολλᾶται
1069 2451 1288 2520 δαίμοσι
1335 2451 1447 2513 τοῖς
1480 2451 1932 2522 τρισαλιτηρίοις,

468 2543 700 2612 Αἶμασιν
741 2542 1042 2596 ἀποπλύνει
1083 2542 1138 2594 δὲ
1163 2542 1261 2609 φεῦ
1286 2543 1298 2594 l
1327 2541 1388 2594 τὸ
1417 2541 1638 2611 λουτρὸν
1671 2542 1732 2595 τὸ
1763 2542 1924 2609 θεῖον,

470 2633 650 2686 Ὀπλα
683 2636 823 2686 κινεῖ
846 2635 936 2687 καὶ
966 2634 1199 2702 πόλεμον
1231 2635 1373 2686 κατὰ
1408 2633 1500 2686 τοῦ
1543 2633 1874 2698 Σεσωκότος,

469 2725 581 2777 Kal
605 2725 946 2796 περιτίθησιν
976 2724 1126 2793 αὐτῷ
1163 2723 1262 2795 τὴν
1299 2723 1753 2794 αὐτοκρατορίαν.

474 2813 655 2882 Ὅπερ
686 2813 875 2883 μαθὼν
903 2813 1304 2876 Κωνστάντιος,
1324 2814 1419 2866 καὶ
1447 2813 1523 2882 τῷ
1552 2813 1708 2884 θυμῷ
1735 2814 2034 2884 καχλάσας,

466 3056 738 3126 designat,
789 3056 1018 3127 reliquis
1065 3057 1298 3121 duobus,
1335 3073 1570 3125 quorum
1613 3067 1768 3112 erant
1816 3060 2038 3116 nomina

467 3143 736 3198 Constans
764 3154 820 3199 et
846 3143 1258 3209 Constantinus,
1295 3145 1520 3199 Romam
1555 3145 1753 3200 Gallias
1779 3159 2039 3204 ueteres-

469 3248 577 3300 que
639 3247 829 3286 versus
875 3232 1224 3287 Oecidentcm
1275 3225 1406 3288 sitas
1489 3235 1794 3304 provincias
1853 3240 2038 3294 tradit.

465 3322 643 3388 Atque
667 3321 721 3374 hi
744 3323 963 3391 quidem
986 3332 1113 3376 ante
1139 3333 1352 3394 tempus
1380 3325 1687 3390 decessere,
1719 3328 1864 3382 bello
1893 3330 2041 3386 civili

469 3419 663 3462 contra
707 3425 765 3464 se
815 3411 1046 3465 invicem
1094 3413 1352 3478 excitato,
1402 3429 1524 3467 cum
1560 3417 1697 3470 alter
1751 3417 2040 3485 imperium

467 3496 695 3550 alterius
746 3513 935 3567 rapere
984 3512 1276 3554 conaretur
1305 3516 1317 3552 :
1345 3502 1409 3554 a'l
1442 3502 1616 3556 solum
1673 3515 1854 3558 autem
1893 3506 2041 3560 Con-

467 3585 727 3640 stantium
782 3588 1034 3643 universa
1090 3599 1328 3658 potestas
1355 3591 1594 3645 devenit.
1631 3593 1682 3647 ιε
1714 3596 1890 3663 primo
1923 3596 2044 3652 Cae-

467 3678 607 3730 saris
667 3677 986 3748 dignitatem
1046 3680 1201 3739 Gallo
1256 3682 1560 3747 concessit,
1613 3686 1843 3753 patrueli
1898 3703 2041 3754 suo,

465 3767 784 3824 Constantis
817 3770 949 3825 filio.
1006 3771 1205 3826 Verum
1241 3773 1335 3827 ubi
1369 3776 1724 3843 comperisset
1776 3777 1921 3832 hunc
1956 3795 2040 3833 re-

466 3875 636 3928 gnum
669 3859 949 3925 affectare,
978 3860 1045 3915 ad
1078 3863 1417 3932 tyrannidem
1451 3879 1738 3933 proruere,
1768 3867 1904 3922 nihil
1932 3885 2042 3924 non

468 3951 653 4020 moliri
701 3968 808 4021 quo
856 3953 966 4006 voti
1012 3969 1237 4024 compos
1267 3955 1444 4020 fieret,
1496 3958 1645 4012 omni
1691 3968 1886 4013 conatu
1925 3962 2044 4031 ejus

467 4050 758 4096 anteverso
808 4053 974 4112 caput
1020 4044 1069 4098 ei
1106 4047 1323 4115 praecidi
1365 4049 1590 4102 curavit.
1647 4049 1850 4105 Deinde
1905 4053 2042 4108 Galli

468 4132 719 4198 fratrem,
765 4149 989 4202 porcum
1025 4135 1176 4190 illum
1226 4135 1496 4203 foetidum,
1529 4138 1805 4193 lulianum
1842 4157 2040 4198 corona

465 4221 716 4276 (ἔρδοι-οδ
769 4224 1169 4280 cohonestavit.
1204 4225 1324 4291 Quo
1363 4227 1562 4282 factum
1590 4238 1674 4284 est
1702 4239 1760 4284 ut
1797 4232 2044 4289 desertor

469 4312 563 4366 ille
590 4313 714 4366 fidei
752 4314 1024 4368 urbanum
1074 4317 1330 4385 quiddam
1381 4318 1625 4387 proferre
1668 4323 1876 4386 volens,
1910 4333 2037 4392 pur-

1592 339 2097 403 COMPENDIUM
2133 339 2608 401 ClIRONlCUM.

2068 458 2110 512 Α
2151 453 2310 522 Νόσῳ
2349 450 2597 513 πιέζεται
2643 449 2811 518 δεινῇ,
2844 447 2934 501 καὶ
2981 447 3098 518 μετ’
3129 445 3306 515 ὀλίγον
3347 444 3590 515 θνήσκει,

3590 331 3696 396 310

2138 539 2430 608 Κατάρξας
2450 539 2511 591 τὸ
2539 537 2812 607 βασίλειον
2847 539 3019 591 εἴκοσι
3048 536 3249 606 κράτος
3277 535 3395 606 ἐτη,

2137 631 2322 685 Ταῦτα
2352 631 2419 684 τὰ
2454 631 2577 701 τρία
2621 630 2833 698 πονηρά
2863 629 2930 683 τὰ
2963 628 3093 695 παρ’
3121 627 3286 682 αὐτοῦ
3317 626 3628 698 πραχθέντα

2137 721 2595 790 Ἀνακλαιόμενος
2635 721 2848 790 πικρῶς
2880 721 2976 772 καὶ
3014 719 3195 787 φέρων
3234 719 3322 770 ἐπὶ
3349 717 3595 786 γλώττης
3627 718 3695 778 ⁷³,

2137 812 2243 866 Τοῦ
2270 813 2472 866 Γάλλου
2491 813 2535 843 ⁸⁸
2561 811 2658 880 τὴν
2683 812 2960 878 ἀναίρεσιν
2992 810 3033 841 ⁸¹
3069 810 3267 872 ἀδίκως
3288 809 3356 839 ⁸¹⁶
3389 811 3695 876 γεγονυῖαν.

2139 905 2380 960 Πίστεως
2413 904 2511 973 τὴν
2553 903 2913 973 παρατροπὴν
2948 901 3040 953 καὶ
3069 900 3165 968 τὴν
3192 899 3564 968 καινοτομίαν,

2139 996 2248 1048 Kal
2279 993 2377 1062 τὴν
2400 995 2702 1066 ἀνάρρησιν
2750 991 2916 1046 αὑτοῦ
2959 990 3056 1043 τοῦ
3085 989 3535 1059 θεομισεστάτου.

2208 1085 2374 1138 Ἀλλὰ
2401 1085 2510 1155 γάρ
2534 1087 2634 1138 οὐκ
2661 1083 2954 1149 ὲνύσταξεν
2992 1083 3084 1134 ἐπὶ
3122 1080 3328 1151 μακρὸν
3357 1081 3390 1148 ή
3415 1080 3560 1149 δίκη,

2141 1175 2265 1228 Οὐδ’
2300 1177 2327 1230 ὁ
2372 1175 2687 1243 παντόπτης
2735 1174 3014 1242 ὀφθαλμὸς
3057 1173 3377 1241 ὲκάμμυσεν
3407 1171 3488 1232 εἰς
3518 1168 3700 1228 πλέον.

2141 1264 2280 1318 Ἀλλ’
2304 1266 2496 1334 ἧγειρε
2535 1265 2597 1318 τὸ
2634 1264 2924 1334 βλέφαρον,
2965 1261 3072 1316 εἶδε
3099 1265 3190 1316 τὸν
3233 1265 3594 1333 Ἀποστάτην,

2140 1357 2367 1409 Κατεῖδε
2388 1358 2513 1419 τοὺς
2539 1357 2867 1425 ἐναγισμοὺς
2895 1355 2988 1408 xal
3014 1356 3111 1416 τὰς
3140 1353 3510 1424 ζωοσφαγίας,

2141 1446 2278 1517 Τοὺς
2308 1447 2416 1500 τῶν
2459 1446 2708 1517 αἱμάτων
2739 1447 3039 1515 ποταμοὺς,
3079 1445 3177 1508 τὰς
3207 1444 3703 1516 ἀνθρωποκτονίας.

2141 1515 2248 1586 καὶ
2267 1537 2373 1587 πᾶν
2405 1515 2629 1606 αἰσχρὸν
2655 1537 2747 1589 καὶ
2777 1536 3018 1606 μυσαρὸν
3048 1537 3140 1590 καὶ
3172 1536 3374 1606 πλῆρες
3392 1535 3706 1598 δυσσεϐείας

2141 1623 2213 1675 Τὸ
2243 1625 2372 1692 παρ’
2390 1624 2558 1678 αὐτοῦ
2584 1625 2929 1694 τελούμενον,
2955 1627 3046 1678 καὶ
3068 1625 3366 1695 μυσαχθεὶς
3385 1627 3484 1694 τὴν
3504 1626 3708 1678 λύσσαν

2141 1713 2266 1776 Τοῖς
2296 1715 2533 1784 Πέρσαις
2564 1715 2949 1786 παραδέδωκεν
2971 1716 3017 1747 ⁸¹
3053 1716 3130 1779 ῶς
3159 1715 3372 1770 λέουσιν
3399 1717 3616 1786 ἀγρίοις

2073 1781 2112 1834 Β
2144 1803 2245 1855 Τὸν
2277 1781 2459 1874 χοῖρον
2488 1805 2579 1858 τὸν
2614 1781 2958 1876 πηλόφυρτον
3003 1807 3218 1877 πικρῶς
3250 1781 3638 1877 διασπανράξαι.

2145 1893 2260 1946 Καὶ
2291 1895 2482 1948 πίπτει
2507 1895 2607 1964 μὲν
2639 1897 2667 1948 ὁ
2700 1895 2967 1964 δυσσεϐὴς
2995 1895 3157 1964 ἔργον
3188 1899 3378 1964 φανεὶς
3410 1895 3710 1966 ῥομφαίας,

2143 1982 2333 2050 Μῆνας
2362 1985 2502 2037 ἑπτὰ
2534 1984 2595 2038 τὸ
2629 1985 2850 2048 εὐκλεὲς
2882 1985 3086 2054 κράτος
3125 1984 3224 2054 τῆς
3257 1984 3538 2054 βασιλείας

2143 2073 2245 2125 Σὺν
2276 2073 2372 2143 ἔτη
2407 2074 2499 2127 δύο
2529 2075 2804 2138 δυσσεϐῶς
2840 2075 3082 2146 ταράξας
3115 2075 3209 2127 καὶ
3232 2076 3500 2144 κυκήσας·

2153 2161 2218 2213 Ἦ
2266 2163 2336 2231 γῆ
2371 2162 2418 2214 δ’
2446 2163 2507 2216 ού
2563 2164 2932 2234 παραδέχεται
2973 2165 3034 2216 τὸ
3090 2163 3286 2231 σκῆνος
3335 2162 3428 2216 τοῦ
3459 2162 3712 2234 βεϐήλου,

2141 2251 2284 2304 Ἀλλ’
2316 2255 2372 2306 ὲν
2409 2253 2621 2324 σεισμῷ
2653 2258 2748 2307 καὶ
2777 2253 3032 2324 τιναγμῷ
3076 2253 3324 2307 κάτωθεν
3372 2253 3642 2308 ἀποπτύει

2142 2342 2247 2396 Τὸν
2288 2343 2544 2406 ἀσεϐείας
2583 2347 2898 2414 συσσεισμῴ
2955 2345 3261 2414 δονήσαντα
3299 2343 3344 2375 ⁸⁸
3370 2345 3467 2414 τὴν
3511 2346 3710 2398 κτίσιν.

2143 2432 2253 2484 Kal
2285 2433 2449 2486 πάλιν
2498 2433 2704 2503 λάμπει
2734 2434 3048 2504 φαιδρωπὸν
3079 2434 3178 2504 τῆς
3221 2435 3456 2497 πίστεως
3487 2437 3518 2504 ή
3555 2435 3714 2506 χάρις

2142 2523 2216 2575 Τὸ
2242 2524 2436 2593 στέφος
2466 2525 2742 2578 Ἰωϐιανοῦ
2769 2526 2860 2601 τού
2889 2527 3117 2596 κράτους
3158 2526 3204 2559 ⁸⁸
3241 2526 3555 2595 δεξαμένου.

2213 2614 2374 2669 Ἀλλά
2403 2616 2498 2668 καὶ
2535 2615 2725 2670 τούτου
2759 2617 2892 2686 πρὸς
2926 2617 3120 2687 μικρὸν
3158 2618 3258 2688 τῆς
3294 2618 3466 2688 τύχης
3494 2619 3539 2650 ⁸⁸
3573 2635 3709 2685 γευ-

3381 2707 3644 2777 Ῐσαμένου

2142 2797 2253 2851 Kal
2285 2795 2652 2867 παρελθόντος
2685 2799 2872 2867 τάχιον
2914 2800 3006 2853 καὶ
3028 2798 3197 2869 γῆθεν
3230 2806 3605 2870 μεταστάντος

3398 2889 3550 2945 Vers.
3577 2889 3713 2944 2417

2141 3043 2288 3113 gravi
2323 3054 2608 3113 correptus
2635 3045 2797 3113 paulo
2830 3055 2952 3114 post
2985 3047 3151 3100 rebus
3181 3047 3436 3101 humanis
3461 3049 3715 3115 excessit,

2141 3148 2264 3187 eum
2295 3134 2514 3202 quidem
2548 3134 2647 3188 tria
2677 3135 2817 3189 mala
2845 3151 2942 3204 per
2964 3150 3021 3192 se
3053 3137 3192 3192 facta
3231 3137 3545 3206 deploraret
3569 3155 3632 3194 ac
3661 3141 3715 3194 in

2141 3224 2324 3294 lingua
2361 3225 2709 3281 continenter
2744 3227 3012 3294 haberet,
3069 3229 3270 3298 primo,
3320 3230 3468 3299 quod
3518 3247 3719 3301 genere

2142 3316 2245 3369 sibi
2279 3317 2616 3386 propinquos
2657 3319 2856 3389 injuste
2888 3321 3198 3377 sustulisset
3226 3339 3254 3377 e
3285 3323 3488 3390 medio,
3518 3324 3716 3378 deinde

2142 3408 2286 3476 quod
2320 3408 2478 3462 ﬁdem
2509 3409 2874 3464 Christianam
2927 3411 3289 3466 adulterasset
3312 3427 3374 3466 ac
3400 3411 3453 3465 in
3478 3428 3540 3467 ea
3564 3428 3714 3482 quae-

2143 3499 2266 3553 dam
2321 3499 2651 3565 innovasset,
2705 3503 2867 3556 tertio
2921 3503 3069 3571 quod
3127 3503 3508 3573 impiissimum
3570 3505 3721 3560 hune

2142 3589 2421 3643 lulianum
2458 3589 2726 3644 Caesarem
2764 3590 3122 3661 designasset.

2213 3679 2507 3733 Enimvero
2539 3696 2647 3734 non
2679 3681 2897 3749 longum
2928 3682 2993 3735 ad
3024 3691 3241 3753 tempus
3268 3684 3480 3754 justitia
3509 3685 3718 3740 dormi-

2145 3770 2298 3832 tavit,
2329 3785 2432 3824 nec
2463 3773 2739 3840 inspector
2765 3772 2854 3826 ille
2881 3783 3204 3828 cunctorum
3234 3776 3427 3830 oculus
3459 3776 3551 3830 diu
3584 3792 3719 3832 con-

2144 3859 2321 3913 nixit:
2355 3859 2448 3914 sed
2481 3861 2794 3930 palpebram
2828 3863 3070 3926 sustulit.
3121 3864 3456 3919 desertorem
3487 3867 3719 3924 intuitus

2143 3957 2247 4013 est,
2283 3949 2419 4002 vidit
2444 3949 2674 4018 piacula,
2714 3952 3068 4006 mactationes
3095 3953 3463 4020 victimarum,
3496 3957 3718 4025 sangui-

2144 4039 2232 4094 nis
2267 4041 2432 4105 rivos,
2471 4040 2756 4094 hominum
2791 4041 2987 4105 caedes,
3020 4057 3238 4096 omnem
3269 4042 3506 4114 denique
3540 4046 3716 4114 turpi-

2147 4132 2411 4195 tudinem,
2430 4132 2915 4196 abominationem,
2953 4133 3248 4203 impietatis
3270 4135 3426 4202 plena
3453 4134 3715 4202 facinora,

2143 4239 2265 4292 qua:
2314 4223 2656 4294 designabat;
2689 4233 2746 4278 et
2794 4223 3032 4279 furorem
3085 4225 3323 4280 hominis
3376 4237 3713 4296 exsecratus,

2145 4312 2323 4366 Persis
2394 4312 2560 4366 veluti
2616 4313 2771 4367 saevis
2820 4313 3071 4368 leonibus
3135 4316 3438 4370 volutatum
3491 4317 3544 4371 in
3599 4317 3717 4374 luto

468 4416 636 4470 purea
663 4413 814 4456 veste
844 4419 939 4458 sua
967 4414 1414 4468 commonstrata,
1471 4406 1662 4460 tritum
1713 4408 1848 4463 illud
1879 4411 2039 4480 vulgo
2075 4425 2115 4477 ο
2143 4418 2295 4457 suem
2342 4403 2649 4458 immaniter
2681 4404 3088 4459 dilacerandum
3137 4406 3378 4460 tradidit.
3410 4405 3522 4462 Hoc
3553 4409 3717 4464 modo

467 4493 698 4546 verbum
747 4495 814 4548 ad
871 4503 1079 4550 stantes
1121 4497 1471 4551 enuntiaret:
1507 4518 1525 4549 ι
1558 4499 1838 4568 Purpurea
1892 4517 2038 4556 mors

465 4593 523 4636 et
572 4583 740 4637 fatum
789 4586 1098 4654 occupavit,
1149 4605 1168 4636 ι
1228 4587 1533 4657 signiﬁcare
1591 4591 1778 4644 volens
1824 4591 2035 4645 Gallum

466 4675 632 4727 etiam
679 4675 732 4728 in
780 4685 930 4730 veste
980 4691 1250 4746 purpurea
1299 4681 1630 4733 exstinctum
1685 4679 1874 4734 fuisse.
1920 4682 2036 4736 Non

466 4773 651 4818 autem
687 4769 856 4820 multo
896 4774 1016 4836 post
1048 4775 1157 4821 tam
1186 4784 1216 4822 a
1246 4769 1358 4823 Deo
1389 4785 1550 4838 quam
1583 4770 1910 4839 imperatore
1937 4773 2038 4827 de-

468 4852 585 4908 ficit
611 4871 626 4908 :
658 4855 836 4924 ejurat
891 4856 1206 4924 religionem
1239 4867 1288 4911 et
1319 4858 1548 4924 cultum,
1577 4875 1686 4927 quo
1718 4858 2035 4916 Creatorem

465 4953 629 4993 suum
652 4941 940 5007 aﬂeeerat;
972 4943 1404 4999 sceleratissimis
1424 4961 1482 5000 se
1503 4947 1676 5016 geniis
1703 4949 2033 5017 agglutinat;

465 5030 734 5096 Sanguine
787 5031 946 5098 (proh
987 5031 1214 5100 impium
1262 5032 1531 5104 facinus!)
1583 5035 1856 5089 lavacrum
1901 5036 2034 5090 illud

471 5117 721 5171 divinum
772 5120 940 5185 eluit;
994 5121 1198 5175 bellum
1236 5123 1501 5177 adversus
1547 5140 1672 5178 eum
1727 5124 1966 5179 concitat
2005 5140 2035 5179 a

465 5221 580 5275 quo
619 5217 868 5264 servatus
894 5209 1104 5276 fuerat;
1144 5211 1436 5279 imperium
1465 5214 1702 5283 denique
1740 5214 1843 5268 sibi
1875 5231 2036 5270 usur~

466 5308 582 5366 μοι.
613 5299 734 5364 Quo
767 5301 986 5370 cegnito
1027 5301 1380 5357 Constantius
1403 5305 1716 5370 excanduit,
1749 5321 1812 5360 ac
1843 5307 2036 5361 morbo

2141 4509 2265 4548 cum
2295 4495 2378 4546 vir
2406 4494 2606 4562 impius
2644 4494 2822 4563 gladio
2870 4496 3187 4550 vulneratus
3240 4497 3606 4561 occubuisset,
3645 4513 3715 4554 ne

2143 4586 2258 4655 ipsa
2284 4587 2503 4655 quidem
2533 4595 2678 4640 terra
2701 4603 2900 4656 corpus
2925 4587 3164 4643 hominis
3187 4589 3402 4658 profani
3429 4590 3715 4645 admittere

2142 4678 2333 4739 voluit,
2394 4677 2486 4731 sed
2537 4677 2891 4732 succussione
2936 4692 3000 4732 ac
3045 4686 3195 4732 motu
3229 4677 3465 4747 quodam
3500 4679 3716 4747 exspuit

2143 4779 2268 4819 eum
2300 4766 2392 4834 qui
2419 4767 2780 4821 concussione
2819 4765 3120 4834 impietatis
3157 4766 3468 4820 universam
3501 4775 3714 4822 creatu-

2143 4857 2260 4897 ram
2299 4847 2632 4906 turbaverat.
2679 4851 2786 4921 50
2833 4852 2969 4906 llinc
2988 4854 3097 4922 jam
3127 4871 3316 4913 rursus
3363 4859 3516 4915 hilari
3553 4866 3704 4920 vultu

2140 4932 2267 4989 ﬁdei
2313 4938 2483 5005 gratia
2515 4941 2811 5009 splenduit,
2865 4950 3213 5014 posteaquam
3240 4948 3498 5008 Iovianus
3528 4953 3705 5024 impe-

2138 5035 2288 5080 rator
2320 5028 2633 5100 designatus
2663 5031 2874 5087 fuisset.

2205 5115 2275 5170 At
2324 5117 2416 5171 ubi
2468 5119 2630 5173 etiam
2683 5120 2773 5174 ille
2823 5122 3040 5179 fortuna
3090 5126 3345 5198 exiguum
3377 5132 3444 5186 ad
3487 5142 3703 5205 tempus

2135 5205 2418 5275 degustata
2466 5209 2628 5263 rebus
2657 5213 2887 5267 terrenis
2936 5218 3278 5282 excessisset,
3323 5220 3700 5294 Valentinano,

2138 5296 2425 5365 imperium
2472 5299 2710 5353 delatum
2736 5311 2835 5356 est.
2867 5302 2917 5357 ls
2950 5305 3225 5362 Valentem
3260 5310 3482 5368 fratrem
3525 5317 3701 5385 impo-

1807 5445 2004 5508 Variae
2041 5445 2374 5508 lectiones.

531 5560 578 5591 τι
599 5560 821 5634 χαρίζει
843 5558 960 5634 BR,
998 5560 1059 5634 ⁷⁸7
1078 5561 1343 5634 άρπάζειν
1375 5562 1536 5634 ABR.
1577 5567 1620 5598 ⁷⁷
1646 5565 1861 5620 Homer.
1897 5567 1966 5620 Ιί.
1992 5569 2028 5620 Ε

2172 5568 2260 5622 85.
2337 5566 2382 5598 '"
2407 5565 2539 5634 πρὸς
2573 5563 2637 5616 ﬂ.
2692 5564 2734 5596 ⁷⁸
2761 5565 2952 5627 δεινῶς
2997 5565 3090 5618 καὶ
3133 5564 3401 5634 γλώσσης
3433 5562 3713 5634 ἐπιφέρων

458 5630 526 5684 Β.
603 5633 649 5662 ⁸⁸
677 5630 774 5683 τοῦ

458 5702 548 5754 τδν
575 5693 846 5769 στέφανο)
870 5693 1031 5752 ABR.
1106 5701 1150 5733 ⁸⁸
1176 5701 1234 5754 τὸ
1262 5693 1450 5769 στέφος
1485 5693 1552 5757 Β.

811 5631 1001 5706 γένοοέ
1210 5633 1586 5706 ’δ’ἀνάῤῥησιν
1621 5636 1684 5687 Δ.
1748 5635 1813 5665 ⁸⁸⁸
1844 5629 2050 5706 ἀτίμως
2085 5639 2160 5690 Μ.
2236 5637 2280 5670 ⁸³
2307 5629 2670 5704 παραδίδωσιν
2689 5633 2751 5688 R.
2831 5636 2876 5667 ⁸³
2899 5629 3189 5704 δινήσενέα
3221 5635 3286 5684 Α.

3365 5629 3410 5661 ⁸⁵
3452 5624 3706 5679 Ίοϐιανοῦ
