4136 6424
398 496 534 551 Τότε
556 495 596 528 ’i
636 490 1164 563 καταφρονήσαντες
1193 489 1267 554 ὡς
1316 490 1750 562 μαλακοκαρδίου

400 585 512 640 Τοῦ
542 584 641 652 τῆς
684 582 959 652 Ἐσπέρας
981 581 1239 651 ἄρχοντος
1267 580 1663 651 αίματορῤόφοι
1690 579 1900 643 Γότθοι,

396 673 659 728 ⁴ιιίλοπλον
692 670 869 734 ἔθνος,
900 671 1201 742 δύσμαχον,
1235 672 1428 741 χαῖρον
1454 662 1901 740 ἀνδροκτασίαις,

397 764 523 817 Τῶν
561 763 706 832 ὅρων
756 760 1166 831 κατατρέχουσι
1210 762 1310 832 τῆς
1340 760 1679 831 παλαιτέροις
1731 759 1971 831 Ῥώμης,

397 855 511 908 Καὶ
548 853 778 908 πλοῦτον
812 852 910 907 τὸν
943 852 1214 922 βασίλειον
1235 852 1522 923 Ἀλάριχος
1562 851 1832 923 λαμϐάνει

395 945 510 999 Καὶ
556 942 854 998 Πλακιδίαν
893 941 1131 1013 ἀδελφὴν
1160 942 1326 997 οὖσαν
1353 943 1447 996 τοῦ
1474 942 1760 1013 βασιλέως,

399 1037 563 1099 Ἤτις
591 1034 841 1104 φυγοῦσα
877 1033 1121 1104 παρευθὺ
1153 1034 1250 1097 τὰς
1298 1038 1486 1105 χεῖρας
1526 1034 1636 1088 τῶν
1672 1032 1973 1104 Βαρϐάρων

395 1127 610 1197 Σπουδῇ
651 1126 789 1195 πρὸς
816 1124 909 1179 τὸν
961 1123 1220 1196 Ὀνώριον
1249 1125 1340 1180 τὸν
1362 1125 1590 1193 ἀδελφὸν
1628 1125 1901 1196 ἐκτρέχει,

396 1223 494 1285 El;
536 1221 834 1276 Ῥάϐενναν
865 1220 1284 1293 στερρόπυργον
1315 1219 1471 1274 πόλιν
1493 1219 1971 1291 προσπεφευγότα,

393 1313 509 1365 Καὶ
536 1311 904 1382 Κωνσταντίῳ
935 1310 1227 1380 ζεύγνυται
1260 1310 1305 1345 ’⁸
1329 1311 1408 1381 τῷ
1439 1309 1644 1383 ταύτην
1675 1309 1969 1364 σεσωκότι·

392 1400 492 1466 Ἐξ
516 1394 592 1454 ὧν
623 1398 1074 1463 Οὐαλεντινιανδς
1102 1401 1130 1453 ὁ
1164 1400 1287 1464 νέος
1314 1399 1616 1470 άπετέχθη.

409 1491 469 1545 ’0
504 1490 646 1562 μετὰ
676 1490 852 1545 ταῦτα
886 1490 1140 1560 βασιλεὺς
1166 1490 1506 1561 ἀναδειχθεὶς
1528 1491 1628 1560 τῆς
1658 1486 1901 1559 Ῥώμης.

399 1583 496 1645 Ὣς
546 1581 603 1635 δὲ
648 1581 742 1634 τὸν
774 1584 908 1653 χοῦν
930 1581 1219 1652 ’Δρκάδιος
1252 1581 1488 1635 ἀπέθετο
1514 1582 1612 1635 τοῦ
1646 1582 1896 1648 σκήνους,

397 1676 591 1728 Ἐτεσι
623 1674 757 1728 δέκα
802 1674 940 1745 πρὸς
964 1676 1146 1747 τρισὶν
1172 1676 1365 1739 αἰσίως
1397 1674 1727 1746 βασιλεύσας
1762 1675 1831 1740 ’³,

394 1765 517 1835 τῆς
546 1766 665 1819 Ἐω
690 1765 971 1830 Θεοδόσιος
1005 1767 1305 1838 ἐγκάθηται
1326 1768 1440 1831 τοῖς
1458 1767 1692 1837 θρόνοις,

400 1857 503 1911 Ὃν
529 1855 786 1927 βασιλεὺς
817 1857 1106 1928 ’Λρκάδιος
1141 1858 1200 1923 ἐξ
1231 1857 1495 1925 Εύδοξίας
1536 1858 1698 1929 ἔσχεν
1722 1858 1763 1912 ¹.
1794 1874 1815 1889 '

477 1947 541 2002 '0
564 1947 746 2004 τοίνυν
785 1947 1071 2013 Θεοδόσιος
1101 1951 1237 2006 ἰδίαν
1264 1951 1284 1983 ⁸
1312 1950 1589 2022 θυγατέρα

392 2037 616 2109 Πέμπει
648 2038 1080 2108 Οὖαλεντινιανῷ
1111 2041 1247 2112 πρὸς
1275 2042 1454 2112 γάμου
1487 2043 1795 2096 κοινωνίαν.

393 2130 564 2185 Ἀλλὰ
594 2132 704 2200 γάρ
733 2131 790 2184 τὸ
811 2131 1100 2202 φιλήδονον
1139 2133 1333 2187 τούτου
1359 2134 1381 2165 ⁸
1411 2133 1507 2187 τοῦ
1543 2133 1760 2186 νεανίου

395 2222 510 2274 Καὶ
538 2220 801 2291 λύττησις
847 2222 1153 2287 ἀκάθεκτος
1182 2226 1216 2296 η
1251 2223 1275 2256 ⁸
1297 2224 1399 2294 τῆς
1429 2224 1798 2296 φιλοσαρκίας

395 2314 552 2383 Ζωῆς
588 2313 755 2367 αὑτὸν
786 2314 1055 2386 ἐστέρησε
1104 2317 1199 2370 καὶ
1241 2316 1483 2387 κράτους
1532 2316 1828 2387 βασιλείου.

394 2405 509 2457 Καὶ
531 2403 633 2476 τήν
670 2404 764 2459 τοῦ
814 2404 1007 2476 λέχους
1032 2406 1290 2461 κοι.ωνὺν
1323 2408 1639 2478 κατήγαγεν
1669 2410 1750 2472 εἰς
1789 2406 1969 2478 ὕϐριν.

398 2498 595 2559 Ὅπως
623 2496 681 2549 δὲ
708 2495 876 2550 τοῦτο
904 2496 1130 2566 γέγονεν
1153 2498 1434 2568 είρήσεται
1466 2499 1772 2569 συντόμως.

467 2587 720 2658 Μάξιμος
748 2583 818 2658 ἣν
854 2588 1121 2653 ὑπατικὸς
1170 2591 1229 2642 ἐν
1273 2587 1460 2662 Ῥώμῃ
1486 2590 1901 2661 πρωτιστεύων.

398 2679 588 2749 Τούτῳ
626 2677 861 2750 συνῴκει
901 2696 1126 2748 γυναιον
1161 2680 1465 2750 ἐπέραστον
1492 2682 1594 2752 τὴν
1629 2682 1784 2752 όψιν,

396 2768 608 2833 Κάλλος
639 2769 931 2841 ἀμήχανον
959 2769 1184 2841 αὐχοῦν,
1207 2771 1387 2841 κῆπος
1418 2771 1682 2842 ἄντικρυς
1713 2774 1969 2839 κάλλους⁶

395 2860 655 2930 Ἐκόσμει
679 2860 736 2914 δὲ
763 2860 824 2915 τὸ
868 2861 1093 2930 γύναιον
1135 2863 1167 2932 ἡ
1218 2862 1540 2933 σωφροσύνη
1571 2864 1759 2919 πλέον.

396 2951 580 3023 Ὅπερ
606 2951 731 3006 ἰδὼν
766 2953 795 3005 ό
822 2951 1081 3022 βασιλεὺς
1107 2951 1390 3007 ἁλίσκεται
1419 2953 1497 3023 τῷ
1534 2954 1747 3020 κάλλει,

1535 371 2044 436 (OMPENDIUM
2087 368 2565 433 CHRONICUM.

2001 490 2042 545 Α
2077 491 2119 542 Κ
2134 490 2186 542 αὶ
2222 487 2402 541 πάντα
2420 487 2601 541 κάλων
2629 486 2875 555 συγκινεϊ
2893 483 3029 556 πρὸς
3053 484 3115 539 τὸ
3136 486 3320 557 τυχεῖν
3345 484 3440 539 τοῦ
3463 485 3654 544 πόθου,

3555 366 3659 431 3H

2083 581 2173 647 Τις»
2199 581 2329 650 γοῦν
2356 580 2511 651 ἀνδρὶ
2538 579 2638 647 τῆς
2673 578 2933 646 γυναικὸς
2952 577 3191 647 Μαξίμῳ
3220 577 3574 646 συγκυϐεύων

2082 674 2193 727 Καὶ
2221 671 2627 742 καθυπέρτερος
2656 672 2862 738 φανεὶς.
2893 670 2968 740 μὴ
3001 670 3258 739 φέροντος
3284 670 3529 739 χρυσίον,

2082 764 2365 833 Λαμϐάνει
2399 762 2490 816 τὸν
2514 763 2799 816 δακτύλιον
2827 762 2920 815 τὸν
2946 761 3176 833 χρύσεον
3197 764 3431 816 ἐκείνου.

2079 856 2389 926 Φερέγγυον
2419 855 2674 925 ἐσόμενον
2707 854 2816 908 τῶν
2844 853 3302 922 ἐποφειλομένων.

2094 951 2398 1020 Ἐκπέμπει
2427 949 2518 1002 τὸν
2542 948 2829 1003 δακτύλιον
2861 950 2926 1019 τῇ
2953 949 3173 1016 γυναικὶ
3196 950 3446 1020 σημεῖον,

2082 1044 2191 1115 Τὴν
2212 1043 2394 1114 ἄφιξιν
2417 1042 2715 1096 ἐνδώσοντα
2743 1045 2764 1077 ⁵
2791 1043 2889 1114 τὴν
2919 1043 3057 1113 πρὸς
3090 1042 3190 1113 τὴν
3224 1042 3498 1111 βασιλίδα.

2082 1134 2337 1188 Πιστεύει
2361 1124 2577 1194 τούτοις
2603 1134 2637 1197 ἠ
2664 1133 2822 1203 γυνὴ.
2852 1133 3109 1204 γνωρίζει
3147 1132 3208 1186 τὸ
3237 1135 3487 1203 σημεῖον,

2078 1225 2273 1279 Φθάνει
2301 1226 2438 1292 arpi;
2461 1224 2529 1279 τὰ
2556 1225 2819 1294 βασίλεια.
2855 1225 2988 1279 Τίνα
3014 1226 3083 1279 τά
3118 1227 3258 1291 μετὰ
3286 1226 3488 1293 ταῦτα;

2093 1316 2153 1369 '0
2186 1315 2437 1386 βασιλεὺς
2475 1315 2762 1370 ἀπολαϐὼν
2786 1315 2990 1383 ταύτην
3018 1314 3267 1384 αἰσχύνει
3292 1314 3406 1387 βίᾳ.

2080 1407 2360 1463 Μανθάνει
2405 1406 2579 1462 ταῦτα
2623 1407 2895 1478 Μάξιμος,
2939 1408 3261 1477 πιμπρᾶται
3309 1409 3330 1440 ⁸
3374 1407 3477 1479 τὴν
3519 1425 3658 1477 καρ-

3363 1497 3505 1571 [δίαν
3544 1501 3587 1563 ⁷,

2082 1594 2175 1655 Εἰς
2196 1590 2410 1662 ἄμυναν
2445 1588 2745 1654 δπλίζεται,
2768 1587 2957 1651 δόλους
2978 1588 3270 1650 παντοίους
3297 1587 3517 1657 ράπτει,

2081 1685 2190 1737 Καὶ
2223 1683 2534 1735 τελευταῖον
2554 1679 2776 1734 θανατοτ
2797 1677 2938 1747 ξίφει
2965 1678 3056 1732 τὸν
3082 1677 3329 1748 βασιλέα,

2080 1771 2338 1844 Φρουρῶν
2365 1770 2604 1842 ἀρίστων
2636 1768 2959 1840 στρατηγῶν
2982 1766 3196 1837 πρῶτον
3218 1766 3242 1800 ⁸
3264 1766 3431 1822 αὐτὸν
3462 1765 3660 1836 στερη-ι

3437 1857 3586 1931 [σας.

2076 1953 2329 2026 Αἰσχύνει
2352 1954 2446 2008 καὶ
2477 1953 2577 2025 τὴν
2601 1950 2849 2022 γαμετὴν
2882 1950 3074 2005 τούτου
3110 1950 3211 2022 τὴν
3233 1950 3516 2018 Εὺδοξίαν.

2091 2046 2153 2098 Ἦ
2188 2044 2398 2115 βασιλὶς
2422 2043 2752 2107 δεινοπαθεϊ,
2790 2044 2890 2113 τὴν
2918 2041 3077 2113 ὕϐριν
3108 2041 3416 2107 ἀναστέιει,

2076 2136 2188 2188 Καὶ
2219 2138 2430 2204 πέμπει
2461 2134 2598 2204 πρὸς
2630 2132 2918 2202 Γιξέριχον
2942 2132 3051 2185 τῶν
3077 2130 3399 2202 Ούανδήλων
3423 2130 3589 2200 ρἧα,

2075 2226 2236 2281 Κατὰ
2270 2226 2371 2297 τῆς
2410 2224 2627 2292 Ῥώμης
2650 2224 2899 2278 ἐπελθεῖν
2921 2225 3130 2277 ἐκεῖνον
3155 2222 3523 2292 παρορμῶσα.

2077 2317 2345 2388 Ἐπῆλθαν
2373 2320 2401 2372 ὁ
2430 2316 2735 2387 Γιζέριχος,
2768 2316 3043 2384 ἐκράτησε
3065 2314 3164 2382 τῆς
3202 2312 3444 2382 Ῥώμης,

2076 2406 2543 2477 Ἦνδραποδίσατο
2572 2405 2811 2477 πικρῶς,
2838 2403 3212 2475 δορυαλώτους
3235 2402 3396 2473 ἔσχεν

2075 2500 2260 2570 Αὐτήν
2285 2516 2345 2551 τε
2374 2498 2473 2568 τὴν
2504 2497 2824 2567 βασίλισσαν
2846 2497 2942 2550 καὶ
2971 2495 3074 2558 τὰς
3105 2495 3322 2564 ἐκείνης
3357 2495 3548 2564 κόρας.

2160 2591 2225 2644 Ἡ
2264 2591 2361 2659 μὲν
2381 2588 2473 2642 οὖν
2511 2587 2700 2657 Ῥώμη
2740 2587 2878 2657 πρὸς
2918 2586 3115 2655 μικρόν
3155 2584 3237 2638 ἔτι
3280 2584 3660 2654 βασιλευθεῖσα

2078 2687 2151 2740 Τδ
2174 2687 2377 2756 κράτος
2404 2685 2465 2738 τὸ
2498 2682 2767 2752 βασίλειον
2799 2683 2881 2743 είς
2907 2681 3060 2741 τέλος
3085 2678 3359 2749 ἀφῃρέθη,

2086 2778 2198 2831 Καὶ
2217 2775 2328 2829 τῶν
2352 2774 2658 2844 Βαρῆάρων
2695 2775 2804 2836 τοῖς
2847 2771 3004 2843 ρηξὶν
3030 2766 3139 2837 εἶξε
3171 2769 3269 2823 καὶ
3310 2771 3425 2831 τοῖς
3468 2768 3662 2838 ἐθνάρ-

3419 2862 3589 2933 [καις.

2077 2963 2190 3017 Καὶ
2217 2962 2340 3021 ταῖς
2366 2959 2649 3030 παλάμαις
2678 2956 2958 3028 δυστυχῶς
2991 2954 3197 3009 τούτων
3219 2954 3586 3019 ἐταπεινώθη.

3331 3043 3485 3099 Vers.
3518 3040 3661 3095 9.526

391 3217 459 3259 ex
489 3200 722 3258 iisddem
773 3215 900 3257 eum
929 3200 1173 3257 Honorio
1214 3201 1537 3272 parentibus
1577 3210 1718 3259 orto.
1745 3200 1806 3258 Id
1837 3209 1973 3258 tem-
1997 3172 2044 3235 ο
2074 3204 2267 3261 forma:
2325 3202 2547 3273 quidam
2604 3201 2755 3257 velut
2811 3200 3007 3256 bortus
3055 3196 3481 3270 pulchritudinis
3539 3211 3660 3250 esse

391 3295 543 3366 poris
572 3300 888 3363 contempto
914 3291 1164 3364 principe
1195 3293 1524 3362 Occidentis,
1557 3305 1816 3366 tanquam
1838 3295 1973 3353 effe-

394 3388 622 3450 minato,
657 3385 843 3442 Gotthi
869 3386 1293 3454 sanguinolenti,
1321 3387 1468 3443 natio
1492 3387 1771 3453 bellicosa,
1807 3402 1970 3458 supe-

393 3488 517 3535 ratu
555 3479 813 3546 dimcilis,
870 3479 1113 3537 caedibus
1143 3480 1406 3552 gaudens,
1452 3481 1506 3535 in
1538 3482 1725 3537 Romae
1766 3482 1971 3539 veteris

390 3571 600 3626 limites
631 3579 953 3635 excurrunt,
983 3585 1285 3641 eorumque
1315 3587 1410 3627 rex
1434 3570 1685 3627 Alaricus
1731 3572 1971 3643 impera-

392 3664 552 3718 toriis
611 3664 811 3734 Opibus
864 3664 1074 3733 potitur
1110 3673 1167 3720 et
1208 3665 1326 3734 ipsa
1376 3663 1724 3734 imperatoris
1778 3680 1971 3721 sorore

390 3754 659 3818 Placidia,
701 3768 823 3824 quae
850 3769 978 3810 mox
1009 3755 1077 3810 de
1105 3755 1470 3811 Barbarorum
1501 3757 1754 3812 manibus
1786 3757 1971 3827 elapsa

388 3844 650 3899 celeriter
693 3846 759 3897 ad
811 3843 1111 3898 Honorium
1169 3844 1393 3900 fratrem
1450 3859 1509 3901 se
1560 3847 1814 3912 contulit,
1874 3847 1969 3916 qui

388 3936 733 3998 Ravennam,
759 3936 953 3991 urbem
982 3937 1271 4003 munitam,
1301 3936 1636 4009 profugerat.
1660 3939 1757 3994 Est
1782 3947 1969 3993 autem

388 4028 446 4082 in
493 4026 907 4083 matrimonium
966 4028 1228 4084 collocata
1287 4028 1629 4095 Constantio,
1664 4045 1764 4099 per
1805 4045 1969 4100 quem

386 4127 608 4173 servata
659 4116 866 4184 fuerat;
934 4116 1113 4187 deque
1173 4118 1261 4172 bis
1310 4118 1727 4175 Valentinianus
1783 4121 1973 4189 junior

384 4217 715 4280 procreatus
739 4218 845 4273 est,
877 4208 969 4279 qui
996 4209 1299 4265 secundum
1328 4210 1444 4266 hate
1466 4212 1653 4266 Romae
1681 4212 1971 4283 imperium

385 4307 724 4356 consecutus
776 4298 900 4353 fuit.
957 4299 1317 4370 Posteaquam
1376 4301 1645 4358 Arcadius
1694 4310 1970 4358 terrenam

386 4390 639 4460 corporis
666 4389 866 4445 molem
888 4389 1237 4460 deposuerat,
1265 4391 1610 4448 Theodosius
1674 4393 1732 4447 in
1789 4393 1973 4449 orien-

387 4482 522 4537 talis
549 4480 766 4551 imperii
804 4481 1003 4536 solium
1050 4482 1375 4551 collocatur,
1405 4499 1570 4554 quem
1609 4483 1875 4539 Arcadius
1903 4497 1971 4539 ex

388 4573 642 4630 Eudoxia
674 4573 909 4644 conjuge
941 4582 1225 4643 genuerat.

460 4665 516 4720 Is
540 4663 703 4718 tiliam
742 4679 896 4720 suam
941 4665 1322 4721 Valentiniano
1347 4666 1414 4722 ad
1444 4667 1683 4739 conjugii
1731 4666 1970 4724 societa-

2071 3295 2355 3351 videretur
2381 3312 2396 3360 ;
2425 3302 2482 3349 et
2510 3292 2743 3348 ornabat
2768 3291 3018 3347 eamdem
3051 3288 3227 3344 multo
3261 3288 3429 3343 etiam
3488 3287 3664 3354 magis

2072 3385 2294 3442 castitas
2342 3397 2505 3457 atque
2533 3383 2812 3455 pudicitia.
2849 3382 2987 3439 Cum
3024 3382 3166 3436 hanc
3201 3379 3431 3435 vidisset
3476 3378 3653 3446 impe-

2072 3484 2248 3542 rator,
2301 3491 2490 3531 amore
2539 3482 2732 3544 captus
2762 3483 2867 3539 est,
2908 3486 3211 3542 omnesque
3238 3483 3461 3525 ποι-νος
3506 3467 3560 3522 in
3607 3466 3660 3520 id

2073 3568 2309 3622 intendit
2340 3577 2401 3621 ut
2430 3575 2561 3621 voto
2585 3566 2748 3636 potiri
2780 3573 2985 3634 posset.
3017 3563 3189 3634 Igitur
3216 3559 3513 3631 aliquando
3532 3574 3658 3614 cum

2070 3658 2325 3723 Maximo,
2363 3658 2564 3711 marito
2599 3655 2866 3720 mulieris,
2907 3655 3025 3709 alea
3056 3652 3271 3714 ludens,
3315 3650 3408 3704 ubi
3438 3648 3663 3703 vicisset

2069 3763 2173 3804 nec
2194 3763 2385 3802 aurum
2415 3747 2682 3801 Maximus
2714 3754 3052 3810 numeraret,
3084 3756 3311 3798 aureum
3342 3744 3463 3811 ejus
3484 3754 3661 3794 annu-

2070 3841 2186 3895 lum
2222 3838 2422 3908 accipit
2474 3837 2630 3908 quasi
2666 3853 2768 3906 pro
2798 3835 3002 3891 debitis
3055 3834 3490 3903 oppigneratum.
3521 3829 3661 3885 Hinc

2072 3932 2335 3988 annulum
2364 3930 2537 4000 ipsius
2568 3928 2726 3984 uxori
2755 3926 2924 3982 mittit
2950 3925 3088 3996 signi
3132 3925 3275 3986 loco,
3312 3922 3380 3977 de
3407 3936 3518 3990 quo
3556 3921 3650 3974 illa

2072 4023 2400 4094 intelligeret
2421 4024 2475 4077 in
2492 4022 2670 4077 aulam
2698 4020 2805 4076 sibi
2842 4018 3084 4074 eundum
3109 4031 3253 4071 esse.
3272 4014 3469 4069 Mulier
3496 4013 3655 4080 signo

2070 4114 2292 4186 cognito
2328 4114 2489 4169 ﬁdem
2514 4113 2581 4167 iis
2609 4127 2731 4181 quae
2764 4109 3172 4165 mandabantur
3194 4107 3379 4166 habet.
3406 4105 3655 4174 adeoque

2072 4208 2326 4264 celeriter
2355 4208 2408 4262 in
2440 4205 2644 4275 regiam
2676 4219 2735 4260 se
2770 4203 3003 4259 confert.
3062 4200 3205 4269 Quid
3254 4199 3384 4253 inde
3415 4196 3659 4251 factum?

2071 4302 2377 4371 Imperator
2416 4313 2536 4353 eam
2571 4305 2765 4352 nactus
2790 4295 2843 4349 vi
2874 4301 3110 4364 stuprat.
3161 4291 3426 4347 Maximus
3454 4289 3537 4343 bis
3563 4302 3660 4343 co-

2073 4394 2240 4463 gnitis
2274 4391 2469 4446 ardere
2516 4389 2723 4455 animo,
2752 4387 2822 4443 ad
2859 4387 3127 4442 ultionem
3153 4398 3211 4439 se
3241 4397 3477 4445 armare,
3513 4379 3660 4436 frau-

2074 4486 2172 4540 des
2202 4483 2384 4538 omnis
2412 4480 2630 4552 generis
2660 4489 2905 4544 nectere,
2947 4477 3164 4532 tandem
3204 4473 3385 4546 gladio
3418 4472 3659 4540 impera-

2076 4582 2251 4629 torem
2284 4571 2557 4635 occidere,
2599 4568 2704 4639 52
2736 4567 3029 4638 spoliatum
3076 4565 3231 4635 prius
3261 4561 3541 4618 ﬁdissimis
3566 4575 3655 4615 sa-

2067 4666 2359 4723 tellitibus.
2388 4663 2504 4719 Hoc
2528 4662 2673 4718 facto
2709 4662 3000 4732 conjugem
3028 4672 3250 4729 quoque
3280 4651 3655 4712 Valentiniani

390 4767 502 4812 tem
534 4756 705 4820 misit,
728 4772 890 4827 quem
909 4759 1166 4827 juvenem
1195 4759 1533 4829 voluptatum
1557 4775 1713 4815 amor
1737 4768 1794 4814 et
1819 4761 1967 4815 insa-
2066 4755 2367 4813 Eudoxiam
2426 4760 2659 4824 stuprat,
2709 4766 2832 4822 qua:
2869 4748 3127 4818 injuriam
3177 4746 3321 4800 hanc
3363 4739 3657 4812 aegerrime

392 4863 524 4902 num
558 4849 800 4903 studium
825 4849 1080 4919 explendi
1111 4849 1369 4906 libidines
1394 4852 1597 4917 carnis,
1624 4852 1769 4922 quod
1799 4852 1964 4908 nullis
2063 4850 2246 4905 ferens
2314 4848 2498 4903 animo
2559 4860 2691 4902 suos
2753 4843 2821 4898 ad
2863 4839 3210 4898 Gizerichum
3268 4833 3661 4891 Vandalorum.

386 4937 631 4993 inhiberi
685 4937 916 4995 vinculis
944 4946 1180 5011 poterat,
1206 4955 1317 4996 non
1344 4940 1575 5011 imperio
1624 4949 1832 4998 tantum
1866 4942 1964 4997 sed
2066 4955 2252 5012 regem
2286 4938 2476 4999 mittit.
2535 4944 2750 4992 oratum
2779 4942 2840 4987 ut
2871 4932 3100 4987 Romam
3136 4942 3262 4983 cum
3297 4924 3471 4995 copiis
3511 4922 3638 4978 inva

386 5029 556 5084 etiam
596 5030 707 5084 vita
731 5030 1003 5099 spoliavit,
1039 5029 1322 5101 ipsamque
1348 5032 1473 5088 vitae
1513 5035 1719 5089 sociam
1755 5033 1970 5104 injuria:
2074 5032 2248 5088 deret.
2316 5028 2467 5085 Fecit
2510 5028 2617 5082 hoc
2661 5023 3006 5087 Gizeriehus,
3057 5021 3285 5075 Romam
3337 5014 3654 5085 occupavit,

385 5118 622 5174 alterius
655 5119 942 5188 exposuit;
972 5134 1093 5189 quae
1120 5135 1210 5175 res
1236 5135 1348 5190 quo
1390 5129 1551 5192 pacto
1597 5133 1750 5193 gesta
1784 5122 1971 5188 fuerit,
2074 5139 2249 5194 eaque
2306 5122 2565 5177 miserum
2611 5118 2665 5172 in
2709 5129 2917 5172 morem
2974 5112 3205 5185 spoliata
3254 5107 3656 5181 imperatvicem

388 5210 639 5265 breviter
667 5218 997 5280 exponetur.
1174 5214 1187 5221 “

2075 5232 2199 5271 cum
2230 5214 2448 5270 ﬁliabus
2478 5210 2720 5281 captivas
2749 5205 2998 5263 abduxit.

460 5298 594 5354 Erat
623 5300 679 5354 in
710 5299 849 5355 urbe
887 5298 1057 5354 Roma
1078 5294 1181 5354 'vir
1227 5299 1531 5354 consularis
1580 5302 1863 5368 Maximus,
1901 5302 1979 5357 fa-
2147 5307 2236 5375 Ac
2255 5306 2426 5361 Roma
2464 5302 2687 5374 quidem
2720 5299 2980 5368 exiguum
3011 5294 3079 5351 ad
3118 5303 3331 5364 tempus
3360 5291 3544 5346 adhuc
3582 5287 3654 5342 ab

386 5392 495 5447 cile
517 5392 776 5461 princeps
802 5393 947 5445 inter
979 5399 1229 5447 caeteros.
1265 5392 1511 5449 Habebat
1537 5395 1580 5449 is
1611 5410 1836 5449 uxorem
1863 5395 1977 5450 ele-
2079 5395 2504 5467 imperatoribus
2525 5391 2900 5449 administrata
2932 5386 3148 5442 tandem
3179 5384 3467 5455 imperium
3494 5394 3656 5436 omne

387 5482 537 5552 ganti
566 5481 853 5553 praeditam
883 5480 1042 5548 facie,
1095 5498 1325 5553 qumque
1362 5492 1587 5553 propter
1634 5493 1974 5539 venustatem
2079 5502 2309 5559 prorsus
2334 5486 2538 5552 amisit,
2574 5484 2630 5539 in
2657 5489 2983 5555 potestatem
3018 5493 3206 5551 regum
3233 5474 3654 5548 principumque

1748 5600 1946 5661 Varie
1986 5600 2319 5665 lectiones.

463 5715 751 5791 "amitae
907 5717 964 5791 ,ξ’
988 5716 1247 5791 ζεύγνυσι
1281 5719 1342 5774 R.
1422 5721 1467 5791 ’ξ
1498 5718 1654 5775 Hunc
1696 5737 1917 5776 versum
1952 5740 1970 5778 t

2102 5723 2168 5777 ﬂ.
2248 5723 2264 5754 ⁸
2294 5719 2535 5791 ἐσχενέξ
2560 5714 2816 5791 Εὐδρξὶας
2843 5714 2960 5791 IIIS.
3094 5710 3300 5791 οἰκείαν
3329 5706 3394 5758 R.
3418 5788 3444 5791 ﬂ
3470 5700 3650 5791 ’“705-

391 5786 447 5842 δε
477 5787 595 5843 Alt.
675 5789 699 5820 ⁸
730 5786 788 5859 ἡ]
814 5789 879 5840 ἐκ
903 5786 973 5843 Β.
996 5771 1015 5782 ’
1047 5789 1069 5820 ⁸
1095 5771 1400 5844 ἐκδύσαντα
1434 5771 2620 5865 ιιξινὲἧσφοάᾶιῦ
2659 5790 2680 5823 ⁷
2704 5771 2772 5860 τῇ
2799 5771 2998 5859 καρδίᾳ
3036 5783 3102 5838 ιι.
3178 5782 3200 5815 ⁸
3228 5778 3445 5832 πάντων
3481 5771 3550 5827 ιῖ-
