4136 6428
402 502 515 554 Καὶ
540 496 829 553 στίλϐουσα
857 501 978 565 ταῖς
1009 499 1194 572 χάρισι
1226 502 1322 572 τῆς
1354 500 1503 556 ἔνδον
1533 504 1869 572 εὐπρεπείας
1890 520 1904 536 .

405 595 566 656 Ἰιτις
602 593 872 662 παρθένον
901 597 1189 666 συντηρεῖν
1215 595 1385 667 αὐτὴν
1421 597 1766 666 προελομένη

404 683 514 738 K‘al.
554 681 648 751 τῆς
683 682 910 749 ἁγνείας
941 682 1138 737 ἄσυλον
1157 684 1443 750 φυλάττειν
1470 687 1561 738 τὶν
1588 685 1851 751 λειμῶνα,

413 773 682 846 Ἀρῤένων
715 773 1120 844 μὲν-ἀπέσχετο
1159 775 1410 842 καθάπαξ
1437 777 1677 845 ὁμιλίας,

400 869 492 937 Τῷ
521 865 746 936 καθαρῷ
782 867 828 918 δ⁹
859 866 1124 936 ὲπέχαιρε
1148 868 1240 920 καὶ
1277 867 1352 934 τῷ
1377 869 1591 938 κοσμίῳ
1620 869 1740 938 βίῳ,

400 961 512 1012 Καὶ
542 958 692 1023 ζέσιν
719 958 1070 1010 ἐπεδείκνυτο
1106 959 1241 1028 πρὸς
1274 961 1454 1013 πᾶσαν
1489 960 1918 1030 χρηστουργίαν.

398 1054 474 1105 Ού
509 1053 667 1119 μόνον
701 1051 758 1103 δὲ.
783 1052 874 1103 τὸν
907 1053 1106 1119 ἑαυτῆς
1134 1052 1302 1116 οὕτως
1335 1054 1560 1123 ἐκόσμει
1603 1053 1740 1123 βίον,

410 1142 572 1194 Ἀλλά
594 1158 657 1208 γε
685 1140 781 1193 καλ⁵
806 1141 895 1191 »τὸν
926 1139 1158 1208 ἀδελφὸν
1190 1143 1474 1205 παντοίαις
1497 1144 1766 1205 ἐπινοίαις

398 1234 492 1293 Είς
532 1231 732 1302 ἀρετὴν
769 1230 1062 1301 ὲρύθμιζεν
1097 1233 1190 1284 καὶ
1214 1232 1452 1302 τρόπους
1482 1235 1829 1300 φιλοκάλους.

403 1325 476 1376 Ἦ
511 1326 608 1377 καὶ
637 1323 932 1393 συνῴκισεν
959 1324 1109 1393 αὐτῷ
1137 1325 1273 1394 πρὸς
1298 1325 1478 1394 γάμου
1511 1327 1800 1380 κοινωνίαν

397 1418 510 1486 Τὴν
538 1417 792 1468 κάλλεσιν
825 1416 1246 1486 άστράπτουσαν
1277 1418 1553 1480 παντοίοις
1582 1419 1868 1478 Εύδοκίαν,

397 1509 562 1568 ,Ητις
591 1506 834 1576 λειμῶνα
859 1507 1101 1575 φέρουσα
1127 1506 1359 1570 κάλλους
1390 1509 1448 1562 ὲν
1485 1507 1564 1578 τῷ
1590 1509 1868 1580 προσώπῳ
1895 1513 1938 1541 οι

408 1601 651 1670 Ὠρμᾶτο
682 1600 780 1670 μὲν
807 1599 865 1665 ἐξ
897 1599 1141 1670 Ἀθηνῶν
1163 1600 1274 1652 τῶν
1311 1601 1812 1672 περιλαλουμένων,

396 1696 544 1765 Πρδς
577 1695 633 1747 δὲ
663 1694 762 1764 τὴν
787 1695 1062 1758 Βύζαντος
1087 1694 1346 1766 λαμπρὰν
1379 1697 1690 1768 ἀφικομένη
1725 1699 1772 1730 ’⁸
1799 1697 1974 1763 πόλιν,

407 1784 527 1853 Ἐφ’
557 1777 601 1851 ᾧ
629 1785 1068 1854 κατηγορήσειεν
1111 1785 1254 1838 ἰδίων
1288 1785 1561 1854 ὁμογνίων

404 1879 496 1941 Ὠς
527 1881 626 1948 τῆς
658 1878 846 1941 οὐσίας
873 1877 968 1931 τοῦ
999 1878 1207 1951 πατρὸς
1230 1879 1365 1949 αὐτῇ
1399 1878 1474 1949 μὴ
1508 1880 1870 1949 μεταδόντων,

393 1969 583 2040 Πολλῷ
612 1970 1052 2042 κερδαλεώτερον
1083 1970 1145 2025 τδ
1184 1971 1463 2040 πάρεργον
1494 1971 1762 2040 εὑρίσκει.

392 2061 468 2114 Τὸ
504 2061 549 2113 δ’
573 2063 723 2123 ὅπως
745 2061 904 2114 τοῦτο
941 2061 1135 2130 γέγονε
1161 2062 1305 2132 λόγῳ
1335 2062 1588 2131 συντόμῳ
1611 2064 1656 2096 ³³
1688 2065 1904 2134 φράσω.

463 2147 574 2204 Ἦν
607 2153 664 2204 ὲν
689 2150 944 2222 Ἀθήναις
969 2169 1055 2216 τις
1089 2151 1258 2224 ἀνὴρ,
1293 2152 1545 2217 Λεόντιος
1573 2154 1674 2224 τὴν
1713 2157 1927 2226 κλῆσιν,

391 2245 488 2307 Εἰς
519 2244 691 2314 ἄκρον
715 2244 1044 2313 ἀφικόμενος
1072 2247 1253 2314 πάσης
1279 2245 1618 2313 φιλοσοφίας,

395 2333 506 2387 Καὶ
535 2333 760 2404 λογικῆς
791 2334 888 2388 καὶ
925 2337 1160 2405 φυσικῆς
1189 2337 1282 2388 καὶ
1308 2337 1410 2406 τῆς
1435 2337 1870 2407 ἁστεροσκόπου.

394 2424 584 2494 Τούτῳ
614 2426 744 2493 μιᾶς
768 2426 832 2478 ἐκ
862 2426 1163 2494 γαμετῆς¹⁶
1181 2427 1483 2496 ἐτέχθησαν
1513 2431 1661 2498 τρεῖς
1676 2429 1721 2460 ¹¹⁵
1746 2428 1932 2493 παῖδες
1959 2445 1975 2461 ο

392 2515 500 2568 Δύο
528 2517 628 2586 μὲν
654 2514 793 2586 ἦσαν
825 2519 1316 2588 ἄρῤενες,τριτάτη
1340 2519 1395 2571 δὲ
1415 2519 1688 2589 θυγάτηρ,

393 2606 652 2676 Θυγάτηρ
675 2609 1060 2679 ἀγλαόμορφος
1086 2612 1553 2682 ὲπιχαριτωτάτη.

408 2697 661 2766 Ἀθηναῖς
695 2698 982 2766 ὠνόμαστο
1006 2700 1140 2769 πρὸς
1171 2700 1264 2753 τοῦ
1303 2703 1510 2772 πατρὸς
1541 2704 1574 2771 ἡ
1601 2703 1762 2774 κόρη.

404 2788 495 2852 Ὠς
515 2790 607 2843 οὖν
629 2791 722 2844 τὸν
745 2790 861 2861 βίον
892 2793 1085 2860 ἔμελλε
1109 2792 1289 2846 λιπεῖν
1319 2795 1364 2826 ³⁵
1395 2795 1423 2847 ό
1450 2794 1658 2866 ταύτην
1689 2795 1943 2868 σπείρας,

405 2879 784 2935 Ἐπιθανάτιον
813 2882 1030 2946 συνθεὶς
1056 2884 1149 2937 καὶ
1175 2885 1490 2939 τελευταῖον
1520 2886 1760 2956 γράμμα

393 2969 522 3034 Τοῖς
546 2972 647 3039 μὲν
676 2975 833 3026 παισὶ
867 2973 1125 3027 κατέλιπε
1153 2978 1264 3039 τοῖς
1287 2977 1479 3048 ἄρρεσι
1518 2977 1610 3030 τὸν
1642 2977 1779 3047 βίον,

401 3061 634 3128 Ὅπόσος
663 3066 720 3120 ὲν
748 3066 1086 3138 ίματισμοῖς,
1117 3068 1312 3133 ὁπόσος
1336 3071 1393 3122 ἐν
1419 3069 1654 3141 χρυσίῳ,

389 3309 666 3379 simulque
694 3309 915 3364 dotibus
945 3310 1174 3365 interuaa
1201 3311 1634 3381 pulchritudinis
1661 3312 1971 3366 relucebat.

389 3400 642 3470 Cumque
689 3401 1056 3470 virginitatem
1102 3418 1256 3456 suam
1309 3404 1547 3458 retinere
1596 3411 1653 3459 et
1706 3403 1978 3458 castitatis

391 3507 649 3561 campum
703 3493 973 3547 illibatum
1034 3495 1173 3548 tueri
1228 3495 1602 3558 decrevisset,
1658 3511 1888 3565 prorsus
1942 3513 1974 3550 u

394 3583 640 3637 virorum
684 3585 1080 3640 consuetudine
1121 3595 1295 3640 semet
1335 3587 1669 3651 abstinebat,
1717 3603 1780 3641 ac
1825 3602 1978 3656 purae

390 3674 766 3744 modesteque
792 3675 917 3730 vita:
940 3676 1122 3730 studio
1150 3677 1334 3730 dedita
1363 3676 1631 3732 fervorem
1657 3677 1822 3731 animi
1848 3693 1977 3748 erga

388 3764 603 3834 quaevis
632 3765 773 3819 facta
805 3766 1065 3834 praeclara
1099 3767 1368 3836 insignem
1398 3768 1830 3822 demonstrabat.
1859 3767 1971 3822 Ne-

389 3872 500 3926 que
525 3864 733 3910 tantum
755 3857 1082 3912 cxornandm
1105 3859 1230 3912 vitae
1247 3875 1358 3913 suae
1380 3859 1588 3914 intenta
1612 3869 1751 3922 erat,
1778 3873 1968 3913 verum

388 3947 561 4001 etiam
598 3946 814 4001 fratrem
842 3947 1146 4017 omnigenis
1176 3949 1504 4013 rationibus,
1539 3948 1714 4018 iisque
1743 3949 1974 4002 solerter

389 4038 740 4106 excogitatis,
769 4038 836 4091 ad
865 4039 1125 4093 virtutem
1157 4039 1469 4109 probosque
1503 4055 1684 4094 mores
1707 4039 1973 4094 informa-

392 4129 511 4182 bat.
561 4127 856 4199 Coujunxit
904 4139 961 4183 et
1009 4129 1161 4184 fratri
1221 4130 1576 4184 matrimonio
1630 4130 1970 4196 Eudociam,

367 4223 547 4273 «omni
577 4219 880 4273 venustatis
909 4235 1106 4289 genere
1134 4221 1538 4290 splendentem.
1567 4221 1640 4274 Ea
1668 4235 1792 4275 cum
1827 4231 1972 4276 esset

393 4310 552 4364 vultu
591 4310 818 4379 praedita
851 4311 1282 4377 formosissimo,
1316 4312 1549 4367 Athenis
1582 4312 1692 4367 illis
1721 4312 1971 4366 celeber-

395 4402 576 4465 rimis,
607 4401 702 4454 ubi
731 4410 856 4455 nata
889 4401 1087 4466 fuerat,
1115 4402 1433 4472 Byzantium
1465 4401 1730 4471 profecta,
1758 4417 1887 4456 suos
1915 4411 1974 4456 ut

397 4493 597 4546 fratres
627 4500 933 4556 accusaret,
967 4494 1060 4561 qui
1100 4503 1455 4562 paternarum
1487 4493 1808 4548 facultatum
1843 4509 1970 4562 par-

395 4595 509 4637 tem
547 4584 609 4637 ~el
656 4598 714 4636 se
763 4583 992 4636 daturos
1039 4593 1435 4653 pernegarent,
1484 4584 1667 4638 obiter
1710 4583 1972 4653 quiddam

393 4675 559 4743 longe
594 4674 931 4728 fructuosius
965 4677 1188 4744 reperit.
1224 4675 1380 4730 Libet
1409 4686 1591 4731 autem
1615 4675 1858 4730 breviter
1885 4691 1978 4730 ex-

396 4779 625 4835 ponere,
661 4781 772 4834 quo
803 4773 961 4834 pacto
990 4765 1107 4819 haec
1139 4765 1448 4820 evenerint.

473 4855 600 4910 Fuit
629 4855 863 4910 Athenis
891 4855 1113 4926 quidam
1148 4857 1434 4920 Leontius,
1469 4856 1553 4910 vir
1584 4865 1840 4911 accurate
1875 4870 1974 4925 pe-

396 4948 540 5001 ritus
567 4948 745 5000 omnis
768 4947 1128 5016 philosophia:
1169 4963 1232 5001 ac
1256 4947 1575 5017 logicarum,
1608 4947 1970 5014 naturalium,

393 5037 896 5092 astronomicarum
927 5037 1364 5107 disciplinarum.
1391 5038 1528 5092 Huic
1551 5052 1618 5092 ex
1649 5053 1754 5092 una
1784 5038 1976 5105 conju-

394 5145 465 5198 ge
497 5137 608 5182 tres
630 5139 790 5182 erant
811 5130 924 5182 nati
948 5129 1129 5194 liberi,
1151 5131 1262 5183 duo
1283 5145 1479 5193 mares,
1507 5147 1614 5185 una
1641 5131 1769 5194 ﬁlia,
1795 5129 1982 5184 forma:

398 5218 581 5288 puella
601 5219 930 5287 praestantis,
956 5230 1010 5274 et
1030 5221 1363 5290 caeteroquin
1381 5222 1542 5274 etiam
1557 5220 1982 5292 elegantissima,

1533 389 2042 452 COMPENDIUM
2081 391 2568 457 CHRONICUM.

3557 397 3664 462 318

2008 509 2052 565 Α
2094 506 2183 560 Ἐν
2219 507 2410 572 οἴκοις,
2434 509 2492 561 έν
2522 508 2885 579 βοσκήμασιν,
2918 509 2976 562 ὲν
3012 508 3285 578 σκεύεσιν,
3317 511 3376 564 ἐν
3397 511 3608 577 δούλοις

2087 597 2216 671 (Ἦν
2249 594 2478 672 γάρτοι
2531 601 2971 672 μεγαλόπλουτος
3019 604 3114 655 καὶ
3151 603 3260 656 τῶν
3310 603 3664 676 βαθυκτημό-

3321 694 3451 767 [νων
3483 698 3591 766 ")-

2084 787 2160 855 Τῇ
2195 784 2427 856 θυγατρὶ
2442 785 2486 839 δ’
2510 786 2786 849 ἐκέλευσε,
2819 787 2914 840 καὶ
2942 786 3114 840 ταῦτα
3143 788 3188 819 ’⁸
3214 788 3538 862 φιλουμένῃ,

2081 875 2292 938 Μόνους
2315 876 2604 945 χρυσίνους
2633 877 2827 929 ἑκατὸν
2858 876 3272 947 παρασχεθῆναι
3297 878 3522 948 κλῆρον,

2081 969 2192 1038 Τὴν
2225 970 2394 1038 τύχην
2417 968 2514 1038 τὴν
2554 969 2935 1038 περίλαμπρον
2957 968 3150 1038 ἀρκεῖν
3189 969 3374 1042 ἐκείνῃ
3411 971 3616 1040 φήσας,

2093 1061 2150 1112 Ἀ
2164 1061 2339 1126 πάσης
2375 1061 2792 1129 ὑπερφέρουσαν
2817 1059 3056 1126 γυναίων
3083 1060 3128 1091 ³⁸
3152 1059 3476 1128 εὐποτμίας.

2091 1149 2150 1202 Ὀ
2185 1150 2284 1217 μὲν
2314 1149 2483 1201 εἰπὼν
2508 1147 2686 1212 ἐξέπιε
2712 1148 2803 1200 τὸν
2833 1147 2925 1200 τοῦ
2959 1147 3190 1199 θανάτου
3217 1146 3444 1214 σκύφον,

2081 1240 2222 1295 om
2256 1243 2353 1311 τῆς
2386 1242 2556 1312 κόρης
2582 1241 2800 1308 ἀδελφοὶ
2830 1240 3196 1310 φαυλότροποι
3230 1241 3491 1308 φανέντες

2081 1335 2268 1387 Πᾶσαν
2291 1331 2710 1402 ἐσφετερίσαντο
2737 1331 2836 1401 τὴν
2866 1333 3138 1400 πατρικὴν
3160 1331 3347 1383 οὐσίαν

2080 1424 2191 1477 Καὶ
2215 1423 2498 1484 παντελῶς
2520 1422 2834 1493 ἀπόκληρον
2859 1423 3042 1475 ἔθεντο
3071 1423 3172 1492 τὴν
3194 1424 3399 1475 νεᾶνιν.

2092 1514 2206 1582 Ἐφ’
2236 1513 2318 1577 οἷς
2349 1513 2788 1584 ὑπερπαθήσασα
2823 1516 2917 1568 καὶ
2937 1517 3037 1584 τὴν
3061 1514 3238 1584 ψυχὴν
3261 1513 3533 1583 πληγεῖσα

2078 1606 2158 1674 Τῇ
2186 1604 2540 1674 μητραδέλφῃ
2572 1603 2855 1670 πρόσεισιν
2889 1603 3147 1671 Ἀθηναῖς
3173 1605 3206 1672 ἡ
3243 1603 3407 1673 κόρη,

2079 1695 2368 1750 Κοινοῦται
2397 1696 2465 1750 τά
2489 1696 2611 1748 καθ’
2645 1695 2870 1766 ἑαυτὴν,
2896 1697 2996 1764 τὴν
3024 1696 3314 1765 συμφοράν
3346 1693 3598 1764 δακρύει,

2080 1786 2418 1857 Περιπαθέσι
2453 1789 2782 1855 στεναγμοῖς
2813 1787 3152 1857 ἐκτραγῳδεῖ
3174 1786 3235 1837 τὸ
3252 1785 3450 1846 πάθος.

2081 1879 2354 1948 Οίκτείρει
2388 1878 2448 1932 τὸ
2473 1879 2731 1948 κοράσιον
2756 1877 2988 1931 πενθοῦν
3013 1879 3046 1949 ἠ
3085 1877 3463 1948 μητραδέλφη,

2090 1969 2264 2038 ’Υπὲρ
2291 1969 2390 2037 τῆς
2425 1970 2813 2038 άδελφόπαιδος
2852 1970 3167 2039 πιμπρᾶται
3207 1968 3251 2001 ³ο
3283 1967 3383 2038 τὴν
3413 1965 3662 2035 καρδίαν,

2078 2062 2191 2118 Καὶ
2226 2061 2322 2114 σὺν
2353 2063 2488 2132 αὑτῇ
2518 2061 2613 2116 καὶ
2641 2061 2758 2131 μετ’
2788 2060 2958 2129 αὐτῆς
2986 2059 3060 2121 ὡς
3087 2054 3232 2128 εἶχεν
3261 2059 3571 2125 ἀφικνεῖται

2081 2155 2222 2224 Πρὸς
2251 2154 2407 2206 πόλιν
2436 2156 2536 2224 τὴν
2569 2153 2934 2227 πρωτόπολιν,
2975 2152 3112 2222 πρὸς
3153 2153 3195 2184 ³¹
3229 2151 3386 2203 πόλιν
3423 2148 3522 2219 τὴν
3560 2147 3655 2200 τοῦ

3302 2240 3582 2312 [κράτους.

2079 2333 2157 2402 Τῇ
2189 2332 2495 2406 Πουλχερίᾳ
2517 2335 2766 2405 πρόσεισι
2802 2337 2866 2406 τῇ
2892 2334 3372 2405 χαριτοκοσμήτῳ,

2090 2426 2443 2495 Ἐπικουρίαν
2475 2426 2698 2491 ἐξαιτεῖ,
2730 2427 2901 2478 δεῖται
2933 2426 3270 2496 βοηθηθῆναι

2079 2515 2189 2583 Τὴν
2218 2515 2388 2583 κόρην
2420 2515 2520 2580 τὴν
2541 2515 2650 2568 τῶν
2681 2515 2885 2583 ἑαυτῆς
2912 2515 3110 2576 ἀδίκως
3149 2513 3546 2582 στερουμένην.

2078 2605 2362 2675 Θαυμάζει
2385 2609 2483 2675 τῆς
2513 2607 2750 2669 νεάνιδος
2778 2605 2828 2674 ή
2847 2605 3057 2674 βασιλὶς
3086 2605 3146 2657 τὸ
3167 2605 3386 2667 κάλλος,

2092 2698 2484 2767 Ἐκπλήττεται
2514 2699 2612 2760 τὰς
2640 2700 2940 2766 φεραυγεῖς
2965 2697 3193 2766 χάριτας
3218 2696 3313 2760 τοῦ
3337 2693 3654 2766 προσώπου,

2078 2791 2358 2860 Θαυμάςει
2391 2792 2490 2861 τὴν
2529 2791 2818 2844 εὐσύνετον
2846 2789 3440 2860 μεγαλογνωμοσύνην.

2079 2882 2413 2936 Πυνθάνεται
2440 2883 2487 2936 εί
2519 2883 2563 2914 ³¹
2592 2881 2692 2952 τὴν
2717 2881 2890 2950 αὐτῆς
2925 2881 3193 2950 ἔφθαρται
3224 2878 3549 2949 παρθενίαν,

2079 2977 2190 3026 Καὶ
2216 2974 2421 3042 γνοῦσα
2453 2974 2640 3044 κοίτης
2687 2975 2916 3043 ἄπειρον
2954 2973 3054 3044 τὴν
3083 2972 3251 3042 κόρην
3290 2970 3655 3042 χρηματίζειν

2080 3067 2190 3119 Καὶ
2223 3067 2282 3118 τὸ
2309 3067 2473 3120 καλὸν
2503 3065 2792 3136 ἀκίϐδηλον
2819 3065 3108 3134 φυλάττειν
3133 3065 3232 3134 τῆς
3267 3062 3490 3132 ἁγνείας

3342 3153 3497 3208 Vcrs.
3515 3150 3646 3214 ‘265l

2084 3315 2151 3370 dc
2177 3315 2455 3373 voluntate
2477 3330 2574 3368 sua
2604 3323 2876 3382 postrema
2905 3313 3129 3366 condito
3157 3311 3280 3365 filiis
3301 3311 3523 3381 quidem
3547 3327 3655 3364 ma-

2085 3407 2236 3460 ribus
2274 3405 2560 3459 facultates
2595 3419 2788 3458 omnes
2819 3403 3052 3473 legavit,
3087 3401 3351 3470 quidquid
3391 3402 3650 3456 nimirum

2084 3497 2591 3555 habebat'vestium,
2615 3495 2760 3555 auri,
2793 3494 3014 3557 aedium,
3037 3493 3270 3562 pecoris.
3305 3491 3656 3546 instrumenti

2085 3601 2149 3639 ac
2191 3585 2564 3654 supellectilis,
2611 3584 3005 3653 mancipiorum
3049 3583 3273 3655 (quippe
3313 3582 3557 3649 locuples
3599 3598 3661 3654 er.

2085 3678 2376 3747 Opulentus
2406 3682 2541 3740 erat)
2575 3695 2587 3730 :
2626 3675 2792 3730 filiam
2818 3692 2968 3740 vero,
2994 3692 3156 3745 quam
3185 3677 3348 3731 etiam
3386 3676 3548 3730 unice
3574 3673 3662 3726 dis

2085 3769 2304 3838 ligebat.
2361 3769 2474 3822 sola
2526 3776 2745 3823 centum
2795 3783 3087 3821 aureorum
3139 3778 3286 3821 sorte
3336 3774 3653 3822 contentam

2085 3875 2204 3915 csse
2239 3860 2421 3931 jussit,
2453 3859 2780 3928 quod'hanc
2821 3859 3093 3911 fortunam
3141 3855 3389 3928 sufficere
3429 3857 3656 3918 diceret,

2084 3967 2190 4020 qua
2223 3960 2450 4004 cunctas
2489 3949 2750 4003 mulieres
2786 3948 3046 4001 felicitate
3080 3954 3387 4014 superaret.
3431 3945 3526 3998 llis
3565 3933 3659 3998 ille

2085 4042 2268 4096 verbis
2321 4041 2546 4112 prolatis
2590 4050 2797 4093 natura:
2834 4039 3080 4093 debitum
3125 4037 3406 4108 persolvit.
3460 4037 3661 4091 Puella:

2086 4134 2320 4198 fratres,
2382 4133 2476 4202 qui
2532 4133 2780 4185 homines
2839 4138 3025 4186 essent
3077 4129 3347 4200 improbi,
3403 4136 3663 4196 paternas

2086 4225 2370 4278 facultates
2409 4223 2694 4277 universas
2735 4223 2839 4277 sibi
2890 4221 3264 4281 vindicabant,
3315 4217 3422 4289 54
3469 4231 3660 4271 sorore

2082 4329 2312 4383 prorsus
2328 4315 2402 4369 ab
2436 4313 2676 4367 aditioue
2711 4313 3047 4367 lizereditatis
3063 4311 3306 4366 exclusa.
3335 4310 3506 4375 Quam
3541 4321 3660 4360 rem

2081 4405 2348 4459 Atheuais
2382 4405 2667 4474 a'gcrrimo
2696 4405 2876 4458 ferens
2905 4404 3089 4457 animo
3119 4410 3468 4456 materteram
3501 4399 3652 4458 adit,

2081 4510 2245 4549 casus
2297 4495 2348 4548 ei
2404 4510 2533 4549 suos
2585 4495 2830 4564 exponit,
2883 4493 3248 4548 calamitatem
3303 4490 3555 4559 deplorat
3607 4498 3663 4543 et

2083 4587 2275 4642 multis
2328 4601 2452 4640 cum
2514 4587 2810 4657 gemitibus
2866 4586 3119 4639 dolenter
3177 4583 3496 4652 amplificat.
3560 4580 3658 4634 Illa

2083 4679 2282 4747 puclla:
2341 4677 2819 4732 commiseratione
2873 4675 3042 4744 tangi,
3093 4689 3157 4728 ac
3206 4673 3386 4741 neptis
3439 4669 3664 4724 nomine

2083 4776 2357 4821 commota
2385 4767 2578 4836 Cpolin
2615 4783 2738 4820 cum
2771 4782 2832 4820 ea
2871 4765 3164 4833 proficisci,
3204 4763 3397 4815 urbem
3436 4759 3655 4813 urbium

2083 4859 2393 4928 principem
2425 4867 2478 4910 ct
2506 4857 2717 4924 imperii
2745 4856 2949 4909 sedem.
2986 4855 3122 4908 llinc
3153 4849 3496 4906 Pulcheriam
3524 4847 3665 4900 mul-

2085 4952 2156 5006 tis
2188 4959 2438 5004 ornatam
2471 4950 2693 5003 dotibus
2726 4947 3022 5002 convenire
3047 4986 3059 5008 ,
3095 4959 3256 5012 opem
3298 4952 3354 4997 et
3388 4940 3654 4996 auxilium

2084 5045 2204 5115 ejus
2235 5045 2556 5112 implorare,
2597 5055 2789 5110 rogare
2823 5038 3061 5106 denique
3102 5036 3424 5090 subveniret
3470 5033 3666 5102 puellae

2085 5135 2201 5188 suis
2231 5133 2404 5188 rebus
2435 5147 2530 5201 per
2561 5131 2815 5201 injuriam
2847 5129 3109 5197 spoliatae.
3144 5127 3433 5181 Pulcheria
3462 5126 3662 5192 juven-

2081 5225 2219 5280 culze
2266 5227 2497 5277 formam
2539 5221 2822 5285 admirari,
2859 5219 2924 5273 ad
2964 5220 3242 5273 radiantes
3281 5218 3465 5271 vultus
3503 5216 3666 5270 dotes

395 5310 486 5364 cui
527 5321 682 5378 pater
729 5311 1048 5366 Athenaidis
1088 5328 1286 5367 nomen
1329 5311 1575 5367 dederat.
1617 5313 1753 5368 Cum
1802 5321 1985 5366 autem
2085 5314 2502 5382 obstupescere,
2556 5309 3056 5380 magnanimitatem
3103 5309 3264 5378 plane
3312 5307 3665 5376 conspicuam

395 5401 569 5456 rebus
595 5403 1090 5474 humanisjamjam
1115 5413 1631 5471 excessurusesset,
1659 5412 1988 5468 testamento
2087 5405 2312 5474 plurimi
2381 5403 2606 5467 facere;
2661 5401 2823 5456 simul
2889 5401 3230 5469 interregare
3287 5413 3420 5451 num
3474 5394 3668 5451 florem

1731 5519 1933 5582 Variae
1957 5518 2297 5584 lectiones.

468 5638 510 5668 ²¹
544 5614 657 5710 τοῖς
681 5637 997 5710 προσώποις
1023 5639 1144 5710 AR.
1185 5655 1188 5660 '
1220 5641 1266 5672 "
1293 5639 1668 5710 ἀφικνουμένη
1887 5641 1938 5710 ³³,
1958 5638 2140 5708 λόγοις
2176 5639 2465 5710 συντόμως
2687 5637 2732 5668 ³⁵
2761 5635 3020 5710 γυναικὸς
3051 5635 3116 5688 κ.
3193 5634 3240 5665 ³⁵
3267 5631 3415 5710 τρεῖς
3443 5625 3660 5710 “ﬁt”?

395 5725 496 5782 gat}
520 5707 639 5782 Αιι,
715 5707 993 5782 δελείπειν
1023 5707 1088 5765 R.
1167 5710 1209 5743 ⁸⁷
1239 5704 1668 5780 πολυκτημόνων
1705 5709 1821 5764 RR.
1899 5709 1974 5743 ²⁸ι

2081 5726 2145 5782 τῃ
2197 5704 2260 5763 Il.

397 5777 513 5833 an.
595 5777 642 5807 τι
672 5776 747 5849 μὴ
770 5777 834 5832 Α.

2317 5695 2399 5741 ,ιη
2427 5695 2661 5776 ἴύναεὰς
2695 5695 2785 5760 on
2834 5707 2878 5738 3o
2904 5695 3415 5775 πίμπραταιλῃη.
3493 5695 3661 5766 ιιτηι,
