  <div class='ocr_page' id='page_1' title='image "/cluster/home/n/w/nwhite01/storage/ocr_20150623/127/coo.31924054870328/167.png"; bbox 0 0 4136 6460; ppageno 0'>
   <div class='ocr_carea' id='block_1_1' title="bbox 478 402 587 467">
    <p class='ocr_par' dir='ltr' id='par_1_1' title="bbox 478 402 587 467">
     <span class='ocr_line' id='line_1_1' title="bbox 478 402 587 467; baseline 0.018 -3"><span class='ocrx_word' id='word_1_1' title='bbox 478 402 587 467; x_wconf 70' lang='grc'><strong>319</strong></span> 
     </span>
    </p>
   </div>
   <div class='ocr_carea' id='block_1_2' title="bbox 1649 391 2589 456">
    <p class='ocr_par' dir='ltr' id='par_1_2' title="bbox 1649 391 2589 456">
     <span class='ocr_line' id='line_1_2' title="bbox 1649 391 2589 456; baseline -0.001 0"><span class='ocrx_word' id='word_1_2' title='bbox 1649 391 2161 456; x_wconf 72' lang='grc' dir='ltr'><strong>ΟΟΝΞΤΑΝΤΙΝΙ</strong></span> <span class='ocrx_word' id='word_1_3' title='bbox 2207 394 2589 455; x_wconf 71' lang='lat' dir='ltr'><strong>MANASSIS</strong></span> 
     </span>
    </p>
   </div>
   <div class='ocr_carea' id='block_1_3' title="bbox 3636 396 3745 460">
    <p class='ocr_par' dir='ltr' id='par_1_3' title="bbox 3636 396 3745 460">
     <span class='ocr_line' id='line_1_3' title="bbox 3636 396 3745 460; baseline 0 -1"><span class='ocrx_word' id='word_1_4' title='bbox 3636 396 3745 460; x_wconf 68' lang='lat'><strong>33.0</strong></span> 
     </span>
    </p>
   </div>
   <div class='ocr_carea' id='block_1_4' title="bbox 424 509 3746 587">
    <p class='ocr_par' dir='ltr' id='par_1_4' title="bbox 424 509 3746 587">
     <span class='ocr_line' id='line_1_4' title="bbox 424 509 3746 587; baseline -0.002 -16"><span class='ocrx_word' id='word_1_5' title='bbox 424 573 428 576; x_wconf 69' lang='grc'><strong>,</strong></span> <span class='ocrx_word' id='word_1_6' title='bbox 480 513 707 585; x_wconf 74' lang='grc' dir='ltr'>Λουτρῷ</span> <span class='ocrx_word' id='word_1_7' title='bbox 757 514 1009 586; x_wconf 82' lang='grc' dir='ltr'>καθαίρει</span> <span class='ocrx_word' id='word_1_8' title='bbox 1050 515 1130 587; x_wconf 83' lang='grc' dir='ltr'>τῷ</span> <span class='ocrx_word' id='word_1_9' title='bbox 1177 514 1387 586; x_wconf 85' lang='grc' dir='ltr'>σεπτῷ,</span> <span class='ocrx_word' id='word_1_10' title='bbox 1410 513 1510 584; x_wconf 80' lang='grc' dir='ltr'>τὴν</span> <span class='ocrx_word' id='word_1_11' title='bbox 1564 513 1759 585; x_wconf 81' lang='grc' dir='ltr'><strong>κλῆσιν</strong></span> <span class='ocrx_word' id='word_1_12' title='bbox 1805 509 2065 583; x_wconf 82' lang='grc' dir='ltr'>μεταμεί-</span> <span class='ocrx_word' id='word_1_13' title='bbox 2095 515 2141 566; x_wconf 76' lang='grc' dir='ltr'><strong>Δ</strong></span> <span class='ocrx_word' id='word_1_14' title='bbox 2169 513 2277 566; x_wconf 78' lang='grc' dir='ltr'><strong>Καὶ</strong></span> <span class='ocrx_word' id='word_1_15' title='bbox 2309 511 2512 582; x_wconf 79' lang='grc' dir='ltr'>λαῖλαψ</span> <span class='ocrx_word' id='word_1_16' title='bbox 2547 513 2879 584; x_wconf 72' lang='grc' dir='ltr'>συνετάραξε</span> <span class='ocrx_word' id='word_1_17' title='bbox 2930 512 3027 583; x_wconf 78' lang='grc' dir='ltr'>τὴν</span> <span class='ocrx_word' id='word_1_18' title='bbox 3058 511 3333 565; x_wconf 73' lang='grc' dir='ltr'>Θάλασσαν</span> <span class='ocrx_word' id='word_1_19' title='bbox 3361 511 3457 565; x_wconf 75' lang='grc' dir='ltr'>καὶ</span> <span class='ocrx_word' id='word_1_20' title='bbox 3491 510 3704 567; x_wconf 76' lang='grc' dir='ltr'>κλύδων</span> <span class='ocrx_word' id='word_1_21' title='bbox 3729 529 3746 544; x_wconf 79' lang='grc' dir='ltr'><strong>ο</strong></span> 
     </span>
    </p>
   </div>
   <div class='ocr_carea' id='block_1_5' title="bbox 1770 602 1983 674">
    <p class='ocr_par' dir='ltr' id='par_1_5' title="bbox 1770 602 1983 674">
     <span class='ocr_line' id='line_1_5' title="bbox 1770 602 1983 674; baseline 0 -20"><span class='ocrx_word' id='word_1_22' title='bbox 1770 603 1881 674; x_wconf 65' lang='lat' dir='ltr'><strong>{list</strong></span> <span class='ocrx_word' id='word_1_23' title='bbox 1919 602 1983 665; x_wconf 88' lang='grc'><strong>³³,</strong></span> 
     </span>
    </p>
   </div>
   <div class='ocr_carea' id='block_1_6' title="bbox 484 694 1720 767">
    <p class='ocr_par' dir='ltr' id='par_1_6' title="bbox 484 694 1720 767">
     <span class='ocr_line' id='line_1_6' title="bbox 484 694 1720 767; baseline -0.002 -17"><span class='ocrx_word' id='word_1_24' title='bbox 484 696 858 767; x_wconf 76' lang='grc' dir='ltr'>Μετονομάζει</span> <span class='ocrx_word' id='word_1_25' title='bbox 887 698 987 767; x_wconf 80' lang='grc' dir='ltr'>τὴν</span> <span class='ocrx_word' id='word_1_26' title='bbox 1017 696 1190 766; x_wconf 80' lang='grc' dir='ltr'>καλὴν</span> <span class='ocrx_word' id='word_1_27' title='bbox 1222 697 1405 750; x_wconf 82' lang='grc' dir='ltr'>νεᾶνιν</span> <span class='ocrx_word' id='word_1_28' title='bbox 1435 694 1720 759; x_wconf 82' lang='grc' dir='ltr'>Εὐδοκίαν,</span> 
     </span>
    </p>
   </div>
   <div class='ocr_carea' id='block_1_7' title="bbox 488 786 2014 858">
    <p class='ocr_par' dir='ltr' id='par_1_7' title="bbox 488 786 2014 858">
     <span class='ocr_line' id='line_1_7' title="bbox 488 786 2014 858; baseline 0.001 -20"><span class='ocrx_word' id='word_1_29' title='bbox 488 787 758 841; x_wconf 84' lang='grc' dir='ltr'>Συνάπτει</span> <span class='ocrx_word' id='word_1_30' title='bbox 786 805 845 841; x_wconf 86' lang='grc' dir='ltr'><strong>τε</strong></span> <span class='ocrx_word' id='word_1_31' title='bbox 869 788 946 858; x_wconf 83' lang='grc' dir='ltr'><strong>τῷ</strong></span> <span class='ocrx_word' id='word_1_32' title='bbox 974 787 1184 857; x_wconf 79' lang='grc' dir='ltr'>βασιλεῖ</span> <span class='ocrx_word' id='word_1_33' title='bbox 1212 789 1306 841; x_wconf 72' lang='grc' dir='ltr'><strong>καὶ</strong></span> <span class='ocrx_word' id='word_1_34' title='bbox 1331 787 1623 855; x_wconf 76' lang='grc' dir='ltr'><strong>ζεύγνυσιν</strong></span> <span class='ocrx_word' id='word_1_35' title='bbox 1649 786 1696 819; x_wconf 72' lang='grc'>³⁸</span> <span class='ocrx_word' id='word_1_36' title='bbox 1721 788 1802 850; x_wconf 84' lang='grc' dir='ltr'><strong>είς</strong></span> <span class='ocrx_word' id='word_1_37' title='bbox 1834 786 2014 857; x_wconf 82' lang='grc' dir='ltr'>λέχος,</span> 
     </span>
    </p>
   </div>
   <div class='ocr_carea' id='block_1_8' title="bbox 489 878 1957 950">
    <p class='ocr_par' dir='ltr' id='par_1_8' title="bbox 489 878 1957 950">
     <span class='ocr_line' id='line_1_8' title="bbox 489 878 1957 950; baseline 0 -19"><span class='ocrx_word' id='word_1_38' title='bbox 489 878 872 950; x_wconf 83' lang='grc' dir='ltr'>Συναραμένου</span> <span class='ocrx_word' id='word_1_39' title='bbox 897 881 964 932; x_wconf 78' lang='grc' dir='ltr'>τὰ</span> <span class='ocrx_word' id='word_1_40' title='bbox 990 879 1161 933; x_wconf 82' lang='grc' dir='ltr'>πολλὰ</span> <span class='ocrx_word' id='word_1_41' title='bbox 1189 882 1324 949; x_wconf 68' lang='grc' dir='ltr'>προς</span> <span class='ocrx_word' id='word_1_42' title='bbox 1356 879 1515 933; x_wconf 86' lang='grc' dir='ltr'>τοῦτο</span> <span class='ocrx_word' id='word_1_43' title='bbox 1542 880 1635 933; x_wconf 72' lang='grc' dir='ltr'><strong>καὶ</strong></span> <span class='ocrx_word' id='word_1_44' title='bbox 1668 879 1957 940; x_wconf 84' lang='grc' dir='ltr'>Παυλίνου,</span> 
     </span>
    </p>
   </div>
   <div class='ocr_carea' id='block_1_9' title="bbox 495 970 2006 1041">
    <p class='ocr_par' dir='ltr' id='par_1_9' title="bbox 495 970 2006 1041">
     <span class='ocr_line' id='line_1_9' title="bbox 495 970 2006 1041; baseline 0.001 -17"><span class='ocrx_word' id='word_1_45' title='bbox 495 973 591 1034; x_wconf 85' lang='grc' dir='ltr'>Ὃς</span> <span class='ocrx_word' id='word_1_46' title='bbox 617 972 676 1023; x_wconf 83' lang='grc' dir='ltr'>ἑν</span> <span class='ocrx_word' id='word_1_47' title='bbox 703 972 814 1033; x_wconf 82' lang='grc' dir='ltr'>τοῖς</span> <span class='ocrx_word' id='word_1_48' title='bbox 844 971 1082 1041; x_wconf 78' lang='grc' dir='ltr'><strong>πρώτοις</strong></span> <span class='ocrx_word' id='word_1_49' title='bbox 1109 983 1341 1024; x_wconf 86' lang='grc' dir='ltr'>τετακτο</span> <span class='ocrx_word' id='word_1_50' title='bbox 1371 970 1480 1023; x_wconf 85' lang='grc' dir='ltr'><strong>τῶν</strong></span> <span class='ocrx_word' id='word_1_51' title='bbox 1513 970 1781 1040; x_wconf 86' lang='grc' dir='ltr'>βασιλέως</span> <span class='ocrx_word' id='word_1_52' title='bbox 1815 970 2006 1040; x_wconf 83' lang='grc' dir='ltr'>φίλων.</span> 
     </span>
    </p>
   </div>
   <div class='ocr_carea' id='block_1_10' title="bbox 502 1059 1657 1132">
    <p class='ocr_par' dir='ltr' id='par_1_10' title="bbox 502 1059 1657 1132">
     <span class='ocr_line' id='line_1_10' title="bbox 502 1059 1657 1132; baseline -0.002 -18"><span class='ocrx_word' id='word_1_53' title='bbox 502 1061 599 1114; x_wconf 79' lang='grc' dir='ltr'><strong>Ἐκ</strong></span> <span class='ocrx_word' id='word_1_54' title='bbox 628 1062 835 1132; x_wconf 84' lang='grc' dir='ltr'>ταύτης</span> <span class='ocrx_word' id='word_1_55' title='bbox 862 1062 1141 1124; x_wconf 76' lang='grc' dir='ltr'><strong>Θεοδόσιος</strong></span> <span class='ocrx_word' id='word_1_56' title='bbox 1163 1061 1348 1115; x_wconf 73' lang='grc' dir='ltr'>ἔτεκεν</span> <span class='ocrx_word' id='word_1_57' title='bbox 1378 1059 1657 1124; x_wconf 81' lang='grc' dir='ltr'>Εὐδοξίαν,</span> 
     </span>
    </p>
   </div>
   <div class='ocr_carea' id='block_1_11' title="bbox 498 1150 1888 1225">
    <p class='ocr_par' dir='ltr' id='par_1_11' title="bbox 498 1150 1888 1225">
     <span class='ocr_line' id='line_1_11' title="bbox 498 1150 1888 1225; baseline 0.006 -20"><span class='ocrx_word' id='word_1_58' title='bbox 498 1154 601 1205; x_wconf 87' lang='grc' dir='ltr'>Ἦν</span> <span class='ocrx_word' id='word_1_59' title='bbox 624 1153 1057 1225; x_wconf 84' lang='grc' dir='ltr'>Ούαλεντινιανῴ</span> <span class='ocrx_word' id='word_1_60' title='bbox 1083 1150 1628 1223; x_wconf 80' lang='grc' dir='ltr'>σκηπτροκρατοῦντι</span> <span class='ocrx_word' id='word_1_61' title='bbox 1664 1150 1888 1222; x_wconf 82' lang='grc' dir='ltr'><strong>Ῥώμης</strong></span> 
     </span>
    </p>
   </div>
   <div class='ocr_carea' id='block_1_12' title="bbox 493 1242 2070 1316">
    <p class='ocr_par' dir='ltr' id='par_1_12' title="bbox 493 1242 2070 1316">
     <span class='ocr_line' id='line_1_12' title="bbox 493 1242 2070 1316; baseline -0.001 -19"><span class='ocrx_word' id='word_1_62' title='bbox 493 1244 608 1315; x_wconf 82' lang='grc' dir='ltr'><strong>Τῆς</strong></span> <span class='ocrx_word' id='word_1_63' title='bbox 651 1246 1029 1316; x_wconf 77' lang='grc' dir='ltr'>πρεσϐυτέρας</span> <span class='ocrx_word' id='word_1_64' title='bbox 1095 1244 1339 1315; x_wconf 73' lang='grc' dir='ltr'>ἔπεμψεν</span> <span class='ocrx_word' id='word_1_65' title='bbox 1401 1244 1482 1305; x_wconf 87' lang='grc' dir='ltr'><strong>είς</strong></span> <span class='ocrx_word' id='word_1_66' title='bbox 1528 1242 1710 1311; x_wconf 82' lang='grc' dir='ltr'>γάμου</span> <span class='ocrx_word' id='word_1_67' title='bbox 1772 1244 1819 1275; x_wconf 83' lang='grc'><strong><em>³⁵</em></strong></span> <span class='ocrx_word' id='word_1_68' title='bbox 1874 1258 2070 1296; x_wconf 81' lang='grc' dir='ltr'>κοινω-</span> 
     </span>
    </p>
   </div>
   <div class='ocr_carea' id='block_1_13' title="bbox 1763 1334 1996 1407">
    <p class='ocr_par' dir='ltr' id='par_1_13' title="bbox 1763 1334 1996 1407">
     <span class='ocr_line' id='line_1_13' title="bbox 1763 1334 1996 1407; baseline 0.004 -18"><span class='ocrx_word' id='word_1_69' title='bbox 1763 1334 1908 1407; x_wconf 88' lang='grc' dir='ltr'>[νίαν</span> <span class='ocrx_word' id='word_1_70' title='bbox 1932 1335 1996 1390; x_wconf 81' lang='grc'><strong>³⁸.</strong></span> 
     </span>
    </p>
   </div>
   <div class='ocr_carea' id='block_1_14' title="bbox 580 1424 1928 1502">
    <p class='ocr_par' dir='ltr' id='par_1_14' title="bbox 580 1424 1928 1502">
     <span class='ocr_line' id='line_1_14' title="bbox 580 1424 1928 1502; baseline -0.003 -21"><span class='ocrx_word' id='word_1_71' title='bbox 580 1428 722 1481; x_wconf 80' lang='grc' dir='ltr'>Ἀλλ’</span> <span class='ocrx_word' id='word_1_72' title='bbox 747 1424 816 1499; x_wconf 75' lang='grc' dir='ltr'>ἦν</span> <span class='ocrx_word' id='word_1_73' title='bbox 835 1427 1008 1491; x_wconf 72' lang='grc' dir='ltr'>οὐδὲν,</span> <span class='ocrx_word' id='word_1_74' title='bbox 1037 1428 1112 1491; x_wconf 86' lang='grc' dir='ltr'>ὠς</span> <span class='ocrx_word' id='word_1_75' title='bbox 1135 1427 1335 1490; x_wconf 73' lang='grc' dir='ltr'>ἔοικεν,</span> <span class='ocrx_word' id='word_1_76' title='bbox 1365 1429 1656 1502; x_wconf 76' lang='grc' dir='ltr'><strong>εὐτύχημα</strong></span> <span class='ocrx_word' id='word_1_77' title='bbox 1685 1426 1779 1481; x_wconf 80' lang='grc' dir='ltr'><strong>τοῦ</strong></span> <span class='ocrx_word' id='word_1_78' title='bbox 1810 1424 1928 1495; x_wconf 87' lang='grc' dir='ltr'>βίου</span> 
     </span>
    </p>
   </div>
   <div class='ocr_carea' id='block_1_15' title="bbox 497 1516 1813 1588">
    <p class='ocr_par' dir='ltr' id='par_1_15' title="bbox 497 1516 1813 1588">
     <span class='ocr_line' id='line_1_15' title="bbox 497 1516 1813 1588; baseline -0.002 -16"><span class='ocrx_word' id='word_1_79' title='bbox 497 1519 676 1587; x_wconf 86' lang='grc' dir='ltr'>Ζόιλης</span> <span class='ocrx_word' id='word_1_80' title='bbox 699 1519 793 1572; x_wconf 79' lang='grc' dir='ltr'><strong>καὶ</strong></span> <span class='ocrx_word' id='word_1_81' title='bbox 817 1517 993 1588; x_wconf 85' lang='grc' dir='ltr'>λύπης</span> <span class='ocrx_word' id='word_1_82' title='bbox 1020 1518 1240 1588; x_wconf 79' lang='grc' dir='ltr'>ἀμιγὲς,</span> <span class='ocrx_word' id='word_1_83' title='bbox 1271 1516 1395 1571; x_wconf 82' lang='grc' dir='ltr'>οὐδέ</span> <span class='ocrx_word' id='word_1_84' title='bbox 1428 1537 1513 1582; x_wconf 89' lang='grc' dir='ltr'><strong>τις</strong></span> <span class='ocrx_word' id='word_1_85' title='bbox 1541 1517 1813 1588; x_wconf 86' lang='grc' dir='ltr'>εὐποτμία</span> 
     </span>
    </p>
   </div>
   <div class='ocr_carea' id='block_1_16' title="bbox 497 1607 1767 1678">
    <p class='ocr_par' dir='ltr' id='par_1_16' title="bbox 497 1607 1767 1678">
     <span class='ocr_line' id='line_1_16' title="bbox 497 1607 1767 1678; baseline 0.002 -16"><span class='ocrx_word' id='word_1_86' title='bbox 497 1610 589 1678; x_wconf 77' lang='grc' dir='ltr'><strong>Μὴ</strong></span> <span class='ocrx_word' id='word_1_87' title='bbox 617 1608 1089 1678; x_wconf 80' lang='grc' dir='ltr'>συναναφυόμενον</span> <span class='ocrx_word' id='word_1_88' title='bbox 1113 1607 1314 1678; x_wconf 68' lang='grc' dir='ltr'>ἔχουσα</span> <span class='ocrx_word' id='word_1_89' title='bbox 1339 1610 1434 1663; x_wconf 76' lang='grc' dir='ltr'><strong>καὶ</strong></span> <span class='ocrx_word' id='word_1_90' title='bbox 1460 1610 1520 1663; x_wconf 84' lang='grc' dir='ltr'>τὸ</span> <span class='ocrx_word' id='word_1_91' title='bbox 1552 1611 1737 1676; x_wconf 88' lang='grc' dir='ltr'>κνίζον</span> <span class='ocrx_word' id='word_1_92' title='bbox 1753 1627 1767 1642; x_wconf 84' lang='lat'><strong><em>°</em></strong></span> 
     </span>
    </p>
   </div>
   <div class='ocr_carea' id='block_1_17' title="bbox 501 1697 2066 1770">
    <p class='ocr_par' dir='ltr' id='par_1_17' title="bbox 501 1697 2066 1770">
     <span class='ocr_line' id='line_1_17' title="bbox 501 1697 2066 1770; baseline 0.003 -18"><span class='ocrx_word' id='word_1_93' title='bbox 501 1700 610 1752; x_wconf 78' lang='grc' dir='ltr'><strong>Καὶ</strong></span> <span class='ocrx_word' id='word_1_94' title='bbox 635 1698 746 1769; x_wconf 82' lang='grc' dir='ltr'><strong>γὰρ</strong></span> <span class='ocrx_word' id='word_1_95' title='bbox 782 1698 879 1751; x_wconf 75' lang='grc' dir='ltr'><strong>καὶ</strong></span> <span class='ocrx_word' id='word_1_96' title='bbox 903 1699 1067 1769; x_wconf 75' lang='grc' dir='ltr'>’ῥόδον</span> <span class='ocrx_word' id='word_1_97' title='bbox 1106 1697 1337 1769; x_wconf 81' lang='grc' dir='ltr'>εῦοσμον</span> <span class='ocrx_word' id='word_1_98' title='bbox 1367 1698 1586 1770; x_wconf 79' lang='grc' dir='ltr'>φρίσσει</span> <span class='ocrx_word' id='word_1_99' title='bbox 1627 1702 1865 1766; x_wconf 83' lang='grc' dir='ltr'>πυκναῖς</span> <span class='ocrx_word' id='word_1_100' title='bbox 1891 1702 2066 1757; x_wconf 69' lang='grc' dir='ltr'>ἀκαν-</span> 
     </span>
    </p>
   </div>
   <div class='ocr_carea' id='block_1_18' title="bbox 1861 1792 2003 1861">
    <p class='ocr_par' dir='ltr' id='par_1_18' title="bbox 1861 1792 2003 1861">
     <span class='ocr_line' id='line_1_18' title="bbox 1861 1792 2003 1861; baseline 0.007 -15"><span class='ocrx_word' id='word_1_101' title='bbox 1861 1792 2003 1861; x_wconf 87' lang='grc' dir='ltr'>θαις,</span> 
     </span>
    </p>
   </div>
   <div class='ocr_carea' id='block_1_19' title="bbox 511 1792 1857 1951">
    <p class='ocr_par' dir='ltr' id='par_1_19' title="bbox 511 1792 1857 1951">
     <span class='ocr_line' id='line_1_19' title="bbox 511 1792 1857 1951; baseline 0.004 -21"><span class='ocrx_word' id='word_1_102' title='bbox 511 1877 695 1930; x_wconf 82' lang='grc' dir='ltr'>Ἠλίου</span> <span class='ocrx_word' id='word_1_103' title='bbox 727 1894 789 1931; x_wconf 85' lang='grc' dir='ltr'><strong>τε</strong></span> <span class='ocrx_word' id='word_1_104' title='bbox 811 1877 872 1930; x_wconf 84' lang='grc' dir='ltr'>τὸ</span> <span class='ocrx_word' id='word_1_105' title='bbox 900 1876 1168 1949; x_wconf 80' lang='grc' dir='ltr'><strong>βλέφαρον</strong></span> <span class='ocrx_word' id='word_1_106' title='bbox 1196 1878 1507 1944; x_wconf 74' lang='grc' dir='ltr'>σκοτίζουσι</span> <span class='ocrx_word' id='word_1_107' title='bbox 1534 1880 1779 1951; x_wconf 78' lang='grc' dir='ltr'>νεφέλαι,</span> <span class='ocrx_word' id='word_1_108' title='bbox 1836 1792 1857 1864; x_wconf 71' lang='lat'>[</span> 
     </span>
    </p>
   </div>
   <div class='ocr_carea' id='block_1_20' title="bbox 502 1970 1864 2041">
    <p class='ocr_par' dir='ltr' id='par_1_20' title="bbox 502 1970 1864 2041">
     <span class='ocr_line' id='line_1_20' title="bbox 502 1970 1864 2041; baseline 0.007 -20"><span class='ocrx_word' id='word_1_109' title='bbox 502 1970 614 2022; x_wconf 72' lang='grc' dir='ltr'><strong>Καὶ</strong></span> <span class='ocrx_word' id='word_1_110' title='bbox 646 1970 839 2040; x_wconf 86' lang='grc' dir='ltr'>φθόνος</span> <span class='ocrx_word' id='word_1_111' title='bbox 868 1972 1159 2041; x_wconf 71' lang='grc' dir='ltr'>ἐπιφύεται</span> <span class='ocrx_word' id='word_1_112' title='bbox 1183 1974 1296 2036; x_wconf 77' lang='grc' dir='ltr'>τοῖς</span> <span class='ocrx_word' id='word_1_113' title='bbox 1326 1973 1389 2027; x_wconf 79' lang='grc' dir='ltr'>τὸ</span> <span class='ocrx_word' id='word_1_114' title='bbox 1422 1975 1585 2028; x_wconf 82' lang='grc' dir='ltr'>καλὸν</span> <span class='ocrx_word' id='word_1_115' title='bbox 1613 1976 1864 2041; x_wconf 78' lang='grc' dir='ltr'>ἀσκοῦσι,</span> 
     </span>
    </p>
   </div>
   <div class='ocr_carea' id='block_1_21' title="bbox 502 2059 2079 2138">
    <p class='ocr_par' dir='ltr' id='par_1_21' title="bbox 502 2059 2079 2138">
     <span class='ocr_line' id='line_1_21' title="bbox 502 2059 2079 2138; baseline 0.007 -26"><span class='ocrx_word' id='word_1_116' title='bbox 502 2059 615 2113; x_wconf 76' lang='grc' dir='ltr'>Καὶ</span> <span class='ocrx_word' id='word_1_117' title='bbox 647 2061 754 2116; x_wconf 74' lang='grc' dir='ltr'><strong>πᾶν</strong></span> <span class='ocrx_word' id='word_1_118' title='bbox 779 2062 1066 2135; x_wconf 80' lang='grc' dir='ltr'><strong>εὐτύχημα</strong></span> <span class='ocrx_word' id='word_1_119' title='bbox 1105 2063 1360 2136; x_wconf 75' lang='grc' dir='ltr'>λαμπρὸν</span> <span class='ocrx_word' id='word_1_120' title='bbox 1391 2067 1485 2120; x_wconf 80' lang='grc' dir='ltr'><strong>καὶ</strong></span> <span class='ocrx_word' id='word_1_121' title='bbox 1516 2068 1627 2121; x_wconf 76' lang='grc' dir='ltr'><strong>πᾶν</strong></span> <span class='ocrx_word' id='word_1_122' title='bbox 1672 2071 1873 2138; x_wconf 87' lang='grc' dir='ltr'>σεμνδν</span> <span class='ocrx_word' id='word_1_123' title='bbox 1907 2068 1953 2100; x_wconf 86' lang='grc'><strong>³⁷</strong></span> <span class='ocrx_word' id='word_1_124' title='bbox 1982 2067 2079 2123; x_wconf 84' lang='grc' dir='ltr'><strong>τοῦ</strong></span> 
     </span>
    </p>
   </div>
   <div class='ocr_carea' id='block_1_22' title="bbox 1870 2157 2012 2230">
    <p class='ocr_par' dir='ltr' id='par_1_22' title="bbox 1870 2157 2012 2230">
     <span class='ocr_line' id='line_1_22' title="bbox 1870 2157 2012 2230; baseline 0.007 -19"><span class='ocrx_word' id='word_1_125' title='bbox 1870 2157 2012 2230; x_wconf 88' lang='grc' dir='ltr'>[βίου</span> 
     </span>
    </p>
   </div>
   <div class='ocr_carea' id='block_1_23' title="bbox 502 2239 1836 2318">
    <p class='ocr_par' dir='ltr' id='par_1_23' title="bbox 502 2239 1836 2318">
     <span class='ocr_line' id='line_1_23' title="bbox 502 2239 1836 2318; baseline 0.01 -28"><span class='ocrx_word' id='word_1_126' title='bbox 502 2239 663 2309; x_wconf 75' lang='grc' dir='ltr'>Φέρει</span> <span class='ocrx_word' id='word_1_127' title='bbox 692 2242 789 2295; x_wconf 79' lang='grc' dir='ltr'><strong>καὶ</strong></span> <span class='ocrx_word' id='word_1_128' title='bbox 815 2242 879 2295; x_wconf 77' lang='grc' dir='ltr'><strong>τὸ</strong></span> <span class='ocrx_word' id='word_1_129' title='bbox 906 2244 1235 2317; x_wconf 88' lang='grc' dir='ltr'>δυστύχημα</span> <span class='ocrx_word' id='word_1_130' title='bbox 1264 2248 1836 2318; x_wconf 82' lang='grc' dir='ltr'>συνανακεκραμένον.</span> 
     </span>
    </p>
   </div>
   <div class='ocr_carea' id='block_1_24' title="bbox 589 2331 2082 2409">
    <p class='ocr_par' dir='ltr' id='par_1_24' title="bbox 589 2331 2082 2409">
     <span class='ocr_line' id='line_1_24' title="bbox 589 2331 2082 2409; baseline 0.008 -27"><span class='ocrx_word' id='word_1_131' title='bbox 589 2331 750 2386; x_wconf 74' lang='grc' dir='ltr'>Ἀλλὰ</span> <span class='ocrx_word' id='word_1_132' title='bbox 796 2332 905 2402; x_wconf 82' lang='grc' dir='ltr'><strong>γὰρ</strong></span> <span class='ocrx_word' id='word_1_133' title='bbox 952 2334 1004 2388; x_wconf 85' lang='grc' dir='ltr'><strong>τί</strong></span> <span class='ocrx_word' id='word_1_134' title='bbox 1051 2352 1144 2403; x_wconf 90' lang='grc' dir='ltr'><strong>μοι</strong></span> <span class='ocrx_word' id='word_1_135' title='bbox 1197 2336 1447 2407; x_wconf 87' lang='grc' dir='ltr'>βούλεται</span> <span class='ocrx_word' id='word_1_136' title='bbox 1505 2338 1569 2390; x_wconf 73' lang='grc' dir='ltr'><strong>τὸ</strong></span> <span class='ocrx_word' id='word_1_137' title='bbox 1626 2338 1959 2409; x_wconf 79' lang='grc' dir='ltr'>πρόᾳσμα³³</span> <span class='ocrx_word' id='word_1_138' title='bbox 1988 2340 2082 2394; x_wconf 87' lang='grc' dir='ltr'><strong>τοῦ</strong></span> 
     </span>
    </p>
   </div>
   <div class='ocr_carea' id='block_1_25' title="bbox 1827 2430 2014 2499">
    <p class='ocr_par' dir='ltr' id='par_1_25' title="bbox 1827 2430 2014 2499">
     <span class='ocr_line' id='line_1_25' title="bbox 1827 2430 2014 2499; baseline 0.005 -18"><span class='ocrx_word' id='word_1_139' title='bbox 1827 2430 2014 2499; x_wconf 76' lang='grc' dir='ltr'>λόγους</span> 
     </span>
    </p>
   </div>
   <div class='ocr_carea' id='block_1_26' title="bbox 517 2429 1827 2593">
    <p class='ocr_par' dir='ltr' id='par_1_26' title="bbox 517 2429 1827 2593">
     <span class='ocr_line' id='line_1_26' title="bbox 517 2429 1827 2593; baseline 0.009 -30"><span class='ocrx_word' id='word_1_140' title='bbox 517 2510 583 2564; x_wconf 79' lang='grc' dir='ltr'><strong><em>Ἥ</em></strong></span> <span class='ocrx_word' id='word_1_141' title='bbox 614 2513 827 2579; x_wconf 81' lang='grc' dir='ltr'>βασιλὶς</span> <span class='ocrx_word' id='word_1_142' title='bbox 855 2516 1092 2571; x_wconf 69' lang='grc' dir='ltr'>ἐπέπλεε</span> <span class='ocrx_word' id='word_1_143' title='bbox 1116 2518 1218 2591; x_wconf 84' lang='grc' dir='ltr'><strong>τὴν</strong></span> <span class='ocrx_word' id='word_1_144' title='bbox 1244 2519 1427 2590; x_wconf 73' lang='grc' dir='ltr'>ἅλμην</span> <span class='ocrx_word' id='word_1_145' title='bbox 1456 2520 1556 2592; x_wconf 83' lang='grc' dir='ltr'>τὴν</span> <span class='ocrx_word' id='word_1_146' title='bbox 1587 2521 1680 2575; x_wconf 87' lang='grc' dir='ltr'><strong>τοῦ</strong></span> <span class='ocrx_word' id='word_1_147' title='bbox 1711 2429 1827 2593; x_wconf 56' lang='lat' dir='ltr'><strong>pici:</strong></span> 
     </span>
    </p>
   </div>
   <div class='ocr_carea' id='block_1_27' title="bbox 507 2605 1857 2684">
    <p class='ocr_par' dir='ltr' id='par_1_27' title="bbox 507 2605 1857 2684">
     <span class='ocr_line' id='line_1_27' title="bbox 507 2605 1857 2684; baseline 0.008 -28"><span class='ocrx_word' id='word_1_148' title='bbox 507 2605 800 2669; x_wconf 85' lang='grc' dir='ltr'>Εὐδιεινοϊς</span> <span class='ocrx_word' id='word_1_149' title='bbox 827 2609 922 2661; x_wconf 78' lang='grc' dir='ltr'><strong>καὶ</strong></span> <span class='ocrx_word' id='word_1_150' title='bbox 943 2609 1196 2678; x_wconf 83' lang='grc' dir='ltr'>γαληνοῖς</span> <span class='ocrx_word' id='word_1_151' title='bbox 1231 2611 1500 2681; x_wconf 83' lang='grc' dir='ltr'>πνεύμασι</span> <span class='ocrx_word' id='word_1_152' title='bbox 1537 2615 1815 2684; x_wconf 81' lang='grc' dir='ltr'><strong>φερομένη</strong></span> <span class='ocrx_word' id='word_1_153' title='bbox 1843 2630 1857 2645; x_wconf 76' lang='grc' dir='ltr'><strong><em>ο</em></strong></span> 
     </span>
    </p>
   </div>
   <div class='ocr_carea' id='block_1_28' title="bbox 518 2696 1838 2774">
    <p class='ocr_par' dir='ltr' id='par_1_28' title="bbox 518 2696 1838 2774">
     <span class='ocr_line' id='line_1_28' title="bbox 518 2696 1838 2774; baseline 0.009 -27"><span class='ocrx_word' id='word_1_154' title='bbox 518 2696 817 2767; x_wconf 82' lang='grc' dir='ltr'>’Λτάραχον</span> <span class='ocrx_word' id='word_1_155' title='bbox 842 2698 1025 2770; x_wconf 75' lang='grc' dir='ltr'>διήνυε</span> <span class='ocrx_word' id='word_1_156' title='bbox 1058 2700 1149 2754; x_wconf 85' lang='grc' dir='ltr'>τὸν</span> <span class='ocrx_word' id='word_1_157' title='bbox 1184 2701 1354 2757; x_wconf 83' lang='grc' dir='ltr'>πλοῦν</span> <span class='ocrx_word' id='word_1_158' title='bbox 1385 2703 1485 2774; x_wconf 84' lang='grc' dir='ltr'>τῆς</span> <span class='ocrx_word' id='word_1_159' title='bbox 1510 2704 1838 2774; x_wconf 79' lang='grc' dir='ltr'><strong>εὐποτμίας,</strong></span> 
     </span>
    </p>
   </div>
   <div class='ocr_carea' id='block_1_29' title="bbox 520 2783 2001 2865">
    <p class='ocr_par' dir='ltr' id='par_1_29' title="bbox 520 2783 2001 2865">
     <span class='ocr_line' id='line_1_29' title="bbox 520 2783 2001 2865; baseline 0.009 -28"><span class='ocrx_word' id='word_1_160' title='bbox 520 2783 776 2855; x_wconf 76' lang='grc' dir='ltr'>Ὥσπερεὶ</span> <span class='ocrx_word' id='word_1_161' title='bbox 808 2788 994 2842; x_wconf 85' lang='grc' dir='ltr'>πλοῖον</span> <span class='ocrx_word' id='word_1_162' title='bbox 1031 2794 1305 2862; x_wconf 80' lang='grc' dir='ltr'>φορτηγὸν</span> <span class='ocrx_word' id='word_1_163' title='bbox 1329 2793 1405 2857; x_wconf 83' lang='grc' dir='ltr'><strong>ὡς</strong></span> <span class='ocrx_word' id='word_1_164' title='bbox 1434 2792 1495 2858; x_wconf 76' lang='grc' dir='ltr'><strong>ἑξ</strong></span> <span class='ocrx_word' id='word_1_165' title='bbox 1519 2795 1713 2865; x_wconf 77' lang='grc' dir='ltr'>οὐρίας</span> <span class='ocrx_word' id='word_1_166' title='bbox 1739 2796 1904 2851; x_wconf 83' lang='grc' dir='ltr'>πλέον</span> <span class='ocrx_word' id='word_1_167' title='bbox 1935 2797 2001 2852; x_wconf 85' lang='grc'><strong>³⁹.</strong></span> 
     </span>
    </p>
   </div>
   <div class='ocr_carea' id='block_1_30' title="bbox 518 2877 1945 2959">
    <p class='ocr_par' dir='ltr' id='par_1_30' title="bbox 518 2877 1945 2959">
     <span class='ocr_line' id='line_1_30' title="bbox 518 2877 1945 2959; baseline 0.008 -28"><span class='ocrx_word' id='word_1_168' title='bbox 518 2877 660 2932; x_wconf 79' lang='grc' dir='ltr'>’Δλλ’</span> <span class='ocrx_word' id='word_1_169' title='bbox 687 2880 883 2953; x_wconf 73' lang='grc' dir='ltr'>αἴφνης</span> <span class='ocrx_word' id='word_1_170' title='bbox 912 2881 1246 2955; x_wconf 74' lang='grc' dir='ltr'>έξεφύσησεν</span> <span class='ocrx_word' id='word_1_171' title='bbox 1278 2886 1355 2950; x_wconf 82' lang='grc' dir='ltr'>ὡς</span> <span class='ocrx_word' id='word_1_172' title='bbox 1389 2888 1644 2956; x_wconf 76' lang='grc' dir='ltr'>καταιγὶς</span> <span class='ocrx_word' id='word_1_173' title='bbox 1667 2890 1696 2942; x_wconf 87' lang='grc' dir='ltr'><strong>ό</strong></span> <span class='ocrx_word' id='word_1_174' title='bbox 1728 2888 1945 2959; x_wconf 87' lang='grc' dir='ltr'>φθόνος,</span> 
     </span>
    </p>
   </div>
   <div class='ocr_carea' id='block_1_31' title="bbox 506 3100 2091 3179">
    <p class='ocr_par' dir='ltr' id='par_1_31' title="bbox 506 3100 2091 3179">
     <span class='ocr_line' id='line_1_31' title="bbox 506 3100 2091 3179; baseline 0.007 -25"><span class='ocrx_word' id='word_1_175' title='bbox 506 3100 839 3173; x_wconf 80' lang='lat' dir='ltr'><strong>virginitatis</strong></span> <span class='ocrx_word' id='word_1_176' title='bbox 854 3103 1036 3159; x_wconf 89' lang='lat' dir='ltr'><strong>adhuc</strong></span> <span class='ocrx_word' id='word_1_177' title='bbox 1065 3105 1334 3160; x_wconf 87' lang='lat' dir='ltr'><strong>illibatum</strong></span> <span class='ocrx_word' id='word_1_178' title='bbox 1359 3105 1605 3161; x_wconf 98' lang='lat' dir='ltr'><strong>haberet.</strong></span> <span class='ocrx_word' id='word_1_179' title='bbox 1632 3107 1912 3162; x_wconf 76' lang='lat' dir='ltr'><strong>Intellecta</strong></span> <span class='ocrx_word' id='word_1_180' title='bbox 1939 3110 2091 3179; x_wconf 86' lang='lat' dir='ltr'><strong>puel-</strong></span> 
     </span>
    </p>
   </div>
   <div class='ocr_carea' id='block_1_32' title="bbox 2167 603 3462 676">
    <p class='ocr_par' dir='ltr' id='par_1_32' title="bbox 2167 603 3462 676">
     <span class='ocr_line' id='line_1_32' title="bbox 2167 603 3462 676; baseline -0.001 -20"><span class='ocrx_word' id='word_1_181' title='bbox 2167 604 2343 671; x_wconf 72' lang='grc' dir='ltr'>Νὲφος</span> <span class='ocrx_word' id='word_1_182' title='bbox 2368 603 2580 674; x_wconf 77' lang='grc' dir='ltr'>έρῤἀγη</span> <span class='ocrx_word' id='word_1_183' title='bbox 2606 604 2847 676; x_wconf 69' lang='grc' dir='ltr'>θολερὸν,</span> <span class='ocrx_word' id='word_1_184' title='bbox 2880 604 3162 674; x_wconf 73' lang='grc' dir='ltr'><strong>κατήγαγε</strong></span> <span class='ocrx_word' id='word_1_185' title='bbox 3192 604 3462 674; x_wconf 84' lang='grc' dir='ltr'>χειμῶνα,</span> 
     </span>
    </p>
   </div>
   <div class='ocr_carea' id='block_1_33' title="bbox 2171 696 3529 767">
    <p class='ocr_par' dir='ltr' id='par_1_33' title="bbox 2171 696 3529 767">
     <span class='ocr_line' id='line_1_33' title="bbox 2171 696 3529 767; baseline 0.002 -20"><span class='ocrx_word' id='word_1_186' title='bbox 2171 696 2509 763; x_wconf 78' lang='grc' dir='ltr'>Συνέσεισεν,</span> <span class='ocrx_word' id='word_1_187' title='bbox 2543 696 2763 767; x_wconf 80' lang='grc' dir='ltr'>ἐδόνησε</span> <span class='ocrx_word' id='word_1_188' title='bbox 2794 696 2891 767; x_wconf 78' lang='grc' dir='ltr'>τὴν</span> <span class='ocrx_word' id='word_1_189' title='bbox 2923 699 3138 766; x_wconf 78' lang='grc' dir='ltr'>σκάφην</span> <span class='ocrx_word' id='word_1_190' title='bbox 3164 697 3239 760; x_wconf 82' lang='grc' dir='ltr'><strong>ὡς</strong></span> <span class='ocrx_word' id='word_1_191' title='bbox 3264 696 3529 766; x_wconf 78' lang='grc' dir='ltr'>φυλλάδα,</span> 
     </span>
    </p>
   </div>
   <div class='ocr_carea' id='block_1_34' title="bbox 2172 786 3750 859">
    <p class='ocr_par' dir='ltr' id='par_1_34' title="bbox 2172 786 3750 859">
     <span class='ocr_line' id='line_1_34' title="bbox 2172 786 3750 859; baseline -0.001 -19"><span class='ocrx_word' id='word_1_192' title='bbox 2172 787 2282 840; x_wconf 72' lang='grc' dir='ltr'><strong>Καὶ</strong></span> <span class='ocrx_word' id='word_1_193' title='bbox 2330 786 2612 855; x_wconf 75' lang='grc' dir='ltr'>φλοίσϐους</span> <span class='ocrx_word' id='word_1_194' title='bbox 2665 788 2852 859; x_wconf 82' lang='grc' dir='ltr'>ῆγειρε</span> <span class='ocrx_word' id='word_1_195' title='bbox 2896 787 3104 850; x_wconf 77' lang='grc' dir='ltr'>δεινοὺς</span> <span class='ocrx_word' id='word_1_196' title='bbox 3146 787 3243 841; x_wconf 78' lang='grc' dir='ltr'><strong>καὶ</strong></span> <span class='ocrx_word' id='word_1_197' title='bbox 3293 786 3536 858; x_wconf 75' lang='grc' dir='ltr'>τάραχον</span> <span class='ocrx_word' id='word_1_198' title='bbox 3583 786 3750 858; x_wconf 71' lang='grc' dir='ltr'>βαρύ-</span> 
     </span>
    </p>
   </div>
   <div class='ocr_carea' id='block_1_35' title="bbox 3463 874 3673 947">
    <p class='ocr_par' dir='ltr' id='par_1_35' title="bbox 3463 874 3673 947">
     <span class='ocr_line' id='line_1_35' title="bbox 3463 874 3673 947; baseline 0 -22"><span class='ocrx_word' id='word_1_199' title='bbox 3463 874 3673 947; x_wconf 79' lang='grc' dir='ltr'>[θρο·.›ν,</span> 
     </span>
    </p>
   </div>
   <div class='ocr_carea' id='block_1_36' title="bbox 2173 966 3754 1039">
    <p class='ocr_par' dir='ltr' id='par_1_36' title="bbox 2173 966 3754 1039">
     <span class='ocr_line' id='line_1_36' title="bbox 2173 966 3754 1039; baseline 0.002 -20"><span class='ocrx_word' id='word_1_200' title='bbox 2173 968 2285 1021; x_wconf 69' lang='grc' dir='ltr'><strong>Καὶ</strong></span> <span class='ocrx_word' id='word_1_201' title='bbox 2313 968 2411 1039; x_wconf 72' lang='grc' dir='ltr'>τὴν</span> <span class='ocrx_word' id='word_1_202' title='bbox 2436 969 2536 1039; x_wconf 79' lang='grc' dir='ltr'>μὲν</span> <span class='ocrx_word' id='word_1_203' title='bbox 2566 966 2699 1023; x_wconf 85' lang='grc' dir='ltr'>ναῦν</span> <span class='ocrx_word' id='word_1_204' title='bbox 2727 967 3037 1038; x_wconf 67' lang='grc' dir='ltr'>συνέτριψε,</span> <span class='ocrx_word' id='word_1_205' title='bbox 3068 970 3134 1039; x_wconf 75' lang='grc' dir='ltr'><strong>τῇ</strong></span> <span class='ocrx_word' id='word_1_206' title='bbox 3164 967 3223 1021; x_wconf 69' lang='grc' dir='ltr'>δὲ</span> <span class='ocrx_word' id='word_1_207' title='bbox 3245 968 3690 1039; x_wconf 82' lang='grc' dir='ltr'>ναυστολουμένῃ</span> <span class='ocrx_word' id='word_1_208' title='bbox 3708 968 3754 997; x_wconf 58' lang='grc'><strong>⁵⁸</strong></span> 
     </span>
    </p>
   </div>
   <div class='ocr_carea' id='block_1_37' title="bbox 2174 1058 3520 1129">
    <p class='ocr_par' dir='ltr' id='par_1_37' title="bbox 2174 1058 3520 1129">
     <span class='ocr_line' id='line_1_37' title="bbox 2174 1058 3520 1129; baseline 0 -18"><span class='ocrx_word' id='word_1_209' title='bbox 2174 1060 2357 1129; x_wconf 83' lang='grc' dir='ltr'>Στόμα</span> <span class='ocrx_word' id='word_1_210' title='bbox 2380 1060 2551 1113; x_wconf 80' lang='grc' dir='ltr'>δεινὸν</span> <span class='ocrx_word' id='word_1_211' title='bbox 2577 1059 2827 1128; x_wconf 80' lang='grc' dir='ltr'>ὐπήνοιξε</span> <span class='ocrx_word' id='word_1_212' title='bbox 2854 1059 3136 1129; x_wconf 77' lang='grc' dir='ltr'>χάσματος</span> <span class='ocrx_word' id='word_1_213' title='bbox 3160 1058 3520 1111; x_wconf 78' lang='grc' dir='ltr'>δυσαλύκτου.</span> 
     </span>
    </p>
   </div>
   <div class='ocr_carea' id='block_1_38' title="bbox 2185 1148 3430 1222">
    <p class='ocr_par' dir='ltr' id='par_1_38' title="bbox 2185 1148 3430 1222">
     <span class='ocr_line' id='line_1_38' title="bbox 2185 1148 3430 1222; baseline -0.001 -19"><span class='ocrx_word' id='word_1_214' title='bbox 2185 1150 2467 1205; x_wconf 79' lang='grc' dir='ltr'><strong>Ἐντεῦθεν</strong></span> <span class='ocrx_word' id='word_1_215' title='bbox 2492 1151 2524 1222; x_wconf 64' lang='grc' dir='ltr'><strong>τι</strong></span> <span class='ocrx_word' id='word_1_216' title='bbox 2547 1148 2835 1220; x_wconf 77' lang='grc' dir='ltr'>βασίλισσα</span> <span class='ocrx_word' id='word_1_217' title='bbox 2864 1150 3092 1222; x_wconf 84' lang='grc' dir='ltr'>πικρίας</span> <span class='ocrx_word' id='word_1_218' title='bbox 3119 1149 3430 1218; x_wconf 76' lang='grc' dir='ltr'>ἐνεπλήσθη</span> 
     </span>
    </p>
   </div>
   <div class='ocr_carea' id='block_1_39' title="bbox 2176 1240 3582 1313">
    <p class='ocr_par' dir='ltr' id='par_1_39' title="bbox 2176 1240 3582 1313">
     <span class='ocr_line' id='line_1_39' title="bbox 2176 1240 3582 1313; baseline 0 -20"><span class='ocrx_word' id='word_1_219' title='bbox 2176 1242 2287 1296; x_wconf 73' lang='grc' dir='ltr'><strong>Καὶ</strong></span> <span class='ocrx_word' id='word_1_220' title='bbox 2321 1244 2648 1313; x_wconf 77' lang='grc' dir='ltr'>πειρασμοῖς</span> <span class='ocrx_word' id='word_1_221' title='bbox 2671 1241 2932 1295; x_wconf 75' lang='grc' dir='ltr'>ἐπάλαισε</span> <span class='ocrx_word' id='word_1_222' title='bbox 2965 1240 3582 1311; x_wconf 67' lang='grc' dir='ltr'>βαρυσυμφορωτάτοις.</span> 
     </span>
    </p>
   </div>
   <div class='ocr_carea' id='block_1_40' title="bbox 2178 1329 3562 1405">
    <p class='ocr_par' dir='ltr' id='par_1_40' title="bbox 2178 1329 3562 1405">
     <span class='ocr_line' id='line_1_40' title="bbox 2178 1329 3562 1405; baseline -0.001 -18"><span class='ocrx_word' id='word_1_223' title='bbox 2178 1332 2246 1388; x_wconf 86' lang='grc' dir='ltr'>Τί</span> <span class='ocrx_word' id='word_1_224' title='bbox 2272 1334 2316 1387; x_wconf 86' lang='grc' dir='ltr'>δ’</span> <span class='ocrx_word' id='word_1_225' title='bbox 2340 1329 2411 1405; x_wconf 78' lang='grc' dir='ltr'>ἦν</span> <span class='ocrx_word' id='word_1_226' title='bbox 2436 1336 2573 1404; x_wconf 78' lang='grc' dir='ltr'>αὐτῇ</span> <span class='ocrx_word' id='word_1_227' title='bbox 2608 1335 2669 1405; x_wconf 61' lang='grc' dir='ltr'>τί)</span> <span class='ocrx_word' id='word_1_228' title='bbox 2697 1333 2977 1405; x_wconf 80' lang='grc' dir='ltr'>συμπεσὸν</span> <span class='ocrx_word' id='word_1_229' title='bbox 3007 1334 3035 1386; x_wconf 89' lang='grc' dir='ltr'><strong>ό</strong></span> <span class='ocrx_word' id='word_1_230' title='bbox 3070 1332 3228 1401; x_wconf 81' lang='grc' dir='ltr'>λόγος</span> <span class='ocrx_word' id='word_1_231' title='bbox 3256 1332 3562 1402; x_wconf 85' lang='grc' dir='ltr'>ίστορήσει.</span> 
     </span>
    </p>
   </div>
   <div class='ocr_carea' id='block_1_41' title="bbox 2247 1420 3488 1493">
    <p class='ocr_par' dir='ltr' id='par_1_41' title="bbox 2247 1420 3488 1493">
     <span class='ocr_line' id='line_1_41' title="bbox 2247 1420 3488 1493; baseline -0.002 -16"><span class='ocrx_word' id='word_1_232' title='bbox 2247 1424 2513 1493; x_wconf 84' lang='grc' dir='ltr'>Θεοδοσίῳ</span> <span class='ocrx_word' id='word_1_233' title='bbox 2544 1423 2756 1493; x_wconf 83' lang='grc' dir='ltr'>βασιλεῖ</span> <span class='ocrx_word' id='word_1_234' title='bbox 2778 1422 2857 1493; x_wconf 87' lang='grc' dir='ltr'>τῷ</span> <span class='ocrx_word' id='word_1_235' title='bbox 2888 1421 3211 1491; x_wconf 74' lang='grc' dir='ltr'>συζυγοῦντι</span> <span class='ocrx_word' id='word_1_236' title='bbox 3241 1422 3284 1454; x_wconf 69' lang='grc'>⁸¹</span> <span class='ocrx_word' id='word_1_237' title='bbox 3316 1420 3488 1492; x_wconf 79' lang='grc' dir='ltr'>ταύτῃ</span> 
     </span>
    </p>
   </div>
   <div class='ocr_carea' id='block_1_42' title="bbox 2180 1512 3665 1586">
    <p class='ocr_par' dir='ltr' id='par_1_42' title="bbox 2180 1512 3665 1586">
     <span class='ocr_line' id='line_1_42' title="bbox 2180 1512 3665 1586; baseline -0.004 -16"><span class='ocrx_word' id='word_1_238' title='bbox 2180 1516 2365 1583; x_wconf 79' lang='grc' dir='ltr'>Μῆλον</span> <span class='ocrx_word' id='word_1_239' title='bbox 2399 1516 2562 1570; x_wconf 84' lang='grc' dir='ltr'>καλὸν</span> <span class='ocrx_word' id='word_1_240' title='bbox 2588 1516 2885 1585; x_wconf 78' lang='grc' dir='ltr'>εὐμέγεθες</span> <span class='ocrx_word' id='word_1_241' title='bbox 2910 1515 3079 1582; x_wconf 81' lang='grc' dir='ltr'>πένης</span> <span class='ocrx_word' id='word_1_242' title='bbox 3118 1514 3462 1586; x_wconf 82' lang='grc' dir='ltr'>προσήνεγκέ</span> <span class='ocrx_word' id='word_1_243' title='bbox 3491 1512 3539 1545; x_wconf 76' lang='grc'><strong>⁸⁸</strong></span> <span class='ocrx_word' id='word_1_244' title='bbox 3561 1531 3665 1575; x_wconf 86' lang='grc' dir='ltr'>τις.</span> 
     </span>
    </p>
   </div>
   <div class='ocr_carea' id='block_1_43' title="bbox 2192 1602 3615 1676">
    <p class='ocr_par' dir='ltr' id='par_1_43' title="bbox 2192 1602 3615 1676">
     <span class='ocr_line' id='line_1_43' title="bbox 2192 1602 3615 1676; baseline -0.003 -17"><span class='ocrx_word' id='word_1_245' title='bbox 2192 1606 2250 1660; x_wconf 90' lang='lat'><strong>&#39;0</strong></span> <span class='ocrx_word' id='word_1_246' title='bbox 2277 1606 2334 1659; x_wconf 80' lang='grc' dir='ltr'>δὲ</span> <span class='ocrx_word' id='word_1_247' title='bbox 2358 1606 2417 1660; x_wconf 85' lang='grc' dir='ltr'><strong>τδ</strong></span> <span class='ocrx_word' id='word_1_248' title='bbox 2437 1604 2889 1676; x_wconf 76' lang='grc' dir='ltr'>καλλιπρόσωπον</span> <span class='ocrx_word' id='word_1_249' title='bbox 2918 1605 3208 1676; x_wconf 83' lang='grc' dir='ltr'>θαυμάσας</span> <span class='ocrx_word' id='word_1_250' title='bbox 3239 1608 3340 1675; x_wconf 85' lang='grc' dir='ltr'>τῆς</span> <span class='ocrx_word' id='word_1_251' title='bbox 3370 1602 3615 1674; x_wconf 79' lang='grc' dir='ltr'>ὀπώρας,</span> 
     </span>
    </p>
   </div>
   <div class='ocr_carea' id='block_1_44' title="bbox 2184 1695 3761 1768">
    <p class='ocr_par' dir='ltr' id='par_1_44' title="bbox 2184 1695 3761 1768">
     <span class='ocr_line' id='line_1_44' title="bbox 2184 1695 3761 1768; baseline -0.003 -17"><span class='ocrx_word' id='word_1_252' title='bbox 2184 1698 2293 1752; x_wconf 70' lang='grc' dir='ltr'><strong>Καὶ</strong></span> <span class='ocrx_word' id='word_1_253' title='bbox 2320 1698 2421 1766; x_wconf 85' lang='grc' dir='ltr'>τῆς</span> <span class='ocrx_word' id='word_1_254' title='bbox 2459 1698 2714 1768; x_wconf 86' lang='grc' dir='ltr'>εὐχροίας</span> <span class='ocrx_word' id='word_1_255' title='bbox 2747 1698 3008 1765; x_wconf 73' lang='grc' dir='ltr'>ἀγασθεὶς</span> <span class='ocrx_word' id='word_1_256' title='bbox 3041 1697 3180 1750; x_wconf 65' lang='grc' dir='ltr'>ἀλλὰ</span> <span class='ocrx_word' id='word_1_257' title='bbox 3210 1696 3309 1749; x_wconf 71' lang='grc' dir='ltr'><strong>καὶ</strong></span> <span class='ocrx_word' id='word_1_258' title='bbox 3340 1695 3434 1748; x_wconf 84' lang='grc' dir='ltr'><strong>τοῦ</strong></span> <span class='ocrx_word' id='word_1_259' title='bbox 3469 1695 3761 1763; x_wconf 58' lang='grc' dir='ltr'>μεγέθους,</span> 
     </span>
    </p>
   </div>
   <div class='ocr_carea' id='block_1_45' title="bbox 2187 1787 3566 1861">
    <p class='ocr_par' dir='ltr' id='par_1_45' title="bbox 2187 1787 3566 1861">
     <span class='ocr_line' id='line_1_45' title="bbox 2187 1787 3566 1861; baseline -0.001 -20"><span class='ocrx_word' id='word_1_260' title='bbox 2187 1790 2285 1852; x_wconf 83' lang='grc' dir='ltr'><strong>’Ὡς</strong></span> <span class='ocrx_word' id='word_1_261' title='bbox 2314 1807 2367 1843; x_wconf 89' lang='grc' dir='ltr'><strong>τι</strong></span> <span class='ocrx_word' id='word_1_262' title='bbox 2398 1790 2582 1843; x_wconf 86' lang='grc' dir='ltr'>καινὸν</span> <span class='ocrx_word' id='word_1_263' title='bbox 2609 1789 2672 1842; x_wconf 81' lang='grc' dir='ltr'>τὸ</span> <span class='ocrx_word' id='word_1_264' title='bbox 2695 1788 2925 1861; x_wconf 79' lang='grc' dir='ltr'>δώρημα</span> <span class='ocrx_word' id='word_1_265' title='bbox 2953 1791 3017 1861; x_wconf 78' lang='grc' dir='ltr'><strong>τῇ</strong></span> <span class='ocrx_word' id='word_1_266' title='bbox 3056 1787 3287 1859; x_wconf 77' lang='grc' dir='ltr'>βασιλίδι</span> <span class='ocrx_word' id='word_1_267' title='bbox 3315 1788 3526 1855; x_wconf 79' lang='grc' dir='ltr'>πέμπει</span> <span class='ocrx_word' id='word_1_268' title='bbox 3551 1803 3566 1818; x_wconf 93' lang='grc'><strong>·</strong></span> 
     </span>
    </p>
   </div>
   <div class='ocr_carea' id='block_1_46' title="bbox 2113 1860 3585 1951">
    <p class='ocr_par' dir='ltr' id='par_1_46' title="bbox 2113 1860 3585 1951">
     <span class='ocr_line' id='line_1_46' title="bbox 2113 1860 3585 1951; baseline -0.003 -17"><span class='ocrx_word' id='word_1_269' title='bbox 2113 1860 2152 1916; x_wconf 73' lang='grc' dir='ltr'><strong><em>Β</em></strong></span> <span class='ocrx_word' id='word_1_270' title='bbox 2185 1882 2363 1951; x_wconf 85' lang='grc' dir='ltr'>Ὅπερ</span> <span class='ocrx_word' id='word_1_271' title='bbox 2396 1882 2649 1950; x_wconf 82' lang='grc' dir='ltr'>μεγάλων</span> <span class='ocrx_word' id='word_1_272' title='bbox 2678 1879 2903 1949; x_wconf 76' lang='grc' dir='ltr'>γέγονεν</span> <span class='ocrx_word' id='word_1_273' title='bbox 2938 1881 3082 1950; x_wconf 83' lang='grc' dir='ltr'><strong>ἀρχὴ</strong></span> <span class='ocrx_word' id='word_1_274' title='bbox 3111 1878 3158 1912; x_wconf 62' lang='grc' dir='ltr'><strong>θ’</strong></span> <span class='ocrx_word' id='word_1_275' title='bbox 3186 1879 3585 1950; x_wconf 86' lang='grc' dir='ltr'>πειρατηρίων,</span> 
     </span>
    </p>
   </div>
   <div class='ocr_carea' id='block_1_47' title="bbox 2184 1968 3693 2044">
    <p class='ocr_par' dir='ltr' id='par_1_47' title="bbox 2184 1968 3693 2044">
     <span class='ocr_line' id='line_1_47' title="bbox 2184 1968 3693 2044; baseline -0.004 -18"><span class='ocrx_word' id='word_1_276' title='bbox 2184 1974 2295 2042; x_wconf 81' lang='grc' dir='ltr'>Ούχ</span> <span class='ocrx_word' id='word_1_277' title='bbox 2318 1968 2541 2044; x_wconf 77' lang='grc' dir='ltr'>ἦττονῆ</span> <span class='ocrx_word' id='word_1_278' title='bbox 2580 1971 2681 2041; x_wconf 81' lang='grc' dir='ltr'>τῆς</span> <span class='ocrx_word' id='word_1_279' title='bbox 2715 1971 2931 2042; x_wconf 83' lang='grc' dir='ltr'>Ἔριδος</span> <span class='ocrx_word' id='word_1_280' title='bbox 2958 1973 3060 2040; x_wconf 77' lang='grc' dir='ltr'>τῆς</span> <span class='ocrx_word' id='word_1_281' title='bbox 3094 1970 3364 2042; x_wconf 74' lang='grc' dir='ltr'>φθονερᾶς</span> <span class='ocrx_word' id='word_1_282' title='bbox 3397 1970 3458 2021; x_wconf 81' lang='grc' dir='ltr'>τὸ</span> <span class='ocrx_word' id='word_1_283' title='bbox 3497 1968 3693 2039; x_wconf 79' lang='grc' dir='ltr'>μῆλον,</span> 
     </span>
    </p>
   </div>
   <div class='ocr_carea' id='block_1_48' title="bbox 2183 2061 3518 2133">
    <p class='ocr_par' dir='ltr' id='par_1_48' title="bbox 2183 2061 3518 2133">
     <span class='ocr_line' id='line_1_48' title="bbox 2183 2061 3518 2133; baseline -0.002 -18"><span class='ocrx_word' id='word_1_284' title='bbox 2183 2065 2364 2133; x_wconf 77' lang='grc' dir='ltr'>Ὅπερ</span> <span class='ocrx_word' id='word_1_285' title='bbox 2391 2062 2851 2129; x_wconf 82' lang='grc' dir='ltr'>ὲπεισεκὼμασεν</span> <span class='ocrx_word' id='word_1_286' title='bbox 2870 2061 2917 2094; x_wconf 71' lang='grc'>⁸⁸</span> <span class='ocrx_word' id='word_1_287' title='bbox 2947 2061 3041 2113; x_wconf 72' lang='grc' dir='ltr'><strong>ἐπὶ</strong></span> <span class='ocrx_word' id='word_1_288' title='bbox 3070 2061 3229 2130; x_wconf 86' lang='grc' dir='ltr'>κακῷ</span> <span class='ocrx_word' id='word_1_289' title='bbox 3259 2063 3369 2123; x_wconf 83' lang='grc' dir='ltr'>τοῖς</span> <span class='ocrx_word' id='word_1_290' title='bbox 3395 2061 3518 2113; x_wconf 81' lang='grc' dir='ltr'>τότε</span> 
     </span>
    </p>
   </div>
   <div class='ocr_carea' id='block_1_49' title="bbox 2182 2151 3375 2223">
    <p class='ocr_par' dir='ltr' id='par_1_49' title="bbox 2182 2151 3375 2223">
     <span class='ocr_line' id='line_1_49' title="bbox 2182 2151 3375 2223; baseline -0.001 -18"><span class='ocrx_word' id='word_1_291' title='bbox 2182 2155 2383 2207; x_wconf 78' lang='grc' dir='ltr'>Θύουσι</span> <span class='ocrx_word' id='word_1_292' title='bbox 2405 2153 2734 2223; x_wconf 79' lang='grc' dir='ltr'>γαμοδαίσια</span> <span class='ocrx_word' id='word_1_293' title='bbox 2758 2151 2977 2215; x_wconf 81' lang='grc' dir='ltr'>Θέτιδος</span> <span class='ocrx_word' id='word_1_294' title='bbox 3005 2153 3101 2205; x_wconf 69' lang='grc' dir='ltr'><strong>καὶ</strong></span> <span class='ocrx_word' id='word_1_295' title='bbox 3130 2152 3375 2221; x_wconf 85' lang='grc' dir='ltr'>Πηλέως.</span> 
     </span>
    </p>
   </div>
   <div class='ocr_carea' id='block_1_50' title="bbox 2184 2240 3629 2314">
    <p class='ocr_par' dir='ltr' id='par_1_50' title="bbox 2184 2240 3629 2314">
     <span class='ocr_line' id='line_1_50' title="bbox 2184 2240 3629 2314; baseline -0.005 -14"><span class='ocrx_word' id='word_1_296' title='bbox 2184 2240 2287 2300; x_wconf 68' lang='grc' dir='ltr'><strong>Οῗα</strong></span> <span class='ocrx_word' id='word_1_297' title='bbox 2319 2245 2413 2298; x_wconf 69' lang='grc' dir='ltr'><strong>καὶ</strong></span> <span class='ocrx_word' id='word_1_298' title='bbox 2441 2245 2550 2314; x_wconf 67' lang='grc' dir='ltr'><strong>γὰρ</strong></span> <span class='ocrx_word' id='word_1_299' title='bbox 2582 2243 2897 2314; x_wconf 75' lang='grc' dir='ltr'>συμϐέϐηκε</span> <span class='ocrx_word' id='word_1_300' title='bbox 2919 2241 3006 2295; x_wconf 82' lang='grc' dir='ltr'><strong>διὰ</strong></span> <span class='ocrx_word' id='word_1_301' title='bbox 3032 2242 3092 2295; x_wconf 77' lang='grc' dir='ltr'>τὸ</span> <span class='ocrx_word' id='word_1_302' title='bbox 3121 2242 3290 2311; x_wconf 77' lang='grc' dir='ltr'>μῆλον</span> <span class='ocrx_word' id='word_1_303' title='bbox 3316 2241 3505 2294; x_wconf 78' lang='grc' dir='ltr'>τοῦτοί</span> <span class='ocrx_word' id='word_1_304' title='bbox 3621 2300 3629 2308; x_wconf 92' lang='lat'><em>_</em></span> 
     </span>
    </p>
   </div>
   <div class='ocr_carea' id='block_1_51' title="bbox 2196 2330 3578 2404">
    <p class='ocr_par' dir='ltr' id='par_1_51' title="bbox 2196 2330 3578 2404">
     <span class='ocr_line' id='line_1_51' title="bbox 2196 2330 3578 2404; baseline -0.002 -17"><span class='ocrx_word' id='word_1_305' title='bbox 2196 2334 2541 2403; x_wconf 78' lang='grc' dir='ltr'>Ἐθαύμασεν</span> <span class='ocrx_word' id='word_1_306' title='bbox 2579 2335 2612 2403; x_wconf 79' lang='grc' dir='ltr'>ἠ</span> <span class='ocrx_word' id='word_1_307' title='bbox 2651 2333 2867 2404; x_wconf 78' lang='grc' dir='ltr'>βασιλὶς</span> <span class='ocrx_word' id='word_1_308' title='bbox 2896 2331 2995 2401; x_wconf 82' lang='grc' dir='ltr'>τὴν</span> <span class='ocrx_word' id='word_1_309' title='bbox 3020 2330 3172 2402; x_wconf 84' lang='grc' dir='ltr'>ὥραν</span> <span class='ocrx_word' id='word_1_310' title='bbox 3203 2332 3300 2399; x_wconf 83' lang='grc' dir='ltr'>τῆς</span> <span class='ocrx_word' id='word_1_311' title='bbox 3330 2330 3578 2401; x_wconf 83' lang='grc' dir='ltr'>ὀπώρας,</span> 
     </span>
    </p>
   </div>
   <div class='ocr_carea' id='block_1_52' title="bbox 2197 2419 3546 2495">
    <p class='ocr_par' dir='ltr' id='par_1_52' title="bbox 2197 2419 3546 2495">
     <span class='ocr_line' id='line_1_52' title="bbox 2197 2419 3546 2495; baseline -0.004 -19"><span class='ocrx_word' id='word_1_312' title='bbox 2197 2422 2507 2495; x_wconf 78' lang='grc' dir='ltr'>Ὑπερφυὲς</span> <span class='ocrx_word' id='word_1_313' title='bbox 2535 2424 2784 2494; x_wconf 81' lang='grc' dir='ltr'>ἡγήσατο</span> <span class='ocrx_word' id='word_1_314' title='bbox 2807 2423 2867 2474; x_wconf 79' lang='grc' dir='ltr'>τὸ</span> <span class='ocrx_word' id='word_1_315' title='bbox 2899 2422 3091 2493; x_wconf 80' lang='grc' dir='ltr'>χρῆμα</span> <span class='ocrx_word' id='word_1_316' title='bbox 3126 2421 3189 2472; x_wconf 81' lang='grc' dir='ltr'>τὸ</span> <span class='ocrx_word' id='word_1_317' title='bbox 3221 2419 3314 2472; x_wconf 85' lang='grc' dir='ltr'><strong>τοῦ</strong></span> <span class='ocrx_word' id='word_1_318' title='bbox 3349 2420 3546 2489; x_wconf 80' lang='grc' dir='ltr'>μήλου,</span> 
     </span>
    </p>
   </div>
   <div class='ocr_carea' id='block_1_53' title="bbox 2189 2511 3732 2585">
    <p class='ocr_par' dir='ltr' id='par_1_53' title="bbox 2189 2511 3732 2585">
     <span class='ocr_line' id='line_1_53' title="bbox 2189 2511 3732 2585; baseline -0.006 -14"><span class='ocrx_word' id='word_1_319' title='bbox 2189 2518 2299 2571; x_wconf 71' lang='grc' dir='ltr'><strong>Καὶ</strong></span> <span class='ocrx_word' id='word_1_320' title='bbox 2330 2515 2628 2585; x_wconf 86' lang='grc' dir='ltr'>φιλοτίμως</span> <span class='ocrx_word' id='word_1_321' title='bbox 2657 2514 2859 2585; x_wconf 79' lang='grc' dir='ltr'>ἔχουσα</span> <span class='ocrx_word' id='word_1_322' title='bbox 2890 2513 3025 2584; x_wconf 63' lang='grc' dir='ltr'>πρὸς</span> <span class='ocrx_word' id='word_1_323' title='bbox 3063 2514 3157 2566; x_wconf 63' lang='grc' dir='ltr'><strong>τόν</strong></span> <span class='ocrx_word' id='word_1_324' title='bbox 3187 2512 3351 2565; x_wconf 70' lang='grc' dir='ltr'>καλὸν</span> <span class='ocrx_word' id='word_1_325' title='bbox 3388 2512 3431 2543; x_wconf 71' lang='grc'><strong>⁸⁵</strong></span> <span class='ocrx_word' id='word_1_326' title='bbox 3464 2511 3732 2564; x_wconf 73' lang='grc' dir='ltr'>Παυλῖνον</span> 
     </span>
    </p>
   </div>
   <div class='ocr_carea' id='block_1_54' title="bbox 2202 2602 3537 2678">
    <p class='ocr_par' dir='ltr' id='par_1_54' title="bbox 2202 2602 3537 2678">
     <span class='ocr_line' id='line_1_54' title="bbox 2202 2602 3537 2678; baseline 0.003 -18"><span class='ocrx_word' id='word_1_327' title='bbox 2202 2608 2289 2667; x_wconf 81' lang='grc' dir='ltr'>Ὠς</span> <span class='ocrx_word' id='word_1_328' title='bbox 2318 2606 2694 2678; x_wconf 82' lang='grc' dir='ltr'>συναράμενον</span> <span class='ocrx_word' id='word_1_329' title='bbox 2726 2606 2863 2673; x_wconf 80' lang='grc' dir='ltr'>αὐτῇ</span> <span class='ocrx_word' id='word_1_330' title='bbox 2895 2606 3032 2674; x_wconf 77' lang='grc' dir='ltr'>πρὸς</span> <span class='ocrx_word' id='word_1_331' title='bbox 3059 2603 3193 2673; x_wconf 75' lang='grc' dir='ltr'>ὕψος</span> <span class='ocrx_word' id='word_1_332' title='bbox 3232 2602 3537 2672; x_wconf 77' lang='grc' dir='ltr'>βασιλείας,</span> 
     </span>
    </p>
   </div>
   <div class='ocr_carea' id='block_1_55' title="bbox 2189 2692 3564 2768">
    <p class='ocr_par' dir='ltr' id='par_1_55' title="bbox 2189 2692 3564 2768">
     <span class='ocr_line' id='line_1_55' title="bbox 2189 2692 3564 2768; baseline -0.003 -18"><span class='ocrx_word' id='word_1_333' title='bbox 2189 2696 2280 2768; x_wconf 83' lang='grc' dir='ltr'><strong>Τῷ</strong></span> <span class='ocrx_word' id='word_1_334' title='bbox 2316 2696 2472 2768; x_wconf 84' lang='grc' dir='ltr'>μήλῳ</span> <span class='ocrx_word' id='word_1_335' title='bbox 2497 2695 2576 2766; x_wconf 82' lang='grc' dir='ltr'>τῷ</span> <span class='ocrx_word' id='word_1_336' title='bbox 2600 2694 2909 2765; x_wconf 82' lang='grc' dir='ltr'>πικροποιῷ</span> <span class='ocrx_word' id='word_1_337' title='bbox 2945 2695 3036 2747; x_wconf 86' lang='grc' dir='ltr'>τὸν</span> <span class='ocrx_word' id='word_1_338' title='bbox 3064 2693 3232 2763; x_wconf 73' lang='grc' dir='ltr'>ἄνδρα</span> <span class='ocrx_word' id='word_1_339' title='bbox 3265 2692 3564 2759; x_wconf 82' lang='grc' dir='ltr'>δεξιοῦται.</span> 
     </span>
    </p>
   </div>
   <div class='ocr_carea' id='block_1_56' title="bbox 2202 2784 3557 2857">
    <p class='ocr_par' dir='ltr' id='par_1_56' title="bbox 2202 2784 3557 2857">
     <span class='ocr_line' id='line_1_56' title="bbox 2202 2784 3557 2857; baseline -0.006 -15"><span class='ocrx_word' id='word_1_340' title='bbox 2202 2789 2438 2851; x_wconf 83' lang='grc' dir='ltr'>Ἐκεῖνος</span> <span class='ocrx_word' id='word_1_341' title='bbox 2469 2786 2526 2839; x_wconf 73' lang='grc' dir='ltr'>δὲ</span> <span class='ocrx_word' id='word_1_342' title='bbox 2553 2785 2629 2856; x_wconf 84' lang='grc' dir='ltr'><strong>τῷ</strong></span> <span class='ocrx_word' id='word_1_343' title='bbox 2659 2785 2875 2857; x_wconf 81' lang='grc' dir='ltr'>βασιλεῖ</span> <span class='ocrx_word' id='word_1_344' title='bbox 2898 2784 2958 2837; x_wconf 82' lang='grc' dir='ltr'>τὸ</span> <span class='ocrx_word' id='word_1_345' title='bbox 2989 2784 3163 2855; x_wconf 80' lang='grc' dir='ltr'>δῶρον</span> <span class='ocrx_word' id='word_1_346' title='bbox 3196 2784 3557 2853; x_wconf 78' lang='grc' dir='ltr'>ἀντιπέμπει,</span> 
     </span>
    </p>
   </div>
   <div class='ocr_carea' id='block_1_57' title="bbox 2190 2873 3577 2950">
    <p class='ocr_par' dir='ltr' id='par_1_57' title="bbox 2190 2873 3577 2950">
     <span class='ocr_line' id='line_1_57' title="bbox 2190 2873 3577 2950; baseline -0.006 -15"><span class='ocrx_word' id='word_1_347' title='bbox 2190 2880 2283 2950; x_wconf 82' lang='grc' dir='ltr'><strong>Μὴ</strong></span> <span class='ocrx_word' id='word_1_348' title='bbox 2321 2878 2603 2943; x_wconf 85' lang='grc' dir='ltr'>κατειδὼς,</span> <span class='ocrx_word' id='word_1_349' title='bbox 2630 2878 2705 2942; x_wconf 83' lang='grc' dir='ltr'>ὡς</span> <span class='ocrx_word' id='word_1_350' title='bbox 2739 2878 2936 2944; x_wconf 71' lang='grc' dir='ltr'>ἔοικεν,</span> <span class='ocrx_word' id='word_1_351' title='bbox 2962 2875 3088 2931; x_wconf 84' lang='grc' dir='ltr'>ὅθεν</span> <span class='ocrx_word' id='word_1_352' title='bbox 3117 2873 3534 2945; x_wconf 74' lang='grc' dir='ltr'>παρειπφθὰρη</span> <span class='ocrx_word' id='word_1_353' title='bbox 3560 2890 3577 2905; x_wconf 74' lang='grc'><strong><em>⁸</em></strong></span> 
     </span>
    </p>
   </div>
   <div class='ocr_carea' id='block_1_58' title="bbox 3451 2963 3789 3021">
    <p class='ocr_par' dir='ltr' id='par_1_58' title="bbox 3451 2963 3789 3021">
     <span class='ocr_line' id='line_1_58' title="bbox 3451 2963 3789 3021; baseline 0.003 -1"><span class='ocrx_word' id='word_1_354' title='bbox 3451 2963 3603 3020; x_wconf 80' lang='lat' dir='ltr'><strong>Vcrs.</strong></span> <span class='ocrx_word' id='word_1_355' title='bbox 3634 2963 3789 3021; x_wconf 78' lang='lat'><strong>2679</strong></span> 
     </span>
    </p>
   </div>
   <div class='ocr_carea' id='block_1_59' title="bbox 2192 3103 3785 3178">
    <p class='ocr_par' dir='ltr' id='par_1_59' title="bbox 2192 3103 3785 3178">
     <span class='ocr_line' id='line_1_59' title="bbox 2192 3103 3785 3178; baseline -0.004 -15"><span class='ocrx_word' id='word_1_356' title='bbox 2192 3116 2349 3163; x_wconf 90' lang='lat' dir='ltr'><strong>tuosa</strong></span> <span class='ocrx_word' id='word_1_357' title='bbox 2380 3116 2569 3164; x_wconf 83' lang='lat' dir='ltr'><strong>exorta</strong></span> <span class='ocrx_word' id='word_1_358' title='bbox 2607 3115 2990 3178; x_wconf 89' lang='lat' dir='ltr'><strong>tempestatem</strong></span> <span class='ocrx_word' id='word_1_359' title='bbox 3028 3105 3329 3169; x_wconf 82' lang='lat' dir='ltr'><strong>excitavit,</strong></span> <span class='ocrx_word' id='word_1_360' title='bbox 3359 3103 3612 3174; x_wconf 84' lang='lat' dir='ltr'><strong>adeoque</strong></span> <span class='ocrx_word' id='word_1_361' title='bbox 3644 3119 3785 3157; x_wconf 85' lang='lat' dir='ltr'><strong>suc-</strong></span> 
     </span>
    </p>
   </div>
   <div class='ocr_carea' id='block_1_60' title="bbox 509 3189 3789 3269">
    <p class='ocr_par' dir='ltr' id='par_1_60' title="bbox 509 3189 3789 3269">
     <span class='ocr_line' id='line_1_60' title="bbox 509 3189 3789 3269; baseline 0.001 -24"><span class='ocrx_word' id='word_1_362' title='bbox 509 3191 618 3245; x_wconf 85' lang='lat' dir='ltr'><strong>lam</strong></span> <span class='ocrx_word' id='word_1_363' title='bbox 648 3193 827 3249; x_wconf 89' lang='lat' dir='ltr'><strong>adhuc</strong></span> <span class='ocrx_word' id='word_1_364' title='bbox 860 3205 1137 3264; x_wconf 82' lang='lat' dir='ltr'><strong>expertem</strong></span> <span class='ocrx_word' id='word_1_365' title='bbox 1170 3211 1291 3252; x_wconf 86' lang='lat' dir='ltr'><strong>esse</strong></span> <span class='ocrx_word' id='word_1_366' title='bbox 1321 3197 1561 3268; x_wconf 89' lang='lat' dir='ltr'><strong>conjugii</strong></span> <span class='ocrx_word' id='word_1_367' title='bbox 1587 3198 1965 3268; x_wconf 80' lang='lat' dir='ltr'><strong>castitatisque</strong></span> <span class='ocrx_word' id='word_1_368' title='bbox 1995 3200 2064 3255; x_wconf 93' lang='lat' dir='ltr'><strong>bo</strong></span> <span class='ocrx_word' id='word_1_369' title='bbox 2117 3189 2162 3252; x_wconf 89' lang='lat' dir='ltr'>C</span> <span class='ocrx_word' id='word_1_370' title='bbox 2196 3199 2368 3253; x_wconf 88' lang='lat' dir='ltr'><strong>cussit</strong></span> <span class='ocrx_word' id='word_1_371' title='bbox 2400 3207 2455 3254; x_wconf 90' lang='lat' dir='ltr'><strong>et</strong></span> <span class='ocrx_word' id='word_1_372' title='bbox 2486 3197 2713 3269; x_wconf 85' lang='lat' dir='ltr'><strong>agitavit</strong></span> <span class='ocrx_word' id='word_1_373' title='bbox 2735 3197 2993 3266; x_wconf 84' lang='lat' dir='ltr'><strong>scapham</strong></span> <span class='ocrx_word' id='word_1_374' title='bbox 3021 3196 3195 3251; x_wconf 91' lang='lat' dir='ltr'><strong>instar</strong></span> <span class='ocrx_word' id='word_1_375' title='bbox 3220 3194 3358 3259; x_wconf 91' lang='lat' dir='ltr'><strong>folii,</strong></span> <span class='ocrx_word' id='word_1_376' title='bbox 3386 3206 3665 3249; x_wconf 84' lang='lat' dir='ltr'><strong>commoto</strong></span> <span class='ocrx_word' id='word_1_377' title='bbox 3694 3195 3789 3249; x_wconf 79' lang='lat' dir='ltr'><strong>in-</strong></span> 
     </span>
    </p>
   </div>
   <div class='ocr_carea' id='block_1_61' title="bbox 510 3284 2095 3358">
    <p class='ocr_par' dir='ltr' id='par_1_61' title="bbox 510 3284 2095 3358">
     <span class='ocr_line' id='line_1_61' title="bbox 510 3284 2095 3358; baseline 0.006 -22"><span class='ocrx_word' id='word_1_378' title='bbox 510 3299 643 3337; x_wconf 91' lang='lat' dir='ltr'><strong>num</strong></span> <span class='ocrx_word' id='word_1_379' title='bbox 668 3284 934 3341; x_wconf 89' lang='lat' dir='ltr'><strong>hactenus</strong></span> <span class='ocrx_word' id='word_1_380' title='bbox 966 3287 1237 3357; x_wconf 86' lang='lat' dir='ltr'><strong>integrum</strong></span> <span class='ocrx_word' id='word_1_381' title='bbox 1270 3303 1539 3355; x_wconf 73' lang='lat' dir='ltr'><strong>servasse,</strong></span> <span class='ocrx_word' id='word_1_382' title='bbox 1574 3288 1831 3358; x_wconf 85' lang='lat' dir='ltr'><strong>religioso</strong></span> <span class='ocrx_word' id='word_1_383' title='bbox 1867 3305 1987 3345; x_wconf 90' lang='lat' dir='ltr'><strong>eam</strong></span> <span class='ocrx_word' id='word_1_384' title='bbox 2018 3292 2095 3347; x_wconf 82' lang='lat' dir='ltr'><strong>la-</strong></span> 
     </span>
    </p>
   </div>
   <div class='ocr_carea' id='block_1_62' title="bbox 513 3376 2098 3452">
    <p class='ocr_par' dir='ltr' id='par_1_62' title="bbox 513 3376 2098 3452">
     <span class='ocr_line' id='line_1_62' title="bbox 513 3376 2098 3452; baseline 0.007 -25"><span class='ocrx_word' id='word_1_385' title='bbox 513 3390 679 3428; x_wconf 84' lang='lat' dir='ltr'><strong>vacro</strong></span> <span class='ocrx_word' id='word_1_386' title='bbox 698 3383 855 3429; x_wconf 83' lang='lat' dir='ltr'><strong>curat</strong></span> <span class='ocrx_word' id='word_1_387' title='bbox 873 3376 1044 3443; x_wconf 86' lang='lat' dir='ltr'><strong>ablui,</strong></span> <span class='ocrx_word' id='word_1_388' title='bbox 1064 3394 1263 3433; x_wconf 89' lang='lat' dir='ltr'><strong>nomen</strong></span> <span class='ocrx_word' id='word_1_389' title='bbox 1283 3378 1558 3443; x_wconf 84' lang='lat' dir='ltr'><strong>immutat,</strong></span> <span class='ocrx_word' id='word_1_390' title='bbox 1583 3382 1881 3436; x_wconf 82' lang='lat' dir='ltr'><strong>Eudociam</strong></span> <span class='ocrx_word' id='word_1_391' title='bbox 1915 3384 2098 3452; x_wconf 82' lang='lat' dir='ltr'><strong>appel-</strong></span> 
     </span>
    </p>
   </div>
   <div class='ocr_carea' id='block_1_63' title="bbox 513 3464 2095 3544">
    <p class='ocr_par' dir='ltr' id='par_1_63' title="bbox 513 3464 2095 3544">
     <span class='ocr_line' id='line_1_63' title="bbox 513 3464 2095 3544; baseline 0.006 -25"><span class='ocrx_word' id='word_1_392' title='bbox 513 3464 609 3528; x_wconf 85' lang='lat' dir='ltr'><strong>lat,</strong></span> <span class='ocrx_word' id='word_1_393' title='bbox 641 3464 795 3521; x_wconf 82' lang='lat' dir='ltr'><strong>fratri</strong></span> <span class='ocrx_word' id='word_1_394' title='bbox 826 3467 1175 3522; x_wconf 89' lang='lat' dir='ltr'><strong>matrimonio</strong></span> <span class='ocrx_word' id='word_1_395' title='bbox 1194 3469 1433 3538; x_wconf 86' lang='lat' dir='ltr'><strong>c0pulat,</strong></span> <span class='ocrx_word' id='word_1_396' title='bbox 1458 3486 1566 3524; x_wconf 91' lang='lat' dir='ltr'><strong>non</strong></span> <span class='ocrx_word' id='word_1_397' title='bbox 1600 3472 2095 3544; x_wconf 83' lang='lat' dir='ltr'><strong>parumadjuvante</strong></span> 
     </span>
    </p>
   </div>
   <div class='ocr_carea' id='block_1_64' title="bbox 513 3554 2094 3642">
    <p class='ocr_par' dir='ltr' id='par_1_64' title="bbox 513 3554 2094 3642">
     <span class='ocr_line' id='line_1_64' title="bbox 513 3554 2094 3642; baseline 0.008 -33"><span class='ocrx_word' id='word_1_398' title='bbox 513 3554 766 3621; x_wconf 87' lang='lat' dir='ltr'><strong>Paulino,</strong></span> <span class='ocrx_word' id='word_1_399' title='bbox 800 3558 919 3614; x_wconf 85' lang='lat' dir='ltr'><strong>viro</strong></span> <span class='ocrx_word' id='word_1_400' title='bbox 953 3561 1095 3614; x_wconf 88' lang='lat' dir='ltr'><strong>inter</strong></span> <span class='ocrx_word' id='word_1_401' title='bbox 1146 3562 1355 3616; x_wconf 84' lang='lat' dir='ltr'><strong>amicos</strong></span> <span class='ocrx_word' id='word_1_402' title='bbox 1408 3563 1757 3633; x_wconf 87' lang='lat' dir='ltr'><strong>imperatoris</strong></span> <span class='ocrx_word' id='word_1_403' title='bbox 1787 3567 2094 3642; x_wconf 76' lang='lat' dir='ltr'><strong>principem</strong></span> 
     </span>
    </p>
   </div>
   <div class='ocr_carea' id='block_1_65' title="bbox 515 3645 2096 3713">
    <p class='ocr_par' dir='ltr' id='par_1_65' title="bbox 515 3645 2096 3713">
     <span class='ocr_line' id='line_1_65' title="bbox 515 3645 2096 3713; baseline 0.008 -13"><span class='ocrx_word' id='word_1_404' title='bbox 515 3645 699 3700; x_wconf 65' lang='lat' dir='ltr'><strong>licum</strong></span> <span class='ocrx_word' id='word_1_405' title='bbox 737 3648 1042 3704; x_wconf 86' lang='lat' dir='ltr'><strong>obtinente.</strong></span> <span class='ocrx_word' id='word_1_406' title='bbox 1085 3650 1403 3706; x_wconf 89' lang='lat' dir='ltr'><strong>Procreavit</strong></span> <span class='ocrx_word' id='word_1_407' title='bbox 1439 3662 1623 3709; x_wconf 90' lang='lat' dir='ltr'><strong>autem</strong></span> <span class='ocrx_word' id='word_1_408' title='bbox 1663 3670 1729 3711; x_wconf 80' lang='lat' dir='ltr'><strong>ex</strong></span> <span class='ocrx_word' id='word_1_409' title='bbox 1772 3656 1874 3711; x_wconf 90' lang='lat' dir='ltr'><strong>hac</strong></span> <span class='ocrx_word' id='word_1_410' title='bbox 1913 3657 2096 3713; x_wconf 89' lang='lat' dir='ltr'><strong>Theo-</strong></span> 
     </span>
    </p>
   </div>
   <div class='ocr_carea' id='block_1_66' title="bbox 517 3741 2097 3814">
    <p class='ocr_par' dir='ltr' id='par_1_66' title="bbox 517 3741 2097 3814">
     <span class='ocr_line' id='line_1_66' title="bbox 517 3741 2097 3814; baseline 0.008 -20"><span class='ocrx_word' id='word_1_411' title='bbox 517 3741 709 3796; x_wconf 86' lang='lat' dir='ltr'><strong>dosius</strong></span> <span class='ocrx_word' id='word_1_412' title='bbox 744 3742 1067 3810; x_wconf 78' lang='lat' dir='ltr'><strong>Eudoxiam,</strong></span> <span class='ocrx_word' id='word_1_413' title='bbox 1102 3759 1266 3814; x_wconf 88' lang='lat' dir='ltr'><strong>quam</strong></span> <span class='ocrx_word' id='word_1_414' title='bbox 1300 3745 1686 3804; x_wconf 83' lang='lat' dir='ltr'><strong>Valentiniano</strong></span> <span class='ocrx_word' id='word_1_415' title='bbox 1717 3749 1773 3804; x_wconf 89' lang='lat' dir='ltr'><strong>in</strong></span> <span class='ocrx_word' id='word_1_416' title='bbox 1804 3749 1942 3804; x_wconf 83' lang='lat' dir='ltr'><strong>urbe</strong></span> <span class='ocrx_word' id='word_1_417' title='bbox 1988 3751 2097 3806; x_wconf 71' lang='grc' dir='ltr'><strong>Ιίυσ</strong></span> 
     </span>
    </p>
   </div>
   <div class='ocr_carea' id='block_1_67' title="bbox 519 3837 2023 3908">
    <p class='ocr_par' dir='ltr' id='par_1_67' title="bbox 519 3837 2023 3908">
     <span class='ocr_line' id='line_1_67' title="bbox 519 3837 2023 3908; baseline 0.007 -22"><span class='ocrx_word' id='word_1_418' title='bbox 519 3849 607 3887; x_wconf 91' lang='lat' dir='ltr'><strong>ma</strong></span> <span class='ocrx_word' id='word_1_419' title='bbox 651 3844 835 3891; x_wconf 84' lang='lat' dir='ltr'><strong>vetere</strong></span> <span class='ocrx_word' id='word_1_420' title='bbox 882 3837 1172 3908; x_wconf 90' lang='lat' dir='ltr'><strong>imperanti</strong></span> <span class='ocrx_word' id='word_1_421' title='bbox 1222 3839 1292 3894; x_wconf 89' lang='lat' dir='ltr'><strong>ad</strong></span> <span class='ocrx_word' id='word_1_422' title='bbox 1335 3839 1461 3895; x_wconf 64' lang='lat' dir='ltr'><strong>vitae</strong></span> <span class='ocrx_word' id='word_1_423' title='bbox 1507 3839 1827 3897; x_wconf 88' lang='lat' dir='ltr'><strong>societatem</strong></span> <span class='ocrx_word' id='word_1_424' title='bbox 1851 3842 2023 3897; x_wconf 91' lang='lat' dir='ltr'><strong>misit.</strong></span> 
     </span>
    </p>
   </div>
   <div class='ocr_carea' id='block_1_68' title="bbox 590 3925 2098 4005">
    <p class='ocr_par' dir='ltr' id='par_1_68' title="bbox 590 3925 2098 4005">
     <span class='ocr_line' id='line_1_68' title="bbox 590 3925 2098 4005; baseline 0.008 -25"><span class='ocrx_word' id='word_1_425' title='bbox 590 3925 698 3981; x_wconf 88' lang='lat' dir='ltr'><strong>Sed</strong></span> <span class='ocrx_word' id='word_1_426' title='bbox 736 3928 880 3983; x_wconf 75' lang='grc' dir='ltr'>ειιίιη</span> <span class='ocrx_word' id='word_1_427' title='bbox 927 3930 1076 3984; x_wconf 83' lang='lat' dir='ltr'><strong>nuﬂa</strong></span> <span class='ocrx_word' id='word_1_428' title='bbox 1109 3932 1233 3987; x_wconf 80' lang='lat' dir='ltr'><strong>vita:</strong></span> <span class='ocrx_word' id='word_1_429' title='bbox 1265 3931 1501 3989; x_wconf 83' lang='lat' dir='ltr'><strong>felicitas</strong></span> <span class='ocrx_word' id='word_1_430' title='bbox 1527 3936 1870 4005; x_wconf 88' lang='lat' dir='ltr'><strong>tempestatis</strong></span> <span class='ocrx_word' id='word_1_431' title='bbox 1899 3952 1963 3990; x_wconf 91' lang='lat' dir='ltr'><strong>ac</strong></span> <span class='ocrx_word' id='word_1_432' title='bbox 1994 3937 2098 3992; x_wconf 84' lang='lat' dir='ltr'><strong>do-</strong></span> 
     </span>
    </p>
   </div>
   <div class='ocr_carea' id='block_1_69' title="bbox 518 4017 2100 4097">
    <p class='ocr_par' dir='ltr' id='par_1_69' title="bbox 518 4017 2100 4097">
     <span class='ocr_line' id='line_1_69' title="bbox 518 4017 2100 4097; baseline 0.008 -25"><span class='ocrx_word' id='word_1_433' title='bbox 518 4017 652 4073; x_wconf 87' lang='lat' dir='ltr'><strong>loris</strong></span> <span class='ocrx_word' id='word_1_434' title='bbox 689 4034 887 4088; x_wconf 79' lang='lat' dir='ltr'><strong>expers</strong></span> <span class='ocrx_word' id='word_1_435' title='bbox 931 4031 1045 4086; x_wconf 92' lang='lat' dir='ltr'><strong>est,</strong></span> <span class='ocrx_word' id='word_1_436' title='bbox 1086 4038 1189 4077; x_wconf 87' lang='lat' dir='ltr'><strong>nec</strong></span> <span class='ocrx_word' id='word_1_437' title='bbox 1223 4025 1565 4095; x_wconf 83' lang='lat' dir='ltr'><strong>prosperitas</strong></span> <span class='ocrx_word' id='word_1_438' title='bbox 1603 4042 1727 4083; x_wconf 88' lang='lat' dir='ltr'><strong>esse</strong></span> <span class='ocrx_word' id='word_1_439' title='bbox 1769 4037 1952 4097; x_wconf 87' lang='lat' dir='ltr'><strong>potest</strong></span> <span class='ocrx_word' id='word_1_440' title='bbox 1990 4029 2100 4084; x_wconf 89' lang='lat' dir='ltr'><strong>ulla</strong></span> 
     </span>
    </p>
   </div>
   <div class='ocr_carea' id='block_1_70' title="bbox 521 4115 2098 4187">
    <p class='ocr_par' dir='ltr' id='par_1_70' title="bbox 521 4115 2098 4187">
     <span class='ocr_line' id='line_1_70' title="bbox 521 4115 2098 4187; baseline 0.006 -22"><span class='ocrx_word' id='word_1_441' title='bbox 521 4125 646 4165; x_wconf 89' lang='lat' dir='ltr'><strong>cum</strong></span> <span class='ocrx_word' id='word_1_442' title='bbox 677 4127 783 4180; x_wconf 89' lang='lat' dir='ltr'><strong>qua</strong></span> <span class='ocrx_word' id='word_1_443' title='bbox 817 4128 925 4166; x_wconf 91' lang='lat' dir='ltr'><strong>non</strong></span> <span class='ocrx_word' id='word_1_444' title='bbox 955 4115 1183 4169; x_wconf 77' lang='lat' dir='ltr'><strong>exsistat</strong></span> <span class='ocrx_word' id='word_1_445' title='bbox 1209 4116 1374 4171; x_wconf 89' lang='lat' dir='ltr'><strong>etiam</strong></span> <span class='ocrx_word' id='word_1_446' title='bbox 1400 4118 1608 4187; x_wconf 91' lang='lat' dir='ltr'><strong>aliquid</strong></span> <span class='ocrx_word' id='word_1_447' title='bbox 1644 4120 1786 4187; x_wconf 78' lang='lat' dir='ltr'><strong>quod</strong></span> <span class='ocrx_word' id='word_1_448' title='bbox 1819 4122 2098 4175; x_wconf 85' lang='lat' dir='ltr'><strong>hominem</strong></span> 
     </span>
    </p>
   </div>
   <div class='ocr_carea' id='block_1_71' title="bbox 522 4202 2101 4282">
    <p class='ocr_par' dir='ltr' id='par_1_71' title="bbox 522 4202 2101 4282">
     <span class='ocr_line' id='line_1_71' title="bbox 522 4202 2101 4282; baseline 0.008 -28"><span class='ocrx_word' id='word_1_449' title='bbox 522 4202 794 4257; x_wconf 82' lang='lat' dir='ltr'><strong>mordeat.</strong></span> <span class='ocrx_word' id='word_1_450' title='bbox 841 4204 1054 4261; x_wconf 87' lang='lat' dir='ltr'><strong>Etenim</strong></span> <span class='ocrx_word' id='word_1_451' title='bbox 1090 4205 1206 4274; x_wconf 87' lang='lat' dir='ltr'><strong>ipsa</strong></span> <span class='ocrx_word' id='word_1_452' title='bbox 1236 4221 1458 4277; x_wconf 89' lang='lat' dir='ltr'><strong>quoque</strong></span> <span class='ocrx_word' id='word_1_453' title='bbox 1489 4224 1614 4264; x_wconf 89' lang='lat' dir='ltr'><strong>rosa</strong></span> <span class='ocrx_word' id='word_1_454' title='bbox 1636 4251 1652 4276; x_wconf 96' lang='lat'><strong>,</strong></span> <span class='ocrx_word' id='word_1_455' title='bbox 1688 4210 1822 4267; x_wconf 90' lang='lat' dir='ltr'><strong>licet</strong></span> <span class='ocrx_word' id='word_1_456' title='bbox 1850 4210 2101 4282; x_wconf 69' lang='lat' dir='ltr'><strong>fragrans</strong></span> 
     </span>
    </p>
   </div>
   <div class='ocr_carea' id='block_1_72' title="bbox 523 4292 2099 4371">
    <p class='ocr_par' dir='ltr' id='par_1_72' title="bbox 523 4292 2099 4371">
     <span class='ocr_line' id='line_1_72' title="bbox 523 4292 2099 4371; baseline 0.008 -27"><span class='ocrx_word' id='word_1_457' title='bbox 523 4292 619 4357; x_wconf 77' lang='lat' dir='ltr'><strong>sit,</strong></span> <span class='ocrx_word' id='word_1_458' title='bbox 651 4293 862 4349; x_wconf 86' lang='lat' dir='ltr'><strong>crebris</strong></span> <span class='ocrx_word' id='word_1_459' title='bbox 907 4304 1087 4351; x_wconf 90' lang='lat' dir='ltr'><strong>tamen</strong></span> <span class='ocrx_word' id='word_1_460' title='bbox 1136 4297 1312 4366; x_wconf 89' lang='lat' dir='ltr'><strong>spinis</strong></span> <span class='ocrx_word' id='word_1_461' title='bbox 1347 4298 1570 4365; x_wconf 88' lang='lat' dir='ltr'><strong>horret;</strong></span> <span class='ocrx_word' id='word_1_462' title='bbox 1610 4301 1855 4371; x_wconf 86' lang='lat' dir='ltr'><strong>itemque</strong></span> <span class='ocrx_word' id='word_1_463' title='bbox 1886 4302 2099 4357; x_wconf 85' lang='lat' dir='ltr'><strong>vultum</strong></span> 
     </span>
    </p>
   </div>
   <div class='ocr_carea' id='block_1_73' title="bbox 522 4385 2096 4459">
    <p class='ocr_par' dir='ltr' id='par_1_73' title="bbox 522 4385 2096 4459">
     <span class='ocr_line' id='line_1_73' title="bbox 522 4385 2096 4459; baseline 0.003 -16"><span class='ocrx_word' id='word_1_464' title='bbox 522 4385 655 4444; x_wconf 82' lang='lat' dir='ltr'><strong>sslis</strong></span> <span class='ocrx_word' id='word_1_465' title='bbox 701 4385 876 4444; x_wconf 87' lang='lat' dir='ltr'><strong>nubes</strong></span> <span class='ocrx_word' id='word_1_466' title='bbox 923 4387 1198 4443; x_wconf 90' lang='lat' dir='ltr'><strong>interdum</strong></span> <span class='ocrx_word' id='word_1_467' title='bbox 1247 4389 1481 4458; x_wconf 79' lang='lat' dir='ltr'><strong>caligine</strong></span> <span class='ocrx_word' id='word_1_468' title='bbox 1530 4390 1767 4459; x_wconf 87' lang='lat' dir='ltr'><strong>quadam</strong></span> <span class='ocrx_word' id='word_1_469' title='bbox 1819 4392 2096 4448; x_wconf 87' lang='lat' dir='ltr'><strong>obvelant.</strong></span> 
     </span>
    </p>
   </div>
   <div class='ocr_carea' id='block_1_74' title="bbox 520 4479 2179 4579">
    <p class='ocr_par' dir='ltr' id='par_1_74' title="bbox 520 4479 2179 4579">
     <span class='ocr_line' id='line_1_74' title="bbox 520 4479 2179 4579; baseline 0.002 -43"><span class='ocrx_word' id='word_1_470' title='bbox 520 4481 806 4537; x_wconf 82' lang='lat' dir='ltr'><strong>Consimili</strong></span> <span class='ocrx_word' id='word_1_471' title='bbox 837 4483 1000 4536; x_wconf 77' lang='lat' dir='ltr'><strong>modo</strong></span> <span class='ocrx_word' id='word_1_472' title='bbox 1031 4479 1238 4535; x_wconf 86' lang='lat' dir='ltr'><strong>invidia</strong></span> <span class='ocrx_word' id='word_1_473' title='bbox 1262 4480 1558 4535; x_wconf 88' lang='lat' dir='ltr'><strong>comitatur</strong></span> <span class='ocrx_word' id='word_1_474' title='bbox 1584 4492 1641 4536; x_wconf 89' lang='lat' dir='ltr'><strong>et</strong></span> <span class='ocrx_word' id='word_1_475' title='bbox 1676 4484 1978 4539; x_wconf 87' lang='lat' dir='ltr'><strong>insectatur</strong></span> <span class='ocrx_word' id='word_1_476' title='bbox 2004 4500 2099 4539; x_wconf 87' lang='lat' dir='ltr'><strong>cos</strong></span> <span class='ocrx_word' id='word_1_477' title='bbox 2130 4520 2179 4579; x_wconf 68' lang='grc' dir='ltr'>Β</span> 
     </span>
    </p>
   </div>
   <div class='ocr_carea' id='block_1_75' title="bbox 522 4570 2102 4642">
    <p class='ocr_par' dir='ltr' id='par_1_75' title="bbox 522 4570 2102 4642">
     <span class='ocr_line' id='line_1_75' title="bbox 522 4570 2102 4642; baseline 0 -15"><span class='ocrx_word' id='word_1_478' title='bbox 522 4574 616 4640; x_wconf 89' lang='lat' dir='ltr'><strong>qui</strong></span> <span class='ocrx_word' id='word_1_479' title='bbox 660 4573 919 4627; x_wconf 83' lang='lat' dir='ltr'><strong>virtutem</strong></span> <span class='ocrx_word' id='word_1_480' title='bbox 954 4571 1183 4627; x_wconf 88' lang='lat' dir='ltr'><strong>colunt:</strong></span> <span class='ocrx_word' id='word_1_481' title='bbox 1221 4570 1513 4640; x_wconf 85' lang='lat' dir='ltr'><strong>omnisque</strong></span> <span class='ocrx_word' id='word_1_482' title='bbox 1545 4581 1735 4626; x_wconf 88' lang='lat' dir='ltr'><strong>sancta</strong></span> <span class='ocrx_word' id='word_1_483' title='bbox 1768 4575 2102 4642; x_wconf 86' lang='lat' dir='ltr'><strong>prosperitas</strong></span> 
     </span>
    </p>
   </div>
   <div class='ocr_carea' id='block_1_76' title="bbox 521 4662 2103 4734">
    <p class='ocr_par' dir='ltr' id='par_1_76' title="bbox 521 4662 2103 4734">
     <span class='ocr_line' id='line_1_76' title="bbox 521 4662 2103 4734; baseline -0.001 -15"><span class='ocrx_word' id='word_1_484' title='bbox 521 4675 580 4720; x_wconf 88' lang='lat' dir='ltr'><strong>et</strong></span> <span class='ocrx_word' id='word_1_485' title='bbox 627 4665 737 4720; x_wconf 90' lang='lat' dir='ltr'><strong>vita</strong></span> <span class='ocrx_word' id='word_1_486' title='bbox 790 4664 1086 4734; x_wconf 88' lang='lat' dir='ltr'><strong>splendens</strong></span> <span class='ocrx_word' id='word_1_487' title='bbox 1139 4664 1194 4718; x_wconf 90' lang='lat' dir='ltr'><strong>in</strong></span> <span class='ocrx_word' id='word_1_488' title='bbox 1246 4662 1531 4717; x_wconf 88' lang='lat' dir='ltr'><strong>hominum</strong></span> <span class='ocrx_word' id='word_1_489' title='bbox 1587 4664 1764 4717; x_wconf 92' lang='lat' dir='ltr'><strong>oculis</strong></span> <span class='ocrx_word' id='word_1_490' title='bbox 1812 4663 2103 4719; x_wconf 85' lang='lat' dir='ltr'><strong>admistam</strong></span> 
     </span>
    </p>
   </div>
   <div class='ocr_carea' id='block_1_77' title="bbox 523 4752 2108 4827">
    <p class='ocr_par' dir='ltr' id='par_1_77' title="bbox 523 4752 2108 4827">
     <span class='ocr_line' id='line_1_77' title="bbox 523 4752 2108 4827; baseline 0 -17"><span class='ocrx_word' id='word_1_491' title='bbox 523 4756 815 4827; x_wconf 87' lang='lat' dir='ltr'><strong>quamdam</strong></span> <span class='ocrx_word' id='word_1_492' title='bbox 839 4756 1211 4811; x_wconf 75' lang='lat' dir='ltr'><strong>infelicitatem</strong></span> <span class='ocrx_word' id='word_1_493' title='bbox 1228 4769 1410 4813; x_wconf 89' lang='lat' dir='ltr'><strong>secum</strong></span> <span class='ocrx_word' id='word_1_494' title='bbox 1434 4753 1621 4807; x_wconf 90' lang='lat' dir='ltr'><strong>trahit.</strong></span> <span class='ocrx_word' id='word_1_495' title='bbox 1644 4752 1784 4818; x_wconf 83' lang='lat' dir='ltr'><strong>Quid</strong></span> <span class='ocrx_word' id='word_1_496' title='bbox 1804 4762 1984 4808; x_wconf 90' lang='lat' dir='ltr'><strong>autem</strong></span> <span class='ocrx_word' id='word_1_497' title='bbox 2003 4756 2108 4810; x_wconf 88' lang='lat' dir='ltr'><strong>hoc</strong></span> 
     </span>
    </p>
   </div>
   <div class='ocr_carea' id='block_1_78' title="bbox 525 4842 2109 4917">
    <p class='ocr_par' dir='ltr' id='par_1_78' title="bbox 525 4842 2109 4917">
     <span class='ocr_line' id='line_1_78' title="bbox 525 4842 2109 4917; baseline -0.003 -14"><span class='ocrx_word' id='word_1_498' title='bbox 525 4848 633 4903; x_wconf 85' lang='lat' dir='ltr'><strong>sibi</strong></span> <span class='ocrx_word' id='word_1_499' title='bbox 681 4849 798 4904; x_wconf 90' lang='lat' dir='ltr'><strong>vult</strong></span> <span class='ocrx_word' id='word_1_500' title='bbox 846 4848 1115 4903; x_wconf 87' lang='lat' dir='ltr'><strong>orationis</strong></span> <span class='ocrx_word' id='word_1_501' title='bbox 1165 4845 1533 4917; x_wconf 67' lang='lat' dir='ltr'><strong>praeludium?</strong></span> <span class='ocrx_word' id='word_1_502' title='bbox 1573 4842 1848 4899; x_wconf 82' lang='lat' dir='ltr'><strong>Nimirum</strong></span> <span class='ocrx_word' id='word_1_503' title='bbox 1892 4853 1949 4900; x_wconf 89' lang='lat' dir='ltr'><strong>ct</strong></span> <span class='ocrx_word' id='word_1_504' title='bbox 1991 4845 2109 4899; x_wconf 84' lang='lat' dir='ltr'><strong>haec</strong></span> 
     </span>
    </p>
   </div>
   <div class='ocr_carea' id='block_1_79' title="bbox 527 4938 2109 5009">
    <p class='ocr_par' dir='ltr' id='par_1_79' title="bbox 527 4938 2109 5009">
     <span class='ocr_line' id='line_1_79' title="bbox 527 4938 2109 5009; baseline -0.001 -17"><span class='ocrx_word' id='word_1_505' title='bbox 527 4939 845 5008; x_wconf 79' lang='lat' dir='ltr'><strong>imperatrix</strong></span> <span class='ocrx_word' id='word_1_506' title='bbox 872 4940 929 4994; x_wconf 89' lang='lat' dir='ltr'><strong>in</strong></span> <span class='ocrx_word' id='word_1_507' title='bbox 960 4939 1126 5009; x_wconf 87' lang='lat' dir='ltr'><strong>hujus</strong></span> <span class='ocrx_word' id='word_1_508' title='bbox 1155 4939 1277 4994; x_wconf 69' lang='lat' dir='ltr'><strong>vitae</strong></span> <span class='ocrx_word' id='word_1_509' title='bbox 1302 4938 1436 4992; x_wconf 90' lang='lat' dir='ltr'><strong>mari</strong></span> <span class='ocrx_word' id='word_1_510' title='bbox 1467 4938 1780 5008; x_wconf 80' lang='lat' dir='ltr'><strong>navigabat,</strong></span> <span class='ocrx_word' id='word_1_511' title='bbox 1807 4945 1863 4992; x_wconf 87' lang='lat' dir='ltr'><strong>et</strong></span> <span class='ocrx_word' id='word_1_512' title='bbox 1892 4938 2109 4992; x_wconf 85' lang='lat' dir='ltr'><strong>serenis</strong></span> 
     </span>
    </p>
   </div>
   <div class='ocr_carea' id='block_1_80' title="bbox 527 5028 2108 5100">
    <p class='ocr_par' dir='ltr' id='par_1_80' title="bbox 527 5028 2108 5100">
     <span class='ocr_line' id='line_1_80' title="bbox 527 5028 2108 5100; baseline -0.001 -17"><span class='ocrx_word' id='word_1_513' title='bbox 527 5030 866 5100; x_wconf 85' lang='lat' dir='ltr'><strong>placidisque</strong></span> <span class='ocrx_word' id='word_1_514' title='bbox 915 5031 1091 5085; x_wconf 87' lang='lat' dir='ltr'><strong>ventis</strong></span> <span class='ocrx_word' id='word_1_515' title='bbox 1134 5038 1255 5085; x_wconf 89' lang='lat' dir='ltr'><strong>acta</strong></span> <span class='ocrx_word' id='word_1_516' title='bbox 1305 5029 1585 5085; x_wconf 86' lang='lat' dir='ltr'><strong>felicitatis</strong></span> <span class='ocrx_word' id='word_1_517' title='bbox 1628 5044 1851 5084; x_wconf 88' lang='lat' dir='ltr'><strong>cursum</strong></span> <span class='ocrx_word' id='word_1_518' title='bbox 1901 5028 2108 5097; x_wconf 86' lang='lat' dir='ltr'><strong>absque</strong></span> 
     </span>
    </p>
   </div>
   <div class='ocr_carea' id='block_1_81' title="bbox 531 5117 2107 5188">
    <p class='ocr_par' dir='ltr' id='par_1_81' title="bbox 531 5117 2107 5188">
     <span class='ocr_line' id='line_1_81' title="bbox 531 5117 2107 5188; baseline 0 -15"><span class='ocrx_word' id='word_1_519' title='bbox 531 5120 948 5188; x_wconf 84' lang='lat' dir='ltr'><strong>perturbatione</strong></span> <span class='ocrx_word' id='word_1_520' title='bbox 974 5120 1323 5183; x_wconf 81' lang='lat' dir='ltr'><strong>conﬁciebat,</strong></span> <span class='ocrx_word' id='word_1_521' title='bbox 1357 5136 1466 5176; x_wconf 86' lang='lat' dir='ltr'><strong>non</strong></span> <span class='ocrx_word' id='word_1_522' title='bbox 1496 5121 1657 5175; x_wconf 88' lang='lat' dir='ltr'><strong>aliter</strong></span> <span class='ocrx_word' id='word_1_523' title='bbox 1679 5129 1844 5188; x_wconf 86' lang='lat' dir='ltr'><strong>atque</strong></span> <span class='ocrx_word' id='word_1_524' title='bbox 1878 5118 1924 5172; x_wconf 90' lang='lat' dir='ltr'><strong>si</strong></span> <span class='ocrx_word' id='word_1_525' title='bbox 1952 5117 2107 5173; x_wconf 85' lang='lat' dir='ltr'><strong>navis</strong></span> 
     </span>
    </p>
   </div>
   <div class='ocr_carea' id='block_1_82' title="bbox 530 5207 2107 5264">
    <p class='ocr_par' dir='ltr' id='par_1_82' title="bbox 530 5207 2107 5264">
     <span class='ocr_line' id='line_1_82' title="bbox 530 5207 2107 5264; baseline 0.002 -5"><span class='ocrx_word' id='word_1_526' title='bbox 530 5208 785 5261; x_wconf 85' lang='lat' dir='ltr'><strong>oneraria</strong></span> <span class='ocrx_word' id='word_1_527' title='bbox 832 5220 998 5263; x_wconf 90' lang='lat' dir='ltr'><strong>vento</strong></span> <span class='ocrx_word' id='word_1_528' title='bbox 1043 5209 1287 5264; x_wconf 84' lang='lat' dir='ltr'><strong>secundo</strong></span> <span class='ocrx_word' id='word_1_529' title='bbox 1330 5208 1537 5263; x_wconf 88' lang='lat' dir='ltr'><strong>feratur</strong></span> <span class='ocrx_word' id='word_1_530' title='bbox 1588 5225 1603 5262; x_wconf 92' lang='lat'><strong>:</strong></span> <span class='ocrx_word' id='word_1_531' title='bbox 1658 5224 1851 5263; x_wconf 85' lang='lat' dir='ltr'><strong>verum</strong></span> <span class='ocrx_word' id='word_1_532' title='bbox 1899 5207 2107 5262; x_wconf 85' lang='lat' dir='ltr'><strong>invidia</strong></span> 
     </span>
    </p>
   </div>
   <div class='ocr_carea' id='block_1_83' title="bbox 531 5298 2101 5370">
    <p class='ocr_par' dir='ltr' id='par_1_83' title="bbox 531 5298 2101 5370">
     <span class='ocr_line' id='line_1_83' title="bbox 531 5298 2101 5370; baseline 0 -17"><span class='ocrx_word' id='word_1_533' title='bbox 531 5298 720 5354; x_wconf 82' lang='lat' dir='ltr'><strong>subito</strong></span> <span class='ocrx_word' id='word_1_534' title='bbox 767 5302 1106 5368; x_wconf 88' lang='lat' dir='ltr'><strong>tempestatis</strong></span> <span class='ocrx_word' id='word_1_535' title='bbox 1147 5300 1432 5370; x_wconf 88' lang='lat' dir='ltr'><strong>cujusdam</strong></span> <span class='ocrx_word' id='word_1_536' title='bbox 1480 5302 1652 5356; x_wconf 87' lang='lat' dir='ltr'><strong>instar</strong></span> <span class='ocrx_word' id='word_1_537' title='bbox 1703 5302 1837 5354; x_wconf 84' lang='lat' dir='ltr'><strong>ﬂare</strong></span> <span class='ocrx_word' id='word_1_538' title='bbox 1892 5299 2101 5369; x_wconf 65' lang='lat' dir='ltr'><strong>coepit;</strong></span> 
     </span>
    </p>
   </div>
   <div class='ocr_carea' id='block_1_84' title="bbox 534 5387 2102 5460">
    <p class='ocr_par' dir='ltr' id='par_1_84' title="bbox 534 5387 2102 5460">
     <span class='ocr_line' id='line_1_84' title="bbox 534 5387 2102 5460; baseline 0.003 -18"><span class='ocrx_word' id='word_1_539' title='bbox 534 5387 699 5443; x_wconf 86' lang='lat' dir='ltr'><strong>turbo</strong></span> <span class='ocrx_word' id='word_1_540' title='bbox 737 5405 861 5445; x_wconf 91' lang='lat' dir='ltr'><strong>cum</strong></span> <span class='ocrx_word' id='word_1_541' title='bbox 892 5391 1128 5459; x_wconf 85' lang='lat' dir='ltr'><strong>procella</strong></span> <span class='ocrx_word' id='word_1_542' title='bbox 1158 5406 1307 5444; x_wconf 84' lang='lat' dir='ltr'><strong>mare</strong></span> <span class='ocrx_word' id='word_1_543' title='bbox 1343 5391 1679 5459; x_wconf 86' lang='lat' dir='ltr'><strong>commovit;</strong></span> <span class='ocrx_word' id='word_1_544' title='bbox 1711 5392 1888 5446; x_wconf 82' lang='lat' dir='ltr'><strong>nubes</strong></span> <span class='ocrx_word' id='word_1_545' title='bbox 1924 5389 2102 5460; x_wconf 84' lang='lat' dir='ltr'><strong>impe-</strong></span> 
     </span>
    </p>
   </div>
   <div class='ocr_carea' id='block_1_85' title="bbox 2198 3287 3783 3362">
    <p class='ocr_par' dir='ltr' id='par_1_85' title="bbox 2198 3287 3783 3362">
     <span class='ocr_line' id='line_1_85' title="bbox 2198 3287 3783 3362; baseline -0.002 -16"><span class='ocrx_word' id='word_1_546' title='bbox 2198 3290 2348 3362; x_wconf 88' lang='lat' dir='ltr'><strong>genti</strong></span> <span class='ocrx_word' id='word_1_547' title='bbox 2378 3291 2612 3360; x_wconf 88' lang='lat' dir='ltr'><strong>strepitu</strong></span> <span class='ocrx_word' id='word_1_548' title='bbox 2644 3290 2905 3361; x_wconf 77' lang='lat' dir='ltr'><strong>gravique</strong></span> <span class='ocrx_word' id='word_1_549' title='bbox 2938 3290 3120 3353; x_wconf 91' lang='lat' dir='ltr'><strong>turba,</strong></span> <span class='ocrx_word' id='word_1_550' title='bbox 3153 3298 3213 3345; x_wconf 90' lang='lat' dir='ltr'><strong>ut</strong></span> <span class='ocrx_word' id='word_1_551' title='bbox 3243 3304 3435 3344; x_wconf 87' lang='lat' dir='ltr'><strong>navem</strong></span> <span class='ocrx_word' id='word_1_552' title='bbox 3462 3287 3783 3357; x_wconf 78' lang='lat' dir='ltr'><strong>confringe-</strong></span> 
     </span>
    </p>
   </div>
   <div class='ocr_carea' id='block_1_86' title="bbox 2199 3379 3783 3451">
    <p class='ocr_par' dir='ltr' id='par_1_86' title="bbox 2199 3379 3783 3451">
     <span class='ocr_line' id='line_1_86' title="bbox 2199 3379 3783 3451; baseline 0 -16"><span class='ocrx_word' id='word_1_553' title='bbox 2199 3391 2305 3445; x_wconf 78' lang='lat' dir='ltr'><strong>ret,</strong></span> <span class='ocrx_word' id='word_1_554' title='bbox 2355 3397 2419 3436; x_wconf 82' lang='lat' dir='ltr'><strong>ac</strong></span> <span class='ocrx_word' id='word_1_555' title='bbox 2471 3381 2575 3451; x_wconf 89' lang='lat' dir='ltr'><strong>ipsi</strong></span> <span class='ocrx_word' id='word_1_556' title='bbox 2617 3380 2964 3451; x_wconf 79' lang='lat' dir='ltr'><strong>naufragium</strong></span> <span class='ocrx_word' id='word_1_557' title='bbox 3017 3381 3239 3437; x_wconf 84' lang='lat' dir='ltr'><strong>facienti</strong></span> <span class='ocrx_word' id='word_1_558' title='bbox 3290 3379 3617 3435; x_wconf 87' lang='lat' dir='ltr'><strong>terribiliter</strong></span> <span class='ocrx_word' id='word_1_559' title='bbox 3677 3396 3783 3435; x_wconf 87' lang='lat' dir='ltr'><strong>ore</strong></span> 
     </span>
    </p>
   </div>
   <div class='ocr_carea' id='block_1_87' title="bbox 2200 3471 3780 3543">
    <p class='ocr_par' dir='ltr' id='par_1_87' title="bbox 2200 3471 3780 3543">
     <span class='ocr_line' id='line_1_87' title="bbox 2200 3471 3780 3543; baseline -0.001 -17"><span class='ocrx_word' id='word_1_560' title='bbox 2200 3474 2461 3543; x_wconf 85' lang='lat' dir='ltr'><strong>adaperto</strong></span> <span class='ocrx_word' id='word_1_561' title='bbox 2484 3472 2805 3534; x_wconf 88' lang='lat' dir='ltr'><strong>minaretur.</strong></span> <span class='ocrx_word' id='word_1_562' title='bbox 2832 3472 2988 3542; x_wconf 86' lang='lat' dir='ltr'><strong>quasi</strong></span> <span class='ocrx_word' id='word_1_563' title='bbox 3012 3472 3177 3528; x_wconf 90' lang='lat' dir='ltr'><strong>vellet</strong></span> <span class='ocrx_word' id='word_1_564' title='bbox 3198 3472 3249 3527; x_wconf 92' lang='lat' dir='ltr'><strong>ei</strong></span> <span class='ocrx_word' id='word_1_565' title='bbox 3278 3472 3439 3541; x_wconf 85' lang='lat' dir='ltr'><strong>plane</strong></span> <span class='ocrx_word' id='word_1_566' title='bbox 3464 3471 3780 3527; x_wconf 80' lang='lat' dir='ltr'><strong>dehiscere.</strong></span> 
     </span>
    </p>
   </div>
   <div class='ocr_carea' id='block_1_88' title="bbox 2198 3563 3785 3634">
    <p class='ocr_par' dir='ltr' id='par_1_88' title="bbox 2198 3563 3785 3634">
     <span class='ocr_line' id='line_1_88' title="bbox 2198 3563 3785 3634; baseline -0.003 -13"><span class='ocrx_word' id='word_1_567' title='bbox 2198 3564 2282 3621; x_wconf 80' lang='lat' dir='ltr'><strong>Ah</strong></span> <span class='ocrx_word' id='word_1_568' title='bbox 2306 3580 2372 3620; x_wconf 87' lang='lat' dir='ltr'><strong>eo</strong></span> <span class='ocrx_word' id='word_1_569' title='bbox 2403 3573 2655 3634; x_wconf 83' lang='lat' dir='ltr'><strong>tempore</strong></span> <span class='ocrx_word' id='word_1_570' title='bbox 2676 3579 2837 3619; x_wconf 86' lang='lat' dir='ltr'><strong>casus</strong></span> <span class='ocrx_word' id='word_1_571' title='bbox 2860 3563 3091 3619; x_wconf 88' lang='lat' dir='ltr'><strong>acerbos</strong></span> <span class='ocrx_word' id='word_1_572' title='bbox 3120 3563 3442 3633; x_wconf 77' lang='lat' dir='ltr'><strong>imperatrix</strong></span> <span class='ocrx_word' id='word_1_573' title='bbox 3461 3563 3785 3631; x_wconf 85' lang='lat' dir='ltr'><strong>complures</strong></span> 
     </span>
    </p>
   </div>
   <div class='ocr_carea' id='block_1_89' title="bbox 2197 3654 3788 3725">
    <p class='ocr_par' dir='ltr' id='par_1_89' title="bbox 2197 3654 3788 3725">
     <span class='ocr_line' id='line_1_89' title="bbox 2197 3654 3788 3725; baseline 0 -16"><span class='ocrx_word' id='word_1_574' title='bbox 2197 3665 2423 3725; x_wconf 83' lang='lat' dir='ltr'><strong>experta</strong></span> <span class='ocrx_word' id='word_1_575' title='bbox 2458 3654 2562 3710; x_wconf 85' lang='lat' dir='ltr'><strong>fuit</strong></span> <span class='ocrx_word' id='word_1_576' title='bbox 2596 3662 2654 3711; x_wconf 91' lang='lat' dir='ltr'><strong>et</strong></span> <span class='ocrx_word' id='word_1_577' title='bbox 2690 3655 3176 3712; x_wconf 70' lang='lat' dir='ltr'><strong>aerumnosissimis</strong></span> <span class='ocrx_word' id='word_1_578' title='bbox 3213 3670 3339 3710; x_wconf 88' lang='lat' dir='ltr'><strong>cum</strong></span> <span class='ocrx_word' id='word_1_579' title='bbox 3378 3655 3788 3710; x_wconf 77' lang='lat' dir='ltr'><strong>teutationibu-s</strong></span> 
     </span>
    </p>
   </div>
   <div class='ocr_carea' id='block_1_90' title="bbox 2200 3746 3787 3818">
    <p class='ocr_par' dir='ltr' id='par_1_90' title="bbox 2200 3746 3787 3818">
     <span class='ocr_line' id='line_1_90' title="bbox 2200 3746 3787 3818; baseline -0.001 -15"><span class='ocrx_word' id='word_1_580' title='bbox 2200 3748 2512 3803; x_wconf 86' lang='lat' dir='ltr'><strong>colluctata.</strong></span> <span class='ocrx_word' id='word_1_581' title='bbox 2550 3746 2710 3803; x_wconf 89' lang='lat' dir='ltr'><strong>Libet</strong></span> <span class='ocrx_word' id='word_1_582' title='bbox 2734 3756 2919 3803; x_wconf 87' lang='lat' dir='ltr'><strong>autem</strong></span> <span class='ocrx_word' id='word_1_583' title='bbox 2949 3762 3386 3803; x_wconf 90' lang='lat' dir='ltr'><strong>commemorare</strong></span> <span class='ocrx_word' id='word_1_584' title='bbox 3413 3748 3545 3818; x_wconf 91' lang='lat' dir='ltr'><strong>quid</strong></span> <span class='ocrx_word' id='word_1_585' title='bbox 3573 3748 3651 3802; x_wconf 89' lang='lat' dir='ltr'><strong>illi</strong></span> <span class='ocrx_word' id='word_1_586' title='bbox 3681 3764 3787 3802; x_wconf 89' lang='lat' dir='ltr'><strong>ac-</strong></span> 
     </span>
    </p>
   </div>
   <div class='ocr_carea' id='block_1_91' title="bbox 2199 3837 2419 3893">
    <p class='ocr_par' dir='ltr' id='par_1_91' title="bbox 2199 3837 2419 3893">
     <span class='ocr_line' id='line_1_91' title="bbox 2199 3837 2419 3893; baseline -0.005 0"><span class='ocrx_word' id='word_1_587' title='bbox 2199 3837 2419 3893; x_wconf 84' lang='lat' dir='ltr'><strong>ciderit.</strong></span> 
     </span>
    </p>
   </div>
   <div class='ocr_carea' id='block_1_92' title="bbox 2272 3929 3790 4003">
    <p class='ocr_par' dir='ltr' id='par_1_92' title="bbox 2272 3929 3790 4003">
     <span class='ocr_line' id='line_1_92' title="bbox 2272 3929 3790 4003; baseline 0.001 -17"><span class='ocrx_word' id='word_1_588' title='bbox 2272 3929 2378 4000; x_wconf 79' lang='lat'><strong>55</strong></span> <span class='ocrx_word' id='word_1_589' title='bbox 2407 3930 2643 3997; x_wconf 84' lang='lat' dir='ltr'><strong>Quidam</strong></span> <span class='ocrx_word' id='word_1_590' title='bbox 2674 3930 2909 3988; x_wconf 65' lang='lat' dir='ltr'><strong>fortuna:</strong></span> <span class='ocrx_word' id='word_1_591' title='bbox 2939 3934 3125 3988; x_wconf 90' lang='lat' dir='ltr'><strong>tenuis</strong></span> <span class='ocrx_word' id='word_1_592' title='bbox 3161 3932 3485 4003; x_wconf 88' lang='lat' dir='ltr'><strong>imperatori</strong></span> <span class='ocrx_word' id='word_1_593' title='bbox 3515 3933 3790 3988; x_wconf 77' lang='lat' dir='ltr'><strong>Theodo-</strong></span> 
     </span>
    </p>
   </div>
   <div class='ocr_carea' id='block_1_93' title="bbox 2202 4016 3785 4092">
    <p class='ocr_par' dir='ltr' id='par_1_93' title="bbox 2202 4016 3785 4092">
     <span class='ocr_line' id='line_1_93' title="bbox 2202 4016 3785 4092; baseline 0.003 -19"><span class='ocrx_word' id='word_1_594' title='bbox 2202 4016 2309 4084; x_wconf 86' lang='lat' dir='ltr'><strong>sio,</strong></span> <span class='ocrx_word' id='word_1_595' title='bbox 2347 4021 2604 4077; x_wconf 75' lang='lat' dir='ltr'><strong>Eudocia:</strong></span> <span class='ocrx_word' id='word_1_596' title='bbox 2633 4023 2854 4087; x_wconf 88' lang='lat' dir='ltr'><strong>marito,</strong></span> <span class='ocrx_word' id='word_1_597' title='bbox 2883 4038 3106 4092; x_wconf 90' lang='lat' dir='ltr'><strong>pomum</strong></span> <span class='ocrx_word' id='word_1_598' title='bbox 3134 4023 3351 4078; x_wconf 69' lang='lat' dir='ltr'><strong>eximiae</strong></span> <span class='ocrx_word' id='word_1_599' title='bbox 3388 4034 3495 4079; x_wconf 89' lang='lat' dir='ltr'><strong>tam</strong></span> <span class='ocrx_word' id='word_1_600' title='bbox 3528 4024 3785 4092; x_wconf 84' lang='lat' dir='ltr'><strong>pulchri-</strong></span> 
     </span>
    </p>
   </div>
   <div class='ocr_carea' id='block_1_94' title="bbox 2203 4109 3789 4182">
    <p class='ocr_par' dir='ltr' id='par_1_94' title="bbox 2203 4109 3789 4182">
     <span class='ocr_line' id='line_1_94' title="bbox 2203 4109 3789 4182; baseline 0.003 -19"><span class='ocrx_word' id='word_1_601' title='bbox 2203 4109 2413 4166; x_wconf 85' lang='lat' dir='ltr'><strong>tudinis</strong></span> <span class='ocrx_word' id='word_1_602' title='bbox 2462 4126 2628 4180; x_wconf 87' lang='lat' dir='ltr'><strong>quam</strong></span> <span class='ocrx_word' id='word_1_603' title='bbox 2685 4112 3079 4181; x_wconf 77' lang='lat' dir='ltr'><strong>magnitudinis</strong></span> <span class='ocrx_word' id='word_1_604' title='bbox 3141 4112 3437 4167; x_wconf 89' lang='lat' dir='ltr'><strong>obtulerat.</strong></span> <span class='ocrx_word' id='word_1_605' title='bbox 3502 4113 3635 4182; x_wconf 85' lang='lat' dir='ltr'><strong>Ejus</strong></span> <span class='ocrx_word' id='word_1_606' title='bbox 3689 4113 3789 4168; x_wconf 86' lang='lat' dir='ltr'><strong>ille</strong></span> 
     </span>
    </p>
   </div>
   <div class='ocr_carea' id='block_1_95' title="bbox 2202 4201 3797 4273">
    <p class='ocr_par' dir='ltr' id='par_1_95' title="bbox 2202 4201 3797 4273">
     <span class='ocr_line' id='line_1_95' title="bbox 2202 4201 3797 4273; baseline 0 -16"><span class='ocrx_word' id='word_1_607' title='bbox 2202 4204 2441 4272; x_wconf 89' lang='lat' dir='ltr'><strong>speciem</strong></span> <span class='ocrx_word' id='word_1_608' title='bbox 2472 4203 2628 4273; x_wconf 85' lang='lat' dir='ltr'><strong>longe</strong></span> <span class='ocrx_word' id='word_1_609' title='bbox 2653 4204 3121 4264; x_wconf 88' lang='lat' dir='ltr'><strong>venustissimam,</strong></span> <span class='ocrx_word' id='word_1_610' title='bbox 3156 4203 3422 4267; x_wconf 88' lang='lat' dir='ltr'><strong>colorem,</strong></span> <span class='ocrx_word' id='word_1_611' title='bbox 3456 4201 3797 4272; x_wconf 88' lang='lat' dir='ltr'><strong>magnitudi-</strong></span> 
     </span>
    </p>
   </div>
   <div class='ocr_carea' id='block_1_96' title="bbox 2203 4293 3793 4364">
    <p class='ocr_par' dir='ltr' id='par_1_96' title="bbox 2203 4293 3793 4364">
     <span class='ocr_line' id='line_1_96' title="bbox 2203 4293 3793 4364; baseline 0 -17"><span class='ocrx_word' id='word_1_612' title='bbox 2203 4309 2328 4348; x_wconf 85' lang='lat' dir='ltr'><strong>nem</strong></span> <span class='ocrx_word' id='word_1_613' title='bbox 2361 4293 2701 4359; x_wconf 88' lang='lat' dir='ltr'><strong>admiratus,</strong></span> <span class='ocrx_word' id='word_1_614' title='bbox 2737 4310 2961 4364; x_wconf 91' lang='lat' dir='ltr'><strong>pomum</strong></span> <span class='ocrx_word' id='word_1_615' title='bbox 2996 4295 3174 4363; x_wconf 90' lang='lat' dir='ltr'><strong>ipsum</strong></span> <span class='ocrx_word' id='word_1_616' title='bbox 3216 4294 3464 4349; x_wconf 83' lang='lat' dir='ltr'><strong>inusitati</strong></span> <span class='ocrx_word' id='word_1_617' title='bbox 3495 4294 3793 4364; x_wconf 83' lang='lat' dir='ltr'><strong>cujusdam</strong></span> 
     </span>
    </p>
   </div>
   <div class='ocr_carea' id='block_1_97' title="bbox 2204 4384 3791 4454">
    <p class='ocr_par' dir='ltr' id='par_1_97' title="bbox 2204 4384 3791 4454">
     <span class='ocr_line' id='line_1_97' title="bbox 2204 4384 3791 4454; baseline 0 -16"><span class='ocrx_word' id='word_1_618' title='bbox 2204 4384 2448 4439; x_wconf 89' lang='lat' dir='ltr'><strong>muneris</strong></span> <span class='ocrx_word' id='word_1_619' title='bbox 2475 4385 2593 4439; x_wconf 90' lang='lat' dir='ltr'><strong>loco</strong></span> <span class='ocrx_word' id='word_1_620' title='bbox 2615 4384 2952 4453; x_wconf 84' lang='lat' dir='ltr'><strong>imperatriei</strong></span> <span class='ocrx_word' id='word_1_621' title='bbox 2978 4386 3203 4439; x_wconf 80' lang='lat' dir='ltr'><strong>miserat</strong></span> <span class='ocrx_word' id='word_1_622' title='bbox 3226 4400 3242 4450; x_wconf 88' lang='lat'><strong>;</strong></span> <span class='ocrx_word' id='word_1_623' title='bbox 3266 4398 3389 4454; x_wconf 71' lang='lat' dir='ltr'><strong>qua:</strong></span> <span class='ocrx_word' id='word_1_624' title='bbox 3413 4397 3545 4437; x_wconf 87' lang='lat' dir='ltr'><strong>sane</strong></span> <span class='ocrx_word' id='word_1_625' title='bbox 3563 4398 3651 4437; x_wconf 91' lang='lat' dir='ltr'><strong>res</strong></span> <span class='ocrx_word' id='word_1_626' title='bbox 3674 4398 3791 4438; x_wconf 90' lang='lat' dir='ltr'><strong>non</strong></span> 
     </span>
    </p>
   </div>
   <div class='ocr_carea' id='block_1_98' title="bbox 2205 4474 3801 4545">
    <p class='ocr_par' dir='ltr' id='par_1_98' title="bbox 2205 4474 3801 4545">
     <span class='ocr_line' id='line_1_98' title="bbox 2205 4474 3801 4545; baseline -0.001 -16"><span class='ocrx_word' id='word_1_627' title='bbox 2205 4477 2387 4530; x_wconf 75' lang='lat' dir='ltr'><strong>minus</strong></span> <span class='ocrx_word' id='word_1_628' title='bbox 2407 4475 2767 4529; x_wconf 79' lang='lat' dir='ltr'><strong>maximorum</strong></span> <span class='ocrx_word' id='word_1_629' title='bbox 2783 4475 3251 4532; x_wconf 87' lang='lat' dir='ltr'><strong>incommodorum</strong></span> <span class='ocrx_word' id='word_1_630' title='bbox 3275 4477 3430 4545; x_wconf 81' lang='lat' dir='ltr'><strong>origo</strong></span> <span class='ocrx_word' id='word_1_631' title='bbox 3452 4474 3684 4536; x_wconf 80' lang='lat' dir='ltr'><strong>exstitit,</strong></span> <span class='ocrx_word' id='word_1_632' title='bbox 3712 4484 3801 4528; x_wconf 87' lang='lat' dir='ltr'><strong>at-</strong></span> 
     </span>
    </p>
   </div>
   <div class='ocr_carea' id='block_1_99' title="bbox 2205 4565 3791 4636">
    <p class='ocr_par' dir='ltr' id='par_1_99' title="bbox 2205 4565 3791 4636">
     <span class='ocr_line' id='line_1_99' title="bbox 2205 4565 3791 4636; baseline -0.001 -15"><span class='ocrx_word' id='word_1_633' title='bbox 2205 4582 2313 4636; x_wconf 89' lang='lat' dir='ltr'><strong>que</strong></span> <span class='ocrx_word' id='word_1_634' title='bbox 2337 4566 2469 4621; x_wconf 89' lang='lat' dir='ltr'><strong>olim</strong></span> <span class='ocrx_word' id='word_1_635' title='bbox 2498 4582 2721 4635; x_wconf 86' lang='lat' dir='ltr'><strong>pomum</strong></span> <span class='ocrx_word' id='word_1_636' title='bbox 2749 4567 2880 4621; x_wconf 89' lang='lat' dir='ltr'><strong>illud</strong></span> <span class='ocrx_word' id='word_1_637' title='bbox 2903 4567 3086 4621; x_wconf 88' lang='lat' dir='ltr'><strong>Eridis</strong></span> <span class='ocrx_word' id='word_1_638' title='bbox 3108 4567 3350 4632; x_wconf 77' lang='lat' dir='ltr'><strong>invidim,</strong></span> <span class='ocrx_word' id='word_1_639' title='bbox 3375 4565 3521 4636; x_wconf 89' lang='lat' dir='ltr'><strong>quod</strong></span> <span class='ocrx_word' id='word_1_640' title='bbox 3548 4565 3791 4620; x_wconf 86' lang='lat' dir='ltr'><strong>nocendi</strong></span> 
     </span>
    </p>
   </div>
   <div class='ocr_carea' id='block_1_100' title="bbox 2202 4658 3797 4729">
    <p class='ocr_par' dir='ltr' id='par_1_100' title="bbox 2202 4658 3797 4729">
     <span class='ocr_line' id='line_1_100' title="bbox 2202 4658 3797 4729; baseline 0 -16"><span class='ocrx_word' id='word_1_641' title='bbox 2202 4673 2368 4713; x_wconf 84' lang='lat' dir='ltr'><strong>causa</strong></span> <span class='ocrx_word' id='word_1_642' title='bbox 2413 4658 2481 4712; x_wconf 85' lang='lat' dir='ltr'><strong>iis</strong></span> <span class='ocrx_word' id='word_1_643' title='bbox 2521 4658 2724 4713; x_wconf 69' lang='lat' dir='ltr'><strong>obtulit</strong></span> <span class='ocrx_word' id='word_1_644' title='bbox 2763 4659 2856 4727; x_wconf 90' lang='lat' dir='ltr'><strong>qui</strong></span> <span class='ocrx_word' id='word_1_645' title='bbox 2896 4659 3147 4714; x_wconf 87' lang='lat' dir='ltr'><strong>Thetidis</strong></span> <span class='ocrx_word' id='word_1_646' title='bbox 3181 4669 3345 4729; x_wconf 87' lang='lat' dir='ltr'><strong>atque</strong></span> <span class='ocrx_word' id='word_1_647' title='bbox 3388 4658 3535 4713; x_wconf 87' lang='lat' dir='ltr'><strong>Pelei</strong></span> <span class='ocrx_word' id='word_1_648' title='bbox 3579 4658 3797 4726; x_wconf 86' lang='lat' dir='ltr'><strong>nuptiis</strong></span> 
     </span>
    </p>
   </div>
   <div class='ocr_carea' id='block_1_101' title="bbox 2204 4750 3801 4820">
    <p class='ocr_par' dir='ltr' id='par_1_101' title="bbox 2204 4750 3801 4820">
     <span class='ocr_line' id='line_1_101' title="bbox 2204 4750 3801 4820; baseline 0 -16"><span class='ocrx_word' id='word_1_649' title='bbox 2204 4751 2533 4805; x_wconf 88' lang='lat' dir='ltr'><strong>intererant.</strong></span> <span class='ocrx_word' id='word_1_650' title='bbox 2586 4750 2722 4804; x_wconf 88' lang='lat' dir='ltr'><strong>Nam</strong></span> <span class='ocrx_word' id='word_1_651' title='bbox 2766 4752 2973 4819; x_wconf 90' lang='lat' dir='ltr'><strong>qualia,</strong></span> <span class='ocrx_word' id='word_1_652' title='bbox 3025 4766 3234 4820; x_wconf 69' lang='lat' dir='ltr'><strong>quaeso,</strong></span> <span class='ocrx_word' id='word_1_653' title='bbox 3278 4759 3576 4806; x_wconf 88' lang='lat' dir='ltr'><strong>consecuta</strong></span> <span class='ocrx_word' id='word_1_654' title='bbox 3625 4752 3801 4805; x_wconf 80' lang='lat' dir='ltr'><strong>sunt?</strong></span> 
     </span>
    </p>
   </div>
   <div class='ocr_carea' id='block_1_102' title="bbox 2204 4841 3796 4911">
    <p class='ocr_par' dir='ltr' id='par_1_102' title="bbox 2204 4841 3796 4911">
     <span class='ocr_line' id='line_1_102' title="bbox 2204 4841 3796 4911; baseline 0.002 -15"><span class='ocrx_word' id='word_1_655' title='bbox 2204 4841 2529 4911; x_wconf 78' lang='lat' dir='ltr'><strong>lmperatrix</strong></span> <span class='ocrx_word' id='word_1_656' title='bbox 2564 4842 3033 4911; x_wconf 88' lang='lat' dir='ltr'><strong>pulchritudinem</strong></span> <span class='ocrx_word' id='word_1_657' title='bbox 3066 4842 3283 4899; x_wconf 85' lang='lat' dir='ltr'><strong>fructus</strong></span> <span class='ocrx_word' id='word_1_658' title='bbox 3310 4845 3596 4909; x_wconf 87' lang='lat' dir='ltr'><strong>admirari,</strong></span> <span class='ocrx_word' id='word_1_659' title='bbox 3627 4861 3796 4899; x_wconf 81' lang='lat' dir='ltr'><strong>eum-</strong></span> 
     </span>
    </p>
   </div>
   <div class='ocr_carea' id='block_1_103' title="bbox 2205 4933 3793 5005">
    <p class='ocr_par' dir='ltr' id='par_1_103' title="bbox 2205 4933 3793 5005">
     <span class='ocr_line' id='line_1_103' title="bbox 2205 4933 3793 5005; baseline 0.001 -18"><span class='ocrx_word' id='word_1_660' title='bbox 2205 4950 2314 5002; x_wconf 91' lang='lat' dir='ltr'><strong>quc</strong></span> <span class='ocrx_word' id='word_1_661' title='bbox 2337 4933 2594 4987; x_wconf 87' lang='lat' dir='ltr'><strong>arbitrari</strong></span> <span class='ocrx_word' id='word_1_662' title='bbox 2621 4943 2829 4988; x_wconf 75' lang='lat' dir='ltr'><strong>natura:</strong></span> <span class='ocrx_word' id='word_1_663' title='bbox 2859 4935 3081 4989; x_wconf 87' lang='lat' dir='ltr'><strong>modum</strong></span> <span class='ocrx_word' id='word_1_664' title='bbox 3114 4934 3404 4989; x_wconf 77' lang='lat' dir='ltr'><strong>excedere.</strong></span> <span class='ocrx_word' id='word_1_665' title='bbox 3434 4936 3502 4990; x_wconf 82' lang='lat' dir='ltr'><strong>Et</strong></span> <span class='ocrx_word' id='word_1_666' title='bbox 3525 4936 3793 5005; x_wconf 86' lang='lat' dir='ltr'><strong>quoniam</strong></span> 
     </span>
    </p>
   </div>
   <div class='ocr_carea' id='block_1_104' title="bbox 2206 5025 3795 5095">
    <p class='ocr_par' dir='ltr' id='par_1_104' title="bbox 2206 5025 3795 5095">
     <span class='ocr_line' id='line_1_104' title="bbox 2206 5025 3795 5095; baseline 0.001 -15"><span class='ocrx_word' id='word_1_667' title='bbox 2206 5025 2496 5080; x_wconf 82' lang='lat' dir='ltr'><strong>Paulinum</strong></span> <span class='ocrx_word' id='word_1_668' title='bbox 2538 5034 2828 5094; x_wconf 88' lang='lat' dir='ltr'><strong>propterea</strong></span> <span class='ocrx_word' id='word_1_669' title='bbox 2867 5026 3238 5080; x_wconf 88' lang='lat' dir='ltr'><strong>venerabatur</strong></span> <span class='ocrx_word' id='word_1_670' title='bbox 3277 5027 3424 5095; x_wconf 88' lang='lat' dir='ltr'><strong>quod</strong></span> <span class='ocrx_word' id='word_1_671' title='bbox 3468 5026 3629 5081; x_wconf 85' lang='lat' dir='ltr'><strong>valde</strong></span> <span class='ocrx_word' id='word_1_672' title='bbox 3663 5043 3795 5082; x_wconf 88' lang='lat' dir='ltr'><strong>cam</strong></span> 
     </span>
    </p>
   </div>
   <div class='ocr_carea' id='block_1_105' title="bbox 2199 5114 3800 5186">
    <p class='ocr_par' dir='ltr' id='par_1_105' title="bbox 2199 5114 3800 5186">
     <span class='ocr_line' id='line_1_105' title="bbox 2199 5114 3800 5186; baseline 0.002 -19"><span class='ocrx_word' id='word_1_673' title='bbox 2199 5114 2437 5185; x_wconf 87' lang='lat' dir='ltr'><strong>juvissct</strong></span> <span class='ocrx_word' id='word_1_674' title='bbox 2472 5114 2525 5168; x_wconf 94' lang='lat' dir='ltr'><strong>in</strong></span> <span class='ocrx_word' id='word_1_675' title='bbox 2558 5114 2947 5183; x_wconf 86' lang='lat' dir='ltr'><strong>consequenda</strong></span> <span class='ocrx_word' id='word_1_676' title='bbox 2981 5115 3251 5185; x_wconf 83' lang='lat' dir='ltr'><strong>dignitate</strong></span> <span class='ocrx_word' id='word_1_677' title='bbox 3282 5116 3636 5186; x_wconf 88' lang='lat' dir='ltr'><strong>imperatoria</strong></span> <span class='ocrx_word' id='word_1_678' title='bbox 3659 5157 3673 5180; x_wconf 95' lang='lat'><strong>,</strong></span> <span class='ocrx_word' id='word_1_679' title='bbox 3711 5119 3800 5171; x_wconf 76' lang='lat' dir='ltr'><strong>vi—</strong></span> 
     </span>
    </p>
   </div>
   <div class='ocr_carea' id='block_1_106' title="bbox 2211 5207 3801 5278">
    <p class='ocr_par' dir='ltr' id='par_1_106' title="bbox 2211 5207 3801 5278">
     <span class='ocr_line' id='line_1_106' title="bbox 2211 5207 3801 5278; baseline 0.002 -17"><span class='ocrx_word' id='word_1_680' title='bbox 2211 5224 2334 5262; x_wconf 89' lang='lat' dir='ltr'><strong>rum</strong></span> <span class='ocrx_word' id='word_1_681' title='bbox 2375 5209 2478 5263; x_wconf 88' lang='lat' dir='ltr'><strong>hoc</strong></span> <span class='ocrx_word' id='word_1_682' title='bbox 2506 5207 2709 5264; x_wconf 81' lang='lat' dir='ltr'><strong>infelici</strong></span> <span class='ocrx_word' id='word_1_683' title='bbox 2739 5224 2903 5278; x_wconf 91' lang='lat' dir='ltr'><strong>pomo</strong></span> <span class='ocrx_word' id='word_1_684' title='bbox 2935 5208 3123 5263; x_wconf 88' lang='lat' dir='ltr'><strong>donat.</strong></span> <span class='ocrx_word' id='word_1_685' title='bbox 3161 5209 3213 5264; x_wconf 91' lang='lat' dir='ltr'><strong>Is</strong></span> <span class='ocrx_word' id='word_1_686' title='bbox 3238 5225 3368 5264; x_wconf 82' lang='lat' dir='ltr'><strong>vero</strong></span> <span class='ocrx_word' id='word_1_687' title='bbox 3401 5209 3640 5264; x_wconf 81' lang='lat' dir='ltr'><strong>vicissim</strong></span> <span class='ocrx_word' id='word_1_688' title='bbox 3673 5226 3801 5264; x_wconf 86' lang='lat' dir='ltr'><strong>mu-</strong></span> 
     </span>
    </p>
   </div>
   <div class='ocr_carea' id='block_1_107' title="bbox 2204 5301 3798 5372">
    <p class='ocr_par' dir='ltr' id='par_1_107' title="bbox 2204 5301 3798 5372">
     <span class='ocr_line' id='line_1_107' title="bbox 2204 5301 3798 5372; baseline -0.001 -18"><span class='ocrx_word' id='word_1_689' title='bbox 2204 5315 2309 5354; x_wconf 89' lang='lat' dir='ltr'><strong>nus</strong></span> <span class='ocrx_word' id='word_1_690' title='bbox 2337 5301 2655 5369; x_wconf 88' lang='lat' dir='ltr'><strong>imperatori</strong></span> <span class='ocrx_word' id='word_1_691' title='bbox 2682 5301 2870 5365; x_wconf 91' lang='lat' dir='ltr'><strong>mittit,</strong></span> <span class='ocrx_word' id='word_1_692' title='bbox 2899 5301 3177 5372; x_wconf 83' lang='lat' dir='ltr'><strong>ignorans,</strong></span> <span class='ocrx_word' id='word_1_693' title='bbox 3205 5302 3284 5356; x_wconf 89' lang='lat' dir='ltr'><strong>uti</strong></span> <span class='ocrx_word' id='word_1_694' title='bbox 3308 5302 3530 5371; x_wconf 88' lang='lat' dir='ltr'><strong>quidem</strong></span> <span class='ocrx_word' id='word_1_695' title='bbox 3552 5301 3798 5363; x_wconf 88' lang='lat' dir='ltr'><strong>videtur,</strong></span> 
     </span>
    </p>
   </div>
   <div class='ocr_carea' id='block_1_108' title="bbox 2204 5391 3796 5461">
    <p class='ocr_par' dir='ltr' id='par_1_108' title="bbox 2204 5391 3796 5461">
     <span class='ocr_line' id='line_1_108' title="bbox 2204 5391 3796 5461; baseline 0 -16"><span class='ocrx_word' id='word_1_696' title='bbox 2204 5391 2352 5446; x_wconf 89' lang='lat' dir='ltr'><strong>unde</strong></span> <span class='ocrx_word' id='word_1_697' title='bbox 2382 5391 2662 5461; x_wconf 82' lang='lat' dir='ltr'><strong>profectus</strong></span> <span class='ocrx_word' id='word_1_698' title='bbox 2692 5392 2888 5449; x_wconf 87' lang='lat' dir='ltr'><strong>fuisset</strong></span> <span class='ocrx_word' id='word_1_699' title='bbox 2928 5412 2941 5447; x_wconf 90' lang='lat'><strong>:</strong></span> <span class='ocrx_word' id='word_1_700' title='bbox 2976 5410 3086 5447; x_wconf 85' lang='lat' dir='ltr'><strong>non</strong></span> <span class='ocrx_word' id='word_1_701' title='bbox 3118 5393 3266 5446; x_wconf 89' lang='lat' dir='ltr'><strong>enim</strong></span> <span class='ocrx_word' id='word_1_702' title='bbox 3294 5392 3549 5447; x_wconf 83' lang='lat' dir='ltr'><strong>adfuerat</strong></span> <span class='ocrx_word' id='word_1_703' title='bbox 3572 5391 3625 5445; x_wconf 87' lang='lat' dir='ltr'><strong>id</strong></span> <span class='ocrx_word' id='word_1_704' title='bbox 3650 5403 3796 5445; x_wconf 83' lang='lat' dir='ltr'><strong>tem-</strong></span> 
     </span>
    </p>
   </div>
   <div class='ocr_carea' id='block_1_109' title="bbox 1859 5531 2424 5595">
    <p class='ocr_par' dir='ltr' id='par_1_109' title="bbox 1859 5531 2424 5595">
     <span class='ocr_line' id='line_1_109' title="bbox 1859 5531 2424 5595; baseline 0.002 -2"><span class='ocrx_word' id='word_1_705' title='bbox 1859 5531 2062 5595; x_wconf 82' lang='lat' dir='ltr'><strong>Variae</strong></span> <span class='ocrx_word' id='word_1_706' title='bbox 2092 5532 2424 5595; x_wconf 87' lang='lat' dir='ltr'><strong>lectiones.</strong></span> 
     </span>
    </p>
   </div>
   <div class='ocr_carea' id='block_1_110' title="bbox 608 5630 3799 5711">
    <p class='ocr_par' dir='ltr' id='par_1_110' title="bbox 608 5630 3799 5711">
     <span class='ocr_line' id='line_1_110' title="bbox 608 5630 3799 5711; baseline -0.003 -23"><span class='ocrx_word' id='word_1_707' title='bbox 608 5636 655 5711; x_wconf 63' lang='grc' dir='ltr'>ξ³</span> <span class='ocrx_word' id='word_1_708' title='bbox 696 5633 1021 5711; x_wconf 62' lang='grc' dir='ltr'>μεταϐαλλει</span> <span class='ocrx_word' id='word_1_709' title='bbox 1041 5633 1236 5711; x_wconf 59' lang='grc' dir='ltr'><strong>Αῐζῐὶ.⁶</strong></span> <span class='ocrx_word' id='word_1_710' title='bbox 1281 5634 1328 5667; x_wconf 74' lang='grc'><strong>³⁴</strong></span> <span class='ocrx_word' id='word_1_711' title='bbox 1351 5635 1610 5711; x_wconf 65' lang='grc' dir='ltr'><strong>Δμίγνυσιν</strong></span> <span class='ocrx_word' id='word_1_712' title='bbox 1641 5635 1757 5688; x_wconf 77' lang='lat' dir='ltr'><strong>AR.</strong></span> <span class='ocrx_word' id='word_1_713' title='bbox 1789 5636 1882 5711; x_wconf 75' lang='lat'><strong>_”</strong></span> <span class='ocrx_word' id='word_1_714' title='bbox 1906 5636 2023 5711; x_wconf 69' lang='grc' dir='ltr'>βίου</span> <span class='ocrx_word' id='word_1_715' title='bbox 2211 5636 2285 5711; x_wconf 27' lang='grc'><strong>’³⁸</strong></span> <span class='ocrx_word' id='word_1_716' title='bbox 2325 5635 2602 5711; x_wconf 78' lang='grc' dir='ltr'>συνοικίαν</span> <span class='ocrx_word' id='word_1_717' title='bbox 2623 5634 2691 5689; x_wconf 85' lang='lat' dir='ltr'><strong>R.</strong></span> <span class='ocrx_word' id='word_1_718' title='bbox 2767 5634 3289 5711; x_wconf 26' lang='lat' dir='ltr'><strong>&quot;‘oijvbaxal‘rtiv</strong></span> <span class='ocrx_word' id='word_1_719' title='bbox 3318 5630 3576 5711; x_wconf 70' lang='grc' dir='ltr'>λαμπρὸν</span> <span class='ocrx_word' id='word_1_720' title='bbox 3602 5630 3799 5711; x_wconf 39' lang='grc' dir='ltr'><strong>4.,σὲ-</strong></span> 
     </span>
    </p>
   </div>
   <div class='ocr_carea' id='block_1_111' title="bbox 543 5697 3793 5777">
    <p class='ocr_par' dir='ltr' id='par_1_111' title="bbox 543 5697 3793 5777">
     <span class='ocr_line' id='line_1_111' title="bbox 543 5697 3793 5777; baseline -0.002 -19"><span class='ocrx_word' id='word_1_721' title='bbox 543 5706 674 5773; x_wconf 76' lang='grc' dir='ltr'>μνὺν</span> <span class='ocrx_word' id='word_1_722' title='bbox 697 5697 807 5759; x_wconf 72' lang='grc' dir='ltr'><strong>πᾶν</strong></span> <span class='ocrx_word' id='word_1_723' title='bbox 830 5705 892 5758; x_wconf 84' lang='grc' dir='ltr'>τὸ</span> <span class='ocrx_word' id='word_1_724' title='bbox 923 5704 1173 5777; x_wconf 68' lang='grc' dir='ltr'>λαμπρὸν</span> <span class='ocrx_word' id='word_1_725' title='bbox 1204 5704 1267 5777; x_wconf 67' lang='grc' dir='ltr'><strong>Β.</strong></span> <span class='ocrx_word' id='word_1_726' title='bbox 1332 5697 1393 5777; x_wconf 25' lang='grc'><strong>*⁵⁸</strong></span> <span class='ocrx_word' id='word_1_727' title='bbox 1426 5697 1771 5777; x_wconf 75' lang='grc' dir='ltr'>πρόγραμμα</span> <span class='ocrx_word' id='word_1_728' title='bbox 1789 5706 1855 5759; x_wconf 82' lang='lat' dir='ltr'><strong>R.</strong></span> <span class='ocrx_word' id='word_1_729' title='bbox 1906 5697 1976 5740; x_wconf 78' lang='grc'><strong>’³⁸</strong></span> <span class='ocrx_word' id='word_1_730' title='bbox 2004 5707 2160 5761; x_wconf 82' lang='grc' dir='ltr'>πλέει</span> <span class='ocrx_word' id='word_1_731' title='bbox 2196 5706 2260 5760; x_wconf 81' lang='grc' dir='ltr'><strong>Α.</strong></span> <span class='ocrx_word' id='word_1_732' title='bbox 2338 5706 2384 5738; x_wconf 71' lang='grc' dir='ltr'><strong>⁸ο</strong></span> <span class='ocrx_word' id='word_1_733' title='bbox 2416 5707 2473 5759; x_wconf 88' lang='grc' dir='ltr'><strong>δέ</strong></span> <span class='ocrx_word' id='word_1_734' title='bbox 2505 5723 2571 5777; x_wconf 82' lang='grc' dir='ltr'><strong>γε</strong></span> <span class='ocrx_word' id='word_1_735' title='bbox 2614 5697 2986 5777; x_wconf 83' lang='grc' dir='ltr'>ναυστολούσῃ</span> <span class='ocrx_word' id='word_1_736' title='bbox 3028 5706 3090 5759; x_wconf 81' lang='grc' dir='ltr'><strong>Α.</strong></span> <span class='ocrx_word' id='word_1_737' title='bbox 3168 5706 3213 5736; x_wconf 67' lang='grc'>⁸³</span> <span class='ocrx_word' id='word_1_738' title='bbox 3246 5697 3587 5757; x_wconf 77' lang='grc' dir='ltr'>συνοικοῦντι</span> <span class='ocrx_word' id='word_1_739' title='bbox 3624 5697 3793 5751; x_wconf 66' lang='lat' dir='ltr'><strong>Mill.</strong></span> 
     </span>
    </p>
   </div>
   <div class='ocr_carea' id='block_1_112' title="bbox 547 5757 1491 5847">
    <p class='ocr_par' dir='ltr' id='par_1_112' title="bbox 547 5757 1491 5847">
     <span class='ocr_line' id='line_1_112' title="bbox 547 5757 1491 5847; baseline 0.006 -20"><span class='ocrx_word' id='word_1_740' title='bbox 547 5757 591 5805; x_wconf 72' lang='grc' dir='ltr'>ι·</span> <span class='ocrx_word' id='word_1_741' title='bbox 616 5757 934 5847; x_wconf 50' lang='lat' dir='ltr'><strong>mam</strong></span> <span class='ocrx_word' id='word_1_742' title='bbox 962 5757 1032 5832; x_wconf 80' lang='lat' dir='ltr'><strong>Ii.</strong></span> <span class='ocrx_word' id='word_1_743' title='bbox 1178 5757 1304 5846; x_wconf 68' lang='grc' dir='ltr'><strong>ρεξα</strong></span> <span class='ocrx_word' id='word_1_744' title='bbox 1331 5774 1395 5832; x_wconf 83' lang='lat' dir='ltr'><strong>n.</strong></span> <span class='ocrx_word' id='word_1_745' title='bbox 1432 5757 1491 5810; x_wconf 57' lang='grc' dir='ltr'>π</span> 
     </span>
    </p>
   </div>
   <div class='ocr_carea' id='block_1_113' title="bbox 1500 5776 2593 5849">
    <p class='ocr_par' dir='ltr' id='par_1_113' title="bbox 1500 5776 2593 5849">
     <span class='ocr_line' id='line_1_113' title="bbox 1500 5776 2593 5849; baseline 0.001 -19"><span class='ocrx_word' id='word_1_746' title='bbox 1500 5777 1517 5809; x_wconf 69' lang='grc'><strong>⁵</strong></span> <span class='ocrx_word' id='word_1_747' title='bbox 1545 5778 1961 5849; x_wconf 74' lang='grc' dir='ltr'>ἐπεισεκόμισεν</span> <span class='ocrx_word' id='word_1_748' title='bbox 1989 5777 2056 5832; x_wconf 78' lang='lat' dir='ltr'><strong>ll.</strong></span> <span class='ocrx_word' id='word_1_749' title='bbox 2133 5778 2179 5811; x_wconf 77' lang='lat'>&quot;</span> <span class='ocrx_word' id='word_1_750' title='bbox 2204 5777 2456 5846; x_wconf 80' lang='grc' dir='ltr'>λαμπρὸν</span> <span class='ocrx_word' id='word_1_751' title='bbox 2478 5776 2593 5831; x_wconf 80' lang='lat' dir='ltr'><strong>All.</strong></span> 
     </span>
    </p>
   </div>
  </div>
