4136 6422
384 486 550 555 Ετυχε
580 483 687 555 γὰρ
714 483 792 555 τῷ
815 483 1026 554 βασιλεῖ
1055 483 1129 554 μὴ
1160 483 1463 553 συμπαρὼν
1490 487 1519 538 6
1555 487 1690 543 τάλα
1702 504 1721 550 ε
1752 489 1799 521 ³⁸

366 579 556 632 Ἰινίκα
590 577 875 639 Θεοδόσιος
907 577 1122 645 ἐδέχετο
1145 579 1206 628 τὸ
1237 576 1430 646 μῆλον,

384 672 520 742 ᾼδου
576 669 806 740 πικρὰν,
843 669 910 722 ἂν
935 669 1076 721 εἴποι
1097 685 1204 732 τις,
1236 669 1458 739 ὀπώραν
1496 670 1820 743 θανασίμην,

357 760 460 826 ’ll;
489 764 771 832 κηπευτὴς
795 762 826 814 6
859 761 1089 824 θάνατος
1117 764 1212 814 καὶ
1242 765 1553 831 φυτηκόμος
1579 763 1770 834 ᾍδης.

368 855 501 924 Ὁρᾷ
519 853 578 905 τδ
606 852 780 922 μῆλον
807 853 835 904 6
875 852 1121 923 κρατῶν,
1155 851 1416 922 γνωρίζει
1447 853 1544 924 τὴν
1579 856 1824 926 ὀπώραν,

358 946 606 1012 Κρύπτει
634 944 694 996 τὸ
728 943 901 1012 μῆλον
933 942 1062 1012 παρ’
1087 943 1262 1011 αὐτῷ,
1297 945 1422 1013 σιγῇ
1459 945 1855 1014 παρακατέχει,

360 1037 698 1090 Πυνθὰνεται
723 1025 826 1104 τῆς
859 1034 1106 1105 γαμετῆς
1135 1034 1243 1104 ὅπη
1275 1035 1334 1088 τὸ
1364 1035 1532 1105 μῆλον
1557 1037 1666 1105 εἰη,

359 1129 631 1180 ιῖίποῦσαν
654 1128 736 1180 ὅτι
765 1127 1042 1196 βέϐρωκεν
1071 1127 1254 1196 ὅρκοις
1289 1127 1720 1197 καταλαμϐάνει.

369 1221 436 1272 Ἠ
467 1221 549 1284 δὲ,
582 1220 681 1289 τῆς
706 1219 876 1289 τύχης
899 1219 997 1289 τῆς
1025 1220 1250 1288 πικρᾶς,
1273 1221 1347 1283 ὡς
1372 1219 1538 1280 ἔοικε.
1568 1220 1934 1291 σφαλλούσης,

370 1313 694 1380 ’Λντόμνυσι
720 1313 1082 1379 κατατραγεῖν.
1119 1311 1252 1362 Τίνα
1279 1312 1348 1363 τὰ
1385 1313 1522 1380 μετά
1552 1311 1756 1377 ταῦτα;

360 1403 456 1464 Εὲς
490 1402 746 1464 ὑπονοίας
767 1403 794 1454 6
820 1401 1041 1470 κρατῶν
1077 1402 1176 1455 ούκ
1206 1401 1420 1470 ἀγαθάς
1448 1403 1740 1469 ἐμπίπτει,

359 1495 610 1546 Δείκνυσι
633 1494 694 1546 τὸ
720 1494 1118 1562 κρυπτόμενον,
1145 1493 1356 1563 ἐλέγχει
1380 1493 1742 1564 ψευδομένην,

359 1581 664 1652 θυμοῦται,
705 1581 976 1652 μαίνεται,
1010 1583 1179 1650 μισεῖ,
1213 1585 1400 1649 στυγεί
1421 1581 1520 1653 τὴν
1551 1582 1814 1653 βασιλίδα.

375 1670 658 1723 Ἐντεῦθεν
678 1669 1035 1739 ὲπεμόρμυρε
1060 1667 1168 1721 τῶν
1199 1669 1521 1739 πειρασμῶν
1547 1667 1608 1721 τὸ
1649 1669 1802 1738 κῦμα

365 1763 474 1813 Καὶ
506 1761 790 1830 συμφορᾶς
815 1761 848 1829 η
891 1757 1136 1812 θάλασσα
1164 1758 1386 1812 καὶτῶν
1410 1759 1595 1812 κακῶν
1621 1761 1650 1813 6
1693 1759 1899 1814 κλύδων
1923 1775 1938 1791 ο

376 1850 659 1904 Ἐντεῦθεν
692 1850 1054 1920 ἁνυπόςρορον,
1091 1850 1232 1920 ἥλιε,
1265 1850 1437 1912 πάθος
1456 1845 1620 1914 εἶδες.

380 1939 438 1992 '0
471 1940 577 2007 μὲν
600 1939 861 2002 Παυλῖνος
885 1939 1115 1994 θάνατον
1148 1938 1449 2010 ἐτρύγησεν
1471 1941 1701 2006 ἐκεῖθεν,

368 2028 479 2080 Καὶ
508 2027 660 2096 ξίφος
696 2027 1095 2098 αἱματόχαρτον
1117 2026 1347 2097 ὲμέθυσε
1376 2026 1455 2098 τῷ
1494 2027 1639 2097 φόνῳ
1670 2042 1686 2058 θ

383 2118 449 2170 Ἡ
474 2118 690 2187 βασιλὶς
719 2117 781 2170 τὸ
818 2120 974 2186 μῖσος
1007 2118 1064 2170 δὲ
1086 2116 1288 2185 γνοῦσα
1315 2117 1410 2170 τοῦ
1440 2116 1704 2186 βασιλέως

373 2212 466 2273 Εἰς
495 2209 654 2263 πόλιν
692 2209 1050 2281 Ἰερουσαλὴμ
1075 2209 1150 2272 ὡς
1186 2209 1231 2241 ⁸⁷
1263 2209 1428 2279 τάχος
1471 2211 1803 2278 ἀφικνεῖται,

371 2304 614 2356 Κάκείσε
647 2301 708 2354 τὸ
729 2301 1052 2372 λειπόμενον
1089 2300 1336 2356 ἀνύσασα
1362 2301 1457 2354 τοῦ
1491 2301 1609 2372 βίου

373 2395 418 2446 Τ
422 2393 488 2461 ἧς
517 2392 731 2460 φύσεως
759 2393 857 2462 τῆς
885 2393 1091 2462 γεηρᾶς
1123 2393 1392 2445 ὲκτίννυσι
1415 2391 1475 2444 τὸ
1507 2393 1688 2462 χρέος.

438 2476 602 2547 οὗτος
631 2485 660 2536 6
689 2483 966 2546 Θεοδόσιος
996 2478 1170 2536 τᾶλλα
1204 2483 1303 2553 μὲν
1326 2479 1395 2554 ἦν
1425 2484 1664 2548 ἀστεῖος,

382 2575 631 2644 Χαρίεις,
674 2575 1075 2644 μεγαλόδωρος,
1110 2574 1308 2644 βίϐλοις
1333 2574 1419 2626 ἀεὶ
1453 2575 1750 2646 σχολάζων,

395 2665 551 2717 Ἀλλὰ
575 2667 684 2729 τοῖς
717 2664 762 2695 ⁸⁸
793 2666 1204 2733 προτερήμασιν
1236 2660 1350 2734 εἶχε
1393 2668 1780 2720 συναναὸαἰνον

383 2753 489 2804 Καί
509 2769 562 2804 τι
581 2752 748 2806 κακὸν
775 2752 1013 2816 ζιζάνιον
1051 2747 1138 2804 οἷα
1168 2753 1261 2805 τοῦ
1287 2753 1403 2824 βίου
1436 2755 1602 2825 κῆρα.

383 2846 485 2897 Ἂν
505 2845 612 2916 γάρ
640 2863 724 2910 τις
755 2839 866 2898 οἷον
894 2845 1095 2915 δήποτε
1129 2844 1304 2917 τούτῳ
1342 2845 1583 2918 προσῆξε
1607 2847 1839 2919 χάρτην,

382 3094 534 3164 poris
587 3093 904 3164 imperatori
963 3094 1148 3161 miser,
1205 3110 1316 3166 quo
1362 3110 1588 3166 pomum
1642 3107 1949 3168 acceperat,

1486 371 1989 434 COMPENDIUM
2025 377 2497 442 CIIRONICUM.

3511 376 3610 440 333

1966 502 2002 552 Α
2049 493 2136 547 Ἐν
2161 494 2460 564 ὲρυθρῴοις
2485 492 2806 563 γράμμασιν
2821 491 2864 524 ’⁸⁸
2899 489 3062 544 αὐτὸν
3101 493 3444 563 ἐσημειουτο,

2031 586 2122 653 Μὴ
2156 587 2508 655 συσκοπήσας
2544 585 2618 656 μὴ
2648 585 2834 654 μαθὼν
2857 581 2944 637 οἷα
2967 583 3035 637 τὰ
3061 588 3451 656 γεγραμμένα.

2034 676 2222 740 Οὕτως
2250 677 2402 730 οὐδὲν
2431 677 2692 748 ἀκέραιον
2716 677 2773 729 ὲν
2799 676 3117 747 ἀνθρωπίνῃ
3144 675 3327 744 φύσει,

2034 767 2198 820 υύδὲν
2233 770 2333 838 τῆς
2363 767 2544 836 λώϐης
2567 767 2766 836 ἀμιγὲς
2798 767 2895 836 τῆς
2933 766 3042 818 τῶν
3089 767 3509 836 άποπτωμάτων
3539 770 3596 827 ³⁸.

2050 857 2113 911 Ἦ
2138 857 2317 912 τοίνυν
2351 860 2777 928 χαριτόστεπτος
2800 859 2892 911 καὶ
2911 857 3030 910 θεία
3062 859 3266 927 Πουλχε
3277 860 3367 928 ρία

2036 946 2241 1016 Πολλὴν
2261 947 2471 1000 ἐδείκνυ
2502 947 2600 1017 τὴν
2632 947 2864 1015 σπουδὴν
2898 947 3028 1017 περὶ
3054 946 3411 1016 τὸνβασιλέα,

2048 1037 2451 1107 Ἀπαλλαγῆναι
2508 1037 2736 1090 θέλουσα
2782 1037 2970 1090 τοῦτον
3030 1037 3132 1106 τῆς
3195 1039 3515 1109 ἁμαρτάδος
3538 1042 3607 1071 ⁵³·

2050 1127 2138 1189 Ὠς
2197 1127 2251 1179 δὲ
2305 1127 2506 1190 πολλὰς
2545 1129 2640 1180 καὶ
2675 1130 2921 1197 συνεχεῖς
2979 1128 3220 1192 πλέξασα
3261 1130 3610 1198 παραινέσεις

2040 1215 2148 1268 Καὶ
2171 1215 2351 1283 λόγοις
2388 1217 2716 1269 συνετίσασα
2748 1219 2794 1248 ⁸³
2817 1219 2930 1278 τοῖς
2963 1219 3448 1288 σωφρονιστηρίοις

2043 1305 2212 1358 Πλέον
2241 1307 2534 1376 ἐπέραινεν
2568 1306 2743 1373 οὐδὲν,
2780 1307 3036 1375 τεχνᾶταί
3059 1323 3113 1359 τι
3141 1307 3403 1374 τοιοῦτον,

2039 1397 2273 1467 Θηρεύει
2300 1413 2361 1450 τε
2389 1397 2480 1450 τὸν
2503 1397 2728 1465 ἀδελφὺν
2757 1397 3002 1460 ἀστείαις
3026 1398 3312 1460 ἐπινοίαις.

2042 1487 2338 1540 Πλάττεται
2369 1487 2576 1557 χάρτην
2602 1486 2677 1549 ὡς
2705 1486 2869 1541 αὐτοῦ
2902 1486 3064 1554 δῆθεν
3091 1486 3186 1540 τοῦ
3241 1485 3508 1556 βασιλέως

2041 1578 2261 1632 Οἰκέτιν
2285 1577 2648 1649 χαριζόμενον
2679 1577 2814 1647 αὐτῇ
2842 1576 2938 1647 τὴν
2977 1577 3245 1646 βασιλίδα.

2046 1671 2242 1723 Δίδωσι
2267 1667 2459 1722 τοῦτον
2491 1669 2538 1700 ⁸⁸
2555 1666 2822 1737 τάδελφῷ,
2841 1668 3010 1722 δεῖται
3035 1667 3128 1722 τοῦ
3146 1668 3410 1738 βασιλέως

2056 1759 2490 1831 Ἑνσημανθῆναι
2530 1758 2628 1830 τὴν
2650 1760 2869 1829 γραφὴν
2898 1758 2945 1791 ⁵⁸
2971 1758 3262 1829 γράμμασι
3300 1758 3615 1829 βασιλείοις.

1978 1841 2021 1896 Β
2058 1855 2117 1908 '0
2149 1853 2247 1924 μὲν
2280 1851 2575 1905 ἐπένευσεν
2600 1851 2736 1920 αὐτῇ
2766 1849 2939 1903 ταῦτα
2966 1849 3316 1922 λιταζομένῃ,

2048 1947 2156 1998 Καὶ
2187 1944 2424 2013 καλαμὶς
2443 1943 2502 1996 ἐν
2529 1945 2651 2005 ταῖς
2675 1943 2864 2013 χερσὶν
2887 1941 3052 2004 εὐθὺς
3078 1940 3170 1994 τοῦ
3195 1940 3478 2011 βασιλέως,

2048 2035 2158 2087 Καὶ
2189 2032 2646 2104 πορφυροϐάπτος
2673 2032 2877 2102 γραφὶς
2914 2031 3007 2084 τὸν
3039 2033 3246 2100 χάρτην
3281 2030 3569 2085 ἑπιστοῦτο
3603 2047 3617 2061 ·

2059 2122 2122 2176 'll
2151 2124 2208 2176 δὲ
2253 2125 2316 2176 τὸ
2357 2123 2592 2194 γράμμα
2640 2122 2918 2192 σημανθὲν
2968 2121 3045 2184 ὡς
3084 2121 3314 2190 ἕρμαιον
3361 2121 3619 2187 λασοῦσα,

2062 2216 2146 2277 Ὦς
2167 2213 2361 2284 δούλην
2389 2212 2775 2284 ἀργυρώνητον
2800 2208 2949 2265 εἷλκε
2974 2211 3071 2284 τὴν
3106 2212 3377 2282 βασιλίδα.

2049 2302 2156 2358 Τοῦ
2187 2305 2242 2357 δὲ
2279 2300 2729 2374 περιυϐρίζεσθαι
2769 2297 3042 2372 φήσαντος
3063 2303 3157 2354 ἐπὶ
3179 2301 3378 2372 τούτῳ,

2061 2397 2272 2465 Ἐκείνη
2304 2395 2365 2448 τὸ
2393 2393 2662 2464 βασίλειον
2684 2392 2965 2463 προῦφερε
2995 2395 3404 2463 γραμματεῖον,

2050 2488 2317 2541 Κάκεῖθεν
2343 2486 2727 2555 ἕλεγεν.αύτὴν
2755 2487 2836 2548 είς
2866 2484 3027 2537 τοῦτο
3050 2485 3412 2538 δικαιοῦσθαι.

2051 2580 2289 2648 Συνῆκεν
2309 2574 2401 2631 οὖν
2433 2578 2480 2610 ⁸⁵
2511 2579 2539 2630 6
2570 2577 2849 2646 βασιλεὺς,
2873 2575 3096 2646 ᾐδέσθη,
3120 2575 3492 2648 κατῃσχύνθη,

2063 2670 2354 2738 Ἀπέσχετό
2380 2685 2440 2721 τε
2464 2667 2556 2720 τοῦ
2582 2667 2768 2720 λοιποῦ
2792 2667 2996 2737 ταύτης
3021 2669 3116 2733 τῆς
3133 2666 3468 2735 ἀφροσύνης.

2051 2763 2160 2813 Καὶ
2183 2760 2342 2812 τοῦτο
2374 2757 2474 2828 μὲν
2501 2759 2579 2819 είς
2620 2757 2824 2826 ἀγαθὸν
2857 2757 3120 2826 κατέληξε
3151 2758 3212 2808 τὸ
3244 2756 3417 2820 τέλος,

2062 2849 2148 2912 Ὦς
2175 2848 2282 2920 ἄρα
2311 2865 2372 2916 γε
2396 2846 2776 2916 τρισεύδαιμον
2801 2848 2895 2900 καὶ
2926 2844 3087 2916 μέρος
3121 2845 3423 2913 εὐποτμίας

3305 2932 3462 2990 Vers.
3482 2935 3620 2992 2653

2051 3106 2248 3152 natura
2291 3095 2431 3150 nihil
2484 3104 2568 3150 est
2601 3093 2746 3164 quod
2786 3091 3010 3146 omnino
3061 3090 3134 3145 sit
3182 3088 3322 3144 labis
3354 3103 3548 3158 expers
3573 3099 3623 3145 et

381 3185 528 3254 quod
567 3201 882 3256 nuncupare
901 3186 1026 3256 quis
1042 3186 1212 3257 possit
1239 3187 1494 3242 lethalem
1523 3186 1651 3243 Orci
1689 3166 1949 3254 fructum,
1980 3166 2020 3221 θ
2053 3187 2122 3241 ab
2156 3186 2304 3241 omni
2340 3185 2684 3240 absurditate
2721 3183 2980 3238 alienum.
3011 3179 3378 3246 Quamobrem
3428 3179 3628 3237 divinis

381 3277 451 3330 ab
471 3278 587 3346 ipsa
611 3286 785 3332 morte
805 3277 1144 3348 Phttoneque
1168 3279 1461 3333 consitum.
1487 3279 1786 3348 Imperator
1808 3281 1956 3335 obla-

384 3375 500 3420 tum
534 3367 760 3434 intueri,
797 3382 924 3421 mox
953 3381 1275 3437 agnoscere,
1306 3367 1445 3422 clam
1487 3367 1631 3437 apud
1670 3382 1728 3423 se
1763 3369 1952 3422 occul-

383 3469 498 3512 tare
532 3473 598 3512 ac
622 3461 882 3523 retinere,
906 3459 1193 3529 conjugem
1225 3459 1564 3528 interrogare
1596 3459 1821 3514 ubinam
1851 3475 1953 3528 po-

383 3563 533 3602 ntum
575 3548 642 3602 ab
671 3563 730 3604 se
769 3548 958 3604 datum
995 3549 1222 3604 haberet
1257 3568 1273 3606 :
1307 3550 1398 3604 illa
1426 3549 1760 3619 respondere
1797 3567 1954 3604 man-

381 3640 642 3694 ducatum
683 3639 754 3694 ab
794 3655 854 3695 se
892 3655 1034 3695 esse.
1073 3639 1284 3696 Rursus
1322 3642 1619 3711 imperator
1654 3643 1705 3698 ei
1741 3642 1954 3696 deferre

377 3729 763 3800 jusjurandum
798 3747 810 3784 :
839 3730 930 3784 illa
963 3744 1061 3800 per
1089 3745 1356 3785 summam
1386 3730 1758 3786 infelicitatem
1782 3747 1958 3785 sacra-

381 3831 572 3876 mento
597 3820 923 3875 confirmare
953 3835 1172 3889 pomum
1205 3821 1274 3875 ab
1301 3835 1360 3876 se
1392 3820 1783 3875 manducatum
1811 3836 1951 3875 esse.

381 3913 528 3980 Quid
565 3913 698 3968 hinc
732 3911 942 3968 factum
969 3913 992 3966 ?
1024 3913 1322 3982 Imperator
1355 3912 1764 3981 suspicionibus
1800 3912 1956 3965 malis

382 4007 693 4077 indulgere,
721 4020 944 4076 pomum
973 4003 1351 4059 absconditum
1371 4003 1640 4074 proferre,
1670 4003 1955 4073 eonjngent

384 4096 660 4152 mendacii
701 4096 1052 4162 convincere,
1068 4095 1482 4159 excandescere,
1499 4095 1699 4158 furere,
1723 4095 1957 4164 impera-

385 4189 585 4243 tricem
628 4188 758 4242 odio
791 4189 1072 4258 persequi.
1117 4188 1289 4258 Atque
1328 4187 1458 4241 hinc
1483 4187 1595 4257 jam
1633 4186 1834 4240 fluctus
1866 4186 1956 4240 ille

387 4278 775 4344 tentationum,
801 4293 949 4332 mare
967 4277 1359 4341 calamitatum,
1374 4284 1668 4344 tempestas
1689 4275 1956 4329 malorum

385 4368 718 4433 exundavit;
747 4367 878 4422 hinc
900 4367 1110 4421 facinus
1139 4366 1446 4436 indignum,
1477 4365 1580 4431 sol,
1603 4363 1954 4433 conspexisti.

385 4459 524 4513 Nam
565 4459 829 4512 Paulinus
861 4458 932 4512 ob
965 4459 1104 4512 hanc
1139 4471 1357 4512 causam
1397 4454 1719 4510 interfectus
1763 4465 1866 4520 est,
1903 4464 1958 4508 et

388 4551 709 4620 imperatrix
730 4551 858 4606 odio
882 4549 1063 4604 mariti
1091 4558 1374 4618 perspecto
1406 4548 1660 4603 celeriter
1697 4545 1952 4600 Hieroso-

389 4641 590 4711 lymam
623 4640 1022 4710 proficiscitur,
1055 4647 1218 4709 atque
1250 4639 1326 4692 ibi
1355 4645 1548 4693 exacto
1584 4637 1798 4707 reliquo
1832 4628 1959 4690 vitae

391 4744 639 4801 tempore
673 4731 892 4785 tandem
926 4741 1134 4784 natura:
1160 4729 1407 4784 debitum
1433 4728 1717 4799 persolvit.

462 4825 595 4878 Erat
622 4823 914 4892 επιστοηυί
950 4821 1296 4876 Theodosius
1327 4821 1518 4886 comis,
1551 4819 1785 4885 facetus,
1818 4817 1960 4872 libe-

391 4915 544 4978 ralis,
585 4928 801 4984 semper
835 4912 1153 4967 lectitandis
1191 4911 1348 4966 libris
1387 4921 1686 4980 occupatus
1718 4929 1732 4964 :
1766 4925 1957 4964 verum

389 5009 540 5061 inter
575 5005 676 5058 has
703 5004 938 5058 virtutes
975 5003 1138 5058 etiam
1173 5003 1314 5056 mala
1346 5002 1594 5072 quaedam
1626 5001 1798 5056 herba
1831 5015 1959 5055 sue-

387 5097 698 5162 crcscebat,
750 5108 809 5150 ut
859 5103 988 5150 sunt
1038 5110 1128 5149 res
1172 5095 1444 5148 humanm.
1476 5094 1611 5148 Nam
1647 5093 1692 5147 si
1740 5093 1864 5162 quis
1911 5093 1962 5146 ci

389 5191 640 5243 chartam
679 5187 928 5248 offerret,
974 5186 1158 5240 rubris
1194 5185 1250 5239 in
1299 5199 1363 5238 ea
1395 5185 1594 5239 litteris
1631 5199 1833 5238 nomen
1863 5182 1964 5235 im-

389 5279 730 5350 peratorium
777 5278 1177 5340 subscribebat,
1235 5292 1344 5331 non
1396 5275 1658 5345 inspectis
1701 5275 1853 5344 prius
1896 5273 1964 5326 iis

387 5385 514 5442 qua:
555 5379 741 5426 essent
788 5371 844 5425 in
887 5385 952 5424 ea
977 5369 1299 5440 perscripta.
1335 5368 1607 5422 Nimirum
1631 5354 1692 5422 in
1723 5367 1958 5420 humana

2054 3285 2315 3332 exornata
2349 3276 2571 3330 dotibus
2618 3273 2930 3337 Pulcheria,
2985 3272 3212 3326 fratrem
3259 3271 3328 3324 ab
3363 3273 3469 3324 hoc
3495 3271 3627 3325 vitio

2056 3384 2310 3424 revocare
2344 3368 2596 3429 studens,
2631 3365 2896 3437 singulari
2925 3363 3208 3434 diligentia
3241 3361 3626 3432 imperatorem

2054 3458 2332 3512 monebat.
2362 3456 2470 3528 56
2495 3457 2688 3511 Postea
2717 3471 2847 3510 vero
2874 3469 3036 3524 quam
3061 3453 3228 3507 variis
3257 3461 3313 3506 et
3347 3452 3630 3506 continuis

2055 3549 2527 3604 admonitionibus
2572 3563 2668 3602 usa
2715 3545 3193 3616 prudentibusque
3242 3543 3426 3596 verbis
3462 3543 3632 3596 casti-

2055 3647 2179 3710 gato
2214 3639 2384 3692 fratre
2423 3637 2561 3691 nihil
2593 3651 2652 3690 se
2682 3635 2949 3706 proficere
2981 3641 3258 3697 cerneret,
3315 3631 3632 3700 hujusmodi

2056 3731 2317 3800 quiddam
2358 3729 2598 3783 instituit
2631 3743 2694 3781 ac
2727 3726 2916 3780 molita
2949 3734 3052 3778 est.
3103 3723 3436 3793 Excogitatis
3479 3722 3634 3788 inge-

2055 3825 2212 3876 niose
2248 3820 2556 3874 rationibus
2595 3819 2818 3873 fratrem
2853 3814 3235 3878 circumvenit,
3283 3813 3498 3865 litteras
3528 3813 3632 3864 fin-

2058 3913 2156 3982 git,
2213 3912 2267 3965 in
2335 3910 2538 3980 quibus
2597 3907 2958 3978 perscriptum
3036 3905 3176 3958 foret
3243 3903 3629 3970 imperatorem

2056 4003 2360 4059 Pulcheria:
2395 4001 2570 4056 sorori
2604 4000 2889 4067 conjugem
2922 4010 3075 4049 suam
3101 3992 3268 4048 veluti
3299 3991 3630 4058 mancipium

2057 4093 2332 4164 quoddam
2366 4091 2620 4145 donasse.
2660 4087 2809 4142 Hanc
2840 4086 3083 4139 chartam
3135 4082 3288 4136 fratri
3321 4080 3503 4143 offert,
3541 4095 3632 4132 ro-

2058 4193 2148 4256 gat
2186 4186 2328 4238 hanc
2362 4183 2692 4250 scripturam
2743 4177 2942 4231 litteris
3002 4172 3370 4246 imperatoriis
3415 4172 3632 4252 munire

2058 4292 2122 4331 ac
2173 4275 2493 4344 subsignare
2544 4271 2697 4326 velit.
2749 4270 3055 4337 Imperator
3109 4265 3366 4335 precibus
3425 4265 3632 4318 sororis

2059 4367 2272 4432 annuit,
2306 4379 2428 4418 mox
2457 4363 2723 4418 ealamum
2762 4359 3054 4430 prehendit
3086 4373 3272 4420 manu,
3307 4365 3360 4409 et
3389 4355 3632 4410 exaratis

1991 4489 2030 4541 υ
2060 4456 2323 4526 purpurei
2367 4453 2572 4509 coloris
2610 4453 2808 4506 litteris
2857 4449 3102 4504 chartam
3151 4446 3456 4501 confirmat.
3506 4445 3633 4498 Pub-

2060 4546 2246 4602 eheria
2298 4545 2508 4598 litteras
2558 4557 2724 4596 manu
2775 4541 2960 4594 fratris
3013 4537 3352 4605 subscriptus
3404 4535 3632 4605 insignis

2057 4637 2196 4691 lucri
2226 4636 2348 4690 loco
2379 4633 2602 4703 accipit,
2636 4641 2692 4686 et
2726 4629 3131 4700 imperatricem
3182 4627 3354 4681 instar
3394 4627 3630 4693 coempti

2056 4729 2237 4797 pretio
2291 4724 2546 4794 mancipii
2587 4737 2774 4778 secum
2819 4720 3067 4775 abducit.
3101 4717 3238 4774 Cum
3288 4715 3634 4769 Theodosius

2057 4835 2087 4873 a
2119 4832 2308 4873 sorore
2338 4816 2540 4887 injuria
2567 4829 2626 4870 se
2656 4810 3031 4869 dieeret‘aﬂici
3059 4807 3398 4880 gravissima,
3417 4806 3632 4859 litteras

2057 4908 2408 4978 imperatoris
2460 4906 2551 4959 illa
2610 4903 2849 4957 vicissim
2906 4899 3175 4969 proferre,
3229 4911 3396 4963 seque
3447 4893 3632 4948 dicere

2059 4998 2259 5053 fretam
2291 4997 2379 5050 his
2421 4995 2630 5064 optimo
2660 4993 2783 5062 jure
2813 4989 2958 5058 quod
3005 4988 3210 5041 faceret
3247 4985 3449 5039 facere.
3492 4983 3631 5037 Tum

2063 5105 2196 5146 vero
2231 5104 2348 5142 rem
2402 5088 2700 5156 imperator
2729 5081 3058 5150 intelligere,
3107 5078 3316 5148 pudore
3364 5077 3632 5140 suffundi,

2065 5181 2134 5236 ab
2161 5179 2430 5252 ejusmodi
2461 5176 2692 5232 stultitia
2716 5173 2976 5242 deinceps
3007 5170 3113 5224 sibi
3161 5184 3378 5233 cavere,
3427 5169 3631 5223 factum

2064 5273 2243 5344 ipsum
2283 5270 2521 5340 denique
2567 5266 2888 5338 praeclarum
2925 5264 2994 5317 ad
3036 5263 3198 5317 finem
3235 5261 3483 5316 tendere.
3535 5260 3634 5314 Ni-

2067 5368 2266 5419 mirum
2298 5363 2354 5418 in
2389 5377 2583 5432 magna
2622 5357 2900 5412 felicitatis
2934 5363 3086 5424 parte
3119 5354 3500 5409 collocandum
3527 5360 3632 5412 est,

1707 5506 1906 5568 Varim
1960 5502 2288 5595 lectiones;

462 5636 643 5718 δξγὰρ
670 5636 745 5718 μὴ
779 5651 1089 5718 συμπαρῳν
1112 5632 1468 5718 τῷῇπαλατίιρ
1506 5631 1628 5718 τότε
1665 5632 1745 5718 R'.‘
1806 5630 1982 5718 "utb;]
2015 5631 2074 5683 τὸ
2101 5628 2227 5718 BR.

2331 5627 2376 5660 "
2399 5624 2531 5695 τοῖς]
2563 5623 2670 5693 γὰρ
2701 5624 2766 5695 Α)
2868 5621 2912 5695 ἱῗ
2941 5617 3231 5695 ὲρξδθρόοις.
3255 5615 3534 5695 ἓᾷμμῖιέιν
3565 5609 3630 5664 ίί·

386 5706 432 5738 ⁸⁸
462 5683 1682 5777 α’μαρτίας
1708 5683 1773 5756 li.
1849 5702 1893 5734 ⁵³
1932 5683 2286 5766 σθνετίζουσα
2316 5698 2377 5751 ιι.
2457 5683 2707 5763 Macta
2734 5694 2797 5746 A.
2876 5690 2923 5723 ”
2963 5683 3026 5758 τῇ
3052 5683 3236 5757 γραφῇ
3258 5683 3334 5742 ιι.
3376 5683 3381 5684 “
3417 5683 3462 5712 ³⁵
3505 5697 3630 5732 ow-

386 5781 484 5847 ἧκε
511 5778 638 5848 γοῦν
666 5778 779 5834 AR.

2363 5886 2368 5890 ν
2396 5882 2430 5889 ..ο
