4136 6422
506 359 614 423 323

508 468 696 535 Εὕνοις
726 467 1035 540 ἀνθρώποις
1063 468 1329 521 συνοικεῖν
1359 468 1454 522 καὶ
1479 466 1735 538 καθαρῶς
1759 466 1973 535 φιλοῦσι

508 564 621 616 Καὶ
646 563 722 631 μὴ
745 560 1222 631 καταρυπαίνουσι
1250 560 1316 613 τά
1341 560 1439 630 τῆς
1462 559 1843 629 φιλαλληλίας.

583 654 704 706 Ἔτι
730 651 1304 723 σκηπτροκρατοῦντος
1331 651 1388 705 δὲ
1417 651 1610 705 τούτου
1638 652 1732 706 τοῦ
1768 652 2053 722 βασιλέως,

520 742 972 813 Ἀφυπνισθέντες
1029 741 1290 813 ὤφθησαν
1345 743 1405 805 ἐξ
1455 742 1625 797 ῦπνου
1674 744 2083 816 μακροὶέκτρου

520 833 688 886 Ἑπτά
707 832 1178 903 καρτερικώτατοι
1205 835 1481 904 μάρτυρες
1504 834 1730 888 νεανίαι.

507 921 619 993 Τὴν
646 922 850 974 λύσσαν
882 923 990 992 γὰρ
1019 924 1386 991 ἐκφεύγοντες
1407 923 1502 976 τοῦ
1529 923 1826 985 δυσσεὸοῦς
1866 923 2081 989 Δεκίου,

508 1015 601 1077 Εἰς
626 1014 889 1084 σπήλαιον
918 1015 1220 1086 αὑτὸροφον
1252 1015 1388 1085 ὁμοῦ
1420 1015 1852 1079 συνεισελθόντες

507 1107 632 1168 Τοῖς
658 1107 805 1177 ὅροις
832 1108 1240 1176 παρακείμενον
1269 1108 1471 1170 πόλεως
1517 1106 1799 1174 Ἐφεσίων,

508 1196 683 1248 Βαθὺν
722 1198 816 1250 καί
867 1197 1316 1266 μακροκοίμητον
1363 1194 1502 1267 ἦσαν
1553 1197 1851 1261 ὑπνοῦντες
1893 1198 2080 1257 ὕπνον.

521 1286 978 1353 ’Λφυπνισθέντες
1006 1287 1127 1339 τότε
1158 1287 1215 1339 δὲ
1242 1287 1335 1339 καὶ
1368 1289 1480 1351 τοῖς
1512 1290 1723 1351 πιστοῖς
1751 1290 2086 1357 γνωσθέντες

510 1377 620 1428 Καὶ
650 1377 970 1445 τιμηθέντες
996 1379 1127 1448 παρ’
1148 1377 1329 1431 αὐτῶν
1355 1378 1452 1430 καὶ
1477 1379 1629 1449 παρά
1650 1380 1917 1449 βασιλέως

508 1468 613 1521 Τὸν
644 1472 902 1539 νήγρετον
929 1470 1257 1539 κατέδαρθον
1290 1473 1385 1524 καὶ
1406 1471 1716 1525 τελευταῖον
1748 1471 1938 1526 ὕπνον.

574 1558 821 1628 Σεισμῶν
851 1559 1271 1631 άλλεπαλλήλων
1304 1561 1361 1614 δὲ
1382 1561 1487 1629 γῆν
1517 1563 1813 1615 κινούντων
1833 1563 2052 1633 ῥιζόθεν

508 1645 618 1700 και
632 1650 992 1704 συσσειόντων
1011 1650 1109 1713 τάς
1127 1652 1303 1721 ψυχάς
1331 1651 1428 1705 ἀνθ
1436 1651 1637 1722 ρώπων
1658 1654 1750 1706 καὶ
1766 1654 2083 1731 δονούντων,

510 1740 620 1793 Καὶ
650 1740 888 1811 πλήθους
916 1740 1013 1794 τοῦ
1043 1742 1399 1812 φιλευσεϐοῦς
1434 1744 1569 1799 Θεὸν
1600 1745 1934 1817 ίλεουμένου,

508 1827 713 1897 Δτφνης
739 1830 948 1883 παιδίον
982 1833 1232 1901 ἀρπαγὲν
1258 1832 1305 1865 ⁸⁸
1338 1835 1529 1905 μέχρις
1553 1837 1768 1907 αἰθέρος
1794 1839 1909 1892 ἀνω

506 1915 612 1967 Τὸν
644 1915 819 1986 ὕμνον
859 1918 951 1973 τὸν
978 1922 1264 1991 τρισάγιον
1295 1923 1528 1993 ἤκουσεν
1562 1926 1656 1979 ὑπ’
1684 1928 1954 1995 ἀγγέλων.

510 2004 789 2075 Ἔμπαλιν
811 2008 866 2061 δὲ
892 2011 1214 2081 κατενεχθὲν
1252 2012 1438 2083 (βαϐαὶ
1468 2017 1704 2089 φρικτῆς
1733 2018 1917 2088 ἰσχύος
1938 2019 1979 2089 Ι)

520 2095 608 2169 Ἑν
643 2099 830 2167 μέσως
858 2099 1116 2170 ἐξεθόησε
1151 2103 1287 2169 ,πῶς
1321 2108 1427 2175 χρὴ
1452 2106 1544 2158 τὸν
1572 2106 1738 2177 ὕμνον
1763 2109 1984 2163 πλέκειν
2016 2110 2083 2143 ⁸⁷⁸

506 2182 685 2242 Ἱισαν
699 2192 794 2243 καὶ
818 2192 927 2262 γάρ
946 2193 1008 2245 οὐ
1030 2195 1135 2264 πρὸ
1152 2195 1348 2249 πολλοῦ
1367 2199 1503 2267 πρὶς
1524 2198 1715 2251 τοῦτον
1732 2200 2081 2271 ἐσφαλμένοι.

569 2274 738 2343 Οὗτος
765 2284 794 2335 ὁ
813 2281 1089 2347 Θεοδόσιος
1123 2287 1275 2357 παρὰ
1302 2288 1395 2341 τοῦ
1430 2290 1748 2359 Χρυσαφίου

520 2370 847 2442 Ἀπατηθεὶς
872 2375 963 2426 καὶ
1003 2377 1325 2446 πικρανθεὶς
1373 2382 1516 2434 κατὰ
1544 2381 1590 2413 ⁵⁸
1616 2382 1718 2453 τῆς
1752 2381 2086 2453 Πουλχερίας

508 2461 739 2523 Πολλαῖς
777 2462 1037 2527 πολλάκις
1072 2469 1399 2538 πειρασμῶν
1445 2473 1767 2526 κατέκνισεν
1821 2475 2086 2537 ἀκάνθαις

508 2552 620 2618 Τὴν
643 2551 843 2615 πάσαις
860 2554 1283 2626 κατακόσμητον
1309 2557 1417 2612 τῶν
1438 2561 1651 2630 ἀρετῶν
1686 2562 1873 2626 ἰδέαις.

510 2640 776 2713 Εὑνοῦχος
796 2643 841 2695 δ’
868 2639 936 2714 ἦν
961 2646 1301 2716 Χρυσάφιος,
1323 2651 1602 2722 ἀλάστωρ,
1619 2654 1922 2725 κακοήθης,

521 2730 831 2819 Ἐξξάγιστος
853 2737 949 2788 καὶ
976 2736 1164 2804 φόνιος
1194 2741 1239 2773 ⁸⁸
1258 2743 1352 2796 καὶ
1380 2743 1633 2815 βδελυρὸς
1659 2748 1785 2811 τοὺς
1811 2749 2085 2819 τρόπουςῄ

507 2814 583 2873 Οὗ
613 2820 712 2892 τὴν
733 2823 977 2877 κακίανὸ
1007 2829 1226 2903 κρατῶν
1254 2829 1329 2895 ὡς
1356 2814 1581 2902 ὕστερον
1601 2834 1847 2913 ἐπέγνω,

506 2910 796 2981 Δημεύσας
818 2912 908 2967 τὸν
928 2919 1239 2988 κατάρατον
1269 2924 1364 2975 καὶ
1396 2923 1610 2994 πένητα
1637 2910 1872 2995 ποιήσας

1672 350 2175 415 CONSTANTINI
2217 353 2589 416 MANASSIS

2114 480 2160 533 Α
2201 468 2503 542 ’Υπερορίᾳ
2528 469 2740 541 χαλεπῇ
2766 469 3132 542 παρέπεμψεν
3154 470 3402 535 ἐνδίκως.

3651 357 3760 422 θεά

2191 559 2331 629 Ἤδη
2361 560 2416 612 δὲ
2443 559 2602 631 χρέος
2623 559 2684 612 τὸ
2712 559 2891 613 κοινὸν
2916 560 3010 614 τοῦ
3036 560 3321 614 Θεοδοσίου
3350 561 3537 622 δόντος

2187 648 2297 702 Καὶ
2346 650 2446 716 τὴν
2483 647 2579 700 τοῦ
2606 647 2864 716 σώματος
2903 647 3076 717 πηλὸν
3113 649 3195 711 είς
3244 649 3350 716 γῆν
3394 649 3765 719 ἀποθεμένου,

2188 739 2573 808 Κρατήσαντος
2597 740 2656 790 ὲν
2682 737 2828 791 ἔτεσι
2860 740 3156 809 τριάκοντα
3181 739 3331 810 τρισί
3360 756 3444 803 τε,

2186 830 2282 894 Εἰς
2313 830 2648 901 Πουλχερίαν
2692 830 2793 901 τὴν
2826 831 2999 902 καλὴν
3047 832 3110 884 τὸ
3163 832 3367 903 κράτος
3425 831 3767 903 μεταϐαίνει,

2187 921 2345 983 Ἤτις
2378 920 2560 989 σοφῶς
2602 920 2695 974 καὶ
2723 921 2957 984 συνετῶς
2977 923 3118 988 ἄγαν
3151 922 3559 993 βουλευσαμένη

2196 1011 2284 1073 Ὠς
2324 1010 2588 1080 βασιλέως
2641 1011 2903 1082 χρῄζουσι
2959 1013 3028 1065 τὰ
3085 1014 3385 1083 πράγματα
3453 1014 3765 1085 Ῥωμαίων,

2184 1105 2585 1158 Μετακαλεῖται
2612 1104 2705 1158 τὸν
2737 1106 2974 1175 χρηστὸν
2996 1107 3316 1177 Μαρκιανὺν
3344 1106 3566 1172 αὐτίκα,

2188 1196 2395 1266 ’Δνδρα
2440 1192 2662 1267 σεμνοῖς
2693 1196 3050 1266 ἐμπρέποντα
3081 1198 3177 1249 καὶ
3206 1197 3478 1266 φιλοθέοις
3518 1199 3769 1268 τρόποις,

2183 1286 2295 1339 Καὶ
2321 1285 2674 1354 καταδήσασα
2700 1286 2951 1355 φρικτοῖς
2988 1287 3084 1338 καὶ
3120 1284 3447 1356 βαρυτάτοις
3475 1287 3661 1357 ὅρκοις

2198 1375 2596 1445 Ἀδιαλώὸητον
2626 1375 2798 1446 αὐτῆς
2831 1378 3067 1447 τηρῆσαι
3089 1377 3188 1446 τὴν
3208 1378 3458 1444 ἁγνείαν,

2184 1467 2297 1519 Καὶ
2331 1466 2864 1535 συγκατατιθέμενον
2901 1466 3139 1537 εὑροῦσα
3167 1470 3261 1520 καὶ
3292 1470 3385 1522 τὸν
3424 1470 3618 1539 ἀνδρα,

2184 1558 2259 1610 Τὸ
2285 1559 2479 1627 στέφος
2514 1557 2860 1629 περιτίθησιν
2883 1559 3033 1628 αὐτῷ
3060 1561 3159 1628 τῆς
3180 1557 3480 1628 βασιλείας,

2183 1649 2288 1701 Τὸν
2317 1648 2373 1701 δέ
2419 1649 2738 1718 Χρυσάφιον
2759 1648 2944 1719 πικρῷ
2975 1649 3191 1720 θανάτῳ
3212 1647 3543 1717 καθυπάγει.

2255 1740 2478 1802 Πάντως
2496 1740 2647 1794 δὀὐκ
2663 1741 2890 1812 ἄκαιρόν
2903 1743 3069 1806 ἑστιν,
3088 1742 3208 1795 οὐδὲ
3223 1745 3322 1811 τῆς
3337 1742 3530 1813 τέχνης
3552 1744 3766 1814 πόρρω,

2114 1820 2157 1875 Β
2187 1832 2375 1884 Είπεῖν
2399 1831 2527 1901 περὶ
2554 1831 2880 1902 Μαρκιανοῦ
2920 1830 3085 1885 πόθεν
3113 1832 3210 1885 καὶ
3234 1832 3322 1895 τίς
3354 1831 3591 1902 ὑπῆρχε.

2187 1922 2367 1992 Πένης
2387 1923 2488 1993 μὲν
2507 1916 2579 1993 ἦν
2618 1921 2715 1976 καὶ
2747 1922 3026 1987 ταπεινὸς,
3054 1922 3192 1976 ἀλλά
3222 1924 3459 1993 χρηστὸς
3486 1926 3615 1987 τοὺς
3633 1923 3766 1997 τρό·

3551 2014 3712 2087 ξπους
3745 2030 3766 2047 ⁶

2186 2106 2301 2159 Οὐκ
2329 2104 2475 2159 ovat
2503 2106 2697 2174 γένους
2719 2103 2996 2170 εὐκλεοῦς,
3023 2103 3146 2158 οὐδὲ
3173 2104 3284 2159 τῶν
3307 2105 3626 2177 έπισήμων,

2185 2199 2315 2261 Ταῖς
2344 2197 2531 2263 τάξεσι
2563 2197 2877 2252 συνείλεκτο
2903 2197 2947 2228 ⁶⁶
2988 2199 3109 2259 ταῐς
3136 2198 3246 2251 τῶν
3294 2196 3766 2268 στρατευομένων.

2191 2290 2351 2359 ’Δρτι
2375 2290 2432 2343 δὲ
2462 2289 2657 2359 νέφους
2682 2289 2911 2360 ἰσχυρᾶς
2947 2287 3126 2358 μάχης
3148 2288 3552 2359 ἀνφραγέντος

2186 2381 2296 2433 Καὶ
2325 2381 2562 2452 Πέρσαις
2586 2382 2701 2442 τοῖς
2741 2381 3078 2452 ὑπέρφροσιν
3102 2380 3396 2448 ἐπάγοντος
3435 2377 3767 2450 Ῥωμαίους,

2185 2473 2348 2543 Νόσῳ
2373 2472 2597 2541 ληφθεὶς
2622 2473 2942 2543 Μαρκιανὸς
2960 2473 3191 2528 θάνατον
3215 2472 3519 2546 ἀπειλοῦσι]

2190 2564 2289 2618 Ἔν
2324 2582 2432 2618 τινι
2455 2564 2618 2637 κώμη
2646 2567 2744 2635 τῆς
2762 2566 3023 2636 λαμπρᾶς
3041 2566 3258 2619 Λυκίων
3285 2567 3555 2636 ἐπαρχίας

2187 2656 2496 2727 Κατέμεςινε
2525 2660 2847 2727 σωματικῆς
2874 2658 3037 2727 χάριν
3058 2656 3409 2726 νοσοκομίας.

2190 2745 2362 2799 Ἔνθα
2381 2746 2566 2814 φιλίαν
2600 2744 2849 2817 ἐσχηκὼς
2876 2747 3009 2816 πρός
3037 2762 3191 2809 τινας
3224 2746 3604 2818 αὐθομαίμους

2189 2836 2363 2907 Συνῆν
2391 2839 2488 2890 καὶ
2518 2836 2885 2907 συνδιέτριϐεν
2902 2837 2982 2900 ὼς
3011 2836 3166 2905 φίλος
3205 2838 3360 2908 παρὰ
3382 2838 3587 2906 φίλοις,

2190 2928 2303 2983 Καὶ
2334 2929 2433 3001 τῆς
2465 2929 2692 3001 δεούσης
2710 2928 2841 3001 παρ’
2863 2928 3044 2983 αὐτῶν
3070 2929 3327 2999 προνοίας
3355 2930 3592 3000 ἠξιοῦτο.

3435 3021 3587 3079 Vers.
3618 3025 3768 3082 2788

508 3112 555 3168 si
581 3115 707 3185 quis
756 3116 901 3173 inter
941 3120 1197 3177 homines
1242 3120 1566 3191 benevolos,
1616 3125 1741 3182 vitae
1772 3145 1926 3198 purae
1967 3141 2083 3187 stu-
2110 3161 2153 3219 ρ
2185 3136 2507 3203 eunuchus,
2555 3136 2867 3193 communis
2899 3137 3187 3192 hominum
3219 3138 3512 3209 perniCieS.
3555 3139 3771 3208 impro-

512 3198 687 3219 ..μη
818 3216 821 3219 ,
1132 3217 1138 3219 Α
1307 3212 1320 3219 .
1363 3212 1377 3219 -
1540 3213 1576 3219 --

508 3198 714 3268 diosos,
748 3216 994 3259 amorem
1028 3217 1283 3263 mutuum
1306 3212 1431 3267 labe
1458 3213 1617 3269 nulla
1647 3219 2084 3277 contaminantes
2110 3198 2153 3219 υ
2186 3228 2310 3295 bus,
2342 3228 2592 3298 impuris,
2628 3229 3018 3300 sanguinariis,
3073 3230 3428 3285 exsecrandis
3475 3231 3723 3287 moribus
3751 3252 3765 3287 :

508 3287 689 3359 degat.

577 3381 848 3438 (laterum
891 3387 1224 3457 imperatore
1252 3392 1566 3451 Theodosio
1601 3414 1789 3455 rerum
1840 3403 2082 3471 potiente

510 3480 721 3541 septem
764 3475 842 3529 illi
876 3476 1111 3547 juvenes
1135 3520 1149 3545 ,
1212 3493 1485 3556 martyres
1527 3488 1932 3547 tolerantissimi
1960 3535 1974 3559 ,
2014 3496 2082 3550 de

509 3575 704 3616 somno
755 3564 1077 3638 longissimo
1115 3578 1420 3643 experrecti
1471 3594 1533 3633 ac
1592 3582 1754 3652 vulgo
1802 3587 2081 3656 conspecti

511 3659 658 3704 sunt.
689 3652 826 3707 Nam
858 3667 916 3712 ut
943 3659 1093 3714 Decii
1138 3662 1382 3721 furorem
1422 3670 1717 3735 evitarcnt,
1754 3674 1808 3728 in
1840 3652 2080 3734 nativam

509 4114 763 4170 peratore
800 4125 998 4181 magno
1040 4114 1095 4167 in
1130 4116 1339 4175 honore
1382 4122 1586 4190 habiti,
1640 4142 1832 4183 rursus
1878 4129 2082 4186 inexci-

512 4192 662 4283 tabili
702 4207 1091 4272 postremoque
1125 4222 1323 4277 sepore
1353 4216 1591 4283 correpti
1623 4215 1869 4275 fuerunt.

579 4282 786 4339 Eodem
840 4291 1145 4359 imperante
1199 4313 1323 4351 cum
1377 4282 1623 4357 continui
1689 4315 1847 4363 terrae
1904 4320 2086 4367 motus

510 4375 697 4429 omnia
741 4381 945 4446 passim
993 4382 1246 4442 funditus
1292 4402 1645 4449 succuterent
1680 4414 1897 4469 unaque
1938 4418 2085 4458 mor-

510 4464 700 4518 talium
766 4470 982 4525 animos
1031 4478 1414 4548 percellerent,
1455 4485 1657 4540 accidit
1715 4500 1773 4545 ut
1829 4494 2083 4564 religiosa
2116 4505 2159 4562 ι)

2186 3317 2290 3388 57
2319 3319 2477 3388 cujus
2502 3319 2804 3388 nequitiam
2833 3320 2924 3374 ubi
2952 3320 3212 3389 deinceps
3237 3320 3536 3389 imperator
3559 3337 3769 3392 cogno-

2185 3409 2377 3471 visset,
2418 3408 2714 3478 publicatis
2746 3409 2909 3464 bonis
2938 3410 3219 3465 hominem
3270 3410 3337 3465 ad
3382 3421 3768 3482 paupertatem

2184 3500 2471 3555 redactum
2508 3500 2823 3570 :equissima
2869 3502 2975 3556 lata
3021 3502 3294 3558 sententia
3336 3504 3512 3558 solum
3546 3515 3769 3561 vertere

2180 3591 2364 3662 jussit.
2390 3591 2531 3646 Cum
2560 3604 2746 3648 autem
2775 3609 3067 3651 commune
3089 3594 3333 3650 debitum
3355 3604 3566 3651 natura:
3588 3596 3774 3652 Theo-

2184 3685 2374 3741 dosius
2406 3686 2782 3755 persolvisset,
2835 3689 3058 3758 jamque
3109 3688 3389 3758 pulverem
3431 3690 3681 3759 corporis
3712 3694 3770 3745 in

2187 3784 2387 3830 terram
2419 3776 2786 3846 deposuisset,
2820 3778 2888 3832 ad
2925 3779 3199 3849 egregiam
3234 3780 3381 3834 illam
3416 3780 3769 3839 Pulcheriam

2059 3882 2083 3894 '
2184 3868 2476 3938 imperium
2502 3870 2772 3940 pervenit.
2800 3871 2878 3926 Ea
2908 3888 3041 3927 vero
3064 3874 3345 3943 sapienter
3374 3875 3672 3933 admodum
3708 3895 3771 3937 re

2183 3957 2509 4022 deliberata,
2539 3967 2596 4012 et
2629 3959 3014 4018 animadverso
3048 3978 3163 4018 rem
3198 3965 3499 4021 Romanam
3532 3969 3774 4039 impera-

1979 4037 2082 4092 iln-
2184 4050 2323 4104 toris
2354 4065 2537 4121 egere,
2563 4066 2690 4106 mox
2723 4051 2929 4107 bonum
2960 4054 3115 4111 illum
3142 4055 3483 4113 Marcianum
3511 4062 3769 4128 arcessit,

2182 4142 2364 4197 virum
2420 4143 2684 4214 gravibus
2728 4160 2794 4200 ac
2846 4146 3118 4217 religiosis
3163 4150 3411 4205 moribus
3468 4152 3768 4220 illustrem,

2188 4248 2428 4305 eumque
2455 4238 2819 4293 sacramentis
2846 4238 3141 4294 horrendis
3169 4240 3521 4308 obstrictum,
3564 4245 3775 4314 quibus

2184 4338 2242 4378 se
2280 4326 2596 4382 castitatem
2641 4327 2946 4385 Pulchcriae
2983 4330 3211 4388 minimc
3262 4334 3770 4392 contaminatorum

2184 4416 2541 4486 polliceretur
2593 4419 2673 4489 (in
2714 4435 2827 4490 quo
2877 4437 3010 4477 sane
3061 4418 3397 4480 Marcian'um
3448 4437 3772 4496 promptum

2187 4515 2244 4561 et
2270 4508 2664 4563 assentientem
2695 4512 2948 4583 reperit),
2982 4514 3336 4585 imperatoria
3371 4532 3574 4572 corona
3602 4533 3773 4573 exora

511 4556 865 4676 nlultitudilne
915 4566 1174 4633 precibus
1212 4570 1382 4625 Deum
1414 4575 1664 4645 placante
1697 4597 1835 4650 puer
1862 4556 2087 4653 quidam
2116 4556 2149 4562 —
2185 4556 3244 4676 I'|;H:wéi;;ysaphiumrvcrol’per;c;r£a
3277 4617 3453 4664 ωοτιο
3481 4609 3551 4666 de
3582 4612 3774 4668 medio

507 4647 695 4702 subito
728 4650 796 4703 ad
849 4651 1030 4723 ipsum
1066 4672 1239 4728 usque
1274 4663 1476 4717 caelum
1522 4647 1786 4739 abreptus
1823 4647 2086 4745 hvmnum

511 4736 661 4790 illum
725 4745 1137 4803 sanctissimum
1190 4751 1279 4815 ab.
1314 4755 1522 4824 angelis
1575 4736 1791 4816 concini
1847 4736 2087 4821 audiret.

509 4826 716 4886 Deinde
746 4834 951 4891 relatus
983 4837 1036 4892 in
1073 4847 1276 4896 terram
1315 4845 1472 4915 (proh
1508 4847 1618 4902 vim
1659 4852 1938 4925 roburque
1965 4866 2086 4913 stu-

507 4921 746 4985 pendum
777 4925 816 4991 Ξ)
844 4927 898 4980 in
924 4931 1104 4985 medio
1131 4936 1443 4992 mortalium
1457 4949 1603 4995 creta
1631 4921 1932 5001 clarissima
1954 4964 2085 5006 voce

506 5009 697 5109 docuit
739 5032 848 5085 quo
900 5032 1062 5089 pacto
1110 5025 1372 5097 hymnum
1424 5032 1581 5087 illum
1631 5038 1755 5092 cani
1811 5050 2081 5109 oporteat.

508 5100 720 5173 Quippe
751 5123 860 5161 non
892 5109 965 5166 ita
994 5117 1207 5183 pridem
1250 5119 1304 5174 in
1333 5137 1399 5176 eo
1429 5135 1714 5193 peccatum
1749 5100 1952 5188 fuerat.

505 5477 798 5534 mulierem
836 5484 1135 5554 pungebat.
1183 5488 1313 5543 Erat
1356 5501 1539 5549 autem
1592 5497 1682 5553 ille
1710 5477 2086 5576 Chrysaphius

2252 4780 2434 4850 Atque
2466 4782 2572 4837 hoc
2603 4783 2725 4838 loco
2765 4800 2891 4841 non.
2917 4787 3303 4859 intempestive
3351 4790 3667 4856 fecerimus,
3717 4795 3770 4849 si

2182 4869 2252 4925 de
2291 4872 2568 4929 Marciano
2622 4879 2901 4934 memoriae
2949 4881 3379 4949 prodiderimus,
3434 4886 3579 4940 unde
3635 4901 3777 4955 pro-

2188 4972 2387 5032 gnatus
2441 4973 2499 5019 et
2548 4966 2676 5035 quis
2728 4970 2914 5026 fuerit.
2970 4972 3239 5028 Nimirum
3297 4991 3508 5047 pauper
3545 4988 3666 5033 erat
3709 4993 3776 5038 et

2189 5053 2386 5108 humili
2432 5057 2656 5123 quidem
2687 5068 2845 5116 ortus
2873 5062 3016 5129 loco,
3051 5064 3146 5119 sed
3178 5067 3363 5122 indole
3404 5070 3774 5141 moribusque

2189 5144 2351 5201 bonis
2382 5149 2673 5216 praeditus.
2704 5152 2772 5207 Et
2800 5169 3112 5225 quanquam
3135 5172 3205 5212 ex
3234 5159 3440 5215 celebri
3475 5172 3533 5215 et
3562 5163 3773 5221 illustri

2059 5259 2087 5268 -
2181 5235 2387 5293 familia
2421 5254 2531 5295 non
2557 5252 2724 5308 esset,
2759 5251 2940 5301 tamen
2972 5258 3303 5307 consecutus
3340 5251 3523 5307 fuerat
3555 5260 3619 5307 ut
3656 5256 3774 5311 mi-

2182 5326 2341 5383 litum
2369 5331 2663 5389 ordinibus
2698 5337 3088 5396 ascriberctur.
3122 5341 3285 5398 Forte
3304 5346 3509 5400 accidit
3533 5355 3593 5400 ut
3617 5345 3773 5405 bello

2184 5420 2327 5474 inter
2361 5422 2640 5479 Romanos
2671 5434 2728 5480 et
2764 5430 3035 5498 superbos
3079 5432 3274 5489 Persas
3301 5445 3498 5490 exorto
3528 5436 3770 5493 Marcia-

2183 5526 2291 5565 nus
2317 5516 2467 5582 gravi
2497 5525 2786 5588 correptus
2819 5521 3035 5590 morbo,
3076 5524 3171 5595 qui
3215 5535 3448 5583 mortem
3496 5530 3546 5584 ei
3596 5528 3771 5583 mini-

1848 5644 2048 5709 Varias
2077 5648 2404 5715 lectiones.

574 5742 622 5774 "
653 5744 933 5817 ἀρπαχθὲν
963 5748 1031 5807 ιι.
1108 5754 1152 5786 ⁸⁷
1183 5754 1360 5826 λέγειν
1391 5759 1456 5816 R.
1532 5764 1580 5796 ⁸⁵
1615 5768 1751 5835 μετὰ
1769 5770 1834 5825 Α.
1909 5771 1957 5804 ⁸⁸
1988 5773 2201 5841 φθόνιος
2230 5774 2297 5834 Β.
2377 5779 2421 5813 ⁶⁶
2453 5783 2763 5855 συνείλεκτο
2787 5785 2853 5839 Α.
