4136 6424
343 399 448 462 3‘25

348 508 567 570 Τούτοις
622 505 765 576 πρὶς
799 504 1132 575 κυνηγέσιόν
1164 521 1292 558 ποτε
1331 505 1720 575 πορευομένοις

351 597 654 670 Μαρκιανὸς
678 597 975 649 συνείπετο
994 599 1093 666 τῆς
1125 597 1296 666 θήρας
1330 599 1689 666 κοινωνήσων.

378 691 444 752 Ως
472 687 560 741 οὖν
595 687 882 757 διάδροχοι
901 687 1118 751 πολλοῖς
1154 689 1442 756 γεγόνασιν
1472 689 1657 760 ἱδρῶσι

355 781 493 849 Πρὸς
534 777 731 848 λόφους
769 779 1162 849 ἀνατρέχοντες
1187 779 1498 846 δυσϐάτους,
1541 781 1925 852 θηροτρόφουῖ,

357 873 462 923 Kal
501 871 708 938 λόχμας
749 870 1146 940 ὑποτρέχοντες
1191 873 1284 925 καὶ
1329 871 1928 942 πολυπραγμονοῦν;ε;,

356 960 790 1024 Κατακλιθὲντες
814 963 907 1013 ἐπὶ
937 961 1041 1030 γῆς
1077 961 1316 1032 νήδυμον
1352 960 1518 1014 ὕπνον
1555 962 1778 1016 ὕπνουν.

367 1053 594 1122 ’Δτερος
617 1053 674 1104 δὲ
701 1053 810 1104 τῶν
833 1051 1074 1121 ἀδελφῶν
1099 1054 1456 1121 ἁφυπνισθεὶς
1489 1055 1698 1124 ταχέως

367 1142 501 1213 Ὀρᾷ
538 1143 1020 1213 καταδαρθάνοντα
1041 1145 1358 1214 Μαρκιανὸν
1397 1147 1561 1200 εἰσέτι

357 1234 466 1286 Καὶ
500 1233 734 1302 φέροντα
787 1233 1090 1302 βαθύτατον
1143 1235 1310 1288 ὕπνον
1361 1239 1417 1287 ἐν
1446 1238 1558 1298 τοῖς
1618 1236 1928 1306 βλεφάροις,

361 1325 550 1392 Ὀρνιν
574 1323 632 1376 δὲ
657 1323 1078 1393 τανυσίπτερον,
1113 1323 1481 1396 ὀρνεοκράτην
1511 1324 1684 1395 ὄρνιν,

371 1413 737 1484 ’Δεροπόρους
759 1414 1038 1484 πτέρυγας
1069 1416 1204 1478 ἰδίας
1236 1415 1526 1484 ήπλωκότα

361 1505 472 1555 Καὶ
505 1504 863 1574 χαριζόμενον
893 1508 1054 1568 σκιᾶς
1079 1505 1224 1574 αὐτῷ
1248 1506 1632 1576 ψυχαγωγίαν.

361 1594 522 1647 Οὕτω
547 1611 603 1647 τι
642 1595 785 1664 μέγα
823 1597 918 1650 καὶ
947 1600 1147 1650 σεπτὸν
1176 1600 1207 1666 ἡ
1243 1597 1490 1667 βασιλεία
1525 1598 1735 1668 χρῆμα,

357 1687 552 1750 Aiaci;
577 1685 927 1758 ἀξιοτίμητον
948 1691 1060 1750 τοῖς
1095 1690 1258 1753 ζώοις
1287 1692 1398 1753 τοῖς
1430 1690 1646 1759 ἀλόγοις
1675 1701 1693 1719 ‘

360 1778 548 1842 Οὕτως
574 1779 1004 1849 αιδεσιμώτατος
1035 1779 1239 1848 ὀρνέοις
1269 1781 1626 1852 σαρκοὸὁροις

371 1868 430 1921 ὐ
463 1869 672 1938 ταύτην
705 1869 1091 1933 άναζὼσασθαι
1120 1870 1240 1940 Θεῷ
1270 1873 1699 1942 προωρισμὲνος.

361 1955 578 2020 Βλέπει,
611 1956 876 2025 θαυμάζει
906 1957 965 2009 τὸ
1009 1957 1242 2026 συμϐὰν,
1289 1959 1381 2012 τὸν
1432 1960 1659 2028 ἀδελφὸν
1711 1963 1937 2034 ἐγείρει,

360 2044 614 2096 Δεῑκνυσι
635 2046 695 2097 τὸ
721 2048 1026 2115 τεράστιον,
1051 2048 1351 2120 ἀμφότεροι
1376 2049 1442 2102 θα
1451 2049 1738 2120 μὸοῦνται,

359 2135 474 2188 Καὶ
503 2134 735 2204 νήψαντι
765 2137 1068 2209 Μαρκιανῷ
1102 2139 1239 2209 μετὰ
1267 2140 1462 2210 μικρὸν
1490 2141 1550 2206 ἐξ
1575 2141 1743 2197 ὕπνου

360 2225 434 2277 Τὸ
461 2224 743 2295 σκῆπτρον
763 2229 1190 2296 προαγγέλλουσι
1216 2232 1314 2298 τῆς
1336 2233 1784 2303 αὐτοκρατορίας,

363 2315 473 2367 Καὶ
502 2317 653 2384 σφῶν
683 2319 1196 2388 ὲπιμνησθήσεσθαι
1222 2320 1531 2386 λιτάζονται
1556 2326 1599 2357 ⁸⁸
1627 2327 1720 2380 τὸν
1747 2328 1937 2398 ἄνδρα.

379 2408 436 2459 '0
463 2407 510 2460 δ’
551 2408 791 2461 ἐπινεύει
824 2410 916 2462 καὶ
945 2411 1158 2480 χρηστὰ
1201 2412 1652 2483 κανθυπισχνεῖται
1705 2418 1936 2483 τούτοις.

367 2499 473 2550 Καὶ
495 2498 560 2569 δὴ
585 2500 809 2570 χρυσίον
838 2501 1022 2554 ἱκανὸν
1043 2502 1264 2554 ἐκείνων
1284 2503 1595 2559 δεδωκότων

379 2585 620 2655 Ἀπάρας
638 2588 774 2657 πρὸς
793 2587 891 2658 τὴν
919 2589 1188 2653 Βύζαντος
1213 2592 1603 2666 εὐκλεεστάτην
1638 2596 1794 2650 πόλιν

381 2675 741 2746 Ἀρδαϐουρίῳ
771 2679 1021 2746 πρόσεισι
1049 2696 1126 2750 τῳ
1154 2681 1395 2752 πολυχρυ
1407 2684 1632 2755 σοτάτῳ.

367 2761 535 2817 Ἠἰδ’
570 2766 757 2837 ἄρχων
790 2769 1175 2841 Ἀρδαϐούριος
1202 2773 1456 2828 ἁπάντων
1483 2775 1591 2830 τῶν
1621 2779 1940 2850 ταγμάτων,

369 2857 752 2930 Συστράτηγον
785 2859 875 2912 τὸν
912 2861 1172 2934 Ἀσπαρα
1193 2864 1287 2918 καὶ
1323 2869 1743 2941 συστρατάρχην
1778 2871 1939 2942 ἔχων,

371 3094 606 3150 taretur,
657 3087 895 3157 quadam
947 3087 1005 3141 in
1052 3088 1189 3144 urbe
1236 3089 1466 3145 illustris
1497 3092 1788 3163 Lyciorum
1821 3111 1944 3164 pro-

1484 393 1991 458 COMPENDIUM
2031 392 2508 456 CHRONICUM.

3493 393 3601 464 326

1954 507 2001 565 Α
2031 503 2169 558 Μεθ’
2202 498 2262 557 οὗ
2295 502 2392 555 καὶ
2411 501 2822 555 συναπέπλευσε
2857 502 2999 555 xerit
3025 503 3118 556 τοῦ
3149 503 3454 572 Γιζερῖχου,

2030 591 2140 649 τΗν
2169 594 2214 647 δν
2241 595 2427 664 ἅρχων
2447 596 2475 647 ὁ
2498 593 2778 664 Γιξέριχος
2807 593 3021 646 Λιϐύων
3038 594 3354 664 Ούανδήλων
3381 595 3451 658 ⁶¹,

2030 680 2101 756 ᾯ
2135 685 2500 754 πολεμοῦντος
2541 685 2825 754 Ἀσπαρος
2863 685 2928 736 ἐκ
2984 686 3088 754 γῆς
3156 685 3263 736 ἀπὸ
3309 684 3601 755 θαλάττης,

2043 775 2131 840 Ἐξ
2163 775 2403 827 ἱπποτῶν
2427 773 2531 826 ἀπὸ
2556 773 2756 836 πεζῶν,
2789 773 2896 825 ἀπὸ
2924 773 3360 835 θαλασσοπλόων,

2033 868 2142 920 Καὶ
2171 867 2442 936 καρτερᾶς
2474 865 2520 897 ⁸³
2544 866 2642 934 τῆς
2658 866 2963 934 προσϐολῆς
2993 865 3264 918 ⁸⁸Λι6ύων
3281 866 3599 936 γενομένης,

2033 959 2144 1012 Καὶ
2169 959 2269 1028 τῆς
2311 959 2602 1028 Ῥωμαίων
2633 957 2912 1025 φάλαγγος
2941 959 3036 1010 ἐπὶ
3085 959 3264 1027 φυγὴν
3295 958 3598 1030 βλεψάσης,

2032 1053 2448 1121 Ζωγρεῐταικαὶ
2491 1049 2809 1117 Μαρκιανὸς
2859 1050 2957 1100 σὺν
3001 1049 3180 1111 ἄλλοις
3236 1050 3333 1102 οὐκ
3384 1050 3601 1118 ὀλίγοις,

2034 1141 2438 1211 Καθείργνυταί
2471 1156 2527 1192 τε
2568 1140 2670 1192 σὺν
2699 1139 2884 1201 αὐτοῖς
2922 1140 2979 1190 ὲν
3008 1139 3192 1206 δόμοις
3225 1139 3532 1210 Γιζερίχουι

2034 1232 2281 1300 Θελήσας
2311 1227 2404 1283 οὖν
2439 1230 2723 1299 Γιζέριχος
2755 1229 2880 1281 ἰδεῖν
2911 1230 3038 1291 τοὺς
3069 1229 3432 1300 δορυκτήτους

2039 1320 2280 1374 Ἀνωθεν
2313 1321 2442 1383 στὰς
2465 1321 2549 1388 ἐφ’
2575 1322 2621 1353 ⁸⁵
2649 1319 2853 1388 ὑψηλοῦ
2886 1320 3012 1380 τοὺς
3061 1319 3260 1388 ἄνδρας
3294 1320 3606 1384 ἐπεσκόπει,

2039 1412 2146 1463 Καὶ
2178 1411 2369 1479 βλέπει
2393 1413 2630 1481 πρᾶγμα
2652 1411 2966 1476 δύσπιστον,
2993 1411 3310 1479 Μαρκιανὸν
3339 1409 3612 1464 ὑπνοῦντα

2038 1505 2146 1554 Καὶ
2175 1502 2592 1570 δυσμηχάνητον
2615 1502 2765 1571 αὐτῷ
2788 1501 2949 1554 σκιὰν
2991 1502 3400 1571 σκευαζομένην
3427 1505 3472 1534 ³⁵

2050 1593 2187 1646 Ὑπὸ
2217 1592 2503 1662 πτερύγων
2529 1591 2712 1645 ἀετοῦ.
2748 1592 2920 1644 Τοῦτο
2947 1591 3242 1660 θαμϐεῖται
3273 1592 3493 1661 βλέψας,

2038 1683 2187 1736 Θεῖὸν
2209 1701 2328 1736 τινα
2357 1682 2633 1748 λογίζεται
2665 1683 2758 1734 τὸν
2791 1682 2959 1752 ἄνδρα
2983 1681 3349 1755 χρηματίζειν

2040 1777 2149 1829 Καὶ
2171 1776 2271 1844 τῆς
2297 1775 2472 1845 ἀρχῆς
2502 1774 2762 1840 κατάξιον
2807 1773 3097 1842 Ῥωμαίων
3125 1774 3221 1824 καὶ
3247 1771 3338 1825 τοῦ
3354 1774 3609 1842 κράτους.

1970 1853 2014 1909 Β
2044 1868 2264 1919 Κτεῖναι
2290 1869 2388 1935 μὲν
2423 1862 2518 1919 οὖν
2540 1865 2910 1934 ἀπάνθρωπον
2941 1864 3107 1933 ἄνδρα
3131 1864 3371 1917 τοιοῦτον
3417 1867 3614 1934 κρίνει,

2042 1955 2488 2027 Προϐεόλημένον
2522 1956 2725 2010 ἄνωθεν
2757 1959 2836 2018 εἰς
2856 1957 3130 2026 βασιλείας
3153 1955 3291 2025 ὕψος

2045 2047 2172 2117 (Τδν
2200 2047 2304 2116 γὰρ
2339 2047 2473 2099 Θεοῦ
2501 2049 2621 2109 ταῖς
2677 2047 2967 2116 κραταιαῖς
3013 2046 3416 2115 φρουρούμενον
3443 2046 3619 2099 παλά-

3531 2152 3618 2196 αις

2043 2233 2140 2295 Τίς
2173 2230 2237 2285 ἂν
2265 2229 2503 2301 ἰσχύσειε
2538 2230 2750 2298 θνητῶν
2773 2231 2816 2262 ⁸⁷
2848 2230 3034 2283 ὀλέσαι
3059 2229 3166 2300 πρὸ
3189 2229 3291 2298 τῆς
3325 2134 3530 2297 {opus}

2043 2324 2140 2376 Ἂν
2170 2325 2203 2393 ἡ
2237 2323 2375 2376 Θεοῦ
2409 2322 2760 2392 μεγαλαλκὴς
2787 2324 2908 2392 χείρ
2937 2337 2998 2374 σε
3026 2336 3298 2390 περιφρου
3315 2318 3459 2388 ροίη,

2045 2417 2120 2469 Ού
2170 2415 2446 2486 δειλιάσῃς
2473 2415 2710 2486 σίδηρον,
2738 2413 2800 2468 οὐ
2822 2413 2972 2481 ξίφος
2998 2411 3302 2482 ὑποτρέσῃς
3326 2407 3394 2472 ⁸⁸,

2041 2507 2119 2563 Οὐ
2150 2507 2280 2578 πῦρ,
2318 2508 2379 2559 οὐ
2399 2507 2844 2577 θυμοῦάρὸαρον,
2874 2507 2933 2558 οὐ
2971 2502 3254 2574 μιαιφόνον
3292 2496 3448 2570 ἦθος)

2041 2598 2552 2668 Μεταστειλάμενος
2578 2598 2623 2650 δ’
2648 2595 2810 2650 αὐτὸν
2841 2599 3028 2666 ὅρκοις
3060 2591 3497 2662 καταλαμϐάνει,

2045 2687 2144 2740 Ἂν
2161 2686 2271 2739 τῶν
2321 2687 2612 2758 Ῥωμαίων
2639 2687 2878 2757 ἄρξειεν,
2908 2686 2973 2738 ἂν
3011 2682 3254 2746 τεύξοιτο
3287 2683 3330 2714 ⁸⁸
3365 2680 3460 2735 τοῦ
3486 2680 3622 2751 κρά-

3473 2785 3618 2830 τους,

2043 2859 2136 2931 Μὴ
2161 2860 2477 2932 πολεμῆσαι
2506 2858 2724 2922 Λίϐυσι,
2759 2858 2834 2929 μὴ
2869 2857 3048 2930 μάχην
3071 2768 3594 2930 συγκροτῆσαιξτουὶ

3293 2949 3445 3003 Vers.
3479 2948 3617 3002 28H

2049 3082 2556 3154 opulentissimum,
2590 3082 2824 3137 accedit.
2858 3082 2989 3136 Erat
3022 3087 3204 3134 autem
3238 3078 3329 3132 hic
3371 3077 3622 3132 Ardabu-

370 3181 568 3235 vincia:
625 3191 850 3250 prepter
909 3181 1251 3237 debilitatem
1301 3185 1551 3252 corporis
1597 3186 1945 3244 subsisteret.
1972 3185 2018 3250 C
2055 3174 2170 3228 Γίυε
2206 3173 2456 3227 omnium
2483 3172 2766 3242 copiarum
2796 3173 3115 3242 imperato":
3146 3178 3201 3224 οι
3228 3171 3281 3222 in
3306 3185 3372 3222 εο
3399 3185 3625 3224 “‘"nel'e

371 3272 448 3326 lbi
495 3273 740 3326 amicitia
775 3288 898 3327 cum
953 3273 1216 3328 fratribus
1249 3275 1577 3343 quibusdam
1615 3277 1750 3332 inita
1793 3279 1942 3333 fami-

372 3365 586 3418 liariter
629 3365 772 3434 apud
805 3380 900 3419 eos
935 3365 1175 3426 virebat,
1213 3368 1628 3434 suppeditantes
1676 3368 1780 3437 ipsi
1828 3385 1950 3438 qua:

373 3453 442 3507 ad
483 3455 651 3506 vitam
703 3452 1082 3507 sustinendam
1140 3453 1503 3522 pertinerent.
1562 3454 1699 3509 Cum
1762 3468 1948 3513 autem

372 3549 672 3619 aliquando
720 3562 977 3604 venatum
1028 3550 1262 3611 exirent,
1300 3551 1490 3619 eisque
1539 3552 1846 3608 Marcianus
1891 3570 1951 3610 se

373 3642 634 3696 comitem
694 3641 1006 3695 venationis
1050 3640 1390 3711 adjungeret,
1448 3656 1514 3694 ac
1557 3641 1666 3711 jam
1725 3654 1952 3711 propter

372 3733 608 3788 sudores
649 3734 952 3797 maderent,
985 3733 1114 3788 dum
1162 3732 1292 3788 hinc
1332 3732 1458 3787 inde
1489 3748 1652 3787 cursu
1684 3750 1950 3790 conscen-

376 3823 520 3876 dunt
565 3823 810 3878 difﬁciles
842 3823 995 3877 aditu
1029 3823 1220 3888 colles,
1253 3823 1605 3892 ferarumque
1646 3824 1821 3878 lustra
1854 3839 1954 3878 eu-

379 3917 528 3970 riose
564 3917 956 3986 pervestigant,
1011 3918 1196 3972 evenit
1250 3916 1467 3970 tandem
1521 3924 1584 3970 ut
1636 3916 1692 3971 in
1747 3926 1950 3973 terram

381 4008 668 4063 reclinatis
711 4009 1038 4078 corporibus
1079 4023 1206 4063 cum
1250 4009 1529 4078 voluptate
1571 4025 1824 4064 somnum
1865 4027 1956 4066 ca-

379 4106 602 4168 perent.
641 4097 777 4151 Tum
812 4100 1044 4152 fratrum
1069 4099 1210 4152 alter
1231 4099 1396 4153 citius
1425 4109 1782 4169 experrectus
1816 4102 1955 4155 Mar-

379 4189 602 4242 cianum
644 4189 866 4258 quidem
901 4189 1082 4243 adhuc
1121 4189 1484 4243 dormientem
1529 4190 1817 4260 conspicit,
1860 4207 1956 4245 vo-

379 4279 600 4332 lucrum
642 4293 774 4332 vero
822 4277 1065 4348 reginam
1113 4277 1401 4347 explicatis
1453 4276 1554 4331 alis
1606 4279 1852 4332 umbram
1902 4279 1954 4332 ei

379 4367 745 4436 praebentem.
776 4365 928 4420 Adeo
972 4380 1226 4435 magnum
1274 4374 1330 4419 et
1373 4375 1662 4434 augnszum
1693 4364 1952 4434 quiddam

381 4469 469 4511 est
504 4457 820 4527 imperium,
865 4466 921 4510 ut
963 4457 1078 4526 ipsa
1118 4471 1338 4525 quoque
1377 4455 1539 4508 bruta
1587 4455 1850 4509 honorem
1901 4455 1953 4510 ei

383 4549 637 4602 deferant
687 4567 700 4601 :
749 4547 888 4602 adeo
936 4547 1188 4601 volucres
1230 4546 1394 4598 etiam
1446 4543 1750 4598 erudivorze
1792 4558 1956 4597 vene-

385 4652 585 4693 rantur
621 4639 921 4705 hominem,
971 4637 1060 4692 cui
1091 4637 1360 4690 divinitus
1402 4643 1484 4689 est
1529 4648 1850 4689 concessum
1899 4644 1958 4687 ut

388 4731 624 4801 imperio
661 4731 920 4799 potiatur.
972 4730 1220 4785 Cerncns
1265 4728 1430 4798 igitur
1489 4727 1578 4781 ille
1629 4726 1761 4795 quid
1809 4727 1957 4780 acci-

389 4826 566 4888 deret,
598 4822 956 4891 obstupescit,
1004 4821 1229 4875 fratrem
1271 4819 1494 4884 excitat,
1545 4818 1855 4888 prodigium
1903 4817 1955 4871 ei

383 4925 660 4972 monstrat
707 4935 720 4968 :
769 4917 988 4985 utrique
1052 4930 1139 4969 res
1193 4912 1544 4968 admirationi
1609 4919 1713 4967 est.
1768 4911 1959 4980 Neque

387 5011 570 5064 multo
615 5018 738 5078 post
783 5021 1108 5077 experrecto
1153 5005 1427 5060 Marciano
1471 5004 1763 5073 imperium
1792 5004 1956 5072 polli-

386 5111 616 5166 centur,
647 5100 809 5154 simul
843 5108 1060 5154 orantes
1093 5105 1152 5150 ut
1179 5096 1422 5164 ipsorum
1450 5092 1747 5162 aliquando
1778 5107 1962 5146 recor-

386 5194 642 5246 daretur.
673 5189 882 5242 Annuit
911 5189 1000 5241 ille
1027 5186 1307 5255 precibus,
1349 5198 1411 5237 ac
1456 5183 1699 5237 vicissim
1744 5181 1963 5251 utrique

390 5300 452 5339 se
475 5281 890 5339 benefacturum
915 5277 1205 5348 promittit.
1233 5275 1343 5344 58
1367 5274 1607 5328 Tandem
1636 5289 1770 5327 auro
1791 5289 1966 5342 quan-

395 5384 511 5430 tum
562 5375 698 5430 satis
729 5381 878 5429 esset
913 5373 983 5428 ab
1015 5373 1098 5428 eis
1145 5379 1396 5437 accepto,
1434 5364 1752 5437 Byzantium
1801 5360 1969 5432 proti-

391 5469 642 5533 ciscitur,
699 5478 866 5537 atque
912 5465 984 5520 ibi
1043 5461 1434 5525 Ardaburium,
1482 5457 1762 5512 hominem
1809 5455 1966 5523 longe

2051 3266 2315 3335 collegam
2371 3268 2634 3333 Asparem
2699 3263 2967 3328 habebat;
3021 3276 3260 3330 quocum
3321 3261 3627 3314 Marcianus

2052 3357 2347 3410 militatum
2379 3355 2517 3410 abiit
2563 3355 2829 3410 adversus
2856 3354 3207 3410 Gizcrichum
3241 3352 3622 3407 Africanorum

2053 3447 2408 3502 Vandilorum
2463 3461 2669 3514 regem.
2720 3445 2859 3499 Eum
2906 3460 3030 3498 cum
3065 3444 3238 3510 Aspar
3278 3451 3621 3511 oppugnaret

2055 3554 2199 3600 terra
2230 3551 2287 3595 et
2312 3540 2447 3594 mari
2483 3541 2726 3609 peditum
2759 3538 3116 3606 equitumque
3148 3534 3342 3602 cepiis,
3393 3542 3447 3585 et
3481 3532 3626 3584 acci—

2053 3635 2210 3690 deret
2264 3631 2502 3701 quodam
2551 3639 2797 3698 tempore
2851 3635 2912 3680 ut
2968 3626 3084 3679 Afri
3143 3623 3462 3693 gravissimo
3503 3637 3626 3675 cum

2055 3727 2263 3795 impetu
2321 3724 2532 3776 hostem
2595 3719 2922 3775 invaderent
2978 3733 3041 3771 ac
3091 3716 3335 3770 Romana
3392 3715 3628 3783 phalanx

2055 3815 2196 3884 fugae
2247 3829 2305 3868 se
2361 3811 2681 3874 mandaret,
2741 3809 2879 3862 forte
2917 3808 3220 3860 Marcianus
3265 3821 3387 3858 cum
3444 3805 3631 3858 multis

2055 3905 2177 3958 aliis
2223 3903 2381 3956 vivus
2420 3900 2475 3953 in
2530 3899 2772 3953 hostium
2827 3904 3153 3966 potestatem
3211 3893 3384 3946 venit.
3440 3890 3628 3960 Itaque

2055 4012 2179 4052 cum
2203 3991 2676 4050 commilitonibus
2698 3991 2752 4044 in
2775 3986 3048 4042 Gizerichi
3079 3985 3302 4039 domum
3333 3982 3630 4053 perductus

2056 4087 2266 4142 carceri
2313 4083 2684 4151 mancipalur.
2733 4079 2869 4136 Cum
2919 4089 3102 4131 autem
3161 4073 3482 4130 Gizerichus
3527 4073 3628 4126 ali-

2055 4177 2276 4249 quando
2325 4176 2572 4246 captivos
2621 4180 2869 4242 spectare
2921 4168 3108 4231 vellet,
3154 4181 3326 4235 eaque
3372 4164 3438 4218 de
3468 4179 3631 4218 causa

2058 4272 2114 4326 in
2170 4269 2394 4324 sublimi
2461 4265 2624 4336 regia:
2686 4271 2840 4332 parte
2895 4259 3241 4322 ansisteret,
3309 4254 3632 4310 incredibile

2058 4362 2320 4433 quiddam
2347 4359 2558 4421 cernit,
2611 4355 2976 4410 dormientem
3020 4349 3230 4404 scilicet
3263 4347 3622 4409 Marcianum,

2060 4456 2148 4510 cui
2173 4455 2288 4508 suis
2312 4452 2412 4506 alis
2447 4451 2698 4504 umbraut
2731 4446 2910 4516 aquila
2952 4441 3350 4511 suppeditaret.
3401 4436 3480 4490 Ad
3509 4452 3627 4490 eam

2063 4562 2179 4601 rem
2219 4542 2585 4613 obstupescit,
2627 4537 2875 4594 divinum
2920 4533 3199 4588 hominem
3253 4543 3373 4583 esse
3407 4525 3635 4580 Marcia-

2061 4654 2195 4695 num
2235 4637 2445 4706 colligit
2479 4632 2819 4704 imperioquc
2854 4627 3099 4681 Romano
3136 4621 3383 4690 dignum.
3429 4616 3633 4706 Quam-

2063 4731 2255 4784 obrem
2310 4705 2626 4781 immaniter
2677 4737 2735 4776 se
2790 4718 3061 4772 facturum
3113 4711 3324 4772 statuit,
3378 4706 3421 4760 si
3456 4705 3632 4757 virum

2065 4823 2228 4876 talem
2249 4816 2542 4880 occideret,
2563 4813 2650 4869 cui
2677 4811 2895 4867 ccelitus
2929 4802 3218 4874 imperium
3243 4795 3630 4852 destinaretur.

2063 4905 2336 4962 Nimirum
2397 4901 2678 4956 hominem
2749 4909 2911 4966 quem
2974 4890 3213 4945 robusta:
3278 4885 3374 4938 Dei
3442 4896 3636 4936 manus

2065 4996 2424 5058 custodiunt,
2473 4992 2598 5061 quis
2643 4987 2951 5043 mortalium
3011 4979 3185 5051 possit
3237 4985 3363 5032 ante
3413 4973 3557 5028 diem
3603 4989 3635 5028 e

2068 5086 2249 5140 medio
2289 5081 2518 5136 tollere?
2563 5078 2618 5133 Si
2665 5075 2962 5132 fortissima
3009 5069 3103 5123 Dei
3156 5081 3349 5120 manus
3405 5073 3457 5118 te
3506 5079 3638 5133 pro-

2066 5185 2232 5246 tegat,
2263 5175 2471 5230 ferrum
2507 5186 2615 5224 non
2643 5179 2872 5232 metues,
2896 5163 3134 5235 gladium
3160 5176 3269 5213 non
3294 5154 3632 5219 formidabis,

2065 5285 2173 5324 non
2207 5269 2409 5338 ignem,
2450 5279 2561 5318 non
2593 5260 2859 5316 barbaros
2891 5267 2945 5311 et
2991 5253 3371 5323 sanguinarios
3404 5249 3636 5304 animos.

2065 5363 2257 5430 Itaque
2299 5357 2625 5413 Gizerichus
2677 5351 3002 5408 arcessitum
3063 5349 3129 5401 ad
3182 5363 3240 5402 se
3294 5344 3638 5399 Marcianum

2068 5449 2428 5507 sacramentis
2475 5447 2792 5516 obstringit,
2841 5444 3042 5514 quibus
3093 5457 3150 5497 se
3191 5438 3558 5510 polliceretur,
3591 5431 3639 5486 si

1721 5597 1921 5659 Variae
1953 5596 2284 5659 lectiones.

459 5741 502 5773 ⁶¹
539 5737 828 5801 λιτάζουσι
857 5733 926 5785 R.
996 5731 1048 5762 θ’
1079 5727 1398 5784 οὒανδάλων
1419 5729 1485 5780 Δ.
1562 5722 1915 5847 ⁶³κρατῗρῶς
1952 5724 2018 5776 Α.
2093 5723 2139 5754 σῖ
2167 5719 2486 5792 συμπλοκῆς
2512 5715 2578 5776 R.
2657 5716 2702 5750 ³³⁵
2751 5715 2846 5784 ἀφ’
2911 5711 2980 5767 Β.
3057 5710 3102 5743 ⁸⁸
3152 5699 3510 5771 σκιαζομένην
3570 5696 3639 5750 ﬂ.

469 5812 679 5847 amnt."
715 5806 784 5847 IL
867 5803 912 5836 η
937 5801 1262 5847 maicoésnc
1297 5787 1360 5847 ll-
1429 5798 1473 5830 ⁸ο
1505 5793 1760 5847 redimat:
1837 5833 1850 5847 .
1879 5792 2126 5847 τεύξεται
2160 5792 2203 5842 Α
2625 5797 2627 5800 ‘

391 5815 432 5846 ⁶⁷
466 5787 694 5884 βρόἐὶῖῆἶ
712 5787 791 5860 Β.
867 5803 912 5836 ¹⁸
937 5801 1262 5871 περιτρέσῃς
1297 5787 1360 5856 li.
1429 5798 1473 5830 "
1505 5787 1760 5867 τεύξηται

1835 5833 1850 5860 ,
1879 5792 2126 5857 τεύξεται
2160 5792 2203 5842 Α
