4136 6438
500 373 604 436 327

501 484 660 540 Οὕτω
679 484 769 539 καὶ
796 482 1069 555 βάρϐαρος
1096 479 1237 551 ἀνὴρ
1266 478 1497 534 αἰδεῖται
1530 480 1810 551 βασιλείαν
1837 483 1908 547 ⁷ο,

503 578 617 632 Καὶ
647 576 773 639 τοὺς
795 575 981 629 θεόθεν
1011 573 1274 643 τιμητοὺς
1297 575 1392 627 καὶ
1427 573 1691 645 θηριῶδες
1717 570 1851 644 ἦθος

500 667 817 731 Σεδάξεται,
849 665 1231 734 φιλάνθρωπον
1258 665 1443 728 αὐτοῖς
1469 666 1894 734 ἐπεντρανίζων.

512 758 755 813 Ἐκεῖθεν
786 754 879 811 οὖν
903 755 1200 821 ἀπολυθεὶς
1221 757 1329 809 ἀπὸ
1350 757 1443 809 τοῦ
1483 756 1764 827 Γιζερίχου

502 850 641 918 Πρὸς
665 850 762 917 τήν
788 847 1359 901 Κωνσταντινούπολιν
1391 847 1546 911 αὖθις
1573 847 1967 918 ἐπανατρέχει,

499 940 609 991 Καὶ
643 938 811 1007 γῆθεν
843 937 1278 1007 μεταλλάξαντος
1303 940 1344 970 '“
1387 938 1488 1008 ήδη
1515 938 1796 990 Θεοδοσίου

502 1027 673 1091 νΑναξ
693 1027 1088 1097 ἀναγορεύεται
1125 1029 1306 1099 κρίσει
1338 1029 1437 1091 τῆς
1468 1029 1799 1097 Πουλχερίας
1873 1026 2030 1097 [τωρ.

501 1123 609 1175 Καὶ
634 1121 741 1173 τῶν
766 1122 811 1152 ⁷³
844 1120 1130 1190 Ῥωμαίων
1161 1120 1401 1189 ἀρχηγὸς
1430 1119 1523 1171 καὶ
1559 1119 1783 1189 κράτωρ
1811 1119 2083 1187 αὐτοκρά-

496 1208 606 1263 ’ίὶν
642 1211 686 1263 δ’
718 1211 921 1279 ἀγαθὸς
951 1213 1044 1262 καὶ
1077 1212 1316 1271 συνετὸς,
1341 1211 1573 1275 ἀστεῖος,
1615 1209 2000 1279 φιλοσώφρων,

498 1300 726 1371 Δένδρον
766 1301 1250 1371 χαρ.τοφύτευτον,
1284 1299 1447 1363 ἄλσος
1477 1302 1937 1371 χρηστοτροπίας.

504 1391 603 1457 Ἐξ
637 1392 694 1444 δὲ
732 1392 909 1455 καλῶς
941 1395 997 1446 ἐν
1028 1393 1170 1444 ἔτεσι
1190 1391 1260 1444 τὰ
1291 1392 1550 1461 σκῆπτρα
1571 1392 1837 1457 διιθύνας,

500 1482 600 1537 Xo?
630 1484 722 1537 τὸν
746 1485 871 1553 χοῦν
901 1484 1189 1554 παρέδωκε
1225 1484 1291 1550 ⁷³,
1316 1484 1376 1536 τὸ
1408 1483 1626 1551 πνεῦμα
1651 1483 1728 1553 τῷ
1762 1483 1975 1554 Κυρίῳ.

584 1577 671 1638 Ὠς
686 1577 751 1645 δὴ
774 1576 821 1609 ’³⁸
846 1576 938 1630 τὸν
964 1576 1093 1647 χοῦν
1120 1576 1452 1646 ἀπῄτησενή
1482 1574 1644 1644 φύσις
1664 1575 1773 1628 ἀπὸ
1798 1574 1991 1628 τούτου

498 1670 610 1723 Καὶ
643 1671 885 1739 μνήματι
915 1669 1235 1721 κατέκλεισε
1273 1669 1334 1719 τὸ
1365 1667 1600 1737 γηγενὲς
1623 1667 1871 1737 σαρκίον,

511 1761 575 1813 Ἡ
608 1759 908 1828 σύγκλητος
939 1761 1038 1812 σὺν
1065 1759 1310 1829 ’Δσπαρι
1336 1757 1415 1827 τῷ
1446 1757 1566 1810 τότε
1587 1756 1861 1827 πατρικίῳ

506 1853 599 1914 Εἰς
629 1852 834 1904 Λέοντα
862 1852 1165 1921 μετάγουσι
1188 1850 1287 1920 τήν
1320 1850 1891 1919 σκηπτροκρατορίαν,

500 1945 605 1998 Τὸν
637 1942 962 2014 φροντιστὴν
990 1943 1087 1995 καὶ
1135 1940 1394 2012 λογιστὴν
1443 1942 1554 1996 τῶν
1603 1943 1885 2010 Ἀσπαρος
1936 1954 2078 2009 πρα-

1732 2030 2004 2103 [γμάτων.

504 2125 1002 2196 Καθυποσχόμενον
1037 2123 1187 2194 αὑτῷ
1215 2123 1444 2195 θατέρου
1476 2124 1524 2156 ⁷⁸
1558 2123 1663 2176 τῶν
1692 2125 1852 2175 υἱέων

502 2219 592 2288 Τῷ
621 2218 807 2290 στέφει
835 2215 913 2286 τῷ
940 2216 1035 2269 τοῦ
1065 2216 1345 2287 Καίσαρος
1374 2214 1473 2286 τὴν
1499 2214 1744 2284 κεφαλήν
1776 2211 2074 2282 κοσμῆσαιο

505 2309 640 2364 Οὐδὲ
675 2311 783 2381 γὰρ
812 2304 880 2378 ἦν
937 2308 1029 2362 τον
1062 2309 1319 2379 Ἀσπαρα
1346 2310 1583 2378 κράτους
1630 2306 1678 2338 ⁷⁸
1723 2303 2078 2359 ἐπιλαϐέσθαι

507 2403 589 2472 Τῇ
618 2401 791 2471 λύσσῃ
823 2399 1192 2469 κατεχόμενον
1232 2399 1443 2470 ’Δρείου
1473 2398 1566 2451 τοῦ
1590 2396 1840 2468 βεϐήλοῠ.

502 2494 659 2547 Οὕτω
693 2492 953 2556 πολλάκις
974 2491 1265 2557 ταπεινοὺς
1300 2491 1594 2562 ἐργάζεται
1622 2492 1685 2545 τὸ
1726 2491 1936 2561 κέρδος,

501 2586 686 2649 Οὕτως
711 2584 926 2648 ἐλπίδες
956 2584 1225 2649 πλάζουσι
1252 2585 1349 2646 τὰς
1368 2584 1478 2637 τῶν
1503 2582 1807 2654 ἀνθρώπων
1851 2583 2079 2654 φρένας.

502 2676 688 2747 Τούτῳ
709 2676 837 2729 ποτέ
869 2676 948 2747 τῷ
979 2675 1167 2729 Λέοντι
1198 2675 1379 2738 καλῶς
1410 2675 1455 2707 "
1495 2673 1902 2743 φιλευσεὸοὕντι

503 2770 670 2840 Ἀνήρ
695 2769 888 2838 σοφίας
919 2767 1192 2840 θησαυρὸς
1213 2767 1288 2832 ὡς
1316 2767 1518 2837 Ἕλλην
1540 2766 1821 2838 διεϐλήθη,

502 2861 613 2934 Τὴν
641 2858 831 2931 κλῆσιν
868 2857 1184 2926 Ἰσοκάσιος,
1208 2857 1504 2930 κοιαίστωρ
1523 2858 1622 2929 τὴν
1654 2858 1808 2924 άξθαν
1846 2873 1861 2891 ·

501 3091 723 3161 quidem
753 3088 1049 3161 aliquando
1080 3089 1389 3143 Romanum
1439 3085 1506 3141 ad
1558 3086 1851 3155 imperium
1888 3102 2084 3157 perve-

1681 364 2192 425 CONSTANTINI
2234 364 2611 425 MANAE‘SIS

3663 371 3769 434 328

2116 488 2163 544 Α
2192 481 2501 536 Κάντεῦθεν
2548 483 2970 551 ἀπογυμνωθεὶς
3017 483 3184 553 τιμῆς
3218 500 3278 537 τε
3335 483 3429 539 καὶ
3461 488 3774 557 χρημάτων

2198 574 2454 643 Ἐτεάρχῳ
2472 573 2550 643 τῷ
2567 574 2667 643 τῆς
2707 574 2913 636 πόλεως
2948 574 3217 628 ἐκδίδοται
3249 574 3386 642 πρὸς
3421 577 3629 645 κρίσιν.

2195 664 2284 727 Ὠς
2307 659 2399 717 οὗν
2432 665 2685 735 εἰσήγετο
2713 666 2920 733 γυμνὸς
2946 665 3018 728 ὼς
3056 664 3240 729 δοῦλος
3277 667 3594 735 μαστιγίας,

2197 756 2287 817 Ὠς
2312 756 2736 827 χειροδέσμητος
2765 758 2970 829 λῃστὴς
2999 758 3560 828 περιηγκωνισμὲνος,

2197 847 2257 899 Ὀ
2289 846 2554 917 δικαστής
2585 846 2913 917 ἀνέκραγεν,
2950 848 3271 916 ἐπεγγελῶν
3300 848 3381 918 τῷ
3411 848 3577 902 πάθει
3611 865 3625 879 ⁸

2192 956 2210 989 ι
2247 937 2287 989 Γ
2293 937 2563 1001 ινώσκεις,
2603 938 2885 1004 Ἰσοκάσιε,
2911 938 3074 992 πόθεν
3096 938 3470 1010 ἐξεκυλίσθης,

2186 1029 2295 1081 Καὶ
2328 1028 2431 1082 ποῦ
2459 1045 2518 1082 σε
2548 1028 2645 1082 νῦν
2680 1030 2996 1100 κατήγαγεν
3028 1031 3072 1062 ⁷⁸
3096 1031 3125 1082 ὁ
3154 1031 3320 1095 κύϐος
3346 1033 3489 1102 ὁτῆς
3509 1033 3679 1105 τύχης
3704 1052 3720 1099 ;
3749 1054 3770 1086 ι

2198 1118 2258 1173 ’0
2292 1118 2347 1172 δὲ
2374 1120 2471 1172 σὺν
2504 1122 2897 1189 παραστήματι
2937 1120 3166 1192 καρδίας
3201 1122 3474 1193 ἐλευθέρῳ

2185 1210 2505 1280 Εὐθήκτους
2535 1211 2837 1281 ἐποιήσατο
2854 1210 3032 1281 τούτῳ
3049 1212 3151 1275 τὰς
3181 1213 3516 1283 ἀποκρίσεις
3544 1230 3559 1245 ·

2190 1321 2210 1354 ι
2255 1298 2394 1356 Οἶδα
2419 1302 2480 1355 τὸ
2514 1302 2931 1372 πολυπλάνητον
2961 1299 3059 1374 τῆς
3087 1303 3259 1375 τύχης
3277 1306 3377 1376 τῆς
3407 1304 3664 1370 ἀστάτου,

2185 1394 2293 1447 Καὶ
2317 1393 2535 1447 σύνοιδα
2564 1392 2733 1462 μηδέν
2786 1391 2841 1445 τί
2890 1410 2959 1463 με
2985 1394 3032 1426 ⁷⁸
3060 1397 3250 1448 καινὸν
3302 1390 3725 1468 καθυπυστῆναι
3756 1411 3772 1427 ⁸

2186 1484 2398 1556 Θνητὴν
2428 1484 2537 1556 γὰρ
2571 1486 2958 1556 περικείμενος
2987 1487 3083 1541 καὶ
3107 1489 3319 1560 γεηράν
3341 1488 3531 1543 οὐσίαν

2196 1577 2505 1631 ’Υπέπεσον
2532 1577 2579 1609 ⁸⁸
2607 1577 2703 1631 καὶ
2753 1577 2959 1633 πάθεσι
2989 1578 3212 1648 φύσεως
3250 1580 3623 1655 ἀνθρωπίνης.

2187 1659 2328 1722 Σὺ’δ’
2361 1669 2619 1737 ἐπιγνοὺς
2648 1668 2739 1723 τὸν
2766 1668 3050 1741 κύλινδρον
3077 1671 3173 1725 καὶ
3196 1671 3287 1725 τὸν
3316 1674 3509 1743 τροχὸν
3526 1674 3623 1730 τοῦ
3653 1676 3778 1748 βίου

2188 1758 2472 1827 Ἐξένεγκε
2492 1760 2592 1831 τὴν
2616 1759 2776 1831 δίκην
2822 1778 2913 1831 μοι
2936 1761 3196 1832 τοιαύτην
3220 1767 3526 1836 κρινομένῳ

2110 1828 2175 1925 Β,
2197 1850 2421 1906 Ὀποίαν
2457 1828 2661 1922 κρίνων
2684 1828 2782 1906 σῦν
2811 1828 2936 1924 ἐμοὶ
2962 1854 3063 1925 τήν
3084 1828 3272 1925 ψῆφον
3302 1828 3611 1929 ἀπεφαίνου
3635 1863 3703 1915 ⁸¹.
3752 1884 3771 1914 ι

2190 1944 2383 2015 Ὄχλος
2409 1942 2608 1997 οὐκοῦν
2644 1945 2674 1997 ὁ
2702 1945 2990 2015 παρεστὼς
3037 1945 3420 2015 θαυμάσαντες
3454 1952 3547 2005 τὸν
3570 1952 3773 2024 ἄνδρα,

2186 2037 2297 2089 Καὶ
2326 2035 2431 2106 τὴν
2459 2034 2629 2107 σοφὴν
2663 2035 2956 2107 ἀπόκρισιν
2993 2035 3158 2089 αὑτοῦ
3210 2040 3654 2109 καταπλαγέντες

2199 2126 2288 2191 Ὠς
2317 2125 2698 2199 φιλελεύθερον
2742 2127 2878 2197 ὁμοῦ
2912 2129 3006 2181 καὶ
3039 2129 3221 2199 πλήρη
3256 2132 3591 2201 παρρησίας,

2199 2220 2437 2274 Ἐκεῖθεν
2464 2218 2893 2290 ἁφαρπάσαντες
2934 2220 3124 2284 αὑταῖς
3161 2221 3208 2252 ⁸⁸
3245 2221 3341 2275 σὺν
3372 2224 3719 2294 χειροπέδαις

2187 2314 2278 2375 El;
2302 2312 2393 2366 τὸν
2422 2311 2549 2365 ναὸν
2575 2311 2668 2364 τὸν
2712 2311 2857 2380 ἱερὸν
2892 2312 3031 2378 μετὰ
3065 2315 3315 2383 κραυγῆς
3342 2314 3593 2385 εὐφήμου

2200 2404 2528 2473 Ἀπάγουσιν
2562 2404 2653 2456 καὶ
2680 2403 2756 2473 τῷ
2782 2404 2993 2475 λουτρῷ
3022 2404 3100 2474 τῷ
3133 2405 3264 2475 θείῳ
3307 2406 3630 2461 τελειοῦσιν.

2198 2492 2287 2554 Ὠς
2315 2492 2423 2563 ἄρα
2453 2492 2560 2553 πᾶς
2593 2491 2691 2560 τῆς
2723 2490 2926 2560 ἀρετῆς
2959 2491 3020 2543 τὸ
3050 2492 3237 2563 χρῆμα
3273 2493 3628 2554 δυσωπεῖται.

2200 2580 2538 2652 Ἀλλογενὴς,
2566 2581 2840 2651 ἰθαγενὴς,
2869 2580 3090 2652 Ἕλλην,
3131 2582 3443 2655 ἀλλόθρους,
3477 2586 3690 2657 Σκύθης
3709 2602 3726 2618 .

2188 2674 2340 2744 Μόνη
2364 2673 2472 2743 γὰρ
2491 2672 2712 2726 δύναται
2742 2673 2968 2743 κοσμεῖν
2994 2674 3115 2736 τοὺς
3144 2673 3382 2745 ἐραστὰς
3411 2677 3507 2730 καὶ
3554 2676 3778 2741 σώζειν.

2271 2768 2330 2819 '0
2372 2765 2471 2835 μὲν
2494 2759 2589 2819 οὖν
2632 2765 2927 2829 Ἰσοκάτιος
2964 2764 3109 2821 οὕτω
3141 2768 3328 2821 κακῶν
3358 2768 3626 2841 ἐρῤύσθη.

2202 2858 2260 2913 '0
2286 2857 2331 2911 δ’
2361 2859 2578 2929 ’Λσπαρ
2606 2856 2979 2930 ἐφαπτόμενος
3015 2847 3288 2931 χλαμύδος
3322 2860 3595 2932 βασιλείου

3441 2951 3594 3010 Vers.
3631 2955 3783 3013 2893

2191 3084 2347 3156 quasi
2387 3084 2704 3141 thesaurus.
2740 3085 2873 3140 Erat
2896 3087 2947 3141 ei
2984 3101 3186 3141 nomen
3229 3086 3534 3155 lsoeasius,
3574 3098 3629 3145 et
3657 3090 3780 3162 jam

506 3188 672 3248 niret,
704 3185 867 3238 Afros
912 3182 1055 3237 bello
1106 3195 1454 3249 nequaquam
1501 3190 1847 3233 vexaturum.
1902 3179 1993 3235 Sic
2025 3188 2081 3234 et
2113 3172 2259 3239 Cad
2313 3178 2579 3233 honorem
2644 3187 2935 3247 quaesturae
2989 3188 3341 3248 pervenerat.
3405 3180 3578 3251 igitur
3643 3199 3782 3239 reus

506 3278 776 3333 Barbarus
825 3275 1117 3345 imperium
1170 3281 1477 3337 reveretur,
1531 3271 1858 3342 indolesque
1905 3274 2082 3329 ferina

508 3371 640 3424 colit
669 3367 918 3424 homines
948 3365 1217 3421 divinitus
1246 3374 1468 3420 ornatos
1487 3406 1502 3430 ,
1547 3380 1751 3434 eosque
1782 3366 2081 3434 perhuma-

506 3462 651 3515 niter
679 3460 948 3514 intuetur.
1006 3457 1127 3512 Hoc
1181 3457 1343 3510 modo
1397 3456 1659 3511 dimissus
1708 3473 1737 3510 a
1793 3456 2084 3513 Gizericho

508 3551 704 3622 Gpolin
731 3549 1064 3615 revertitur;
1094 3562 1329 3617 cumque
1363 3555 1536 3601 terras
1563 3547 1904 3603 Theodosius
1952 3550 2082 3604 reli-

507 3641 739 3711 quisset,
772 3640 840 3695 de
879 3638 1087 3710 judicio
1116 3648 1172 3692 et
1200 3637 1475 3692 sententia
1507 3637 1812 3693 Pulcheriae
1842 3638 2084 3709 impera-

509 3742 595 3785 tor
651 3729 1018 3784 renuntiatur.
1058 3728 1186 3781 Erat
1223 3734 1407 3780 autem
1471 3726 1555 3780 vir
1582 3725 1782 3792 bonus,
1817 3728 2082 3796 prudens,

507 3821 707 3887 civilis,
752 3820 1071 3885 modestus;
1129 3818 1377 3888 adeoque
1424 3816 1576 3871 velut
1625 3818 1788 3871 arbor
1837 3818 1907 3872 ab
1952 3818 2087 3887 ipsis

504 3914 707 3969 Gratiis
737 3914 971 3980 consita,
995 3923 1052 3967 et
1081 3913 1350 3967 virtutum
1381 3908 1783 3981 probitatisque
1805 3910 2084 3980 quoddam

505 4010 659 4077 quasi
719 4022 936 4062 nemus.
1004 4005 1109 4062 Ubi
1176 4004 1438 4075 prazclare
1489 4017 1584 4058 sex
1642 4018 1816 4057 annos
1876 3998 2113 4072 potitus

506 4100 736 4169 sceptris
783 4097 1008 4165 fuisset,
1071 4106 1272 4151 terram
1327 4104 1518 4160 terraa,
1571 4094 1809 4150 animam
1849 4094 2087 4150 Domino

507 4190 767 4245 reddidit.

580 4279 942 4347 Posteaquam
976 4277 1193 4331 vivendi
1231 4277 1393 4333 finem
1438 4278 1679 4343 fecisset,
1725 4287 1949 4333 senatus
1978 4291 2086 4332 una

508 4383 633 4422 cum
668 4371 879 4439 Aspare
909 4369 1141 4439 patricio
1183 4368 1356 4424 Leoni
1396 4370 1565 4425 tradit
1612 4371 1937 4440 imperium,
1991 4368 2085 4439 qui

507 4460 731 4530 Asparis
775 4461 1019 4514 rationes
1066 4469 1232 4530 atque
1282 4461 1516 4531 negotia!
1559 4462 1909 4532 procurahat,
1958 4475 2084 4514 cum

2183 3270 2446 3340 dignitate
2480 3284 2545 3324 ac
2577 3269 2932 3324 facultatibus
2983 3270 3254 3339 spoliatus
3305 3287 3494 3326 coram
3542 3274 3783 3330 urbano

2183 3373 2417 3432 praetore
2460 3362 2670 3434 judicio
2717 3362 2970 3428 sislitur;
3021 3378 3259 3433 cumque
3302 3365 3487 3419 nudus
3516 3365 3580 3419 ad
3617 3366 3783 3421 illum

2182 3454 2574 3516 deduceretur,
2613 3453 2788 3508 instar
2838 3455 2983 3509 servi
3028 3454 3353 3510 verberonis
3398 3467 3495 3510 aut
3542 3457 3783 3513 latronis

2183 3544 2445 3614 colligati,
2475 3543 2649 3615 judex
2676 3544 2972 3598 calamitati
3007 3545 3133 3615 ejus
3183 3544 3455 3601 insultans
3502 3551 3785 3604 exclamat

2186 3637 2240 3691 in
2292 3638 2409 3692 haec
2457 3636 2667 3691 verba:
2705 3655 2723 3686 ι
2753 3635 2946 3691 Jamne
3012 3638 3302 3707 agnoscis.
3347 3638 3581 3703 lsocasi,
3625 3640 3784 3695 unde

2183 3727 2482 3793 excideris,
2515 3736 2572 3783 et
2600 3742 2713 3797 quo
2746 3734 2797 3782 te
2849 3727 2967 3781 alea
3007 3728 3244 3782 fortuna:
3284 3728 3594 3800 dejccerit?
3632 3749 3650 3780 ε
3692 3731 3783 3785 Ad

2185 3834 2308 3888 quae
2347 3818 2439 3872 ille
2468 3831 2736 3888 generoso
2764 3830 2829 3871 ac
2862 3817 3040 3871 libero
3068 3833 3298 3887 prorsus
3328 3819 3513 3873 animo
3539 3834 3781 3889 reSpon-

2185 3910 2268 3964 dit
2321 3927 2334 3963 :
2402 3929 2420 3960 ι
2471 3907 2741 3978 Equidem
2804 3908 3037 3963 fortuna:
3094 3925 3284 3980 vagam
3346 3911 3784 3967 inconstantiam

2187 4016 2449 4068 agnosco,
2489 4015 2590 4055 nec
2621 4000 2757 4055 mihi
2790 4000 3095 4070 quidquam
3123 4002 3376 4059 accidere
3412 4004 3536 4058 novi
3569 4003 3778 4061 fateor.

2185 4095 2399 4164 Quippe
2437 4109 2563 4149 cum
2596 4094 2846 4149 mortalis
2897 4094 3024 4157 sint,
3068 4094 3321 4150 humana:
3372 4105 3583 4151 naturze
3625 4100 3783 4155 calao

2188 4188 2412 4242 mitates
2448 4187 2729 4257 experior.
2772 4185 2854 4240 Tu
2905 4201 3040 4242 vero
3087 4187 3285 4243 defixis
3321 4189 3377 4242 in
3424 4189 3549 4243 vitae
3592 4201 3779 4247 rotam

2186 4279 2364 4335 oculis
2393 4278 2554 4333 talem
2600 4275 2690 4331 fac
2734 4276 2805 4331 de
2847 4290 2935 4331 me
2976 4276 3307 4332 sententiam
3353 4277 3518 4344 feras,
3551 4280 3778 4348 qualem

2190 4386 2276 4424 me
2325 4370 2534 4440 collega
2590 4369 2739 4424 ferre
2800 4368 3159 4423 consuevisti.
3193 4388 3211 4420 ι
3273 4368 3353 4425 Ad
3397 4379 3504 4423 tam
3554 4372 3781 4441 sapiens

2191 4462 2292 4517 viri
2345 4477 2696 4531 responsum,
2755 4460 2905 4531 quod
2962 4460 3322 4529 ingenuitatis
3375 4476 3439 4515 ac
3496 4461 3780 4519 libertatis

507 4552 732 4621 quidem
790 4529 1148 4621 promisisset
1186 4529 1382 4621 Aspari
1443 4567 1501 4607 se
1556 4529 1852 4621 utrumque
1909 4551 2084 4606 filium
2117 4529 2162 4586 ο
2192 4554 2413 4625 plenum
2439 4529 2620 4619 esset,
2653 4529 2810 4622 plebs
2836 4550 3046 4605 urbana
3084 4552 3338 4621 perculsa
3367 4562 3424 4607 et
3462 4551 3778 4621 stupefacta

505 4645 624 4716 ejus
672 4643 904 4700 Caesaris
965 4643 1235 4715 dignitate
1286 4644 1801 4700 cohonestaturum.
1872 4643 2087 4714 Quippe
2184 4647 2429 4705 vinctum
2477 4643 2662 4698 adhuc
2704 4642 2914 4713 pedicis
2958 4642 3239 4697 hominem
3288 4642 3415 4697 inde
3462 4642 3776 4711 abripiunt,

510 4735 625 4789 ﬁeri
673 4736 826 4791 nullo
860 4734 1025 4790 modo
1075 4743 1293 4806 poterat
1338 4743 1399 4789 ut
1442 4734 1617 4805 Aspar
1664 4734 1899 4804 imperio
1938 4734 2087 4804 poti-
2181 4737 2360 4791 fausta
2396 4751 2522 4791 cum
2575 4734 2973 4790 acclamatione
3009 4749 3223 4789 sacram
3279 4734 3345 4788 ad
3380 4736 3553 4789 aedem
3595 4734 3778 4789 dedu-

508 4839 681 4895 retur,
719 4829 865 4900 quod
895 4828 1256 4884 exsecrabilis
1285 4828 1405 4883 Arii
1435 4827 1605 4883 furori
1640 4827 1892 4882 addictus
1916 4835 2083 4881 esset.
2182 4839 2336 4895 cunt,
2380 4828 2569 4883 divino
2602 4829 2822 4882 lavacro
2853 4827 3066 4881 initiari
3106 4837 3322 4882 curant.
3366 4827 3636 4882 Nimirum
3668 4845 3775 4883 ne-

508 4918 616 4989 59
643 4918 734 4974 Sic
763 4922 980 4975 lucrum
1024 4936 1420 4991 nonnunquam
1470 4921 1725 4975 homines
1780 4919 2085 4974 submissos
2185 4921 2319 4975 mini
2345 4936 2455 4975 non
2483 4920 2661 4973 virtus
2693 4929 2777 4973 est
2803 4902 3159 4980 venerabilis,
3195 4919 3310 4972 sive
3335 4919 3408 4972 sit
3445 4920 3774 4989 peregrinus

506 5008 701 5075 efﬁcit;
733 5012 814 5065 sle
857 5027 983 5080 spes
1024 5013 1337 5067 mortalium
1383 5013 1599 5067 animos
1631 5010 1863 5081 ﬁngunt.
1912 5009 2071 5080 Apud
2182 5019 2300 5069 sive
2343 5013 2546 5075 incola,
2596 5012 2711 5066 sive
2749 5010 2971 5065 Gnaeus
3030 5011 3144 5065 sive
3192 5010 3427 5065 diversa:
3485 5027 3515 5064 a
3562 5011 3773 5066 Grmcis

509 5097 658 5150 hunc
709 5097 972 5163 Ῑιεοηεῐη,
1024 5102 1117 5170 qui
1170 5102 1239 5157 de
1286 5100 1553 5156 varietate
1598 5099 1880 5172 religionis
1931 5109 2145 5153 reCle/
2182 5106 2404 5175 linguae,
2449 5104 2564 5158 sive
2614 5103 2837 5173 Scytha.
2875 5102 3011 5156 Nam
3052 5102 3169 5156 hare
3221 5102 3336 5156 sola
3371 5103 3453 5157 sui
3490 5104 3772 5158 studiesos

507 5188 805 5265 sentiebat,
828 5191 1050 5261 quidam
1075 5186 1369 5264 aliquando
1388 5194 1604 5249 delatus
1634 5208 1732 5263 per
1749 5190 2077 5247 calumniam
2184 5214 2380 5252 ornare
2424 5211 2754 5265 servareque
2790 5203 2989 5265 potest.

506 5263 614 5334 fuit
641 5281 796 5349 quasi
826 5282 1062 5337 ethnicis
1099 5263 1590 5355 superstitionibus
1633 5284 1885 5348 addictus
1910 5291 2078 5342 esset,
2256 5288 2434 5356 Atque
2470 5287 2573 5339 hoc
2597 5263 2762 5339 modo
2792 5263 3059 5339 lsocasius
3107 5297 3221 5337 sum
3247 5283 3410 5336 saluti
3465 5283 3767 5337 consuluit.

506 5387 631 5427 cum
668 5387 858 5444 reapse
900 5373 1042 5428 foret
1085 5377 1349 5432 doctrina:
1413 5393 1476 5431 ac
1524 5378 1805 5447 sapientia:
1852 5373 2076 5445 quidam
2182 5374 2451 5430 Craterum
2503 5373 2677 5441 Aspar
2732 5369 3029 5440 aliquando
3070 5369 3359 5438 chlamyde
3411 5370 3769 5437 imperatoris

1829 5510 2030 5574 Varias
2055 5510 2362 5572 lectiones

573 5641 977 5721 '“ﬁee‘tésll-
1142 5644 1673 5721 κεπαλὶείξαγτρςβ-
1722 5644 1795 5721 ,1⁸
1818 5643 2005 5721 τῆς.Αο
2040 5640 2143 5708 γῆς
2163 5616 2419 5721 ,θη-..³³
2452 5631 2858 5721 “99"‘°“°.!‘.“-
2892 5630 3357 5721 ..‘i§i_“_‘3:I?"’"
3389 5630 3459 5721 Ar.
3501 5626 3763 5721 ..ἶῗσὲἷῗῖ

503 5730 601 5834 ira
627 5698 1147 5837 Ιξξιὶίξ;δντὶἰῖὲοάτος
1177 5698 1242 5769 li.
1318 5715 1363 5747 ⁷⁷
1394 5698 1641 5786 καλῷἏ.
1722 5713 1768 5747 ⁷⁸
1796 5698 2140 5782 κατέστησεν
2162 5709 2226 5767 Β.
2303 5709 2347 5741 ⁷⁸
2373 5698 2571 5777 μηκέτι
2598 5721 2665 5773 με
2700 5703 2813 5757 All.
2892 5703 2937 5734 ⁸⁸
2962 5703 3210 5755 ὑπέπεσε.
3240 5700 3307 5754 Β.
3419 5701 3460 5733 ⁸³
3495 5698 3761 5768 ὰπεφήνω
