4136 6438
310 391 416 452 3‘30

314 503 336 536 ι
371 499 446 555 Ὦ
475 497 752 570 βασιλεῦ,ι
799 498 1034 567 ἐπέλεγε
1076 487 1190 569 μεθ’
1218 499 1350 568 ὅσης
1373 498 1670 563 ἀναιδείας»

319 611 341 644 ι
365 594 440 646 Οὑ
468 591 575 663 χρὴ
607 591 700 645 τὶν
729 589 1114 660 περικείμενον
1144 589 1242 660 τὴν
1276 591 1567 660 πορφυρᾶν
1596 589 1846 659 χλαμύδα

310 684 690 755 Ψευδηγορείν
722 683 821 736 καὶ
854 681 1187 736 πλάττεσθαι
1231 680 1660 752 ματαιοκρότους
1687 681 1900 748 λόγους.

313 776 534 846 Πλήρου
559 791 653 845 μοι
684 772 785 845 τὴν
823 773 1125 842 ὑπόσχεσιν
1150 773 1217 843 ἢν
1244 770 1413 824 πάλαι
1447 770 1794 841 καθυπέσχου
1816 771 1865 803 ⁸³
1882 809 1900 835 ,

314 866 650 935 Συνθέμενος
687 866 988 934 ἀναγαγεῖν
1016 863 1106 917 τὸν
1137 862 1235 917 ἕνα
1269 878 1361 933 μοι
1393 860 1503 915 τῶν
1531 862 1739 914 παίδων

316 959 410 1021 Εἰς
432 955 566 1026 ὑᾲος
590 958 652 1008 τὸ
677 954 774 1008 τοῦ
794 954 1074 1024 Καίσαρος
1094 954 1188 1007 καὶ
1210 953 1307 1023 τὴν
1328 950 1581 1005 ἐντεῦθεν
1598 950 1777 1015 δόξαν.
1798 970 1818 1004 ι

317 1047 460 1114 Πρὸς
487 1045 546 1096 ὃν
571 1041 1011 1113 ἁνθυπεκρούετο
1041 1041 1218 1110 σοφῶς
1257 1040 1287 1091 ό
1321 1039 1622 1107 βασιλεύων
1640 1057 1654 1071 ·

323 1153 343 1185 ι
374 1134 451 1187 uti
487 1134 594 1203 χρὴ
620 1132 711 1185 τὸν
747 1129 1132 1201 περικείμενον
1157 1127 1255 1197 τὴν
1285 1127 1572 1197 πορφυρᾶν
1609 1125 1857 1197 χλαμύδα

316 1224 477 1292 napi
515 1239 659 1285 τινος
688 1219 1059 1290 κατάρχεσθαι
1090 1219 1185 1272 καὶ
1221 1216 1407 1271 δοῦλον
1444 1217 1826 1288 χρηματίζειν.
1874 1236 1893 1269 ι

388 1308 558 1376 οὗτος
585 1315 614 1367 ό
642 1313 866 1383 κράτωρ
895 1310 1202 1381 θησαυροὺς
1229 1307 1406 1379 εὑρὼν
1445 1308 1900 1374 πολυταλάντους,

315 1405 488 1468 Ὀλας
516 1406 786 1466 θαλάσσας
816 1405 947 1474 εἴπῃ
984 1418 1068 1464 τις
1099 1402 1194 1454 καὶ
1209 1400 1257 1431 ⁸⁵
1281 1402 1561 1470 ποταμοὺς
1583 1401 1898 1471 χρημάτων,

319 1494 565 1564 Πόλεμον
590 1491 1031 1559 αὑτεπάγγελτον
1061 1490 1107 1521 ⁸⁵
1134 1490 1229 1542 καὶ
1260 1489 1443 1560 μάχην
1480 1489 1782 1561 φρικαλέαν

320 1585 435 1638 Καὶ
481 1584 665 1636 στόλον
702 1580 1052 1652 μυριόστολον
1079 1579 1173 1633 καὶ
1204 1579 1536 1646 ποντοπόρον
1573 1577 1730 1648 ὄχλον

318 1676 432 1728 Καὶ
473 1675 681 1745 σμῆνος
709 1671 1100 1744 ὑγροκέλευθον
1130 1671 1223 1724 καὶ
1253 1669 1457 1737 πλῆθος
1488 1668 1897 1724 θαλασσόπλουν

315 1766 479 1820 Κατὰ
508 1765 723 1819 Λιϐύων
760 1765 1053 1834 συγκροτεῖ
1079 1765 1172 1816 καὶ
1202 1762 1341 1815 κατὰ
1376 1761 1415 1813 Γ
1421 1760 1682 1832 ιζερίχου,

318 1860 429 1912 Καὶ
459 1859 763 1926 στρατηγὸν
791 1855 1045 1925 ἐφίστησι
1077 1854 1321 1924 κράτορα
1350 1851 1445 1906 τοῦ
1486 1852 1726 1922 πολέμου

317 1951 427 2002 Τὸν
453 1948 682 2018 ἀδελφὸν
709 1947 806 2018 τῆς
840 1945 1087 2016 γαμετῆς
1111 1944 1338 2014 Βερίνης
1372 1943 1712 1997 Βασιλίσκον.

326 2038 395 2092 Ἦ
435 2037 731 2109 στολαρχία
754 2034 1045 2106 τοιγαροῦν
1070 2034 1254 2104 ἐφόϐει
1292 2035 1389 2089 καὶ
1424 2034 1552 2097 τοὺς
1582 2036 1790 2106 πόρρω,

326 2130 634 2184 Ἐκάλυπτε
665 2129 763 2200 τὴν
787 2128 1069 2183 θάλασσαν
1095 2130 1203 2190 τοῖς
1230 2126 1449 2195 λαίφεσι
1475 2126 1584 2180 τῶν
1621 2125 1846 2194 πλοίων,

326 2223 719 2294 Ἐστενοχὼρει
750 2223 849 2293 τὴν
876 2222 1051 2294 ὑγρὰν
1080 2221 1341 2290 σκάφεσιν
1389 2216 1685 2280 άλιπλόοις.

316 2311 504 2369 Ἦσαν
534 2315 768 2379 τοξόται,
802 2313 1121 2377 πελτασταὶ,
1162 2311 1453 2382 ναυμάχοι,
1500 2308 1825 2380 πεζομάχοι,
1883 2337 1886 2340 ~

332 2406 506 2478 Ὑπὲρ
535 2406 634 2477 τὴν
661 2406 846 2476 ἄμμον
874 2407 954 2469 είς
977 2403 1206 2475 πληθὺν,
1239 2403 1302 2457 τὸ
1333 2402 1533 2473 θράσος
1565 2400 1706 2472 ὑπὲρ
1734 2401 1897 2471 θῆρα.

328 2499 492 2553 Ἀλλὰ
513 2499 983 2569 τυραννικώτατον
1019 2497 1078 2551 τὸ
1107 2496 1289 2560 σθένος
1316 2494 1412 2548 τοὺ
1446 2495 1694 2565 χρυσίου,

332 2588 493 2643 ’Δλλὰ
522 2589 964 2659 δυναμικάγτερον
1005 2588 1214 2658 μυρίων
1257 2585 1704 2656 στρατευμάτων.

322 2680 491 2733 Τοῦτο
514 2681 607 2733 καὶ
637 2679 793 2733 πόλιν
822 2678 1098 2751 εὔπυργον
1124 2680 1190 2732 ὲκ
1212 2678 1425 2749 βάθρων
1464 2676 1824 2740 ἀνασκάπτει,

323 2772 492 2824 Τοῦτο
518 2773 613 2824 καὶ
636 2771 831 2843 δόμους
858 2771 905 2804 ⁸⁸
934 2771 1141 2833 δλλυσι,
1168 2769 1326 2824 τοῦτο
1369 2771 1472 2823 κάν
1503 2770 1616 2831 τοῖς
1641 2766 1899 2837 πολέμοις

322 2862 504 2917 ’Ὁλων
531 2863 701 2917 ἐθνῶν
727 2863 1038 2934 ἀφανισμὸν
1071 2865 1412 2934 καινοτομεῖν
1443 2860 1636 2930 ἰσχύει,

326 2954 434 3006 Καὶ
459 2955 634 3007 πάντα
654 2952 878 3008 δύναται
906 2954 1082 3023 κυκᾷν
1107 2953 1198 3007 καὶ
1222 2952 1477 3023 στρέφειν
1503 2950 1598 3003 καὶ
1627 2948 1899 3020 συγχέειν.

328 3045 602 3114 ’Λφυκτόν
632 3047 748 3099 ἐστι
784 3043 1063 3116 βέλεμνον,
1099 3044 1282 3116 βάλλει
1313 3043 1454 3097 κατὰ
1474 3040 1725 3113 καρδίας,

324 3295 602 3365 prehensa
656 3268 919 3365 singulari
957 3309 1082 3349 cum
1127 3291 1473 3363 impudentia
1522 3290 1700 3345 dixit:
1735 3308 1753 3342 ι
1783 3272 1902 3343 Non

329 3390 512 3452 decet,
578 3389 903 3458 imperator,
960 3401 1203 3457 purpura
1254 3385 1517 3440 vestitum
1568 3380 1790 3437 mentiri
1838 3395 1905 3434 ac

325 3493 465 3532 vana
498 3478 769 3548 proferre.
792 3476 1164 3544 Quamobrem
1218 3483 1300 3530 sta
1334 3472 1644 3544 promissis,
1675 3480 1736 3527 et
1756 3471 1905 3541 quod

326 3571 537 3625 dudum
573 3570 709 3624 mihi
758 3568 1038 3640 pollicitus
1063 3582 1144 3634 es,
1172 3575 1390 3639 praesta,
1422 3568 1548 3620 cum
1597 3563 1813 3619 diceres
1852 3575 1906 3619 te

324 3665 566 3719 alterum
603 3676 635 3716 e
673 3661 798 3716 filiis
834 3660 973 3715 meis
1012 3659 1082 3714 ad
1120 3658 1425 3715 Cazsaream
1463 3656 1786 3727 dignitatem
1817 3663 1904 3709 at-

327 3770 440 3824 que
470 3754 704 3824 gloriam
734 3761 1146 3825 provecturum.
1188 3771 1208 3804 ι
1242 3750 1325 3806 Ad
1355 3765 1476 3820 quae
1503 3749 1670 3803 verba
1691 3748 1908 3817 sapien-

327 3855 419 3901 ter
476 3846 776 3900 admodum
843 3844 1161 3914 imperator,
1197 3860 1219 3894 ι
1251 3840 1371 3895 Νοη
1421 3839 1641 3903 decet,»
1707 3839 1910 3908 inquit,

336 3960 357 3990 ‹
399 3954 650 4008 purpura
679 3937 938 3992 vestitum
977 3934 1302 4006 cujusquam
1362 3932 1601 4003 imperio
1653 3930 1911 3987 servilem

328 4031 385 4085 iu
425 4028 654 4084 modum
682 4029 996 4098 subjectum
1037 4041 1181 4081 esse.
1209 4044 1227 4077 ι

399 4121 542 4176 Cum
576 4128 759 4175 autem
786 4120 1077 4187 :maximos
1135 4120 1436 4187 imperator
1467 4115 1579 4170 Leo
1625 4114 1914 4169 thesauros

330 4222 531 4267 nactus
564 4218 734 4275 esset,
771 4211 977 4266 bellum
1025 4207 1297 4263 Africanis
1326 4206 1544 4271 indixit,
1592 4211 1914 4274 tantumque

331 4320 447 4359 non
496 4303 769 4358 infinitam
806 4302 1038 4358 classem
1065 4302 1333 4356 adversus
1358 4314 1456 4354 eos
1477 4307 1532 4352 et
1563 4297 1912 4352 Gizericbum

1422 384 1931 451 COMPENDIUM
1969 387 2455 451 CHRONICUM.

1931 511 1983 571 Α
2008 499 2120 552 Καὶ
2152 499 2480 571 χειροδέσμη
2512 500 2791 567 δύσλυτος,
2819 504 3094 577 ἄρρηκτος
3122 507 3421 580 ποδοκάκη.

3478 401 3584 463 330

2003 587 2239 643 Δύναται
2261 588 2514 656 γλῶσσαν
2537 592 2755 660 ἄφωνον
2787 594 2998 650 τιθέναι
3028 597 3359 670 λαλιστάτην

1989 680 2114 765 .Καὶ
2141 679 2315 749 στόμα
2346 681 2407 734 τὸ
2428 682 2758 754 περίτρανον
2789 686 2871 748 είς
2893 687 3138 756 ἀφωνίαν
3166 691 3410 759 τρέπειν.

2005 767 2193 838 Τούτῳ
2217 772 2492 843 συμμάχῳ
2529 775 2812 845 χρώμενος
2842 779 3123 851 Γιζέριχος
3153 784 3182 835 ὁ
3209 783 3381 848 Λίϐυς

2003 860 2110 913 Τὸν
2135 861 2454 932 τηλικοῦτον
2486 864 2683 936 ἴσχυσε
2715 873 3138 927 καταποντῶσαι
3162 878 3375 935 στόλον.

2018 951 2076 1005 '0
2110 952 2433 1019 Βασιλίσκος
2456 957 2567 1028 γὰρ
2597 958 2780 1032 πολλῷ
2806 965 3219 1033 φαρμακευθεὶς
3246 971 3457 1043 χρυσίῳ

2006 1043 2242 1114 Ἐϐλεψε
2270 1045 2489 1117 πρῶτος
2517 1049 2598 1112 είς
2630 1051 2809 1121 φυγὴν
2840 1054 2981 1107 κατὰ
3019 1055 3119 1119 τὰς
3150 1057 3491 1130 ὑποσχέσεις,

2003 1134 2315 1191 Κάντεῦθεν
2343 1139 2728 1212 ἀνετράπησαν
2752 1145 2822 1198 τὰ
2858 1147 3166 1216 πράγματα
3192 1149 3509 1221 Ῥωμαίοις,

2005 1224 2114 1317 ίίαῖ
2141 1226 2233 1279 τὸν
2272 1227 2469 1317 ⁹ίνδοίδς
2501 1231 2816 1302 φοϐήσαντα
2842 1237 2936 1291 καὶ
2965 1238 3095 1302 τοὺς
3123 1238 3167 1271 ⁸⁷
3191 1242 3250 1293 ὲν
3285 1242 3586 1317 Βρεττανίᾳ

1971 1295 1977 1303 ’
2003 1314 2114 1367 Καὶ
2132 1317 2240 1368 πᾶν
2268 1315 2420 1381 ἔθνος
2445 1295 2538 1374 καί
2568 1295 2749 1377 πάσαν
2780 1325 2883 1395 γῆν
2930 1295 3117 1381 στόλον
3157 1329 3251 1384 τὸν

2000 1405 2155 1477 Μόνη
2178 1409 2404 1477 χρυσίου
2432 1411 2736 1482 στιλϐηὸὼν
2787 1415 3005 1486 ἴσχυσεν
3034 1418 3298 1488 ἀφανίσαι

2005 1497 2169 1550 ’Λνευ
2203 1501 2424 1569 χειρῶν,
2455 1501 2583 1556 ἄνευ
2615 1503 2807 1573 βελῶν,
2839 1508 2973 1575 ἄτερ
3003 1510 3355 1582 ὁπλοφορίας.

2074 1589 2185 1641 Καὶ
2221 1590 2392 1643 ταῦτα
2430 1593 2530 1662 μὲν
2560 1594 2864 1665 συνέϐησαν
2905 1599 3203 1670 Ῥωμαίοις
3226 1604 3284 1655 ὲν
3316 1606 3452 1659 Διϐύ
3510 1624 3526 1641 ·

2014 1677 2074 1732 Ὀ
2102 1679 2160 1732 δὲ
2191 1680 2480 1752 Ῥωμαίων
2506 1683 2782 1754 βασιλεὺς,
2810 1681 2966 1750 οὗτος
2996 1691 3157 1756 αὑτὸς
3184 1695 3213 1746 ό
3243 1696 3417 1759 Λέων,

1930 1800 1975 1860 Β
2005 1771 2120 1824 Οὐκ
2140 1771 2447 1841 εὐτυχήσας
2467 1774 2700 1846 ἄρρενος
2739 1777 2899 1845 γόνου
2931 1781 3113 1854 πατὴρ
3136 1784 3411 1853 γενέσθαι,

2005 1862 2114 1932 Τὴν
2142 1863 2421 1934 θυγατέρα
2455 1866 2714 1935 ζεύγνυσι
2739 1871 2947 1938 Ζήνωνι
2987 1875 3286 1946 πατρικίῳ,

2014 1953 2105 2017 Ἐξ
2144 1955 2415 2025 Ἰσαυρίας
2438 1955 2650 2011 ἕλκοντι
2681 1959 2778 2023 τὰς
2799 1961 2955 2030 ῥίζας
2973 1962 3073 2026 τὰς
3098 1967 3192 2018 τοῦ
3213 1968 3425 2034 γένους.

2001 2047 2081 2118 Τῇ
2114 2045 2172 2099 δὲ
2205 2047 2358 2100 παιδὶ
2382 2049 2475 2101 τοῦ
2506 2050 2734 2114 Λέοντος
2765 2051 2954 2122 κλῆσις
2978 2050 3049 2126 ἦν
3087 2054 3368 2128 Ἀριάδνη.

2014 2139 2110 2192 Ἐκ
2141 2139 2341 2211 ταύτης
2366 2141 2423 2195 δὲ
2452 2142 2529 2213 τῷ
2562 2144 2770 2214 Ζήνωνι
2800 2147 2927 2210 παῖς
2960 2146 3136 2218 ἄρρην
3164 2149 3372 2221 ὲκυήθη

2002 2231 2154 2287 Λέων
2174 2232 2600 2304 ὀνομαζόμενος,
2626 2234 2917 2307 ὁμώνυμος
2942 2238 3019 2309 τῷ
3052 2239 3296 2311 πάππῳ⁴

2005 2321 2210 2391 ’Ὁνπερ
2243 2323 2337 2376 καὶ
2361 2323 2802 2395 προσλαϐόμενος
2832 2329 2861 2379 ό
2899 2326 3150 2397 βασιλεὺς
3187 2331 3278 2384 καὶ
3298 2330 3551 2399 πάππος,

2000 2410 2114 2462 Καὶ
2139 2412 2380 2483 παριδὼν
2404 2414 2495 2468 τὸν
2521 2415 2747 2486 Ζήνωνα
2772 2418 2863 2471 καὶ
2910 2417 3133 2490 φίλτρον
3162 2419 3475 2493 θυγατρίου,

2000 2501 2242 2571 Χειρίςει
2274 2503 2352 2575 τῷ
2391 2504 2700 2578 θυγατριδῷ
2728 2507 2829 2578 τῆς
2856 2506 2905 2540 ⁸⁸
2936 2504 3219 2580 ’βἀσιλείας
3251 2512 3523 2586 σκῆπτρα.

2000 2595 2328 2664 Δυσεντερία
2352 2595 2460 2666 γὰρ
2491 2597 2717 2667 ληφθεὶς
2748 2597 2953 2669 οἴχεται
2983 2601 3081 2654 σὺν
3115 2604 3181 2673 τῇ
3214 2603 3376 2675 νόσῳ,

2004 2683 2189 2738 Ἔτεσι
2219 2684 2350 2738 δέκα
2377 2687 2510 2758 πρὸς
2543 2687 2687 2741 ὀκτὼ
2723 2689 3008 2758 Ῥωμαίων
3038 2690 3383 2760 βασιλεύσας.

2012 2772 2174 2829 Ἀλλά
2191 2775 2299 2845 γὰρ
2317 2768 2471 2838 οὗτος
2496 2779 2632 2848 πρὸς
2661 2780 2859 2849 μικρὸν
2877 2780 3211 2851 γευσάμενος
3228 2782 3321 2836 τοῦ
3350 2784 3587 2856 κράτους

2002 2864 2175 2935 Γῆθεν
2204 2865 2414 2936 ἀπῆλθε
2447 2866 2654 2938 τάχιον,
2686 2870 2908 2939 Ζήνωνα
2942 2872 3035 2925 τδν
3070 2872 3284 2942 πατέρα

1986 2956 2331 3014 ,Καταλιπὼν
2355 2958 2601 3030 διάδοχον
2624 2960 2726 3031 τῆς
2754 2961 3205 3033 αὐτοκρατορίας.

1928 3082 1971 3139 C
2078 3043 2243 3113 Οὗτος
2275 3052 2304 3104 ό
2324 3052 2512 3121 Ζήνων
2538 3051 2600 3106 οὑ
2632 3051 2812 3116 καλῶς
2839 3047 2952 3124 εἶχε
2981 3054 3108 3125 περὶ
3139 3055 3201 3108 τὸ
3231 3055 3415 3122 σέϐας,

3247 3145 3407 3204 Vers.
3442 3147 3580 3206 295i

2005 3300 2149 3355 xime
2181 3301 2455 3370 garrulam
2494 3300 2715 3357 ellicere
2753 3309 2961 3372 potest,
2993 3316 3059 3357 ac
3090 3301 3329 3359 vicissim
3354 3319 3418 3361 os
3437 3305 3588 3364 clare

2005 3390 2244 3459 loquens
2321 3403 2534 3446 mutum
2591 3391 2844 3448 reddere.
2904 3391 3082 3463 Hujus
3115 3409 3219 3465 ope
3264 3394 3587 3453 Gizerichus

2009 3481 2195 3553 Libya:
2244 3497 2341 3537 rex
2388 3491 2548 3538 utens
2625 3493 2831 3538 tantam
2879 3484 3115 3540 classem
3167 3486 3481 3558 demergere
3526 3503 3592 3544 ac

2009 3573 2236 3629 abolere
2277 3575 2478 3644 potuit.
2503 3572 2715 3644 Quippe
2755 3575 2930 3631 multo
2957 3574 3257 3632 Basiliscus
3278 3593 3414 3634 auro
3463 3596 3590 3636 cor-

2009 3676 2207 3732 ruptus
2260 3665 2470 3735 primus
2527 3666 2606 3720 uti
2643 3677 3000 3732 convenerat,
3060 3667 3244 3738 fugam
3310 3671 3586 3742 arripuit;

2011 3756 2157 3809 unde
2210 3755 2412 3810 factum
2441 3764 2502 3809 ut
2565 3770 2654 3811 res
2713 3755 2959 3811 Romana
3010 3758 3446 3814 subverteretur.
3488 3761 3588 3817 Ni-

2011 3846 2213 3899 mirum
2237 3845 2466 3900 classem
2496 3845 2667 3912 illam,
2691 3862 2814 3915 quae
2838 3847 3048 3916 pariter
3082 3846 3248 3902 ludos
3277 3858 3441 3919 atque
3462 3850 3590 3904 Bri-

2014 3946 2214 3990 tannos
2260 3936 2554 3992 formidine
2606 3938 2921 4007 perculerat
2959 3937 3328 4008 omnibusque
3374 3955 3473 4010 per
3499 3956 3589 3994 or-

2015 4028 2140 4082 bem
2180 4036 2452 4083 terrarum
2482 4029 2806 4084 nationibus
2834 4029 3031 4084 terrori
3062 4029 3266 4107 fuerat,
3297 4032 3448 4087 solus
3467 4035 3586 4087 auri

2016 4118 2282 4187 splendor
2314 4119 2634 4189 disperdere
2677 4129 2734 4175 et
2771 4120 2991 4175 abolere
3024 4120 3202 4190 potuit
3233 4122 3441 4194 absque
3471 4137 3559 4178 ma
3581 4154 3593 4166 -

2017 4211 2203 4272 nibus,
2232 4211 2440 4280 absque
2467 4210 2610 4276 telis,
2635 4212 2842 4281 absque
2862 4213 3049 4268 armis.

2092 4299 2218 4354 Haec
2250 4300 2305 4353 in
2355 4300 2524 4372 Libya
2573 4301 2838 4358 Romanis
2876 4304 3150 4360 accidere.
3181 4303 3451 4361 Cmterum
3503 4307 3595 4363 hic

333 4412 522 4469 regem
555 4396 727 4461 misit,
758 4393 1019 4465 praefecto
1047 4392 1223 4462 copiis
1253 4393 1584 4461 imperatore
1625 4389 1911 4455 Basilisco,
1943 4418 1992 4479 υ
2022 4391 2140 4460 ipse
2174 4392 2548 4446 Romanorum
2603 4392 2900 4463 imperator
2930 4393 3063 4460 Leo,
3120 4406 3244 4451 cum
3275 4405 3483 4451 tantum
3518 4397 3596 4452 lea

332 4488 554 4544 Verius:
591 4487 841 4557 conjugis
870 4485 1060 4540 fratre.
1115 4484 1242 4539 Haec
1270 4483 1460 4539 classis
1504 4483 1668 4538 etiam
1707 4480 1915 4550 longis-

338 4580 479 4634 sime
534 4576 747 4633 dissitis
820 4575 1022 4630 terrori
1073 4584 1215 4640 erat,
1274 4572 1478 4642 quippe
1504 4587 1625 4642 qua:
1686 4568 1921 4640 navigiis

337 4673 519 4740 ipsum
556 4683 706 4724 mare
731 4666 1044 4736 cooperiret
1076 4673 1368 4734 artumque
1399 4663 1674 4718 redderet.
1703 4662 1770 4716 Et
1790 4675 1921 4716 con-

338 4761 553 4816 tinebat
604 4759 937 4831 sagittarios,
993 4766 1257 4820 cetratos,
1293 4755 1603 4810 classiarios
1697 4753 1919 4817 milites,

336 4851 557 4920 pedites
600 4865 820 4904 arenam
881 4847 1234 4902 multitudine
1287 4852 1633 4916 superantes,
1691 4840 1920 4896 audacia

339 4944 576 4998 belluas.
607 4941 717 5012 60
746 4941 948 4997 Verum
974 4940 1259 4994 enimvero
1276 4935 1673 4991 violentissima
1691 4932 1774 4989 vis
1796 4932 1920 4987 auri

338 5043 447 5098 est,
476 5042 535 5086 et
566 5031 841 5086 sexcentis
872 5028 1210 5085 exercitibus
1258 5028 1459 5098 potior.
1516 5025 1724 5080 Aurum
1768 5024 1916 5079 enim

337 5133 527 5194 petest
568 5123 764 5176 urbem
819 5120 1068 5175 turribus
1115 5117 1333 5189 egregie
1395 5117 1661 5170 munitam
1698 5115 1766 5170 de
1797 5115 1919 5168 fun-

339 5216 619 5272 damentis
676 5224 958 5280 evenere;
1015 5226 1211 5266 aurum
1244 5211 1299 5263 in
1343 5208 1501 5264 bellis
1550 5208 1802 5265 nationes
1833 5206 1920 5261 in-

344 5322 525 5381 tegras
565 5307 751 5363 delere
792 5313 973 5376 potest
1029 5313 1085 5360 et
1117 5316 1279 5357 omne
1305 5299 1506 5355 malum
1539 5298 1765 5365 inferre,
1794 5313 1926 5354 con-

346 5407 596 5472 turbare,
619 5405 962 5465 subvertere.
983 5400 1343 5459 confundcre.
1374 5399 1568 5453 Telum
1589 5407 1673 5454 est
1691 5397 1925 5453 inevita-

348 5500 479 5563 bile,
503 5497 652 5569 quod
710 5496 882 5552 corda
915 5495 1090 5564 petit;
1123 5488 1520 5546 indissolubilis
1567 5497 1653 5544 cst
1691 5489 1927 5552 manica,

348 5600 404 5645 et
436 5591 634 5661 cippus
666 5588 759 5659 qui
788 5587 963 5658 frangi
1007 5585 1219 5656 nequit.
1259 5583 1524 5652 Linguam
1576 5591 1782 5636 mutam
1813 5597 1930 5636 ma-

2018 4481 2246 4537 licitatis
2292 4498 2400 4537 non
2459 4483 2656 4539 fuisset
2700 4486 2933 4555 adeptus
2983 4496 3042 4541 ut
3079 4488 3334 4542 masculae
3387 4489 3593 4544 sobolis

2018 4583 2173 4642 pater
2204 4582 2371 4637 esset,
2405 4573 2568 4628 ﬁliam
2602 4589 2780 4641 suam,
2813 4578 2904 4632 cui
2948 4593 3148 4634 nomen
3186 4589 3306 4635 erat
3331 4578 3588 4653 Ariadna,

2019 4665 2224 4720 Zenoni
2260 4668 2513 4737 patricio,
2562 4671 2655 4739 qui
2702 4670 2919 4739 generis
2962 4672 3229 4742 originem
3265 4687 3333 4726 ex
3382 4671 3589 4726 lsauria

2019 4757 2274 4819 ducebat,
2305 4757 2360 4810 in
2390 4758 2797 4813 matrimonium
2841 4759 3150 4816 collocavit.
3196 4761 3274 4815 Ex
3298 4775 3358 4814 ea
3382 4758 3590 4813 Zenoni

2019 4856 2183 4902 natus
2219 4857 2303 4902 est
2336 4847 2480 4903 ﬁlius
2523 4847 2657 4911 Leo,
2711 4850 3057 4919 cognominis
3094 4865 3196 4905 avo
3253 4846 3593 4918 imperatori.

2020 4939 2163 4994 lluic
2202 4940 2389 5009 nepoti
2443 4954 2566 5004 suo,
2608 4936 2828 4992 Zenone
2877 4938 3097 5008 liliaque
3119 4938 3431 5008 pra‘teritis,
3461 4952 3599 4993 avus

2024 5031 2317 5101 imperium
2352 5030 2596 5085 tradidit.
2629 5030 2807 5098 Atque
2839 5029 2965 5083 inde
2992 5039 3280 5099 correptus
3314 5029 3602 5084 intestino-

2028 5139 2152 5178 rum
2214 5120 2405 5176 morbo
2459 5121 2628 5175 vitam
2680 5121 2883 5187 amisit,
2943 5121 3176 5190 imperio
3230 5121 3600 5175 Romanorum

2029 5215 2248 5271 duobus
2291 5213 2358 5268 de
2407 5211 2602 5282 viginti
2638 5211 2797 5266 annis
2847 5212 3249 5266 administrate.
3281 5211 3484 5266 Verum
3510 5209 3602 5265 ille

2024 5306 2385 5378 perexiguum
2417 5305 2483 5358 ad
2537 5313 2755 5374 tempus
2796 5303 3027 5374 imperio
3096 5305 3380 5375 degustato
3435 5302 3600 5358 rebus

2028 5399 2262 5453 terrenis
2299 5396 2555 5460 excessit,
2597 5404 2653 5450 et
2710 5394 2984 5451 Zenonem
3035 5404 3247 5467 patrem
3272 5395 3328 5449 in
3369 5391 3599 5462 imperio

2027 5503 2403 5545 successorem
2432 5488 2679 5558 reliquit.

2103 5580 2232 5635 Erat
2252 5580 2493 5635 Zenonis
2520 5579 2573 5633 in
2597 5580 2859 5651 religione
2889 5594 3081 5635 narum
3122 5586 3272 5634 recta
3301 5567 3599 5633 sententia;

1574 5771 1583 5778 .
1669 5696 1870 5757 νεηνίαι
1919 5697 2248 5761 lectiones.

459 5804 504 5837 ⁸³
537 5801 891 5873 προῦπέσχου
914 5796 983 5852 Β.
1059 5797 1106 5830 ⁸⁵
1139 5798 1173 5867 ἢ
1216 5794 1331 5850 AR.
1404 5797 1449 5829 ⁸⁸
1486 5796 1531 5850 δ’
1566 5796 2002 5865 ἁντεπάγγελτον
2032 5798 2096 5851 Δ.
2172 5796 2216 5827 ⁸⁸
2257 5794 2461 5865 δήμους
2514 5793 2628 5849 RR.
2704 5794 2750 5827 ⁸⁷
2776 5793 2866 5847 τὸν
2898 5791 3012 5851 RR.
3086 5789 3132 5821 ⁸⁸⁸
3164 5785 3285 5841 τὰῖ

579 5897 857 5958 Parum”
897 5891 1014 5953 Gn.
1068 5889 1380 5954 CXXVII.

3219 5883 3288 5940 11
