4136 6428
507 387 614 452 335

1680 382 2160 446 CONSTANTIN
2169 385 2194 444 Ι
2236 384 2614 446 MANASSIS

3662 390 3770 452 335

507 498 651 553 ’Δλλ’
672 491 739 568 ἦν
761 496 934 560 οὐδεὶς
955 496 981 550 ὁ
1005 493 1305 565 συμπαθῶν
1328 493 1436 547 οὐδ’
1459 493 1818 566 ἐποικτείρων
1833 495 2059 549 τοῦτον⁸
2079 512 2092 526 ⁸
2121 502 2174 562 Α
2199 497 2528 568 Προσαίτης,
2561 496 2949 567 ἀπελεύθερος,
2985 493 3223 567 οἰκέτης,
3254 497 3351 549 οὐκ
3386 493 3630 564 οἰκέτης,

508 593 636 653 Τοῖς
678 591 788 660 γάρ
821 589 1007 650 κακοῖς
1032 587 1135 640 κάν
1165 587 1389 657 τελευτῇ
1417 587 1618 648 πάντες
1644 586 2021 654 ὲπεγκοτοῦσι.

509 680 713 750 Συνέϐη
753 679 810 732 δὲ
841 677 958 749 μετ’
979 677 1039 729 ού
1067 677 1202 730 πολὺ
1229 675 1320 729 τὸν
1351 678 1522 746 τάφον
1557 678 1841 746 ἀνοιγῆναι

513 775 622 826 Καὶ
647 770 738 824 τὸν
762 769 956 840 νεκρὸν
985 768 1076 820 τὸν
1108 768 1350 838 δυστυχῆ
1378 770 1542 822 πᾶσιν
1576 767 2006 837 ἐκκαλυφθῆναι,

524 861 784 916 Ἐλεεινόν
811 878 864 913 τι
901 860 1102 930 θέαμα,
1145 859 1401 922 κατάξιον
1433 857 1684 928 δακρύων
1704 875 1718 889 ⁸

513 951 724 1024 Εύρὲθη
749 951 858 1021 γάρ
896 949 1232 1018 καταφαγὼν
1274 951 1398 1011 τοὺς
1426 949 1533 1001 τῶν
1564 948 1740 1000 ποδῶν
1769 947 2063 1010 σανδάλους

512 1044 622 1098 Καὶ
644 1044 774 1106 τοὺς
799 1042 1090 1114 βραχίονας
1120 1040 1285 1096 αὐτοῦ
1316 1040 1568 1110 καθάπερ
1603 1039 1937 1109 ἀλλοτρίους.

510 1135 668 1198 Τινὲς
698 1134 754 1187 δὲ
777 1133 987 1205 Ζήνωνί
1017 1151 1150 1203 φασι
1176 1133 1447 1202 συμϐῆναι
1479 1134 1549 1182 τά
1577 1130 1804 1184 τοιαῦτα
1823 1146 1840 1163 ο

515 1227 784 1288 Πολλάκις
814 1225 922 1296 γὰρ
955 1228 1226 1294 νοσήματι
1254 1222 1530 1291 συνείχετο
1560 1222 1798 1293 κατόχῳ,

514 1320 622 1371 Καὶ
658 1318 913 1389 θνήσκειν
948 1317 1304 1387 νομιζόμενος
1337 1315 1492 1376 αὖθις
1521 1311 1587 1385 ἦν
1623 1317 1682 1367 ὲν
1711 1318 1824 1378 τοῖς
1853 1315 2042 1380 ζῶσιν.

598 1409 736 1462 Ἀλλ’
776 1409 835 1462 ού
884 1408 993 1477 γάρ
1053 1408 1228 1462 πάντα
1261 1408 1331 1460 τὰ
1384 1407 1528 1460 κακά
1563 1407 1821 1477 πρόσεστι
1853 1411 1964 1470 τοῖς
2005 1409 2102 1462 ἀν-

1749 1497 2030 1569 [θρώποις,

527 1589 686 1643 Ἀλλά
715 1586 1075 1656 συγκίρναταί
1108 1604 1237 1640 ποτε
1273 1587 1367 1639 καὶ
1402 1586 1654 1656 βέλτιστα
1690 1590 1712 1621 ⁹
1749 1587 2030 1650 κακίστοις

514 1677 751 1748 Βέϐηλος
777 1677 886 1746 γὰρ
918 1680 1012 1728 καὶ
1041 1675 1311 1745 δυσσεϐὴς
1344 1671 1496 1738 οὗτος
1527 1676 1720 1744 φανεὶς
1749 1679 1777 1728 ὁ
1808 1676 2028 1745 κράτωρ

516 1767 712 1836 Ὅμως
746 1765 983 1834 ἐξώρυξε
1018 1765 1186 1832 φυτὸν
1214 1765 1317 1834 γῆς
1348 1767 1390 1796 ¹⁰
1422 1766 1602 1836 πάσης
1638 1765 1960 1836 Ῥωμαῖδος,

516 1851 593 1910 Οὖ
618 1857 712 1908 καὶ
741 1857 944 1924 καρποὶ
972 1854 1338 1924 πικράζοντες
1368 1856 1461 1908 καὶ
1496 1855 1723 1918 θάνατος
1747 1858 1780 1925 ή
1812 1857 1938 1926 ῥίζα
1959 1874 1971 1886 ο

527 1948 619 2010 Ὠς
652 1948 766 2014 εἴγε
798 1947 873 2016 μή
900 1947 960 1999 τὸ
991 1945 1327 2016 πρόσκομμα
1351 1945 1412 1997 τὸ
1437 1947 1567 2015 περὶ
1595 1947 1692 2015 τὴν
1726 1947 2024 2017 θρησκείαν

519 2039 734 2108 Ὠσπερ
762 2038 907 2106 παχὺ
941 2037 1036 2090 καὶ
1066 2036 1284 2105 θολερὸν
1312 2037 1700 2090 ἁντεπεσκότει
1739 2037 1919 2106 νέφος,

517 2131 560 2182 Τ
563 2129 688 2182 οὖτο
713 2129 810 2182 καὶ
843 2129 1004 2196 μόνον
1031 2128 1092 2180 τὸ
1121 2129 1285 2180 καλὸν
1321 2128 1540 2197 ῐσχυσεν
1570 2129 1634 2183 ἂν
1669 2129 1979 2200 συγκρύψαι

519 2220 631 2282 Τάς
655 2219 785 2281 ὅλας
819 2219 860 2250 ⁸⁸
891 2220 1276 2288 ρυπαρότητας
1316 2217 1411 2271 καὶ
1443 2218 1539 2281 τάς
1571 2218 1935 2290 ἀκαθαρσίας.

523 2313 635 2366 Καὶ
663 2312 874 2374 πάντας
908 2311 1036 2373 τοὺς
1085 2312 1545 2380 τραυματισμοὺς
1571 2312 1696 2374 τοὺς
1731 2311 2106 2382 ἰχωρωδεστά-

1885 2400 2032 2472 [τους
2062 2401 2106 2432 ¹¹

526 2492 796 2560 Καθάπερ
829 2490 1156 2554 ἀλεξίκακον
1182 2490 1475 2562 φάρμακον
1505 2492 1726 2561 ύγιάσαι
1754 2493 1818 2548 ¹³.

451 2572 454 2574 ’
524 2579 633 2636 Ἦν
665 2583 722 2635 δὲ
755 2582 816 2634 τὸ
849 2582 1246 2653 περικόσμημα
1281 2583 1375 2635 τοῦ
1418 2584 1889 2654 παρανομωτάτου

540 2676 604 2727 'H
637 2672 936 2743 πρόῤῥιξος
964 2673 1246 2742 ἀναίρεσις
1281 2673 1623 2743 εἰσπράξεως
1653 2674 1932 2744 κιϐδήλου,

531 2767 602 2818 Ἦ
633 2766 852 2830 λέγεται
887 2765 1270 2836 χρυσάργυρον
1300 2765 1528 2836 ἀνδράσι
1560 2765 1899 2834 φορολόγοις.

534 2857 595 2910 Τί
628 2858 684 2910 δὲ
713 2859 806 2910 καὶ
842 2859 995 2909 ποῖον
1028 2856 1088 2908 τὸ
1112 2855 1323 2926 λεχθὲν,
1356 2859 1382 2908 ὁ
1412 2856 1571 2923 λόγος
1608 2857 1905 2925 ίστορήσει.

531 2948 718 3013 ’Δπας
751 2950 890 3020 ἀνήρ
923 2964 982 3001 τε
1013 2947 1107 3001 καὶ
1137 2949 1298 3016 γυνὴ,
1334 2950 1461 3012 παῖς
1496 2950 1635 3019 κόρη
1667 2963 1728 3000 τε
1760 2948 1851 3000 καὶ
1879 2947 2100 3019 βρέφος,

2211 589 2382 659 ’Υπὲρ
2417 588 2687 642 σκυϐάλου
2720 587 3002 658 κοπρηροὺ
3044 592 3136 640 καὶ
3165 587 3464 656 δυσοσμίας
3505 587 3672 656 οὖρου

2206 681 2302 733 Ἐν
2332 680 2391 743 ἐξ
2423 679 2667 750 ἀργύρου
2704 678 2947 749 νόμισμα
2972 681 3199 750 παρεῖχε
3235 678 3311 748 τῷ
3340 680 3577 747 ταμείῳ.

2201 768 2365 821 Τουτὶ
2392 767 2450 820 δὲ
2493 770 2586 821 καὶ
2616 769 2728 831 τοῖς
2757 770 3008 837 κτήνεσιν
3036 768 3289 820 ἐπέκειτο
3323 769 3382 819 τὸ
3414 767 3579 838 βάρος
3612 785 3629 798 ·

2203 859 2367 912 Βουσὶ
2393 859 2498 928 γάρ
2527 858 2570 889 ⁸⁸
2601 859 2846 929 ἡμιόνοις
2874 875 2952 923 τε,
2985 859 3078 911 καὶ
3101 859 3282 928 μέντοι
3310 860 3535 921 καὶτοῖς
3563 859 3756 921 ἵπποις

2213 947 2385 1018 ’Υπὲρ
2425 948 2654 1001 ἑκάστου
2683 948 2739 1002 δὲ
2775 949 2959 1013 κυνὸς,
2991 949 3130 1017 ὑπὲρ
3154 949 3263 1001 τῶν
3295 950 3337 979 ¹⁸
3363 950 3598 1020 ὀναρίων

2208 1039 2304 1104 Ἐξ
2331 1040 2546 1107 φόλλεις
2581 1037 2938 1092 κατεϐάλλετο
2959 1039 3053 1092 τοῦ
3085 1041 3316 1110 κτήνους
3346 1041 3374 1093 ὁ
3401 1041 3458 1093 δε
3474 1040 3703 1103 ιπόζων.

2219 1128 2277 1181 '0
2304 1130 2482 1182 τοίνυν
2518 1130 2870 1192 Ἀναστάσιος
2906 1129 3254 1200 δυσωπηθεὶς
3295 1130 3566 1194 ἐντεύξεις

2218 1221 2454 1290 Ἀνδρῶν
2488 1223 2695 1292 μονήρη
2728 1224 2822 1274 καὶ
2852 1222 3048 1290 σεμνὸν
3087 1223 3512 1293 μετερχομένων
3545 1222 3686 1292 βίον,

2206 1312 2469 1364 Τοσοῦτον
2494 1313 2657 1382 ἄχθος
2686 1313 2857 1382 ήλασε
2899 1316 2993 1367 καὶ
3032 1313 3353 1383 τηλικοῦτον
3383 1315 3554 1384 μύσος
3589 1315 3656 1378 ⁸⁸,

2209 1403 2587 1472 Προθέλυμνον
2619 1405 2677 1456 τὸ
2709 1404 2994 1472 βλάστημα
3023 1405 3083 1456 τὸ
3115 1405 3212 1473 τῆς
3241 1405 3695 1475 αἰσχροκερδείας

2220 1494 2630 1558 Ἐξανασπάσας
2662 1497 2754 1547 καὶ
2785 1496 2918 1563 πυρὶ
2944 1495 3065 1556 δοὺς
3101 1495 3502 1565 ἁφανιστηρίῳ.

2291 1587 2445 1638 Ἐπεὶ
2486 1587 2617 1654 γοῦν
2659 1587 3015 1650 ’Λναστάσιος
3043 1587 3216 1656 ζυκετο
3246 1591 3628 1656 κακίγκάκωθ

2225 1676 2514 1744 Ἀναιμωτὶ
2545 1677 2844 1746 χειρίζεται
2875 1677 3001 1738 τοὺς
3031 1676 3224 1740 οἴακας
3254 1677 3350 1730 τοῦ
3385 1679 3622 1746 κράτους

2209 1767 2318 1820 Καὶ
2351 1769 2627 1835 σκῆπτρον
2658 1768 2717 1818 τὸ
2749 1767 3018 1836 βασίλειον
3051 1768 3078 1818 ὁ
3107 1768 3326 1837 πρῶτος
3373 1770 3658 1832 ’1ουστίνος
3680 1787 3697 1801 ⁸

2212 1851 2406 1903 Λαϐὼν
2442 1853 2571 1921 γὰρ,
2602 1852 2676 1914 ὥς
2699 1869 2854 1920 φασι,
2881 1853 3046 1904 πολὺν
3068 1855 3268 1922 χρυσὸν
3292 1855 3352 1919 ἐξ
3387 1857 3681 1924 Ἀμαντίου

2215 1943 2492 2013 (Ὕπῆρχε
2522 1945 2577 1996 δὲ
2613 1946 2973 2013 πραιπόσιτος
3013 1947 3301 2017 Ἀμάντιος
3326 1951 3554 2018 ἐκεῖνος)

2214 2035 2323 2086 Καὶ
2362 2035 2674 2098 κελευσθεὶς
2705 2041 2818 2099 τοῖς
2848 2040 3095 2107 τάγμασι
3125 2039 3318 2092 τοῦτον
3347 2042 3754 2108 κατακενιῖωαι,

2225 2122 2310 2186 Ὠς
2342 2125 2407 2178 ἂν
2443 2128 2892 2196 περιποιήσαιντο
2921 2129 2980 2180 τὸ
3010 2129 3208 2199 κράτος
3234 2131 3512 2202 θεοκρίτῳ

2213 2213 2304 2282 Τῷ
2333 2216 2680 2268 κοινωνούντι
2709 2217 2818 2269 τῶν
2841 2218 3020 2270 αὐτῶν
3049 2220 3299 2289 αἱμάτων
3343 2222 3642 2294 Ἀμαντίῳ,

2225 2305 2322 2358 Ἐκ
2352 2307 2461 2358 τῶν
2493 2307 2716 2360 ὀθνείων
2740 2309 2922 2378 ἑαυτῷ
2956 2311 3154 2363 κτᾶται
3190 2312 3289 2380 τὴν
3313 2310 3614 2380 βασιλείαν,

2210 2397 2522 2466 Πριάμενος
2558 2399 2621 2460 ³⁷,
2651 2399 2712 2450 τὸ
2743 2399 3048 2470 κέρδιστον,
3083 2401 3364 2471 χρήμασιν
3397 2402 3440 2434 ³⁸
3466 2403 3796 2476 ἀλλοτρίοις.

2209 2487 2368 2540 Οὕτω
2392 2490 2558 2540 πᾶσιν
2581 2489 2882 2558 ἐπέραστος
2917 2491 2950 2560 ή
2988 2494 3533 2563 σκηπτροκρατορία,

2210 2579 2506 2632 Κάνταῦθα
2536 2580 2694 2649 μόνον
2726 2582 2930 2633 ἀδικεῖν
2955 2581 3055 2634 ούκ
3085 2581 3152 2635 ἄν
3179 2599 3265 2646 τις
3296 2586 3649 2655 κατοκνήσει,

2210 2669 2327 2722 Κᾶν
2350 2673 2407 2723 ἐν
2430 2676 2540 2734 τοῖς
2561 2673 2740 2737 ἄλλοις
2772 2673 2978 2736 δίκαιος
3005 2674 3316 2745 εὑρίσκοιτο
3335 2676 3376 2708 "
3409 2677 3503 2728 καὶ
3529 2677 3772 2748 σώφρων

2207 2759 2315 2813 Ἦν
2345 2763 2391 2814 δ’
2418 2763 2646 2834 εὐσεϐὴς
2675 2766 2768 2817 καὶ
2807 2764 3064 2835 νουνεχὴς
3097 2769 3121 2818 6
3149 2766 3331 2836 γέρων
3369 2766 3680 2830 Ἰουστῖνος,

2209 2851 2299 2920 Τῷ
2333 2853 2477 2924 ζήλῳ
2511 2855 2566 2906 δὲ
2603 2855 2945 2926 πυρούμενος
2975 2861 3073 2926 τῆς
3109 2859 3368 2924 εὐσεϐοῦς
3397 2863 3442 2894 ¹⁰
3492 2862 3799 2934 θρησκείας

2209 2944 2334 3007 Τοῖς
2367 2946 2691 3016 Μανιχαίοις
2735 2947 2999 3001 ἄσπονδον
3028 2952 3265 3020 πόλεμον
3301 2951 3539 3024 ὲξανῆψε

3467 3085 3624 3144 Vers.
3652 3090 3802 3146 3H5

530 3201 730 3256 accidit
777 3207 838 3252 ut
867 3197 1182 3267 sepulcrum
1227 3195 1538 3266 aperiretur
1583 3204 1639 3250 ει
1661 3196 1848 3252 infelix
1877 3196 2110 3254 cadaver
2137 3189 2179 3248 C
2212 3201 2269 3246 et
2321 3193 2496 3247 urina:
2553 3192 2684 3248 llsco
2736 3209 3022 3250 nummum
3077 3206 3393 3266 argenteum
3451 3201 3796 3270 pendebant.

529 3292 788 3346 omnibus
813 3288 1221 3351 ostenderetur,
1253 3288 1624 3356 spectaculum
1670 3303 1799 3344 sane
1849 3291 2109 3345 miserum

531 3391 588 3435 et
636 3378 896 3448 lacrymis
941 3377 1213 3446 dignum;
1248 3376 1509 3432 inventus
1566 3388 1653 3433 est
1709 3381 1857 3434 enim
1910 3381 2111 3450 pedum

533 3485 760 3526 suorum
787 3468 990 3538 digitos
1041 3483 1150 3521 una
1201 3482 1325 3521 cum
1353 3468 1576 3524 lacertis
1616 3469 1932 3525 devorasse.
1971 3471 2113 3526 Sunt

536 3572 716 3614 tamen
747 3558 1002 3613 nonnulli
1032 3558 1127 3626 qui
1175 3557 1290 3612 haec
1321 3557 1528 3612 Zenoni
1563 3561 1830 3615 accidisse
1863 3561 2108 3617 tradant:

536 3667 662 3705 nam
696 3651 848 3706 illum
897 3650 1055 3704 aiunt
1084 3651 1404 3720 frequen—ter
1439 3650 1632 3705 morbo
1659 3652 1920 3706 comitiali
1957 3654 2112 3707 labo-

537 3757 708 3806 rasse,
768 3755 834 3795 ac
888 3750 1167 3796 mortuum
1223 3740 1526 3811 aliquoties
1575 3742 1844 3797 creditum
1920 3761 2112 3801 rursus

536 3834 818 3890 revixisse.

605 3931 674 3980 At
702 3927 850 3982 enim
899 3940 1012 3980 non
1062 3925 1249 3979 omnia
1288 3925 1344 3979 in
1386 3925 1707 3982 hominibus
1762 3931 1902 3982 mala
1961 3938 2109 3992 sunt,

535 4017 631 4073 sed
688 4017 915 4087 pessimi
949 4017 1228 4072 interdum
1277 4015 1480 4086 optima
1512 4018 1756 4087 quaedam
1790 4021 2111 4073 miscenlur.

535 4108 751 4176 Quippe
776 4107 994 4160 tametsi
1039 4106 1360 4161 Anastasius
1394 4107 1694 4176 imperator
1732 4125 1789 4163 se
1824 4109 2113 4178 profanum

536 4210 595 4254 et
630 4198 861 4267 impium
909 4197 1190 4251 hominem
1224 4197 1606 4261 declaraverit,
1654 4209 1834 4253 tamen
1879 4201 2114 4269 plantam

539 4289 833 4358 quamdam
875 4304 940 4342 ex
976 4288 1230 4342 universa
1253 4288 1463 4343 ditione
1497 4289 1740 4344 llomana
1769 4291 2114 4360 exstirpavit,

541 4384 701 4452 cujus
725 4392 833 4434 tam
858 4380 1036 4434 amari
1069 4380 1282 4434 fructus
1321 4390 1559 4434 erantet
1630 4382 1783 4434 radix
1839 4383 2114 4448 lelbil‘era,

2217 3284 2361 3338 ldem
2398 3301 2538 3340 onus
2568 3285 2733 3339 etiam
2785 3288 3052 3357 jumentis
3084 3287 3400 3357 impositum
3426 3299 3566 3357 erat,
3615 3291 3804 3349 bobus

2215 3376 2445 3441 scilicet,
2478 3377 2642 3431 mulis
2679 3387 2734 3432 et
2788 3379 2966 3448 equis.
2995 3380 3100 3434 Pro
3146 3382 3396 3450 quolibet
3444 3391 3628 3438 autem
3659 3399 3803 3440 cane

2215 3482 2278 3520 ac
2311 3467 2466 3522 asino
2502 3483 2596 3523 sex
2631 3468 2790 3523 folles
2813 3472 3137 3525 numerabat
3167 3472 3214 3527 is
3249 3473 3340 3541 qui
3373 3473 3527 3528 canis
3586 3475 3808 3533 asiuivc

2213 3559 2470 3614 dominus
2517 3570 2684 3615 esset.
2715 3560 3038 3616 Anastasius
3071 3578 3202 3632 ergo
3227 3565 3498 3619 reveritus
3531 3565 3806 3622 interces-

2215 3649 2400 3703 siones
2447 3660 2610 3719 atque
2650 3666 2844 3720 preces
2896 3653 3288 3708 nonnullorum
3330 3657 3631 3710 solitariam
3669 3660 3808 3713 reli-

2215 3741 2532 3810 giosamque
2549 3742 2712 3795 vitam
2747 3746 3025 3812 agentium
3058 3754 3268 3800 tantum
3291 3762 3429 3801 onus
3445 3758 3502 3802 et
3519 3748 3805 3817 piaculum

2217 3832 2477 3896 abolevit,
2521 3831 2766 3901 germine
2809 3835 2985 3904 turpis
3034 3836 3172 3890 lucri
3229 3837 3494 3893 radicitus
3522 3840 3714 3894 evulso
3743 3850 3808 3896 et

2218 3923 2327 3992 igni
2373 3923 2596 3976 tradito.

2290 4011 2480 4063 Postea
2510 4027 2640 4065 vero
2667 4029 2830 4082 quam
2879 4015 3056 4070 malus
3093 4017 3413 4075 Anastasius
3437 4022 3577 4076 tnala
3613 4033 3806 4078 morte

2218 4099 2494 4170 periisset,
2544 4103 2681 4155 citra
2725 4105 3047 4174 sanguinein
3078 4108 3287 4174 potitus
3318 4110 3548 4179 imperio
3579 4112 3809 4180 primus

2221 4192 2451 4261 hujusce
2485 4192 2727 4246 nominis
2748 4194 3016 4251 Justinus.
3059 4196 3270 4267 Quippe
3295 4216 3418 4252 cum
3444 4200 3513 4254 ab
3542 4201 3807 4257 Amantio

2221 4283 2512 4351 praeposito
2588 4301 2812 4355 magnas
2865 4288 3113 4354 pecuniae
3169 4304 3413 4346 summas
3471 4293 3804 4361 accepisset,

2220 4389 2422 4442 easque
2451 4377 2638 4443 jussus
2661 4385 2808 4429 esset
2841 4375 2894 4429 in
2927 4378 3161 4430 militum
3194 4379 3422 4433 ordines
3455 4396 3702 4450 erogare,
3741 4393 3810 4436 ut

544 4484 602 4526 ut
633 4474 677 4526 si
713 4473 937 4542 quidem
970 4470 1255 4540 religionis
1290 4470 1682 4526 oﬂ'cndiculum
1720 4473 1890 4526 instar
1922 4489 2117 4528 crassae
2147 4525 2195 4542 ἢ
2225 4465 2519 4520 Theocrito
2553 4467 2842 4536 imperium
2876 4479 3234 4538 occuparem.
3278 4472 3370 4539 (ιυὶ
3402 4471 3643 4526 Amanlii
3669 4488 3809 4528 Con-

540 4565 704 4619 nubis
732 4564 851 4633 ejus
882 4561 1184 4614 luminibus
1232 4576 1342 4613 non
1379 4561 1675 4624 oﬂ‘ecisset,
1709 4563 1814 4616 hoc
1847 4580 2012 4617 unum
2037 4564 2117 4617 fa-

541 4657 702 4710 cinus
727 4655 1046 4723 [incolarum
1097 4667 1290 4706 omnes
1331 4651 1506 4719 ipsius
1551 4651 1744 4706 sordes
1779 4663 1834 4706 et
1889 4655 2120 4723 impuri-

543 4755 682 4801 tates
713 4745 932 4799 abolere
975 4743 1246 4812 potuerit,
1294 4742 1589 4810 omniaque
1636 4743 1740 4796 viri
1773 4745 1987 4798 saniosa
2007 4746 2127 4798 vul-

543 4857 676 4895 nera
703 4851 960 4906 tanquam
987 4850 1228 4906 prmsens
1271 4835 1573 4888 remedium
1603 4851 1818 4889 sanare.
1853 4837 2120 4890 Nimirum

546 4929 1268 5000 ornabatimprobissimum
1305 4927 1581 4980 hominem
1607 4927 1830 4981 abolitio
1861 4938 2123 4996 perpetua

542 5023 829 5093 cujusdam
885 5020 1188 5076 exactionis
1247 5019 1626 5083 fraudulentae,
1652 5034 1814 5088 quam
1847 5018 2124 5088 publicani

544 5115 968 5184 chrysargyrum
1002 5111 1180 5181 (quasi
1229 5110 1378 5164 dicas
1411 5110 2128 5181 aurargentum)nuncupa—

550 5205 703 5259 bant.
745 5203 886 5269 Quid
938 5212 1119 5256 autem
1157 5210 1213 5256 et
1241 5201 1400 5270 quale
1437 5201 1602 5255 fuerit
1627 5201 1782 5268 illud,
1833 5201 1967 5256 libet
2027 5218 2125 5256 ex-

552 5310 781 5366 ponere.
809 5292 1013 5347 Omnes
1044 5292 1172 5356 viri,
1193 5293 1473 5353 mulieres,
1507 5293 1722 5362 puella,
1747 5292 1922 5362 pueri,
1949 5292 2128 5347 inlan-

553 5399 659 5455 tes,
688 5384 949 5451 mendici,
976 5384 1182 5451 liberti,
1213 5384 1378 5449 servi,
1412 5383 1592 5448 liberi,
1623 5385 1841 5440 nomine
1867 5385 2126 5439 stercoris

2147 4525 2200 4584 D

2231 4557 2564 4626 sanguineus
2593 4569 2733 4621 erat,
2769 4559 2965 4613 alienis
3007 4560 3206 4628 Opibus
3239 4561 3460 4616 sibimet
3494 4563 3800 4633 imperium

2227 4648 2537 4716 acquisivit,
2577 4665 2690 4702 rem
2743 4650 2904 4718 longe
2938 4650 3433 4706 fruetuosissimam
3465 4669 3574 4708 aere
3618 4656 3811 4712 alieno

2221 4749 2518 4792 mercatus.
2553 4737 2645 4792 Sic
2669 4738 2930 4792 nimirum
2973 4756 3162 4795 omnes
3193 4743 3482 4811 imperium
3517 4745 3808 4810 aﬂectant,

2223 4846 2326 4884 nec
2375 4831 2666 4899 quisquam
2701 4840 2785 4886 est
2825 4835 2918 4901 qui
2957 4833 3045 4887 hic
3078 4835 3317 4903 injustus
3357 4850 3478 4889 esse
3512 4846 3796 4902 vereatur,

2227 4921 2481 4990 quamvis
2531 4923 2584 4974 in
2634 4922 2798 4976 rebus
2834 4923 2957 4977 aliis
2988 4939 3045 4978 se
3095 4925 3301 4994 justum
3346 4941 3410 4979 ac
3459 4925 3810 4982 moderatum

2231 5014 2492 5068 declaret.
2549 5012 2658 5084 64.
2693 5014 2824 5068 Erat
2857 5025 3040 5069 autem
3069 5016 3320 5071 Justinus
3346 5018 3435 5072 hic
3469 5019 3654 5073 senior
3685 5030 3810 5074 tum

2223 5107 2347 5175 pius
2369 5114 2481 5158 tum
2516 5107 2782 5175 prudens,
2809 5117 2866 5163 et
2891 5109 3158 5178 religiosae
3189 5110 3408 5178 pictatis
3435 5113 3551 5165 zelo
3567 5111 3815 5180 ﬂagrans

2225 5210 2548 5268 perpetuum
2579 5215 2702 5251 cum
2731 5199 3048 5255 Manichzeis
3095 5201 3301 5256 bellum
3339 5203 3586 5272 gerebat.
3650 5202 3808 5257 Idem

2177 5279 2182 5285 ’
2224 5291 2602 5362 gravissimam
2632 5292 2900 5355 omnium,
2933 5308 3056 5362 qua:
3093 5294 3403 5347 litterarum
3429 5294 3652 5363 quidem
3685 5308 3811 5347 mo-

2226 5381 2507 5437 numentis
2556 5382 2786 5451 prodita:
2840 5384 2990 5450 sint,
3043 5385 3490 5452 persecutionem
3539 5383 3813 5438 adversus

1892 5500 2094 5562 Varia:
2137 5499 2466 5562 lectiones.

616 5628 642 5658 ‘
673 5627 884 5691 τούτοις
917 5633 980 5682 Α.
1055 5629 1075 5660 ⁸

549 5697 598 5730 ’³
627 5701 737 5758 τοῖς
771 5697 884 5754 RR.

534 5768 597 5802 -‘°
622 5768 862 5823 εὐσεϐῶν
892 5772 958 5825 Α.

1105 5627 1356 5698 βέλτιστα
1403 5628 1512 5698 τοῖς
1561 5627 1624 5680 Α.
1704 5627 1893 5698 "1714”
1929 5628 1995 5682 Α.

966 5699 1008 5730 ⁸⁵
1031 5696 1124 5752 καὶ
1175 5698 1315 5767 ὑπὲρ
1372 5697 1481 5752 AR.
1599 5699 1642 5729 ²⁶
1676 5701 1828 5766 μῖσος
1865 5696 1979 5751 ιιιι.

2079 5627 2118 5657 “
2169 5625 2307 5692 ἄγαν
2358 5622 2422 5677 Β.

2087 5698 2128 5728 "’
2167 5691 2485 5766 ποιούμενος
2537 5691 2601 5748 R.

3331 5617 3667 5690 θεραπεῦσαι
3793 5657 3810 5671 .

2520 5625 2560 5656 ¹¹
2597 5624 3048 5695 ίχωροδεστέρους
3107 5620 3175 5675 ll.
3331 5620 3667 5690 θεραπεῦσαι
3737 5620 3810 5671 Β.

2537 5691 2601 5748 R.
2723 5695 2763 5726 ’⁸
2789 5693 3106 5759 πράγμασιν
3154 5695 3214 5746 Α.
3317 5690 3359 5726 ’⁸
3381 5689 3698 5759 εὑρίσκεται
3738 5685 3813 5740 ll.

2723 5695 2763 5726 ’⁸
2789 5693 3106 5766 πράγμασιν
3154 5695 3214 5746 Α.
