4136 6424
373 435 489 505 337

382 552 494 606 Kal.
515 550 760 621 διωγμὸν
789 550 1096 624 βαρύτερον
1127 553 1172 584 ἰ
1197 550 1306 605 τῶν
1338 554 1828 624 μνημονευομένων

387 645 512 706 Τοῖς
540 641 876 713 συντηροῦσι
903 644 948 674 ”
979 643 1104 707 τοὺς
1145 643 1378 716 σαθροὺς
1407 647 1459 677 ’³
1497 645 1694 716 λήρους
1728 643 1822 696 τοῦ
1857 644 1966 696 Νε-

1631 735 1898 807 Ιστορίου.

387 824 501 894 Τῆς
528 825 814 894 βασιλείας
836 825 1128 896 τοιγαροῦν
1155 827 1352 897 κρατεῖ
1379 827 1608 896 χρόνους
1633 827 1809 879 ὲννέα.

472 917 559 978 Ὧς
587 916 645 970 δὲ
677 918 770 970 καὶ
795 917 990 970 τοῦτον
1023 918 1260 988 φέροντα
1295 918 1472 988 πάχος
1507 916 1707 986 θνητοῦ
1737 915 1969 987 σαρκίου

399 1007 601 1078 Ἐχρῆν
626 1008 688 1061 τὸ
709 1008 871 1078 χρέος
909 1010 1007 1078 τῆς
1041 1009 1242 1080 θνητῆς
1278 1010 1494 1079 φύσεως
1525 1008 1842 1073 ἀποδοῦναι,

397 1099 542 1169 Πρὸς
566 1099 612 1129 ⁸⁸
637 1099 728 1151 τὸν
766 1099 1142 1153 Ἰουστινιανδν
1173 1101 1234 1153 τὸ
1260 1101 1463 1170 κράτος
1501 1100 1845 1170 μεταϐαίνει,

392 1189 501 1243 Τὸν
527 1189 619 1242 τοῦ
655 1189 786 1243 ναοῦ
817 1191 1095 1261 δομήτορα
1121 1191 1312 1244 τούτου
1341 1191 1435 1244 τοῦ
1466 1193 1886 1261 τρισμεγίστου,

392 1279 499 1331 “rev
534 1279 1118 1350 μεγαλοπρεπέστερον
1149 1281 1398 1334 ἀνάκτων
1419 1281 1527 1333 τῶν
1563 1282 1864 1352 προτέρων,

397 1372 498 1432 Ὃς
529 1369 864 1438 ἀδελφόπαις
891 1371 1114 1440 γνήσιος
1141 1371 1387 1440 ὑπῆρχεν
1425 1371 1738 1423 Ἰουστίνου.

392 1455 563 1521 Οὗτος
587 1461 636 1513 δ’
667 1462 831 1524 εὐθὺς
857 1463 916 1513 ἐν
937 1465 1056 1525 ταῖς
1086 1465 1282 1532 ἀρχαῖς
1310 1463 1408 1531 τῆς
1436 1462 1870 1532 αὐτοκρατορίας

396 1551 642 1620 Πόλεμον
675 1550 1046 1622 συνεκρότησε
1070 1552 1213 1604 κατὰ
1243 1551 1352 1604 τῶν
1377 1551 1702 1622 Οὑανδήλων
1733 1553 1783 1584 ³³

397 1643 509 1695 Καὶ
533 1643 628 1695 τοῦ
666 1643 834 1712 ρηγὺς
869 1644 908 1694 Γ
912 1644 1163 1714 ελίμερος
1200 1643 1276 1707 ὡς
1303 1643 1797 1714 τυραννικωτάτου.

392 1734 584 1786 Φιλίαν
619 1735 728 1802 γάρ
755 1751 836 1787 τοι
861 1733 1114 1802 καθαρὰν
1143 1735 1238 1788 κα)⁸
1266 1735 1373 1805 πρὸ
1394 1735 1494 1804 τῆς
1525 1734 1808 1804 βασιλείας

399 1825 542 1892 Πρὸς
567 1825 658 1876 τὶν
695 1823 984 1894 Ἰνδέρεχον
1006 1824 1249 1878 πλουτῶν
1269 1825 1375 1878 τῶν
1404 1825 1726 1893 Ούανδήλων
1743 1825 1790 1855 ’⁸
1810 1823 1976 1894 ῥῆγα,

397 1915 513 1968 Καὶ
544 1917 850 1987 γράμματα
881 1915 1172 1986 δεξάμενος
1199 1916 1271 1979 ὡς
1303 1919 1330 1970 ὁ
1377 1918 1567 1979 σκαιὸς
1602 1915 1836 1984 Γελίμερ

407 2007 784 2077 Ἐπανασταίη
817 2009 862 2040 ⁸⁸
889 2009 1013 2061 κατ’
1042 2007 1210 2061 αὑτοῦ
1237 2009 1331 2061 καὶ
1361 2008 1725 2071 κατακλείσας
1756 2007 1800 2039 ⁸⁷
1829 2005 1942 2076 ἔχοι

395 2097 572 2150 Αὐτόν
598 2115 658 2150 τε
691 2097 785 2152 τὸν
825 2099 1112 2169 ἰνδέριχον
1138 2098 1235 2153 καὶ
1263 2098 1510 2169 γαμετὴν
1540 2099 1637 2152 καὶ
1664 2098 1852 2163 τέκνα,

398 2193 509 2244 Καὶ
545 2191 647 2262 τὴν
673 2191 849 2262 ἀρχὴν
873 2192 1130 2262 ἀφέλοιτο
1167 2191 1466 2261 σύμπασαν
1508 2191 1822 2261 ’Ῑνδερίχον,

398 2282 588 2336 Ταῦτα
625 2281 814 2354 μαθὼν
842 2285 869 2335 ό
896 2282 1175 2352 βασιλεὺς,
1213 2282 1442 2351 πληγείς
1462 2297 1521 2333 τε
1547 2281 1645 2351 τὴν
1676 2279 1904 2349 καρδίαν

404 2375 516 2428 Καὶ
543 2373 687 2444 μέγα
721 2373 1110 2443 παθηνάμενος
1142 2373 1188 2403 ’⁸
1223 2373 1361 2442 ὑπὲρ
1387 2372 1480 2424 τοῦ
1515 2368 1979 2440 δυσπραγοῦντος,

404 2467 600 2518 Στόλον
632 2465 775 2519 κατά
809 2465 1108 2535 Γελίμερος
1151 2464 1479 2534 μυρίανδρον
1521 2463 1820 2531 ἐκπέμπει,

404 2557 716 2627 Στολὰρχην
739 2555 792 2608 δὲ
821 2556 867 2588 ’θ
901 2555 1196 2625 καθίστησι
1225 2555 1320 2607 καὶ
1345 2553 1650 2622 στρατηγόν
1679 2553 1776 2622 τῆς
1807 2552 1985 2622 μάχης

406 2649 511 2699 Τίν
551 2647 728 2717 μέγαν
754 2645 1094 2716 Βελισάριον,
1127 2644 1224 2716 τὴν
1251 2646 1362 2698 τῶν
1404 2644 1693 2714 Ῥωμαίων
1727 2645 1905 2713 χεῖρα,

408 2739 512 2789 Τὸν
542 2739 752 2800 πάντας
787 2736 1188 2806 ἀποκρύψαντα
1210 2737 1560 2808 στρατάρχας
1584 2733 1988 2804 φαλαγγάρχας

421 2828 546 2879 Ἐπὶ
577 2828 898 2899 στερρότητι
939 2829 1175 2898 φρενῶν,
1206 2828 1293 2881 ἐπ’
1329 2827 1770 2895 ἀριστοῦουλίαις
1803 2841 1816 2857 ·

414 2919 511 2980 ⁸ος
548 2917 940 2989 συλλεξάμενος
965 2919 1177 2989 πληθὺν
1211 2919 1508 2988 ναυμάχων
1542 2915 1898 2986 πεζομάχων,

413 3169 540 3224 illos
569 3167 810 3223 instituit
839 3168 935 3238 qui
973 3167 1165 3238 putida
1203 3166 1440 3223 Nestorii
1480 3165 1674 3220 deliria
1704 3165 1994 3220 sectaban-

414 3270 529 3314 tur.
558 3257 675 3313 Hoc
704 3258 872 3313 modo
896 3273 1094 3313 novem
1123 3258 1282 3312 annis
1303 3256 1534 3327 imperio
1559 3256 1787 3325 potitur.

485 3350 625 3406 Cum
647 3361 832 3406 autem
857 3360 912 3404 et
935 3349 1039 3420 ipsi
1063 3349 1312 3404 debitum
1337 3357 1551 3402 naturae
1566 3348 1991 3417 persolvendum

415 3449 586 3506 esset,
617 3441 686 3496 ad
736 3441 1134 3504 Justinianum,
1167 3455 1334 3509 supra
1370 3440 1732 3507 imperatores
1780 3441 1996 3508 priores

417 3531 789 3600 magniﬁcum,
820 3515 1109 3601 imperium
1141 3532 1424 3601 pervenit;
1461 3530 1554 3599 qui
1579 3532 1838 3599 templum
1860 3531 1996 3585 illud

419 3623 581 3694 longe
621 3624 919 3679 maximum
965 3625 1230 3680 condidit.
1287 3625 1461 3680 Natus
1501 3635 1620 3679 erat
1674 3643 1742 3680 ex
1792 3626 1997 3682 Justini

420 3731 632 3780 sorore,
665 3718 961 3787 statimque
986 3719 1090 3772 sub
1124 3717 1340 3771 initium
1394 3719 1611 3786 imperii
1661 3719 1868 3774 bellum
1901 3719 2000 3774 ad-

421 3823 617 3862 versus
645 3809 903 3864 Vandilus
929 3820 986 3863 et
1020 3825 1200 3879 regem
1241 3825 1434 3864 eorum
1459 3810 1811 3876 Gelimerem,
1839 3811 2001 3881 longe

421 3899 914 3965 crudelissimum,
968 3903 1156 3955 movit.
1211 3903 1347 3957 Nam
1392 3919 1772 3973 cummagno,
1827 3919 2003 3972 eoque

420 3989 685 4055 candido,
736 4006 924 4046 amore
976 3993 1334 4049 Vandilorum
1375 4010 1555 4065 regem
1605 3985 2002 4050 llinderichum

424 4084 592 4136 etiam
624 4094 786 4136 antea
817 4085 1296 4154 complecteretur,
1323 4102 1450 4142 cum
1484 4087 1774 4157 imperium
1809 4098 2006 4142 nactus

425 4174 646 4235 fuisset,
687 4189 751 4227 ac
778 4175 888 4243 jam
919 4175 1118 4230 litteris
1147 4179 1353 4232 certior
1391 4179 1570 4232 factus
1603 4189 1750 4234 esset
1799 4180 2007 4249 impro-

427 4264 560 4317 lsum
586 4264 914 4319 Gelimerem
962 4267 1232 4322 seditione
1270 4277 1414 4322 mota
1440 4268 1842 4324 llinderichum
1877 4286 2005 4324 cum

429 4373 603 4412 uxore
625 4373 690 4412 ac
717 4357 908 4412 liberis
953 4358 1225 4414 inclusum
1280 4361 1399 4416 loco
1427 4362 1671 4431 quodam
1707 4362 1912 4418 habere
1945 4378 2009 4417 ac

430 4463 663 4517 regnum
711 4450 763 4502 ei
827 4457 1002 4502 totum
1044 4449 1316 4504 ademisse
1343 4492 1358 4516 ,
1401 4451 1757 4520 perturbatus
1798 4451 2008 4519 animo,

429 4542 901 4611 vehementerque
963 4556 1091 4596 casu
1157 4543 1320 4597 amici
1379 4544 1614 4599 adverso
1675 4554 2004 4608 commotus,

431 4634 664 4688 classem
689 4632 920 4689 inﬁnitis
939 4632 1260 4689 instructam
1285 4636 1458 4704 copiis
1471 4643 1660 4689 contra
1677 4634 2007 4690 Gelimerem

432 4724 627 4788 misit,
666 4724 830 4794 eique
879 4740 980 4780 ceu
1032 4726 1163 4780 belli
1198 4727 1395 4781 ducem
1451 4726 1700 4796 praefecit
1749 4742 2006 4795 magnum

434 4815 590 4869 illum
629 4815 977 4882 Belisarium,
1011 4815 1182 4884 ipsam
1211 4819 1586 4872 Romanorum
1617 4832 1879 4884 manum;
1915 4816 2010 4886 qui

432 4921 629 4962 omnes
657 4907 1016 4978 imperatores
1049 4908 1445 4978 copiarumque
1473 4910 1642 4964 duces
1671 4909 1839 4963 animi
1874 4923 2010 4964 con-

435 4999 638 5052 stantia
663 5007 719 5053 et
745 4999 1178 5069 praeclarissimis
1203 5000 1449 5055 consiliis
1478 4999 1779 5070 superavit.
1803 4999 2008 5054 Belisa-

1491 439 2000 502 COMPENDIUM‘
2036 440 2133 500 CH
2141 439 2515 500 RONICUM‘.

3535 439 3651 503 338

1999 559 2038 611 Α
2069 553 2296 618 Ψιλοὺς,
2320 554 2603 618 ἐνόπλους,
2629 552 3231 621 πελταστὰς,ίππότας,
3260 553 3647 623 σφενδονήτας,

2081 644 2396 705 Ἐθέλοντας
2429 644 2523 697 καὶ
2563 643 2896 707 σπεύδοντας
2941 645 3113 698 αὐτοῦ
3143 643 3609 716 προκινδυνεύειν,

2072 737 2183 788 Kal.
2217 735 2337 804 βίας
2367 735 2706 805 ἀπεχόμενος
2732 735 2934 788 ἀδίκων
2963 737 3368 806 ἁρπαγμάτων,

2071 823 2182 874 Καὶ
2209 823 2419 886 πάντας
2437 823 2657 893 ἔχεσθαι
2681 823 2854 877 ποιῶν
2893 825 2990 894 τῆς
3018 824 3468 895 δικαιοπραγίας,

2075 914 2262 966 Πᾶσαν
2287 913 2745 984 κατετροπώσατο
2774 914 2988 968 Λιϐύων
3029 915 3364 986 φυλαρχίαν,

2073 1005 2183 1056 Καὶ
2210 1005 2476 1075 τράχηλον
2521 1005 2611 1056 τὸν
2644 1005 2932 1076 ἄκαμπτον
2990 1006 3200 1060 ἔκλινεν
3237 1006 3554 1076 Οὺανδήλων
3585 1008 3653 1070 ⁸⁸,

2073 1095 2260 1147 Αὐτῶν
2287 1096 2434 1165 αύτῷ
2465 1096 2574 1148 τῶν
2599 1097 2880 1165 δυσμενῶν
2913 1096 3130 1150 Λιϐύων
3184 1094 3654 1167 προσχωρούντων

2073 1186 2185 1238 Καὶ
2222 1186 2631 1250 σπουδαζόντων
2662 1186 2926 1256 ἄρχεσθαι
2959 1188 3114 1258 παρά
3143 1187 3488 1257 Βελιζαρίου.

2075 1276 2231 1330 Οὕτω
2255 1295 2334 1330 τοι
2361 1278 2410 1310 ³⁰
2441 1281 2672 1349 πρᾶγμα
2713 1279 2995 1348 δύσμαχον
3035 1280 3077 1311 ³¹
3106 1281 3139 1349 ἠ
3163 1280 3583 1350 δικαιοπραγία,

2077 1369 2187 1422 Καὶ
2218 1367 2404 1436 φίλους
2435 1364 2539 1422 οἶδε
2573 1371 2840 1441 καθιστᾷν
2871 1371 2999 1434 τοὺς
3035 1370 3232 1441 πρώην
3267 1372 3652 1441 μισουμένους,

2090 1461 2405 1528 Ἐερέλκεταί
2432 1479 2491 1515 τε
2516 1463 2644 1525 τοὺς
2678 1463 2908 1533 ἐχθροὺς
2937 1463 3016 1526 ὡς
3053 1464 3272 1534 σίδηρον
3302 1465 3593 1534 μαγνῆτις.

2077 1551 2286 1620 Δεῖγμα
2311 1551 2679 1620 χρηστότητος
2698 1551 2864 1606 αὑτοῦ
2897 1553 2990 1605 καὶ
3016 1553 3220 1623 τρόπου
3247 1553 3657 1622 φιλανθρώπου.

2083 1641 2336 1711 Ἥρπασέ
2371 1643 2416 1673 ³³
2441 1659 2524 1703 τις
2554 1643 2662 1695 τῶν
2687 1644 2781 1696 τοῦ
2819 1645 3052 1713 στρατοῦ
3099 1646 3435 1698 κατοικιδίαν
3463 1645 3612 1715 δρνιν
3638 1659 3656 1676 ο

2084 1733 2311 1802 Ἤγειρε
2336 1732 2500 1802 θροῦν
2528 1734 2556 1786 ό
2585 1733 2661 1802 μὴ
2685 1733 2867 1797 καλῶς
2895 1735 3214 1804 ἀφαιρεθεὶς
3250 1737 3348 1806 τὴν
3370 1737 3546 1806 δρνιν.

2085 1824 2323 1875 Ἤκουσε
2355 1823 2697 1894 Βελισάριος,
2729 1823 2968 1895 ἠχθέσθη
3003 1826 3080 1894 τῷ
3118 1843 3181 1879 συ
3194 1827 3412 1895 μΰάντι,

2012 1907 2052 1961 Β
2094 1915 2318 1986 Ἀνεῦρε
2348 1915 2439 1968 τὸν
2482 1917 2830 1986 φιλάρπαγα.
2866 1917 2957 1989 Τῷ
2997 1917 3144 1989 ζήλῳ
3171 1920 3216 1971 δ’
3246 1917 3555 1987 ύπερζέσας

2080 2007 2262 2061 Δεινὸν
2276 2008 2322 2040 ³³
2349 2008 2739 2078 εἰσπράττεται
2769 2008 2961 2079 ποινὴν
2984 2009 3123 2078 ὑπὲρ
3158 2009 3356 2080 μικροῦ
3391 2009 3656 2079 μεγάλην·

2079 2100 2310 2155 Κελεύει
2354 2099 2461 2169 γὰρ
2484 2100 2576 2153 τὸν
2608 2100 2791 2154 ἄθλιον
2823 2102 3352 2171 ἀνασκολοπισθῆναι

2081 2195 2191 2248 Καὶ
2213 2194 2418 2264 ταύτην
2447 2193 2605 2263 δίκην
2638 2195 2897 2264 ὑποσχεῖν
2937 2197 3035 2266 τῆς
3083 2195 3368 2263 φιλαδίκου
3410 2193 3659 2265 γνώμης·

2083 2288 2147 2340 El
2178 2288 2284 2356 γὰρ
2306 2287 2401 2339 καὶ
2427 2288 2800 2358 προσεφέρετο
2829 2290 2942 2351 τοῖς
2968 2288 3150 2357 ὄχλοις
3184 2286 3588 2354 φιλανθρώπως

2085 2377 2196 2430 Καὶ
2227 2376 2401 2444 μέλιτι
2432 2375 2759 2444 γλυκάζοντι
2791 2377 2918 2438 τοὺς
2947 2375 3140 2442 λόγους
3166 2372 3484 2443 συνεκίρνα,

2099 2467 2239 2520 Ἀλλ’
2273 2467 2390 2538 ᾔδει
2427 2467 2475 2498 ³⁸
2512 2469 2605 2520 καὶ
2629 2465 2966 2534 πικράζοντά
2993 2482 3122 2519 ποτε
3155 2463 3564 2534 παραμιγνύειν

2088 2559 2247 2614 Κατὰ
2271 2557 2532 2628 δοκίμους
2565 2559 2786 2626 ἰατροὺς
2818 2558 2912 2610 καὶ
2936 2557 3458 2626 πολυπειροτέρους.

2089 2648 2374 2703 Ἐντεῦθεν
2413 2653 2476 2719 τῇ
2506 2649 2602 2718 μὲν
2633 2650 2862 2719 στρατιᾷ
2898 2647 3060 2716 φόϐος
3095 2647 3297 2715 ἐπῆλθε
3334 2647 3526 2715 μέγας,

2090 2743 2201 2796 Καὶ
2235 2741 2352 2804 δέος
2387 2740 2803 2809 ὲκρυστάλλωσε
2837 2737 2930 2791 τοῦ
2962 2739 3200 2807 πλήθους
3222 2738 3318 2800 τὰς
3347 2737 3572 2806 καρδίας
3595 2735 3668 2769 ³⁵·

2091 2836 2188 2887 Ἐκ
2219 2833 2276 2886 δὲ
2302 2831 2517 2885 Λιϐύων
2550 2833 2659 2884 τῶν
2689 2830 2901 2901 ἐχθρῶν
2925 2831 3114 2898 ἀγάπη
3154 2829 3487 2899 προσετέθη,

2093 2925 2202 2978 Καὶ
2235 2924 2432 2986 πάντες
2457 2919 2552 2974 ἴσα
2579 2923 2672 2975 καὶ
2702 2921 2822 2974 θεὸν
2845 2921 2888 2951 ³⁸
2915 2921 3005 2973 τόν
3033 2920 3338 2989 στρατηγὸν
3362 2920 3669 2989 εὐφήμουν.

3347 3055 3501 3110 Vers.
3533 3052 3674 3108 5168

2100 3181 2159 3227 ιιι
2195 3172 2340 3240 aequi
2390 3171 2768 3226 observantes
2797 3177 3004 3232 essent,
3066 3167 3291 3237 Libyam
3353 3165 3670 3219 universam

2023 3253 2065 3308 C
2099 3263 2410 3332 occupavit,
2439 3271 2496 3317 et
2541 3261 2786 3316 cervices
2821 3260 3203 3320 Vandilorum,
3256 3272 3378 3325 qme
3408 3256 3676 3309 hactenus

2095 3356 2240 3410 ﬂeeti
2272 3355 2654 3424 nequiverant,
2693 3354 2922 3414 inﬂexit,
2962 3353 3210 3420 ipsismet
3261 3349 3407 3403 Afris
3449 3347 3517 3401 ad
3545 3361 3673 3400 cum

2097 3444 2519 3507 deﬁcientibus,
2571 3450 2640 3494 et
2679 3458 2902 3511 operam
2945 3441 3204 3495 dantibus
3255 3449 3370 3492 uta
3418 3434 3682 3489 Belisario

2098 3546 2445 3606 regerentur.
2483 3534 2754 3588 Nimirum
2805 3533 3011 3587 invicta
3045 3549 3131 3586 res
3174 3528 3515 3600 cstjustitia,
3557 3542 3680 3596 qua:

2099 3630 2255 3699 prius
2290 3627 2514 3680 infestos
2531 3633 2708 3694 potest
2735 3625 2940 3678 amicos
2971 3623 3221 3686 reddere,
3259 3637 3320 3675 ac
3345 3621 3531 3674 hostes
3555 3632 3684 3686 per-ai

2103 3717 2228 3770 inde
2251 3715 2479 3770 attrahit
2508 3723 2567 3768 ut
2600 3728 2823 3785 magnes
2852 3713 3086 3768 ferrum.
3118 3711 3439 3778 Exemplum
3469 3708 3687 3761 bonita-

2106 3808 2176 3861 tis
2201 3815 2257 3860 et
2283 3802 2643 3858 humanitatis
2668 3803 2786 3872 ejus
2822 3817 2950 3872 erga
2986 3800 3236 3854 subditos
3269 3799 3374 3852 hoc
3407 3813 3526 3851 esse
3561 3804 3684 3866 pot-

2104 3907 2208 3952 est.
2245 3895 2476 3962 Quidam
2519 3893 2675 3948 miles
2697 3907 2853 3946 avem
2886 3891 3253 3946 domesticam
3295 3896 3570 3957 rapuerat.
3607 3886 3683 3940 Ea

2107 3989 2202 4059 qui
2239 4003 2334 4057 per
2373 3987 2625 4057 injuriam
2661 3985 2926 4053 spoliatus
2954 3991 3096 4042 erat,
3137 3981 3432 4035 clamorem
3475 3977 3685 4031 tumul-

2111 4081 2352 4137 tuarium
2389 4080 2549 4132 tollit.
2599 4079 2717 4144 Quo
2753 4076 2978 4145 quidem
3019 4073 3316 4128 Belisarius
3357 4070 3545 4125 audito
3603 4068 3688 4123 fa-

2111 4184 2259 4229 ctum
2286 4171 2417 4226 illud
2477 4173 2706 4224 molesto
2751 4171 2874 4223 tulit
2923 4169 3150 4232 animo;
3219 4165 3447 4219 militem
3484 4161 3692 4231 rapinis

2111 4264 2356 4319 deditum
2392 4262 2762 4332 perquirendo
2808 4261 3056 4330 reperit;
3098 4259 3383 4312 ardentius
3411 4253 3688 4309 excande-

2113 4369 2272 4411 scens
2332 4369 2550 4423 poenam
2585 4368 2683 4422 pro
2720 4352 2924 4406 delicto
2969 4367 3078 4404 non
3114 4362 3312 4418 magno
3359 4356 3604 4400 atrocem
3635 4352 3692 4397 et

2113 4459 2332 4516 gravem
2359 4443 2411 4497 in
2438 4459 2563 4501 eum
2591 4443 2787 4496 statuit
2811 4459 2825 4505 ;
2860 4441 3064 4510 quippe
3096 4440 3360 4498 miserum
3386 4436 3440 4491 in
3468 4448 3690 4490 crucem

2115 4535 2200 4606 agi
2245 4533 2428 4606 jussit,
2475 4543 2640 4603 atque
2688 4533 2794 4587 hoc
2825 4530 3081 4600 supplicii
3119 4544 3294 4600 genus
3326 4536 3550 4596 propter
3573 4524 3692 4577 ani-

2118 4643 2268 4680 mum
2301 4625 2518 4695 injuria:
2549 4624 2810 4691 cupidum
2846 4623 3082 4693 perpeti.
3118 4620 3226 4691 65
3258 4617 3520 4686 Quamvis
3543 4615 3692 4670 enim

2114 4735 2144 4772 a
2177 4727 2373 4772 natura
2398 4715 2479 4771 sic
2503 4723 2854 4784 comparatus
2879 4722 2998 4767 erat
3029 4719 3088 4766 ut
3112 4708 3530 4778 perhumaniter
3563 4721 3690 4758 cum

2113 4808 2432 4864 hominibus
2463 4814 2648 4876 ageret
2677 4805 2935 4872 dulcique
2966 4801 3126 4855 melle
3159 4799 3326 4854 verba
3357 4812 3453 4852 sua
3486 4804 3695 4862 tempe-

2116 4909 2283 4960 raret,
2318 4908 2498 4953 tamen
2533 4899 2679 4951 idem
2737 4903 2896 4948 norat
2941 4891 3290 4961 experientes
3331 4897 3388 4943 et
3417 4888 3593 4941 claros
3635 4884 3694 4938 in

2121 4999 2238 5047 arte
2270 5005 2368 5046 sua
2415 4989 2659 5043 medicos
2711 4987 2888 5040 solere
2923 4997 3319 5051 nonnunquam
3365 4994 3550 5033 amara
3584 4976 3693 5029 mi-

436 5091 557 5144 rius
580 5099 807 5160 accepto
831 5090 1064 5160 imperio
1092 5106 1216 5145 eum
1265 5091 1600 5155 classiarios,
1633 5090 1848 5160 pedites
1879 5088 2017 5144 levis
2117 5100 2292 5140 scere.
2359 5081 2536 5152 Atque
2584 5081 2690 5134 hoc
2750 5079 2896 5131 facto
2927 5083 3262 5131 consecutus
3288 5083 3371 5127 est
3401 5080 3460 5124 ut
3502 5071 3696 5140 ingens

436 5191 492 5233 et
516 5181 698 5250 gravis
733 5192 1024 5237 armatura:
1062 5182 1287 5246 milites,
1320 5192 1582 5247 cetratos,
1616 5181 1854 5251 equites,
1886 5179 2018 5234 fun-
2117 5175 2361 5246 quidam-
2414 5187 2585 5242 pavor
2635 5169 2942 5226 exercitum
3007 5165 3296 5219 invaderet
3348 5161 3696 5227 militumque

439 5266 671 5333 ditores,
694 5271 787 5339 qui
823 5286 920 5340 pro
948 5289 1013 5327 eo
1037 5272 1298 5325 lubenter
1326 5287 1385 5326 se
1413 5272 1823 5340 periclitaturos
1851 5270 2010 5340 profi-
2120 5267 2286 5323 corda
2331 5274 2511 5320 metus
2548 5263 2956 5331 constringeret
2990 5297 3005 5321 ,
3079 5256 3286 5328 Libyca
3340 5269 3473 5308 vero
3520 5252 3696 5312 natio,

439 5371 713 5421 terentur.
741 5364 1069 5433 collegisset.
1103 5363 1264 5442 simul
1291 5363 1359 5417 ab
1394 5364 1718 5434 injustarum
1755 5363 2022 5432 dircptio-
2117 5358 2384 5414 Romanis
2417 5357 2633 5418 infesta,
2676 5353 2998 5408 Belisarium
3048 5365 3235 5404 amare
3281 5347 3579 5415 occiperet,
3602 5355 3700 5442 Iac

439 5468 576 5508 cum
595 5453 647 5507 vi
671 5469 897 5524 prorsus
917 5431 1238 5519 abstineret,
1263 5431 1566 5525 omnesque
1588 5431 2040 5511 consuefecisscr
2122 5451 2318 5505 ducem
2356 5449 2506 5503 hunc
2559 5447 2732 5501 instar
2783 5445 3016 5514 alicujus
3070 5441 3170 5496 Dei
3214 5439 3473 5494 laudibus
3525 5431 3692 5498 vulgo

1806 5589 2012 5652 νει-ἰῶ
2055 5588 2386 5649 lectiones.

518 5725 564 5756 "
600 5711 902 5795 βαρύτατον
933 5725 998 5778 Λ.
1102 5720 1485 5795 ¹²νσε6ομένοις
1514 5721 1657 5795 A.__
1687 5718 1734 5751 ²³
1764 5717 2008 5795 σᾳᾼπροίές
2042 5714 2155 5795 RB.
2183 5711 2422 5795 λυπρρὺς
2643 5710 2808 5795 ἴδηθεξιὶ
2843 5707 2978 5795 πρξς
3001 5704 3100 5795 οι
3121 5687 3699 5795 η’ζιθξξξξιὲξῗξυιῖἓ*

600 5757 901 5795 [fuitut-uua?
933 5757 998 5778 η.
1174 5757 1482 5792 υςυυμενυιη,
1514 5757 1581 5774 ιι.
1765 5757 2007 5786 ..φηγ-ιν,
2043 5757 2155 5777 nu,
2185 5757 2290 5767 ην..
2338 5757 2420 5776 σν,
2453 5757 2530 5766 ..--
2715 5757 2808 5763 η..-
2850 5757 2976 5780 η’.-.
3012 5757 3019 5758 κ
3070 5757 3078 5759 ε
3346 5765 3358 5779 ν
3422 5757 3433 5763 ,

447 5795 496 5828 ⁸⁸
536 5796 916 5864 ἐπαναστήσας
949 5797 1014 5849 Α.
1114 5789 1693 5864 ²⁷νκαταστήσαςῃ1ἰῐξ
1780 5789 1846 5864 1'
1879 5786 2273 5864 παθαινόμενος
2457 5781 2604 5864 ς’..τε
2635 5780 2796 5834 ABR.
2913 5779 2957 5810 ³⁰
2984 5794 3036 5828 τι
3072 5772 3182 5826 AR.
3222 5771 3263 5802 ³⁸
3298 5778 3586 5835 συμμαχον
3626 5757 3694 5815 Β.

451 5864 499 5897 ³⁸
527 5850 914 5936 ἐξήρπασέίιί
971 5866 1015 5898 ³³
1043 5863 1220 5934 δεινὴν
1250 5863 1360 5916 Alt.
1418 5850 1482 5895 ἐκ
1503 5850 1610 5915 eis;
1637 5860 1701 5914 ιι.
1779 5859 1824 5893 ιι
1854 5859 1952 5923 τὴν
1987 5850 2212 5922 καρδίαν
2236 5853 2302 5907 [ι.
2377 5854 2421 5884 η
2455 5850 2580 5916 θεῷ.
