4072 6436
363 565 579 639 Ἦμέρα
608 571 983 642 πανηγύρεως
1011 570 1229 642 ἡμέραν
1261 572 1342 634 εἰς
1368 571 1641 642 πενθίμην
1665 588 1680 603 ·

353 659 473 713 Τῶν
500 657 608 731 γὰρ
637 661 918 716 πεσόντων
944 665 977 733 ἡ
1003 663 1215 731 πληθὺς
1244 663 1447 734 εὑρέθη
1480 665 1789 733 ποσουμένη

355 750 448 813 Εἰς
478 751 639 805 πέντε
663 752 806 822 πρὸς
835 755 1137 824 τριάκοντα
1166 753 1507 825 χιλιανδρίας
1532 754 1681 818 ὅλας.

357 838 432 892 Τὸ
485 839 587 910 μὲν
614 840 714 895 οὖν
746 842 955 914 πλῆθος
1007 845 1276 899 συσταλὲν
1330 847 1545 919 ἀπέστη
1584 849 1681 912 τῆς
1714 854 1931 917 μανίας,

357 930 418 984 '0
440 929 501 984 δὲ
527 931 752 1002 κρατῶν
785 933 1021 1003 ἐξέφυγε
1052 935 1180 998 τοὺς
1214 937 1274 989 ὲν
1307 939 1434 990 ποσὶ
1476 938 1776 1000 κινδύνους.

419 1021 529 1077 Ἦν
542 1024 704 1078 τοῦτο
721 1025 784 1079 τὸ
803 1029 1170 1099 στρατήγημα
1188 1029 1575 1101 λαμπρότερον
1591 1032 1699 1085 τῶν
1714 1030 1930 1103 πρώην,

346 1114 463 1167 Καὶ
497 1114 673 1185 μέγας
695 1115 1018 1188 Βελισάριος
1047 1114 1119 1189 ἦν
1140 1121 1234 1174 ἐπὶ
1263 1123 1627 1192 στρατηγίαις
1654 1138 1667 1152 ’

343 1205 515 1260 Ἀλλὰ
539 1206 651 1278 γὰρ
677 1208 835 1263 ταῦτ’
866 1210 968 1264 οὐκ
994 1210 1197 1282 ἤρεσκε
1232 1210 1309 1280 τῷ
1340 1212 1523 1284 φθόνῳ
1557 1213 1634 1282 τῷ
1660 1213 1929 1285 κακίστῳ.

350 1297 553 1352 Ἔνθεν
577 1298 776 1371 πικρὸν
807 1299 1066 1369 ἐνέϐλεψε
1090 1300 1188 1355 τοῦ
1224 1301 1534 1372 στρατηγοῦ
1560 1302 1638 1370 τῷ
1673 1302 1843 1368 κλέει,

347 1391 461 1443 Καὶ
500 1390 707 1455 πάσαις
727 1391 931 1461 ἤλασεν
959 1391 1161 1463 ὁρμαῖς
1194 1393 1338 1448 κατὰ
1368 1395 1468 1464 τῆς
1507 1394 1697 1449 τούτου
1728 1394 1888 1465 δόξης
1916 1412 1930 1424 ·

357 1482 420 1534 ἀ)
460 1481 654 1550 φθόνος
684 1481 817 1554 γὰρ,
852 1482 929 1546 ὡς
956 1483 1231 1553 λέγουσιν,
1260 1486 1361 1541 οὐκ
1389 1484 1498 1541 οἶδε
1531 1487 1595 1540 τὸ
1626 1487 1927 1559 συμφέρον.

357 1571 646 1625 Ἐντείθεν
685 1573 713 1624 6
735 1570 1062 1636 πολύολσος,
1089 1575 1119 1627 6
1146 1575 1342 1644 μέγας,
1370 1577 1400 1630 6
1423 1576 1776 1648 στρατάρχης

357 1661 417 1713 '0
449 1661 545 1715 τὸν
573 1662 824 1732 Χοσρόην
851 1662 1104 1730 ἐκφοϐῶν
1127 1664 1218 1718 τὸν
1241 1665 1472 1737 φοϐερὸν
1501 1667 1550 1699 ἰ
1580 1667 1928 1739 Περσάρχην,

358 1748 421 1801 ‘0
456 1748 505 1780 ⁸⁸
538 1748 779 1818 βασιλεῖς
809 1752 1113 1822 ὑπαγαγὼν
1141 1755 1246 1808 ὑπὸ
1272 1753 1437 1823 ζυγὸν
1465 1756 1734 1823 δουλείαῖ’

354 1838 419 1888 '0
460 1839 644 1910 σπάθῃ
674 1843 1089 1913 χειρωσάμενος
1116 1845 1250 1898 τόσα
1284 1844 1502 1900 Λιϐύων
1527 1846 1679 1916 ἔθνη,

359 1932 420 1982 Ὀ
442 1930 868 2005 πολεμὸκλονος,
901 1936 931 1989 6
958 1938 1087 2007 πρὶν
1113 1938 1173 1992 ὲν
1205 1939 1408 2009 μάχαις
1442 1939 1488 1971 ⁸⁸
1518 1939 1819 2010 θυμολέων,

342 2023 534 2094 Φοόιῳ
560 2028 1116 2098 καταστρατηγηθεὶς
1140 2030 1221 2100 τῷ
1252 2031 1477 2103 χαλεπῷ
1509 2032 1683 2104 θηρίῳ

346 2115 521 2186 ’Δτερ
556 2118 795 2189 στρατοῦ
835 2120 934 2173 καὶ
965 2109 1227 2193 μαχητῶν
1258 2122 1355 2178 καὶ
1391 2126 1857 2198 φαρετροφορίας,

344 2208 617 2263 Πέπτωκε
654 2212 854 2283 πτῶμα
886 2213 1257 2286 δύστλητονδτ,
1276 2218 1499 2284 ἐπάξιον
1517 2219 1789 2291 δακρύων.

341 2300 544 2367 Γέγονε
573 2302 712 2370 (prii!
742 2303 995 2371 ἐλεεινὸς,
1020 2308 1355 2380 γυμνότερος
1387 2310 1591 2380 ὑπέρου
1629 2327 1643 2343 ⁸

346 2391 514 2444 Ἐπιε
548 2392 687 2460 φεῦῐ
720 2394 833 2449 τῶν
868 2398 1168 2469 συμφορῶν
1190 2401 1488 2472 ὑπερχειλῆ
1510 2402 1601 2457 τὸν
1631 2403 1837 2473 σκύφον
1862 2421 1876 2436 ο

357 2480 679 2551 Ἐγῦμνωτο
714 2485 823 2540 τῶν
850 2486 1053 2541 ἑαυτοῦ
1084 2488 1342 2561 καθάπερ
1371 2490 1552 2560 φυγὰς
1582 2492 1769 2557 δοῦλος
1792 2510 1803 2525 '

345 2572 620 2644 Ἐκάθητο
641 2574 734 2628 τὸν
761 2577 957 2647 δήμιον
988 2577 1054 2648 (ὣ
1082 2580 1290 2645 πάθους
1316 2581 1354 2650 !)
1382 2583 1715 2654 περιμένων,

349 2662 487 2716 Iliae
512 2664 592 2733 τῷ
622 2665 768 2734 ξίφει
800 2668 892 2722 τὸν
922 2669 1089 2723 αὐτοῦ
1118 2671 1391 2741 τράχηλον
1422 2674 1715 2745 ἀποκόψει.

344 2754 537 2823 ΦἿόνε,
568 2756 758 2827 θηρίον
787 2759 1049 2831 χαλεπὸν,
1083 2762 1274 2833 λῃστὰ,
1307 2764 1495 2832 φονεῦ,
1521 2764 1750 2830 διῶκτα,

349 2847 587 2918 Σκορπίε
615 2852 1002 2923 μυριόκεντρε,
1028 2854 1208 2924 τίγρις
1229 2854 1623 2925 ἀνθρωποϐόοε

349 3086 635 3142 hominum
664 3087 735 3143 ad
771 3088 992 3158 triginta
1020 3089 1191 3145 millia
1214 3091 1513 3158 cecidisse;
1536 3106 1648 3163 quo
1664 3092 1812 3148 facto
1836 3095 1929 3163 ju-

347 3173 531 3228 cunda
563 3174 817 3230 hilaritas
851 3175 907 3231 in
957 3192 1251 3235 maerorem
1306 3180 1606 3235 maximum
1656 3189 1714 3237 et
1758 3183 1933 3237 festus

1453 453 1956 520 COMPENDiUM
1994 452 2469 515 ClInONICUM.

1963 567 2006 622 Α
2040 562 2317 631 Δράκαινα
2353 563 2797 635 φαρμακεύτρια,
2831 563 3033 637 βοτάνη
3073 562 3373 635 Θανασίμη,

3509 451 3617 515 342

2045 651 2208 714 Βέλος
2230 652 2510 723 ἀσίδηρον,
2544 653 2721 724 αἰχμὴ
2747 654 2937 708 πασῶν
2965 654 3379 725 τμητικωτέρα,

2045 737 2149 797 Οἴα
2185 745 2361 808 ποιεῖς
2396 744 2491 798 καὶ
2521 748 2872 816 κακουργεῖς,
2904 744 2993 799 οἷα
3026 746 3176 801 δεινὰ
3200 745 3486 816 τυρεύειςῑ

2055 834 2360 906 ’Υπερνικᾷ
2381 834 2443 887 τὸ
2481 834 2654 899 πάθος
2684 853 2775 905 με,
2804 836 3027 907 συγχέει
3057 853 3124 905 με
3152 836 3214 888 τὸ
3243 834 3459 899 πένθος,

2045 925 2155 977 Καὶ
2183 924 2540 996 προκαλεῖται
2565 924 2611 957 ⁸⁸
2644 925 2881 998 δάκρυον
2920 928 2985 979 ὲκ
3017 924 3126 979 τῶν
3156 926 3305 996 ἐμῶν
3329 925 3619 995 ὀμμάτων.

2043 1015 2190 1079 Ἕως
2223 1017 2315 1069 καὶ
2337 1018 2491 1078 πότε,
2529 1017 2772 1087 λυμεὼν,
2803 1016 2978 1081 οὕτως
3014 1018 3442 1089 ὑπερισχύσεις;

2043 1108 2221 1178 Μέχρι
2254 1108 2349 1160 καὶ
2375 1109 2543 1171 τίνος.
2572 1109 2825 1177 κάκιστε,
2860 1110 2955 1165 τὸν
2987 1109 3102 1180 βίον
3130 1110 3524 1181 συγκυκήσεις,

2044 1196 2286 1267 Τύραννε
2324 1201 2699 1271 κακομήχανε,
2719 1202 2893 1269 φόνιε,
2926 1203 3315 1273 παπορέκτα;

2043 1289 2216 1358 Κάγὼ
2248 1292 2378 1363 γὰρ,
2402 1291 2477 1355 ὡς
2502 1294 2602 1347 οὐκ
2626 1291 2859 1362 ὤφελον,
2896 1297 3016 1357 σαῖς
3048 1295 3308 1365 ἐμπεσὼν
3340 1295 3626 1364 παλάμαις

2041 1380 2149 1432 Καὶ
2190 1381 2475 1452 πειραθείς
2530 1399 2627 1435 σου
2671 1385 2782 1438 τῶν
2829 1385 3002 1456 βελῶν
3042 1389 3236 1459 κεῖμαι
3283 1385 3480 1458 μικρὸν
3523 1387 3623 1454 ὲμ-

3328 1478 3554 1551 [πνέων.

2112 1562 2220 1615 Καὶ
2254 1563 2430 1618 ταῦτα
2462 1565 2564 1634 μὲν
2595 1566 2899 1638 ἐλέχθησαν
2922 1570 3054 1641 ἡμῖν
3092 1571 3151 1623 ὲν
3177 1570 3617 1640 παρεκϐάσειδθο

2050 1655 2119 1707 Ἡ
2154 1654 2265 1725 γὰρ
2295 1656 2493 1727 πικρία
2526 1658 2627 1727 τῆς
2656 1657 2838 1730 ψυχῆς
2864 1660 3049 1715 λαλεῖν
3076 1662 3512 1730 καταναγκάζει.

2051 1745 2108 1799 Ὀ
2144 1745 2400 1816 βασιλεὺς
2430 1748 2489 1801 δὲ
2517 1748 2768 1823 ζηλωτὴς
2796 1750 3059 1823 ὑπάρχων
3088 1754 3373 1815 εὐσεϐείας

2039 1838 2284 1907 Πόλεμον
2309 1840 2632 1910 ἀνεῤῥίπισε
2666 1842 2809 1895 κατὰ
2843 1843 2952 1897 τῶν
2984 1842 3390 1898 δυσσεσούντων
3416 1845 3484 1904 ⁸ο.

1958 1915 2008 1974 Β
2038 1928 2146 1982 Καὶ
2175 1928 2339 1982 πλέον
2363 1929 2475 1987 τῶν
2515 1930 2878 2001 Ἑλληνιστῶν
2910 1935 3007 2005 τῆς
3032 1935 3345 2007 βωμολόχου
3379 1935 3585 2007 πλάνης
3604 1977 3619 2002 ο

2038 2019 2161 2074 Κᾶν
2199 2018 2429 2092 ὕστερον
2459 2023 2767 2093 ἀπατηθεὶς
2798 2026 2903 2081 ὑπό
2931 2045 3095 2082 τινων
3133 2027 3402 2098 βεϐήλων,

2038 2109 2118 2183 Τῇ
2150 2110 2256 2164 τῶν
2284 2111 2806 2188 ’Δφθαρτοδοκητῶν
2840 2118 2983 2172 ἑάλω
3004 2119 3319 2192 δυσσεϐείᾳ.

2113 2199 2283 2269 Οὗτος
2313 2206 2443 2260 ναὸν
2481 2208 2740 2280 ἐδείματο
2772 2212 2815 2243 ⁸⁸
2844 2212 2936 2266 τὸν
2967 2216 3220 2286 φεραυγῆ
3252 2215 3351 2269 τὸν
3379 2215 3576 2286 μέγαν,

2039 2297 2112 2349 Τὸ
2147 2295 2243 2351 τοῦ
2273 2297 2411 2352 Θεοῦ
2451 2317 2552 2370 μου
2583 2301 2833 2372 τέμενος,
2862 2304 2955 2357 τὸν
2987 2307 3219 2375 οὐρανὸν
3247 2307 3340 2360 τὸν
3383 2307 3534 2362 κάτω
3555 2309 3624 2373 δ’,

2042 2390 2161 2455 Ὃν,
2186 2384 2364 2459 οἶμαι,
2381 2392 2475 2443 καὶ
2497 2392 2566 2444 τὰ
2596 2393 2840 2464 σεραφὶμ
2875 2395 3164 2466 αἱδούμενα
3190 2396 3481 2466 θαυμάζει.

2042 2479 2141 2531 Ἂν
2167 2480 2278 2549 γὰρ
2309 2480 2447 2543 Θεὸς
2475 2482 2728 2548 καταξιοῖ
2757 2484 2944 2553 μένειν
2980 2487 3036 2538 ὲν
3075 2488 3492 2557 χειροκμήτοις,

2037 2570 2129 2623 Ἐν
2149 2570 2322 2642 τούτῳ
2342 2570 2563 2635 πάντως
2586 2577 2867 2629 κατοικεῖ·
2888 2577 2985 2630 καὶ
3006 2577 3110 2630 ποῦ
3136 2578 3245 2649 γὰρ
3269 2578 3530 2650 ἀλλαχόθι
3553 2580 3622 2644 ⁶⁹;

2040 2663 2139 2713 “Av
2168 2660 2263 2715 οὖν
2290 2678 2375 2720 τις
2399 2664 2760 2731 παρεικὰσειε
2797 2665 3006 2737 σφαίρᾳ
3038 2668 3140 2737 μὲν
3155 2669 3386 2740 οὐρανίᾳ

2038 2752 2205 2806 Πόλιν
2228 2752 2329 2822 τὴν
2351 2751 2681 2815 ὁλῦιόπολιν,
2712 2756 2810 2827 τὴν
2840 2758 3258 2812 Κωνσταντίνου
3297 2760 3482 2825 πόλιν,

2038 2844 2179 2909 Τοὺς
2209 2843 2265 2897 δὲ
2298 2841 2461 2905 ναοὺς
2489 2844 2615 2905 τοὺς
2648 2847 2828 2921 ἱεροὺς
2859 2849 3105 2920 ἀστέρων
3137 2850 3519 2922 φεραυγείαις,

3287 2976 3447 3032 Vers.
3482 2977 3627 3032 5274

2038 3082 2144 3136 bus
2171 3093 2229 3137 et
2286 3083 2770 3153 persecutionibus
2807 3083 3078 3155 gaudens,
3134 3084 3356 3155 scorpie
3386 3085 3630 3143 stimulis

2041 3173 2276 3231 infinitis
2303 3176 2554 3245 pmdite,
2575 3176 2733 3247 tigris
2754 3176 3009 3232 homines
3033 3176 3328 3245 devorans,
3351 3177 3627 3245 dracaena,

347 3264 700 3335 celebrisque
751 3265 871 3321 dies
902 3266 959 3322 in
992 3269 1283 3339 lugubrem
1343 3286 1647 3328 conversus
1679 3272 1803 3327 fuit.
1851 3274 1933 3329 lta
1962 3267 2007 3325 ϐ
2039 3263 2308 3330 veneﬁca,
2339 3265 2562 3322 letbalis
2587 3266 2784 3332 herba,
2817 3266 2987 3321 telum
3020 3265 3153 3322 ferri
3179 3283 3399 3338 expers,
3435 3268 3627 3338 cuspis

346 3355 539 3411 fractis
567 3356 769 3413 animis
801 3372 832 3412 a
865 3357 1054 3414 furore
1081 3376 1183 3422 suo
1211 3362 1368 3432 plebs
1393 3362 1627 3430 destitit,
1657 3372 1715 3419 et
1762 3364 1935 3434 impe-

347 3454 547 3500 ratore
564 3446 858 3517 periculis,
875 3462 998 3518 quae
1029 3457 1241 3505 tantum
1266 3466 1376 3507 non
1412 3461 1539 3508 ante
1552 3454 1724 3524 pedes
1749 3464 1932 3519 erant,

347 3535 547 3592 evasit.

420 3627 539 3684 Hoc
570 3629 785 3686 facinus
805 3631 1219 3701 imperatorium
1246 3632 1496 3704 pristinis
1525 3634 1635 3690 illis
1670 3646 1789 3691 erat
1818 3637 1937 3691 illu-

345 3721 541 3785 strius,
581 3731 638 3777 et
672 3722 882 3793 ubique
915 3724 1216 3779 Belisarius
1244 3726 1317 3781 ob
1366 3725 1447 3780 rei
1495 3727 1754 3784 militaris
1783 3728 1935 3799 peri-

348 3815 484 3867 tiam
510 3828 612 3869 ceu
651 3830 883 3886 magnus
912 3816 1317 3874 celebrabatur.
1375 3819 1485 3875 Sed
1513 3820 1659 3874 enim
1700 3820 1818 3876 haec
1846 3820 1934 3876 in-

348 3906 519 3961 vidia:
567 3908 1007 3966 sceleratissime
1052 3926 1165 3967 non
1215 3912 1530 3982 placebant.
1591 3912 1938 3984 Quapropter

352 3994 805 4052 honestissimam
860 3998 1021 4055 ducis
1059 3999 1259 4076 fatuam
1307 4016 1500 4072 parum
1551 4003 1727 4073 aequis
1759 4004 1940 4061 oculis

351 4088 697 4154 intuebatur,
726 4098 782 4144 et
804 4099 919 4146 toto
942 4092 1148 4162 impetu
1170 4093 1399 4162 gloriam
1424 4094 1548 4165 ejus
1562 4095 1936 4166 oppugnabat.

350 4178 496 4232 Nam
531 4180 698 4251 vulgo
725 4181 874 4249 quod
909 4181 1136 4249 dicitur,
1166 4184 1300 4254 quid
1330 4184 1462 4241 utile
1492 4185 1583 4251 sit,
1618 4186 1834 4256 ignorat
1854 4188 1940 4242 in-

352 4267 528 4322 vidia.
575 4267 950 4334 Quamobrem
986 4270 1055 4325 ab
1090 4286 1159 4327 eo
1200 4281 1447 4343 tempore
1483 4273 1566 4328 vir
1594 4273 1931 4341 fortunatus,

350 4373 590 4428 magnus
623 4360 907 4430 cupiarum
943 4362 1162 4431 ductor,
1191 4364 1286 4435 qui
1309 4365 1717 4421 formidabilem
1743 4367 1940 4422 Persa-

354 4463 481 4503 rum
512 4448 817 4520 principem
856 4450 1156 4508 Chosroem
1205 4463 1573 4521 exterruerat,
1631 4457 1725 4527 qui
1780 4472 1941 4529 reges

356 4540 644 4596 servitutis
691 4542 826 4613 jugo
857 4544 1189 4615 subjecerat,
1239 4547 1333 4616 qui
1385 4548 1571 4620 gladio
1624 4559 1708 4605 tot
1754 4549 1941 4621 Libyae

356 4629 614 4684 nationes
638 4630 970 4697 domuerat,
1023 4635 1110 4689 vir
1145 4635 1388 4706 denique
1434 4640 1744 4695 mavortius
1780 4649 1837 4696 et
1876 4641 1935 4696 in

352 4721 558 4789 praeliis
602 4723 788 4778 animo
816 4724 1043 4782 leonino
1066 4727 1349 4796 praeditus.
1400 4723 1658 4785 immanis
1717 4732 1934 4801 belluas,

353 4811 620 4866 nimirum
653 4811 895 4879 invidiaa,
929 4815 1074 4871 dolis
1105 4817 1541 4882 circumventus,
1583 4820 1794 4892 absque
1830 4824 1939 4877 mi-

352 4901 472 4966 lite,
513 4905 936 4973 pugnatoribus,
974 4907 1421 4977 pharetratorum
1474 4910 1657 4976 turba,
1720 4913 1938 4968 ruinam

356 4993 641 5065 indignam
668 5004 725 5050 et
755 4997 1010 5069 Iaerymis
1039 5000 1431 5070 deplorandam
1468 5005 1579 5058 ruit
1604 5023 1619 5071 ;
1653 5005 1830 5060 factus
1854 5016 1940 5062 est

359 5085 470 5139 heu
510 5088 524 5138 !
553 5086 724 5142 miser
755 5087 963 5157 pistillo
991 5090 1233 5157 nudior;
1265 5094 1532 5163 scyphum
1567 5096 1939 5151 calamitatum

355 5177 587 5248 largiter
610 5179 825 5245 hausit;
860 5194 960 5237 ceu
978 5182 1268 5253 fugitivum
1294 5186 1569 5254 quoddam
1604 5188 1942 5259 mancipium

360 5268 530 5323 rebus
553 5270 672 5324 suis
694 5271 969 5349 universis
997 5283 1083 5329 est
1116 5274 1423 5345 spoliatus;
1454 5291 1523 5332 eo
1567 5278 1809 5349 denique
1835 5280 1943 5335 loci

364 5358 623 5415 redactus
641 5370 730 5416 est
766 5370 828 5417 ut
857 5363 986 5433 (heu
1011 5374 1216 5420 sortem
1247 5365 1504 5422 acerbam
1540 5370 1581 5439 ί)
1622 5370 1940 5427 carnificem

365 5462 737 5522 exspectaret,
786 5456 1010 5525 quando
1039 5458 1286 5514 cervices
1327 5459 1378 5514 ei
1416 5460 1598 5531 gladio
1628 5472 1944 5519 resecturus

366 5551 535 5598 esset.
560 5541 605 5600 Ο
623 5544 856 5612 invidia,
889 5547 1070 5603 bellua
1096 5563 1323 5617 nocens,
1348 5548 1752 5618 latrocinatrix,
1780 5554 1943 5609 caedi-

1971 4600 2018 4658 D

2040 3354 2382 3422 acutissima,
2411 3355 2596 3424 qualia
2625 3355 2882 3426 designas
2902 3362 2981 3409 ‘et
3004 3354 3259 3424 improbe
3289 3353 3619 3411 committis!

2036 3461 2181 3516 quas
2238 3446 2583 3503 calamitates
2633 3457 2691 3502 et
2722 3463 2845 3517 quze
2878 3447 3023 3503 mala
3077 3447 3287 3503 struis!
3337 3446 3513 3502 vincit
3542 3460 3631 3502 me

2041 3535 2220 3600 dolor,
2249 3536 2545 3591 conturbat
2564 3536 2769 3599 luctus,
2801 3544 2855 3591 et
2881 3536 3154 3607 lacrymas
3179 3535 3460 3606 exprimit.
3484 3535 3634 3602 Quo-

2041 3641 2219 3697 usque
2244 3665 2259 3690 ,
2300 3626 2572 3697 perditrix
2599 3665 2615 3692 ,
2671 3634 2889 3682 tantum
2920 3627 3127 3682 virium
3169 3626 3449 3683 habebis?
3491 3640 3633 3695 quo-

2040 3733 2240 3788 usque.
2264 3717 2712 3780 sceieratissima,
2730 3718 2899 3772 vitam
2922 3718 3218 3774 humanam
3245 3716 3623 3787 perturbabis,

2048 3826 2081 3865 ο
2122 3819 2357 3882 tyranne
2406 3809 2547 3864 mala
2580 3810 2909 3866 machinans
2934 3849 2948 3874 ,
2982 3808 3335 3880 sanguinaria
3365 3846 3381 3872 ,
3427 3816 3630 3863 cuneta

2040 3900 2343 3971 appetens?
2368 3899 2545 3954 Etiam
2579 3899 2718 3970 ipse,
2743 3900 2891 3971 quod
2917 3913 3202 3969 nunquam
3226 3897 3434 3953 factum
3460 3913 3630 3967 opor-

2049 3995 2174 4062 tuit,
2231 4005 2357 4051 tuas
2411 3994 2469 4048 in
2523 4010 2722 4051 manus
2758 3995 2950 4062 incidi,
2988 4004 3190 4065 tuaque
3219 3993 3327 4048 tela
3360 4001 3629 4061 expertus

2039 4087 2217 4159 iaceo,
2247 4104 2549 4160 parumper
2575 4086 2760 4142 adhuc
2786 4088 3025 4156 spirans.

2112 4179 2222 4250 6'7
2254 4178 2323 4239 Et
2348 4179 2620 4235 hactenus
2639 4177 2780 4243 haec,
2808 4189 3070 4248 tanquam
3110 4178 3165 4233 in
3191 4178 3535 4250 digressione
3560 4174 3630 4229 ab

2046 4271 2322 4335 instituto,
2350 4270 2496 4325 dicta
2526 4278 2691 4326 sunto
2724 4288 2737 4324 :
2790 4286 2918 4325 nam
2949 4269 3118 4331 animi
3146 4271 3390 4328 dolentis
3411 4272 3633 4328 acerbi-

2046 4372 2149 4427 tas,
2178 4369 2239 4416 ut
2262 4362 2379 4417 haec
2410 4362 2742 4432 proferrem,
2770 4363 2972 4433 coegit.
3010 4361 3286 4419 Czeterum
3323 4364 3630 4433 imperator

2043 4453 2306 4509 laudabili
2345 4453 2551 4524 pietate
2585 4455 2873 4524 przeditus,
2911 4466 3102 4510 contra
3138 4456 3306 4525 impie
3327 4456 3630 4512 sentientes

2048 4562 2114 4602 ac
2141 4546 2446 4616 praesertim
2479 4547 2747 4602 adversus
2776 4547 3069 4603 scurrilem
3089 4547 3441 4603 ethnicorum
3466 4563 3627 4603 erro-

2046 4654 2166 4695 rem
2210 4639 2416 4695 bellum
2464 4639 2790 4703 commovit.
2818 4654 3134 4710 quanquam
3156 4638 3224 4693 ad
3256 4647 3566 4694 extremum
3599 4654 3628 4693 a

2038 4731 2285 4803 profanis
2311 4731 2643 4802 quibusdam
2685 4731 3006 4787 hominibus
3038 4732 3301 4800 deceptus
3337 4730 3393 4785 in
3419 4745 3618 4785 eorum

2049 4825 2342 4895 prolapsus
2366 4833 2450 4879 est
2480 4823 2845 4893 impietatem,
2873 4822 2969 4892 qui
3001 4820 3318 4891 opinionem
3349 4820 3417 4876 de
3444 4820 3635 4876 incor-

2053 4915 2304 4985 ruptibili
2343 4913 2604 4985 probant.

2126 5005 2417 5077 Templum
2452 5004 2589 5059 illud
2618 5002 3127 5073 splendidissimum
3153 5009 3209 5058 et
3238 5001 3637 5073 amplissimum

2059 5095 2331 5160 condidit,
2353 5095 2646 5151 delubrum
2675 5092 2767 5148 Dei
2793 5093 2926 5157 mei,
2951 5093 3153 5149 coelum
3183 5101 3469 5158 terrestre,
3490 5090 3639 5162 quod

2060 5191 2211 5259 ipsos
2255 5186 2422 5242 etiam
2455 5185 2731 5256 Seraphos
2790 5199 2917 5240 cum
2969 5182 3331 5241 veneratione
3371 5182 3638 5239 admirari

2060 5280 2326 5335 arbitror.
2381 5279 2517 5334 Nam
2557 5278 2605 5334 si
2640 5279 2787 5335 Deus
2829 5278 3159 5334 commorari
3195 5278 3456 5352 dignatur
3491 5278 3546 5334 in
3572 5277 3642 5333 i'is

2060 5387 2183 5442 quae
2232 5370 2520 5425 hominum
2570 5386 2767 5426 manus
2803 5371 3204 5441 perpolierunt,
3258 5371 3489 5427 omnino
3527 5369 3640 5435 hic,

2050 5479 2157 5520 nec
2180 5479 2408 5535 usquam
2434 5464 2589 5529 alibi,
2616 5462 2851 5521 habitat.
2879 5464 3037 5530 Quod
3064 5464 3110 5521 si
3133 5465 3299 5521 etiam
3320 5463 3506 5519 lubeat
3530 5460 3634 5514 ali-

2051 5557 2141 5612 cui
2188 5556 2401 5612 beatam
2442 5555 2638 5611 urbem
2688 5554 3034 5626 Cpolitanam
3061 5571 3187 5612 cum
3219 5555 3383 5626 globo
3415 5549 3630 5606 ccelesti

1729 5691 1929 5756 Variae
1972 5693 2298 5757 lectFones.

441 5815 489 5847 "
519 5816 834 5887 Θαυμαστὸν
865 5817 929 5872 Β.

1037 5819 1081 5851 ⁸⁸
1114 5819 1205 5895 καὶ
1352 5889 1371 5895 _
1399 5819 1443 5853 "
1465 5821 1493 5872 6
1524 5820 1652 5895 πρὶν
1700 5823 1758 5875 ἐν
1800 5824 2152 5895 στρατηγίαις
2182 5823 2244 5878 R.
2323 5825 2366 5857 ⁵⁷
2395 5823 2736 5893 δύσπληκτον
2779 5822 2843 5888 R,
2878 5819 3271 5895 vulgabvili.“
3308 5816 3354 5852 ⁵⁸
3374 5830 3638 5895 ,προσκαη

372 5886 545 5941 λεῖται
573 5878 642 5940 ιιὶ
714 5889 758 5921 ’ν
797 5888 1105 5957 παραϐάσει
1131 5893 1193 5945 Λ.
1273 5891 1318 5922 ⁶⁰
1347 5878 1778 5961 δυσφημόύντων
1821 5878 1890 5947 Μ’.
1970 5878 2303 5965 θΫὰνῆγειρε
2336 5895 2398 5949 ιι.
2476 5878 2641 5948 ⁶²τδν
2674 5878 2847 5963 μέγαν
2876 5878 3038 5946 λιιιι.
3125 5892 3167 5922 ⁵³
3189 5878 3480 5957 ἀλλαχόθεν
3515 5885 3632 5938 Ali.
