4072 6480
367 454 478 520 3i5

1475 462 1979 525 COMPENDIUM
2019 463 2496 526 CHRONICUM.

3527 464 3634 528 346

373 569 417 620 Τ
421 567 544 622 αὖθ’
564 568 591 621 ό
624 566 853 637 κρατῶν
881 567 960 633 ὼς
1000 568 1222 640 ἤκουσε,
1247 568 1347 640 τὴν
1384 569 1484 639 μὲν
1511 571 1691 641 ψυχὴν
1718 573 1957 644 ἐπλήγη,
1990 579 2031 632 Α
2068 575 2305 626 Ἤκουσε
2332 572 2488 627 ταῦθ’
2507 574 2535 626 ό
2558 572 2833 643 βασιλεὺς,
2865 573 3161 628 ἐπένευσεν
3192 575 3413 640 αὐτίκα,

377 660 491 713 Οὐκ
510 658 650 730 ἔχων
672 659 719 713 δ’
742 662 773 713 ὅ
806 678 860 713 τι
884 660 1135 733 δράσειεν
1162 659 1445 731 (έσφιγγον
1475 663 1584 732 γὰρ
1613 665 1669 716 ai
1686 665 1849 732 νόσοι)

377 751 466 802 Ἐν
492 750 745 813 ἀπειλαῖς
780 751 1023 822 ἐπτόησε
1054 751 1251 822 μόναις
1272 754 1398 816 τοὺς
1422 757 1814 826 κακοσχόλους,

379 844 595 912 Ὠσπερ
635 842 682 895 εί
713 843 758 876 ⁸¹
786 842 893 913 οὴρ
934 843 1258 915 ὑπέρακμος
1288 844 1491 916 ἔξωρος
1517 848 1616 899 καὶ
1644 846 1913 916 τριγέρων

382 932 642 988 sum"
655 935 782 998 τοὺς
813 934 915 989 σκύ
926 952 1088 999 ανους
1112 937 1237 999 τοὺς
1262 937 1429 989 αὑτοῦ
1453 937 1501 969 ³³
1526 938 1742 1006 πικρῶς
1777 940 1958 1008 ἁρπα-

1575 1028 1882 1102 [ξομένους,

378 1118 492 1170 Καὶ
518 1115 838 1188 μηδαμόθεν
865 1117 1088 1172 ἄλλοθεν
1113 1117 1317 1171 σθένων
1353 1121 1537 1183 αὐτοῖς
1575 1120 1781 1190 ἀμῦναι

373 1206 675 1277 Φρικώδεις
698 1207 910 1277 πέμπει
943 1208 1355 1279 βρυχηθμοὺςδδ
1373 1213 1478 1265 ἀπὸ
1492 1213 1725 1281 καρδίας
1757 1214 1953 1284 μέσης.

387 1300 534 1353 Ἀλλ’
561 1301 664 1354 οὐκ
695 1300 794 1355 ἐπέ
804 1318 966 1370 ρανεν
991 1301 1209 1369 ⁸⁵,οὐδὲν
1232 1304 1259 1354 ό
1281 1302 1537 1372 βασιλεὺς
1566 1307 1625 1356 ὲν
1652 1305 1864 1370 τούτοις
1884 1307 1952 1340 "-

389 1391 456 1443 Ἡ
482 1391 595 1460 γάρ
618 1408 702 1444 τοι
735 1392 1147 1462 φιλοχρήματος
1181 1394 1277 1447 καὶ
1312 1395 1537 1465 ῥυπαρά
1582 1396 1781 1466 καρδία

376 1483 452 1535 ού
489 1483 825 1538 δυσωπεῖται
847 1485 976 1546 τοὺς
1008 1484 1245 1554 θεσμοὺς
1277 1488 1404 1549 τοὺς
1425 1488 1525 1554 τῆς
1550 1487 1927 1557 φιλαλληλίας,

373 1576 452 1628 Ού
483 1575 704 1646 φρίσσει
732 1574 1007 1647 βλέφαρον
1054 1575 1215 1643 Θεοῦ,
1264 1578 1538 1649 κράτορας
1569 1580 1669 1632 οὐκ
1696 1580 1952 1644 αἰδεῖται,

375 1665 453 1718 οὐ
479 1666 857 1734 κατοικτείρει
891 1667 1148 1737 συνοχὴν,
1190 1667 1252 1719 ού
1275 1668 1567 1739 συντριόὴν
1597 1669 1850 1740 καρδίας.

460 1757 552 1819 Ὦς
592 1756 689 1811 οὖν
720 1757 783 1810 τὸ
816 1758 915 1828 μὲν
945 1759 1310 1829 κακεντρεχὲς
1333 1760 1627 1831 κατίσχυεν
1659 1764 1738 1824 είς
1762 1752 1924 1814 πλέον

374 1847 486 1901 Kal
521 1847 795 1917 πανταχοῦ
829 1848 929 1910 τὰς
963 1850 1240 1919 στυγητὰς
1269 1850 1503 1916 ἐξέτεινε
1537 1851 1869 1918 πλεκτάνας,

372 1939 487 1991 Kal
520 1941 734 2001 πάντας
764 1940 1100 1994 ὲπεῦόσκετο
1125 1942 1185 1995 τὸ
1224 1943 1322 2010 τῆς
1342 1943 1541 2005 κακίας
1567 1945 1763 2014 στόμα,

383 2032 446 2085 '0
464 2030 525 2085 δὲ
547 2030 769 2102 κρατῶν
792 2029 1112 2101 ἀνῴμωξεν,
1145 2032 1433 2103 ἤσχαλλεν,
1468 2035 1779 2107 ἐδυσφόρει,

373 2125 475 2184 Τὶς
506 2124 621 2177 τῶν
653 2126 712 2176 ὲν
741 2123 888 2176 τέλει
919 2123 1208 2194 παρελθὼν
1237 2126 1318 2190 εἰς
1350 2126 1549 2196 μέσους
1570 2127 1615 2161 ⁸⁷
1655 2127 1793 2198 μετά
1824 2128 1958 2200 θόιρ⁸

1624 2218 1776 2292 [ῥους
1805 2222 1878 2286 88.

377 2329 399 2361 ι
432 2306 507 2363 Ὦ
538 2309 761 2380 βασιλεῦ
787 2352 802 2375 ,
837 2330 856 2363 ι
894 2310 1218 2382 ἀνέκραγεν,
1255 2330 1275 2363 ι
1300 2314 1348 2366 εί
1384 2311 1606 2381 θελητόν
1634 2315 1749 2368 ἐστί
1779 2333 1862 2370 σοι

383 2400 480 2455 Ἐκ
512 2401 624 2454 τῶν
651 2402 854 2473 χειρῶν
889 2402 1002 2456 τῶν
1026 2403 1280 2472 πονηρῶν
1312 2404 1539 2472 ῥύεσθαι
1562 2407 1687 2470 τοὺς
1724 2407 1906 2474 ἰδίους,

383 2491 541 2561 Ἐμοὶ
571 2492 672 2559 τῆς
706 2493 1041 2564 ἐκδικήσεως
1072 2493 1380 2565 ἐγχείρισαι
1405 2496 1467 2549 τὸ
1494 2495 1646 2565 ξίφος
1673 2514 1688 2529 ο

374 2585 495 2637 Kiv
526 2585 626 2654 μὲν
645 2584 771 2637 ὲκτέ
779 2602 865 2654 μω
887 2585 934 2617 ⁸⁸
960 2585 1204 2654 κεφαλὰς
1221 2585 1320 2647 τάς
1345 2586 1448 2653 τῆς
1482 2586 1794 2652 πλεονεξίας

374 2675 486 2728 Kal
512 2675 719 2746 τρόπου
741 2674 837 2729 τοῦ
858 2675 1208 2745 φιλάρπαγος
1223 2675 1300 2739 ὡς
1334 2676 1611 2746 Ἡρακλῆς
1639 2677 1737 2745 τῆς
1761 2677 1951 2747 ὕδρας,

372 2768 552 2838 Χάρις
580 2785 671 2836 μοι
696 2767 941 2821 κείσεται
967 2768 1102 2838 πρὸς
1129 2767 1221 2820 σοῦ
1247 2768 1342 2821 καὶ
1366 2769 1504 2835 πρδς
1536 2768 1646 2821 τῶν
1670 2770 1949 2837 ὑπηκόωνο

375 2859 437 2909 Εἰ
466 2859 511 2910 δ’
537 2857 624 2919 οὓ,
652 2859 729 2930 μὴ
753 2858 937 2931 φείσῃ,
970 2858 1213 2929 βασιλεῦ,
1242 2859 1359 2913 ἀλλ’
1385 2860 1460 2922 ὡς
1480 2859 1800 2929 αίσχύναντί
1818 2862 1864 2892 ⁸ο
1891 2876 1953 2912 σε

372 2952 603 3009 Εελέκει
637 2970 730 3022 μοι
753 2953 798 2985 ⁸³
833 2953 926 3006 τὸν
950 2951 1219 3024 τράχηλον
1253 2952 1534 3022 ἀπόκοψον
1567 2950 1810 3015 ἐνδίκως.
1844 2970 1864 3004 ι

2073 663 2335 735 Ἐπῄνεσε
2359 663 2452 716 τὸν
2479 662 2766 733 ἄνθρωπον
2807 662 2906 731 τῆς
2937 663 3325 735 φιλανθρώπου
3355 665 3604 736 γνώμης.

2072 756 2270 825 ’Λρχὴν
2298 754 2398 825 τὴν
2431 754 2800 809 ἀνυπεύθυνον
2827 754 3010 808 δίδωσι
3043 755 3121 827 τῷ
3141 757 3376 825 γενναίῳ

2061 848 2366 917 (Ἕπαρχον
2394 848 2427 917 ἡ
2459 846 2717 916 συνήθεια
2737 846 2885 915 λέγει
2915 847 3007 899 τὸν
3032 847 3237 919 ταύτην
3274 850 3521 918 σχόντα),

2063 940 2171 993 Kal
2203 941 2337 992 πᾶσι
2371 940 2594 1009 τρόποις
2629 940 2890 1006 παραινεί
2909 940 3220 1009 φροντίζειν
3253 940 3349 994 τοῦ
3369 941 3605 997 δικαίου.

2070 1030 2128 1083 'U
2159 1030 2256 1099 μὲν
2277 1024 2371 1083 οὖν
2395 1027 2714 1093 ἀνεζώσατο
2758 1028 3021 1097 τοιαύτην
3038 1030 3377 1094 δυναστείαν,

2062 1118 2169 1171 Kal
2185 1117 2348 1189 ζήλου
2371 1118 2615 1180 πλείονος
2633 1118 2896 1190 πλησθεὶς
2915 1120 3093 1190 εἴχετο
3119 1121 3228 1174 τῶν
3252 1122 3548 1191 πρακτέων
3561 1122 3630 1175 ".

2058 1210 2263 1280 Συνέϐη
2299 1210 2356 1262 δὲ
2379 1211 2499 1279 μετ’
2533 1211 2594 1264 οὐ
2632 1210 2768 1263 πολὺ
2802 1211 3059 1279 γενέσθαι
3092 1229 3145 1264 τι
3170 1212 3435 1276 τοιοῦτον,

2057 1303 2231 1368 Λόγου
2260 1301 2354 1354 καὶ
2388 1304 2609 1373 μνήμης
2645 1302 2795 1367 ἄξιον
2828 1303 2923 1357 καὶ
2963 1304 3175 1373 πρέπον
3210 1304 3560 1373 ἱστορεῖσθαι.

2059 1393 2201 1464 Γυνὴ
2229 1393 2501 1465 προσῆλθε
2531 1393 2785 1464 πενιχρὰ,
2817 1394 3047 1464 χηρείαν
3077 1394 3359 1447 ἀνατλᾶσα
3374 1395 3443 1459 ⁸³,

2058 1486 2191 1538 Μετ’
2226 1484 2497 1554 οἰμωγῆς,
2531 1484 2671 1554 μετὰ
2695 1485 2847 1554 βοῆς,
2881 1484 3018 1555 μετά
3047 1485 3433 1554 περιπαθείας,

2057 1575 2405 1632 Καταόοῶσα
2444 1575 2551 1630 τῶν
2579 1575 2855 1646 λαμπρῶν
2881 1592 3030 1638 τινος
3072 1574 3168 1628 καὶ
3193 1574 3517 1644 περιδόξων,

2060 1668 2202 1739 Πρὸς
2233 1668 2426 1736 γένους
2458 1667 2610 1730 όντος
2640 1667 2871 1737 βασιλεῖ,
2906 1665 3271 1736 μαγίστρουθδ
3310 1665 3409 1736 τὴν
3447 1665 3633 1731 ἀξίαν,

2060 1764 2166 1815 Ka‘:
2199 1762 2294 1817 τὸν
2319 1761 2602 1830 φιλάδικον
2644 1758 2813 1814 αὑτοῦ
2843 1758 3044 1829 τρόπον
3070 1758 3372 1829 αἰτιωμένη

2072 1854 2160 1917 Ὡς
2180 1854 2278 1922 τὴν
2308 1853 2499 1905 οὐσίαν
2522 1852 2621 1922 τὴν
2647 1851 2819 1920 αὐτῆς
2848 1851 3030 1904 πᾶσαν
3057 1849 3447 1921 διηρπακότος.

2064 1949 2307 2002 ’Ἤκουσε
2337 1946 2492 2000 ταῦθ’
2515 1948 2543 1999 ό
2577 1945 2827 2016 ζηλωτὴς
2860 1946 3067 2006 ἐκεῖνος
3092 1943 3186 1996 τοῦ
3210 1943 3443 2005 δικαίου,

2060 2037 2339 2108 Προσέσχε
2377 2038 2487 2095 τοῖς
2518 2033 2891 2103 οίμὼγμασιν,
2919 2033 3154 2103 ᾤκτειρε
3182 2032 3281 2100 τὴν
3302 2034 3564 2100 γυναῖκα,

2058 2130 2276 2197 Πέμπει
2310 2125 2793 2198 μετακαλούμενος
2811 2124 2905 2177 τὸν
2929 2123 3131 2194 μάγιστ
3142 2140 3232 2192 ρον
3252 2123 3298 2154 ’⁵
3318 2124 3399 2187 είς
3426 2124 3632 2194 κρίσιν.

2068 2223 2129 2275 '0
2159 2223 2463 2292 μὰγιστρος
2491 2220 2552 2272 οὐ
2580 2218 2853 2283 πείθεται,
2886 2217 3223 2286 καταφρονεῖ
3250 2217 3351 2286 τῆς
3376 2218 3557 2288 δίκης,

2058 2313 2353 2384 καταγελᾷ
2390 2311 2484 2364 τοῦ
2510 2310 2790 2373 δικαστοῦ,
2819 2309 2919 2381 τὴν
2940 2309 3122 2377 κρίσιν
3156 2310 3505 2381 μυκτηρίζει.

2060 2407 2167 2459 Kal
2189 2406 2406 2458 δεῖπνον
2430 2402 2596 2472 ἀόροτ
2606 2399 2843 2471 ράπεζον
2870 2399 3154 2461 τελοῦντος
3176 2398 3271 2451 τοῦ
3302 2399 3638 2469 κρατοῦντος

2056 2495 2460 2567 Συμποσιὰζων
2486 2494 2604 2564 μετ’
2635 2492 2798 2547 αὐτοῦ
2832 2492 2931 2546 σὺν
2952 2490 3134 2554 ἄλλοις
3161 2491 3493 2559 ἀφικνεῖται.

2056 2588 2130 2640 Τὸ
2155 2588 2295 2656 μετὰ
2314 2585 2472 2639 τοῦτο
2502 2585 2554 2638 τί
2576 2585 2670 2637 καὶ
2702 2583 2858 2657 πῶς;
2897 2582 2955 2635 '0
2986 2581 3246 2651 δικαστὴς
3277 2580 3566 2652 θυμοῦται,

2054 2678 2224 2748 Φοιτᾷ
2253 2676 2393 2747 πρὸς
2418 2677 2486 2729 τὰ
2524 2674 2794 2744 βασίλεια,
2821 2672 3075 2742 φαίνεται
3113 2670 3193 2742 τῷ
3217 2674 3536 2743 κρατοῦντι,

2055 2766 2252 2820 Βλέπει
2288 2765 2776 2837 λιπαροτράπεζαν
2804 2766 2863 2816 ἐν
2893 2764 3043 2833 μέσῳ
3068 2763 3418 2829 πανδαισίαν,

2067 2857 2200 2927 Ὁρᾷ
2236 2856 2696 2924 συνανακείμενον
2728 2853 2867 2924 μετά
2896 2853 3006 2906 τῶν
3036 2854 3378 2923 δαιτυμόνων

2068 2948 2309 3002 Ἐκεῖνον
2337 2947 2430 3001 τὸν
2445 2947 2721 3011 ἀπόζοντα
2754 2946 3071 3011 πλεονεξίας
3105 2949 3309 3015 μύσους
3336 2946 3403 3000 ’⁵.

3315 3079 3470 3135 Vcrs.
3496 3080 3639 3138 3578

378 3220 503 3259 eum
544 3203 855 3273 accepisset
885 3202 1206 3271 imperator,
1233 3200 1418 3256 animo
1448 3201 1673 3272 quidem
1709 3204 1800 3259 illc
1831 3219 1957 3274 per—
1982 3228 2026 3288 C
2056 3202 2236 3258 labem
2296 3214 2361 3257 ac
2413 3201 2686 3257 maculam
2738 3203 2840 3259 tibi
2884 3207 3229 3275 asperserit,
3277 3207 3486 3277 Optimo
3516 3206 3640 3276 jure

373 3294 726 3358 turbabatur,
759 3308 952 3349 verum
1000 3291 1216 3347 edicere
1244 3303 1539 3363 propterea
1571 3294 1710 3349 nihil
1741 3295 1951 3362 valens,

370 3385 520 3456 quod
541 3402 572 3439 a
603 3385 813 3439 morbis
836 3383 985 3439 domi
1015 3370 1506 3454 constringeretur,
1540 3386 1824 3457 improbos
1849 3387 1954 3443 ho-

372 3477 552 3532 mines
579 3476 746 3550 minis
775 3475 1157 3531 tantummodo
1185 3476 1445 3542 terrebat,
1469 3491 1579 3531 non
1609 3477 1771 3532 aliter
1789 3489 1954 3549 atque

369 3568 558 3624 bellua
588 3564 957 3637 provectioris
986 3565 1164 3621 aetatis
1195 3575 1249 3621 et
1274 3566 1385 3636 jam
1422 3566 1578 3622 senio
1607 3567 1880 3633 confecta,
1906 3569 1952 3624 si

370 3659 587 3714 catulos
627 3673 759 3714 suos
791 3656 909 3727 rapi
946 3656 1131 3712 videat
1180 3672 1284 3712 nec
1318 3658 1432 3712 ullo
1471 3658 1635 3713 modo
1658 3661 1954 3717 subvenire

368 3750 509 3821 ipsis
537 3750 735 3819 possit,
792 3748 862 3804 de
908 3747 1091 3825 medio
1125 3758 1347 3818 pectore
1384 3750 1602 3821 rugitus
1649 3751 1956 3808 horrendos

365 3842 504 3897 edit.
552 3841 703 3897 Nihil
733 3851 918 3896 autem
955 3842 1348 3895 comminando
1375 3841 1675 3912 imperator
1709 3844 1958 3913 proficie-

367 3933 483 3988 bat.
512 3933 729 4003 Quippe
762 3949 959 3988 avarus
985 3943 1042 3988 ct
1071 3933 1332 3988 sordidus
1357 3934 1580 3989 animus
1619 3934 1770 4004 leges
1795 3951 1950 3991 amo-

368 4027 446 4082 ris
488 4027 671 4081 mutui
725 4042 837 4082 non
893 4036 1202 4092 reveretur,
1249 4028 1443 4082 oculos
1472 4025 1566 4081 Dei
1588 4043 1701 4081 non
1736 4028 1952 4093 metuit,

367 4118 725 4190 imperaturis
748 4119 1080 4175 verecundia
1120 4120 1267 4174 nulla
1291 4120 1534 4185 ducitur,
1560 4122 1954 4177 coartationem

366 4221 425 4267 et
466 4212 942 4282 compressionem
976 4211 1160 4267 alllieti
1225 4213 1411 4267 cordis
1476 4227 1587 4267 non
1635 4213 1956 4270 miseratur.

332 4354 335 4357 .
367 4305 506 4359 Cum
532 4303 703 4373 igitur
733 4301 1059 4371 improbitas
1080 4314 1136 4358 et
1161 4313 1380 4357 versuta
1403 4304 1457 4358 in
1485 4304 1954 4361 circumscriben-

344 4378 457 4450 dis
497 4395 623 4449 aliis
653 4393 877 4448 solertia
932 4394 1105 4464 magis
1145 4394 1428 4465 magisque
1460 4394 1607 4450 vires
1653 4403 1711 4449 et
1770 4396 1954 4452 incre—

368 4496 620 4542 mentum
649 4494 917 4550 sumeret,
950 4485 1154 4555 ubique
1175 4486 1370 4557 dignos
1412 4486 1542 4541 odio
1566 4488 1794 4558 laqueos
1830 4499 1953 4543 ten-

2057 3294 2238 3350 securi
2266 3294 2560 3364 percutito.
2605 3313 2624 3346 ι
2687 3294 2800 3364 69
2834 3295 3138 3367 Imperator
3170 3298 3259 3356 his
3287 3296 3492 3352 auditis
3535 3313 3637 3352 an-

2056 3387 2199 3448 nuit,
2235 3395 2293 3442 et
2316 3387 2533 3457 egregia
2566 3386 2670 3440 viri
2694 3389 2975 3444 voluntate
2999 3391 3313 3447 collaudata
3347 3392 3641 3462 magistra-

2058 3485 2175 3529 tum
2215 3475 2266 3530 ei
2315 3476 2512 3530 tribuit
2567 3475 2802 3546 imperio
2843 3480 3080 3536 neminis
3107 3482 3436 3546 obnoxium,
3475 3497 3643 3552 quem

2057 3567 2378 3637 praefectum
2402 3567 2528 3622 urbi
2553 3567 2784 3635 dicunt;
2819 3569 2980 3625 simul
3014 3572 3271 3628 hortatur
3297 3581 3357 3628 ut
3382 3574 3644 3628 omnibus

2055 3658 2236 3715 modis
2259 3660 2400 3730 aequi
2430 3658 2681 3730 justique
2708 3675 2897 3716 curam
2931 3662 3152 3719 habeat.
3184 3665 3281 3720 Ille
3309 3673 3639 3736 potestatem

2056 3755 2278 3825 accipit,
2300 3763 2356 3810 et
2386 3754 2649 3822 majorem
2684 3752 2737 3807 in
2772 3756 2997 3811 modum
3030 3759 3148 3813 zelo
3175 3758 3412 3828 quodam
3445 3775 3644 3815 accen-

2057 3862 2152 3903 sus
2203 3848 2423 3919 negotia
2463 3849 2570 3904 sibi
2597 3849 2891 3905 commissa
2921 3850 3278 3919 procurabat.
3325 3851 3442 3905 Non
3499 3852 3643 3906 mul-

2058 3948 2174 3994 tum
2211 3939 2530 3996 intercessit
2561 3942 2848 4013 temporis,
2878 3958 3004 3997 cum
3040 3943 3353 4010 hujusmodi
3377 3943 3640 4012 quiddam

2056 4028 2280 4091 accidit,
2315 4027 2542 4099 dignum
2575 4030 2719 4098 quod
2760 4029 3041 4083 memoriae
3071 4027 3339 4098 prodatur
3368 4038 3426 4083 et
3459 4029 3638 4083 histo-

2057 4120 2266 4175 riarum
2292 4122 2669 4176 monumentis
2699 4120 3059 4177 inscribatur.
3127 4119 3376 4175 Accessit
3406 4119 3473 4175 ad
3503 4136 3643 4190 prae-

2057 4210 2261 4266 fectum
2300 4210 2466 4264 vidua
2491 4210 2712 4277 mulier,
2758 4211 3094 4281 paupercula
3122 4226 3247 4267 cum
3273 4211 3502 4282 ejulatu,
3532 4211 3644 4266 cla-

2056 4319 2230 4367 more,
2259 4302 2649 4373 quiritatioue,
2674 4303 2776 4358 viri
2804 4303 3090 4373 cujusdam
3117 4302 3350 4358 illustris
3387 4311 3443 4358 et
3481 4303 3639 4367 clari,

2055 4395 2150 4464 qui
2179 4394 2448 4464 dignitate
2471 4393 2754 4465 magister,
2795 4393 3281 4464 consanguinitate
3313 4393 3639 4462 imperatori

2054 4485 2284 4555 junctus
2309 4491 2476 4547 esset,
2510 4500 2713 4538 nomen
2745 4483 3026 4549 deferens,
3059 4484 3237 4554 deque
3270 4483 3417 4538 illius
3443 4483 3643 4555 injuria

367 4579 545 4638 deret.
576 4593 641 4632 os
668 4578 906 4647 denique
931 4577 1057 4631 mali
1090 4578 1255 4648 hujus
1272 4586 1502 4633 cunctos
1528 4557 1653 4633 cum
1684 4579 1948 4649 depascc-
1988 4557 2028 4609 θ
2059 4590 2318 4645 querens,
2347 4574 2494 4644 quod
2525 4574 2813 4630 facultates
2839 4576 2892 4631 ei
2934 4590 3063 4630 suas
3091 4590 3286 4631 onmes
3321 4575 3639 4643 eripuisset.

367 4677 545 4730 retur,
579 4676 747 4737 atque
781 4667 1000 4722 interim
1034 4667 1348 4737 deplorarct
1376 4682 1498 4722 eam
1529 4668 1806 4723 miseriam
1847 4671 1951 4724 im-

366 4769 593 4830 perator
622 4759 1057 4830 gravissimeque
1089 4759 1285 4826 ferret,
1319 4759 1540 4827 quidam
1572 4774 1603 4815 e
1625 4760 1953 4830 proceribus

368 4855 423 4907 in
464 4852 711 4907 medium
745 4869 869 4908 cum
929 4853 1192 4924 singulari
1231 4851 1563 4908 confidentia
1624 4869 1953 4925 progressus

368 4944 685 4999 exclamat:
722 4962 739 4994 ι
777 4942 832 4998 Si
865 4952 987 4998 tuos
1010 4944 1185 5013 cupis,
1222 4944 1545 5014 imperator,
1574 4961 1641 4999 ex
1665 4946 1949 5015 improbo-

368 5052 494 5090 rum
522 5036 781 5091 manibus
808 5037 1067 5102 liberare,
1098 5036 1234 5090 mihi
1265 5036 1535 5091 vindicem
1559 5037 1799 5108 gladium
1834 5047 1946 5093 tra-

366 5129 506 5183 dito.
527 5129 683 5196 Quod
708 5128 751 5183 si
770 5128 1012 5182 avaritiae
1042 5128 1220 5198 capita
1239 5128 1636 5198 hominumque
1668 5130 1946 5199 rapacium

368 5230 523 5275 artes
549 5220 625 5274 ita
653 5235 944 5273 resecucro
968 5218 1430 5289 quemadmodum
1467 5218 1728 5276 Hercules
1753 5219 1948 5293 Hydra}

367 5308 549 5378 capita
585 5308 857 5378 prmeidit,
890 5308 997 5362 erit
1022 5306 1167 5376 quod
1198 5314 1254 5358 tu
1285 5304 1603 5376 subditique
1639 5306 1719 5360 tui
1743 5305 1947 5361 debere

368 5416 427 5456 se
469 5400 603 5453 mihi
635 5400 1021 5470 profiteantur.
1075 5397 1170 5453 Sin
1206 5397 1311 5451 hoc
1345 5413 1453 5452 non
1508 5402 1838 5467 praestitero,
1878 5416 1946 5455 ne

365 5488 506 5543 mihi
552 5486 897 5559 peperceris,
949 5487 1273 5557 imperator,
1318 5486 1413 5541 scd
1452 5496 1512 5542 ut
1540 5488 1819 5542 hominem
1849 5489 1943 5559 qui

2062 4665 2231 4721 Audit
2253 4667 2378 4732 hare
2409 4666 2697 4721 aemulator
2725 4665 2815 4721 ille
2834 4667 2978 4737 juris
3007 4675 3062 4721 et
3091 4666 3256 4736 (equi,
3296 4666 3476 4721 viduae
3502 4681 3639 4735 quc-

2060 4757 2192 4812 relis
2235 4757 2480 4811 animum
2518 4756 2802 4823 advertit,
2859 4757 3345 4812 commiseratione
3377 4756 3637 4826 tangitur,

2062 4848 2230 4902 mittit
2256 4848 2350 4919 qui
2379 4849 2699 4918 magistrum
2732 4847 2787 4901 in
2810 4848 3019 4920 judicio
3050 4848 3636 4917 comparerejubcant.

2058 4939 2314 5011 Magister
2349 4956 2459 4996 non
2505 4940 2912 5010 obtemperare,
2949 4940 3224 4993 actionem
3274 4938 3636 5002 floccil‘acere,

2061 5033 2305 5104 judicem
2340 5050 2437 5104 per
2481 5033 2781 5087 ludibrium
2817 5033 3078 5094 irridere.
3131 5032 3318 5088 sauuis
3367 5034 3637 5102 judicium

2051 5125 2233 5195 ipsum
2265 5125 2560 5196 exagitare.
2584 5125 2722 5191 Quia
2741 5124 2982 5194 denique
3013 5125 3306 5195 prandium
3337 5125 3640 5195 imperator

2049 5218 2263 5273 lautum
2297 5220 2630 5297 praebiturus
2653 5217 2899 5272 invitatis
2935 5219 3221 5274 nonnullis
3248 5227 3387 5281 erat,
3415 5219 3465 5272 ei
3498 5234 3637 5275 con—

2050 5308 2197 5363 vivio
2219 5324 2343 5363 cum
2368 5308 2491 5363 aliis
2521 5308 2891 5362 interfuturus
2913 5308 3048 5362 abit.
3079 5307 3220 5374 Quid
3254 5308 3383 5363 hinc
3408 5308 3639 5363 iactum?

2049 5399 2134 5453 lra
2165 5400 2331 5469 judex
2357 5398 2704 5464 accenditur,
2732 5397 2787 5450 in
2817 5398 3025 5468 regiam
3047 5414 3106 5452 se
3134 5399 3369 5462 confert,
3395 5399 3636 5469 impera-

2051 5492 2157 5546 tori
2188 5489 2641 5561 conspiciendum
2672 5489 2858 5554 offert,
2886 5507 3049 5560 quem
3081 5491 3266 5561 opimo
3289 5491 3344 5545 in
3375 5488 3631 5545 convivio

1706 5620 1908 5683 Variae
1939 5620 2275 5686 lectiones.

437 5742 706 5816 “ﬁmus?
728 5743 798 5797 ἂν
941 5814 950 5816 ᾉ
975 5742 1267 5816 ’ἷβλὲπων
1300 5743 1361 5816 li.
1439 5746 1485 5777 ⁸³
1498 5745 1656 5816 αύτῷ
1698 5745 1762 5797 ιι.
1843 5746 1890 5776 ⁸⁵
1920 5746 2245 5816 μυκηθμοὺς
2275 5745 2340 5800 R.
2417 5747 2463 5779 ⁸⁸
2490 5750 2772 5816 ἐπέραινεν
2800 5749 2865 5803 Λ.
2943 5747 2989 5779 ⁸⁸
3019 5743 3278 5816 ε-ξςντοῦτο
3302 5740 3398 5816 Β.⁸
3443 5741 3490 5772 ⁸⁷
3518 5741 3621 5816 μέο

364 5831 455 5888 σον
486 5812 547 5869 Β.
571 5815 636 5888 A"!
667 5809 992 5888 κατεθάρῥη
1017 5809 1080 5888 A1.
1156 5814 1200 5846 ”
1224 5814 1470 5888 ἐκτέμνω
1489 5814 1602 5888 Illi.
1628 5809 1640 5816 ⁷
1680 5816 1726 5847 ⁸³
1750 5809 2084 5888 αἰσχύναντᾶ
2110 5815 2176 5869 R.
2208 5819 2296 5888 ‘1'
2324 5834 2425 5887 μου
2451 5816 2516 5872 li.
2592 5809 2636 5851 δ’
2666 5817 3005 5888 πραγμάτων
3039 5812 3155 5866 Illi.
3190 5809 3511 5882 πρακτόρων
3535 5811 3613 5864 Μ.

359 5887 404 5917 ⁸³
430 5886 723 5943 ἁνατλῶσα
754 5885 822 5938 ιι.
902 5883 948 5916 ’³
975 5884 1239 5959 μαῖστρον
1265 5890 1328 5938 Α.
1360 5883 1365 5884 ⁷
1405 5885 1449 5917 9⁵
1475 5885 1738 5957 μάῖστρον
1757 5886 1822 5940 Α,
1848 5883 1877 5885 ”
1902 5886 1945 5919 ⁹⁶
1974 5885 2167 5957 μίσους
2208 5884 2321 5940 RR.
