4072 6454
504 423 609 482 2’47

519 532 606 592 Ὠς
644 526 804 594 εἶδεν,
836 532 1205 600 ἀναφλέγεται
1250 534 1326 603 τῷ
1356 534 1502 606 ζήλῳ
1526 536 1623 606 τὴν
1647 539 1897 609 καρδίαν,

435 660 441 681 ,
513 624 618 673 Καὶ
650 623 1167 692 παρρησιασάμενος
1194 626 1327 692 φησὶ
1361 627 1495 694 πρὸς
1530 627 1814 680 ’1ουστίνον
1846 643 1858 656 ·

516 730 535 762 ι
574 713 632 763 Εἰ
656 711 755 779 μὲν
786 712 1062 781 ὲμμένεις,
1101 714 1344 784 βασιλεῦ,
1364 719 1474 778 τοῖς
1498 718 2076 788 προτεθεσπισμένον,

512 801 619 854 Καὶ
654 801 829 871 βούλει
864 805 987 864 τοὺς
1009 805 1364 874 φιλάρπαγας
1388 808 1700 875 ὑπάγεσθαι
1728 812 1845 872 ταῖς
1873 810 2072 873 δίκαις,

512 891 683 956 Κάγώ
709 908 789 945 σοι
817 893 1100 962 πρόθυμος
1129 900 1301 949 ποιεῖν
1335 897 1404 949 τὰ
1430 901 1893 969 προϋπεσχημένα
1915 918 1929 933 ο

510 983 576 1034 Et
593 982 649 1035 δέ
673 983 757 1037 σοί
794 1001 878 1046 τις
900 987 1203 1055 μετάμελος
1230 980 1307 1040 ὧν
1338 988 1581 1059 ἔπραξας
1618 991 1844 1058 ἐπῆλθε,

518 1072 676 1141 Ἐμοὶ
703 1072 803 1143 τὴν
833 1074 1075 1146 ἔπαρχον
1103 1078 1279 1149 ἀρχὴν
1302 1080 1508 1150 ταύτην
1539 1083 1933 1153 παρεσχηκότι,

519 1161 652 1215 ’ἰδού
683 1180 766 1216 σοι
798 1165 1061 1236 πάρεστιν
1081 1168 1251 1238 αὐτὴν
1282 1170 1446 1223 πάλιν
1476 1172 1912 1242 ἀπολαμϐάνειν.

511 1252 652 1317 Ἐγὼ
688 1256 797 1325 γὰρ
824 1258 1157 1324 ἁναιτίατος,
1191 1260 1284 1313 σοῦ
1313 1265 1636 1333 ποιουμένου
1659 1266 1846 1333 φίλους

509 1344 651 1407 Τοὺς
684 1345 1001 1413 ἐξαγίστους
1027 1349 1120 1400 καὶ
1142 1354 1365 1415 σκαιοὺς
1382 1352 1618 1417 καὶτοὺς
1638 1356 1922 1427 ὑπομοχθή
1931 1375 2076 1429 ρους,

510 1435 617 1486 Καὶ
649 1436 1282 1506 συμπαραλαμϐάνοντος
1310 1444 1597 1512 συμπότας
1625 1446 1976 1516 ὀμοδείπνους

510 1522 854 1594 ’Λνθρώπους
878 1526 1307 1597 κακογνώμονας
1320 1532 1415 1585 καὶ
1436 1538 2028 1605 κακεντρεχεστάτους.
2056 1557 2074 1591 ι

509 1613 652 1683 Πρὸς
681 1614 835 1667 ταῦθ’
861 1618 890 1669 ὁ
929 1619 1298 1688 γαληνότατος
1326 1624 1421 1675 καὶ
1452 1628 1628 1696 πρᾶος
1653 1627 1943 1692 Ἰουστῖνος

508 1701 818 1769 Περιπαθές
847 1722 899 1758 τι
930 1709 1024 1760 καὶ
1056 1708 1195 1778 βαρὺ
1211 1712 1255 1743 ³⁷
1287 1714 1379 1765 καὶ
1409 1713 1594 1783 βύθιον
1632 1717 1904 1787 οἰμώξας.

516 1809 535 1841 ε
573 1792 632 1845 El
667 1793 767 1861 μὲν
793 1796 957 1862 ὲγὼ,›
1002 1801 1189 1868 φησὶν,
1221 1821 1240 1853 ι
1264 1805 1424 1868 αὐτὸς
1452 1807 1638 1860 ἄδικον
1667 1810 1970 1880 εἴργασμαί
2005 1829 2075 1876 τι,

510 1884 718 1937 Λύτίκα
752 1904 820 1953 με
849 1889 1199 1961 κατάρραξον
1234 1895 1328 1947 τοῦ
1363 1897 1638 1966 βασιλείου
1671 1902 1867 1971 θρόνου
1889 1921 1902 1934 ·

508 1974 574 2024 Ei
602 1974 659 2028 δέ
688 1977 770 2038 τίς
795 1995 888 2047 μοι
921 1981 1030 2032 τῶν
1059 1986 1354 2052 συμποτῶν
1385 1988 1479 2040 καὶ
1507 1992 2009 2061 συνανακειμένων,

508 2063 681 2118 Τοῦτό
724 2084 807 2120 σοι
831 2069 1066 2140 πάρεστι
1094 2078 1267 2129 ποιεῖν
1303 2076 1331 2129 ὃ
1361 2078 1531 2131 πάλαι
1561 2079 1850 2152 διεσκέψω.
1894 2102 1913 2134 ι

509 2154 682 2209 Βαῦαὶ
712 2158 811 2226 τῆς
834 2160 1202 2231 γαληνότητος
1241 2168 1335 2219 καὶ
1371 2168 1472 2236 τῆς
1498 2172 1866 2241 χρηστότητός
1891 2191 2008 2239 σου,

508 2246 939 2321 Αὐτοκρατὸρων
968 2252 1180 2322 ἄριστε,
1210 2255 1566 2327 δικαιοφύλαξ
1598 2265 1742 2333 arpis
1782 2267 1796 2318 !

512 2338 718 2407 Ετρηκε
753 2342 853 2410 μὲν
885 2345 913 2395 ὀ
944 2342 1219 2412 βασιλεὺς,
1249 2349 1276 2400 ὁ
1315 2351 1620 2424 μάγιστρος
1641 2354 1686 2406 δ’
1719 2355 1920 2409 αὐτίκα

510 2428 878 2500 Ἀναρπαγεὶς
896 2435 1031 2504 πρὸς
1054 2437 1151 2491 τοῦ
1174 2442 1360 2511 κριτοῦ
1384 2444 1481 2497 σὺν
1499 2443 1790 2516 ἐλκυσμοῖς
1815 2450 1859 2480 ’⁸
1888 2449 2084 2517 βιαίοις

510 2520 606 2573 Ἐκ
638 2526 939 2591 συμποσίου
972 2530 1068 2582 καὶ
1096 2535 1330 2602 τρυφῆς,
1360 2535 1425 2586 ὲκ
1456 2534 1637 2604 μέσων
1670 2537 2033 2607 ὀμοδείπνων,

382 2650 389 2657 ,
446 2674 452 2679 η
511 2610 608 2663 Ἐκ
640 2616 930 2682 τραπεζῶν
966 2620 1276 2676 πολυτελῶν
1305 2627 1396 2678 καὶ
1438 2627 1917 2697 μεγαλοδαπάνων,

515 2703 720 2771 Ἤγετο
741 2707 784 2741 ’⁸
817 2710 954 2779 πρὸς
986 2716 1273 2784 κριτήριον
1305 2716 1460 2781 δίκας
1491 2719 1709 2786 ὑφέξειν
1741 2722 1973 2791 μέλλων.

510 2793 745 2867 Ἰεστὰοη
776 2800 881 2869 πρὸ
903 2802 995 2855 τοῦ
1023 2805 1266 2875 βήματος
1289 2810 1508 2879 τρέμων
1539 2812 1553 2841 ¹
1589 2813 1991 2883 πεφοϐημένος,

521 2884 581 2938 ’0
608 2888 735 2957 πρὶν
763 2889 1215 2964 ὑπεραιρόμενος,
1253 2901 1282 2953 ὁ
1316 2900 1569 2971 σοϐαρὸς,
1602 2907 1629 2956 ὁ
1662 2904 1886 2975 γαῦρος.

511 3113 789 3171 sedentem
826 3118 1047 3175 videbat
1081 3140 1096 3190 ;
1139 3123 1287 3178 inter
1318 3126 1459 3183 alios
1504 3127 1765 3189 invitatos
1794 3132 1959 3188 etiam
1996 3149 2086 3189 ra-

1670 425 2186 489 CONSTANTINI
2228 430 2600 491 MANASSIS

3645 433 3754 497 343

2109 541 2154 595 Α
2184 538 2293 592 Καὶ
2328 537 2490 591 πάλιν
2520 538 2580 590 τὸ
2612 536 2712 607 μὲν
2738 535 2960 606 γύναιον
2983 538 3057 602 ὡς
3090 538 3283 609 πρώην
3318 539 3615 609 κατηγόρει

2178 628 2288 680 Kal.
2320 625 2593 695 προῦφερε
2621 626 2722 697 τὴν
2751 626 3034 695 ἁρπαγὴν,
3065 626 3263 694 ἥλεγχε
3290 624 3387 694 τὴν
3419 626 3641 678 κακίανο

2194 718 2252 772 '0
2275 718 2330 771 δὲ
2365 718 2657 784 πεφίμωτο
2696 716 2792 769 καὶ
2825 716 2953 787 βοῦν
2987 716 3080 769 επὶ
3106 716 3207 783 τῆς
3230 714 3479 783 γλώττης
3509 709 3678 783 εἶχεν,
3702 742 3721 762 ι

2191 807 2249 860 Ὀ
2274 807 2403 875 πρὶν
2440 806 2955 875 σοσαροπρόσωπος,
2986 806 3015 858 ὁ
3042 804 3234 874 πρώην
3266 804 3568 873 φρυακτεας
3595 822 3608 835 .

2179 893 2365 956 Οὕτως
2401 894 2852 964 ἀπαρρησίαστον
2901 893 3292 963 κακομηχάνου
3326 893 3521 960 στόμα.

2192 988 2280 1047 Ὠς
2312 985 2405 1039 οῦν
2434 987 2676 1054 ζητήσας
2709 986 2954 1056 ἀκριϐῶς
2978 987 3072 1039 καὶ
3102 986 3645 1053 πολυπραγμονήσας

2194 1078 2253 1132 Ὀ
2283 1076 2611 1145 μεγαλόνους
2639 1076 2897 1144 δικαστὴς
2925 1077 3022 1129 καὶ
3061 1075 3158 1129 τοῦ
3196 1075 3407 1129 δικαίου
3433 1073 3609 1143 φύλαξ

2183 1165 2320 1238 Εὗρε
2346 1167 2624 1222 παθοῦσαν
2657 1167 2945 1238 συμφορὰς
2983 1166 3565 1239 βαρυσυμφορωτᾲτας

2183 1261 2293 1331 Τὴν
2310 1260 2710 1330 προσελθοῦσαν
2729 1259 2839 1320 ὡς’
2869 1260 3058 1329 χερσὶν
3084 1257 3292 1321 ἀδίκοις
3320 1257 3735 1328 λῃστευθεῖσαν.

2182 1350 2364 1419 Ὤμοίς
2407 1350 2717 1419 βουνεύροις
2756 1350 2849 1402 τὸν
2878 1348 3132 1419 λαμπρὸν
3154 1351 3175 1382 ³
3204 1350 3408 1403 ἐκεῖνον
3433 1351 3748 1413 καταικίζει

2182 1442 2294 1495 Καὶ
2309 1444 2431 1505 ταῖς
2452 1441 2714 1511 χαλάζαις
2730 1441 2838 1495 τῶν
2860 1441 3083 1497 πυκνῶν
3108 1441 3389 1509 μαστίγων
3413 1441 3761 1510 μωλωπίζει,

2184 1533 2294 1586 Καὶ
2316 1534 2424 1586 πᾶν
2446 1531 2504 1585 τδ
2530 1533 2692 1602 σῶμα
2706 1533 2826 1594 ταῖς
2842 1530 3079 1600 πληγαῖς
3109 1530 3475 1584 κατάστικτον
3494 1529 3754 1590 δεικνύει,

2183 1623 2318 1679 Εἶτα
2345 1623 2492 1693 ψιλοῖ
2516 1624 2536 1656 ⁸
2566 1624 2627 1678 τὸ
2662 1624 2869 1691 γένειον
2891 1622 2996 1687 ἕως
3032 1622 3401 1694 ιπιδερμίδος,

2185 1717 2376 1785 Κείρει
2407 1716 2500 1770 καὶ
2530 1716 2726 1786 τρίχας
2768 1714 3034 1785 κεφαλῆς,
3070 1714 3130 1767 τδ
3160 1716 3456 1785 πρόσωπον
3484 1714 3762 1784 αἰσχύνει,

2185 1805 2513 1875 Παλιμπετῆ
2543 1806 2944 1875 παλίνστροφον
2971 1804 3283 1867 ἐπιδιδάξει
3317 1806 3549 1875 κτήνους
3568 1845 3585 1868 ,

2185 1895 2507 1961 Δημοσιεὺει
2539 1891 2600 1946 τὸ
2626 1893 2794 1946 κακὸν
2829 1893 2887 1949 ὲν
2922 1892 3111 1961 μέσοις
3140 1892 3461 1962 λεωφόροις,

2187 1985 2298 2038 Καὶ
2327 1983 2650 2053 θρωμὸεύει
2675 1984 2950 2048 δυσκλεῶς
2982 1983 3173 2039 τοῦτον
3198 1985 3295 2039 καὶ
3325 1983 3653 2055 στηλιτεύει,

2187 2076 2298 2129 Καὶ
2327 2076 2426 2146 τῆς
2462 2077 2651 2139 οὐσίας
2687 2077 2786 2146 τῆς
2818 2074 2986 2129 αὐτοῦ
3018 2074 3288 2144 δεσπότην
3317 2073 3636 2127 καθιστανει

2186 2170 2405 2237 Τὴνύπ’
2433 2170 2600 2223 αὑτοῦ
2632 2169 2802 2223 πολλὰ
2815 2169 2964 2222 δεινὰ
2988 2167 3194 2221 τλᾶσαν
3218 2168 3316 2221 καὶ
3341 2167 3761 2237 πικρανθεῖσαν.

2189 2262 2374 2326 Οῦτως
2405 2262 2559 2316 οὐδὲν
2588 2261 2884 2333 ἐφάμιλλον
2924 2260 3292 2332 φιλελευθέρῳ
3325 2261 3524 2333 γνώμῃ
3558 2260 3600 2292 ⁸⁸

2189 2350 2374 2414 Οῦτως
2400 2351 2665 2422 ἀφιλοχρή
2675 2368 2843 2421 ματος
2865 2353 2958 2405 καὶ
2990 2351 3066 2422 μὴ
3097 2350 3500 2419 δεδουλωμένος

2191 2439 2681 2509 Εὑπαρρησίαστος
2707 2438 2849 2510 ἀνὴρ
2876 2439 2937 2491 οὐ
2972 2439 3241 2509 πρόσωπα
3264 2437 3561 2505 λαμϐάνει,

2190 2532 2264 2585 Οὺ
2287 2531 2458 2598 δειλιᾷ
2482 2531 2609 2595 τοὺς
2640 2530 2897 2600 ὑψηλοὺς,
2928 2530 3124 2585 οὐδένα
3144 2532 3551 2597 καταπτήσσει,

2190 2621 2422 2690 Πτηνὸς,
2461 2620 2528 2675 ἂν
2558 2620 2740 2691 εἴπῃς,
2793 2620 2971 2684 ἀετὸς,
2992 2618 3280 2685 εὔπτερος.
3307 2617 3625 2688 ὑψιδᾶιμωι,

2200 2711 2325 2766 ’Υπ’
2360 2712 2572 2775 οὐδενὸς
2606 2711 2979 2782 κρατούμενος
2999 2710 3108 2764 τῶν
3134 2713 3228 2764 ἐπὶ
3247 2714 3352 2780 γῆς
3387 2711 3765 2780 πραγμέιτων,

2193 2806 2290 2857 Ἂν
2313 2802 2442 2876 ἔχῃς
2476 2803 2705 2875 γνώμην
2731 2803 2983 2872 καθαρὰν
3013 2803 3224 2874 κερδῶν
3253 2802 3621 2872 ὑψηλοτέραν,

2192 2898 2289 2951 ’Λν
2327 2895 2401 2966 μὴ
2431 2895 2699 2968 ῥυπαίνῃς
2725 2893 2845 2965 τὴντ
2862 2894 3039 2965 ψυχὴν
3068 2894 3372 2965 λημμάτων
3397 2892 3703 2963 κιεδηλίαις
3726 2893 3765 2951 ’⁸,

3431 3009 3583 3064 Vet‘s.
3625 3009 3769 3061 557.2

2191 3119 2434 3183 territus,
2466 3118 2560 3191 qui
2596 3132 2704 3172 non
2738 3118 2812 3174 ita
2846 3117 3057 3189 pridem
3080 3117 3226 3173 elato
3249 3118 3436 3172 animo
3472 3116 3770 3187 superbie-

509 3217 699 3271 pacem
747 3206 898 3263 illum
948 3211 1367 3269 accumbentem
1427 3218 1622 3275 cernit,
1677 3220 1755 3276 Εο
1789 3232 2086 3292 conspecto
2114 3221 2156 3279 C
2191 3216 2301 3270 bat.
2346 3213 2542 3268 Mulier
2574 3230 2766 3271 rursus
2789 3213 3192 3269 accusationem
3223 3228 3377 3267 suam
3412 3210 3765 3274 instituebat,

510 3297 774 3364 singulari
809 3299 1025 3359 fervore
1061 3306 1244 3363 cordis
1275 3308 1669 3380 inﬂammatur,
1702 3324 1756 3371 et
1791 3330 1888 3373 ore
1916 3317 2086 3373 liber-

513 3386 654 3441 rimo
678 3388 956 3446 Justinnm
984 3395 1135 3451 hisee
1177 3398 1364 3453 verbis
1388 3402 1693 3473 alloquitur
1724 3423 1739 3463 :
1805 3426 1824 3458 ι
1865 3407 1921 3463 Si
1964 3424 2088 3479 per-

513 3490 649 3541 stas,
710 3481 1032 3553 imperatur,
1088 3488 1142 3543 in
1178 3490 1245 3546 iis
1284 3508 1404 3562 qua:
1451 3496 1618 3551 semel
1659 3498 1758 3553 abs
1786 3508 1837 3554 te
1865 3499 2087 3557 decreta

513 3570 831 3639 sancltaque
858 3583 1005 3641 sunt,
1060 3587 1119 3631 et
1168 3578 1418 3635 homines
1459 3599 1687 3654 rapaces
1726 3588 1950 3643 multari
1981 3590 2084 3657 vis,

513 3658 768 3729 equidem
795 3677 1021 3733 paratus
1041 3684 1160 3723 sum
1194 3680 1359 3742 atque
1397 3676 1632 3745 cupidus
1651 3686 1712 3733 ut
1751 3679 1803 3735 id
1834 3691 2087 3750 praastem

513 3753 661 3820 quod
695 3754 900 3811 dudum
942 3775 1029 3814 me
1078 3763 1448 3830 przestiturum
1489 3768 1810 3836 pollicebar.
1859 3771 1957 3829 Sin
2011 3782 2084 3836 te.

512 3845 606 3909 qui
641 3846 879 3913 prmfecti
932 3865 1131 3908 munus
1168 3855 1300 3908 mihi
1333 3858 1627 3927 mandasti,
1671 3871 1798 3917 ante
1841 3873 2086 3919 actorum

512 3934 765 4003 pmnitet,
797 3954 864 3993 en
919 3939 1235 3998 facultatem
1290 3945 1461 4002 habes
1509 3950 1631 4020 ejus
1666 3951 1800 4005 mihi
1848 3954 2086 4009 vicissim

511 4024 820 4082 auferendi.
872 4029 1007 4085 Nam
1048 4034 1304 4103 equidem
1352 4039 1512 4108 culpa
1552 4056 1745 4096 vacare
1784 4042 1928 4109 volo,
1963 4059 2087 4097 cuin

511 4116 824 4185 piaculares
849 4130 904 4176 et
936 4121 1216 4193 improbos
1254 4126 1505 4185 homines
1539 4132 1748 4186 amicos
1776 4132 1965 4198 facias,
1996 4135 2091 4189 iti-

512 4208 747 4279 demque
774 4227 1064 4281 perversos
1087 4225 1139 4270 et
1168 4217 1233 4271 ad
1264 4221 1573 4275 nocendum
1593 4223 2087 4294 ingeniosissimos,

511 4302 782 4357 conviviis
817 4307 1131 4377 mensisque
1167 4311 1275 4366 tuis
1324 4312 1610 4369 adhibeas.
1639 4334 1656 4365 ι
1707 4316 1786 4370 Ad
1821 4333 1883 4371 ca
1916 4318 2088 4387 placi-

509 4392 772 4449 dissimus
830 4395 919 4452 ille
971 4398 1229 4470 mitisque
1272 4403 1546 4471 Justinus,
1595 4405 1847 4462 dolenter
1882 4424 1948 4462 ex
1979 4409 2088 4465 imo

510 4495 737 4555 pectore
765 4485 933 4544 ducto
958 4493 1221 4562 suspirio,
1282 4513 1299 4547 ι
1334 4494 1389 4550 Si
1423 4512 1508 4551 me
1537 4496 1740 4565 ipsum.
1774 4518 1791 4549 ι
1826 4499 1923 4563 ait,
1957 4519 1974 4551 ι
2006 4500 2089 4554 in-

509 4576 754 4632 scienter
796 4580 1003 4650 aliquid
1036 4583 1352 4657 designasse
1398 4596 1635 4654 constat,
1676 4604 1799 4643 mox
1851 4589 2088 4660 impera-

510 4667 654 4727 torio
696 4685 782 4725 me
807 4672 1009 4728 throno
1040 4674 1338 4730 detrahito.
1366 4675 1458 4731 Sin
1485 4677 1683 4748 aliquis
1706 4681 2084 4742 convivarum,

512 4760 606 4827 qui
645 4777 859 4817 mecum
887 4764 978 4821 hic
1002 4767 1361 4834 accumbunt,
1393 4767 1629 4838 injurius
1669 4770 1724 4824 in
1755 4786 2086 4841 quemquam

512 4853 638 4918 t'uit,
670 4854 799 4909 licet
831 4873 952 4911 mox
988 4858 1155 4915 facias
1192 4860 1339 4930 quod
1373 4860 1583 4915 dudum
1624 4870 1717 4917 tuo
1746 4878 1871 4919 cum
1903 4865 2090 4919 animo

517 4947 875 5007 constituisti.
912 4968 929 5000 ι
970 4951 1167 5020 Papae!
1213 4962 1416 5022 quanta
1447 4953 1549 5008 fuit
1580 4955 1697 5009 hmo
1739 4955 1793 5009 in
1829 4964 1880 5011 te
1920 4956 2088 5010 animi

508 5037 777 5092 serenitas
806 5049 972 5109 atque
1010 5041 1252 5105 bonitas,
1282 5043 1676 5112 imperatorum
1707 5046 2088 5116 optime,juris

510 5134 567 5181 ct
594 5129 734 5195 τιδι’ιυὶ
767 5130 1056 5186 mitissime
1097 5143 1304 5189 custos.
1344 5136 1441 5188 Vix
1480 5136 1777 5207 imperator
1808 5137 1925 5192 haec
1964 5154 2087 5207 pro-

510 5217 729 5273 locutus
768 5220 966 5286 fuerat,
1001 5238 1126 5277 cum
1156 5226 1416 5294 magister
1441 5225 1533 5283 ille
1562 5244 1660 5297 per
1686 5228 1793 5281 vim
1839 5245 1869 5281 a
1899 5229 2086 5299 judice

512 5310 580 5365 de
609 5313 966 5368 convivarum
1016 5327 1161 5371 emtu
1196 5333 1508 5387 mensisque
1538 5321 1877 5389 sumptuosis
1922 5322 2082 5375 abre-

512 5410 641 5479 ptus
678 5404 786 5473 70
828 5406 894 5457 ad
952 5406 1195 5461 tribunal
1229 5406 1541 5474 deducitur,
1591 5411 1753 5467 illata:
1782 5428 1973 5482 paruas
2005 5412 2083 5467 in-

516 5496 674 5566 juria:
723 5499 983 5553 luiturus.
1042 5499 1233 5555 Stabat
1285 5511 1412 5555 ante
1462 5503 1700 5557 tribunal
1756 5512 1997 5558 tremens
2024 5516 2088 5555 ac

2190 3322 2311 3377 quae
2334 3322 2430 3377 per
2453 3309 2698 3377 rapinam
2730 3307 3005 3362 amisisset
3039 3305 3337 3372 indicabat,
3369 3304 3632 3361 facinoris
3667 3305 3770 3357 ho-

2191 3400 2396 3454 minem
2435 3399 2819 3455 t-onvincebat.
2868 3400 2962 3455 Ille
3013 3408 3225 3465 contra,
3278 3398 3431 3453 ferox
3455 3397 3691 3452 antehac
3712 3407 3769 3451 et

2191 3491 2453 3555 insolens,
2505 3502 2693 3547 mutus
2757 3492 2867 3546 illic
2907 3491 3106 3554 stabat,
3159 3499 3215 3545 et
3266 3490 3321 3545 in
3375 3491 3580 3561 lingua,
3615 3490 3766 3558 quod

2189 3585 2366 3646 aiunt.
2416 3586 2610 3640 bovem
2645 3584 2901 3639 habebat.
2959 3583 3035 3638 Ita
3096 3583 3356 3637 nimirum
3403 3597 3466 3635 os
3522 3580 3768 3634 hominis

2190 3675 2424 3731 maleﬁci
2456 3676 2708 3731 libertate
2756 3673 3016 3744 loquendi
3055 3672 3400 3728 destituitur.
3463 3670 3599 3725 Cum
3632 3686 3767 3740 ergo

2189 3764 2656 3835 prudentissimus
2686 3764 2855 3833 judex
2898 3772 2955 3817 et
2990 3763 3132 3833 aequi
3181 3762 3426 3832 justique
3462 3770 3670 3824 custos,
3707 3776 3771 3815 re

2190 3862 2446 3908 accurate
2477 3854 2806 3923 eurioSeque
2839 3853 3227 3922 pervestigata,
3261 3852 3640 3906 mulierculam
3678 3850 3769 3904 in-

2190 3943 2354 4015 digna
2376 3960 2590 4015 passam
2620 3944 2846 4016 suisque
2870 3943 3222 3999 facultatibus
3250 3942 3450 4045 injuste
3472 3943 3766 4013 spoliatam

2191 4032 2669 4104 deprehendisset,
2695 4033 2883 4089 crudis
2904 4034 3071 4089 boum
3096 4034 3283 4089 nervis
3309 4032 3582 4089 illustrem
3608 4033 3772 4087 illum

2192 4126 2370 4180 virum
2419 4141 2520 4196 per
2549 4126 2941 4180 contumeliam
2983 4125 3117 4180 caedi
3158 4124 3337 4196 jubet,
3381 4140 3447 4179 ac
3479 4135 3774 4192 tantopere

2190 4217 2474 4288 ﬂagellari,
2525 4217 2654 4273 dum
2704 4232 2935 4287 corpore
2963 4224 3077 4271 toto
3125 4218 3406 4288 plagarum
3469 4218 3767 4273 cicatrices

2191 4318 2487 4364 exstarent.
2545 4309 2752 4363 Deinde
2804 4318 3053 4364 mentum
3106 4309 3156 4361 ei
3210 4308 3452 4362 denudat
3488 4310 3553 4363 ad
3583 4317 3771 4363 cutem

2194 4414 2391 4468 usque,
2421 4414 2484 4453 ac
2512 4400 2649 4454 rasis
2682 4400 2879 4468 capitis
2904 4400 3152 4455 crinibus
3182 4401 3446 4471 vultuque
3474 4400 3777 4468 deturpato

2194 4490 2472 4545 inversum
2498 4490 2654 4544 asino
2685 4490 2938 4560 imponit,
2999 4491 3215 4547 facinus
3246 4492 3444 4546 mediis
3480 4493 3534 4547 in
3567 4493 3775 4561 plateis

2123 4556 2162 4609 θ
2193 4582 2516 4654 proclamat.
2545 4581 2823 4637 hominem
2850 4598 2948 4653 per
2968 4598 3237 4640 summam
3270 4585 3623 4656 ignominiam
3661 4586 3779 4640 cir-

2192 4674 2452 4730 cumvehi
2510 4675 2664 4730 velut
2721 4675 2776 4730 in
2819 4677 3103 4748 triumpho
3148 4688 3204 4734 et
3236 4678 3377 4733 allici
3437 4678 3777 4734 contumelia

2186 4768 2365 4839 jubet.
2416 4765 2661 4822 Tandem
2716 4767 3003 4824 facultates
3047 4771 3169 4841 ejus
3223 4769 3445 4825 mulieri
3492 4769 3776 4835 attribuit,

2190 4875 2314 4929 quae
2343 4874 2605 4929 oppressa
2632 4874 2730 4929 per
2759 4860 2936 4930 ipsum
2963 4861 3271 4931 acerbeque
3306 4869 3536 4916 tractata
3566 4860 3774 4916 fuerat.

2194 4948 2284 5004 Sic
2330 4949 2467 5003 nihil
2516 4949 2583 5003 ad
2614 4951 2857 5005 animum
2894 4952 3169 5007 libertatis
3207 4951 3518 5007 studiosum
3548 4967 3780 5022 compa-

2192 5041 2300 5095 rari
2327 5049 2504 5109 potest
2530 5059 2544 5109 ;
2588 5042 2668 5095 sic
2693 5043 2860 5096 homo
2891 5044 3108 5098 alienus
3146 5044 3214 5098 ab
3254 5043 3510 5109 avaritia,
3539 5059 3643 5101 nec
3676 5044 3781 5099 ulli

2190 5130 2269 5185 rei
2291 5132 2653 5202 mancipatus,
2706 5132 2799 5187 sed
2834 5132 3109 5202 ingenuus
3135 5173 3149 5197 ,
3186 5132 3423 5187 neminis
3479 5148 3780 5202 personam

2192 5228 2480 5290 acccptat;
2519 5236 2628 5274 non
2669 5221 2888 5275 excelso
2919 5220 3250 5290 conspicuos
3282 5222 3403 5276 loco
3429 5222 3649 5285 metuit,
3679 5237 3783 5275 ne-

2194 5313 2397 5366 minem
2435 5311 2722 5377 formidat;
2757 5312 2963 5367 dixeris
2980 5328 3107 5367 eum
3140 5328 3262 5369 esse
3288 5314 3591 5369 volucrem.
3613 5314 3781 5382 aqui—

2192 5405 2297 5458 lam
2333 5404 2590 5466 celerem,
2622 5403 2879 5458 sublimia
2923 5411 3225 5473 petentem,
3259 5404 3424 5461 nullis
3462 5404 3629 5458 rebus
3663 5412 3780 5457 ter-

2194 5495 2342 5550 renis
2370 5495 2666 5550 addictam.
2705 5496 2759 5550 Si
2784 5511 2977 5566 puram
3008 5495 3214 5552 habeas
3241 5505 3480 5552 mentem
3504 5505 3560 5550 ct
3602 5496 3781 5552 lucris

1865 5643 2064 5705 Variae
2089 5640 2418 5703 lectiones.

594 5769 653 5839 "7
678 5766 812 5834 βαοὺ
837 5767 902 5821 R.
1010 5769 1054 5800 "‘
1079 5769 1462 5836 συνε>,κυσμοῖ;
1495 5772 1554 5822 Α.
1660 5771 1705 5802 ’⁸
1728 5770 1899 5839 ἤγαγε
1952 5768 2029 5821 Μ.

2139 5766 2153 5796 ³
2183 5763 2301 5825 ὅλος
2340 5761 2403 5813 R.

2515 5765 2533 5792 ’
2569 5763 2623 5813 ἐν
2674 5761 2736 5819 Β,
2780 5761 2873 5813 καί
2906 5763 2969 5815 R.
3078 5763 3095 5791 ³
3132 5760 3300 5817 δεινὸν
3336 5759 3397 5816 Β.
3476 5760 3495 5791 ⁸
3524 5757 3675 5829 ξυρΞί
3702 5759 3772 5814 Β.

530 5841 551 5872 ⁸
582 5832 963 5909 φιλελευθέρων
994 5839 1213 5909 γνώμης
1252 5832 1363 5894 1111.
1445 5841 1465 5871 ⁸
1500 5832 1796 5910 χρημάτων
1824 5837 2073 5908 βδελυρίᾳ
2096 5834 2478 5905 11,λη;ιμάτων
2506 5832 2756 5900 κιὸὂηλίᾳ
2782 5832 2844 5885 Α.
