4072 6454
528 416 629 482 351

542 531 667 584 Ἐπὶ
694 529 817 583 δυσὶ
855 528 1095 583 σαλεύων
1124 529 1180 582 δὲ
1206 529 1298 582 τδν
1326 529 1439 599 βίον
1469 530 1774 602 θυγατράσι

531 619 751 673 Τούτων
779 621 880 689 μιᾷ
920 618 1245 685 συζεύγνυσι
1283 621 1589 689 Μαυρίκιον
1620 625 1699 684 είς
1727 622 1925 690 γάμον,

535 710 740 776 Ἀνδρα
778 710 1277 780 δραστηριώτατον,
1319 712 1381 764 τὸ
1406 712 1562 781 γένος
1590 714 1995 784 Καππαδόκην,

535 803 646 855 Kal
675 800 887 869 μέλλων
919 802 1254 872 γαμοδαίσια
1298 802 1397 871 τῆς
1432 803 1649 877 νύμφης
1686 806 1967 876 ἑορτάζειν

544 893 896 963 ’Λναγορεύει
927 893 1187 964 Καίσαρα
1211 894 1303 947 τὸν
1340 896 1439 964 τῆς
1462 896 1650 959 παιδὸς
1683 898 1943 965 νυμφίον.

532 985 643 1036 Kal
664 983 780 1053 μετ’
812 983 991 1051 ὀλίγον
1021 986 1247 1056 τελευτᾷ
1280 985 1386 1055 πρὸ
1417 986 1631 1056 χρόνου,
1666 988 1773 1054 πρὸ
1796 986 1897 1056 τῆς
1932 986 2102 1056 ὥρας,

531 1073 624 1144 Μὴ
653 1074 840 1144 γήρως
871 1074 914 1106 ⁸⁷
945 1074 1319 1144 ἐφαψάμενος,
1350 1075 1425 1146 μὴ
1447 1076 1680 1130 κατιδὼν
1708 1078 1798 1129 τὸν
1828 1078 2030 1147 στάχυν

537 1163 651 1227 Τῆς
684 1161 904 1231 ἡλικίας
937 1161 1147 1232 ὥριμον
1178 1163 1275 1215 καὶ
1312 1163 1583 1234 χρῄζοντα
1606 1165 1898 1235 δρεπάνου,

537 1252 744 1316 ἰθύνας
776 1253 836 1305 τὸ
872 1253 1140 1323 βασίλειον
1164 1255 1428 1326 τέσσαρσι
1461 1257 1678 1326 χρόνοις
1703 1257 1927 1327 κράτος.

537 1342 714 1406 ΙίύἹὺς
743 1344 789 1397 δ’
832 1344 1268 1415 ἐπιλαμϐάνεται
1315 1348 1620 1417 Μαυρὲκιος
1649 1348 1758 1401 τῶν
1792 1350 2111 1420 σκήπτρων,

536 1435 646 1487 Τοῦ
678 1434 929 1505 Τιϐερίου
965 1435 1251 1505 κρίναντος
1273 1438 1364 1491 τὸν
1403 1439 1572 1508 ἄνδρα
1605 1437 1934 1507 βασιλεύειν.

612 1518 781 1588 Οὗτος
806 1526 1059 1596 γαμϐρὸν
1086 1528 1173 1581 ἐπ’
1201 1529 1407 1599 ἀδελφῇ
1442 1530 1535 1582 τὸν
1572 1530 1899 1584 Φιλίππικον
1931 1530 2109 1601 ἔσχεν,

538 1617 741 1686 ’Ἄνδρα
764 1620 1035 1684 γενναῖον,
1076 1619 1358 1689 εὔτολμον,
1411 1621 1584 1690 μέγαν
1620 1623 1679 1676 ὲν
1729 1622 2110 1693 στρατηγίαις,

538 1705 654 1758 Kal
689 1706 907 1777 πλούτῳ
951 1698 1341 1779 περιϐρίθοντα
1370 1712 1465 1763 καὶ
1494 1711 1780 1781 λάμποντα
1805 1712 2039 1774 συνέσει,

538 1798 701 1865 Ἀρτι
723 1799 950 1861 λιπόντα
972 1800 1070 1871 τὴν
1088 1802 1346 1872 λαμπρὰν
1376 1803 1598 1874 Ῥώμην
1618 1803 1717 1875 τὴν
1740 1804 2117 1875 πρεσϐυτέραν

541 1889 653 1941 Kal
686 1890 821 1959 πρὸς
847 1892 1421 1946 Κωνσταντινούπολιν
1454 1895 1973 1966 μετακεχωρηκότα.

539 1978 741 2032 Τοῦτον
764 1980 1018 2050 λαμπρὸν
1052 1982 1342 2052 γενόμενον
1375 1986 1467 2037 ἐπὶ
1496 1983 1857 2055 τροπαιουχία

540 2069 655 2120 Kal
691 2069 1101 2137 παραλύσαντα
1122 2074 1348 2142 Περσῶν
1386 2073 1449 2126 τὸ
1480 2074 1749 2144 φρύαγμα
1800 2073 1860 2126 τὸ
1913 2072 2119 2146 γαῦρον

539 2156 650 2209 Kal
679 2161 1200 2229 καταγωνισάμενον
1228 2161 1288 2214 ὲν
1314 2164 1515 2233 μάχαις
1545 2164 1870 2233 φρικαλέαις

549 2244 876 2305 Ὑπώπτευε
905 2251 1215 2321 Μαυρίκιος
1244 2251 1319 2314 ώς
1350 2252 1415 2322 δὴ
1444 2252 1808 2322 βασιλειῶντα

542 2339 655 2393 Kal
691 2340 1082 2412 παραρπάζειν
1129 2342 1349 2397 θέλοντα
1381 2344 1481 2416 τὴν
1515 2346 1974 2416 αύτοκρατορίαν.

535 2425 650 2485 Ἦν
682 2432 740 2484 δὲ
767 2433 1055 2503 παραίτιον
1083 2435 1233 2505 αὐτῷ
1256 2435 1464 2507 ταύτης
1483 2436 1583 2506 τῆς
1607 2436 1871 2506 ὑποψίας,

540 2523 667 2577 "Ott
690 2524 836 2588 τινὲς
868 2526 977 2579 τῶν
1008 2530 1279 2596 περιττῶν
1307 2531 1400 2583 καὶ
1435 2528 1543 2583 τῶν
1572 2528 2052 2600 προφοιϐαζόντων

539 2611 633 2682 Τῷ
657 2613 953 2684 Μαυρικίῳ
986 2614 1300 2686 προύφερον
1324 2615 1519 2679 ὕθλους
1541 2616 1694 2678 τινὰς
1723 2616 2015 2686 γραώδεις,

554 2703 646 2765 Ὠς
666 2703 766 2774 τὴν
797 2703 942 2774 ζωὴν
976 2705 1070 2757 καὶ
1113 2706 1214 2775 τὴν
1248 2707 1426 2776 ἀρχὴν
1459 2706 1830 2777 ἀφαιρεθῆναι
1865 2707 2051 2777 μέλλοι

542 2793 684 2863 Πρός
704 2810 848 2855 τινος
876 2796 1090 2865 ἔχοντος
1120 2798 1181 2850 τὸ
1213 2799 1275 2865 φτ
1303 2800 1569 2869 στοιχεῖον
1603 2800 1660 2852 ὲν
1694 2801 1761 2869 τῇ
1791 2799 2000 2869 κλήσει.

552 2882 835 2938 Ἐντεῦθεν
862 2888 889 2939 6
924 2886 1331 2957 περίλαμπρος,
1354 2890 1381 2941 6
1416 2891 1589 2960 μέγας
1612 2891 1671 2944 ὲν
1701 2892 1821 2953 ταῖς
1853 2891 2054 2961 μάχαις

540 2974 649 3026 Τοῦ
676 2974 871 3044 φθόνου
900 2978 1002 3045 φεῦ
1029 2980 1041 3032 l
1071 2979 1407 3049 ἀποληφθεὶς
1428 2984 1487 3034 ὲν
1519 2981 1703 3052 μέσοις
1731 2982 2095 3052 ἀρκυστάτοις

538 3064 1021 3135 Μεταμφιέννυται
1055 3069 1292 3139 στυγνὴν
1321 3070 1444 3122 ἀντὶ
1478 3070 1737 3141 λαμπρᾶς
1782 3071 2010 3141 ἐσθῆτα,

1691 419 2203 480 ΕΟΧΞΤΛΝΤΙΝΙ
2248 418 2627 480 MANASSIS

3664 410 3785 478 352

2126 535 2178 593 Α
2204 534 2312 586 Τοῦ
2341 533 2661 597 πολυόλϐου,
2688 530 2782 586 τοῦ
2820 530 3057 592 κλεινοῦ.
3086 531 3181 587 τοῦ
3220 528 3710 601 καρτεροκαρδίου.

2299 625 2437 678 Ἀλλ’
2467 620 2611 695 ἦσαν
2633 624 2743 694 ἄρα
2767 623 3018 695 γηγενῶν
3048 624 3371 692 ἐπισφαλεῖς
3395 622 3449 675 ai
3486 620 3709 692 φρένες,

2213 717 2324 769 Kal
2352 715 2488 785 πρὸς
2508 715 2577 768 τὰ
2592 715 2854 784 μέλλοντα
2869 714 3068 783 τυφλαὶ
3081 713 3189 767 τῶν
3205 714 3485 781 λογισμῶν
3517 712 3573 765 αἱ
3600 711 3786 781 κόραι.

2215 807 2310 870 Ei;
2339 806 2390 858 τί
2423 807 2523 875 μὲν
2549 801 2643 859 οὖν
2668 807 2978 877 κατήντησε
3019 806 3116 859 καὶ
3143 805 3296 868 τέλος
3324 801 3435 857 οἷον
3462 803 3590 871 ἔσχε

2214 898 2287 950 Τὸ
2312 897 2591 966 φοίϐασμα
2612 896 2707 950 καὶ
2734 897 3029 968 κόμψευμα
3055 896 3163 950 τῶν
3193 893 3717 968 τερατολογούντων,
3772 894 3779 897 ’

2217 994 2341 1055 Τοῖς
2372 993 2569 1062 ἐφεξῆς
2603 994 3102 1064 γνωσθήσεται’καὶ
3132 995 3247 1057 τοῖς
3280 989 3674 1063 ῥηθησομένοις
3700 986 3747 1017 ’⁸
3772 1002 3787 1016 ·

2227 1081 2285 1135 '0
2316 1083 2371 1135 δὲ
2399 1085 2637 1154 χαγάνος
2670 1084 2998 1156 προσϐαλὼν
3043 1082 3331 1153 Ῥωμαίων
3359 1083 3472 1143 τοῖς
3504 1076 3789 1148 φρουρίοις

2218 1171 2348 1244 (Ἷιν
2359 1175 2404 1227 δ’
2416 1176 2444 1229 ό
2461 1176 2694 1245 χαγάνος
2709 1175 2959 1244 βασιλεὺς
2972 1173 3193 1227 Σκυθῶν
3204 1173 3312 1226 τῶν
3325 1170 3708 1242 προσαρκτίων
3724 1168 3795 1234 ")

2219 1268 2330 1320 Kal
2362 1266 2546 1328 πόλεις
2567 1268 2975 1337 χειρωσάμενος
3000 1265 3311 1334 εὐπύργους
3342 1263 3401 1326 ἐξ
3431 1260 3647 1330 ὲφόδου,

2219 1358 2331 1411 Kal
2361 1359 2541 1411 πᾶσαν
2571 1356 2967 1429 Ἰστρογείτονα
2994 1356 3178 1426 χώραν
3192 1356 3555 1426 λεηλατήσας,

2217 1450 2332 1503 Kal
2354 1449 2533 1514 δείξας
2564 1449 2950 1520 αἱματόφυρτα
2981 1448 3075 1500 τοῦ
3103 1446 3348 1517 ποταμοῦ
3368 1445 3439 1499 τὰ
3471 1444 3685 1515 ῥεῖθρα,

2220 1542 2331 1593 Kal
2359 1540 2509 1606 ξίφος
2537 1541 2645 1593 πᾶν
2673 1541 2768 1594 καὶ
2796 1540 2923 1609 δόρυ
2956 1542 3064 1593 πᾶν
3091 1542 3200 1601 τοῖς
3225 1540 3405 1605 φόνοις
3432 1534 3802 1600 καταλούσα·,

2220 1629 2387 1692 Τέλος
2424 1629 2560 1683 πολὺ
2594 1631 2919 1699 συναγαγὼν
2943 1629 3296 1700 δορυαλώτων
3336 1627 3563 1696 σμῆνος.

2222 1719 2315 1782 Είς
2335 1717 2543 1772 δώδεκα
2568 1721 2735 1772 ποσού
2746 1736 2905 1782 μενον
2926 1720 3260 1789 χιλιανδρίας
3286 1718 3414 1779 ὅλας
3439 1716 3507 1779 ’⁸,

2222 1810 2442 1877 Πέμπει
2474 1809 2613 1879 πρὸς
2637 1810 2729 1862 τὸν
2750 1810 3060 1880 Μαυρίκιον
3089 1810 3177 1862 τὸν
3201 1809 3445 1877 κράτορα
3477 1802 3796 1872 Ῥωμαίων,

2220 1898 2561 1969 Παρακαλῶν
2587 1901 2629 1930 ²¹
2661 1900 3039 1969 λυτρώσασθαι
3068 1904 3195 1964 τοὺς
3228 1895 3787 1971 ᾐχμαλωτισμένους,

2220 1993 2332 2046 Kal
2356 1993 2638 2061 χρήμασιν
2662 1992 2994 2058 ἀλλάξασθαι
3021 1993 3080 2045 τὺ
3109 1992 3305 2061 πλῆθος
3336 1988 3690 2059 τοσαρίθμοις
3714 1986 3789 2036 ⁸⁸.

2233 2083 2372 2135 Ἀλλ’
2399 2084 2461 2136 ού
2492 2085 2851 2154 κατέκαμψεν
2899 2084 3066 2138 αὐτοῦ
3102 2084 3203 2153 τὴν
3231 2078 3806 2152 σκληρογνωμοσύνην

2220 2174 2295 2226 Οὐ
2336 2173 2608 2241 Σκυθικῆς
2637 2172 2918 2242 ὠμότητος
2945 2172 3174 2226 ἀπόνοια
3204 2172 3249 2204 ’³
3286 2173 3382 2225 καὶ
3421 2170 3618 2230 λύσσα,

2221 2262 2337 2315 Οὐκ
2368 2262 2702 2333 άγριόθυμος
2737 2262 2881 2334 ὁρμὴ
2912 2261 2957 2293 ³⁵
2990 2262 3230 2331 χαγάνου
3261 2259 3357 2313 τοῦ
3389 2258 3692 2331 βαρϐάρου,

2222 2353 2297 2406 Ού
2332 2353 2546 2416 πένθος,
2571 2354 2670 2405 οὐκ
2688 2353 3018 2423 ὀλοφυρμὸς,
3046 2354 3108 2406 ού
3134 2353 3308 2423 δάκρυ
3327 2351 3436 2404 τῶν
3469 2351 3703 2403 ἁλόντων
3725 2348 3803 2378 ’⁸⁸

2223 2445 2431 2513 Δεσμδν
2458 2445 2568 2515 γάρ
2594 2441 2741 2513 εἶχεν
2770 2445 2989 2516 ἀρῥαγῆ
3020 2443 3118 2515 τὴν
3157 2442 3619 2513 φιλοχρηματίαν.

2224 2535 2334 2588 Kal
2367 2534 2530 2588 πάλιν
2564 2536 2592 2586 6
2619 2532 2990 2604 τριϐάρϐαρος
3018 2533 3225 2593 ἐκεῖνος
3262 2532 3290 2582 6
3321 2531 3557 2600 χαγάνος

2237 2624 2541 2693 Ἐκπέμπει
2584 2623 2720 2694 πρὸς
2749 2623 3057 2694 Μαυρίκιον
3089 2622 3491 2691 μετριωτέρους
3534 2617 3731 2687 λόγους

2226 2715 2529 2783 Καθυφιεὶς
2556 2714 2651 2767 καὶ
2680 2713 2740 2766 τδ
2772 2714 2938 2765 ποσὸν
2970 2715 3225 2780 κατάγων
3255 2710 3365 2764 τῶν
3401 2710 3728 2781 χρημάτων.

2236 2805 2325 2869 Ὧς
2356 2805 2401 2859 δ’
2434 2800 2502 2875 ἦν
2532 2804 2700 2867 ἀσπὶς
2724 2803 2752 2857 6
2790 2803 3044 2873 βασιλεὺς
3070 2802 3170 2865 τὰς
3199 2803 3369 2865 ἀκοὰς
3395 2818 3458 2853 συ
3470 2800 3658 2870 μϐύων

2226 2897 2347 2950 Οὐδ’
2384 2897 2710 2967 ἀνεχόμενος
2749 2894 2934 2964 φωνῆς
2955 2895 3096 2946 άῖειν
3130 2893 3435 2964 ἐπᾳδόντων
3456 2893 3524 2956 ⁸⁸,

2226 2986 2506 3059 Θυμοῦται
2538 2986 2676 3056 φεῦί
2708 2987 2781 3050 ὡς
2807 2985 3093 3055 πάρδαλις,
3126 2984 3202 3048 ώς
3220 2984 3400 3054 τίγρις
3441 2983 3469 3033 ὁ
3503 2982 3770 3052 χαγάνοςο

2228 3079 2684 3151 Καταψηφίζεται
2718 3080 2914 3149 πικρὸν
2948 3076 3376 3147 τοσαυτανδρίας
3406 3076 3639 3144 πότμον,

543 3154 656 3208 Καὶ
686 3155 795 3210 τῶν
813 3157 1018 3228 τριχῶν
1047 3157 1146 3227 τῆς
1182 3159 1425 3230 κεφαλῆς
1459 3160 1675 3232 σίδηρος
1706 3164 2052 3232 κατορχεῖται
2148 3195 2196 3255 C
2230 3172 2447 3244 Θερίζει
2481 3172 2583 3241 φεῦ
2610 3175 2723 3235 τοῖς
2757 3172 2938 3241 ξίφεσι
2963 3171 3024 3226 τὸ
3052 3171 3258 3240 πλῆθος
3290 3170 3332 3200 ιτ
3372 3168 3432 3221 τὸ
3449 3166 3730 3226 τοσοῦτον,

543 3357 744 3412 Struxit
772 3363 830 3411 et
867 3356 1185 3413 destinavit.
1214 3359 1435 3414 Primus
1457 3361 1621 3415 etiam
1651 3362 1840 3432 templi
1865 3361 1936 3416 40
1960 3361 2125 3418 Chri-

544 3447 614 3502 sti
642 3446 865 3503 teStium
895 3488 912 3514 ,
964 3449 1225 3519 praeclara
1276 3450 1506 3505 victoria
1553 3454 1854 3522 potitorum
1882 3493 1896 3518 ,
1929 3453 2126 3509 funda-

545 3546 734 3593 menta
751 3538 907 3610 jecit.
932 3538 1070 3595 Cum
1096 3550 1281 3596 autem
1308 3542 1447 3597 lilias
1474 3552 1682 3597 tantum
1715 3544 1851 3599 duas
1874 3544 2126 3610 haberet,

546 3643 741 3683 earum
769 3630 928 3684 alteri
965 3629 1289 3686 Mauricium
1325 3634 1681 3688 matrimonio
1706 3636 1909 3706 jungit,
1945 3636 2126 3689 virum

546 3722 616 3777 ad
645 3736 737 3777 res
758 3723 1027 3793 gerendas
1049 3724 1402 3790 acerrimum,
1449 3725 1674 3780 natione
1700 3726 2081 3797 Cappadocem
2109 3743 2124 3793 ;

545 3826 786 3881 cumque
808 3814 1031 3883 nuptias
1054 3815 1249 3884 puella:
1272 3816 1658 3872 celebraturus
1678 3827 1845 3880 esset,
1864 3832 2128 3888 sponsum

545 3903 666 3974 ejus
689 3900 964 3960 Caesarem
996 3907 1300 3963 renuntiat.
1343 3907 1531 3978 Neque
1578 3908 1753 3962 multo
1793 3917 1917 3978 post
1956 3918 2130 3963 morte

549 3995 844 4053 immatura
895 4000 1207 4057 exstinctus
1255 4011 1382 4067 est,
1447 4001 1834 4057 administrato
1889 4013 2130 4072 quatuor

549 4089 716 4143 annis
742 4090 1003 4159 imperio.
1070 4091 1151 4146 Eo
1202 4103 1425 4148 mortuo
1477 4093 1778 4149 Mauricius
1834 4093 2129 4163 imperium

548 4175 772 4246 occipit,
804 4193 969 4247 quem
1003 4180 1186 4233 virum
1223 4180 1483 4237 Tiberius
1517 4182 1744 4254 dignum
1764 4180 2129 4253 judicaverat,

550 4267 645 4337 qui
674 4277 961 4338 regnaret.

624 4358 871 4415 Habebat
900 4361 1201 4418 Mauricius
1233 4363 1449 4420 amnem
1480 4366 1874 4437 Philippicum,
1907 4382 2021 4422 suae
2051 4366 2136 4420 vi-

549 4449 750 4507 delicet
785 4454 993 4509 sororis
1027 4456 1306 4523 maritum,
1354 4457 1535 4511 virum
1568 4474 1928 4527 generosum,
1964 4458 2135 4513 auda-

3472 3259 3634 3315 γει-ε.
3662 3257 3813 3313 5545

2231 3357 2567 3414 clarissimus
2598 3366 2654 3412 et
2682 3372 2912 3428 magnus
2944 3358 2999 3411 in
3029 3355 3256 3427 praelits,
3290 3354 3496 3408 medias
3534 3354 3590 3407 in
3622 3366 3815 3407 casses

2231 3448 2453 3504 invidia:
2485 3448 2722 3513 delatus,
2756 3464 2883 3504 cum
2920 3457 3072 3503 veste
3099 3446 3386 3517 splendida
3415 3446 3631 3500 tristem
3656 3458 3814 3499 com-

2230 3548 2472 3597 mularet
2498 3541 2807 3610 capitisque
2843 3542 3027 3596 crines
3056 3540 3362 3594 amitteret.

2301 3630 2597 3685 Enimvero
2633 3629 2973 3685 fallebantur
3012 3618 3322 3685 mortalium
3352 3626 3544 3692 animi,
3573 3634 3632 3682 et
3661 3624 3814 3680 oculi

2232 3720 2711 3776 ratiocinationutn
2753 3720 2808 3774 in
2867 3720 3033 3775 rebus
3090 3719 3297 3775 futuris
3356 3717 3813 3772 alucinaoantur.

2230 3813 2489 3869 Vaticinii
2524 3812 2750 3882 quidem
2780 3812 2947 3879 hujus
2964 3810 3092 3880 quis
3115 3810 3285 3865 fuerit
3308 3811 3512 3871 exitus,
3542 3805 3816 3875 deinceps

2235 3922 2265 3961 a
2291 3906 2453 3961 nobis
2474 3913 2804 3974 exponetur.
2835 3902 3113 3959 Cancrum
3139 3902 3445 3972 chaganus,
3480 3899 3817 3970 Scytharum

2232 3998 2752 4069 septentrionalium
2798 4011 2916 4060 rex,
2970 4012 3100 4051 cum
3155 3995 3532 4050 Romanorum
3584 3990 3819 4046 castella

2234 4087 2547 4154 invasisset,
2591 4089 2798 4157 impetu
2850 4087 3031 4157 primo
3067 4087 3332 4155 quasdam
3368 4080 3612 4139 munitas
3647 4081 3823 4136 urbes

2234 4181 2490 4253 cepisset,
2524 4196 2745 4236 omnem
2769 4180 2912 4234 Istro
2940 4179 3175 4234 vicinam
3203 4178 3481 4247 regionem
3519 4173 3824 4244 populatus

2234 4276 2451 4341 luisset,
2477 4275 2656 4330 amnis
2684 4273 2858 4343 ipsius
2875 4273 3100 4327 flumina
3116 4270 3380 4341 sanguine
3399 4268 3821 4323 interfectorum

2239 4367 2511 4430 tinxisset,
2550 4380 2778 4421 suorum
2809 4379 2974 4419 enses
2997 4371 3055 4417 et
3081 4362 3266 4415 hastas
3291 4373 3494 4415 cruore
3522 4357 3820 4419 abluisset,

2238 4457 2459 4512 tandem
2525 4472 2721 4527 magna
2784 4456 3129 4525 captivorum
3191 4450 3549 4507 milititudine
3601 4457 3822 4512 coacta,

547 4558 691 4606 cctn,
740 4544 795 4599 in
829 4543 1171 4602 ductitandis
1205 4548 1381 4618 copiis
1420 4564 1701 4620 magnum,
1735 4551 1933 4623 opibus
1970 4551 2128 4606 locu-
2157 4570 2211 4629 D
2237 4560 2361 4627 quae
2415 4544 2661 4598 \irorum
2699 4543 2766 4597 ad
2810 4542 3101 4597 duodecim
3137 4540 3306 4595 millia
3358 4539 3691 4601 contineret,
3753 4537 3827 4590 ad

547 4630 770 4700 plctem.
826 4631 1091 4687 illustrem
1148 4634 1480 4704 prudentia;
1526 4637 1623 4706 qui
1646 4651 1759 4691 non
1808 4638 1881 4692 ita
1916 4637 2126 4693 dudum
2236 4634 2562 4690 Mauricium
2587 4636 2962 4689 Romanorum
2995 4633 3390 4700 imperatorem
3420 4629 3607 4694 mittit,
3645 4638 3825 4696 utque

549 4723 744 4777 relicta
786 4723 963 4779 Roma
1010 4725 1343 4804 veteri‘72
1392 4725 1589 4797 Cpolin
1643 4730 2122 4800 commigraverat.

548 4814 707 4871 Hunc
736 4816 984 4872 victoriis
1024 4817 1291 4874 claratum
1328 4820 1672 4892 Persicaeque
1725 4823 1997 4893 superbiae
2025 4822 2127 4878 do-

550 4907 804 4961 mitorem
857 4918 1175 4978 suspectum
1229 4909 1530 4967 Mauricius
1589 4912 1831 4967 habebat
1863 4922 2123 4983 tanquam

553 4996 772 5065 imperii
817 4999 1067 5068 rapiendi
1093 4999 1381 5070 cupidum.
1430 5001 1497 5055 Et
1521 5011 1641 5056 erat
1662 5002 1843 5057 obiter
1873 5002 2125 5071 quaedam

475 5133 481 5139 .
553 5088 883 5157 suspicionis
912 5090 1079 5159 hujus
1122 5107 1307 5157 causa,
1355 5093 1501 5163 quod
1532 5094 1738 5149 curiosi
1769 5094 1992 5165 quidam
2023 5096 2126 5149 bo-

556 5181 731 5234 niines
774 5189 832 5235 et
889 5181 1172 5238 divinandi
1224 5185 1388 5254 periti
1431 5185 1697 5241 Mauricio
1751 5201 1922 5256 nugas
1954 5185 2129 5240 aniles

557 5282 986 5340 proposuerant,
1004 5274 1250 5330 futurum
1275 5276 1489 5332 scilicet
1507 5288 1567 5331 ut
1593 5277 1705 5331 vita
1728 5278 1934 5347 pariter
1954 5277 2133 5346 impe-

563 5366 756 5435 rioque
787 5366 1122 5435 spoliaretur
1144 5385 1175 5424 a
1230 5371 1469 5440 quodam
1503 5373 1659 5443 cujus
1679 5388 1709 5426 a
1737 5374 1779 5424 Φ
1802 5372 1984 5427 littera
2032 5385 2134 5425 no-

562 5472 688 5511 men
742 5457 1040 5528 occiperet.
1089 5460 1230 5516 llinc
1290 5461 1497 5517 factum
1542 5472 1604 5518 ut
1652 5462 1991 5533 Philippicus
2042 5461 2135 5517 ille

2235 4727 2485 4797 captivos
2518 4725 2755 4781 redimat
2781 4724 3057 4781 hortatur.
3104 4725 3310 4781 Verum
3332 4737 3513 4790 neque
3549 4720 3829 4791 Scythicae

2231 4816 2581 4873 crudelitatis
2635 4823 2922 4870 extremus
2977 4814 3153 4878 furor,
3211 4828 3392 4883 neque
3419 4810 3645 4867 barbari
3674 4809 3829 4879 regis

2233 4907 2569 4971 immanitas,
2595 4920 2773 4975 neque
2790 4906 2996 4970 luctus,
3017 4904 3628 4976 ejulationes,iacrynt;e
3648 4899 3831 4969 capti-

2232 5015 2428 5054 vorum
2479 4998 2701 5054 ﬂectere
2755 4997 2954 5052 durum
2992 4995 3344 5068 imperatoris
3381 4994 3629 5048 animum
3662 5000 3830 5061 pote—

2234 5100 2376 5157 rant,
2408 5090 2502 5160 qui
2534 5090 2604 5144 ab
2633 5089 2863 5144 avaritia
2904 5098 3054 5144 totus
3083 5097 3205 5143 erat
3230 5095 3553 5158 occupatus.
3606 5083 3833 5138 Rursus

2238 5199 2371 5253 ergo
2407 5181 2835 5237 barbarissimus
2875 5180 2965 5235 ille
3013 5180 3315 5251 chaganus,
3350 5179 3466 5234 suis
3495 5177 3561 5231 ad
3610 5175 3831 5229 Mauri-

2233 5276 2381 5332 cium
2396 5276 2599 5339 missis,
2620 5275 2960 5331 moderatius
2978 5283 3032 5328 et
3055 5274 3271 5343 aquius
3294 5271 3381 5343 agi
3407 5286 3534 5325 cum
3557 5285 3625 5324 eo
3638 5267 3826 5338 jubet,

2243 5383 2438 5439 magna
2467 5367 2535 5423 de
2565 5368 2747 5438 pretio
2776 5381 2989 5423 summa
3020 5365 3281 5420 deducta.
3305 5364 3442 5419 Cum
3484 5370 3671 5416 autem
3709 5359 3823 5413 itn-

2242 5467 2465 5529 perator
2494 5459 2739 5529 aspidem
2767 5459 2991 5513 imitans
3013 5470 3177 5511 aures
3194 5455 3484 5510 obturaret
3499 5466 3603 5506 nec
3626 5464 3828 5505 vocem

1904 5575 2105 5637 ναι-ἰαῦ
2147 5572 2484 5636 lectiones.

639 5674 685 5707 "
713 5674 890 5748 yﬁpa;
907 5674 1048 5748 AR.
1102 5677 1146 5709 ⁸⁸
1170 5677 1467 5748 ῥηθήσεται
1494 5678 1722 5740 καὶτοῖς
1746 5675 2166 5748 λεχθησομένοις
2283 5744 2294 5748 _
2340 5674 2383 5706 "
2409 5673 2551 5748 πρός
2568 5671 2858 5748 ἀρκτῴων.
2916 5671 2962 5702 ⁸⁸
2980 5670 3107 5748 ὅλας
3130 5666 3608 5748 χιλ-ιανδρίαςἏΛΙίζ
3625 5668 3688 5748 _'_‘
3717 5683 3827 5719 πα-

570 5737 887 5828 ρακινῶν
952 5749 1012 5828 _'_'
1040 5737 1345 5828 ἰσαρίθμοις
1377 5748 1445 5808 ﬂ,
1522 5749 1567 5782 ³³
1602 5737 1840 5818 ἀπηνειᾶ
1868 5737 1931 5802 [ἱ.
1985 5737 2054 5778 ’²⁵
2089 5743 2231 5815 ἀρχὴ
2268 5744 2332 5798 Α.
2408 5737 2466 5778 η’
2492 5737 2738 5813 δάκρυον
2762 5740 2999 5797 ἁλόντων
3042 5742 3105 5796 Α.
3133 5737 3233 5774 ’⁷η
3253 5737 3437 5811 φωνὰς
3467 5737 3532 5798 R.
3583 5738 3827 5809 ᾀδόντων

571 5816 779 5870 ἐπαΐειν
808 5814 855 5870 R
952 5818 995 5849 "
1021 5814 1321 5890 apﬁvoaM.
