4072 6418
307 382 410 448 353

1413 375 1917 439 COMPENDIUM
1959 372 2440 437 CHRONICUM.

3477 381 3586 443 354

313 495 417 550 Kal.
432 495 538 547 πᾶν
559 493 620 545 τὸ
633 492 940 564 πρόσωπον
966 492 1062 559 τῆς
1083 490 1183 560 γῆς
1201 491 1312 553 τοῖς
1333 489 1587 558 πτώμασι
1599 487 1868 541 καλύπτει
1886 501 1898 514 ·
1931 489 1977 544 Α
2008 484 2433 551 Καταγινώσκει
2463 482 2558 552 τῆς
2586 480 2756 535 αὑτοῦ
2791 482 3003 556 φαύλης
3027 485 3420 556 σμικρολογίας
3444 491 3512 555 ³³,

318 590 420 651 Τάς
462 584 724 647 πεδιάδας
764 584 867 646 τὰς
900 585 1019 636 ἐκεῖ
1050 582 1291 634 δείκνυσι
1350 579 1790 649 λυθροφύρτους,

321 677 744 746 Καταστορὲσας
769 675 906 738 ¹¹¹ὼς
923 674 1164 744 κορμοὺς
1180 671 1390 740 πεύκης
1409 671 1622 740 νεκρῶν
1640 671 1897 740 σωρείαν.

385 765 568 838 Χρυσὲ
595 765 834 827 διῶκτα,
867 763 1124 834 τύραννε,
1156 764 1458 831 πάντολμε,
1498 759 1814 824 δολοπλόκε,

319 861 539 914 Πάντων
569 857 762 910 κακῶν
797 855 1120 924 ἀκρόπολις,
1164 854 1425 926 φρούριον
1460 852 1758 914 ἀπωλείας,

331 945 625 1010 Ἑλέπολις,
665 944 1020 1014 ῥιψέπαλξις,
1051 944 1406 1014 σπαράκτρια
1434 944 1686 1011 τειχέων,

319 1038 530 1090 Πόλεων
565 1035 990 1106 τειχοτείστρια,
1014 1035 1302 1104 τινάκτρια
1326 1034 1618 1102 δωμάτων,

317 1131 461 1193 Dion;
478 1131 672 1191 κακοῖς
691 1129 819 1190 τοὺς
840 1129 1092 1198 γηγενεῖς
1111 1129 1454 1196 κρεωκοπεῖς
1468 1128 1513 1157 ¹⁹
1536 1128 1628 1178 καὶ
1645 1124 1896 1194 τρύχειςί

316 1220 485 1275 Οὐῖὲν
514 1219 921 1289 ἀνθαμιλλᾶταί
944 1235 1028 1271 σοι
1059 1219 1403 1287 πραγμάτων
1433 1215 1542 1269 τῶν
1584 1218 1641 1268 ἐν
1668 1215 1790 1285 βίῳ,

316 1312 484 1366 Οὐδὲν
510 1311 852 1380 ἀντιφερίζει
874 1311 917 1341 ³ο
955 1327 1038 1363 σοι
1070 1310 1292 1364 πάντων
1325 1309 1434 1361 τῶν
1474 1307 1755 1377 ἐπιγείων.

316 1403 634 1466 Μαλάσσεις
653 1403 694 1434 ³¹
713 1404 803 1456 τὸν
821 1403 1160 1472 ἀμάλακτον,
1178 1402 1268 1455 τὸν
1285 1402 1528 1471 μαλακὸν
1543 1401 1864 1471 σκληρύνεις
1885 1411 1900 1427 ⁶

317 1495 579 1547 Γλῶσσαν
611 1493 851 1562 ἀνοίγεις
875 1493 1110 1560 ἄφωνον,
1149 1493 1308 1546 λάλον
1341 1492 1716 1562 ἐπιστομίζεις
1739 1507 1752 1522 ·

317 1581 499 1642 "nisi;
526 1579 728 1650 βραδὺν
749 1579 838 1632 τὸν
859 1581 1138 1650 δρομικὸν,
1162 1582 1472 1651 πτηνόπουν
1492 1582 1582 1634 τὸν
1600 1582 1896 1652 άργόπουν.

315 1673 612 1742 Πειράζεις
647 1671 748 1742 μὲν
773 1672 867 1725 καὶ
896 1671 1196 1743 θέλγητρον
1216 1674 1447 1741 ἐπάγεις
1481 1675 1603 1737 ταῖς
1625 1673 1897 1743 καρδίαις,

315 1765 426 1816 Καὶ
448 1763 736 1833 γοητεύεις
767 1763 943 1830 ίυγξιν
979 1763 1243 1832 ἀφύκτοις
1259 1765 1359 1826 τὰς
1389 1765 1698 1834 αἰσθήσεις,

330 1856 494 1908 Ἀλλά
521 1873 617 1908 σου
651 1855 713 1908 τὸ
748 1855 1071 1926 καλλίχροον
1100 1856 1176 1919 ὡς
1203 1857 1384 1927 ἔχιδνα
1417 1857 1756 1927 φαρμάσσει.

315 1944 569 2014 Θεσμοίις
592 1947 688 1998 καὶ
711 1944 909 2013 νόμους
931 1948 1236 2015 συμπατεῖς
1257 1947 1350 1998 καὶ
1373 1945 1474 2017 τὴν
1497 1946 1632 1999 αίδὼ
1658 1944 1896 2006 διώκεις.

317 2036 740 2106 Τυμδωρνχεῖς,
777 2038 1154 2106 τοιχωρυχεϊς,
1191 2037 1558 2106 ἀπεμπολεῖς,
1608 2035 1900 2106 προδίδως.

319 2129 502 2198 Λῆρος
527 2129 588 2180 τὸ
618 2127 1054 2197 κομψευόμενον,
1075 2128 1149 2189 ὡς
1179 2127 1346 2190 ἔοικε,
1381 2133 1472 2180 καὶ
1506 2128 1701 2198 μῦθος,

328 2221 413 2282 Ὠς
439 2220 551 2290 ἄρα
589 2219 683 2272 τὸν
723 2219 1009 2287 ἀδάμαντα
1047 2220 1208 2289 μόνον
1243 2217 1384 2289 αἷμα
1418 2219 1720 2289 μαλθάσσει
1750 2238 1766 2254 ο

320 2311 385 2361 Τί
415 2311 525 2380 γάρ
563 2327 658 2362 σου
685 2308 1123 2380 δραστικώτερον
1153 2312 1247 2364 καὶ
1274 2311 1458 2376 λίθους
1510 2313 1807 2368 άπαλύνειν
1827 2316 1900 2379 ³²;

321 2403 385 2456 Τί
423 2404 480 2455 δὲ
507 2404 607 2473 τὴν
643 2404 1012 2474 ὑπερίσχυρον
1043 2404 1198 2475 ἰσχύν
1240 2422 1334 2457 σου
1379 2405 1690 2474 διαφεύγει;

392 2490 521 2549 Ὧδε
557 2496 656 2565 μὲν
679 2497 854 2549 ταῦτα
882 2498 1063 2567 στήτω
1088 2515 1199 2566 μοι,
1229 2497 1299 2549 τὰ
1329 2497 1373 2550 δ’
1401 2498 1602 2568 ἐφεξῆς
1625 2501 1818 2567 emta;

325 2584 428 2638 Τὸν
461 2587 622 2654 φόνον
643 2587 737 2640 τὸν
765 2586 1099 2658 μυρίανδρον
1128 2591 1156 2641 ό
1179 2587 1432 2658 βασιλεὺς
1459 2590 1747 2660 μανθάνει,

325 2839 736 2894 excanlantium
791 2837 1083 2893 admittere
1133 2839 1317 2903 vellet,
1348 2839 1700 2896 excandescit
1743 2843 1902 2912 (proh

326 2933 539 3001 dolor!)
561 2931 844 3000 chaganus
868 2929 1149 2999 pantherae
1177 2946 1240 2987 ac
1274 2932 1484 3001 tigridis
1512 2933 1705 2997 instar,
1742 2937 1904 2990 morti

329 3035 405 3078 tot
434 3023 690 3077 homines
737 3021 968 3085 addicit,
1022 3031 1226 3075 tantam
1259 3023 1391 3092 (heu
1419 3023 1457 3095 !)
1490 3027 1903 3080 multitudinem

325 3117 523 3187 glaaliis
557 3114 841 3185 interﬁcit,
877 3123 1044 3167 totam
1077 3116 1316 3184 regionis
1349 3119 1698 3186 superﬁciem
1738 3119 1904 3173 cada-

326 3204 552 3257 veribus
581 3213 926 3255 mortuorum
954 3202 1156 3270 operit,
1183 3218 1406 3272 campos
1429 3221 1622 3279 omnes
1640 3207 1907 3276 sanguine

328 3303 604 3356 cruentat,
636 3291 850 3346 acervis
884 3293 1170 3344 hominum
1201 3292 1618 3349 interfectorum
1653 3295 1719 3350 ad
1758 3297 1908 3366 pinei

327 3386 534 3457 stipitis
565 3384 918 3438 altitudinem
953 3394 1284 3440 constratos.

397 3479 443 3535 Ο
475 3495 698 3542 aurum,
743 3489 973 3550 tyranne
1021 3479 1282 3542 crudelis,
1317 3479 1603 3534 hominum
1653 3499 1912 3552 persecu-

330 3582 438 3637 tor,
469 3571 861 3633 audacissime,
911 3570 1281 3637 fraudulente,
1322 3588 1419 3625 arx
1466 3574 1734 3627 malorum
1791 3591 1911 3629 om-

329 3665 507 3726 nium,
538 3663 787 3716 omnium
821 3662 1286 3728 malorunrradix,
1311 3665 1594 3718 castellum
1621 3668 1910 3737 perniciei,

331 3756 440 3826 73
487 3764 731 3810 vastator
778 3753 1041 3818 urbium,
1089 3756 1627 3824 propugnaculorum
1664 3775 1910 3825 eversor,

332 3863 626 3902 murorum
693 3845 1072 3910 dilaceratur,
1144 3848 1472 3916 oppidorum
1542 3862 1912 3922 Oppugnator,

326 3940 538 3994 aedium
571 3953 888 4001 succussor,
940 3938 1195 4006 qualibus
1248 3939 1406 3993 malis
1455 3943 1714 3996 mortales
1757 3944 1914 3998 dive-

331 4033 461 4084 xasl
497 4031 649 4083 nulla
681 4045 768 4083 res
796 4031 850 4082 in
886 4029 1170 4082 hominum
1196 4030 1304 4084 vita
1330 4041 1506 4086 tecum
1549 4033 1603 4086 in
1636 4042 1915 4090 certamen

331 4119 677 4174 descendere
725 4128 942 4188 potest;
981 4120 1128 4173 nulla
1179 4136 1266 4174 res
1290 4129 1503 4175 terrena
1529 4131 1708 4177 tecum
1741 4134 1918 4194 potest

331 4213 390 4266 in
420 4211 895 4280 comparationem
926 4211 1133 4264 venire.
1169 4211 1376 4266 Durum
1413 4213 1647 4275 emollis,
1698 4217 1916 4270 mollem

332 4304 567 4358 induras
594 4320 608 4367 ;
637 4303 878 4370 linguam
913 4310 1116 4355 mutam
1141 4302 1324 4366 solvis,
1357 4303 1644 4373 loquacem
1679 4307 1921 4374 compri-

333 4396 478 4461 mis;
505 4393 782 4447 currendo
809 4393 1078 4447 valentem
1115 4394 1328 4448 tardum
1363 4393 1554 4459 elﬁcis,
1584 4411 1648 4450 ac
1675 4395 1918 4452 vicissim

2005 575 2300 641 Λογίζεται
2326 575 2426 645 τὴν
2455 575 2764 644 συμφορὰν,
2796 577 2859 630 τὸ
2889 577 3063 641 πάθος
3091 578 3406 644 ἀναστένει,

2003 668 2112 719 Καὶ
2147 667 2440 736 μεταμέλῳ
2468 666 2567 737 τὴν
2595 666 2776 738 ψυχὴν
2803 670 3102 740 πλήττεται
3131 671 3444 743 βαρυτάτῳ.

2018 757 2306 810 Ἐντεῦθεν
2327 758 2565 828 δάκρυον
2591 763 2742 832 αὑτῴ
2782 762 2978 831 συχνὸν
3012 763 3076 814 ἐκ
3106 764 3218 816 τῶν
3249 763 3518 832 ὀμμάτων

2005 850 2114 902 Καὶ
2139 849 2436 919 στεναγμοὶ
2467 850 2789 920 βαρύστονοι
2819 853 3050 923 καρδίας
3073 854 3183 906 ἀπὸ
3205 853 3380 924 μέσης
3398 855 3464 920 ³⁸,

2005 940 2116 992 Καὶ
2144 940 2388 1006 πάταγος
2424 939 2766 1010 βαρύδουπος
2791 943 2860 995 τὰ
2883 943 3086 1011 στέρνα
3129 944 3496 1010 μωλωπίζων,

2006 1029 2329 1100 Ὀλολυγμοὶ
2371 1030 2462 1083 καὶ
2491 1030 2798 1102 βρυχηθμο“ι
2839 1034 3099 1104 καὶπρὸς
3143 1035 3278 1087 Θεὸν
3318 1036 3588 1100 ἐντεύξεις

2001 1122 2095 1191 Μὴ
2123 1123 2261 1191 πρὸς
2291 1123 2352 1173 τὸ
2378 1121 2572 1190 μέλλον
2603 1124 2701 1186 τὰς
2731 1123 2922 1188 ποινὰς
2943 1125 3092 1196 αύτῷ
3125 1125 3585 1197 θησαυρισθῆναι,

2017 1213 2284 1266 Ἐνταῦθα
2317 1213 2372 1266 δὲ
2395 1214 2492 1266 τοῦ
2523 1215 2870 1286 πταίσματος
2895 1218 2940 1249 ³⁸
2981 1216 3080 1280 τὰς
3132 1217 3291 1278 δίκας
3322 1220 3592 1289 εἰσπραχ-

2231 1319 2236 1324 ·
3379 1307 3587 1379 [θῆναι.

2002 1395 2335 1464 Κάμπτεται
2360 1398 2618 1461 τούτοιςὸ
2651 1397 2786 1460 Θεὸς
2815 1401 2928 1460 τοῖς
2962 1399 3136 1466 γόοις,
3173 1398 3484 1465 ὲπικλᾶται,

2003 1488 2280 1558 Οίκτείρει
2313 1487 2667 1559 λιταζόμενον
2694 1490 2951 1560 ἐκθύμως
2983 1492 3076 1543 τὸν
3106 1491 3435 1560 κρατοῦντα,

2003 1582 2113 1633 Καὶ
2142 1582 2280 1651 πρὸς
2310 1583 2410 1651 τὴν
2431 1583 2650 1649 αἴτησιν
2680 1580 2848 1634 αὑτοῦ
2889 1583 3104 1652 ταχέως
3137 1582 3404 1648 ἐπινεύει,

2004 1673 2108 1724 Σὺν
2138 1672 2464 1742 ἀναρίθμοις
2485 1673 2542 1724 δὲ
2575 1675 2826 1741 στρατοῖς
2857 1674 3154 1726 ὀπτάνεται
3181 1673 3304 1725 κατ’
3328 1672 3486 1742 ὄναρ,

2005 1763 2115 1815 Καὶ
2144 1763 2222 1832 τῷ
2241 1764 2406 1834 Φωκᾷ
2436 1763 2511 1833 τῷ
2539 1763 2748 1832 φονικῷ
2789 1763 3001 1816 κελεύει
3035 1763 3396 1834 παραδοῦναι.

1929 1831 1976 1892 Β
2003 1850 2113 1907 Ἦν
2141 1831 2338 1922 ταῦτα,
2363 1831 2458 1908 καί
2484 1831 2623 1924 μετά
2671 1831 2868 1925 μικρὸν
2897 1854 3004 1908 ἀπὸ
3025 1831 3128 1908 τοῦ.
3155 1855 3526 1925 στρατοπέδου

2019 1946 2076 1998 '0
2109 1947 2366 2010 κάκιστος
2391 1947 2678 2016 ἐφίσταται
2708 1948 3024 2010 Φωκᾶςτοῖς
3057 1947 3350 2015 βασιλείοις
3371 1948 3439 2015 ³⁸,

2020 2037 2239 2113 Ἐιξαιτη
2251 2038 2476 2108 σόμενός
2497 2039 2540 2070 ³⁷
2573 2055 2694 2092 τινα
2714 2038 2867 2108 παρὰ
2890 2038 2984 2091 τοῦ
3011 2037 3279 2108 βασιλέως
3299 2053 3313 2068 ·

2007 2130 2120 2181 Καὶ
2151 2129 2474 2200 μαστιχθεὶς
2507 2129 2603 2182 καὶ
2633 2129 2886 2199 διωχθεὶς
2920 2131 3004 2198 ἐφ’
3049 2125 3131 2191 οἷς
3171 2129 3518 2200 άπεφλυάρει

2020 2219 2498 2290 Ἀνθυποστρέφει,
2539 2222 2790 2290 φαίνεται
2820 2222 3141 2294 λοχάρχαις,
3177 2221 3598 2293 φαλαγγάρχαις

2012 2311 2195 2364 Πνέων
2237 2311 2434 2381 μανίας
2468 2313 2560 2364 καὶ
2598 2311 2795 2382 θυμοῦ,
2845 2315 2941 2366 καὶ
2967 2313 3159 2379 λόγους
3187 2313 3492 2366 ἀποπτύων

2005 2401 2349 2471 Φληνάφους,
2377 2403 2810 2472 ἀποπέμποντας
2840 2405 3018 2475 ὀσμὴν
3054 2405 3414 2469 ἀπαιδευσίας
3441 2405 3513 2471 ⁸⁸,

2009 2492 2120 2544 Καὶ
2155 2493 2361 2546 λύσσαν
2393 2495 2756 2564 ὲρευγόμενος
2788 2495 2950 2559 κυνὸς
2983 2497 3367 2568 ὑλακομώρου.

2007 2584 2328 2638 Δεινοπαθεί
2357 2583 2416 2638 τὸ
2452 2586 2770 2656 στράτευμα
2798 2587 3038 2658 ψευσθὲν
3066 2589 3177 2642 τῶν
3209 2589 3596 2659 ὴλπισμένων,

3274 2678 3428 2735 Vers.
3457 2679 3602 2736 5593

2083 2838 2381 2892 Enimvero
2413 2837 2481 2892 de
2515 2838 2620 2893 hoc
2647 2838 2802 2894 satis.
2853 2839 2995 2906 Quid
3024 2840 3288 2911 deinceps
3325 2844 3601 2897 subsecu-

2011 2939 2126 2984 tum
2158 2932 2181 2983 ?
2209 2931 2514 2998 Imperator
2545 2931 2610 2985 de
2645 2931 2928 2987 immensis
2962 2934 3070 2988 illis
3102 2935 3388 2988 hominum
3429 2936 3597 2990 caedi—

2007 3022 2115 3076 bus
2151 3021 2460 3092 cognoscit,
2492 3023 2779 3076 avaritiam
2819 3024 2934 3093 ipse
2963 3040 3118 3078 suam
3167 3025 3411 3092 damnat,
3448 3027 3599 3080 cala-

2012 3114 2256 3168 mitatem
2293 3124 2575 3184 acceptam
2619 3116 2904 3183 expendit,
2941 3117 3218 3170 miseriam
3262 3125 3466 3171 tantam
3505 3117 3604 3173 de-

2013 3206 2226 3274 plorat;
2261 3206 2478 3263 animus
2505 3206 2850 3274 paenitudine
2894 3209 3216 3278 gravissima
3256 3209 3598 3278 percellitur.

2017 3308 2156 3363 Hinc
2184 3309 2392 3362 crebra;
2426 3309 2478 3361 in
2512 3309 2688 3364 oculis
2717 3310 2990 3381 lacrymae,
3029 3314 3264 3382 gemitus
3295 3328 3361 3367 ex
3405 3312 3602 3367 intimo

2015 3401 2182 3455 corde
2210 3401 2362 3454 ducti
2391 3441 2406 3463 ,
2444 3416 2638 3470 graves
2691 3411 2745 3455 et
2796 3418 2921 3456 cum
2969 3405 3245 3460 vibicibus
3298 3406 3606 3474 conjuncta:

2014 3492 2254 3561 pectoris
2282 3493 2711 3557 verberationes,
2753 3494 3018 3558 ululatus,
3055 3499 3290 3566 rugitus,
3321 3497 3389 3550 ad
3430 3498 3604 3551 Deum

2017 3582 2473 3652 supplicationes,
2506 3599 2574 3637 ne
2608 3584 2675 3637 ad
2733 3586 2899 3638 vitam
2957 3597 3271 3641 secuturam
3326 3589 3601 3657 supplicia

2016 3673 2357 3735 cumularet,
2401 3673 2496 3727 sed
2547 3674 2639 3727 hic
2701 3675 2887 3744 lapsus
2943 3677 3028 3730 sui
3084 3694 3275 3746 poenas
3335 3681 3602 3748 exigeret.

2019 3764 2182 3818 Hisce
2232 3764 2492 3817 lamentis
2539 3765 2686 3819 Deus
2735 3765 2976 3837 ﬂectitur
3011 3807 3027 3832 ,
3078 3769 3432 3838 imperatoris
3490 3779 3606 3825 toto

2018 3865 2242 3924 pectore
2274 3855 2634 3924 supplicantis
2669 3858 3149 3913 commiseratione
3180 3859 3441 3929 tangitur,
3481 3877 3607 3929 pre-

2019 3947 2181 4000 cibus
2213 3947 2388 4015 ipsibs
2418 3947 2634 4000 annuit.
2685 3948 2789 4002 Sed
2822 3957 3004 4002 tamen
3050 3949 3194 4003 inter
3223 3950 3606 4004 innumerabi-

2018 4037 2099 4092 les
2133 4037 2322 4106 copias
2387 4038 2652 4092 Mauricio
2701 4053 2758 4093 se
2803 4055 2902 4108 per
2941 4040 3183 4109 quietem
3242 4041 3606 4109 spectandum

2021 4128 2269 4193 exhibet,
2303 4144 2540 4198 eumque
2591 4132 2944 4200 sanguinario
2998 4133 3195 4186 Phocae
3243 4132 3384 4186 tradi
3425 4133 3607 4202 jubet.

2021 4220 2142 4273 Non
2176 4235 2374 4290 magno
2403 4223 2667 4290 temporis
2696 4223 2983 4294 interjecto
3033 4225 3212 4293 spatio
3240 4225 3610 4279 sceleratissi-

2023 4323 2147 4362 mus
2169 4308 2259 4363 ille
2287 4309 2498 4364 Phocas
2521 4326 2551 4366 e
2578 4313 2773 4366 castris
2804 4313 3047 4376 advenit,
3068 4314 3317 4382 quaedam
3338 4314 3407 4368 ab
3437 4316 3612 4384 impc-

2023 4407 2209 4453 ratore
2269 4401 2748 4457 commilitonibus
2821 4405 2937 4459 suis
3010 4417 3292 4462 exoratus.
3361 4407 3610 4478 Cumque

333 4487 404 4541 de
433 4485 596 4539 tardo
640 4485 939 4540 volucrem.
988 4484 1169 4539 Corda
1203 4485 1510 4541 inﬂammas
1543 4496 1600 4541 et
1638 4488 1918 4557 voluptate
1948 4502 1999 4561 ι)
2024 4488 2209 4559 ﬂagris
2239 4506 2412 4545 cassus
2431 4501 2488 4546 et
2516 4494 2723 4563 ejectus
2745 4511 2775 4550 e
2807 4497 2960 4566 regia
2995 4498 3136 4552 foret
3167 4499 3238 4554 ob
3267 4515 3330 4553 ea
3359 4516 3482 4568 qua:
3510 4501 3613 4553 im-

333 4577 574 4647 qnadam
607 4575 910 4634 demulces.
950 4590 1145 4630 sensus
1179 4575 1457 4632 illecebris
1505 4577 1919 4637 inevitabilibus

333 4684 435 4723 ceu
489 4666 1142 4737 prestigiisjquibusdam
1180 4676 1460 4734 excantas,
1518 4684 1642 4723 cum
1697 4671 1916 4725 interim

334 4770 603 4815 venustas
639 4759 728 4812 illa
755 4769 849 4812 tua
881 4774 989 4812 non
1043 4759 1224 4813 minus
1258 4775 1472 4814 veneno
1507 4777 1608 4816 suo
1642 4778 1803 4831 quam
1836 4763 1919 4816 vi-

334 4870 468 4922 pera
496 4861 717 4906 noceat.
746 4850 918 4920 Leges
943 4859 1000 4905 et
1037 4852 1157 4920 jura
1184 4853 1488 4920 proculcas,
1521 4853 1912 4908 verecundiam

334 4955 390 4998 et
419 4943 694 5014 pudorem
729 4940 924 5010 abigis,
959 4940 1211 5010 sepulcra
1242 4943 1434 5008 violas,
1465 4942 1703 5012 parietes
1731 4943 1916 5014 perfo-

339 5051 451 5100 ras,
482 5033 623 5088 nihil
661 5047 768 5085 non
801 5031 971 5085 habes
997 5031 1212 5095 venale,
1245 5031 1385 5086 nihil
1410 5048 1519 5086 non
1551 5033 1763 5102 prodis.
1821 5034 1920 5087 Ni-

346 5127 544 5180 mirum
569 5123 823 5178 frivolum
863 5121 1121 5192 quiddam
1153 5131 1238 5176 est
1263 5137 1326 5177 ac
1355 5124 1540 5178 fabula
1563 5140 1736 5191 mera,
1760 5122 1924 5195 vulgo

341 5216 492 5286 quod
533 5214 760 5277 dicitur,
788 5212 1132 5267 adamantem
1162 5214 1338 5267 solum
1389 5216 1654 5285 sanguine
1695 5215 1922 5270 molliri.

343 5309 484 5376 Quid
513 5307 664 5364 enim
699 5321 822 5362 esse
855 5314 905 5361 te
939 5306 1111 5375 possit
1137 5305 1434 5370 efﬁcacius,
1465 5307 1628 5360 etiam
1678 5307 1733 5361 in
1774 5307 1920 5362 saxis

346 5399 697 5457 emolliendis
718 5398 742 5452 ’ί

2028 4589 2264 4650 portune
2295 4581 2712 4648 deblaterassct,
2751 4585 2806 4639 in
2841 4597 3016 4642 castra
3052 4589 3371 4653 revertitur,
3405 4590 3608 4644 cohor-

2029 4671 2164 4725 tium
2193 4671 2639 4743 phalangumque
2675 4675 2936 4731 ductores
2977 4678 3113 4741 adit,
3146 4694 3352 4732 meram
3391 4679 3610 4746 spirans

2026 4761 2320 4825 insaniam,
2345 4763 2506 4830 plena
2525 4747 2824 4817 iracundiae
2852 4765 3019 4819 verba
3053 4781 3347 4834 cxspuens,
3375 4781 3610 4834 quaeque

2024 4868 2233 4907 meram
2262 4853 2620 4909 stoliditatem
2659 4864 2716 4908 et
2768 4856 3096 4924 imperitiam
3143 4856 3481 4916 redolerent,
3520 4857 3608 4910 la-

2024 4945 2228 4999 trantis
2275 4945 2514 5015 denique
2565 4946 2717 4999 canis
2767 4946 2820 4999 in
2881 4963 3090 5000 morem
3123 4949 3198 5001 nil
3251 4949 3358 5004 nisi
3400 4949 3612 5006 rabiem

2032 5043 2312 5089 eructans.
2371 5035 2512 5100 Quin
2547 5035 2711 5088 etiam
2745 5035 3023 5090 miseriam
3067 5039 3348 5094 exercitus
3376 5041 3616 5111 ampliﬁ-

2035 5133 2144 5186 cat,
2172 5141 2268 5194 spe
2298 5140 2395 5178 sua
2433 5124 2706 5178 frustrati.
2745 5125 3092 5196 Quapropter
3127 5128 3182 5182 in
3234 5146 3404 5183 unum
3439 5135 3618 5188 coacti

2035 5215 2321 5283 copiarum
2370 5223 2427 5268 et
2477 5213 2887 5282 provinciarum
2929 5215 3099 5271 duces
3146 5219 3416 5274 furiosum
3469 5221 3619 5281 hunc

2033 5309 2336 5366 Cerberum
2363 5309 2521 5379 (proh
2545 5310 2556 5359 !
2582 5309 2808 5379 impium
2839 5309 3075 5380 facinus)
3109 5312 3494 5382 imperatorem
3523 5315 3620 5372 de-

2036 5400 2263 5464 clarant,
2295 5400 2652 5466 sceleratum,
2668 5400 2917 5471 inquam,
2937 5403 3234 5472 latronem,
3257 5405 3614 5470 iracundum.

1699 5536 1898 5598 Varia)
1927 5535 2260 5600 lectiones.

413 5669 457 5700 ³⁸
479 5663 945 5736 κατασωρεύσαςΑ
978 5663 1046 5727 Β,
1121 5662 1591 5736 ὲγκαᾼταστριίνιίαςΔ
1645 5661 1712 5716 Β.

347 5737 386 5777 υ
407 5732 723 5800 άπαλύνεις
757 5734 826 5787 ιι.
907 5732 950 5765 ³³
984 5733 1334 5804 μικρολογίας
1370 5732 1434 5785 R.
1513 5733 1640 5804 "ﬁt:

342 5812 446 5875 τοῖς
474 5806 860 5866 στρατιώταις
883 5807 946 5856 Α.
986 5801 996 5804 ⁷
1023 5804 1067 5835 ³⁷
1097 5803 1525 5872 ἐξαιτησάμενος
1562 5801 1627 5855 Β.

1788 5663 1832 5694 ³⁸
1861 5665 2178 5726 κακοποιεῖς
2229 5667 2293 5717 Α.

1694 5733 1881 5805 μέσης,
1921 5734 2020 5802 τῆς
2042 5733 2282 5805 ,καρδέας
2329 5731 2394 5791 R-

1707 5803 1752 5834 ³⁸
1787 5801 1896 5857 ἀπὸ
1927 5801 2152 5871 καρδίας
2182 5801 2247 5858 Β.

2372 5663 2416 5696 ³⁰
2449 5665 2851 5751 ἀντισφαιρίζει

3045 5669 3088 5700 ³¹
3117 5665 3465 5738 μαλθάσσε-ιςλ
3497 5662 3588 5738 ΚΒ
3600 5704 3616 5719 .

2486 5735 2529 5770 ³⁸
2563 5735 2852 5808 πτώματος
2900 5739 2966 5793 Δ.

3040 5739 3086 5770 ³⁵
3111 5732 3211 5807 τὴν
3265 5734 3508 5803 βασιλίδα
3548 5732 3586 5772 κ
