4072 6422
542 360 649 421 359

1706 355 2218 417 CONSTANTINI
2260 356 2419 417 MAN
2433 356 2642 417 ASSIS

3687 355 3798 418 360

544 471 786 541 Χοσρόου
804 473 914 534 τοῖς
937 468 1339 541 στρατεύμασιν
1366 467 1528 537 (ὑπὲρ
1552 469 1660 539 γάρ
1684 470 1909 538 ψάμμον
1930 463 2115 538 ἦσαν),
2148 475 2192 529 Α
2224 469 2333 520 Kal
2354 467 2768 539 προσϐαλόντων
2786 468 3069 538 φρικωδῶς
3092 467 3342 537 ἀλλήλοις
3369 465 3477 520 τῶν
3498 465 3798 536 ταγμάτων

546 563 866 617 Βουλεύεταί
893 579 944 615 τι
970 562 1261 630 δραστικὸν
1302 561 1393 613 καὶ
1428 559 1635 630 πλῆρες
1669 560 1972 629 ἀγχινοίας.

548 661 627 730 Τῇ
666 659 817 728 Κόρῃ
853 659 919 725 τῇ
950 655 1205 709 Θεόπαιδι
1234 656 1334 726 τὴν
1367 653 1521 706 πόλιν
1548 652 1830 722 ἐπιτρέπει

549 751 656 803 Kal
678 749 769 800 τὸν
799 747 913 799 υἱὸν
942 748 1037 800 καὶ
1063 747 1154 799 τὸν
1184 746 1336 811 λαὸν,
1362 746 1523 807 αὐτὸς
1556 744 1600 797 δ’
1634 741 1882 797 ἐντεῦθεν
1909 742 2049 812 ἄρας

547 843 658 895 Kal.
689 839 1080 908 συλλεξάμενος
1112 838 1347 908 στρατόν
1374 839 1439 891 ἐκ
1462 836 1564 905 γῆς
1601 836 1711 889 ἀπὸ
1748 835 2045 904 Θαλάσσης,

545 931 750 993 Ψιλοὺς
784 928 1040 991 ἐνόπλους
1081 929 1359 992 ἱππαστάς
1382 930 1428 960 ⁸⁸
1469 927 1695 990 ὁπλίτας
1724 928 2120 995 σακεσφόρους,

547 1022 641 1085 Εἰς
672 1020 777 1090 γῆν
817 1019 1089 1073 εἰσϐάλλει
1128 1017 1425 1090 Περσικὴν,
1457 1017 1793 1088 προσϐάλλει
1814 1019 1917 1085 ,καὶ
1950 1033 2120 1086 φρου-

1879 1106 2043 1179 [ρίοις

548 1202 1000 1272 Καρτεροτείχοις
1032 1202 1294 1271 ἐρυμνοῖς
1323 1200 1621 1270 εὐπύργοις
1657 1198 2120 1269 περῤοπύργοις,

546 1294 760 1364 Φθείρει
792 1292 984 1362 πορθεῖ
1011 1291 1265 1360 λεηλατεῖ
1294 1292 1477 1343 πᾶσαν
1505 1291 1604 1360 τὴν
1636 1290 1743 1342 ὑπὸ
1777 1288 2014 1357 Πέρσας,

554 1385 728 1450 Ἀγαν
759 1384 939 1451 σοφῶς
960 1382 1298 1452 τεχνώμενος
1325 1380 1617 1451 μεθέλκειν
1648 1380 1983 1443 Βυζαντόθεν

553 1472 867 1525 Κάντεῦθεν
899 1472 1301 1543 ἀντιπερισπᾷν
1338 1473 1582 1542 Χοσρόου
1616 1470 1714 1533 τὰς
1738 1469 2012 1538 δυνάμεις.

554 1563 766 1614 Πόλεων
794 1561 925 1629 γοῦν
960 1563 1066 1614 τῶν
1098 1561 1387 1632 Περσικῶν
1413 1562 1692 1632 ἐκείροντο
1726 1561 1791 1613 τὰ
1819 1560 2015 1631 κάλλη,

562 1654 744 1723 ’Δγροὶ
776 1654 949 1724 τορὸς
982 1653 1222 1719 ἐγίνοντο
1243 1654 1288 1692 ⁸⁷
1319 1652 1538 1723 δαπάνη
1568 1650 1891 1717 πολυξύλου,

564 1743 1041 1810 Ὶινδραποδίζοντο
1067 1743 1281 1813 πικρῶς
1313 1743 1645 1813 ὑπέρακμοι,
1673 1742 1979 1813 πρωθῆϐαι,

551 1835 809 1894 Γυναῖκες
836 1833 1268 1902 καλλιπλόκαμοι
1291 1875 1305 1899 ,
1339 1834 1596 1904 κορίσκαι
1617 1872 1632 1897 ,
1661 1834 1927 1905 γηραλέαι
1945 1876 1960 1899 ,

550 1923 659 1974 Καὶ
691 1922 877 1983 παῖδες
907 1921 1242 1987 ὑπαγκάλιοι
1262 1962 1277 1985 ,
1317 1923 1713 1989 γαλακτοφάγα
1745 1922 1945 1992 βρέφη.

551 2012 798 2065 Ἐλούετο
826 2015 939 2072 τοῖς
961 2012 1190 2081 αἵμασιν
1214 2016 1246 2083 ἡ
1273 2013 1381 2065 τῶν
1422 2014 1712 2085 Ῥωμαίων
1738 2013 1944 2082 σπάθη,

560 2100 897 2169 ἸΙρπάζοντο
928 2101 1269 2174 βοσκήματα,
1311 2104 1547 2177 μητέρες
1573 2104 1918 2175 ήτεκνοῠντο,

549 2193 660 2244 Καὶ
688 2194 872 2255 στόνος
903 2193 1285 2263 κατελάμϐανε
1315 2194 1414 2265 τὴν
1446 2195 1720 2266 Περσικὴν
1751 2199 1847 2251 καὶ
1888 2201 2046 2267 γόος·

552 2284 738 2355 Πτηνὴ
763 2284 870 2354 γὰρ
896 2283 1227 2353 ἐκδικήσεως
1253 2286 1515 2356 ἐπέτρεχε
1544 2288 1809 2357 ῥομφαία.

554 2377 663 2427 Καὶ
691 2377 871 2438 πάσας
902 2375 1266 2429 κατεϐόσκετο
1287 2376 1330 2408 ⁸⁸
1361 2377 1541 2447 σπάθη
1575 2378 1749 2449 θυμοῦ
1786 2382 1886 2446 τάς
1918 2383 2124 2449 πόλεις.

554 2466 767 2519 Ἀκούει
803 2464 954 2519 ταῦθ’
987 2468 1015 2517 ό
1046 2465 1301 2536 βασιλεὺς
1337 2467 1561 2536 Περσῶν
1592 2470 1619 2520 ὁ
1654 2472 1981 2539 φρυακτίας,

554 2558 665 2611 Kal
696 2559 764 2610 τὰ
792 2558 1047 2627 γινόμενα
1072 2559 1115 2590 ⁵⁸
1144 2558 1327 2627 μαθὼν
1354 2561 1581 2629 ἀπαίρει
1611 2562 1965 2626 Βυζαντόθεν.

556 2650 770 2719 Προῆγε
800 2649 897 2717 μὲν
938 2648 1257 2717 Ἡράκλειος
1286 2653 1367 2712 εἰς
1400 2650 1571 2720 μέσην
1597 2651 1696 2721 τὴν
1726 2653 1983 2723 Περσίδα,

566 2741 625 2790 ὐ
653 2738 708 2791 δὲ
741 2739 1064 2808 Περσάρχης
1094 2737 1229 2808 πρὸς
1260 2739 1421 2792 αὐτὸν
1447 2740 1675 2809 ἧλαυνεν
1703 2740 2053 2807 ὀπισθόπους.

558 2829 667 2883 Καὶ
699 2831 1001 2900 γενομένης
1033 2831 1124 2883 ὑπ’
1159 2832 1363 2900 ἀμφοῖν
1397 2832 1814 2903 καρτερομάχου
1844 2833 2022 2904 μάχης

2222 559 2424 630 Νεκροί
2453 560 2552 629 μὲν
2582 558 2922 630 ἑκατέρωθεν
2953 561 3204 628 ἐγένοντο
3224 559 3269 590 ⁷⁵
3299 558 3523 628 μυρίοι,

2223 647 2367 718 Πλὴν
2398 649 2547 719 ὅμως
2583 650 2966 720 καθυπέρτερα
2995 651 3064 704 τὰ
3087 650 3197 704 τῶν
3243 646 3531 718 Ῥωμαίων
3559 643 3723 718 ἦσαν.

2226 740 2457 809 Ἐϐλεψε
2486 741 2607 793 τότε
2635 742 2729 794 καὶ
2759 742 2960 811 Περσὶς
2990 743 3056 795 ἐκ
3093 739 3392 804 Βυζαντίου
3422 741 3640 811 σπάθην

2221 830 2545 901 Θεριστικὴν
2574 831 2918 901 ἀμφίστομον
2938 832 2981 863 ⁷⁸
3000 872 3015 895 ,
3049 830 3324 902 δρεπάνην
3350 832 3659 901 πετομένην

2224 923 2334 975 Kal
2363 923 2546 986 πόλεις
2565 923 2932 990 ἀφανίζουσαν
2964 926 3054 975 καὶ
3079 923 3207 984 τοὺς
3232 922 3441 991 ἀγροὺς
3464 922 3800 994 πορθοῦσαν.

2224 1012 2334 1065 Kal
2364 1013 2524 1066 πάλιν
2550 1012 2679 1067 ἄλλο
2706 1014 2925 1065 συνετὸν
2949 1013 2978 1066 ὁ
3005 1012 3258 1082 βασιλεὺς
3288 1015 3543 1083 τεχνᾶται
3563 1030 3579 1045 ·

2221 1096 2330 1154 ἿΙν
2346 1102 2454 1172 γὰρ
2479 1100 2955 1172 ἐμπειροπόλεμος
2982 1101 3317 1172 εὐμήχανος,
3354 1102 3727 1175 στρατάρχης.

2223 1192 2434 1262 Μικρὸν
2465 1192 2889 1263 ὑπολειπόμενος
2919 1192 3010 1246 τὸν
3037 1194 3235 1264 δρόμον
3267 1192 3561 1262 ὑποτέμνει
3580 1231 3598 1257 ,

2224 1284 2333 1336 Καὶ
2363 1283 2632 1351 Περσικοῦ
2678 1284 3091 1361 στρατεύματος
3125 1284 3224 1338 σὺν
3251 1285 3367 1355 ἅμα
3401 1284 3479 1355 τῷ
3510 1284 3730 1356 Χοσρόῃ

2235 1374 2709 1445 ’Υπερδραμόντος
2732 1377 2826 1428 καὶ
2850 1377 3083 1446 στρατὸν
3119 1374 3406 1443 Ῥωμαίων
3437 1375 3808 1446 παρελθόντος

2223 1468 2396 1529 Αὐτός
2426 1467 2655 1530 ἐκείνοις
2684 1466 2980 1536 φεύγουσιν
3005 1466 3194 1519 εἵπετο
3232 1467 3374 1520 κατὰ
3407 1465 3579 1521 νώτου
3604 1505 3620 1530 ,

2225 1558 2337 1611 Kal.
2366 1557 2628 1628 μυριάκις
2659 1557 3004 1628 συμπλακεὶς
3037 1557 3394 1621 άντενωπίοις
3428 1558 3634 1628 μάχαις

2224 1650 2337 1702 Καὶ
2359 1653 2469 1713 τοῖς
2497 1650 2674 1712 ὀστοῖς
2703 1653 2816 1714 τοῖς
2844 1652 2953 1704 τῶν
2985 1649 3213 1720 Περσῶν
3241 1651 3312 1702 τά
3343 1648 3471 1720 ξίφη
3498 1649 3811 1719 διαθρύψας

2225 1738 2330 1790 Τὸν
2357 1737 2640 1808 Βάρϐαρον
2662 1739 2762 1791 οὐκ
2785 1736 2946 1809 εληγε
2967 1740 3013 1770 τ’
3032 1737 3246 1791 διώκων
3272 1738 3364 1790 καὶ
3390 1753 3451 1789 συ
3460 1736 3732 1806 μπνίγων,

2151 1798 2199 1858 Β
2230 1832 2373 1895 Ἕως
2389 1798 2561 1886 aito-Ti
2572 1832 2633 1885 τό
2653 1798 2954 1902 προηινές
2972 1833 3067 1886 καὶ
3081 1832 3189 1884 τῶν
3208 1832 3434 1902 Περσῶν
3449 1798 3499 1886 οἱ
3519 1798 3814 1904 κρείττους

2226 1923 2337 1975 Kal.
2360 1924 2467 1977 πᾶν
2495 1922 2661 1977 αὐτοῦ
2686 1924 2746 1976 ea
2780 1924 2956 1993 φίλιον
2983 1926 3078 1978 καὶ⁸
3101 1927 3304 1988 πάντες
3336 1924 3727 1995 φαλαγγάρχαι

2228 2014 2340 2066 Kal
2371 2016 2499 2076 παῖς
2524 2015 2690 2067 αὑτοῦ
2711 2015 2758 2046 ⁷³
2790 2016 3184 2087 πρωτόσπορος
3214 2016 3568 2086 πρωτόφυτος
3596 2015 3815 2085 Σιρόεις

2229 2103 2330 2156 Τὸν
2361 2104 2531 2175 ἐναγῆ
2564 2105 2657 2159 καὶ
2690 2104 2949 2176 βδελυρὸν
2975 2106 3225 2176 Χοσρόην
3257 2105 3627 2175 μυσαχθέντις

2229 2194 2425 2263 Δεσμῷ
2448 2196 2661 2266 στερρῷ
2689 2196 3054 2265 συσφίγγουσι
3080 2197 3408 2267 πολυχανδές
3432 2197 3479 2228 ’⁵
3507 2195 3584 2260 ὡς
3614 2194 3812 2267 κῆτος,

2243 2285 2329 2347 Ὦς
2354 2286 2545 2339 λέοντα
2577 2286 2926 2357 βαρύθυμον,
2963 2288 3040 2350 ὠς
3072 2287 3337 2358 πάρδαλιν
3367 2289 3568 2359 ἀγρίαν
3587 2328 3605 2356 ,

2228 2378 2340 2429 Kal
2367 2377 2444 2447 τῷ
2471 2375 2616 2446 λιμῷ
2641 2378 2893 2441 πιέζουσι
2926 2379 3023 2432 καὶ
3047 2379 3200 2442 τέλος
3230 2379 3576 2434 θανατοῦσιν.

2242 2463 2331 2517 Ἐν
2360 2465 2646 2536 ἑξαμέτρῳ
2672 2465 2960 2535 τοιγαροῦν
2989 2468 3143 2537 ἡλίου
3179 2469 3498 2539 περιδρόμῳ

2230 2555 2341 2626 Τὴν
2372 2557 2645 2627 Περσικὴν
2677 2558 2769 2610 καὶ
2808 2558 3059 2627 Μηδικὴν
3104 2558 3427 2627 Ἡράκλειος
3473 2560 3738 2633 ἐκτρίψας
3760 2559 3819 2594 ⁷³

2230 2648 2553 2711 Καλλίνικος
2581 2647 2869 2713 ἀνέζευξεν
2897 2649 2989 2702 ἐπὶ
3018 2649 3117 2718 τὴν
3143 2649 3393 2720 βασιλίδα
3414 2653 3482 2706 ⁷⁸.

2229 2739 2342 2793 Kal.
2368 2738 2541 2792 ταῦτα
2574 2738 2673 2809 μὲν
2702 2740 2969 2802 ἐνιαυτοῖς
2994 2739 3278 2810 ἀπέϐησαν
3310 2741 3554 2811 ὑστέροις
3576 2755 3595 2774 ·

2229 2830 2372 2886 Ἀλλ’
2404 2832 2484 2885 ἔτι
2511 2829 2879 2902 διατρίϐοντος
2903 2831 2961 2883 ἐν
2988 2829 3228 2901 Πέρσαις
3274 2829 3595 2902 Ἡρακλείου
3612 2868 3630 2899 ,

3474 2977 3634 3035 Vers.
3660 2979 3815 3038 3739

555 3125 664 3164 reae
688 3109 924 3180 phalerze
949 3109 1338 3181 contegebant.
1372 3109 1508 3165 Cum
1546 3126 1679 3182 ergo
1708 3110 1923 3168 videret
1953 3111 2127 3184 impeo
2155 3126 2199 3191 ρ
2233 3108 2875 3165 sectabaturmersamm
2929 3105 3190 3178 tnineeps
3218 3120 3233 3173 ;
3281 3118 3522 3176 cumque
3547 3102 3811 3176 praelium

557 3210 706 3253 rator
739 3199 857 3253 fieri
886 3201 1038 3253 nullo
1070 3200 1233 3253 modo
1259 3216 1416 3269 posse
1459 3212 1513 3255 ut
1544 3204 1789 3272 praelium
1821 3220 1946 3258 cum
1975 3219 2132 3258 exer-

555 3292 762 3345 citibus
789 3289 1052 3346 Chosrois
1102 3291 1567 3358 committeretur,
1619 3296 1712 3364 qui
1765 3304 1977 3350 tantum
2020 3312 2131 3350 non

560 3397 782 3436 arenam
816 3382 1171 3437 multitudine
1206 3384 1562 3453 superabant,
1612 3386 1905 3442 consilium
1941 3386 2132 3442 ellicax

559 3481 618 3526 ct
651 3473 964 3543 sagacitatis
997 3474 1217 3542 plenum
1281 3477 1446 3545 capit.
1506 3476 1715 3547 Virgini
1755 3478 1978 3547 quidem
2035 3477 2131 3534 Dei

563 3564 717 3619 Matri
756 3565 1106 3637 Byzantinam
1132 3567 1321 3623 urbem
1344 3584 1470 3622 cum
1505 3568 1619 3625 lilio
1650 3572 1960 3641 populoque
1986 3585 2135 3625 com-

563 3656 776 3723 mittit;
834 3656 949 3739 ipse
1003 3673 1136 3714 vero
1182 3659 1252 3713 ab
1297 3658 1432 3713 urbe
1487 3659 1783 3729 profectus,
1818 3660 2134 3731 coactisque

563 3747 740 3816 c0piis
778 3759 886 3803 tam
938 3750 1073 3804 mari
1123 3766 1285 3820 quam
1313 3762 1482 3817 terra,
1510 3753 1647 3807 levis
1670 3761 1728 3806 ct
1756 3751 1938 3822 gravis
1961 3768 2134 3807 arma-

563 3845 702 3892 turae
750 3839 1043 3907 militibus,
1094 3843 1399 3912 equitibus,
1455 3842 1718 3905 statariis,
1766 3843 2017 3909 scutatis,
2066 3844 2133 3899 ad

562 3928 813 3984 Persicos
854 3929 991 3985 ﬁnes
1034 3935 1340 3999 contendit,
1381 3934 1625 3989 castellis
1671 3933 1900 3989 munitis
1946 3934 2136 4005 copias

559 4021 808 4085 adhibet,
861 4023 970 4094 76
1003 4025 1168 4079 urbes
1215 4026 1436 4089 evertit,
1483 4024 1793 4079 universam
1844 4025 2135 4080 Persarum

562 4113 826 4167 ditionem
850 4114 1063 4184 diripit,
1097 4131 1363 4185 perquam
1408 4116 1688 4185 sapienter
1714 4115 1929 4170 hostem
1962 4130 1993 4170 a
2034 4114 2139 4186 By—

560 4204 744 4257 zantio
782 4202 1031 4272 cogitans
1063 4204 1385 4259 abstrahere
1427 4215 1482 4259 et
1523 4205 1710 4275 copias
1749 4206 1867 4277 ejus
1896 4222 1925 4260 a
1957 4222 2015 4261 se
2051 4207 2137 4260 in-

563 4293 740 4348 vicem
772 4294 1051 4348 divellere.
1082 4294 1271 4365 Itaque
1304 4295 1649 4350 Persicarum
1682 4296 1903 4352 urbium
1928 4307 2139 4367 segetes

564 4380 990 4436 dentetchantur
1015 4423 1029 4448 ,
1064 4382 1189 4453 igne
1240 4384 1596 4438 vastabantur
1626 4385 1738 4454 agri
1773 4424 1788 4450 ,
1840 4386 2138 4455 peracerhe

2234 3221 2361 3262 acre
2415 3209 2770 3259 commissum
2830 3205 2976 3259 inter
3031 3216 3295 3275 utrosque
3333 3203 3497 3270 foret,
3536 3205 3813 3263 immensa

2234 3298 2456 3368 quidem
2511 3296 2771 3365 utrinque
2845 3296 3146 3350 multitudo
3216 3297 3529 3351 mortalium
3581 3297 3812 3363 cecidit,

2234 3387 2464 3443 victoria
2501 3397 2680 3439 tamen
2712 3401 2884 3454 penes
2918 3384 3192 3440 Romanos
3213 3391 3386 3442 stetit.
3405 3386 3554 3441 Vidit
3583 3386 3637 3440 id
3672 3393 3819 3440 tetu-

2237 3478 2385 3547 poris
2418 3476 2582 3530 etiam
2629 3475 2919 3529 Persarum
2961 3476 3113 3545 regio
3181 3475 3499 3547 Byzantium
3554 3474 3809 3544 gladium

2235 3567 2454 3623 secandi
2487 3582 2594 3621 non
2627 3566 2901 3636 ignarum,
2933 3565 3252 3637 ancipitem,
3288 3565 3415 3622 falci
3447 3565 3654 3622 volanti
3676 3580 3821 3622 con-

2236 3659 2493 3724 similem,
2529 3658 2696 3713 urbes
2743 3656 3078 3719 abolentem.
3110 3673 3272 3729 agros
3295 3667 3622 3713 vastantem.
3667 3657 3821 3711 Rur-

2237 3765 2331 3805 sus
2371 3750 2670 3819 impcrator
2713 3748 2864 3803 aliud
2911 3749 3172 3819 quiddam
3225 3749 3526 3820 prudenter
3559 3748 3820 3811 molitur,

2238 3839 2439 3909 quippe
2469 3839 2689 3908 gerendi
2722 3838 2852 3893 belli
2877 3839 3086 3906 peritus
3113 3852 3167 3895 et
3196 3840 3304 3895 dux
3328 3841 3610 3910 copiarum
3646 3840 3820 3897 indu-

2239 3932 2404 3987 strius
2433 3946 2497 3985 ac
2527 3930 2863 4000 ingeniosus.
2892 3931 3308 4002 Progressionis
3330 3932 3534 4001 impetu
3558 3932 3821 3987 nonnihil

2239 4025 2471 4080 remisso
2510 4041 2538 4079 a
2576 4035 2729 4095 tergo
2759 4026 3054 4090 manebat;
3086 4040 3325 4096 cumque
3358 4025 3614 4081 Persicus
3652 4040 3826 4081 exer-

2240 4113 2384 4167 citus
2431 4128 2538 4167 una
2574 4129 2698 4167 cum
2748 4113 2995 4170 Chosroe
3049 4116 3213 4184 pleno
3239 4129 3405 4170 cursu
3438 4115 3822 4170 Romanorum

2240 4204 2431 4273 copias
2481 4205 2858 4275 prteteriisset,
2912 4206 3028 4275 ipse
3067 4205 3340 4277 fugientes
3370 4220 3401 4260 a
3436 4214 3588 4276 tergo
3621 4220 3830 4261 conse-

2242 4296 2516 4360 ctabatur,
2570 4303 2628 4350 et
2683 4295 2887 4364 prteliis
2941 4295 3189 4351 adversis
3240 4296 3454 4351 hostem
3513 4297 3826 4366 saepissime

2244 4383 2472 4438 adortus
2495 4398 2798 4453 magnaque
2828 4383 3183 4440 multitudine
3221 4399 3363 4439 caesa
3398 4398 3584 4454 regem
3610 4384 3823 4439 barba-

566 4473 920 4541 rapiebantur
955 4473 1009 4527 in
1042 4474 1367 4528 servitutem
1410 4483 1569 4528 mtate
1613 4477 2005 4544 provectiorcs,
2037 4492 2135 4530 an-
2172 4474 2215 4528 D
2246 4490 2368 4529 rum
2421 4474 2679 4544 persequi
2729 4489 2794 4528 ac
2844 4489 3095 4543 premere
3127 4490 3238 4529 non
3277 4472 3585 4539 desinebat,
3641 4472 3830 4529 donec

564 4563 723 4628 cillaa,
758 4565 1021 4619 mulieres
1053 4564 1325 4629 formosae,
1367 4565 1584 4635 puellae,
1634 4564 1855 4630 vetulae,
1899 4563 2138 4621 infantes

566 4656 663 4724 qui
696 4656 841 4711 ulnis
870 4656 1229 4726 gestabantur
1276 4668 1333 4710 et
1380 4657 1563 4710 adhuc
1601 4656 1918 4721 lactehant;
1973 4659 2136 4731 gladii

568 4747 941 4800 Romanorum
973 4746 1028 4800 in
1052 4748 1316 4816 sanguine
1342 4746 2141 4817 abluebantur,diripiebantur

565 4836 826 4906 pecudes,
859 4845 1062 4891 matres
1084 4837 1277 4891 liberis
1307 4837 1648 4891 orbabantur
1670 4854 1684 4901 ;
1710 4845 1875 4892 totam
1898 4837 2139 4911 denique

566 4927 809 4981 Persiam
863 4925 1288 4980 lamentationes
1353 4935 1409 4979 et
1466 4925 1712 4994 ploratus
1771 4927 2135 4996 occupabant.

564 5018 774 5086 Quippe
803 5018 1045 5072 volucris
1078 5015 1293 5087 gladius
1323 5017 1550 5072 ultionis
1577 5017 1898 5084 advenerat,
1940 5028 1996 5074 et
2026 5020 2137 5074 ira-

566 5108 783 5162 cundus
820 5108 970 5163 ensis
1000 5108 1166 5162 urbes
1190 5108 1477 5162 universas
1505 5109 1928 5178 depascebatur.
1970 5111 2140 5166 Audit

568 5198 682 5252 base
710 5199 981 5267 superbus
1016 5199 1105 5253 ille
1136 5213 1230 5252 rex
1262 5184 1553 5255 Persarum
1581 5217 1596 5267 ;
1635 5215 1760 5255 mox
1791 5199 2137 5255 obsidionem

569 5290 813 5362 Byzantii
859 5294 1041 5348 solvit.
1093 5295 1308 5350 Interea
1342 5291 1579 5347 mediam
1624 5290 1681 5345 in
1706 5290 1988 5346 Persidem
2024 5290 2141 5345 suis

570 5396 697 5437 tum
732 5383 907 5455 copiis
933 5384 1217 5442 Heraclius
1247 5392 1521 5457 penetrat.
1579 5382 1718 5438 Eum
1759 5396 1790 5437 a
1831 5391 1983 5451 tergo
2011 5396 2142 5436 con-

2242 4565 2462 4620 tandem
2505 4568 2626 4636 ejus
2679 4566 3097 4636 consanguinei,
3155 4567 3448 4623 Persarum
3501 4567 3828 4638 optimates,

2242 4656 2406 4711 amici
2437 4656 2593 4725 regii,
2634 4656 2919 4725 copiarum
2955 4657 3125 4712 duces
3154 4657 3427 4720 universi,
3458 4670 3583 4710 cum
3610 4656 3828 4725 primo-

2241 4750 2429 4818 genito
2477 4748 2591 4802 tilio
2622 4747 2800 4812 Siroe,
2832 4746 3216 4803 detestandum
3248 4748 3404 4803 illum
3432 4755 3488 4802 et
3508 4746 3834 4801 exsecrabi-

2243 4840 2350 4894 lem
2403 4838 2709 4893 Cbosrocm
2759 4838 3064 4893 abominati
3113 4838 3168 4892 in
3217 4839 3439 4903 vincula
3483 4838 3834 4909 conjicerent

2244 4944 2344 4984 ceu
2391 4939 2575 4983 cetum
2633 4930 2924 4998 quemdam
2983 4930 3427 4999 capacissimum,
3471 4945 3571 4984 ccu
3606 4929 3832 4984 leone.u

2248 5020 2573 5075 iracundum
2602 5061 2616 5084 ,
2658 5036 2759 5075 ccn
2800 5020 3124 5089 pantheram
3157 5021 3451 5074 immanem
3482 5038 3496 5085 ;
3553 5018 3646 5073 ubi
3682 5018 3834 5074 fame

2246 5126 2472 5181 pressus
2499 5110 2718 5165 vivendi
2774 5110 2939 5164 ﬁnem
2970 5110 3121 5165 fecit.
3181 5110 3369 5179 Itaque
3402 5109 3669 5165 sexennio
3704 5119 3833 5163 tom

2246 5202 2302 5255 in
2339 5199 2727 5255 exscindendis
2762 5200 3051 5255 Persarum
3075 5199 3471 5270 Medorumque
3503 5198 3835 5270 regionibus

2245 5298 2438 5345 exacto
2468 5290 2799 5347 victoriosus
2838 5290 3139 5361 imperator
3196 5290 3521 5361 Byzantium
3567 5306 3833 5348 reversus

2246 5389 2349 5436 est.

1923 5521 2130 5584 Varia
2166 5519 2505 5583 lectiones.

639 5676 686 5709 “
718 5675 986 5740 ίππευτὰς
1024 5675 1135 5730 AR.
1212 5677 1253 5708 ⁸⁷
1282 5676 1530 5742 ἐγένοντο
1564 5675 1624 5729 Α.
1705 5674 1750 5706 ⁸³
1782 5671 2109 5724 ἐπεϐόσκετο
2138 5671 2204 5725 Β.
2279 5670 2629 5742 ⁶⁹γγενόμενα
2652 5669 2784 5742 ίιιιιτ

2896 5670 2943 5739 τε
2969 5668 3214 5739 ἐγίνοντο
3240 5666 3355 5724 RR.
3435 5669 3479 5702 τί
3509 5666 3832 5739 ἀμφίτομον

578 5751 634 5809 Δ.
713 5748 757 5781 ⁷³
796 5736 1058 5818 ἒληξεῚὶ.
1135 5747 1180 5783 ⁷⁸
1209 5736 1356 5818 αύτῷ
1393 5744 1458 5799 ll.
1537 5747 1578 5778 ⁷⁸
1617 5742 1911 5814 πολυχανές
1942 5744 2006 5796 Δ.
2083 5743 2127 5773 ⁷⁸
2160 5736 2452 5813 συντρίψας
2476 5736 2541 5795 Π.
2617 5741 2664 5773 ⁷⁸
2694 5738 2991 5804 Βυζαντίδα
3021 5736 3140 5807 ΠΒ.
