4072 6446
343 424 441 491 30

347 541 456 598 Τοῦ
486 539 544 596 δὲ
576 537 811 611 Περσῶν
841 537 1248 609 στρατεύματος
1274 536 1817 606 ἁντιπολιορκοῦντος

344 635 456 691 Kal.
479 632 763 705 χαίνοντος
791 630 835 663 ⁷⁷
869 631 1162 684 καταπιεῖν
1188 629 1289 699 τὴν
1312 628 1468 682 πόλιν
1501 629 1601 700 τὴν
1634 628 1820 683 ὀλϐίαν
1840 668 1853 690 ,

351 725 543 788 Ἄλλος
560 719 833 793 τρειχὺςτ⁸
853 720 1197 792 βαρύϐρομος
1219 721 1266 753 ’⁷⁸
1287 718 1700 790 μυριοκύμωνθο
1722 718 1928 771 κλύδων

347 813 792 885 Ἀντεπηγὲρθη,
820 810 1053 881 φοϐερὸν
1077 810 1409 882 βρυχὸμενος
1431 811 1509 874 ὡς
1535 810 1694 871 λέων,

347 908 463 962 Καὶ
495 902 860 967 κατακλύζειν
900 901 1144 954 ἀπειλῶν
1183 899 1287 968 τὴν
1318 898 1658 969 τηλικαύτην
1690 897 1925 965 σκάφην.

347 996 484 1059 ταῖς
508 994 811 1065 Περσικαῖς
827 990 936 1061 γὰρ
958 990 1223 1043 Σκυθικαὶ
1242 988 1504 1059 δυνάμεις
1523 988 1928 1059 συνδραμοῦσαι

344 1088 475 1142 Καὶ·
488 1086 770 1155 φάλαγγες
801 1081 1105 1152 ίσόψαμμοι
1133 1080 1417 1153 θηριωδῶν
1441 1080 1711 1152 Ἀϐάρων,

358 1178 451 1240 Ὠς
474 1171 827 1246 χείμαρῥοιθι
856 1171 1188 1244 βαρύδουποι
1212 1171 1311 1224 σὺν
1327 1170 1522 1240 ψόφοις
1546 1172 1925 1240 συρραγεῖσαι,

347 1265 623 1337 Καθάπερ
650 1266 730 1327 είς
767 1263 1135 1335 μισγάγκειαν
1169 1261 1216 1295 ⁸³
1244 1262 1345 1332 τὴν
1383 1262 1539 1316 πόλιν
1572 1261 1923 1332 ὲπερῤὀθουν.

347 1361 410 1413 Οἱ
439 1358 651 1429 Πέρσαι
676 1357 774 1420 τὰς
802 1354 1159 1426 παρεμϐολὰς
1188 1349 1334 1424 εἶχον
1366 1355 1732 1418 ἁντενωπίους

346 1448 485 1519 (Καὶ
520 1448 687 1518 μέχρι
720 1445 830 1516 γὰρ
861 1445 1160 1516 Δαμάλεως
1203 1445 1301 1497 καὶ
1332 1445 1442 1497 τῶν
1478 1445 1858 1517 Καλχηδονίων
1879 1448 1926 1479 ⁸³

345 1541 417 1595 Αἵ
439 1556 592 1608 σφων
614 1537 875 1608 δυνάμεις
897 1536 1125 1606 κέχυντο
1153 1535 1218 1605 βα
1228 1535 1459 1607 ρύθρουν
1479 1536 1853 1609 larinatis-at),

348 1630 594 1702 ’Ᾱϐαρες
615 1629 752 1699 πρὸς
778 1627 893 1691 τοῖς
916 1629 1152 1698 τείχεσιν
1178 1627 1477 1699 ἐφήδρευον
1503 1630 1603 1682 καὶ
1626 1629 1853 1695 Σκύθαι,

344 1722 458 1777 Καὶ
481 1721 593 1774 πᾶν
622 1718 797 1775 δεινὸν
826 1718 921 1771 καὶ
948 1719 1058 1771 πᾶν
1096 1717 1325 1786 στυγνὸν
1346 1718 1597 1787 ἐφαίνετο
1632 1721 1926 1790 προὺμμά-

1702 1808 1713 1880 1
1730 1827 1835 1861 των
1855 1808 1922 1861 ⁸⁸.

354 1898 596 1953 Ἐκεῖθεν
627 1898 749 1969 ἤχει
782 1896 1014 1969 φοϐερὸν
1041 1899 1075 1966 ἡ
1106 1898 1483 1969 Σκυθοτρὸφος
1512 1897 1747 1963 Σκύλλα,

344 1988 632 2042 Ἐντεῦθεν
657 1988 756 2057 τῆς
780 1986 1112 2057 Χαρύϐδεως
1142 1989 1388 2058 ὴνοίγετο
1414 1989 1476 2041 τὸ
1504 1991 1680 2059 στόμα
1698 2028 1713 2051 ,

343 2078 455 2132 Καὶ
490 2078 657 2149 μέσον
690 2077 1018 2147 ἐχειμάζετο
1042 2078 1142 2147 τῆς
1172 2078 1380 2142 πόλεως
1405 2079 1468 2132 τὸ
1499 2081 1728 2148 σκάφος,

344 2170 458 2223 Καὶ
488 2169 823 2239 πανταχόθεν
854 2167 1098 2234 κίνδυνος
1129 2169 1225 2224 καὶ
1257 2169 1598 2240 πανταχόθεν
1632 2171 1813 2234 σάλος.

353 2260 412 2313 Ὀ
442 2261 501 2314 δὲ
529 2261 741 2331 καιρὸς,
772 2259 846 2323 ὡς
880 2260 1023 2313 ἔοικε
1041 2300 1055 2324 ,
1090 2260 1408 2328 φιλονεικῶν
1435 2262 1465 2314 ὁ
1490 2261 1613 2314 τότε

344 2350 515 2404 ’Δλλο
541 2349 709 2421 μηδὲν
738 2351 1071 2420 παραλιπεῖν
1104 2352 1291 2419 μεῖζον
1315 2352 1487 2406 κακὸν
1514 2352 1850 2424 ἀνθρώποις,

342 2440 455 2494 Kal.
491 2442 672 2495 πᾶσαν
698 2439 1049 2510 περιταύριον
1072 2441 1119 2474 ⁸⁸
1144 2442 1370 2514 ἡγειρεν
1398 2441 1695 2512 ἐθναρχίαν
1723 2460 1736 2472 ·

344 2531 571 2601 ’Δκρίδα
607 2532 980 2602 μυριόπτερον
1009 2533 1153 2586 εἴποι
1183 2548 1269 2596 τις
1301 2531 1369 2585 ἂν
1398 2534 1693 2604 εὐστόχως.

346 2623 460 2676 Kal.
494 2626 605 2694 γάρ
633 2640 717 2676 τοι
746 2623 1168 2694 συμπηξάμενοι
1198 2624 1577 2695 θαλαττοπόρα
1605 2627 1787 2695 σκάφη

346 2714 751 2789 Ταυροσκυθῶν
779 2716 826 2770 οἱ
851 2714 1116 2788 φύλαρχοι
1146 2716 1255 2771 τῶν
1285 2718 1710 2790 ἀγριοκαρδίων,

426 2970 529 3027 Sed
580 2973 697 3029 haec
735 2974 899 3029 annis
948 2974 1309 3045 sequentibus
1368 2976 1716 3032 acciderunt.
1783 2976 1920 3033 Cum

349 3072 528 3119 autem
557 3063 841 3121 Heraclius
874 3064 1056 3121 adhuc
1082 3067 1136 3121 in
1163 3066 1353 3123 Persia
1385 3079 1848 3134 commoraretur,
1867 3086 1923 3125 et

347 3155 635 3211 Persarum
664 3155 943 3212 exercitus
974 3157 1167 3213 urbem
1205 3158 1562 3231 Byzantinam
1590 3159 1673 3216 sic
1700 3162 1922 3218 obside-

346 3256 433 3302 ret
459 3253 521 3301 ut
546 3246 601 3302 ei
623 3246 955 3304 devorandm
981 3263 1206 3319 prorsus
1238 3250 1502 3318 inhiaret,
1532 3254 1636 3310 alia
1671 3255 1921 3327 quaedam

343 3336 530 3406 gravis
584 3344 885 3409 tempestas
939 3340 1121 3397 excita
1164 3350 1272 3410 est,
1314 3358 1439 3414 qua:
1456 3352 1519 3399 et
1566 3346 1686 3415 ipsa
1724 3362 1922 3403 navem

344 3428 496 3485 illam
524 3428 987 3486 sedemersuram
1022 3432 1398 3491 minitaretur.
1451 3435 1558 3507 77
1611 3434 1828 3493 Etenim
1854 3439 1922 3495 ad

345 3520 625 3577 exercitus
653 3521 905 3578 Persicos
946 3522 1112 3579 etiam
1165 3526 1340 3596 copiae
1395 3524 1724 3598 Scytharum
1763 3545 1923 3587 acce-

343 3611 542 3668 dentes
569 3613 863 3683 arenisque
896 3628 1058 3684 pares
1099 3615 1633 3675 immanissimorum
1679 3621 1920 3677 Avarum

345 3701 672 3775 phalanges,
721 3706 1053 3763 torrentium
1085 3708 1142 3762 in
1177 3723 1394 3765 morem
1427 3711 1725 3781 eruptione
1759 3712 1923 3767 simul

345 3792 517 3862 facta,
546 3810 744 3851 versus
772 3796 991 3864 urbem,
1040 3813 1142 3854 ceu
1168 3814 1357 3854 cavam
1381 3800 1675 3870 quamdam
1703 3804 1921 3870 vallem,

345 3885 560 3957 ingenti
618 3903 748 3944 cum
798 3889 1035 3960 strepitu
1093 3890 1437 3948 ferebantur.
1507 3894 1687 3951 Persa:
1746 3905 1925 3951 castra

341 3980 702 4037 metabantur
730 3997 800 4038 ex
820 3981 1058 4039 adverso
1085 3984 1263 4051 urbis,
1291 3985 1361 4042 ad
1390 3985 1653 4043 Damalim
1674 4004 1738 4044 ac
1762 3988 1928 4046 Chal-

340 4069 617 4128 cedonem
671 4088 848 4145 usque
903 4074 1119 4132 diﬂusis
1167 4091 1361 4133 eorum
1417 4078 1770 4147 agminibus,
1805 4097 1928 4151 quae

345 4163 575 4234 quidem
619 4180 817 4221 sonum
868 4167 1205 4225 horrendum
1259 4169 1502 4226 edebant
1543 4186 1559 4225 :
1622 4171 1829 4227 Avart-s
1871 4183 1928 4228 et

1463 420 1610 480 (ἳοΜ
1622 418 1966 480 PENDIUM
2007 418 2484 480 CHRUNICUM.

1957 541 1995 594 Α
2026 533 2136 586 Kal.
2168 531 2369 603 πλῆθος
2401 528 2802 602 ἁπειράριθμον
2825 530 2936 591 τοῖς
2967 527 3233 598 σκάφεσιν
3263 509 3529 592 ἐνθέντες,

1947 3208 1995 3273 C

3499 417 3606 482 382

2029 616 2302 696 Ἐπῄεσαν
2336 623 2702 687 καλύπτοντες
2729 623 2798 676 τὰ
2828 624 2969 676 νῶτα
2999 622 3099 691 τῆς
3136 621 3410 690 θαλάσσης

2032 717 2154 775 Τοῖς
2171 718 2226 768 λε
2236 716 2480 785 μϐαδίοις
2494 719 2603 778 τοῖς
2623 719 2843 781 πυκνοῖς
2861 716 2927 779 ⁸⁸,
2948 716 3056 777 τοῖς
3073 714 3383 780 abrogant;
3402 714 3602 776 πλόοις.

2030 809 2211 870 Οὕτως
2241 808 2569 876 αίμάστιγες
2604 807 2796 860 πολλαὶ
2825 806 3155 877 μνριαχόθεν
3182 802 3324 877 ἦσαν

2029 899 2140 951 Καὶ
2173 897 2439 952 πάντοθεν
2479 898 2546 950 τὰ
2575 897 2880 966 πράγματα
2913 895 3073 949 στενὰ
3105 898 3172 967 τῇ
3208 894 3459 965 βασιλίδι.

2029 984 2135 1042 ἿΙν
2157 991 2184 1042 ὁ
2199 989 2300 1059 μὲν
2316 989 2361 1021 ⁸⁷
2394 987 2613 1059 Πέρσης
2629 987 2705 1051 ὼς
2718 989 2915 1056 πικρὸς
2938 988 3198 1057 σκορπίος
3221 987 3607 1057 κεντροφόρος,

2039 1078 2127 1143 Ὠς
2157 1081 2203 1133 δ’
2227 1079 2408 1149 ἔχιδνα
2436 1080 2795 1150 φαρμάκτρια
2812 1078 2860 1109 ⁸⁸
2885 1077 3108 1132 Σκυθῶν
3141 1077 3501 1149 θυμοτολμία,

2027 1169 2218 1242 Ἀκρλς
2246 1173 2274 1225 ὁ
2308 1170 2701 1239 Ταυροσκύθης
2726 1170 2782 1222 δὲ
2816 1169 3157 1241 πεζόπτερος
3184 1173 3521 1238 πτηνόπους.

2030 1263 2220 1325 Τόσοις
2253 1265 2444 1325 κακοῖς
2474 1261 2703 1316 ἐπάλαιε
2732 1262 2793 1313 τὸ
2821 1261 3133 1326 Βυζαντίων
3157 1263 3316 1325 ἄστυ,

2030 1350 2300 1405 Πάντοθεν
2328 1352 2374 1405 δ’
2403 1350 2470 1422 ἦν
2499 1353 2759 1421 ἀμήχανα
2796 1352 2864 1406 τὰ
2891 1353 2993 1423 τῆς
3020 1352 3363 1425 ἐπικουρίας.

2030 1442 2171 1496 Ἀλλ’
2195 1444 2571 1514 ύπερήσπιξεν
2594 1444 2760 1497 αὐτοῦ
2795 1444 3130 1516 μεγασθενὴς
3172 1446 3443 1518 βραχίων,

2028 1534 2171 1589 Ἀλλ’
2195 1531 2273 1607 ἦν
2303 1535 2630 1607 ύπέρμαχος
2653 1535 2820 1589 αὑτοῦ
2844 1537 3072 1613 παλάμη
3105 1540 3480 1611 κραταιόχειρ.

2028 1628 2141 1681 Καὶ
2169 1628 2352 1682 τοίνυν
2382 1626 2721 1697 ἐξεφύσησεν
2748 1628 2948 1697 ἄνεμος
2974 1628 3327 1699 ἀγριόπνους,

2029 1720 2139 1774 Καὶ
2165 1719 2444 1784 κλύδωνας
2472 1720 2729 1789 ἐξήγειρε
2759 1721 2855 1774 καὶ
2893 1720 3159 1791 στρόφους
3179 1722 3607 1793 πολυπρόφους,

2032 1811 2138 1864 Kal.
2172 1812 2355 1865 πᾶσαν
2401 1811 2820 1866 κατεπόντωσεν
2844 1812 2890 1844 ⁸⁵
2924 1798 3157 1865 ἄπλετον
3193 1812 3544 1884 στολαρχίαν.

1957 1882 2000 1936 Β
2034 1903 2267 1957 Ἔδυσαν
2294 1903 2373 1967 ὡς
2403 1905 2436 1973 ὴ
2468 1903 2721 1973 μόλιϐδος
2754 1906 2835 1966 είς
2862 1904 3045 1974 ἅλμην
3075 1882 3371 1959 θαλαττίαν

2029 1996 2091 2047 Οἱ
2123 1993 2339 2061 κούφως
2365 1993 2719 2056 ἐπιπλέοντες
2746 1991 3176 2062 ὑγροκελεύθους
3214 1992 3435 2061 πόρους,

2040 2087 2127 2149 Ὠς
2161 2087 2291 2157 πρὶν
2325 2085 2817 2157 σοϐαροπρόσωποι
2849 2085 2943 2137 τοῦ
2986 2082 3189 2153 Φαραὼ
3222 2085 3510 2155 τριστάται

2026 2178 2307 2232 Ἐντεῦθεν
2336 2170 2674 2248 ἐξεχύθησαν
2693 2177 2740 2209 ⁰⁰
2770 2176 2818 2229 οἱ
2846 2175 2978 2245 πρὶν
3006 2173 3377 2245 πεφοϐημένοι

2037 2268 2298 2338 Ῥωμαῖοι
2333 2268 2428 2322 καὶ
2457 2270 2569 2331 τοῖς
2611 2268 2849 2338 τείχεσιν
2883 2266 3083 2328 αὐτοὺς
3129 2265 3604 2334 συγκεκλεικότες.

2038 2360 2123 2423 Ὠς
2156 2360 2460 2424 σελευκίδες
2487 2359 2752 2431 ὤφθησαν
2783 2360 2902 2423 ταῖς
2934 2359 3243 2430 πτερωταῖς
3269 2356 3312 2390 ⁹¹
3360 2356 3603 2428 ἀκρίσιν,

2037 2451 2123 2516 Ὠς
2156 2452 2291 2515 ἴϐεις
2326 2454 2384 2506 δὲ
2418 2454 2749 2523 πτερόεσσαι
2776 2453 2823 2485 ’³
2853 2453 2959 2514 τοῖς
2990 2451 3178 2519 ὄφεσιν
3207 2448 3479 2519 ὖπῆρξαν.

2028 2545 2137 2597 Kal.
2167 2544 2325 2614 μέλος
2362 2544 2630 2598 ἐπινίκιον
2653 2542 2933 2613 ἠλάλαξαν
2965 2541 3261 2611 ὑμνοῦντες

2026 2636 2138 2688 Kal.
2165 2635 2263 2698 τὰς
2299 2634 2444 2705 ᾠδὰς
2471 2638 2537 2705 τῇ
2571 2618 2867 2707 στρατηγῷ
2896 2631 3115 2695 θύοντες
3145 2632 3533 2701 καταλλήὶῃνς.

2026 2724 2214 2788 Οὕτως
2237 2725 2297 2777 ού
2321 2725 2487 2793 γίγας
2519 2723 2754 2787 σώζεται
2780 2723 2860 2794 τῷ
2890 2723 3085 2794 πλήθει
3118 2724 3217 2792 τῆς
3256 2723 3460 2794 ἰσχύος,

3279 2867 3433 2936 Vers.
3460 2868 3603 2923 3788

2025 2982 2201 3053 pactis
2251 2980 2469 3050 scaphis
2499 2988 2557 3036 et
2580 2977 3004 3033 vinnumerabili
3031 2976 3387 3032 multitudine
3421 2977 3477 3031 in
3503 2993 3604 3032 eas

2026 3073 2302 3143 imposita,
2339 3071 2599 3127 lintribus
2628 3086 2696 3126 cx
2726 3084 2835 3124 uno
2885 3070 3036 3140 ligno
3071 3067 3229 3124 factis
3278 3067 3599 3124 universum

2027 3180 2178 3221 mare
2207 3165 2586 3235 cooperibant.
2638 3161 2753 3217 Hoc
2782 3161 2945 3219 modo
2969 3163 3141 3232 plaga:
3171 3162 3335 3217 variae
3362 3163 3432 3217 de
3468 3162 3600 3232 plu-

2029 3256 2184 3313 rimis
2218 3256 2355 3313 locis
2384 3255 2749 3322 cxsistebaut,
2779 3263 2835 3308 et
2864 3252 2936 3308 ab
2961 3252 3110 3307 omni
3151 3240 3309 3323 parte
3336 3269 3424 3309 res
3445 3254 3602 3308 urbis

2026 3346 2395 3418 imperatricis
2420 3346 2477 3400 in
2503 3353 2798 3416 angustum
2822 3342 3183 3413 cogebantur.
3222 3342 3388 3398 Persa
3419 3343 3601 3397 consi-

2026 3441 2173 3498 milis
2197 3450 2320 3497 erat
2341 3438 2609 3512 pungenti
2634 3436 2878 3508 scorpio,
2906 3433 3234 3507 Scytharum
3271 3433 3425 3489 ferox
3448 3435 3601 3490 natio

2024 3536 2314 3591 virulentae
2346 3533 2572 3604 viperae,
2634 3530 3136 3602 Tauroscytharum
3184 3527 3599 3599 geuslocustae,

2026 3639 2151 3697 quae
2184 3633 2243 3680 et
2266 3623 2433 3695 pedes
2460 3621 2666 3678 incedit
2688 3630 2746 3676 et
2776 3620 2942 3676 volat.
2967 3619 3073 3675 Tot
3092 3627 3149 3676 et
3178 3618 3376 3674 talibus
3398 3616 3600 3673 terum-

2026 3718 2115 3773 nis
2166 3715 2301 3771 urbs
2357 3712 2683 3778 laborabat,
2735 3719 2793 3765 et
2844 3709 3051 3781 inﬁbis
3132 3707 3392 3765 omnibus
3443 3709 3602 3763 malis

2026 3809 2215 3867 auxilii
2249 3806 2384 3863 nihil
2409 3803 2728 3876 apparebat.
2767 3801 2873 3858 Sed
2903 3800 3052 3856 enim
3074 3799 3455 3872 propugnabat
3478 3816 3599 3855 eam

2028 3915 2224 3956 manus
2253 3894 2652 3970 potentissima,
2703 3893 3105 3963 robustumque
3135 3890 3422 3945 brachium
3454 3890 3600 3945 illam

2028 3988 2378 4046 defendebat.
2427 3986 2619 4055 Itaque
2655 3992 2854 4039 ventus
2885 3982 3078 4052 ingens
3113 3990 3422 4037 commotus
3461 3987 3601 4034 tem-

2027 4088 2271 4152 pestates
2306 4086 2363 4133 et
2407 4076 2676 4147 aquarum
2721 4074 2959 4130 vertices
2991 4071 3287 4140 excitavit,
3324 4079 3601 4142 totamque

2028 4173 2260 4228 classem
2319 4169 2469 4224 illam
2525 4168 2849 4222 immensam
2911 4164 3195 4220 adobruit.
3253 4162 3454 4219 Videre
3486 4170 3600 4216 ttun

346 4254 569 4328 Scytha:
608 4257 714 4312 sub
755 4258 889 4328 ipsis
940 4260 1217 4317 mtenibus
1274 4261 1577 4318 hmrebant.
1619 4262 1778 4318 Nulla
1814 4279 1923 4319 non
2029 4273 2147 4320 erat
2182 4262 2354 4316 instar
2394 4259 2601 4331 plumbi
2635 4260 2738 4314 sub
2772 4269 2944 4328 aquas
2971 4255 3211 4311 marinas
3239 4253 3481 4324 demergi
3507 4268 3603 4308 eos

347 4346 528 4403 tristis
583 4356 644 4402 et
689 4347 970 4406 horrenda
1010 4366 1134 4407 sese
1176 4351 1346 4408 facies
1382 4353 1559 4408 oculis
1591 4355 1922 4409 ostentabat.
2030 4355 2125 4426 qui
2156 4361 2314 4409 antea
2344 4351 2452 4408 levi
2484 4359 2636 4405 motu
2671 4350 2897 4405 semitas
2940 4348 3062 4403 illas
3085 4346 3340 4402 humitlas
3373 4345 3605 4416 navigiis

346 4437 434 4493 Ab
464 4454 575 4494 una
600 4451 755 4510 parte
787 4442 1107 4499 terribiliter
1134 4443 1387 4516 Scythica
1421 4445 1599 4517 Scylla
1620 4446 1922 4517 strepebat,
2031 4444 2422 4518 peragrabant,
2449 4459 2558 4499 non
2585 4443 2746 4497 aliter
2764 4448 2929 4510 atque
2955 4439 3088 4494 olim
3117 4440 3341 4510 superbi
3366 4437 3604 4493 Pharao-

344 4530 420 4587 ab
462 4531 639 4587 altera
677 4531 985 4605 Charybdis
1016 4551 1080 4590 os
1122 4536 1373 4606 patulum
1423 4537 1919 4609 conspiciebatur:
1960 4560 2003 4615 ι)
2031 4538 2121 4595 nis
2160 4536 2492 4593 satellitibus
2536 4533 2758 4590 accidit.
2812 4532 2953 4588 Hinc
2986 4533 3098 4604 jam
3150 4531 3405 4600 Romani,
3448 4532 3603 4602 prius

346 4621 408 4676 in
462 4622 662 4678 barum
707 4626 891 4681 medio
951 4627 1152 4697 scapha
1181 4628 1339 4685 urbis
1370 4644 1566 4701 magna
1601 4637 1927 4698 tempestate
2039 4643 2251 4688 terrore
2278 4628 2452 4684 nimio
2496 4625 2762 4698 perculsi,
2809 4634 2964 4681 extra
2999 4624 3193 4680 urbem
3223 4633 3398 4679 semet
3425 4623 3603 4679 ell‘un-

343 4714 688 4785 jactabatur,
718 4718 810 4772 cui
833 4718 984 4775 nulla
1017 4733 1131 4775 non
1155 4736 1225 4776 ex
1252 4731 1409 4791 parte
1451 4722 1762 4792 perieulum
1794 4736 1926 4792 pro-
2034 4722 2259 4785 debant,
2287 4730 2344 4777 et
2364 4721 2508 4776 intra
2535 4733 2726 4774 muros
2745 4716 3012 4787 quosdam
3044 4715 3320 4772 conclusis
3350 4713 3603 4771 hostibus

345 4805 508 4862 cellis
543 4806 890 4864 imminebat.
943 4808 1082 4866 Cum
1133 4811 1371 4882 denique
1404 4820 1622 4884 tempus
1660 4814 1818 4879 illud,
1846 4814 1926 4869 uti
2036 4815 2112 4870 ita
2140 4812 2453 4868 tractabant
2481 4820 2641 4867 natos
2685 4809 2743 4864 in
2772 4805 3005 4877 rupibus
3037 4805 3329 4869 barbaros,
3357 4812 3419 4856 ut
3441 4802 3600 4858 locu'

347 4899 579 4969 quidem
610 4900 854 4966 videtur,
881 4903 936 4957 in
969 4903 1072 4959 hoc
1102 4911 1213 4959 tota
1246 4904 1449 4959 virium
1476 4905 1829 4962 contentione
1850 4906 1930 4961 in-

344 4991 641 5048 cumberet
670 5033 686 5058 ,
742 5009 814 5048 ne
862 4994 1015 5064 quod
1072 4994 1222 5050 aliud
1256 4996 1461 5050 malum
1495 4997 1640 5066 apud
1673 4997 1925 5053 homines
2033 5013 2159 5055 cum
2212 4995 2560 5066 serpentibus
2605 5004 2961 5047 consuevere.
3036 4987 3210 5044 Simul
3272 4986 3607 5056 triumphale

2036 4915 2150 4961 stas
2181 4902 2498 4961 Seleucides
2527 4902 2728 4963 solent,
2769 4906 2828 4953 ut
2851 4899 2972 4955 ibes
2997 4896 3103 4951 illae
3149 4895 3400 4950 volatiles
3446 4908 3606 4964 agere
3700 4890 3705 4895 ’

345 5080 665 5136 calamitate
720 5081 869 5137 illius
915 5082 1096 5139 aetatis
1145 5084 1324 5154 majus
1370 5093 1649 5149 exstaret,
1700 5091 1927 5141 eunetas
2027 5103 2249 5146 carmen
2280 5101 2404 5142 cum
2436 5084 2655 5156 hymnis
2683 5081 3072 5147 concinebant,
3119 5088 3175 5135 et
3206 5078 3607 5135 convenientes
3696 5109 3709 5118 -

347 5174 520 5228 etiam
581 5172 765 5228 Tauro
818 5174 1028 5229 vicinas
1092 5174 1349 5229 nationes
1391 5176 1730 5242 concitavit,
1793 5191 1930 5246 quas
2027 5180 2163 5236 odas
2190 5177 2330 5232 diva:
2361 5173 2595 5230 ductrici
2620 5172 2771 5227 velut
2796 5170 3172 5226 immolabant.
3196 5170 3286 5225 ‘Iza
3320 5169 3470 5240 gigas
3496 5168 3602 5222 im-

344 5264 688 5320 locustarum
722 5264 977 5321 iuﬁnitati
1000 5280 1110 5320 non
1136 5265 1236 5321 abs
1264 5281 1324 5321 re
1351 5267 1477 5336 quis
1503 5268 1928 5338 comparaverit.
2031 5286 2224 5326 menso
2253 5268 2451 5323 robore
2494 5266 2728 5321 salutem
2752 5279 2907 5319 suam
2937 5277 3047 5317 non
3076 5271 3284 5328 tuetur,
3314 5276 3418 5315 nec
3451 5260 3605 5330 prin-

346 5355 568 5411 Etenim
597 5355 1097 5427 Tauroscytharum
1122 5356 1441 5412 immanium
1465 5359 1762 5429 principes,
1786 5373 1932 5413 com-
2033 5378 2166 5433 ceps
2213 5360 2452 5433 potentis
2482 5356 2673 5431 populi
2725 5355 2937 5413 viribus
2972 5371 3031 5412 se
3078 5354 3346 5411 defendit.
3397 5352 3531 5407 Nam
3569 5350 3613 5406 si

1707 5496 1913 5558 Varia:
1951 5495 2283 5559 lectiones.

310 5644 318 5657 '
356 5716 395 5719 μ
423 5646 483 5719 ’_7_
502 5645 785 5719 χαίροντος
819 5644 895 5719 Il.
963 5646 1011 5679 ⁷⁸
1038 5644 1277 5719 ταχὺςΑ.
1329 5645 1399 5719 _”
1433 5643 1850 5719 ﬁapﬁcrovogfl.
1927 5645 1974 5719 εξο
2008 5645 2343 5719 βιαιοκύμων
2365 5643 2431 5696 Α.
2468 5711 2480 5719 _
2506 5642 2549 5674 ⁸⁸
2584 5639 2944 5719 χειμῶνοςᾼῐὶ.
3020 5640 3144 5719 “te;
3167 5637 3530 5719 σιιιχάγκειαν

352 5716 400 5749 ’³
426 5707 826 5788 ΑΧαλκὴὲοχίων
869 5716 937 5788 Δ.
982 5714 1085 5788 _”
1112 5707 1608 5788 πραγμάτων-Ἦ.
1671 5707 2090 5788 ξδίὲπιταύρίονλ
2128 5716 2196 5778 Il,
2229 5707 2756 5788 ’περιταύρεεᾶνλὼ
2831 5707 3216 5788 ¹¹⁸μκσιρε6ίοιις⁷
3258 5707 3322 5761 Ῑὶ·
3390 5707 3612 5788 Ruf“?

356 5786 451 5888 iul
486 5774 637 5868 αύτε⁷
689 5783 732 5816 ⁸⁷
773 5784 922 5906 εἰξνὸ
981 5783 1049 5836 Β.
1125 5774 1173 5816 ⁸⁸
1200 5774 1629 5855 φα’ρμακεύτρια
1671 5783 1736 5840 Il.
1813 5786 1857 5818 ⁸⁹
1888 5774 2275 5839 κατεπόντισεν
2304 5774 2370 5837 R.
2445 5774 2845 5854 ’θ’ὲξεχέθησαν
2870 5785 2934 5837 Α.
2968 5774 3053 5861 ﬁ"
3079 5781 3193 5840 τοῖς
3227 5775 3523 5845 πτερωτοῖς
3553 5774 3614 5824 A.

438 5871 768 5925 πτερωωσαι
844 5889 858 5900 .

691 5948 963 6009 Ρηιιοξ..
1011 5948 1129 6009 Gn.
1171 5947 1462 6009 CXXVII.

3178 5947 3251 6006 1:2
