  <div class='ocr_page' id='page_1' title='image "/cluster/home/n/w/nwhite01/storage/ocr_20150623/127/coo.31924054870328/192.png"; bbox 0 0 4072 6430; ppageno 0'>
   <div class='ocr_carea' id='block_1_1' title="bbox 290 408 394 473">
    <p class='ocr_par' dir='ltr' id='par_1_1' title="bbox 290 408 394 473">
     <span class='ocr_line' id='line_1_1' title="bbox 290 408 394 473; baseline 0.019 -2"><span class='ocrx_word' id='word_1_1' title='bbox 290 408 394 473; x_wconf 74' lang='lat'><strong>363</strong></span> 
     </span>
    </p>
   </div>
   <div class='ocr_carea' id='block_1_2' title="bbox 288 521 1731 600">
    <p class='ocr_par' dir='ltr' id='par_1_2' title="bbox 288 521 1731 600">
     <span class='ocr_line' id='line_1_2' title="bbox 288 521 1731 600; baseline 0.002 -20"><span class='ocrx_word' id='word_1_2' title='bbox 288 526 385 588; x_wconf 79' lang='grc' dir='ltr'>Είς</span> <span class='ocrx_word' id='word_1_3' title='bbox 408 522 683 594; x_wconf 83' lang='grc' dir='ltr'>προσγενῆ</span> <span class='ocrx_word' id='word_1_4' title='bbox 721 521 819 577; x_wconf 75' lang='grc' dir='ltr'>καὶ</span> <span class='ocrx_word' id='word_1_5' title='bbox 850 526 914 578; x_wconf 81' lang='grc' dir='ltr'>τὸ</span> <span class='ocrx_word' id='word_1_6' title='bbox 940 525 985 559; x_wconf 70' lang='grc' dir='ltr'><strong>⁸ο</strong></span> <span class='ocrx_word' id='word_1_7' title='bbox 1016 527 1180 597; x_wconf 81' lang='grc' dir='ltr'>μηδὲν</span> <span class='ocrx_word' id='word_1_8' title='bbox 1209 527 1373 581; x_wconf 79' lang='grc' dir='ltr'>αὐτὸν</span> <span class='ocrx_word' id='word_1_9' title='bbox 1410 530 1731 600; x_wconf 74' lang='grc' dir='ltr'><strong>ἠδικηκότα,</strong></span> 
     </span>
    </p>
   </div>
   <div class='ocr_carea' id='block_1_3' title="bbox 290 614 1733 692">
    <p class='ocr_par' dir='ltr' id='par_1_3' title="bbox 290 614 1733 692">
     <span class='ocr_line' id='line_1_3' title="bbox 290 614 1733 692; baseline 0.003 -21"><span class='ocrx_word' id='word_1_10' title='bbox 290 615 403 671; x_wconf 74' lang='grc' dir='ltr'><strong>Καὶ</strong></span> <span class='ocrx_word' id='word_1_11' title='bbox 436 614 514 686; x_wconf 81' lang='grc' dir='ltr'>τῷ</span> <span class='ocrx_word' id='word_1_12' title='bbox 538 614 799 688; x_wconf 76' lang='grc' dir='ltr'><strong>ζητοῦντι</strong></span> <span class='ocrx_word' id='word_1_13' title='bbox 823 618 1025 691; x_wconf 79' lang='grc' dir='ltr'>μελετᾷ</span> <span class='ocrx_word' id='word_1_14' title='bbox 1050 619 1143 673; x_wconf 71' lang='grc' dir='ltr'>τὸν</span> <span class='ocrx_word' id='word_1_15' title='bbox 1168 619 1406 690; x_wconf 85' lang='grc' dir='ltr'>δυστυχῆ</span> <span class='ocrx_word' id='word_1_16' title='bbox 1449 622 1733 692; x_wconf 74' lang='grc' dir='ltr'><strong>προέσθαι.</strong></span> 
     </span>
    </p>
   </div>
   <div class='ocr_carea' id='block_1_4' title="bbox 292 709 1807 786">
    <p class='ocr_par' dir='ltr' id='par_1_4' title="bbox 292 709 1807 786">
     <span class='ocr_line' id='line_1_4' title="bbox 292 709 1807 786; baseline 0.004 -24"><span class='ocrx_word' id='word_1_17' title='bbox 292 709 476 780; x_wconf 77' lang='grc' dir='ltr'>Χρυσὲ</span> <span class='ocrx_word' id='word_1_18' title='bbox 512 709 777 780; x_wconf 65' lang='grc' dir='ltr'>προωτα,</span> <span class='ocrx_word' id='word_1_19' title='bbox 810 710 1109 781; x_wconf 80' lang='grc' dir='ltr'><strong>πάντολμε,</strong></span> <span class='ocrx_word' id='word_1_20' title='bbox 1143 711 1437 785; x_wconf 86' lang='grc' dir='ltr'>δύστροπε,</span> <span class='ocrx_word' id='word_1_21' title='bbox 1464 716 1807 786; x_wconf 82' lang='grc' dir='ltr'>κακεργάτα,</span> 
     </span>
    </p>
   </div>
   <div class='ocr_carea' id='block_1_5' title="bbox 294 800 1658 878">
    <p class='ocr_par' dir='ltr' id='par_1_5' title="bbox 294 800 1658 878">
     <span class='ocr_line' id='line_1_5' title="bbox 294 800 1658 878; baseline 0.004 -24"><span class='ocrx_word' id='word_1_22' title='bbox 294 801 401 855; x_wconf 82' lang='lat' dir='ltr'><strong>Kal</strong></span> <span class='ocrx_word' id='word_1_23' title='bbox 432 800 604 871; x_wconf 77' lang='grc' dir='ltr'>φίλων</span> <span class='ocrx_word' id='word_1_24' title='bbox 627 801 1000 874; x_wconf 75' lang='grc' dir='ltr'>ἀπεμπολητὰ</span> <span class='ocrx_word' id='word_1_25' title='bbox 1027 805 1119 857; x_wconf 73' lang='grc' dir='ltr'>καὶ</span> <span class='ocrx_word' id='word_1_26' title='bbox 1151 804 1344 873; x_wconf 78' lang='grc' dir='ltr'><strong>γένους</strong></span> <span class='ocrx_word' id='word_1_27' title='bbox 1374 806 1658 878; x_wconf 80' lang='grc' dir='ltr'>άναιρέτα,</span> 
     </span>
    </p>
   </div>
   <div class='ocr_carea' id='block_1_6' title="bbox 292 891 1877 969">
    <p class='ocr_par' dir='ltr' id='par_1_6' title="bbox 292 891 1877 969">
     <span class='ocr_line' id='line_1_6' title="bbox 292 891 1877 969; baseline 0.006 -25"><span class='ocrx_word' id='word_1_28' title='bbox 292 893 358 945; x_wconf 93' lang='grc' dir='ltr'><strong>Τί</strong></span> <span class='ocrx_word' id='word_1_29' title='bbox 380 891 576 960; x_wconf 83' lang='grc' dir='ltr'>τοῦτο;</span> <span class='ocrx_word' id='word_1_30' title='bbox 606 893 734 957; x_wconf 84' lang='grc' dir='ltr'><strong>Πῶς</strong></span> <span class='ocrx_word' id='word_1_31' title='bbox 771 893 1140 964; x_wconf 82' lang='grc' dir='ltr'>παλιμπετεῖς</span> <span class='ocrx_word' id='word_1_32' title='bbox 1167 897 1265 950; x_wconf 75' lang='grc' dir='ltr'>καὶ</span> <span class='ocrx_word' id='word_1_33' title='bbox 1289 897 1661 968; x_wconf 70' lang='grc' dir='ltr'>παλιμϐόλους</span> <span class='ocrx_word' id='word_1_34' title='bbox 1691 898 1877 969; x_wconf 84' lang='grc' dir='ltr'>τίθης;</span> 
     </span>
    </p>
   </div>
   <div class='ocr_carea' id='block_1_7' title="bbox 293 984 1841 1059">
    <p class='ocr_par' dir='ltr' id='par_1_7' title="bbox 293 984 1841 1059">
     <span class='ocr_line' id='line_1_7' title="bbox 293 984 1841 1059; baseline 0.004 -22"><span class='ocrx_word' id='word_1_35' title='bbox 293 984 418 1048; x_wconf 85' lang='grc' dir='ltr'><strong>Πῶς</strong></span> <span class='ocrx_word' id='word_1_36' title='bbox 448 984 507 1038; x_wconf 66' lang='grc' dir='ltr'>δὲ</span> <span class='ocrx_word' id='word_1_37' title='bbox 542 984 682 1055; x_wconf 76' lang='grc' dir='ltr'>πρὸς</span> <span class='ocrx_word' id='word_1_38' title='bbox 715 984 1156 1056; x_wconf 75' lang='grc' dir='ltr'>ἀλλοπρόσαλλον</span> <span class='ocrx_word' id='word_1_39' title='bbox 1174 987 1406 1059; x_wconf 85' lang='grc' dir='ltr'><strong>γνώμην</strong></span> <span class='ocrx_word' id='word_1_40' title='bbox 1435 989 1841 1059; x_wconf 71' lang='grc' dir='ltr'>μεταδιδάξειςζ</span> 
     </span>
    </p>
   </div>
   <div class='ocr_carea' id='block_1_8' title="bbox 291 1077 1880 1151">
    <p class='ocr_par' dir='ltr' id='par_1_8' title="bbox 291 1077 1880 1151">
     <span class='ocr_line' id='line_1_8' title="bbox 291 1077 1880 1151; baseline 0.004 -21"><span class='ocrx_word' id='word_1_41' title='bbox 291 1077 432 1140; x_wconf 83' lang='grc' dir='ltr'>Τοὺς</span> <span class='ocrx_word' id='word_1_42' title='bbox 454 1077 774 1143; x_wconf 83' lang='grc' dir='ltr'>ἀποικίλους</span> <span class='ocrx_word' id='word_1_43' title='bbox 785 1079 914 1142; x_wconf 75' lang='grc' dir='ltr'>τοὺς</span> <span class='ocrx_word' id='word_1_44' title='bbox 932 1078 1136 1144; x_wconf 81' lang='grc' dir='ltr'>ἁπλοῦς</span> <span class='ocrx_word' id='word_1_45' title='bbox 1155 1080 1261 1133; x_wconf 81' lang='grc' dir='ltr'><strong>ὑπὸ</strong></span> <span class='ocrx_word' id='word_1_46' title='bbox 1275 1079 1317 1112; x_wconf 71' lang='grc'>⁸³</span> <span class='ocrx_word' id='word_1_47' title='bbox 1337 1082 1474 1135; x_wconf 81' lang='grc' dir='ltr'>Θεοῦ</span> <span class='ocrx_word' id='word_1_48' title='bbox 1506 1081 1844 1147; x_wconf 79' lang='grc' dir='ltr'>πλασθέντας</span> <span class='ocrx_word' id='word_1_49' title='bbox 1862 1098 1880 1151; x_wconf 87' lang='grc'><strong>;</strong></span> 
     </span>
    </p>
   </div>
   <div class='ocr_carea' id='block_1_9' title="bbox 184 1168 1718 1255">
    <p class='ocr_par' dir='ltr' id='par_1_9' title="bbox 184 1168 1718 1255">
     <span class='ocr_line' id='line_1_9' title="bbox 184 1168 1718 1255; baseline 0.002 -33"><span class='ocrx_word' id='word_1_50' title='bbox 184 1223 193 1229; x_wconf 71' lang='grc'><strong>,</strong></span> <span class='ocrx_word' id='word_1_51' title='bbox 294 1168 460 1224; x_wconf 74' lang='grc' dir='ltr'>Ἀλλά</span> <span class='ocrx_word' id='word_1_52' title='bbox 488 1168 550 1223; x_wconf 76' lang='grc' dir='ltr'>τὸ</span> <span class='ocrx_word' id='word_1_53' title='bbox 579 1169 796 1241; x_wconf 75' lang='grc' dir='ltr'>μέλλον,</span> <span class='ocrx_word' id='word_1_54' title='bbox 826 1170 1091 1240; x_wconf 84' lang='grc' dir='ltr'>ὥς.φασι.</span> <span class='ocrx_word' id='word_1_55' title='bbox 1120 1174 1213 1226; x_wconf 74' lang='grc' dir='ltr'>καὶ</span> <span class='ocrx_word' id='word_1_56' title='bbox 1243 1173 1305 1226; x_wconf 78' lang='grc' dir='ltr'>τὸ</span> <span class='ocrx_word' id='word_1_57' title='bbox 1333 1174 1718 1255; x_wconf 78' lang='grc' dir='ltr'>κεκυρωμένον</span> 
     </span>
    </p>
   </div>
   <div class='ocr_carea' id='block_1_10' title="bbox 291 1261 1804 1337">
    <p class='ocr_par' dir='ltr' id='par_1_10' title="bbox 291 1261 1804 1337">
     <span class='ocr_line' id='line_1_10' title="bbox 291 1261 1804 1337; baseline 0.007 -25"><span class='ocrx_word' id='word_1_58' title='bbox 291 1261 370 1313; x_wconf 85' lang='grc' dir='ltr'><strong>Οὐ</strong></span> <span class='ocrx_word' id='word_1_59' title='bbox 390 1262 574 1332; x_wconf 82' lang='grc' dir='ltr'>τεῖχος</span> <span class='ocrx_word' id='word_1_60' title='bbox 602 1262 781 1331; x_wconf 89' lang='grc' dir='ltr'>σχίσει</span> <span class='ocrx_word' id='word_1_61' title='bbox 814 1262 1089 1333; x_wconf 71' lang='grc' dir='ltr'>σιδηροῦν,</span> <span class='ocrx_word' id='word_1_62' title='bbox 1112 1265 1173 1318; x_wconf 80' lang='grc' dir='ltr'>οὐ</span> <span class='ocrx_word' id='word_1_63' title='bbox 1204 1263 1298 1318; x_wconf 84' lang='grc' dir='ltr'>τοῦ</span> <span class='ocrx_word' id='word_1_64' title='bbox 1330 1265 1504 1334; x_wconf 86' lang='grc' dir='ltr'>πυρὸς</span> <span class='ocrx_word' id='word_1_65' title='bbox 1523 1268 1557 1337; x_wconf 78' lang='grc' dir='ltr'><strong>η</strong></span> <span class='ocrx_word' id='word_1_66' title='bbox 1589 1265 1804 1335; x_wconf 76' lang='grc' dir='ltr'>γνάθος.</span> 
     </span>
    </p>
   </div>
   <div class='ocr_carea' id='block_1_11' title="bbox 304 1348 1661 1425">
    <p class='ocr_par' dir='ltr' id='par_1_11' title="bbox 304 1348 1661 1425">
     <span class='ocr_line' id='line_1_11' title="bbox 304 1348 1661 1425; baseline 0.003 -21"><span class='ocrx_word' id='word_1_67' title='bbox 304 1348 366 1403; x_wconf 86' lang='grc' dir='ltr'><strong>Ὀ</strong></span> <span class='ocrx_word' id='word_1_68' title='bbox 392 1351 508 1423; x_wconf 77' lang='grc' dir='ltr'><strong>γὰρ</strong></span> <span class='ocrx_word' id='word_1_69' title='bbox 537 1350 918 1417; x_wconf 81' lang='grc' dir='ltr'>Ἰουστινιανδς</span> <span class='ocrx_word' id='word_1_70' title='bbox 942 1354 1070 1417; x_wconf 79' lang='grc' dir='ltr'>τοὺς</span> <span class='ocrx_word' id='word_1_71' title='bbox 1092 1352 1279 1416; x_wconf 80' lang='grc' dir='ltr'>δόλους</span> <span class='ocrx_word' id='word_1_72' title='bbox 1298 1354 1397 1408; x_wconf 81' lang='grc' dir='ltr'><strong>τοῦ</strong></span> <span class='ocrx_word' id='word_1_73' title='bbox 1421 1355 1661 1425; x_wconf 86' lang='grc' dir='ltr'>χαγάνου</span> 
     </span>
    </p>
   </div>
   <div class='ocr_carea' id='block_1_12' title="bbox 290 1442 1722 1520">
    <p class='ocr_par' dir='ltr' id='par_1_12' title="bbox 290 1442 1722 1520">
     <span class='ocr_line' id='line_1_12' title="bbox 290 1442 1722 1520; baseline 0.002 -22"><span class='ocrx_word' id='word_1_74' title='bbox 290 1444 406 1498; x_wconf 72' lang='grc' dir='ltr'><strong>Καὶ</strong></span> <span class='ocrx_word' id='word_1_75' title='bbox 440 1442 543 1507; x_wconf 79' lang='grc' dir='ltr'><strong>τὰς</strong></span> <span class='ocrx_word' id='word_1_76' title='bbox 582 1445 781 1515; x_wconf 76' lang='grc' dir='ltr'>βουλᾶς</span> <span class='ocrx_word' id='word_1_77' title='bbox 803 1446 1105 1516; x_wconf 81' lang='grc' dir='ltr'>ἀναμαθὼν</span> <span class='ocrx_word' id='word_1_78' title='bbox 1134 1447 1347 1501; x_wconf 75' lang='grc' dir='ltr'>ἐκεῖθεν</span> <span class='ocrx_word' id='word_1_79' title='bbox 1373 1447 1722 1520; x_wconf 79' lang='grc' dir='ltr'><strong>δραπετεύει,</strong></span> 
     </span>
    </p>
   </div>
   <div class='ocr_carea' id='block_1_13' title="bbox 290 1535 1621 1610">
    <p class='ocr_par' dir='ltr' id='par_1_13' title="bbox 290 1535 1621 1610">
     <span class='ocr_line' id='line_1_13' title="bbox 290 1535 1621 1610; baseline 0.004 -22"><span class='ocrx_word' id='word_1_80' title='bbox 290 1535 409 1589; x_wconf 69' lang='grc' dir='ltr'><strong>Καὶ</strong></span> <span class='ocrx_word' id='word_1_81' title='bbox 436 1537 1010 1610; x_wconf 80' lang='grc' dir='ltr'>προσεταιρισάμενος</span> <span class='ocrx_word' id='word_1_82' title='bbox 1039 1539 1230 1609; x_wconf 79' lang='grc' dir='ltr'>ἁδραῖς</span> <span class='ocrx_word' id='word_1_83' title='bbox 1258 1540 1621 1609; x_wconf 75' lang='grc' dir='ltr'>ἐπαγγελίαις</span> 
     </span>
    </p>
   </div>
   <div class='ocr_carea' id='block_1_14' title="bbox 291 1626 1881 1702">
    <p class='ocr_par' dir='ltr' id='par_1_14' title="bbox 291 1626 1881 1702">
     <span class='ocr_line' id='line_1_14' title="bbox 291 1626 1881 1702; baseline 0.003 -23"><span class='ocrx_word' id='word_1_84' title='bbox 291 1627 401 1690; x_wconf 81' lang='grc' dir='ltr'><strong>Τὸν</strong></span> <span class='ocrx_word' id='word_1_85' title='bbox 448 1626 651 1699; x_wconf 74' lang='grc' dir='ltr'>Τέρὸε)</span> <span class='ocrx_word' id='word_1_86' title='bbox 663 1646 714 1682; x_wconf 93' lang='grc' dir='ltr'><strong>ιν</strong></span> <span class='ocrx_word' id='word_1_87' title='bbox 778 1630 870 1683; x_wconf 85' lang='grc' dir='ltr'>τὸν</span> <span class='ocrx_word' id='word_1_88' title='bbox 923 1628 1163 1702; x_wconf 79' lang='grc' dir='ltr'>ἄρχοντα</span> <span class='ocrx_word' id='word_1_89' title='bbox 1226 1630 1323 1684; x_wconf 80' lang='grc' dir='ltr'><strong>τοῦ</strong></span> <span class='ocrx_word' id='word_1_90' title='bbox 1381 1630 1493 1686; x_wconf 89' lang='grc' dir='ltr'><strong>τῶν</strong></span> <span class='ocrx_word' id='word_1_91' title='bbox 1548 1629 1881 1699; x_wconf 86' lang='grc' dir='ltr'>Βουλγάρων</span> 
     </span>
    </p>
   </div>
   <div class='ocr_carea' id='block_1_15' title="bbox 1603 1721 1811 1794">
    <p class='ocr_par' dir='ltr' id='par_1_15' title="bbox 1603 1721 1811 1794">
     <span class='ocr_line' id='line_1_15' title="bbox 1603 1721 1811 1794; baseline 0.005 -20"><span class='ocrx_word' id='word_1_92' title='bbox 1603 1721 1811 1794; x_wconf 76' lang='grc' dir='ltr'>[ἔθνους</span> 
     </span>
    </p>
   </div>
   <div class='ocr_carea' id='block_1_16' title="bbox 291 1810 1792 1887">
    <p class='ocr_par' dir='ltr' id='par_1_16' title="bbox 291 1810 1792 1887">
     <span class='ocr_line' id='line_1_16' title="bbox 291 1810 1792 1887; baseline 0.011 -26"><span class='ocrx_word' id='word_1_93' title='bbox 291 1810 728 1880; x_wconf 62' lang='grc' dir='ltr'>Καταλαμῶνει</span> <span class='ocrx_word' id='word_1_94' title='bbox 752 1811 855 1865; x_wconf 74' lang='grc' dir='ltr'>σὺν</span> <span class='ocrx_word' id='word_1_95' title='bbox 891 1813 1041 1886; x_wconf 77' lang='grc' dir='ltr'>αὐτῷ</span> <span class='ocrx_word' id='word_1_96' title='bbox 1073 1817 1172 1887; x_wconf 78' lang='grc' dir='ltr'>τὴν</span> <span class='ocrx_word' id='word_1_97' title='bbox 1198 1817 1502 1882; x_wconf 78' lang='grc' dir='ltr'>Βυζαντίδσ</span> <span class='ocrx_word' id='word_1_98' title='bbox 1528 1815 1575 1848; x_wconf 74' lang='grc'><strong>⁸⁸</strong></span> <span class='ocrx_word' id='word_1_99' title='bbox 1607 1814 1792 1887; x_wconf 70' lang='grc' dir='ltr'>χθόνα.</span> 
     </span>
    </p>
   </div>
   <div class='ocr_carea' id='block_1_17' title="bbox 294 1900 1579 1979">
    <p class='ocr_par' dir='ltr' id='par_1_17' title="bbox 294 1900 1579 1979">
     <span class='ocr_line' id='line_1_17' title="bbox 294 1900 1579 1979; baseline 0.005 -26"><span class='ocrx_word' id='word_1_100' title='bbox 294 1900 625 1971; x_wconf 78' lang='grc' dir='ltr'>Βουλγάρων</span> <span class='ocrx_word' id='word_1_101' title='bbox 652 1903 996 1975; x_wconf 66' lang='grc' dir='ltr'>ἐπαγόμενος</span> <span class='ocrx_word' id='word_1_102' title='bbox 1023 1908 1253 1979; x_wconf 76' lang='grc' dir='ltr'>μυρίους</span> <span class='ocrx_word' id='word_1_103' title='bbox 1285 1908 1579 1977; x_wconf 81' lang='grc' dir='ltr'>λεγεῶνας.</span> 
     </span>
    </p>
   </div>
   <div class='ocr_carea' id='block_1_18' title="bbox 303 1993 1886 2072">
    <p class='ocr_par' dir='ltr' id='par_1_18' title="bbox 303 1993 1886 2072">
     <span class='ocr_line' id='line_1_18' title="bbox 303 1993 1886 2072; baseline 0.008 -31"><span class='ocrx_word' id='word_1_104' title='bbox 303 1993 542 2061; x_wconf 78' lang='grc' dir='ltr'>Ἦλίγοις</span> <span class='ocrx_word' id='word_1_105' title='bbox 566 1994 625 2048; x_wconf 73' lang='grc' dir='ltr'><strong>δι</strong></span> <span class='ocrx_word' id='word_1_106' title='bbox 648 1995 759 2049; x_wconf 84' lang='grc' dir='ltr'><strong>τῶν</strong></span> <span class='ocrx_word' id='word_1_107' title='bbox 788 1998 927 2068; x_wconf 83' lang='grc' dir='ltr'>ἀμφ’</span> <span class='ocrx_word' id='word_1_108' title='bbox 963 2001 1129 2054; x_wconf 78' lang='grc' dir='ltr'>αὐτὸν</span> <span class='ocrx_word' id='word_1_109' title='bbox 1169 2001 1219 2034; x_wconf 69' lang='grc'><strong><em>⁵³</em></strong></span> <span class='ocrx_word' id='word_1_110' title='bbox 1257 2002 1319 2055; x_wconf 83' lang='grc' dir='ltr'>τὸ</span> <span class='ocrx_word' id='word_1_111' title='bbox 1351 2001 1623 2072; x_wconf 78' lang='grc' dir='ltr'>ϐούλευμα</span> <span class='ocrx_word' id='word_1_112' title='bbox 1665 2000 1886 2054; x_wconf 84' lang='grc' dir='ltr'>πιστεύ-</span> 
     </span>
    </p>
   </div>
   <div class='ocr_carea' id='block_1_19' title="bbox 1617 2089 1814 2161">
    <p class='ocr_par' dir='ltr' id='par_1_19' title="bbox 1617 2089 1814 2161">
     <span class='ocr_line' id='line_1_19' title="bbox 1617 2089 1814 2161; baseline 0 -18"><span class='ocrx_word' id='word_1_113' title='bbox 1617 2089 1739 2161; x_wconf 63' lang='grc' dir='ltr'>[σας</span> <span class='ocrx_word' id='word_1_114' title='bbox 1767 2090 1814 2122; x_wconf 69' lang='grc'><strong>⁸⁵</strong></span> 
     </span>
    </p>
   </div>
   <div class='ocr_carea' id='block_1_20' title="bbox 296 2177 1761 2255">
    <p class='ocr_par' dir='ltr' id='par_1_20' title="bbox 296 2177 1761 2255">
     <span class='ocr_line' id='line_1_20' title="bbox 296 2177 1761 2255; baseline 0.004 -26"><span class='ocrx_word' id='word_1_115' title='bbox 296 2177 400 2230; x_wconf 76' lang='grc' dir='ltr'><strong>Καὶ</strong></span> <span class='ocrx_word' id='word_1_116' title='bbox 432 2177 537 2230; x_wconf 75' lang='grc' dir='ltr'>σὺν</span> <span class='ocrx_word' id='word_1_117' title='bbox 565 2179 755 2242; x_wconf 79' lang='grc' dir='ltr'>αὐτοῖς</span> <span class='ocrx_word' id='word_1_118' title='bbox 786 2179 1121 2251; x_wconf 79' lang='grc' dir='ltr'>ὑποδραμὼν</span> <span class='ocrx_word' id='word_1_119' title='bbox 1150 2183 1393 2251; x_wconf 80' lang='grc' dir='ltr'>σωλῆνας</span> <span class='ocrx_word' id='word_1_120' title='bbox 1432 2183 1761 2255; x_wconf 75' lang='grc' dir='ltr'>ὑδρορῤόους</span> 
     </span>
    </p>
   </div>
   <div class='ocr_carea' id='block_1_21' title="bbox 295 2269 1783 2346">
    <p class='ocr_par' dir='ltr' id='par_1_21' title="bbox 295 2269 1783 2346">
     <span class='ocr_line' id='line_1_21' title="bbox 295 2269 1783 2346; baseline 0.007 -25"><span class='ocrx_word' id='word_1_121' title='bbox 295 2269 404 2339; x_wconf 78' lang='grc' dir='ltr'>Τὴν</span> <span class='ocrx_word' id='word_1_122' title='bbox 432 2271 519 2332; x_wconf 85' lang='grc' dir='ltr'><strong>είς</strong></span> <span class='ocrx_word' id='word_1_123' title='bbox 545 2270 647 2341; x_wconf 82' lang='grc' dir='ltr'><strong>τὴν</strong></span> <span class='ocrx_word' id='word_1_124' title='bbox 677 2272 830 2326; x_wconf 86' lang='grc' dir='ltr'>πόλιν</span> <span class='ocrx_word' id='word_1_125' title='bbox 863 2274 1095 2345; x_wconf 79' lang='grc' dir='ltr'>πάροδον</span> <span class='ocrx_word' id='word_1_126' title='bbox 1127 2276 1398 2346; x_wconf 74' lang='grc' dir='ltr'><strong>ἐντέχνως</strong></span> <span class='ocrx_word' id='word_1_127' title='bbox 1428 2276 1783 2343; x_wconf 83' lang='grc' dir='ltr'>ὑποκλέπτει,</span> 
     </span>
    </p>
   </div>
   <div class='ocr_carea' id='block_1_22' title="bbox 297 2361 1805 2439">
    <p class='ocr_par' dir='ltr' id='par_1_22' title="bbox 297 2361 1805 2439">
     <span class='ocr_line' id='line_1_22' title="bbox 297 2361 1805 2439; baseline 0.007 -25"><span class='ocrx_word' id='word_1_128' title='bbox 297 2361 405 2414; x_wconf 76' lang='grc' dir='ltr'><strong>Καὶ</strong></span> <span class='ocrx_word' id='word_1_129' title='bbox 439 2361 701 2431; x_wconf 80' lang='grc' dir='ltr'>δεύτερον</span> <span class='ocrx_word' id='word_1_130' title='bbox 736 2365 1039 2435; x_wconf 84' lang='grc' dir='ltr'>άρχηγετεῖ</span> <span class='ocrx_word' id='word_1_131' title='bbox 1066 2366 1161 2420; x_wconf 63' lang='grc' dir='ltr'><strong>καὶ¹</strong></span> <span class='ocrx_word' id='word_1_132' title='bbox 1191 2368 1459 2432; x_wconf 79' lang='grc' dir='ltr'>ζὼννυται</span> <span class='ocrx_word' id='word_1_133' title='bbox 1489 2369 1551 2422; x_wconf 83' lang='grc' dir='ltr'>τὸ</span> <span class='ocrx_word' id='word_1_134' title='bbox 1583 2369 1805 2439; x_wconf 81' lang='grc' dir='ltr'>κράτος.</span> 
     </span>
    </p>
   </div>
   <div class='ocr_carea' id='block_1_23' title="bbox 294 2450 1881 2530">
    <p class='ocr_par' dir='ltr' id='par_1_23' title="bbox 294 2450 1881 2530">
     <span class='ocr_line' id='line_1_23' title="bbox 294 2450 1881 2530; baseline 0.013 -28"><span class='ocrx_word' id='word_1_135' title='bbox 294 2450 404 2514; x_wconf 72' lang='grc' dir='ltr'>Τὰς</span> <span class='ocrx_word' id='word_1_136' title='bbox 435 2451 485 2503; x_wconf 79' lang='grc' dir='ltr'>δ’</span> <span class='ocrx_word' id='word_1_137' title='bbox 513 2451 610 2504; x_wconf 63' lang='lat' dir='ltr'><strong>tul</strong></span> <span class='ocrx_word' id='word_1_138' title='bbox 629 2453 845 2518; x_wconf 79' lang='grc' dir='ltr'>τούτοις</span> <span class='ocrx_word' id='word_1_139' title='bbox 868 2456 1156 2527; x_wconf 67' lang='grc' dir='ltr'>συμφορὰς</span> <span class='ocrx_word' id='word_1_140' title='bbox 1179 2458 1266 2521; x_wconf 88' lang='grc' dir='ltr'><strong>τίς</strong></span> <span class='ocrx_word' id='word_1_141' title='bbox 1296 2460 1646 2530; x_wconf 78' lang='grc' dir='ltr'>παραστήσει</span> <span class='ocrx_word' id='word_1_142' title='bbox 1690 2459 1848 2528; x_wconf 81' lang='grc' dir='ltr'>λόγος</span> <span class='ocrx_word' id='word_1_143' title='bbox 1865 2479 1881 2528; x_wconf 85' lang='grc'><strong>;</strong></span> 
     </span>
    </p>
   </div>
   <div class='ocr_carea' id='block_1_24' title="bbox 299 2542 1884 2622">
    <p class='ocr_par' dir='ltr' id='par_1_24' title="bbox 299 2542 1884 2622">
     <span class='ocr_line' id='line_1_24' title="bbox 299 2542 1884 2622; baseline 0.007 -28"><span class='ocrx_word' id='word_1_144' title='bbox 299 2542 383 2612; x_wconf 84' lang='grc' dir='ltr'>Τῷ</span> <span class='ocrx_word' id='word_1_145' title='bbox 407 2542 509 2610; x_wconf 72' lang='grc' dir='ltr'><strong>μὲν</strong></span> <span class='ocrx_word' id='word_1_146' title='bbox 541 2543 872 2616; x_wconf 86' lang='grc' dir='ltr'>Βουλγάρων</span> <span class='ocrx_word' id='word_1_147' title='bbox 907 2545 1128 2617; x_wconf 79' lang='grc' dir='ltr'>ἄρχοντι</span> <span class='ocrx_word' id='word_1_148' title='bbox 1176 2546 1374 2618; x_wconf 78' lang='grc' dir='ltr'>πληροῖ</span> <span class='ocrx_word' id='word_1_149' title='bbox 1417 2549 1517 2614; x_wconf 79' lang='grc' dir='ltr'>τὰς</span> <span class='ocrx_word' id='word_1_150' title='bbox 1559 2550 1884 2622; x_wconf 80' lang='grc' dir='ltr'>ὑποσχέσεις</span> 
     </span>
    </p>
   </div>
   <div class='ocr_carea' id='block_1_25' title="bbox 298 2633 1677 2709">
    <p class='ocr_par' dir='ltr' id='par_1_25' title="bbox 298 2633 1677 2709">
     <span class='ocr_line' id='line_1_25' title="bbox 298 2633 1677 2709; baseline 0.005 -24"><span class='ocrx_word' id='word_1_151' title='bbox 298 2634 406 2685; x_wconf 74' lang='grc' dir='ltr'><strong>Καὶ</strong></span> <span class='ocrx_word' id='word_1_152' title='bbox 436 2633 674 2703; x_wconf 78' lang='grc' dir='ltr'>δωρεαῖς</span> <span class='ocrx_word' id='word_1_153' title='bbox 698 2635 989 2704; x_wconf 77' lang='grc' dir='ltr'>ἀμείϐεται</span> <span class='ocrx_word' id='word_1_154' title='bbox 1022 2636 1202 2706; x_wconf 86' lang='grc' dir='ltr'>πολλῷ</span> <span class='ocrx_word' id='word_1_155' title='bbox 1234 2636 1677 2709; x_wconf 75' lang='grc' dir='ltr'>δαψιλεστέρως,</span> 
     </span>
    </p>
   </div>
   <div class='ocr_carea' id='block_1_26' title="bbox 300 2724 1883 2801">
    <p class='ocr_par' dir='ltr' id='par_1_26' title="bbox 300 2724 1883 2801">
     <span class='ocr_line' id='line_1_26' title="bbox 300 2724 1883 2801; baseline 0.006 -27"><span class='ocrx_word' id='word_1_156' title='bbox 300 2724 439 2793; x_wconf 73' lang='grc' dir='ltr'>Πυρὶ</span> <span class='ocrx_word' id='word_1_157' title='bbox 465 2724 527 2776; x_wconf 78' lang='grc' dir='ltr'>δὲ</span> <span class='ocrx_word' id='word_1_158' title='bbox 556 2724 745 2778; x_wconf 88' lang='grc' dir='ltr'>δίδωσι</span> <span class='ocrx_word' id='word_1_159' title='bbox 775 2727 1005 2796; x_wconf 74' lang='grc' dir='ltr'>συχνοὺς</span> <span class='ocrx_word' id='word_1_160' title='bbox 1032 2728 1141 2782; x_wconf 90' lang='grc' dir='ltr'><strong>τῶν</strong></span> <span class='ocrx_word' id='word_1_161' title='bbox 1174 2729 1574 2801; x_wconf 84' lang='grc' dir='ltr'>περιλάμπρων</span> <span class='ocrx_word' id='word_1_162' title='bbox 1601 2730 1783 2794; x_wconf 74' lang='grc' dir='ltr'>οἴκους</span> <span class='ocrx_word' id='word_1_163' title='bbox 1815 2730 1883 2797; x_wconf 73' lang='grc'><strong>⁵⁸,</strong></span> 
     </span>
    </p>
   </div>
   <div class='ocr_carea' id='block_1_27' title="bbox 301 2816 1772 2895">
    <p class='ocr_par' dir='ltr' id='par_1_27' title="bbox 301 2816 1772 2895">
     <span class='ocr_line' id='line_1_27' title="bbox 301 2816 1772 2895; baseline 0.007 -28"><span class='ocrx_word' id='word_1_164' title='bbox 301 2817 414 2867; x_wconf 76' lang='grc' dir='ltr'><strong>Καὶ</strong></span> <span class='ocrx_word' id='word_1_165' title='bbox 435 2816 726 2888; x_wconf 77' lang='grc' dir='ltr'>διαρπάζει</span> <span class='ocrx_word' id='word_1_166' title='bbox 757 2821 1040 2890; x_wconf 83' lang='grc' dir='ltr'>χρήματα,</span> <span class='ocrx_word' id='word_1_167' title='bbox 1081 2822 1177 2875; x_wconf 78' lang='grc' dir='ltr'>καὶ</span> <span class='ocrx_word' id='word_1_168' title='bbox 1213 2822 1374 2895; x_wconf 83' lang='grc' dir='ltr'>δίκην</span> <span class='ocrx_word' id='word_1_169' title='bbox 1404 2821 1772 2894; x_wconf 74' lang='grc' dir='ltr'><strong>βοσκημάτων</strong></span> 
     </span>
    </p>
   </div>
   <div class='ocr_carea' id='block_1_28' title="bbox 316 2907 1670 2982">
    <p class='ocr_par' dir='ltr' id='par_1_28' title="bbox 316 2907 1670 2982">
     <span class='ocr_line' id='line_1_28' title="bbox 316 2907 1670 2982; baseline 0.009 -24"><span class='ocrx_word' id='word_1_170' title='bbox 316 2908 349 2959; x_wconf 83' lang='lat' dir='ltr'><strong>l&#39;</strong></span> <span class='ocrx_word' id='word_1_171' title='bbox 351 2907 428 2960; x_wconf 90' lang='grc' dir='ltr'>ῶν</span> <span class='ocrx_word' id='word_1_172' title='bbox 458 2910 799 2982; x_wconf 78' lang='grc' dir='ltr'>μεγιστάνων</span> <span class='ocrx_word' id='word_1_173' title='bbox 830 2912 1081 2979; x_wconf 75' lang='grc' dir='ltr'>πλείονας</span> <span class='ocrx_word' id='word_1_174' title='bbox 1111 2913 1357 2970; x_wconf 74' lang='grc' dir='ltr'>οἴκτιστα</span> <span class='ocrx_word' id='word_1_175' title='bbox 1387 2916 1670 2971; x_wconf 83' lang='grc' dir='ltr'>καταθύει.</span> 
     </span>
    </p>
   </div>
   <div class='ocr_carea' id='block_1_29' title="bbox 309 3005 1727 3079">
    <p class='ocr_par' dir='ltr' id='par_1_29' title="bbox 309 3005 1727 3079">
     <span class='ocr_line' id='line_1_29' title="bbox 309 3005 1727 3079; baseline 0.006 -22"><span class='ocrx_word' id='word_1_176' title='bbox 309 3005 415 3058; x_wconf 74' lang='grc' dir='ltr'><strong>Καὶ</strong></span> <span class='ocrx_word' id='word_1_177' title='bbox 439 3006 502 3074; x_wconf 81' lang='grc' dir='ltr'><strong>δη</strong></span> <span class='ocrx_word' id='word_1_178' title='bbox 540 3007 636 3060; x_wconf 77' lang='grc' dir='ltr'>καὶ</span> <span class='ocrx_word' id='word_1_179' title='bbox 672 3008 767 3060; x_wconf 85' lang='grc' dir='ltr'>τὸν</span> <span class='ocrx_word' id='word_1_180' title='bbox 799 3009 1051 3062; x_wconf 82' lang='grc' dir='ltr'>Λεόντιον</span> <span class='ocrx_word' id='word_1_181' title='bbox 1073 3010 1275 3063; x_wconf 75' lang='grc' dir='ltr'>κτείνει</span> <span class='ocrx_word' id='word_1_182' title='bbox 1307 3008 1406 3062; x_wconf 81' lang='grc' dir='ltr'><strong>σὺν</strong></span> <span class='ocrx_word' id='word_1_183' title='bbox 1430 3009 1727 3079; x_wconf 52' lang='grc' dir='ltr'>Ἀψιμάριρ</span> 
     </span>
    </p>
   </div>
   <div class='ocr_carea' id='block_1_30' title="bbox 305 3093 1880 3174">
    <p class='ocr_par' dir='ltr' id='par_1_30' title="bbox 305 3093 1880 3174">
     <span class='ocr_line' id='line_1_30' title="bbox 305 3093 1880 3174; baseline 0.004 -26"><span class='ocrx_word' id='word_1_184' title='bbox 305 3093 406 3150; x_wconf 73' lang='grc' dir='ltr'><strong>Οἴα</strong></span> <span class='ocrx_word' id='word_1_185' title='bbox 434 3097 638 3170; x_wconf 76' lang='grc' dir='ltr'>λῃστάς</span> <span class='ocrx_word' id='word_1_186' title='bbox 672 3100 765 3152; x_wconf 76' lang='grc' dir='ltr'><strong>καὶ</strong></span> <span class='ocrx_word' id='word_1_187' title='bbox 791 3100 1054 3163; x_wconf 71' lang='grc' dir='ltr'>συλευτὰς</span> <span class='ocrx_word' id='word_1_188' title='bbox 1082 3101 1126 3132; x_wconf 74' lang='grc'><strong>⁸⁷</strong></span> <span class='ocrx_word' id='word_1_189' title='bbox 1159 3100 1325 3156; x_wconf 84' lang='grc' dir='ltr'>αὐτοῦ</span> <span class='ocrx_word' id='word_1_190' title='bbox 1358 3100 1459 3173; x_wconf 80' lang='grc' dir='ltr'>τῆς</span> <span class='ocrx_word' id='word_1_191' title='bbox 1487 3102 1880 3174; x_wconf 81' lang='grc' dir='ltr'>σκηπτουχίας.</span> 
     </span>
    </p>
   </div>
   <div class='ocr_carea' id='block_1_31' title="bbox 301 3351 1891 3425">
    <p class='ocr_par' dir='ltr' id='par_1_31' title="bbox 301 3351 1891 3425">
     <span class='ocr_line' id='line_1_31' title="bbox 301 3351 1891 3425; baseline 0.004 -21"><span class='ocrx_word' id='word_1_192' title='bbox 301 3352 568 3422; x_wconf 74' lang='lat' dir='ltr'><strong>praeditus</strong></span> <span class='ocrx_word' id='word_1_193' title='bbox 621 3351 827 3417; x_wconf 84' lang='lat' dir='ltr'><strong>indole,</strong></span> <span class='ocrx_word' id='word_1_194' title='bbox 874 3354 1168 3407; x_wconf 84' lang='lat' dir='ltr'><strong>consilium</strong></span> <span class='ocrx_word' id='word_1_195' title='bbox 1214 3355 1363 3425; x_wconf 87' lang='lat' dir='ltr'><strong>capit</strong></span> <span class='ocrx_word' id='word_1_196' title='bbox 1412 3356 1774 3413; x_wconf 81' lang='lat' dir='ltr'><strong>inhumanum</strong></span> <span class='ocrx_word' id='word_1_197' title='bbox 1828 3371 1891 3410; x_wconf 84' lang='lat' dir='ltr'><strong>ac</strong></span> 
     </span>
    </p>
   </div>
   <div class='ocr_carea' id='block_1_32' title="bbox 304 3443 1891 3516">
    <p class='ocr_par' dir='ltr' id='par_1_32' title="bbox 304 3443 1891 3516">
     <span class='ocr_line' id='line_1_32' title="bbox 304 3443 1891 3516; baseline 0.002 -18"><span class='ocrx_word' id='word_1_198' title='bbox 304 3443 610 3498; x_wconf 83' lang='lat' dir='ltr'><strong>belluinum</strong></span> <span class='ocrx_word' id='word_1_199' title='bbox 644 3454 837 3500; x_wconf 86' lang='lat' dir='ltr'><strong>contra</strong></span> <span class='ocrx_word' id='word_1_200' title='bbox 876 3459 1036 3500; x_wconf 87' lang='lat' dir='ltr'><strong>suum</strong></span> <span class='ocrx_word' id='word_1_201' title='bbox 1083 3446 1322 3510; x_wconf 84' lang='lat' dir='ltr'><strong>afﬁnem,</strong></span> <span class='ocrx_word' id='word_1_202' title='bbox 1352 3463 1381 3501; x_wconf 92' lang='lat' dir='ltr'><strong>a</strong></span> <span class='ocrx_word' id='word_1_203' title='bbox 1412 3463 1523 3516; x_wconf 93' lang='lat' dir='ltr'><strong>quo</strong></span> <span class='ocrx_word' id='word_1_204' title='bbox 1548 3447 1713 3503; x_wconf 66' lang='lat' dir='ltr'><strong>laesus</strong></span> <span class='ocrx_word' id='word_1_205' title='bbox 1749 3464 1891 3501; x_wconf 89' lang='lat' dir='ltr'><strong>nun-</strong></span> 
     </span>
    </p>
   </div>
   <div class='ocr_carea' id='block_1_33' title="bbox 303 3533 1892 3608">
    <p class='ocr_par' dir='ltr' id='par_1_33' title="bbox 303 3533 1892 3608">
     <span class='ocr_line' id='line_1_33' title="bbox 303 3533 1892 3608; baseline 0.003 -20"><span class='ocrx_word' id='word_1_206' title='bbox 303 3549 468 3604; x_wconf 83' lang='lat' dir='ltr'><strong>quam</strong></span> <span class='ocrx_word' id='word_1_207' title='bbox 498 3533 700 3596; x_wconf 88' lang='lat' dir='ltr'><strong>fuerat,</strong></span> <span class='ocrx_word' id='word_1_208' title='bbox 729 3535 1002 3591; x_wconf 82' lang='lat' dir='ltr'><strong>meditans</strong></span> <span class='ocrx_word' id='word_1_209' title='bbox 1037 3535 1154 3606; x_wconf 89' lang='lat' dir='ltr'><strong>ipse</strong></span> <span class='ocrx_word' id='word_1_210' title='bbox 1179 3552 1369 3592; x_wconf 84' lang='lat' dir='ltr'><strong>secum</strong></span> <span class='ocrx_word' id='word_1_211' title='bbox 1398 3552 1511 3607; x_wconf 91' lang='lat' dir='ltr'><strong>quo</strong></span> <span class='ocrx_word' id='word_1_212' title='bbox 1536 3549 1699 3608; x_wconf 86' lang='lat' dir='ltr'><strong>pacto</strong></span> <span class='ocrx_word' id='word_1_213' title='bbox 1724 3538 1892 3593; x_wconf 89' lang='lat' dir='ltr'><strong>mise-</strong></span> 
     </span>
    </p>
   </div>
   <div class='ocr_carea' id='block_1_34' title="bbox 305 3625 1894 3701">
    <p class='ocr_par' dir='ltr' id='par_1_34' title="bbox 305 3625 1894 3701">
     <span class='ocr_line' id='line_1_34' title="bbox 305 3625 1894 3701; baseline 0.003 -20"><span class='ocrx_word' id='word_1_214' title='bbox 305 3643 426 3681; x_wconf 88' lang='lat' dir='ltr'><strong>rum</strong></span> <span class='ocrx_word' id='word_1_215' title='bbox 448 3625 741 3696; x_wconf 82' lang='lat' dir='ltr'><strong>Apsimaro</strong></span> <span class='ocrx_word' id='word_1_216' title='bbox 775 3628 1045 3695; x_wconf 62' lang='lat' dir='ltr'><strong>quaerenti</strong></span> <span class='ocrx_word' id='word_1_217' title='bbox 1075 3629 1359 3697; x_wconf 77' lang='lat' dir='ltr'><strong>proderet.</strong></span> <span class='ocrx_word' id='word_1_218' title='bbox 1386 3628 1432 3683; x_wconf 90' lang='grc' dir='ltr'>Ο</span> <span class='ocrx_word' id='word_1_219' title='bbox 1459 3645 1678 3697; x_wconf 90' lang='lat' dir='ltr'><strong>aurum,</strong></span> <span class='ocrx_word' id='word_1_220' title='bbox 1708 3629 1894 3701; x_wconf 80' lang='lat' dir='ltr'><strong>prodi-</strong></span> 
     </span>
    </p>
   </div>
   <div class='ocr_carea' id='block_1_35' title="bbox 306 3716 1892 3787">
    <p class='ocr_par' dir='ltr' id='par_1_35' title="bbox 306 3716 1892 3787">
     <span class='ocr_line' id='line_1_35' title="bbox 306 3716 1892 3787; baseline 0.003 -18"><span class='ocrx_word' id='word_1_221' title='bbox 306 3726 413 3779; x_wconf 90' lang='lat' dir='ltr'><strong>tor,</strong></span> <span class='ocrx_word' id='word_1_222' title='bbox 449 3724 681 3787; x_wconf 76' lang='lat' dir='ltr'><strong>tyranne</strong></span> <span class='ocrx_word' id='word_1_223' title='bbox 713 3729 994 3785; x_wconf 84' lang='lat' dir='ltr'><strong>perverse,</strong></span> <span class='ocrx_word' id='word_1_224' title='bbox 1020 3716 1268 3772; x_wconf 79' lang='lat' dir='ltr'><strong>malefice</strong></span> <span class='ocrx_word' id='word_1_225' title='bbox 1292 3716 1596 3773; x_wconf 88' lang='lat' dir='ltr'><strong>amicorum</strong></span> <span class='ocrx_word' id='word_1_226' title='bbox 1616 3719 1892 3785; x_wconf 87' lang='lat' dir='ltr'><strong>venditor,</strong></span> 
     </span>
    </p>
   </div>
   <div class='ocr_carea' id='block_1_36' title="bbox 306 3808 1896 3880">
    <p class='ocr_par' dir='ltr' id='par_1_36' title="bbox 306 3808 1896 3880">
     <span class='ocr_line' id='line_1_36' title="bbox 306 3808 1896 3880; baseline 0.003 -17"><span class='ocrx_word' id='word_1_227' title='bbox 306 3810 517 3880; x_wconf 84' lang='lat' dir='ltr'><strong>proprii</strong></span> <span class='ocrx_word' id='word_1_228' title='bbox 547 3811 768 3879; x_wconf 76' lang='lat' dir='ltr'><strong>generis</strong></span> <span class='ocrx_word' id='word_1_229' title='bbox 810 3808 1153 3873; x_wconf 85' lang='lat' dir='ltr'><strong>interfector,</strong></span> <span class='ocrx_word' id='word_1_230' title='bbox 1201 3812 1332 3880; x_wconf 88' lang='lat' dir='ltr'><strong>quid</strong></span> <span class='ocrx_word' id='word_1_231' title='bbox 1374 3811 1480 3866; x_wconf 86' lang='lat' dir='ltr'><strong>hoc</strong></span> <span class='ocrx_word' id='word_1_232' title='bbox 1512 3822 1598 3867; x_wconf 91' lang='lat' dir='ltr'><strong>est</strong></span> <span class='ocrx_word' id='word_1_233' title='bbox 1634 3812 1752 3868; x_wconf 89' lang='lat' dir='ltr'><strong>rei?</strong></span> <span class='ocrx_word' id='word_1_234' title='bbox 1796 3829 1896 3868; x_wconf 83' lang='lat' dir='ltr'><strong>cur</strong></span> 
     </span>
    </p>
   </div>
   <div class='ocr_carea' id='block_1_37' title="bbox 308 3902 1896 3973">
    <p class='ocr_par' dir='ltr' id='par_1_37' title="bbox 308 3902 1896 3973">
     <span class='ocr_line' id='line_1_37' title="bbox 308 3902 1896 3973; baseline 0.003 -17"><span class='ocrx_word' id='word_1_235' title='bbox 308 3915 492 3957; x_wconf 84' lang='lat' dir='ltr'><strong>tecum</strong></span> <span class='ocrx_word' id='word_1_236' title='bbox 513 3902 629 3972; x_wconf 90' lang='lat' dir='ltr'><strong>ipse</strong></span> <span class='ocrx_word' id='word_1_237' title='bbox 645 3912 854 3958; x_wconf 88' lang='lat' dir='ltr'><strong>mutato</strong></span> <span class='ocrx_word' id='word_1_238' title='bbox 875 3902 1107 3958; x_wconf 89' lang='lat' dir='ltr'><strong>consilio</strong></span> <span class='ocrx_word' id='word_1_239' title='bbox 1136 3903 1384 3973; x_wconf 88' lang='lat' dir='ltr'><strong>pugnas?</strong></span> <span class='ocrx_word' id='word_1_240' title='bbox 1406 3919 1505 3958; x_wconf 89' lang='lat' dir='ltr'><strong>cur</strong></span> <span class='ocrx_word' id='word_1_241' title='bbox 1522 3905 1896 3961; x_wconf 85' lang='lat' dir='ltr'><strong>inconstantes</strong></span> 
     </span>
    </p>
   </div>
   <div class='ocr_carea' id='block_1_38' title="bbox 307 3992 1898 4051">
    <p class='ocr_par' dir='ltr' id='par_1_38' title="bbox 307 3992 1898 4051">
     <span class='ocr_line' id='line_1_38' title="bbox 307 3992 1898 4051; baseline 0.002 -4"><span class='ocrx_word' id='word_1_242' title='bbox 307 3992 482 4047; x_wconf 78' lang='lat' dir='ltr'><strong>facis?</strong></span> <span class='ocrx_word' id='word_1_243' title='bbox 527 4008 630 4047; x_wconf 90' lang='lat' dir='ltr'><strong>cur</strong></span> <span class='ocrx_word' id='word_1_244' title='bbox 667 3993 725 4045; x_wconf 88' lang='lat' dir='ltr'><strong>in</strong></span> <span class='ocrx_word' id='word_1_245' title='bbox 783 3993 947 4046; x_wconf 89' lang='lat' dir='ltr'><strong>aliam</strong></span> <span class='ocrx_word' id='word_1_246' title='bbox 986 3992 1180 4048; x_wconf 81' lang='lat' dir='ltr'><strong>faciem</strong></span> <span class='ocrx_word' id='word_1_247' title='bbox 1224 4002 1406 4049; x_wconf 88' lang='lat' dir='ltr'><strong>mutas</strong></span> <span class='ocrx_word' id='word_1_248' title='bbox 1444 4010 1636 4049; x_wconf 91' lang='lat' dir='ltr'><strong>eorum</strong></span> <span class='ocrx_word' id='word_1_249' title='bbox 1685 4004 1898 4051; x_wconf 81' lang='lat' dir='ltr'><strong>mentes</strong></span> 
     </span>
    </p>
   </div>
   <div class='ocr_carea' id='block_1_39' title="bbox 308 4083 1897 4155">
    <p class='ocr_par' dir='ltr' id='par_1_39' title="bbox 308 4083 1897 4155">
     <span class='ocr_line' id='line_1_39' title="bbox 308 4083 1897 4155; baseline 0.003 -19"><span class='ocrx_word' id='word_1_250' title='bbox 308 4083 403 4154; x_wconf 87' lang='lat' dir='ltr'><strong>qni</strong></span> <span class='ocrx_word' id='word_1_251' title='bbox 434 4083 721 4153; x_wconf 82' lang='lat' dir='ltr'><strong>simplices</strong></span> <span class='ocrx_word' id='word_1_252' title='bbox 762 4092 821 4139; x_wconf 88' lang='lat' dir='ltr'><strong>et</strong></span> <span class='ocrx_word' id='word_1_253' title='bbox 869 4084 1151 4140; x_wconf 83' lang='lat' dir='ltr'><strong>varietatis</strong></span> <span class='ocrx_word' id='word_1_254' title='bbox 1196 4093 1450 4155; x_wconf 84' lang='lat' dir='ltr'><strong>expertes</strong></span> <span class='ocrx_word' id='word_1_255' title='bbox 1485 4101 1514 4140; x_wconf 87' lang='lat' dir='ltr'><strong>a</strong></span> <span class='ocrx_word' id='word_1_256' title='bbox 1562 4085 1676 4141; x_wconf 90' lang='lat' dir='ltr'><strong>Deo</strong></span> <span class='ocrx_word' id='word_1_257' title='bbox 1726 4087 1897 4142; x_wconf 87' lang='lat' dir='ltr'><strong>creati</strong></span> 
     </span>
    </p>
   </div>
   <div class='ocr_carea' id='block_1_40' title="bbox 308 4174 1900 4245">
    <p class='ocr_par' dir='ltr' id='par_1_40' title="bbox 308 4174 1900 4245">
     <span class='ocr_line' id='line_1_40' title="bbox 308 4174 1900 4245; baseline 0.003 -14"><span class='ocrx_word' id='word_1_258' title='bbox 308 4177 464 4231; x_wconf 81' lang='lat' dir='ltr'><strong>sunt?</strong></span> <span class='ocrx_word' id='word_1_259' title='bbox 494 4175 605 4231; x_wconf 88' lang='lat' dir='ltr'><strong>Sed</strong></span> <span class='ocrx_word' id='word_1_260' title='bbox 642 4175 789 4229; x_wconf 89' lang='lat' dir='ltr'><strong>enim</strong></span> <span class='ocrx_word' id='word_1_261' title='bbox 816 4175 1028 4245; x_wconf 89' lang='lat' dir='ltr'><strong>idquod</strong></span> <span class='ocrx_word' id='word_1_262' title='bbox 1044 4174 1291 4231; x_wconf 83' lang='lat' dir='ltr'><strong>futurum</strong></span> <span class='ocrx_word' id='word_1_263' title='bbox 1310 4177 1602 4243; x_wconf 89' lang='lat' dir='ltr'><strong>est,semel</strong></span> <span class='ocrx_word' id='word_1_264' title='bbox 1631 4178 1900 4235; x_wconf 87' lang='lat' dir='ltr'><strong>divinitus</strong></span> 
     </span>
    </p>
   </div>
   <div class='ocr_carea' id='block_1_41' title="bbox 308 4266 1900 4339">
    <p class='ocr_par' dir='ltr' id='par_1_41' title="bbox 308 4266 1900 4339">
     <span class='ocr_line' id='line_1_41' title="bbox 308 4266 1900 4339; baseline 0 -16"><span class='ocrx_word' id='word_1_265' title='bbox 308 4268 632 4332; x_wconf 88' lang='lat' dir='ltr'><strong>decretum,</strong></span> <span class='ocrx_word' id='word_1_266' title='bbox 662 4281 766 4322; x_wconf 89' lang='lat' dir='ltr'><strong>nec</strong></span> <span class='ocrx_word' id='word_1_267' title='bbox 800 4281 1013 4333; x_wconf 89' lang='lat' dir='ltr'><strong>murus,</strong></span> <span class='ocrx_word' id='word_1_268' title='bbox 1046 4276 1106 4321; x_wconf 90' lang='lat' dir='ltr'><strong>ut</strong></span> <span class='ocrx_word' id='word_1_269' title='bbox 1142 4266 1319 4331; x_wconf 88' lang='lat' dir='ltr'><strong>aiunt,</strong></span> <span class='ocrx_word' id='word_1_270' title='bbox 1361 4267 1596 4335; x_wconf 88' lang='lat' dir='ltr'><strong>ferreus,</strong></span> <span class='ocrx_word' id='word_1_271' title='bbox 1625 4284 1724 4323; x_wconf 91' lang='lat' dir='ltr'><strong>nec</strong></span> <span class='ocrx_word' id='word_1_272' title='bbox 1756 4268 1900 4339; x_wconf 81' lang='lat' dir='ltr'><strong>ignis</strong></span> 
     </span>
    </p>
   </div>
   <div class='ocr_carea' id='block_1_42' title="bbox 310 4360 1902 4432">
    <p class='ocr_par' dir='ltr' id='par_1_42' title="bbox 310 4360 1902 4432">
     <span class='ocr_line' id='line_1_42' title="bbox 310 4360 1902 4432; baseline 0.001 -16"><span class='ocrx_word' id='word_1_273' title='bbox 310 4360 586 4432; x_wconf 89' lang='lat' dir='ltr'><strong>impedire</strong></span> <span class='ocrx_word' id='word_1_274' title='bbox 607 4360 828 4430; x_wconf 89' lang='lat' dir='ltr'><strong>poterit.</strong></span> <span class='ocrx_word' id='word_1_275' title='bbox 844 4360 1189 4416; x_wconf 75' lang='lat' dir='ltr'><strong>.lustinianus</strong></span> <span class='ocrx_word' id='word_1_276' title='bbox 1203 4361 1349 4416; x_wconf 85' lang='lat' dir='ltr'><strong>enim</strong></span> <span class='ocrx_word' id='word_1_277' title='bbox 1368 4361 1598 4431; x_wconf 86' lang='lat' dir='ltr'><strong>chagani</strong></span> <span class='ocrx_word' id='word_1_278' title='bbox 1614 4361 1902 4417; x_wconf 81' lang='lat' dir='ltr'><strong>fraudibus</strong></span> 
     </span>
    </p>
   </div>
   <div class='ocr_carea' id='block_1_43' title="bbox 308 4450 1895 4523">
    <p class='ocr_par' dir='ltr' id='par_1_43' title="bbox 308 4450 1895 4523">
     <span class='ocr_line' id='line_1_43' title="bbox 308 4450 1895 4523; baseline -0.002 -14"><span class='ocrx_word' id='word_1_279' title='bbox 308 4465 364 4509; x_wconf 88' lang='lat' dir='ltr'><strong>et</strong></span> <span class='ocrx_word' id='word_1_280' title='bbox 392 4452 649 4509; x_wconf 85' lang='lat' dir='ltr'><strong>consiliis</strong></span> <span class='ocrx_word' id='word_1_281' title='bbox 693 4452 997 4522; x_wconf 85' lang='lat' dir='ltr'><strong>perspectis</strong></span> <span class='ocrx_word' id='word_1_282' title='bbox 1025 4450 1151 4520; x_wconf 81' lang='lat' dir='ltr'><strong>fuga</strong></span> <span class='ocrx_word' id='word_1_283' title='bbox 1198 4452 1362 4506; x_wconf 87' lang='lat' dir='ltr'><strong>saluti</strong></span> <span class='ocrx_word' id='word_1_284' title='bbox 1408 4452 1671 4515; x_wconf 89' lang='lat' dir='ltr'><strong>consulit,</strong></span> <span class='ocrx_word' id='word_1_285' title='bbox 1697 4450 1895 4523; x_wconf 84' lang='lat' dir='ltr'><strong>adjun-</strong></span> 
     </span>
    </p>
   </div>
   <div class='ocr_carea' id='block_1_44' title="bbox 1402 383 2432 477">
    <p class='ocr_par' dir='ltr' id='par_1_44' title="bbox 1402 383 2432 477">
     <span class='ocr_line' id='line_1_44' title="bbox 1402 383 2432 477; baseline 0.002 -2"><span class='ocrx_word' id='word_1_286' title='bbox 1402 383 1910 477; x_wconf 76' lang='lat' dir='ltr'><strong>COMPENDIUM</strong></span> <span class='ocrx_word' id='word_1_287' title='bbox 1951 411 2432 477; x_wconf 71' lang='lat' dir='ltr'><strong>cnnomcun.</strong></span> 
     </span>
    </p>
   </div>
   <div class='ocr_carea' id='block_1_45' title="bbox 3455 419 3561 486">
    <p class='ocr_par' dir='ltr' id='par_1_45' title="bbox 3455 419 3561 486">
     <span class='ocr_line' id='line_1_45' title="bbox 3455 419 3561 486; baseline 0.038 -4"><span class='ocrx_word' id='word_1_288' title='bbox 3455 419 3561 486; x_wconf 82' lang='lat'><strong>370</strong></span> 
     </span>
    </p>
   </div>
   <div class='ocr_carea' id='block_1_46' title="bbox 1904 529 3507 605">
    <p class='ocr_par' dir='ltr' id='par_1_46' title="bbox 1904 529 3507 605">
     <span class='ocr_line' id='line_1_46' title="bbox 1904 529 3507 605; baseline 0.002 -21"><span class='ocrx_word' id='word_1_289' title='bbox 1904 535 1949 591; x_wconf 75' lang='grc' dir='ltr'>Α</span> <span class='ocrx_word' id='word_1_290' title='bbox 1978 529 2135 584; x_wconf 72' lang='grc' dir='ltr'>Οὕτω</span> <span class='ocrx_word' id='word_1_291' title='bbox 2172 531 2333 584; x_wconf 76' lang='grc' dir='ltr'>κακοὶ</span> <span class='ocrx_word' id='word_1_292' title='bbox 2363 532 2473 592; x_wconf 83' lang='grc' dir='ltr'>τοῖς</span> <span class='ocrx_word' id='word_1_293' title='bbox 2499 530 2802 601; x_wconf 71' lang='grc' dir='ltr'>ὀφθαλμοῖς</span> <span class='ocrx_word' id='word_1_294' title='bbox 2831 530 3146 585; x_wconf 78' lang='grc' dir='ltr'>ὑπόκεινται</span> <span class='ocrx_word' id='word_1_295' title='bbox 3178 534 3277 604; x_wconf 83' lang='grc' dir='ltr'>τῆς</span> <span class='ocrx_word' id='word_1_296' title='bbox 3311 533 3467 605; x_wconf 82' lang='grc' dir='ltr'>δίκης</span> <span class='ocrx_word' id='word_1_297' title='bbox 3494 552 3507 567; x_wconf 88' lang='grc'><strong>·</strong></span> 
     </span>
    </p>
   </div>
   <div class='ocr_carea' id='block_1_47' title="bbox 1987 618 3333 693">
    <p class='ocr_par' dir='ltr' id='par_1_47' title="bbox 1987 618 3333 693">
     <span class='ocr_line' id='line_1_47' title="bbox 1987 618 3333 693; baseline 0.004 -22"><span class='ocrx_word' id='word_1_298' title='bbox 1987 619 2105 672; x_wconf 78' lang='grc' dir='ltr'><strong>Κᾶν</strong></span> <span class='ocrx_word' id='word_1_299' title='bbox 2132 621 2443 689; x_wconf 78' lang='grc' dir='ltr'>παραυτίκα</span> <span class='ocrx_word' id='word_1_300' title='bbox 2475 618 2687 690; x_wconf 78' lang='grc' dir='ltr'>φύγωσι</span> <span class='ocrx_word' id='word_1_301' title='bbox 2721 624 2789 677; x_wconf 71' lang='grc' dir='ltr'>τὰ</span> <span class='ocrx_word' id='word_1_302' title='bbox 2822 623 2921 692; x_wconf 81' lang='grc' dir='ltr'>τῆς</span> <span class='ocrx_word' id='word_1_303' title='bbox 2954 623 3333 693; x_wconf 85' lang='grc' dir='ltr'>ποινηλασίας,</span> 
     </span>
    </p>
   </div>
   <div class='ocr_carea' id='block_1_48' title="bbox 1998 710 3419 785">
    <p class='ocr_par' dir='ltr' id='par_1_48' title="bbox 1998 710 3419 785">
     <span class='ocr_line' id='line_1_48' title="bbox 1998 710 3419 785; baseline 0.006 -22"><span class='ocrx_word' id='word_1_304' title='bbox 1998 710 2136 763; x_wconf 77' lang='grc' dir='ltr'>Ἀλλ’</span> <span class='ocrx_word' id='word_1_305' title='bbox 2169 710 2395 783; x_wconf 75' lang='grc' dir='ltr'>ὕστερον</span> <span class='ocrx_word' id='word_1_306' title='bbox 2417 713 2680 783; x_wconf 76' lang='grc' dir='ltr'>ὑπέχουσι</span> <span class='ocrx_word' id='word_1_307' title='bbox 2721 716 2978 785; x_wconf 74' lang='grc' dir='ltr'>μείζονας</span> <span class='ocrx_word' id='word_1_308' title='bbox 3016 721 3114 779; x_wconf 75' lang='grc' dir='ltr'><strong>τὰς</strong></span> <span class='ocrx_word' id='word_1_309' title='bbox 3144 717 3419 782; x_wconf 79' lang='grc' dir='ltr'>κολάσεις.</span> 
     </span>
    </p>
   </div>
   <div class='ocr_carea' id='block_1_49' title="bbox 1983 804 3512 882">
    <p class='ocr_par' dir='ltr' id='par_1_49' title="bbox 1983 804 3512 882">
     <span class='ocr_line' id='line_1_49' title="bbox 1983 804 3512 882; baseline 0.008 -26"><span class='ocrx_word' id='word_1_310' title='bbox 1983 804 2061 857; x_wconf 85' lang='grc' dir='ltr'><strong>Οὐ</strong></span> <span class='ocrx_word' id='word_1_311' title='bbox 2094 805 2279 874; x_wconf 86' lang='grc' dir='ltr'>μόνοις</span> <span class='ocrx_word' id='word_1_312' title='bbox 2308 806 2363 859; x_wconf 87' lang='grc' dir='ltr'>δὲ</span> <span class='ocrx_word' id='word_1_313' title='bbox 2396 808 2507 869; x_wconf 80' lang='grc' dir='ltr'>τοῖς</span> <span class='ocrx_word' id='word_1_314' title='bbox 2536 807 2798 878; x_wconf 84' lang='grc' dir='ltr'>ἀρχηγοῖς</span> <span class='ocrx_word' id='word_1_315' title='bbox 2829 810 3043 872; x_wconf 85' lang='grc' dir='ltr'>τούτοις</span> <span class='ocrx_word' id='word_1_316' title='bbox 3063 811 3163 880; x_wconf 81' lang='grc' dir='ltr'>τῆς</span> <span class='ocrx_word' id='word_1_317' title='bbox 3195 812 3512 882; x_wconf 79' lang='grc' dir='ltr'>τυραννίδος</span> 
     </span>
    </p>
   </div>
   <div class='ocr_carea' id='block_1_50' title="bbox 1995 895 3249 975">
    <p class='ocr_par' dir='ltr' id='par_1_50' title="bbox 1995 895 3249 975">
     <span class='ocr_line' id='line_1_50' title="bbox 1995 895 3249 975; baseline 0.007 -29"><span class='ocrx_word' id='word_1_318' title='bbox 1995 895 2276 948; x_wconf 82' lang='grc' dir='ltr'>Ἑπέσεισε</span> <span class='ocrx_word' id='word_1_319' title='bbox 2306 897 2398 949; x_wconf 80' lang='grc' dir='ltr'><strong>τὸν</strong></span> <span class='ocrx_word' id='word_1_320' title='bbox 2432 897 2652 967; x_wconf 84' lang='grc' dir='ltr'>σίδηρον</span> <span class='ocrx_word' id='word_1_321' title='bbox 2676 900 2974 971; x_wconf 80' lang='grc' dir='ltr'>ἐκδικητὴν</span> <span class='ocrx_word' id='word_1_322' title='bbox 2993 895 3069 955; x_wconf 84' lang='grc' dir='ltr'>ὧν</span> <span class='ocrx_word' id='word_1_323' title='bbox 3100 902 3249 975; x_wconf 76' lang='grc' dir='ltr'>ἔτλη,</span> 
     </span>
    </p>
   </div>
   <div class='ocr_carea' id='block_1_51' title="bbox 1995 986 3427 1064">
    <p class='ocr_par' dir='ltr' id='par_1_51' title="bbox 1995 986 3427 1064">
     <span class='ocr_line' id='line_1_51' title="bbox 1995 986 3427 1064; baseline 0.008 -25"><span class='ocrx_word' id='word_1_324' title='bbox 1995 986 2157 1041; x_wconf 85' lang='grc' dir='ltr'>Ἀλλά</span> <span class='ocrx_word' id='word_1_325' title='bbox 2182 1003 2245 1056; x_wconf 88' lang='grc' dir='ltr'><strong>γε</strong></span> <span class='ocrx_word' id='word_1_326' title='bbox 2276 990 2372 1042; x_wconf 82' lang='grc' dir='ltr'>καὶ</span> <span class='ocrx_word' id='word_1_327' title='bbox 2399 989 2724 1044; x_wconf 84' lang='grc' dir='ltr'>Καλλίνικον</span> <span class='ocrx_word' id='word_1_328' title='bbox 2756 993 2975 1056; x_wconf 79' lang='grc' dir='ltr'>αἰκίσας</span> <span class='ocrx_word' id='word_1_329' title='bbox 3003 995 3097 1047; x_wconf 73' lang='grc' dir='ltr'>καὶ</span> <span class='ocrx_word' id='word_1_330' title='bbox 3131 996 3427 1064; x_wconf 80' lang='grc' dir='ltr'>χλευάσας,</span> 
     </span>
    </p>
   </div>
   <div class='ocr_carea' id='block_1_52' title="bbox 1982 1078 3273 1156">
    <p class='ocr_par' dir='ltr' id='par_1_52' title="bbox 1982 1078 3273 1156">
     <span class='ocr_line' id='line_1_52' title="bbox 1982 1078 3273 1156; baseline 0.008 -25"><span class='ocrx_word' id='word_1_331' title='bbox 1982 1078 2088 1131; x_wconf 80' lang='grc' dir='ltr'>Τὸν</span> <span class='ocrx_word' id='word_1_332' title='bbox 2120 1079 2582 1150; x_wconf 85' lang='grc' dir='ltr'>άρχιερατεύοντα</span> <span class='ocrx_word' id='word_1_333' title='bbox 2610 1083 2815 1152; x_wconf 82' lang='grc' dir='ltr'>ταύτης</span> <span class='ocrx_word' id='word_1_334' title='bbox 2846 1086 2944 1156; x_wconf 79' lang='grc' dir='ltr'>τῆς</span> <span class='ocrx_word' id='word_1_335' title='bbox 2979 1086 3273 1156; x_wconf 80' lang='grc' dir='ltr'>βασιλίδος,</span> 
     </span>
    </p>
   </div>
   <div class='ocr_carea' id='block_1_53' title="bbox 1984 1170 3284 1248">
    <p class='ocr_par' dir='ltr' id='par_1_53' title="bbox 1984 1170 3284 1248">
     <span class='ocr_line' id='line_1_53' title="bbox 1984 1170 3284 1248; baseline 0.005 -24"><span class='ocrx_word' id='word_1_336' title='bbox 1984 1170 2095 1225; x_wconf 80' lang='lat' dir='ltr'><strong>Kal</strong></span> <span class='ocrx_word' id='word_1_337' title='bbox 2127 1172 2429 1244; x_wconf 82' lang='grc' dir='ltr'>παιδαρίων</span> <span class='ocrx_word' id='word_1_338' title='bbox 2453 1173 2677 1244; x_wconf 78' lang='grc' dir='ltr'>θέμενος</span> <span class='ocrx_word' id='word_1_339' title='bbox 2704 1173 2861 1247; x_wconf 73' lang='grc' dir='ltr'>ὓϐριν</span> <span class='ocrx_word' id='word_1_340' title='bbox 2898 1178 3284 1248; x_wconf 80' lang='grc' dir='ltr'>μωρονηπὲων,</span> 
     </span>
    </p>
   </div>
   <div class='ocr_carea' id='block_1_54' title="bbox 1982 1262 3561 1340">
    <p class='ocr_par' dir='ltr' id='par_1_54' title="bbox 1982 1262 3561 1340">
     <span class='ocr_line' id='line_1_54' title="bbox 1982 1262 3561 1340; baseline 0.006 -26"><span class='ocrx_word' id='word_1_341' title='bbox 1982 1262 2150 1326; x_wconf 84' lang='grc' dir='ltr'>Τέλος</span> <span class='ocrx_word' id='word_1_342' title='bbox 2174 1263 2485 1316; x_wconf 79' lang='grc' dir='ltr'>άπὲσδεσεν</span> <span class='ocrx_word' id='word_1_343' title='bbox 2511 1264 2677 1316; x_wconf 82' lang='grc' dir='ltr'>αὑτοῦ</span> <span class='ocrx_word' id='word_1_344' title='bbox 2707 1266 2802 1318; x_wconf 82' lang='grc' dir='ltr'>τοῦ</span> <span class='ocrx_word' id='word_1_345' title='bbox 2831 1265 3086 1336; x_wconf 82' lang='grc' dir='ltr'>σώματος</span> <span class='ocrx_word' id='word_1_346' title='bbox 3120 1270 3251 1332; x_wconf 74' lang='grc' dir='ltr'>τοὺς</span> <span class='ocrx_word' id='word_1_347' title='bbox 3289 1268 3523 1340; x_wconf 69' lang='grc' dir='ltr'>λύχνους</span> <span class='ocrx_word' id='word_1_348' title='bbox 3549 1287 3561 1301; x_wconf 92' lang='grc'><strong>·</strong></span> 
     </span>
    </p>
   </div>
   <div class='ocr_carea' id='block_1_55' title="bbox 1983 1348 3568 1430">
    <p class='ocr_par' dir='ltr' id='par_1_55' title="bbox 1983 1348 3568 1430">
     <span class='ocr_line' id='line_1_55' title="bbox 1983 1348 3568 1430; baseline 0.005 -24"><span class='ocrx_word' id='word_1_349' title='bbox 1983 1348 2092 1407; x_wconf 79' lang='grc' dir='ltr'><strong>Ἱιν</strong></span> <span class='ocrx_word' id='word_1_350' title='bbox 2122 1353 2230 1425; x_wconf 84' lang='grc' dir='ltr'><strong>γάρ</strong></span> <span class='ocrx_word' id='word_1_351' title='bbox 2270 1371 2355 1406; x_wconf 89' lang='grc' dir='ltr'><strong>τοι</strong></span> <span class='ocrx_word' id='word_1_352' title='bbox 2401 1355 2495 1408; x_wconf 62' lang='grc' dir='ltr'><strong>καὶ⁹</strong></span> <span class='ocrx_word' id='word_1_353' title='bbox 2531 1355 2808 1420; x_wconf 85' lang='grc' dir='ltr'>συναίτιος</span> <span class='ocrx_word' id='word_1_354' title='bbox 2841 1357 2888 1389; x_wconf 71' lang='grc'><strong>’⁵⁸</strong></span> <span class='ocrx_word' id='word_1_355' title='bbox 2940 1358 3033 1411; x_wconf 78' lang='grc' dir='ltr'>καὶ</span> <span class='ocrx_word' id='word_1_356' title='bbox 3062 1359 3265 1430; x_wconf 80' lang='grc' dir='ltr'>ρἑτης</span> <span class='ocrx_word' id='word_1_357' title='bbox 3299 1361 3392 1412; x_wconf 74' lang='grc' dir='ltr'><strong>καὶ</strong></span> <span class='ocrx_word' id='word_1_358' title='bbox 3439 1379 3568 1414; x_wconf 77' lang='grc' dir='ltr'>συν-</span> 
     </span>
    </p>
   </div>
   <div class='ocr_carea' id='block_1_56' title="bbox 3301 1451 3496 1524">
    <p class='ocr_par' dir='ltr' id='par_1_56' title="bbox 3301 1451 3496 1524">
     <span class='ocr_line' id='line_1_56' title="bbox 3301 1451 3496 1524; baseline 0 -19"><span class='ocrx_word' id='word_1_359' title='bbox 3301 1451 3496 1524; x_wconf 84' lang='grc' dir='ltr'>[ίστωρ</span> 
     </span>
    </p>
   </div>
   <div class='ocr_carea' id='block_1_57' title="bbox 1886 1516 3263 1613">
    <p class='ocr_par' dir='ltr' id='par_1_57' title="bbox 1886 1516 3263 1613">
     <span class='ocr_line' id='line_1_57' title="bbox 1886 1516 3263 1613; baseline 0.007 -27"><span class='ocrx_word' id='word_1_360' title='bbox 1886 1568 1893 1577; x_wconf 70' lang='grc' dir='ltr'><strong>ι</strong></span> <span class='ocrx_word' id='word_1_361' title='bbox 1984 1535 2106 1592; x_wconf 87' lang='grc' dir='ltr'><strong>Τῶν</strong></span> <span class='ocrx_word' id='word_1_362' title='bbox 2140 1516 2221 1601; x_wconf 75' lang='grc' dir='ltr'><strong>εἰς</strong></span> <span class='ocrx_word' id='word_1_363' title='bbox 2245 1538 2624 1593; x_wconf 83' lang='grc' dir='ltr'>Ἰουστινιανόν</span> <span class='ocrx_word' id='word_1_364' title='bbox 2653 1557 2782 1593; x_wconf 86' lang='grc' dir='ltr'>ποτε</span> <span class='ocrx_word' id='word_1_365' title='bbox 2818 1543 3263 1613; x_wconf 74' lang='grc' dir='ltr'>τετολμημένων.</span> 
     </span>
    </p>
   </div>
   <div class='ocr_carea' id='block_1_58' title="bbox 1984 1629 3491 1708">
    <p class='ocr_par' dir='ltr' id='par_1_58' title="bbox 1984 1629 3491 1708">
     <span class='ocr_line' id='line_1_58' title="bbox 1984 1629 3491 1708; baseline 0.007 -27"><span class='ocrx_word' id='word_1_366' title='bbox 1984 1629 2057 1682; x_wconf 76' lang='grc' dir='ltr'><strong>Οὐ</strong></span> <span class='ocrx_word' id='word_1_367' title='bbox 2091 1631 2198 1701; x_wconf 81' lang='grc' dir='ltr'>μὴν</span> <span class='ocrx_word' id='word_1_368' title='bbox 2225 1630 2360 1685; x_wconf 81' lang='grc' dir='ltr'>άλλά</span> <span class='ocrx_word' id='word_1_369' title='bbox 2384 1633 2478 1687; x_wconf 82' lang='grc' dir='ltr'>καὶ</span> <span class='ocrx_word' id='word_1_370' title='bbox 2503 1634 2647 1687; x_wconf 79' lang='grc' dir='ltr'>κατὰ</span> <span class='ocrx_word' id='word_1_371' title='bbox 2680 1633 2805 1688; x_wconf 81' lang='grc' dir='ltr'>νοῦν</span> <span class='ocrx_word' id='word_1_372' title='bbox 2830 1635 3160 1707; x_wconf 80' lang='grc' dir='ltr'>βαλλόμενος</span> <span class='ocrx_word' id='word_1_373' title='bbox 3200 1640 3230 1690; x_wconf 87' lang='grc' dir='ltr'>ὁ</span> <span class='ocrx_word' id='word_1_374' title='bbox 3266 1638 3491 1708; x_wconf 84' lang='grc' dir='ltr'>κράτωρ</span> 
     </span>
    </p>
   </div>
   <div class='ocr_carea' id='block_1_59' title="bbox 1986 1721 3294 1800">
    <p class='ocr_par' dir='ltr' id='par_1_59' title="bbox 1986 1721 3294 1800">
     <span class='ocr_line' id='line_1_59' title="bbox 1986 1721 3294 1800; baseline 0.007 -27"><span class='ocrx_word' id='word_1_375' title='bbox 1986 1721 2156 1781; x_wconf 83' lang='grc' dir='ltr'>Ὅσας</span> <span class='ocrx_word' id='word_1_376' title='bbox 2185 1723 2456 1795; x_wconf 76' lang='grc' dir='ltr'>ἐκέρασαν</span> <span class='ocrx_word' id='word_1_377' title='bbox 2484 1725 2635 1798; x_wconf 82' lang='grc' dir='ltr'>αὐτῷ</span> <span class='ocrx_word' id='word_1_378' title='bbox 2664 1726 2895 1793; x_wconf 86' lang='grc' dir='ltr'>κύλικας</span> <span class='ocrx_word' id='word_1_379' title='bbox 2926 1730 3294 1800; x_wconf 83' lang='grc' dir='ltr'>πικροπότους</span> 
     </span>
    </p>
   </div>
   <div class='ocr_carea' id='block_1_60' title="bbox 1986 1811 3425 1892">
    <p class='ocr_par' dir='ltr' id='par_1_60' title="bbox 1986 1811 3425 1892">
     <span class='ocr_line' id='line_1_60' title="bbox 1986 1811 3425 1892; baseline 0.007 -28"><span class='ocrx_word' id='word_1_380' title='bbox 1986 1811 2047 1864; x_wconf 80' lang='grc' dir='ltr'><strong>Οἱ</strong></span> <span class='ocrx_word' id='word_1_381' title='bbox 2076 1811 2185 1864; x_wconf 90' lang='grc' dir='ltr'><strong>τῶν</strong></span> <span class='ocrx_word' id='word_1_382' title='bbox 2216 1812 2382 1884; x_wconf 84' lang='grc' dir='ltr'>ὁρίων</span> <span class='ocrx_word' id='word_1_383' title='bbox 2410 1814 2653 1870; x_wconf 87' lang='grc' dir='ltr'>κάτοικοι</span> <span class='ocrx_word' id='word_1_384' title='bbox 2681 1816 2780 1888; x_wconf 85' lang='grc' dir='ltr'><strong>τῆς</strong></span> <span class='ocrx_word' id='word_1_385' title='bbox 2808 1819 3075 1890; x_wconf 82' lang='grc' dir='ltr'>Ποντικῆς</span> <span class='ocrx_word' id='word_1_386' title='bbox 3113 1819 3425 1892; x_wconf 83' lang='grc' dir='ltr'>Χερσῶνος,</span> 
     </span>
    </p>
   </div>
   <div class='ocr_carea' id='block_1_61' title="bbox 1914 1876 3421 1980">
    <p class='ocr_par' dir='ltr' id='par_1_61' title="bbox 1914 1876 3421 1980">
     <span class='ocr_line' id='line_1_61' title="bbox 1914 1876 3421 1980; baseline 0.009 -29"><span class='ocrx_word' id='word_1_387' title='bbox 1914 1876 1959 1936; x_wconf 69' lang='grc' dir='ltr'><strong>Β</strong></span> <span class='ocrx_word' id='word_1_388' title='bbox 1988 1900 2116 1954; x_wconf 88' lang='grc' dir='ltr'>Ὅτε</span> <span class='ocrx_word' id='word_1_389' title='bbox 2150 1876 2306 1971; x_wconf 74' lang='grc' dir='ltr'>διῆγε</span> <span class='ocrx_word' id='word_1_390' title='bbox 2336 1903 2468 1972; x_wconf 85' lang='grc' dir='ltr'>παρ’</span> <span class='ocrx_word' id='word_1_391' title='bbox 2496 1906 2677 1970; x_wconf 78' lang='grc' dir='ltr'>αὐτοῖς</span> <span class='ocrx_word' id='word_1_392' title='bbox 2708 1876 3003 1972; x_wconf 63' lang='grc' dir='ltr'>έπελαθεὶς</span> <span class='ocrx_word' id='word_1_393' title='bbox 3033 1876 3134 1962; x_wconf 62' lang='grc' dir='ltr'>τοῦ</span> <span class='ocrx_word' id='word_1_394' title='bbox 3162 1876 3421 1980; x_wconf 60' lang='grc' dir='ltr'>κράτους,</span> 
     </span>
    </p>
   </div>
   <div class='ocr_carea' id='block_1_62' title="bbox 1986 1991 3451 2071">
    <p class='ocr_par' dir='ltr' id='par_1_62' title="bbox 1986 1991 3451 2071">
     <span class='ocr_line' id='line_1_62' title="bbox 1986 1991 3451 2071; baseline 0.006 -26"><span class='ocrx_word' id='word_1_395' title='bbox 1986 1991 2124 2045; x_wconf 86' lang='grc' dir='ltr'>Ποτὲ</span> <span class='ocrx_word' id='word_1_396' title='bbox 2149 1992 2248 2062; x_wconf 78' lang='grc' dir='ltr'>μὲν</span> <span class='ocrx_word' id='word_1_397' title='bbox 2273 1993 2757 2061; x_wconf 84' lang='grc' dir='ltr'>ἁποσκώπτοντες,</span> <span class='ocrx_word' id='word_1_398' title='bbox 2798 1997 2927 2050; x_wconf 84' lang='grc' dir='ltr'>ποτὲ</span> <span class='ocrx_word' id='word_1_399' title='bbox 2951 1998 3009 2050; x_wconf 88' lang='grc' dir='ltr'>δὲ</span> <span class='ocrx_word' id='word_1_400' title='bbox 3038 1999 3451 2071; x_wconf 80' lang='grc' dir='ltr'>δυσφημοῦντες</span> 
     </span>
    </p>
   </div>
   <div class='ocr_carea' id='block_1_63' title="bbox 1986 2074 3561 2160">
    <p class='ocr_par' dir='ltr' id='par_1_63' title="bbox 1986 2074 3561 2160">
     <span class='ocr_line' id='line_1_63' title="bbox 1986 2074 3561 2160; baseline 0.008 -25"><span class='ocrx_word' id='word_1_401' title='bbox 1986 2084 2096 2136; x_wconf 77' lang='grc' dir='ltr'><strong>Καὶ</strong></span> <span class='ocrx_word' id='word_1_402' title='bbox 2123 2083 2334 2154; x_wconf 85' lang='grc' dir='ltr'>βέλεσιν</span> <span class='ocrx_word' id='word_1_403' title='bbox 2363 2086 2684 2159; x_wconf 86' lang='grc' dir='ltr'>ὀνειδισμῶν</span> <span class='ocrx_word' id='word_1_404' title='bbox 2717 2089 3031 2154; x_wconf 80' lang='grc' dir='ltr'>κεντοῦντες</span> <span class='ocrx_word' id='word_1_405' title='bbox 3063 2091 3490 2160; x_wconf 85' lang='grc' dir='ltr'>κακογλὼσσων,</span> <span class='ocrx_word' id='word_1_406' title='bbox 3556 2074 3561 2077; x_wconf 40' lang='grc'><em>’</em></span> 
     </span>
    </p>
   </div>
   <div class='ocr_carea' id='block_1_64' title="bbox 1988 2175 3341 2253">
    <p class='ocr_par' dir='ltr' id='par_1_64' title="bbox 1988 2175 3341 2253">
     <span class='ocr_line' id='line_1_64' title="bbox 1988 2175 3341 2253; baseline 0.007 -26"><span class='ocrx_word' id='word_1_407' title='bbox 1988 2175 2123 2229; x_wconf 63' lang='lat' dir='ltr'><strong>ﬂore</strong></span> <span class='ocrx_word' id='word_1_408' title='bbox 2147 2175 2639 2247; x_wconf 83' lang='grc' dir='ltr'>βυσσοδομεύοντες</span> <span class='ocrx_word' id='word_1_409' title='bbox 2672 2179 2867 2249; x_wconf 73' lang='grc' dir='ltr'>βουλὰς</span> <span class='ocrx_word' id='word_1_410' title='bbox 2897 2184 3341 2253; x_wconf 84' lang='grc' dir='ltr'>κακομηχάνους,</span> 
     </span>
    </p>
   </div>
   <div class='ocr_carea' id='block_1_65' title="bbox 1997 2264 3569 2345">
    <p class='ocr_par' dir='ltr' id='par_1_65' title="bbox 1997 2264 3569 2345">
     <span class='ocr_line' id='line_1_65' title="bbox 1997 2264 3569 2345; baseline 0.009 -29"><span class='ocrx_word' id='word_1_411' title='bbox 1997 2264 2085 2328; x_wconf 85' lang='grc' dir='ltr'>Ὧς</span> <span class='ocrx_word' id='word_1_412' title='bbox 2110 2264 2142 2335; x_wconf 85' lang='grc' dir='ltr'>ἢ</span> <span class='ocrx_word' id='word_1_413' title='bbox 2172 2267 2283 2329; x_wconf 86' lang='grc' dir='ltr'>τοῖς</span> <span class='ocrx_word' id='word_1_414' title='bbox 2317 2266 2649 2339; x_wconf 77' lang='grc' dir='ltr'>σπλάγχνοις</span> <span class='ocrx_word' id='word_1_415' title='bbox 2683 2271 2796 2332; x_wconf 87' lang='grc' dir='ltr'>τοῖς</span> <span class='ocrx_word' id='word_1_416' title='bbox 2832 2270 2999 2323; x_wconf 82' lang='grc' dir='ltr'>αὐτοῦ</span> <span class='ocrx_word' id='word_1_417' title='bbox 3041 2270 3272 2342; x_wconf 84' lang='grc' dir='ltr'>βάψαιεν</span> <span class='ocrx_word' id='word_1_418' title='bbox 3312 2274 3409 2337; x_wconf 86' lang='grc' dir='ltr'><strong>τάς</strong></span> <span class='ocrx_word' id='word_1_419' title='bbox 3465 2292 3569 2345; x_wconf 87' lang='grc' dir='ltr'>μα-</span> 
     </span>
    </p>
   </div>
   <div class='ocr_carea' id='block_1_66' title="bbox 3264 2362 3499 2435">
    <p class='ocr_par' dir='ltr' id='par_1_66' title="bbox 3264 2362 3499 2435">
     <span class='ocr_line' id='line_1_66' title="bbox 3264 2362 3499 2435; baseline 0.004 -20"><span class='ocrx_word' id='word_1_420' title='bbox 3264 2362 3499 2435; x_wconf 66' lang='grc' dir='ltr'>’[χαίρας</span> 
     </span>
    </p>
   </div>
   <div class='ocr_carea' id='block_1_67' title="bbox 1988 2449 3464 2525">
    <p class='ocr_par' dir='ltr' id='par_1_67' title="bbox 1988 2449 3464 2525">
     <span class='ocr_line' id='line_1_67' title="bbox 1988 2449 3464 2525; baseline 0.001 -24"><span class='ocrx_word' id='word_1_421' title='bbox 1988 2449 2060 2501; x_wconf 86' lang='grc' dir='ltr'><em>Ἢ</em></span> <span class='ocrx_word' id='word_1_422' title='bbox 2091 2450 2186 2503; x_wconf 79' lang='grc' dir='ltr'><strong>καὶ</strong></span> <span class='ocrx_word' id='word_1_423' title='bbox 2218 2449 2504 2521; x_wconf 83' lang='grc' dir='ltr'>δεσμώτην</span> <span class='ocrx_word' id='word_1_424' title='bbox 2526 2449 2710 2505; x_wconf 79' lang='grc' dir='ltr'>ἄθλιον</span> <span class='ocrx_word' id='word_1_425' title='bbox 2747 2451 3025 2522; x_wconf 79' lang='grc' dir='ltr'>πέμψειαν</span> <span class='ocrx_word' id='word_1_426' title='bbox 3060 2453 3371 2525; x_wconf 58' lang='grc' dir='ltr'>’Δψιμάριιῃ</span> <span class='ocrx_word' id='word_1_427' title='bbox 3398 2483 3464 2493; x_wconf 87' lang='grc'><strong><em>--</em></strong></span> 
     </span>
    </p>
   </div>
   <div class='ocr_carea' id='block_1_68' title="bbox 1987 2535 3462 2615">
    <p class='ocr_par' dir='ltr' id='par_1_68' title="bbox 1987 2535 3462 2615">
     <span class='ocr_line' id='line_1_68' title="bbox 1987 2535 3462 2615; baseline 0.004 -22"><span class='ocrx_word' id='word_1_428' title='bbox 1987 2539 2150 2593; x_wconf 81' lang='grc' dir='ltr'>Ταῦτ’</span> <span class='ocrx_word' id='word_1_429' title='bbox 2180 2535 2275 2593; x_wconf 83' lang='grc' dir='ltr'>οὖν</span> <span class='ocrx_word' id='word_1_430' title='bbox 2296 2541 2675 2608; x_wconf 74' lang='grc' dir='ltr'>Ἰουστινιανὸς</span> <span class='ocrx_word' id='word_1_431' title='bbox 2701 2544 2814 2606; x_wconf 85' lang='grc' dir='ltr'>τοῖς</span> <span class='ocrx_word' id='word_1_432' title='bbox 2840 2544 3122 2614; x_wconf 86' lang='grc' dir='ltr'>λογισμοῖς</span> <span class='ocrx_word' id='word_1_433' title='bbox 3142 2546 3462 2615; x_wconf 77' lang='grc' dir='ltr'>ἐγγράφων,</span> 
     </span>
    </p>
   </div>
   <div class='ocr_carea' id='block_1_69' title="bbox 1987 2632 3569 2708">
    <p class='ocr_par' dir='ltr' id='par_1_69' title="bbox 1987 2632 3569 2708">
     <span class='ocr_line' id='line_1_69' title="bbox 1987 2632 3569 2708; baseline 0.004 -25"><span class='ocrx_word' id='word_1_434' title='bbox 1987 2632 2099 2684; x_wconf 77' lang='grc' dir='ltr'><strong>Καὶ</strong></span> <span class='ocrx_word' id='word_1_435' title='bbox 2138 2633 2261 2686; x_wconf 83' lang='grc' dir='ltr'>καθ’</span> <span class='ocrx_word' id='word_1_436' title='bbox 2307 2633 2472 2687; x_wconf 69' lang='grc' dir='ltr'>αὒτδν</span> <span class='ocrx_word' id='word_1_437' title='bbox 2516 2634 2812 2688; x_wconf 84' lang='grc' dir='ltr'>άνατυπῶν</span> <span class='ocrx_word' id='word_1_438' title='bbox 2847 2636 2893 2667; x_wconf 68' lang='grc'>⁸³</span> <span class='ocrx_word' id='word_1_439' title='bbox 2941 2638 3035 2689; x_wconf 73' lang='grc' dir='ltr'>καὶ</span> <span class='ocrx_word' id='word_1_440' title='bbox 3080 2637 3389 2708; x_wconf 77' lang='grc' dir='ltr'>ζωγραφῶν</span> <span class='ocrx_word' id='word_1_441' title='bbox 3445 2637 3569 2700; x_wconf 63' lang='grc' dir='ltr'>τοὺς</span> 
     </span>
    </p>
   </div>
   <div class='ocr_carea' id='block_1_70' title="bbox 3181 2727 3497 2801">
    <p class='ocr_par' dir='ltr' id='par_1_70' title="bbox 3181 2727 3497 2801">
     <span class='ocr_line' id='line_1_70' title="bbox 3181 2727 3497 2801; baseline -0.003 -20"><span class='ocrx_word' id='word_1_442' title='bbox 3181 2727 3405 2801; x_wconf 89' lang='grc' dir='ltr'>[τύπους</span> <span class='ocrx_word' id='word_1_443' title='bbox 3428 2729 3497 2791; x_wconf 74' lang='grc'><strong>⁸⁸,</strong></span> 
     </span>
    </p>
   </div>
   <div class='ocr_carea' id='block_1_71' title="bbox 1988 2816 3392 2891">
    <p class='ocr_par' dir='ltr' id='par_1_71' title="bbox 1988 2816 3392 2891">
     <span class='ocr_line' id='line_1_71' title="bbox 1988 2816 3392 2891; baseline -0.001 -18"><span class='ocrx_word' id='word_1_444' title='bbox 1988 2820 2099 2873; x_wconf 77' lang='grc' dir='ltr'><strong>Καὶ</strong></span> <span class='ocrx_word' id='word_1_445' title='bbox 2133 2818 2552 2889; x_wconf 82' lang='grc' dir='ltr'>πικραινόμενος</span> <span class='ocrx_word' id='word_1_446' title='bbox 2583 2819 2771 2882; x_wconf 84' lang='grc' dir='ltr'>αὐτοῖς</span> <span class='ocrx_word' id='word_1_447' title='bbox 2792 2816 2881 2872; x_wconf 80' lang='grc' dir='ltr'>οἷα</span> <span class='ocrx_word' id='word_1_448' title='bbox 2919 2820 3392 2891; x_wconf 80' lang='grc' dir='ltr'>βαρϐαροτρόποις</span> 
     </span>
    </p>
   </div>
   <div class='ocr_carea' id='block_1_72' title="bbox 1991 2909 3531 2980">
    <p class='ocr_par' dir='ltr' id='par_1_72' title="bbox 1991 2909 3531 2980">
     <span class='ocr_line' id='line_1_72' title="bbox 1991 2909 3531 2980; baseline 0.001 -19"><span class='ocrx_word' id='word_1_449' title='bbox 1991 2909 2206 2978; x_wconf 78' lang='grc' dir='ltr'>Πέμπει</span> <span class='ocrx_word' id='word_1_450' title='bbox 2242 2909 2474 2980; x_wconf 73' lang='grc' dir='ltr'>στρατὸν</span> <span class='ocrx_word' id='word_1_451' title='bbox 2501 2909 2847 2973; x_wconf 86' lang='grc' dir='ltr'>ναυσίπλοον,</span> <span class='ocrx_word' id='word_1_452' title='bbox 2887 2910 3127 2963; x_wconf 89' lang='grc' dir='ltr'>κελεύων</span> <span class='ocrx_word' id='word_1_453' title='bbox 3157 2910 3531 2979; x_wconf 77' lang='grc' dir='ltr'>ἀποσφάττειν</span> 
     </span>
    </p>
   </div>
   <div class='ocr_carea' id='block_1_73' title="bbox 1993 2998 3367 3072">
    <p class='ocr_par' dir='ltr' id='par_1_73' title="bbox 1993 2998 3367 3072">
     <span class='ocr_line' id='line_1_73' title="bbox 1993 2998 3367 3072; baseline 0.002 -21"><span class='ocrx_word' id='word_1_454' title='bbox 1993 2998 2174 3051; x_wconf 74' lang='grc' dir='ltr'>’Δπαν</span> <span class='ocrx_word' id='word_1_455' title='bbox 2204 2999 2265 3051; x_wconf 82' lang='grc' dir='ltr'>τὸ</span> <span class='ocrx_word' id='word_1_456' title='bbox 2294 2999 2447 3066; x_wconf 88' lang='grc' dir='ltr'>γένος</span> <span class='ocrx_word' id='word_1_457' title='bbox 2473 2998 2676 3069; x_wconf 70' lang='grc' dir='ltr'>ἡϐηδὸν</span> <span class='ocrx_word' id='word_1_458' title='bbox 2704 2998 2813 3052; x_wconf 87' lang='grc' dir='ltr'><strong>τῶν</strong></span> <span class='ocrx_word' id='word_1_459' title='bbox 2846 3000 3367 3072; x_wconf 82' lang='grc' dir='ltr'>προλελυπηκότων,</span> 
     </span>
    </p>
   </div>
   <div class='ocr_carea' id='block_1_74' title="bbox 1992 3090 3483 3163">
    <p class='ocr_par' dir='ltr' id='par_1_74' title="bbox 1992 3090 3483 3163">
     <span class='ocr_line' id='line_1_74' title="bbox 1992 3090 3483 3163; baseline 0.002 -20"><span class='ocrx_word' id='word_1_460' title='bbox 1992 3090 2102 3143; x_wconf 78' lang='grc' dir='ltr'><strong>Καὶ</strong></span> <span class='ocrx_word' id='word_1_461' title='bbox 2132 3090 2406 3158; x_wconf 76' lang='grc' dir='ltr'>φείδεσθαι</span> <span class='ocrx_word' id='word_1_462' title='bbox 2441 3090 2515 3161; x_wconf 82' lang='grc' dir='ltr'>μὴ</span> <span class='ocrx_word' id='word_1_463' title='bbox 2546 3090 2845 3159; x_wconf 84' lang='grc' dir='ltr'>γυναικῶν,</span> <span class='ocrx_word' id='word_1_464' title='bbox 2882 3092 2959 3163; x_wconf 79' lang='grc' dir='ltr'>μὴ</span> <span class='ocrx_word' id='word_1_465' title='bbox 2991 3092 3101 3146; x_wconf 89' lang='grc' dir='ltr'><strong>τῶν</strong></span> <span class='ocrx_word' id='word_1_466' title='bbox 3131 3092 3483 3157; x_wconf 82' lang='grc' dir='ltr'>ὑποτιτθίων,</span> 
     </span>
    </p>
   </div>
   <div class='ocr_carea' id='block_1_75' title="bbox 3250 3220 3576 3279">
    <p class='ocr_par' dir='ltr' id='par_1_75' title="bbox 3250 3220 3576 3279">
     <span class='ocr_line' id='line_1_75' title="bbox 3250 3220 3576 3279; baseline 0.012 -4"><span class='ocrx_word' id='word_1_467' title='bbox 3250 3220 3408 3278; x_wconf 65' lang='lat' dir='ltr'><strong>vers.</strong></span> <span class='ocrx_word' id='word_1_468' title='bbox 3431 3221 3576 3279; x_wconf 67' lang='lat'><strong>4002</strong></span> 
     </span>
    </p>
   </div>
   <div class='ocr_carea' id='block_1_76' title="bbox 1995 3344 3574 3417">
    <p class='ocr_par' dir='ltr' id='par_1_76' title="bbox 1995 3344 3574 3417">
     <span class='ocr_line' id='line_1_76' title="bbox 1995 3344 3574 3417; baseline 0.001 -16"><span class='ocrx_word' id='word_1_469' title='bbox 1995 3344 2266 3415; x_wconf 80' lang='lat' dir='ltr'><strong>pecudum</strong></span> <span class='ocrx_word' id='word_1_470' title='bbox 2330 3345 2599 3415; x_wconf 79' lang='lat' dir='ltr'><strong>potiorem</strong></span> <span class='ocrx_word' id='word_1_471' title='bbox 2646 3352 2962 3417; x_wconf 83' lang='lat' dir='ltr'><strong>magnatum</strong></span> <span class='ocrx_word' id='word_1_472' title='bbox 3000 3355 3209 3416; x_wconf 86' lang='lat' dir='ltr'><strong>partem</strong></span> <span class='ocrx_word' id='word_1_473' title='bbox 3263 3346 3574 3403; x_wconf 88' lang='lat' dir='ltr'><strong>miserrime</strong></span> 
     </span>
    </p>
   </div>
   <div class='ocr_carea' id='block_1_77' title="bbox 1994 3434 3574 3507">
    <p class='ocr_par' dir='ltr' id='par_1_77' title="bbox 1994 3434 3574 3507">
     <span class='ocr_line' id='line_1_77' title="bbox 1994 3434 3574 3507; baseline 0 -16"><span class='ocrx_word' id='word_1_474' title='bbox 1994 3436 2255 3498; x_wconf 85' lang='lat' dir='ltr'><strong>trucidat,</strong></span> <span class='ocrx_word' id='word_1_475' title='bbox 2306 3434 2612 3491; x_wconf 88' lang='lat' dir='ltr'><strong>interfectis</strong></span> <span class='ocrx_word' id='word_1_476' title='bbox 2667 3437 2834 3493; x_wconf 88' lang='lat' dir='ltr'><strong>etiam</strong></span> <span class='ocrx_word' id='word_1_477' title='bbox 2890 3437 3126 3492; x_wconf 80' lang='lat' dir='ltr'><strong>Leontio</strong></span> <span class='ocrx_word' id='word_1_478' title='bbox 3178 3446 3234 3491; x_wconf 92' lang='lat' dir='ltr'><strong>et</strong></span> <span class='ocrx_word' id='word_1_479' title='bbox 3281 3437 3574 3507; x_wconf 87' lang='lat' dir='ltr'><strong>Apsimaro</strong></span> 
     </span>
    </p>
   </div>
   <div class='ocr_carea' id='block_1_78' title="bbox 1996 3527 3575 3599">
    <p class='ocr_par' dir='ltr' id='par_1_78' title="bbox 1996 3527 3575 3599">
     <span class='ocr_line' id='line_1_78' title="bbox 1996 3527 3575 3599; baseline 0.001 -17"><span class='ocrx_word' id='word_1_480' title='bbox 1996 3539 2254 3597; x_wconf 86' lang='lat' dir='ltr'><strong>tanquam</strong></span> <span class='ocrx_word' id='word_1_481' title='bbox 2290 3527 2598 3584; x_wconf 91' lang='lat' dir='ltr'><strong>latronibus</strong></span> <span class='ocrx_word' id='word_1_482' title='bbox 2624 3538 2681 3584; x_wconf 89' lang='lat' dir='ltr'><strong>et</strong></span> <span class='ocrx_word' id='word_1_483' title='bbox 2712 3529 2929 3598; x_wconf 89' lang='lat' dir='ltr'><strong>imperii</strong></span> <span class='ocrx_word' id='word_1_484' title='bbox 2964 3529 3297 3599; x_wconf 81' lang='lat' dir='ltr'><strong>raptoribus.</strong></span> <span class='ocrx_word' id='word_1_485' title='bbox 3320 3528 3412 3584; x_wconf 88' lang='lat' dir='ltr'><strong>Sic</strong></span> <span class='ocrx_word' id='word_1_486' title='bbox 3448 3532 3575 3585; x_wconf 87' lang='lat' dir='ltr'><strong>mali</strong></span> 
     </span>
    </p>
   </div>
   <div class='ocr_carea' id='block_1_79' title="bbox 1994 3622 3577 3694">
    <p class='ocr_par' dir='ltr' id='par_1_79' title="bbox 1994 3622 3577 3694">
     <span class='ocr_line' id='line_1_79' title="bbox 1994 3622 3577 3694; baseline 0.001 -17"><span class='ocrx_word' id='word_1_487' title='bbox 1994 3624 2171 3677; x_wconf 89' lang='lat' dir='ltr'><strong>oculis</strong></span> <span class='ocrx_word' id='word_1_488' title='bbox 2195 3622 2418 3693; x_wconf 73' lang='lat' dir='ltr'><strong>justitim</strong></span> <span class='ocrx_word' id='word_1_489' title='bbox 2447 3632 2576 3678; x_wconf 90' lang='lat' dir='ltr'><strong>sunt</strong></span> <span class='ocrx_word' id='word_1_490' title='bbox 2604 3623 2862 3693; x_wconf 80' lang='lat' dir='ltr'><strong>expositi,</strong></span> <span class='ocrx_word' id='word_1_491' title='bbox 2892 3631 2945 3678; x_wconf 89' lang='lat' dir='ltr'><strong>et</strong></span> <span class='ocrx_word' id='word_1_492' title='bbox 2977 3624 3227 3694; x_wconf 85' lang='lat' dir='ltr'><strong>quamvis</strong></span> <span class='ocrx_word' id='word_1_493' title='bbox 3257 3625 3577 3694; x_wconf 84' lang='lat' dir='ltr'><strong>aliquandiu</strong></span> 
     </span>
    </p>
   </div>
   <div class='ocr_carea' id='block_1_80' title="bbox 1997 3714 3578 3787">
    <p class='ocr_par' dir='ltr' id='par_1_80' title="bbox 1997 3714 3578 3787">
     <span class='ocr_line' id='line_1_80' title="bbox 1997 3714 3578 3787; baseline 0 -16"><span class='ocrx_word' id='word_1_494' title='bbox 1997 3731 2186 3786; x_wconf 75' lang='lat' dir='ltr'><strong>poenas</strong></span> <span class='ocrx_word' id='word_1_495' title='bbox 2218 3714 2501 3786; x_wconf 70' lang='lat' dir='ltr'><strong>effugiant,</strong></span> <span class='ocrx_word' id='word_1_496' title='bbox 2552 3719 2770 3769; x_wconf 83' lang='lat' dir='ltr'><strong>tandem</strong></span> <span class='ocrx_word' id='word_1_497' title='bbox 2805 3723 2987 3778; x_wconf 82' lang='lat' dir='ltr'><strong>tamen</strong></span> <span class='ocrx_word' id='word_1_498' title='bbox 3052 3716 3323 3787; x_wconf 91' lang='lat' dir='ltr'><strong>supplicia</strong></span> <span class='ocrx_word' id='word_1_499' title='bbox 3370 3718 3578 3787; x_wconf 79' lang='lat' dir='ltr'><strong>majora</strong></span> 
     </span>
    </p>
   </div>
   <div class='ocr_carea' id='block_1_81' title="bbox 1996 3805 3580 3878">
    <p class='ocr_par' dir='ltr' id='par_1_81' title="bbox 1996 3805 3580 3878">
     <span class='ocr_line' id='line_1_81' title="bbox 1996 3805 3580 3878; baseline -0.001 -14"><span class='ocrx_word' id='word_1_500' title='bbox 1996 3810 2178 3864; x_wconf 87' lang='lat' dir='ltr'><strong>luunt.</strong></span> <span class='ocrx_word' id='word_1_501' title='bbox 2228 3808 2418 3877; x_wconf 79' lang='lat' dir='ltr'><strong>Neque</strong></span> <span class='ocrx_word' id='word_1_502' title='bbox 2469 3814 2680 3861; x_wconf 88' lang='lat' dir='ltr'><strong>tantum</strong></span> <span class='ocrx_word' id='word_1_503' title='bbox 2734 3805 3081 3861; x_wconf 88' lang='lat' dir='ltr'><strong>Justinianus</strong></span> <span class='ocrx_word' id='word_1_504' title='bbox 3134 3807 3233 3863; x_wconf 84' lang='lat' dir='ltr'><strong>hos</strong></span> <span class='ocrx_word' id='word_1_505' title='bbox 3274 3807 3580 3878; x_wconf 79' lang='lat' dir='ltr'><strong>tyrannidis</strong></span> 
     </span>
    </p>
   </div>
   <div class='ocr_carea' id='block_1_82' title="bbox 1999 3898 3581 3970">
    <p class='ocr_par' dir='ltr' id='par_1_82' title="bbox 1999 3898 3581 3970">
     <span class='ocr_line' id='line_1_82' title="bbox 1999 3898 3581 3970; baseline -0.002 -14"><span class='ocrx_word' id='word_1_506' title='bbox 1999 3911 2355 3970; x_wconf 88' lang='lat' dir='ltr'><strong>usurpatores</strong></span> <span class='ocrx_word' id='word_1_507' title='bbox 2392 3899 2676 3970; x_wconf 88' lang='lat' dir='ltr'><strong>principes</strong></span> <span class='ocrx_word' id='word_1_508' title='bbox 2722 3898 2904 3968; x_wconf 83' lang='lat' dir='ltr'><strong>gladio</strong></span> <span class='ocrx_word' id='word_1_509' title='bbox 2948 3899 3220 3968; x_wconf 90' lang='lat' dir='ltr'><strong>percussit</strong></span> <span class='ocrx_word' id='word_1_510' title='bbox 3262 3900 3443 3955; x_wconf 87' lang='lat' dir='ltr'><strong>ultore</strong></span> <span class='ocrx_word' id='word_1_511' title='bbox 3475 3902 3581 3953; x_wconf 91' lang='lat' dir='ltr'><strong>mi-</strong></span> 
     </span>
    </p>
   </div>
   <div class='ocr_carea' id='block_1_83' title="bbox 1999 3989 3582 4059">
    <p class='ocr_par' dir='ltr' id='par_1_83' title="bbox 1999 3989 3582 4059">
     <span class='ocr_line' id='line_1_83' title="bbox 1999 3989 3582 4059; baseline -0.003 -11"><span class='ocrx_word' id='word_1_512' title='bbox 1999 3992 2268 4048; x_wconf 86' lang='lat' dir='ltr'><strong>seriarum</strong></span> <span class='ocrx_word' id='word_1_513' title='bbox 2297 4005 2517 4046; x_wconf 84' lang='lat' dir='ltr'><strong>suarum</strong></span> <span class='ocrx_word' id='word_1_514' title='bbox 2536 4009 2551 4058; x_wconf 87' lang='lat'><strong>;</strong></span> <span class='ocrx_word' id='word_1_515' title='bbox 2570 4006 2761 4044; x_wconf 87' lang='lat' dir='ltr'><strong>verum</strong></span> <span class='ocrx_word' id='word_1_516' title='bbox 2782 3989 2949 4044; x_wconf 87' lang='lat' dir='ltr'><strong>etiam</strong></span> <span class='ocrx_word' id='word_1_517' title='bbox 2967 3989 3232 4045; x_wconf 88' lang='lat' dir='ltr'><strong>Callinico</strong></span> <span class='ocrx_word' id='word_1_518' title='bbox 3260 3990 3582 4059; x_wconf 70' lang='lat' dir='ltr'><strong>patriarchae</strong></span> 
     </span>
    </p>
   </div>
   <div class='ocr_carea' id='block_1_84' title="bbox 1999 4081 3584 4159">
    <p class='ocr_par' dir='ltr' id='par_1_84' title="bbox 1999 4081 3584 4159">
     <span class='ocr_line' id='line_1_84' title="bbox 1999 4081 3584 4159; baseline -0.003 -19"><span class='ocrx_word' id='word_1_519' title='bbox 1999 4083 2349 4159; x_wconf 71' lang='lat' dir='ltr'><strong>contumeliis</strong></span> <span class='ocrx_word' id='word_1_520' title='bbox 2379 4091 2434 4137; x_wconf 88' lang='lat' dir='ltr'><strong>et</strong></span> <span class='ocrx_word' id='word_1_521' title='bbox 2459 4081 2720 4138; x_wconf 88' lang='lat' dir='ltr'><strong>ludibriis</strong></span> <span class='ocrx_word' id='word_1_522' title='bbox 2759 4081 2957 4138; x_wconf 83' lang='lat' dir='ltr'><strong>aflecto</strong></span> <span class='ocrx_word' id='word_1_523' title='bbox 2994 4098 3057 4138; x_wconf 90' lang='lat' dir='ltr'><strong>ac</strong></span> <span class='ocrx_word' id='word_1_524' title='bbox 3090 4098 3392 4153; x_wconf 89' lang='lat' dir='ltr'><strong>puerorum</strong></span> <span class='ocrx_word' id='word_1_525' title='bbox 3444 4085 3584 4153; x_wconf 84' lang='lat' dir='ltr'><strong>inju-</strong></span> 
     </span>
    </p>
   </div>
   <div class='ocr_carea' id='block_1_85' title="bbox 2001 4172 3588 4243">
    <p class='ocr_par' dir='ltr' id='par_1_85' title="bbox 2001 4172 3588 4243">
     <span class='ocr_line' id='line_1_85' title="bbox 2001 4172 3588 4243; baseline 0 -15"><span class='ocrx_word' id='word_1_526' title='bbox 2001 4174 2095 4229; x_wconf 65' lang='lat' dir='ltr'><strong>riae</strong></span> <span class='ocrx_word' id='word_1_527' title='bbox 2134 4173 2384 4243; x_wconf 84' lang='lat' dir='ltr'><strong>exposito</strong></span> <span class='ocrx_word' id='word_1_528' title='bbox 2417 4172 2639 4227; x_wconf 89' lang='lat' dir='ltr'><strong>demum</strong></span> <span class='ocrx_word' id='word_1_529' title='bbox 2681 4173 2872 4227; x_wconf 85' lang='lat' dir='ltr'><strong>oculos</strong></span> <span class='ocrx_word' id='word_1_530' title='bbox 2906 4173 3074 4237; x_wconf 89' lang='lat' dir='ltr'><strong>eruit,</strong></span> <span class='ocrx_word' id='word_1_531' title='bbox 3106 4174 3254 4243; x_wconf 83' lang='lat' dir='ltr'><strong>quod</strong></span> <span class='ocrx_word' id='word_1_532' title='bbox 3284 4173 3502 4242; x_wconf 85' lang='lat' dir='ltr'><strong>adjutor</strong></span> <span class='ocrx_word' id='word_1_533' title='bbox 3527 4185 3588 4229; x_wconf 89' lang='lat' dir='ltr'><strong>et</strong></span> 
     </span>
    </p>
   </div>
   <div class='ocr_carea' id='block_1_86' title="bbox 2001 4263 3587 4334">
    <p class='ocr_par' dir='ltr' id='par_1_86' title="bbox 2001 4263 3587 4334">
     <span class='ocr_line' id='line_1_86' title="bbox 2001 4263 3587 4334; baseline 0.001 -14"><span class='ocrx_word' id='word_1_534' title='bbox 2001 4264 2258 4321; x_wconf 89' lang='lat' dir='ltr'><strong>conscius</strong></span> <span class='ocrx_word' id='word_1_535' title='bbox 2283 4278 2475 4319; x_wconf 90' lang='lat' dir='ltr'><strong>eorum</strong></span> <span class='ocrx_word' id='word_1_536' title='bbox 2511 4263 2705 4319; x_wconf 88' lang='lat' dir='ltr'><strong>fuisset</strong></span> <span class='ocrx_word' id='word_1_537' title='bbox 2744 4278 2866 4334; x_wconf 64' lang='lat' dir='ltr'><strong>quae</strong></span> <span class='ocrx_word' id='word_1_538' title='bbox 2900 4265 3183 4334; x_wconf 75' lang='lat' dir='ltr'><strong>designata</strong></span> <span class='ocrx_word' id='word_1_539' title='bbox 3230 4263 3283 4318; x_wconf 92' lang='lat' dir='ltr'><strong>in</strong></span> <span class='ocrx_word' id='word_1_540' title='bbox 3324 4265 3587 4321; x_wconf 73' lang='lat' dir='ltr'><strong>Iustinia-</strong></span> 
     </span>
    </p>
   </div>
   <div class='ocr_carea' id='block_1_87' title="bbox 2003 4357 3582 4427">
    <p class='ocr_par' dir='ltr' id='par_1_87' title="bbox 2003 4357 3582 4427">
     <span class='ocr_line' id='line_1_87' title="bbox 2003 4357 3582 4427; baseline -0.001 -13"><span class='ocrx_word' id='word_1_541' title='bbox 2003 4374 2133 4414; x_wconf 90' lang='lat' dir='ltr'><strong>num</strong></span> <span class='ocrx_word' id='word_1_542' title='bbox 2164 4365 2343 4413; x_wconf 89' lang='lat' dir='ltr'><strong>erant.</strong></span> <span class='ocrx_word' id='word_1_543' title='bbox 2370 4357 2645 4412; x_wconf 58' lang='lat' dir='ltr'><strong>Praterea</strong></span> <span class='ocrx_word' id='word_1_544' title='bbox 2699 4372 2965 4411; x_wconf 85' lang='lat' dir='ltr'><strong>revocans</strong></span> <span class='ocrx_word' id='word_1_545' title='bbox 3005 4357 3075 4410; x_wconf 89' lang='lat' dir='ltr'><strong>ad</strong></span> <span class='ocrx_word' id='word_1_546' title='bbox 3113 4357 3356 4411; x_wconf 89' lang='lat' dir='ltr'><strong>animum</strong></span> <span class='ocrx_word' id='word_1_547' title='bbox 3407 4357 3582 4427; x_wconf 83' lang='lat' dir='ltr'><strong>impe-</strong></span> 
     </span>
    </p>
   </div>
   <div class='ocr_carea' id='block_1_88' title="bbox 2003 4446 3589 4519">
    <p class='ocr_par' dir='ltr' id='par_1_88' title="bbox 2003 4446 3589 4519">
     <span class='ocr_line' id='line_1_88' title="bbox 2003 4446 3589 4519; baseline 0.001 -15"><span class='ocrx_word' id='word_1_548' title='bbox 2003 4459 2155 4505; x_wconf 83' lang='lat' dir='ltr'><strong>rator</strong></span> <span class='ocrx_word' id='word_1_549' title='bbox 2210 4464 2374 4519; x_wconf 89' lang='lat' dir='ltr'><strong>quam</strong></span> <span class='ocrx_word' id='word_1_550' title='bbox 2431 4448 2630 4503; x_wconf 89' lang='lat' dir='ltr'><strong>acerbe</strong></span> <span class='ocrx_word' id='word_1_551' title='bbox 2690 4456 2957 4503; x_wconf 87' lang='lat' dir='ltr'><strong>tractatus</strong></span> <span class='ocrx_word' id='word_1_552' title='bbox 3013 4446 3213 4503; x_wconf 84' lang='lat' dir='ltr'><strong>luisset</strong></span> <span class='ocrx_word' id='word_1_553' title='bbox 3274 4465 3303 4504; x_wconf 91' lang='lat' dir='ltr'><strong>a</strong></span> <span class='ocrx_word' id='word_1_554' title='bbox 3345 4450 3589 4506; x_wconf 64' lang='lat' dir='ltr'><strong>Ponticae</strong></span> 
     </span>
    </p>
   </div>
   <div class='ocr_carea' id='block_1_89' title="bbox 310 4541 3589 4618">
    <p class='ocr_par' dir='ltr' id='par_1_89' title="bbox 310 4541 3589 4618">
     <span class='ocr_line' id='line_1_89' title="bbox 310 4541 3589 4618; baseline -0 -19"><span class='ocrx_word' id='word_1_555' title='bbox 310 4554 517 4615; x_wconf 85' lang='lat' dir='ltr'><strong>ctoqne</strong></span> <span class='ocrx_word' id='word_1_556' title='bbox 539 4542 647 4597; x_wconf 85' lang='lat' dir='ltr'><strong>sibi</strong></span> <span class='ocrx_word' id='word_1_557' title='bbox 672 4542 959 4614; x_wconf 82' lang='lat' dir='ltr'><strong>promissis</strong></span> <span class='ocrx_word' id='word_1_558' title='bbox 980 4542 1337 4612; x_wconf 89' lang='lat' dir='ltr'><strong>amplissimis</strong></span> <span class='ocrx_word' id='word_1_559' title='bbox 1370 4541 1596 4597; x_wconf 88' lang='lat' dir='ltr'><strong>Terberi</strong></span> <span class='ocrx_word' id='word_1_560' title='bbox 1629 4541 1894 4613; x_wconf 83' lang='lat' dir='ltr'><strong>Bulgaro-</strong></span> <span class='ocrx_word' id='word_1_561' title='bbox 1926 4560 1978 4618; x_wconf 82' lang='grc' dir='ltr'><strong>ι)</strong></span> <span class='ocrx_word' id='word_1_562' title='bbox 2002 4541 2309 4599; x_wconf 89' lang='lat' dir='ltr'><strong>Chersonis</strong></span> <span class='ocrx_word' id='word_1_563' title='bbox 2338 4541 2552 4603; x_wconf 87' lang='lat' dir='ltr'><strong>incolis,</strong></span> <span class='ocrx_word' id='word_1_564' title='bbox 2586 4556 2712 4595; x_wconf 89' lang='lat' dir='ltr'><strong>cum</strong></span> <span class='ocrx_word' id='word_1_565' title='bbox 2756 4541 2988 4610; x_wconf 89' lang='lat' dir='ltr'><strong>imperio</strong></span> <span class='ocrx_word' id='word_1_566' title='bbox 3017 4542 3265 4612; x_wconf 87' lang='lat' dir='ltr'><strong>dejectus</strong></span> <span class='ocrx_word' id='word_1_567' title='bbox 3288 4542 3431 4611; x_wconf 90' lang='lat' dir='ltr'><strong>apud</strong></span> <span class='ocrx_word' id='word_1_568' title='bbox 3466 4543 3589 4598; x_wconf 83' lang='lat' dir='ltr'><strong>illos</strong></span> 
     </span>
    </p>
   </div>
   <div class='ocr_carea' id='block_1_90' title="bbox 312 4630 1901 4703">
    <p class='ocr_par' dir='ltr' id='par_1_90' title="bbox 312 4630 1901 4703">
     <span class='ocr_line' id='line_1_90' title="bbox 312 4630 1901 4703; baseline 0 -16"><span class='ocrx_word' id='word_1_569' title='bbox 312 4650 435 4687; x_wconf 87' lang='lat' dir='ltr'><strong>rum</strong></span> <span class='ocrx_word' id='word_1_570' title='bbox 468 4632 725 4703; x_wconf 81' lang='lat' dir='ltr'><strong>principe</strong></span> <span class='ocrx_word' id='word_1_571' title='bbox 747 4646 872 4686; x_wconf 89' lang='lat' dir='ltr'><strong>cum</strong></span> <span class='ocrx_word' id='word_1_572' title='bbox 904 4632 999 4686; x_wconf 88' lang='lat' dir='ltr'><strong>illo</strong></span> <span class='ocrx_word' id='word_1_573' title='bbox 1033 4632 1356 4703; x_wconf 82' lang='lat' dir='ltr'><strong>Byzantium</strong></span> <span class='ocrx_word' id='word_1_574' title='bbox 1390 4630 1586 4696; x_wconf 87' lang='lat' dir='ltr'><strong>tendit,</strong></span> <span class='ocrx_word' id='word_1_575' title='bbox 1620 4631 1803 4686; x_wconf 89' lang='lat' dir='ltr'><strong>ductis</strong></span> <span class='ocrx_word' id='word_1_576' title='bbox 1832 4647 1901 4687; x_wconf 89' lang='lat' dir='ltr'><strong>eo</strong></span> 
     </span>
    </p>
   </div>
   <div class='ocr_carea' id='block_1_91' title="bbox 311 4723 1906 4799">
    <p class='ocr_par' dir='ltr' id='par_1_91' title="bbox 311 4723 1906 4799">
     <span class='ocr_line' id='line_1_91' title="bbox 311 4723 1906 4799; baseline -0.003 -17"><span class='ocrx_word' id='word_1_577' title='bbox 311 4728 678 4799; x_wconf 85' lang='lat' dir='ltr'><strong>Bulgarorum</strong></span> <span class='ocrx_word' id='word_1_578' title='bbox 704 4724 988 4781; x_wconf 87' lang='lat' dir='ltr'><strong>immensis</strong></span> <span class='ocrx_word' id='word_1_579' title='bbox 1008 4725 1341 4796; x_wconf 80' lang='lat' dir='ltr'><strong>legionibus.</strong></span> <span class='ocrx_word' id='word_1_580' title='bbox 1368 4723 1573 4779; x_wconf 88' lang='lat' dir='ltr'><strong>Deinde</strong></span> <span class='ocrx_word' id='word_1_581' title='bbox 1610 4724 1906 4794; x_wconf 88' lang='lat' dir='ltr'><strong>perpaucis</strong></span> 
     </span>
    </p>
   </div>
   <div class='ocr_carea' id='block_1_92' title="bbox 314 4812 1907 4876">
    <p class='ocr_par' dir='ltr' id='par_1_92' title="bbox 314 4812 1907 4876">
     <span class='ocr_line' id='line_1_92' title="bbox 314 4812 1907 4876; baseline -0.002 -6"><span class='ocrx_word' id='word_1_582' title='bbox 314 4829 546 4870; x_wconf 86' lang='lat' dir='ltr'><strong>suorum</strong></span> <span class='ocrx_word' id='word_1_583' title='bbox 595 4813 833 4868; x_wconf 84' lang='lat' dir='ltr'><strong>consilio</strong></span> <span class='ocrx_word' id='word_1_584' title='bbox 864 4828 968 4867; x_wconf 88' lang='lat' dir='ltr'><strong>suo</strong></span> <span class='ocrx_word' id='word_1_585' title='bbox 996 4812 1230 4876; x_wconf 88' lang='lat' dir='ltr'><strong>credito,</strong></span> <span class='ocrx_word' id='word_1_586' title='bbox 1276 4827 1402 4868; x_wconf 89' lang='lat' dir='ltr'><strong>eum</strong></span> <span class='ocrx_word' id='word_1_587' title='bbox 1448 4812 1643 4868; x_wconf 88' lang='lat' dir='ltr'><strong>iisdem</strong></span> <span class='ocrx_word' id='word_1_588' title='bbox 1685 4812 1907 4867; x_wconf 88' lang='lat' dir='ltr'><strong>canales</strong></span> 
     </span>
    </p>
   </div>
   <div class='ocr_carea' id='block_1_93' title="bbox 314 4905 1906 4977">
    <p class='ocr_par' dir='ltr' id='par_1_93' title="bbox 314 4905 1906 4977">
     <span class='ocr_line' id='line_1_93' title="bbox 314 4905 1906 4977; baseline -0.003 -13"><span class='ocrx_word' id='word_1_589' title='bbox 314 4906 742 4977; x_wconf 67' lang='lat' dir='ltr'><strong>aquaaductuum</strong></span> <span class='ocrx_word' id='word_1_590' title='bbox 789 4906 1071 4976; x_wconf 87' lang='lat' dir='ltr'><strong>ingressus</strong></span> <span class='ocrx_word' id='word_1_591' title='bbox 1116 4906 1304 4963; x_wconf 82' lang='lat' dir='ltr'><strong>furtim</strong></span> <span class='ocrx_word' id='word_1_592' title='bbox 1333 4917 1389 4961; x_wconf 88' lang='lat' dir='ltr'><strong>et</strong></span> <span class='ocrx_word' id='word_1_593' title='bbox 1423 4907 1656 4961; x_wconf 84' lang='lat' dir='ltr'><strong>solerter</strong></span> <span class='ocrx_word' id='word_1_594' title='bbox 1694 4905 1906 4960; x_wconf 90' lang='lat' dir='ltr'><strong>aditum</strong></span> 
     </span>
    </p>
   </div>
   <div class='ocr_carea' id='block_1_94' title="bbox 315 4997 1907 5068">
    <p class='ocr_par' dir='ltr' id='par_1_94' title="bbox 315 4997 1907 5068">
     <span class='ocr_line' id='line_1_94' title="bbox 315 4997 1907 5068; baseline -0.001 -15"><span class='ocrx_word' id='word_1_595' title='bbox 315 5000 371 5055; x_wconf 86' lang='lat' dir='ltr'><strong>in</strong></span> <span class='ocrx_word' id='word_1_596' title='bbox 408 4999 612 5053; x_wconf 83' lang='lat' dir='ltr'><strong>urbem</strong></span> <span class='ocrx_word' id='word_1_597' title='bbox 643 4997 750 5053; x_wconf 86' lang='lat' dir='ltr'><strong>sibi</strong></span> <span class='ocrx_word' id='word_1_598' title='bbox 790 5008 980 5068; x_wconf 87' lang='lat' dir='ltr'><strong>parat;</strong></span> <span class='ocrx_word' id='word_1_599' title='bbox 1015 5013 1125 5068; x_wconf 90' lang='lat' dir='ltr'><strong>quo</strong></span> <span class='ocrx_word' id='word_1_600' title='bbox 1163 4998 1310 5053; x_wconf 86' lang='lat' dir='ltr'><strong>facto</strong></span> <span class='ocrx_word' id='word_1_601' title='bbox 1346 4998 1548 5054; x_wconf 87' lang='lat' dir='ltr'><strong>iterum</strong></span> <span class='ocrx_word' id='word_1_602' title='bbox 1590 4999 1762 5067; x_wconf 84' lang='lat' dir='ltr'><strong>coepit</strong></span> <span class='ocrx_word' id='word_1_603' title='bbox 1798 4998 1907 5052; x_wconf 89' lang='lat' dir='ltr'><strong>im-</strong></span> 
     </span>
    </p>
   </div>
   <div class='ocr_carea' id='block_1_95' title="bbox 315 5089 1903 5162">
    <p class='ocr_par' dir='ltr' id='par_1_95' title="bbox 315 5089 1903 5162">
     <span class='ocr_line' id='line_1_95' title="bbox 315 5089 1903 5162; baseline -0.001 -16"><span class='ocrx_word' id='word_1_604' title='bbox 315 5106 539 5162; x_wconf 83' lang='lat' dir='ltr'><strong>perare.</strong></span> <span class='ocrx_word' id='word_1_605' title='bbox 565 5089 905 5146; x_wconf 87' lang='lat' dir='ltr'><strong>Consecutas</strong></span> <span class='ocrx_word' id='word_1_606' title='bbox 943 5105 1078 5145; x_wconf 89' lang='lat' dir='ltr'><strong>vero</strong></span> <span class='ocrx_word' id='word_1_607' title='bbox 1116 5090 1381 5159; x_wconf 87' lang='lat' dir='ltr'><strong>deinceps</strong></span> <span class='ocrx_word' id='word_1_608' title='bbox 1409 5089 1749 5145; x_wconf 80' lang='lat' dir='ltr'><strong>calamitates</strong></span> <span class='ocrx_word' id='word_1_609' title='bbox 1780 5105 1903 5159; x_wconf 78' lang='lat' dir='ltr'><strong>qua:</strong></span> 
     </span>
    </p>
   </div>
   <div class='ocr_carea' id='block_1_96' title="bbox 316 5185 1909 5257">
    <p class='ocr_par' dir='ltr' id='par_1_96' title="bbox 316 5185 1909 5257">
     <span class='ocr_line' id='line_1_96' title="bbox 316 5185 1909 5257; baseline -0.002 -17"><span class='ocrx_word' id='word_1_610' title='bbox 316 5185 496 5256; x_wconf 87' lang='lat' dir='ltr'><strong>possit</strong></span> <span class='ocrx_word' id='word_1_611' title='bbox 549 5185 729 5239; x_wconf 86' lang='lat' dir='ltr'><strong>oratio</strong></span> <span class='ocrx_word' id='word_1_612' title='bbox 781 5186 917 5241; x_wconf 89' lang='lat' dir='ltr'><strong>satis</strong></span> <span class='ocrx_word' id='word_1_613' title='bbox 975 5186 1332 5256; x_wconf 81' lang='lat' dir='ltr'><strong>exprimere?</strong></span> <span class='ocrx_word' id='word_1_614' title='bbox 1384 5186 1517 5249; x_wconf 68' lang='lat' dir='ltr'><strong>Quae</strong></span> <span class='ocrx_word' id='word_1_615' title='bbox 1548 5185 1909 5257; x_wconf 86' lang='lat' dir='ltr'><strong>Bulgarorum</strong></span> 
     </span>
    </p>
   </div>
   <div class='ocr_carea' id='block_1_97' title="bbox 318 5276 1910 5349">
    <p class='ocr_par' dir='ltr' id='par_1_97' title="bbox 318 5276 1910 5349">
     <span class='ocr_line' id='line_1_97' title="bbox 318 5276 1910 5349; baseline -0.001 -17"><span class='ocrx_word' id='word_1_616' title='bbox 318 5277 565 5349; x_wconf 87' lang='lat' dir='ltr'><strong>principi</strong></span> <span class='ocrx_word' id='word_1_617' title='bbox 599 5279 870 5347; x_wconf 86' lang='lat' dir='ltr'><strong>promissa</strong></span> <span class='ocrx_word' id='word_1_618' title='bbox 901 5278 1141 5345; x_wconf 82' lang='lat' dir='ltr'><strong>fuerant,</strong></span> <span class='ocrx_word' id='word_1_619' title='bbox 1171 5287 1398 5348; x_wconf 72' lang='lat' dir='ltr'><strong>praestat</strong></span> <span class='ocrx_word' id='word_1_620' title='bbox 1425 5295 1439 5331; x_wconf 90' lang='lat'><strong>:</strong></span> <span class='ocrx_word' id='word_1_621' title='bbox 1474 5278 1829 5348; x_wconf 89' lang='lat' dir='ltr'><strong>amplissimis</strong></span> <span class='ocrx_word' id='word_1_622' title='bbox 1858 5276 1910 5331; x_wconf 90' lang='lat' dir='ltr'><strong>ei</strong></span> 
     </span>
    </p>
   </div>
   <div class='ocr_carea' id='block_1_98' title="bbox 320 5369 1914 5441">
    <p class='ocr_par' dir='ltr' id='par_1_98' title="bbox 320 5369 1914 5441">
     <span class='ocr_line' id='line_1_98' title="bbox 320 5369 1914 5441; baseline -0.001 -16"><span class='ocrx_word' id='word_1_623' title='bbox 320 5370 655 5427; x_wconf 80' lang='lat' dir='ltr'><strong>muneribus</strong></span> <span class='ocrx_word' id='word_1_624' title='bbox 682 5370 860 5427; x_wconf 88' lang='lat' dir='ltr'><strong>vicem</strong></span> <span class='ocrx_word' id='word_1_625' title='bbox 908 5370 1099 5426; x_wconf 85' lang='lat' dir='ltr'><strong>refert.</strong></span> <span class='ocrx_word' id='word_1_626' title='bbox 1131 5370 1342 5426; x_wconf 89' lang='lat' dir='ltr'><strong>Deinde</strong></span> <span class='ocrx_word' id='word_1_627' title='bbox 1368 5372 1681 5441; x_wconf 90' lang='lat' dir='ltr'><strong>complures</strong></span> <span class='ocrx_word' id='word_1_628' title='bbox 1719 5369 1914 5424; x_wconf 92' lang='lat' dir='ltr'><strong>domos</strong></span> 
     </span>
    </p>
   </div>
   <div class='ocr_carea' id='block_1_99' title="bbox 322 5464 1914 5537">
    <p class='ocr_par' dir='ltr' id='par_1_99' title="bbox 322 5464 1914 5537">
     <span class='ocr_line' id='line_1_99' title="bbox 322 5464 1914 5537; baseline -0.001 -20"><span class='ocrx_word' id='word_1_629' title='bbox 322 5466 573 5522; x_wconf 72' lang='lat' dir='ltr'><strong>iliustres</strong></span> <span class='ocrx_word' id='word_1_630' title='bbox 614 5466 728 5537; x_wconf 84' lang='lat' dir='ltr'><strong>igni</strong></span> <span class='ocrx_word' id='word_1_631' title='bbox 775 5476 1129 5530; x_wconf 87' lang='lat' dir='ltr'><strong>concremat,</strong></span> <span class='ocrx_word' id='word_1_632' title='bbox 1165 5465 1455 5521; x_wconf 82' lang='lat' dir='ltr'><strong>facultates</strong></span> <span class='ocrx_word' id='word_1_633' title='bbox 1486 5464 1698 5534; x_wconf 84' lang='lat' dir='ltr'><strong>diripit,</strong></span> <span class='ocrx_word' id='word_1_634' title='bbox 1741 5464 1914 5519; x_wconf 87' lang='lat' dir='ltr'><strong>instar</strong></span> 
     </span>
    </p>
   </div>
   <div class='ocr_carea' id='block_1_100' title="bbox 2001 4632 3586 4704">
    <p class='ocr_par' dir='ltr' id='par_1_100' title="bbox 2001 4632 3586 4704">
     <span class='ocr_line' id='line_1_100' title="bbox 2001 4632 3586 4704; baseline -0.001 -15"><span class='ocrx_word' id='word_1_635' title='bbox 2001 4635 2211 4689; x_wconf 87' lang='lat' dir='ltr'><strong>viveret</strong></span> <span class='ocrx_word' id='word_1_636' title='bbox 2244 4640 2389 4704; x_wconf 88' lang='lat' dir='ltr'><strong>(nam</strong></span> <span class='ocrx_word' id='word_1_637' title='bbox 2442 4632 2606 4687; x_wconf 90' lang='lat' dir='ltr'><strong>modo</strong></span> <span class='ocrx_word' id='word_1_638' title='bbox 2646 4632 2895 4688; x_wconf 90' lang='lat' dir='ltr'><strong>dicteriis</strong></span> <span class='ocrx_word' id='word_1_639' title='bbox 2943 4633 2998 4687; x_wconf 89' lang='lat' dir='ltr'><strong>in</strong></span> <span class='ocrx_word' id='word_1_640' title='bbox 3049 4649 3177 4689; x_wconf 89' lang='lat' dir='ltr'><strong>eum</strong></span> <span class='ocrx_word' id='word_1_641' title='bbox 3234 4633 3544 4687; x_wconf 89' lang='lat' dir='ltr'><strong>illudebant</strong></span> <span class='ocrx_word' id='word_1_642' title='bbox 3572 4674 3586 4698; x_wconf 90' lang='lat'><strong>,</strong></span> 
     </span>
    </p>
   </div>
   <div class='ocr_carea' id='block_1_101' title="bbox 2004 4722 3590 4794">
    <p class='ocr_par' dir='ltr' id='par_1_101' title="bbox 2004 4722 3590 4794">
     <span class='ocr_line' id='line_1_101' title="bbox 2004 4722 3590 4794; baseline -0.003 -14"><span class='ocrx_word' id='word_1_643' title='bbox 2004 4725 2168 4780; x_wconf 90' lang='lat' dir='ltr'><strong>modo</strong></span> <span class='ocrx_word' id='word_1_644' title='bbox 2195 4725 2339 4779; x_wconf 90' lang='lat' dir='ltr'><strong>mala</strong></span> <span class='ocrx_word' id='word_1_645' title='bbox 2383 4724 2848 4794; x_wconf 87' lang='lat' dir='ltr'><strong>imprecabantur,</strong></span> <span class='ocrx_word' id='word_1_646' title='bbox 2883 4722 3048 4777; x_wconf 91' lang='lat' dir='ltr'><strong>modo</strong></span> <span class='ocrx_word' id='word_1_647' title='bbox 3086 4723 3438 4778; x_wconf 85' lang='lat' dir='ltr'><strong>contumeliis</strong></span> <span class='ocrx_word' id='word_1_648' title='bbox 3484 4723 3590 4777; x_wconf 79' lang='lat' dir='ltr'><strong>im-</strong></span> 
     </span>
    </p>
   </div>
   <div class='ocr_carea' id='block_1_102' title="bbox 2008 4810 3590 4887">
    <p class='ocr_par' dir='ltr' id='par_1_102' title="bbox 2008 4810 3590 4887">
     <span class='ocr_line' id='line_1_102' title="bbox 2008 4810 3590 4887; baseline -0.004 -16"><span class='ocrx_word' id='word_1_649' title='bbox 2008 4818 2305 4887; x_wconf 86' lang='lat' dir='ltr'><strong>probarum</strong></span> <span class='ocrx_word' id='word_1_650' title='bbox 2340 4814 2653 4885; x_wconf 80' lang='lat' dir='ltr'><strong>linguarum</strong></span> <span class='ocrx_word' id='word_1_651' title='bbox 2689 4813 3026 4884; x_wconf 83' lang='lat' dir='ltr'><strong>pungebant,</strong></span> <span class='ocrx_word' id='word_1_652' title='bbox 3047 4813 3159 4882; x_wconf 75' lang='lat'><strong>82</strong></span> <span class='ocrx_word' id='word_1_653' title='bbox 3178 4810 3342 4865; x_wconf 92' lang='lat' dir='ltr'><strong>modo</strong></span> <span class='ocrx_word' id='word_1_654' title='bbox 3361 4812 3590 4867; x_wconf 89' lang='lat' dir='ltr'><strong>consilia</strong></span> 
     </span>
    </p>
   </div>
   <div class='ocr_carea' id='block_1_103' title="bbox 2007 4899 3589 4974">
    <p class='ocr_par' dir='ltr' id='par_1_103' title="bbox 2007 4899 3589 4974">
     <span class='ocr_line' id='line_1_103' title="bbox 2007 4899 3589 4974; baseline -0.006 -12"><span class='ocrx_word' id='word_1_655' title='bbox 2007 4907 2238 4963; x_wconf 91' lang='lat' dir='ltr'><strong>subdola</strong></span> <span class='ocrx_word' id='word_1_656' title='bbox 2266 4920 2465 4974; x_wconf 83' lang='lat' dir='ltr'><strong>magno</strong></span> <span class='ocrx_word' id='word_1_657' title='bbox 2498 4904 2721 4959; x_wconf 91' lang='lat' dir='ltr'><strong>silentio</strong></span> <span class='ocrx_word' id='word_1_658' title='bbox 2752 4899 3076 4967; x_wconf 85' lang='lat' dir='ltr'><strong>tractabant,</strong></span> <span class='ocrx_word' id='word_1_659' title='bbox 3107 4899 3329 4971; x_wconf 89' lang='lat' dir='ltr'><strong>quando</strong></span> <span class='ocrx_word' id='word_1_660' title='bbox 3370 4899 3589 4955; x_wconf 86' lang='lat' dir='ltr'><strong>tandem</strong></span> 
     </span>
    </p>
   </div>
   <div class='ocr_carea' id='block_1_104' title="bbox 2008 4990 3590 5072">
    <p class='ocr_par' dir='ltr' id='par_1_104' title="bbox 2008 4990 3590 5072">
     <span class='ocr_line' id='line_1_104' title="bbox 2008 4990 3590 5072; baseline -0.006 -18"><span class='ocrx_word' id='word_1_661' title='bbox 2008 4999 2219 5072; x_wconf 86' lang='lat' dir='ltr'><strong>gladios</strong></span> <span class='ocrx_word' id='word_1_662' title='bbox 2243 4997 2300 5052; x_wconf 92' lang='lat' dir='ltr'><strong>in</strong></span> <span class='ocrx_word' id='word_1_663' title='bbox 2333 4997 2508 5067; x_wconf 85' lang='lat' dir='ltr'><strong>ipsius</strong></span> <span class='ocrx_word' id='word_1_664' title='bbox 2549 4994 2860 5050; x_wconf 82' lang='lat' dir='ltr'><strong>visceribus</strong></span> <span class='ocrx_word' id='word_1_665' title='bbox 2896 4992 3119 5048; x_wconf 88' lang='lat' dir='ltr'><strong>tincturi</strong></span> <span class='ocrx_word' id='word_1_666' title='bbox 3160 4999 3348 5046; x_wconf 86' lang='lat' dir='ltr'><strong>essent</strong></span> <span class='ocrx_word' id='word_1_667' title='bbox 3384 4990 3469 5044; x_wconf 87' lang='lat' dir='ltr'><strong>vel</strong></span> <span class='ocrx_word' id='word_1_668' title='bbox 3504 4990 3590 5045; x_wconf 88' lang='lat' dir='ltr'><strong>in-</strong></span> 
     </span>
    </p>
   </div>
   <div class='ocr_carea' id='block_1_105' title="bbox 2011 5081 3591 5159">
    <p class='ocr_par' dir='ltr' id='par_1_105' title="bbox 2011 5081 3591 5159">
     <span class='ocr_line' id='line_1_105' title="bbox 2011 5081 3591 5159; baseline -0.006 -14"><span class='ocrx_word' id='word_1_669' title='bbox 2011 5092 2226 5146; x_wconf 83' lang='lat' dir='ltr'><strong>felicem</strong></span> <span class='ocrx_word' id='word_1_670' title='bbox 2274 5087 2737 5159; x_wconf 87' lang='lat' dir='ltr'><strong>comprehensum</strong></span> <span class='ocrx_word' id='word_1_671' title='bbox 2785 5086 3076 5157; x_wconf 84' lang='lat' dir='ltr'><strong>Apsimaro</strong></span> <span class='ocrx_word' id='word_1_672' title='bbox 3123 5081 3369 5147; x_wconf 87' lang='lat' dir='ltr'><strong>missuri,</strong></span> <span class='ocrx_word' id='word_1_673' title='bbox 3404 5097 3591 5138; x_wconf 88' lang='lat' dir='ltr'><strong>secum</strong></span> 
     </span>
    </p>
   </div>
   <div class='ocr_carea' id='block_1_106' title="bbox 2009 5174 3594 5254">
    <p class='ocr_par' dir='ltr' id='par_1_106' title="bbox 2009 5174 3594 5254">
     <span class='ocr_line' id='line_1_106' title="bbox 2009 5174 3594 5254; baseline -0.007 -14"><span class='ocrx_word' id='word_1_674' title='bbox 2009 5185 2390 5254; x_wconf 87' lang='lat' dir='ltr'><strong>dispicientes)</strong></span> <span class='ocrx_word' id='word_1_675' title='bbox 2420 5183 2535 5237; x_wconf 74' lang='lat' dir='ltr'><strong>lucc</strong></span> <span class='ocrx_word' id='word_1_676' title='bbox 2552 5181 2719 5250; x_wconf 86' lang='lat' dir='ltr'><strong>igitur</strong></span> <span class='ocrx_word' id='word_1_677' title='bbox 2740 5178 3170 5251; x_wconf 86' lang='lat' dir='ltr'><strong>cogitationibus</strong></span> <span class='ocrx_word' id='word_1_678' title='bbox 3194 5177 3310 5233; x_wconf 88' lang='lat' dir='ltr'><strong>suis</strong></span> <span class='ocrx_word' id='word_1_679' title='bbox 3325 5174 3594 5232; x_wconf 84' lang='lat' dir='ltr'><strong>Justinia-</strong></span> 
     </span>
    </p>
   </div>
   <div class='ocr_carea' id='block_1_107' title="bbox 2011 5268 3595 5344">
    <p class='ocr_par' dir='ltr' id='par_1_107' title="bbox 2011 5268 3595 5344">
     <span class='ocr_line' id='line_1_107' title="bbox 2011 5268 3595 5344; baseline -0.007 -12"><span class='ocrx_word' id='word_1_680' title='bbox 2011 5292 2130 5343; x_wconf 41' lang='lat' dir='ltr'><strong>nus,</strong></span> <span class='ocrx_word' id='word_1_681' title='bbox 2159 5274 2492 5337; x_wconf 89' lang='lat' dir='ltr'><strong>inscribens,</strong></span> <span class='ocrx_word' id='word_1_682' title='bbox 2537 5280 2594 5327; x_wconf 89' lang='lat' dir='ltr'><strong>et</strong></span> <span class='ocrx_word' id='word_1_683' title='bbox 2647 5288 2745 5344; x_wconf 88' lang='lat' dir='ltr'><strong>per</strong></span> <span class='ocrx_word' id='word_1_684' title='bbox 2805 5287 2866 5327; x_wconf 80' lang='lat' dir='ltr'><strong>ea</strong></span> <span class='ocrx_word' id='word_1_685' title='bbox 2921 5280 3178 5342; x_wconf 89' lang='lat' dir='ltr'><strong>tanquam</strong></span> <span class='ocrx_word' id='word_1_686' title='bbox 3223 5268 3595 5324; x_wconf 81' lang='lat' dir='ltr'><strong>Barbaror‘um</strong></span> 
     </span>
    </p>
   </div>
   <div class='ocr_carea' id='block_1_108' title="bbox 2012 5359 3596 5424">
    <p class='ocr_par' dir='ltr' id='par_1_108' title="bbox 2012 5359 3596 5424">
     <span class='ocr_line' id='line_1_108' title="bbox 2012 5359 3596 5424; baseline -0.006 -2"><span class='ocrx_word' id='word_1_687' title='bbox 2012 5367 2264 5422; x_wconf 88' lang='lat' dir='ltr'><strong>moribus</strong></span> <span class='ocrx_word' id='word_1_688' title='bbox 2288 5371 2658 5420; x_wconf 88' lang='lat' dir='ltr'><strong>consentanea</strong></span> <span class='ocrx_word' id='word_1_689' title='bbox 2702 5363 3062 5418; x_wconf 84' lang='lat' dir='ltr'><strong>vehementer</strong></span> <span class='ocrx_word' id='word_1_690' title='bbox 3089 5359 3469 5424; x_wconf 78' lang='lat' dir='ltr'><strong>exacerbatus,</strong></span> <span class='ocrx_word' id='word_1_691' title='bbox 3501 5373 3596 5413; x_wconf 82' lang='lat' dir='ltr'><strong>co-</strong></span> 
     </span>
    </p>
   </div>
   <div class='ocr_carea' id='block_1_109' title="bbox 2010 5450 3597 5529">
    <p class='ocr_par' dir='ltr' id='par_1_109' title="bbox 2010 5450 3597 5529">
     <span class='ocr_line' id='line_1_109' title="bbox 2010 5450 3597 5529; baseline -0.007 -16"><span class='ocrx_word' id='word_1_692' title='bbox 2010 5459 2132 5529; x_wconf 86' lang='lat' dir='ltr'><strong>pias</strong></span> <span class='ocrx_word' id='word_1_693' title='bbox 2184 5458 2408 5513; x_wconf 82' lang='lat' dir='ltr'><strong>navales</strong></span> <span class='ocrx_word' id='word_1_694' title='bbox 2466 5457 2684 5527; x_wconf 86' lang='lat' dir='ltr'><strong>ablegat</strong></span> <span class='ocrx_word' id='word_1_695' title='bbox 2735 5455 3094 5511; x_wconf 75' lang='lat' dir='ltr'><strong>interfectum</strong></span> <span class='ocrx_word' id='word_1_696' title='bbox 3148 5451 3421 5524; x_wconf 89' lang='lat' dir='ltr'><strong>quidquid</strong></span> <span class='ocrx_word' id='word_1_697' title='bbox 3471 5450 3597 5504; x_wconf 81' lang='lat' dir='ltr'><strong>istic</strong></span> 
     </span>
    </p>
   </div>
   <div class='ocr_carea' id='block_1_110' title="bbox 1688 5624 2271 5689">
    <p class='ocr_par' dir='ltr' id='par_1_110' title="bbox 1688 5624 2271 5689">
     <span class='ocr_line' id='line_1_110' title="bbox 1688 5624 2271 5689; baseline 0.002 -3"><span class='ocrx_word' id='word_1_698' title='bbox 1688 5627 1896 5689; x_wconf 65' lang='lat' dir='ltr'><strong>Varia)</strong></span> <span class='ocrx_word' id='word_1_699' title='bbox 1932 5624 2271 5688; x_wconf 86' lang='lat' dir='ltr'><strong>lectiones.</strong></span> 
     </span>
    </p>
   </div>
   <div class='ocr_carea' id='block_1_111' title="bbox 396 5742 3370 5823">
    <p class='ocr_par' dir='ltr' id='par_1_111' title="bbox 396 5742 3370 5823">
     <span class='ocr_line' id='line_1_111' title="bbox 396 5742 3370 5823; baseline -0.005 -14"><span class='ocrx_word' id='word_1_700' title='bbox 396 5757 442 5791; x_wconf 75' lang='lat'>“</span> <span class='ocrx_word' id='word_1_701' title='bbox 465 5757 559 5810; x_wconf 72' lang='grc' dir='ltr'>τὸν</span> <span class='ocrx_word' id='word_1_702' title='bbox 583 5759 648 5811; x_wconf 78' lang='grc' dir='ltr'><strong>Α.</strong></span> <span class='ocrx_word' id='word_1_703' title='bbox 734 5758 774 5789; x_wconf 71' lang='grc'><strong>³³</strong></span> <span class='ocrx_word' id='word_1_704' title='bbox 803 5757 913 5811; x_wconf 80' lang='grc' dir='ltr'><strong>ἀπὸ</strong></span> <span class='ocrx_word' id='word_1_705' title='bbox 944 5756 1058 5811; x_wconf 80' lang='lat' dir='ltr'><strong>RR.</strong></span> <span class='ocrx_word' id='word_1_706' title='bbox 1142 5754 1187 5787; x_wconf 76' lang='grc'><strong>’⁵⁸</strong></span> <span class='ocrx_word' id='word_1_707' title='bbox 1216 5757 1402 5811; x_wconf 80' lang='grc' dir='ltr'>κλύσει</span> <span class='ocrx_word' id='word_1_708' title='bbox 1434 5754 1501 5809; x_wconf 85' lang='lat' dir='ltr'><strong>R.</strong></span> <span class='ocrx_word' id='word_1_709' title='bbox 1569 5754 1616 5786; x_wconf 74' lang='grc'>⁸³</span> <span class='ocrx_word' id='word_1_710' title='bbox 1640 5753 1960 5819; x_wconf 77' lang='grc' dir='ltr'>Βυζαντίδος</span> <span class='ocrx_word' id='word_1_711' title='bbox 1992 5753 2059 5813; x_wconf 83' lang='lat' dir='ltr'><strong>R.</strong></span> <span class='ocrx_word' id='word_1_712' title='bbox 2092 5750 2440 5823; x_wconf 60' lang='lat' dir='ltr'><strong>ﬁaorliciocll.</strong></span> <span class='ocrx_word' id='word_1_713' title='bbox 2476 5822 2481 5823; x_wconf 17' lang='grc' dir='ltr'><em>ν</em></span> <span class='ocrx_word' id='word_1_714' title='bbox 2508 5749 2564 5823; x_wconf 53' lang='grc' dir='ltr'><strong>ξι</strong></span> <span class='ocrx_word' id='word_1_715' title='bbox 2594 5748 2684 5823; x_wconf 62' lang='grc' dir='ltr'><strong>ὖφξ</strong></span> <span class='ocrx_word' id='word_1_716' title='bbox 2714 5746 2865 5823; x_wconf 80' lang='grc' dir='ltr'>αὐτῷ</span> <span class='ocrx_word' id='word_1_717' title='bbox 2889 5746 2956 5800; x_wconf 70' lang='grc' dir='ltr'><strong>Η.</strong></span> <span class='ocrx_word' id='word_1_718' title='bbox 2983 5745 3070 5823; x_wconf 37' lang='grc' dir='ltr'><strong>’ἐξ</strong></span> <span class='ocrx_word' id='word_1_719' title='bbox 3103 5742 3370 5814; x_wconf 85' lang='grc' dir='ltr'>βούλημα.</span> 
     </span>
    </p>
   </div>
   <div class='ocr_carea' id='block_1_112' title="bbox 3448 5737 3592 5791">
    <p class='ocr_par' dir='ltr' id='par_1_112' title="bbox 3448 5737 3592 5791">
     <span class='ocr_line' id='line_1_112' title="bbox 3448 5737 3592 5791; baseline 0.014 -2"><span class='ocrx_word' id='word_1_720' title='bbox 3448 5737 3494 5769; x_wconf 72' lang='grc'><strong>⁸⁸</strong></span> <span class='ocrx_word' id='word_1_721' title='bbox 3523 5738 3592 5791; x_wconf 73' lang='lat' dir='ltr'><strong>ol-</strong></span> 
     </span>
    </p>
   </div>
   <div class='ocr_carea' id='block_1_113' title="bbox 329 5814 3094 5917">
    <p class='ocr_par' dir='ltr' id='par_1_113' title="bbox 329 5814 3094 5917">
     <span class='ocr_line' id='line_1_113' title="bbox 329 5814 3094 5917; baseline -0.005 -34"><span class='ocrx_word' id='word_1_722' title='bbox 329 5847 441 5883; x_wconf 78' lang='grc' dir='ltr'><strong>κων</strong></span> <span class='ocrx_word' id='word_1_723' title='bbox 460 5827 628 5885; x_wconf 69' lang='lat' dir='ltr'><strong>AER.</strong></span> <span class='ocrx_word' id='word_1_724' title='bbox 703 5825 753 5862; x_wconf 70' lang='grc' dir='ltr'>δ’</span> <span class='ocrx_word' id='word_1_725' title='bbox 784 5826 1053 5899; x_wconf 78' lang='grc' dir='ltr'>συληστὰς</span> <span class='ocrx_word' id='word_1_726' title='bbox 1077 5826 1240 5917; x_wconf 64' lang='lat' dir='ltr'><strong>ARK.</strong></span> <span class='ocrx_word' id='word_1_727' title='bbox 1326 5829 1439 5880; x_wconf 66' lang='lat' dir='ltr'><strong>&quot;rt</strong></span> <span class='ocrx_word' id='word_1_728' title='bbox 1468 5826 1560 5881; x_wconf 76' lang='grc' dir='ltr'>καὶ</span> <span class='ocrx_word' id='word_1_729' title='bbox 1586 5814 1860 5889; x_wconf 81' lang='grc' dir='ltr'>συνέστιος</span> <span class='ocrx_word' id='word_1_730' title='bbox 1883 5814 1956 5879; x_wconf 36' lang='grc' dir='ltr'><strong>Α..</strong></span> <span class='ocrx_word' id='word_1_731' title='bbox 2020 5824 2065 5856; x_wconf 70' lang='grc'><strong>⁸³</strong></span> <span class='ocrx_word' id='word_1_732' title='bbox 2092 5814 2431 5879; x_wconf 80' lang='grc' dir='ltr'>’ἀνασκοπῶν</span> <span class='ocrx_word' id='word_1_733' title='bbox 2459 5819 2572 5874; x_wconf 80' lang='lat' dir='ltr'><strong>AR.</strong></span> <span class='ocrx_word' id='word_1_734' title='bbox 2641 5814 2687 5854; x_wconf 57' lang='lat'><strong>3°</strong></span> <span class='ocrx_word' id='word_1_735' title='bbox 2716 5818 2950 5881; x_wconf 74' lang='grc' dir='ltr'>τρόπους</span> <span class='ocrx_word' id='word_1_736' title='bbox 2981 5814 3094 5868; x_wconf 73' lang='lat' dir='ltr'><strong>Ril.</strong></span> 
     </span>
    </p>
   </div>
  </div>
