4072 6418
287 415 388 480 επ

296 524 668 582 ’Λποστασίαν
701 524 910 596 μελετᾷ
944 522 1085 579 κατᾶ
1116 518 1426 585 Θεοδοσίου,

285 619 699 690 Συμπράκτορα
730 616 1099 687 συντυρευτὴν
1129 615 1239 668 τῶν
1271 613 1570 681 δολοπλοκη
1581 613 1767 682 μάτων

297 710 652 782 Ἐφευρηκὼς
688 709 1080 782 Ἀρτᾶϐασδον,
1111 707 1282 779 ἄνδρα
1303 706 1414 760 τῶν
1443 704 1766 776 περιδόξων,

287 799 356 874 *ῼ
393 803 486 856 καλ⁵
517 800 728 871 συνῆψε
753 800 857 868 τὴν
885 799 1048 854 αὑτοῦ
1088 799 1226 868 πρὸς
1257 796 1436 868 γάμον
1465 794 1768 864 θυγατέρα,

289 896 457 949 Ὅταν
485 892 820 963 είσώρουσεν
833 891 879 924 ⁸⁸
909 889 938 942 ὁ
963 889 1067 961 θὴρ
1084 891 1164 953 είς
1192 889 1259 942 τὰ
1281 886 1568 958 Ῥωμαίων
1594 887 1873 956 σκῆπτρα,

289 985 506 1058 Ταύτήν
534 985 715 1048 διδοὺς
748 980 1086 1053 ἀνταμοιϐὴν
1117 980 1193 1051 τῷ
1219 977 1467 1050 συνεργῷ
1499 977 1593 1031 τοῦ
1615 977 1872 1048 κράτους.

297 1081 354 1132 '0
377 1077 424 1131 δ’
450 1076 585 1143 ἄναξ
606 1076 890 1139 Θεοδόσιος
914 1073 1009 1128 τοῦ
1042 1072 1269 1136 Λέοντος
1297 1072 1358 1126 τὸ
1389 1070 1590 1141 θράσος

284 1169 398 1224 Καὶ
430 1168 530 1240 τὴν
564 1168 980 1238 θηριογνὼμονα
1014 1165 1243 1236 καρδίαν
1272 1161 1591 1228 ὑποπτήξας

288 1261 620 1332 Παραχωρεῖ
640 1259 716 1331 τῷ
743 1259 1002 1329 δυσμενεῖ
1022 1257 1116 1311 τοῦ
1145 1256 1335 1327 θρόνου
1362 1254 1458 1310 καὶ
1493 1252 1585 1308 τοῦ
1617 1253 1872 1323 στέφους,

300 1353 475 1407 Ἐκὼν
507 1353 687 1406 ἀέκων
721 1351 1000 1414 ὑπεκστὰς
1025 1351 1158 1423 ἄτερ
1186 1350 1369 1403 ὃπλων
1394 1347 1491 1400 καὶ
1523 1348 1725 1418 μάχης,

284 1447 391 1503 Καὶ
425 1445 684 1518 μέλαιναν
711 1443 1050 1515 ἀμπίσχεται
1078 1439 1276 1510 στολὴν
1301 1438 1426 1492 ἀντὶ
1455 1436 1768 1509 πορφέραῇ

284 1540 442 1595 Μδνα
470 1539 537 1591 τὰ
570 1537 722 1608 χείλη
756 1535 933 1607 μέλιτι
965 1535 1043 1605 τῷ
1072 1535 1172 1603 τῆς
1207 1531 1382 1602 ἀρχῆς
1408 1529 1622 1595 διάνας,

281 1630 469 1702 Αὐτὴν
500 1630 598 1698 τὴν
631 1627 889 1698 ὑπερῴαν
921 1627 978 1680 δὲ
1011 1627 1086 1696 μὴ
1116 1623 1367 1694 δυνηθεὶς
1396 1623 1688 1690 γλυκᾶναι,

288 1725 480 1778 Ἐτεσι
513 1721 695 1791 μόνοις
726 1721 784 1780 ἐν
821 1719 942 1774 δυσὶ
971 1717 1312 1788 γευσάμενος
1345 1715 1441 1772 τοῦ
1467 1715 1704 1788 κράτους
1725 1713 1766 1770 ⁸.

368 1815 459 1878 Ὠς
483 1810 614 1868 οῦν²
643 1814 737 1866 ἐπὶ
762 1811 857 1868 τὸν
898 1810 1104 1866 Λέοντα
1143 1809 1235 1864 τὸν
1263 1808 1528 1863 κάκιστον
1561 1806 1765 1877 μετέϐη

1407 403 1918 470 COMPENDIUM
1957 405 2054 465 Cll
2066 403 2209 464 [ὶοΝ
2224 404 2436 466 ICUM.
3459 403 3558 467 3⁵18

1911 521 1955 578 Α
1983 517 2096 570 Καὶ
2129 517 2284 584 γόνος
2319 516 2655 587 ἐχιδνότοκος
2697 515 2949 586 ἐξέθορεν
2981 515 3212 570 ἐκεῖθεν.

2060 609 2216 660 Ἐστι
2243 609 2288 661 δ’
2317 609 2416 662 οὐκ
2446 609 2866 681 ἄκαιρονείπεῖν
2889 609 2972 672 τίς
2997 611 3089 661 καὶ
3110 609 3273 661 πόθεν
3292 610 3382 662 καὶ
3411 613 3562 677 ποίας

1995 697 2092 751 Ἐκ
2121 699 2278 768 ῥίζης
2299 699 2706 768 ἀνεϐλάστησεν
2737 702 2764 752 ὁ
2795 699 3125 770 βδελυγμίας
3154 702 3327 756 Λέων.

2011 791 2090 844 Εκ
2129 793 2228 861 μὲν
2261 793 2521 863 Ἰσαῦρων
2545 794 2644 863 τὴν
2672 795 2862 863 σειρὰν
2885 794 2906 825 δ
2931 789 3081 846 εἷλκε
3108 795 3209 860 τῆς
3249 796 3562 866 γεναρχίας,

1984 881 2398 950 Χειροϐιώτων⁸
2428 884 2522 937 καὶ
2547 883 2773 954 λυπρῶν
2798 883 2982 954 τυχὼν
3011 884 3120 938 τῶν
3147 872 3492 957 γεννητόρων

1985 976 2096 1030 Καὶ
2143 976 2482 1032 παλαιόντων
2518 978 2614 1032 τοῦ
2648 976 2808 1048 λιμοῦ
2855 980 2978 1043 ταῖς
3019 979 3345 1051 φθαρτικαῖς
3386 979 3562 1050 πυρά-

3254 1075 3487 1143 rem"

1983 1160 2095 1224 Τὰς
2121 1158 2331 1224 ἀτελεῖς
2354 1161 2410 1216 δὲ
2436 1161 2723 1232 παρελθὼν
2755 1164 2849 1217 καί¹
2874 1164 3097 1236 πρώτας
3125 1166 3341 1235 ἡλικίας

1983 1253 2189 1325 Μετῄει
2221 1255 2638 1326 παλιγκάπηλον
2670 1257 2973 1326 ἐμπορικὸν
3005 1275 3066 1310 τε
3107 1259 3242 1329 βίον.

1996 1346 2086 1410 Ὠς
2109 1342 2202 1402 οῦν
2232 1365 2362 1402 ποτε
2393 1349 2677 1420 παρώδευε
2700 1354 2813 1413 τοῖς
2837 1353 2862 1403 ἐ
2870 1368 3156 1422 μπεπορευ
3166 1353 3351 1422 μένοις

1999 1439 2411 1510 Ῥαμνοφαγοῦν
2432 1441 2648 1512 ὀνάριον
2676 1442 3025 1512 κατάφορτον
3055 1443 3324 1509 ἐλαύνων,

1985 1531 2144 1595 Ζειᾶς
2175 1531 2445 1602 μηδέποτε
2469 1533 2708 1604 πλησθὲν
2739 1534 2875 1606 μηδὲ
2904 1536 3326 1606 κριθοραγῆσαν
3348 1536 3390 1600 ’,

1984 1622 2142 1678 Οῦτω
2173 1624 2388 1696 συμϐὰν
2417 1624 2745 1696 συνέκυρσεν
2771 1629 3038 1697 ἐμπόροις
3082 1629 3381 1694 Ἰουδαίοις,

1983 1713 2092 1768 Καὶ
2123 1715 2460 1786 κοινωνήσας
2487 1716 2586 1787 τῆς
2618 1716 2739 1770 ὁδοῦ
2773 1719 2886 1782 τοῖς
2912 1719 3184 1784 σκολιοϊς⁸
3219 1723 3455 1784 ἐκείνοις

1983 1807 2095 1862 Καὶ
2124 1809 2684 1879 συναναπαυσάμενος
2710 1809 2958 1865 ὕπνωσεν
2985 1813 3048 1865 ἐκ
3080 1811 3346 1882 καμάτου.

285 1906 366 1960 Ti
392 1876 506 1958 των
536 1903 827 1974 Ῥωμαίων
849 1901 1178 1972 πράγματα,
1209 1900 1373 1972 βαϐαὶ
1391 1901 1529 1954 Θεοῦ
1556 1876 1874 1970 κριμάτωνί
1905 1876 1950 1936 Β
1983 1899 2048 1954 Ol
2079 1899 2260 1954 τοίνυν
2295 1876 2611 1972 ὀφιότροποι
2643 1900 2918 1973 θεομισετς
2962 1876 3205 1974 Ἑϐραῖοι

300 1997 582 2054 Ἐντεῦθεν
608 1995 947 2065 ἐπεκῦμαινε
973 1994 1116 2050 κατὰ
1139 1995 1238 2064 τῆς
1283 1993 1612 2063 Ἐκκλησίας

288 2087 518 2142 Κλῦδων
545 2087 716 2158 βαρὺς
748 2087 812 2139 ἐκ
841 2085 1106 2148 λαίλαπος
1148 2083 1331 2154 δεινῆς
1361 2082 1716 2154 ἁγριοπνόου,

289 2178 399 2232 Καὶ
434 2178 603 2231 πάλιν
632 2179 794 2245 νέφος
825 2176 1090 2248 τετρυγδς
1113 2174 1482 2245 ὀλεθροφὸρου
1520 2173 1664 2243 βίας,

287 2275 396 2326 Καὶ
439 2273 608 2326 πάλιν
632 2271 794 2340 νέφος
822 2271 1054 2341 ζοςςερδν
1091 2269 1436 2340 ἐγκυμονοῦν
1466 2267 1542 2332 ὡς
1587 2265 1836 2344 πνεῦμα

283 2364 451 2416 Φὸνου
463 2381 484 2425 ς
495 2361 594 2416 ἀνθ
602 2360 802 2432 ρώπων
819 2362 915 2415 καὶ
927 2359 1132 2432 φθορὰς
1147 2359 1191 2424 ³,
1209 2359 1330 2413 ἀντὶ
1345 2357 1454 2412 τῶν
1475 2357 1504 2410 ὅ
1509 2355 1584 2427 μϐ
1589 2372 1699 2428 ρων
1717 2351 1880 2426 αἷμα.

299 2455 358 2508 '0
389 2453 499 2524 γάρ
527 2471 610 2506 τοι
633 2452 1073 2526 τρισκατάρατος
1103 2445 1260 2514 οὗτος
1283 2449 1524 2514 αὐτάναξ
1551 2448 1704 2504 Λέων

288 2543 467 2596 Ὤδινε
498 2543 620 2610 μὲν,
657 2543 732 2606 ὡς
756 2542 955 2608 ἔοικεν,
979 2542 1244 2605 ἐκτύπους
1274 2541 1522 2604 ἐπινοίας

285 2634 447 2690 Κατὰ
468 2632 712 2704 Χριστοῦ
757 2633 852 2686 καί⁵
893 2633 1006 2688 τῶν
1033 2631 1200 2687 αὐτοῦ
1231 2632 1430 2703 τιμίων
1459 2630 1873 2702 μορφωμάτων,

287 2727 384 2790 Εἰς
416 2725 532 2795 φῶς
566 2726 612 2779 δ’
653 2726 759 2779 οὐκ
791 2725 932 2796 ἔχων
967 2725 1217 2793 ἐνεγκεῖν
1244 2724 1338 2778 τὸν
1366 2725 1467 2793 τῆς
1492 2723 1690 2788 κακίας
1716 2723 1878 2777 τόκον

293 2817 392 2887 (Ti:
418 2817 525 2887 γὰρ
554 2817 1017 2889 ἀπαρρησίαστον
1044 2816 1358 2886 ⁴ὴννίιγκαζῖεν
1381 2816 1648 2885 ἐπέχειν),

305 2911 400 2974 Ὦς
423 2909 643 2982 ὕστερον
673 2910 941 2982 ἐδράξατο
965 2908 1157 2980 καιροῦ
1191 2908 1286 2962 καὶ
1318 2907 1657 2977 παρρησίας,

309 3002 592 3076 Ἐξέρρηξε
618 3001 711 3056 τὸν
733 3001 958 3056 τοκετόν
979 3015 992 3030 ⁸
1035 3001 1069 3072 ὴ
1099 3001 1208 3071 γὰρ
1236 2999 1399 3070 νηδὺς
1425 2999 1660 3068 ὲρράγην

295 3257 622 3330 patriciatus
671 3256 995 3327 dignitatem
1025 3253 1257 3324 adeptus
1287 3265 1342 3308 et
1390 3253 1632 3309 Orientis
1665 3251 1876 3308 exerci-

294 3362 451 3406 tuum
481 3349 808 3418 imperator,
843 3346 1108 3401 adversus
1140 3343 1511 3400 Theodosium
1541 3343 1872 3400 seditionem

292 3440 478 3497 moliri
529 3438 723 3509 ccepit,
759 3447 983 3507 reperto
1033 3436 1088 3495 in
1141 3435 1432 3490 fraudibus
1461 3435 1752 3490 nectendis
1778 3435 1877 3491 ad-

291 3536 505 3606 jutore,
537 3531 661 3586 viro
683 3531 920 3597 quodam
954 3530 1152 3586 illustri
1185 3530 1407 3584 nomine
1437 3529 1760 3594 Artabasdo,
1784 3529 1873 3584 cui

291 3625 557 3696 deinceps
596 3623 762 3678 ﬁliam
788 3637 968 3691 operae
1007 3632 1218 3677 navata:
1273 3622 1557 3690 prazmium
1595 3621 1876 3676 matrimo-

289 3718 383 3771 nio
405 3718 614 3789 juuxit,
662 3715 756 3770 ubi
801 3715 1012 3770 scilicet
1041 3715 1095 3769 in
1147 3715 1521 3769 Romanorum
1580 3714 1873 3784 imperium

291 3810 477 3865 bellua
523 3810 637 3880 jam
676 3807 994 3863 invasisset.
1028 3805 1376 3860 Theodosius
1406 3814 1589 3860 autem
1635 3806 1874 3874 impera-

290 3910 378 3956 tor
412 3901 615 3955 Leonis
670 3897 959 3953 audaciam
1001 3897 1386 3966 feritatemque
1419 3894 1648 3961 veritus,
1683 3895 1874 3952 volens

289 3991 509 4052 nolens,
544 3990 685 4045 citra
718 4004 959 4060 pugnant
997 3997 1054 4042 et
1098 4002 1249 4041 arma
1294 3985 1525 4056 imperio
1546 3984 1714 4047 cedit,
1746 3999 1874 4054 pro-

293 4096 398 4150 que
442 4094 692 4151 purpura
759 4077 1120 4149 imperatoria
1158 4077 1365 4148 nigram
1420 4083 1629 4129 vestem
1670 4073 1869 4139 induit,

290 4186 415 4228 cum
441 4172 595 4227 labra
622 4180 832 4226 tantum
857 4169 1073 4240 imperii
1102 4169 1262 4224 melle
1294 4166 1701 4231 madefecisset,
1728 4165 1876 4235 pala-

291 4274 407 4319 tum
439 4278 575 4317 vero
605 4262 723 4333 ejus
763 4259 1058 4316 dulcedine
1113 4261 1369 4330 perluere
1422 4275 1532 4312 non
1577 4258 1870 4328 potuisset,

289 4355 442 4430 quod
475 4354 740 4409 nimirum
771 4352 996 4407 biennio
1020 4351 1196 4408 solum
1223 4351 1588 4422 degustasset.

363 4445 554 4503 Rebus
585 4445 846 4499 Romanis
881 4443 1049 4514 igitur
1077 4443 1142 4497 ad
1204 4443 1690 4497 sceleratissimum
1718 4441 1872 4496 Leo-
1906 4471 1953 4530 υ

298 4553 418 4594 nem
451 4537 676 4602 delatis,
700 4535 861 4606 (prob
892 4535 1076 4605 qualia
1107 4544 1237 4589 sunt
1259 4535 1354 4588 Dei
1392 4535 1658 4606 judicia!)
1691 4535 1875 4606 gravis

291 4639 594 4701 tempestas
622 4627 924 4682 Ecclesiam
949 4625 1185 4694 excepit,
1202 4626 1414 4696 magnis
1439 4641 1562 4679 cum
1584 4625 1873 4681 hominum

294 4717 537 4772 caedibus
567 4715 882 4784 conjuncta.
912 4713 1046 4766 Nam
1071 4713 1426 4767 exsecrabilis
1446 4713 1558 4768 Leo
1577 4713 1875 4783 imperator

291 4807 640 4881 parturiebat
692 4806 782 4860 ille
830 4805 1074 4874 quidem,
1138 4819 1238 4859 ceu
1280 4813 1710 4859 consentaneum
1766 4813 1871 4872 est,

293 4901 533 4960 absurda
568 4915 820 4970 novaque
851 4898 1081 4953 consilia
1106 4909 1295 4952 contra
1321 4897 1605 4953 Christum
1625 4909 1682 4952 et
1709 4913 1876 4953 vene-

292 4998 496 5053 rabiles
533 4996 658 5066 ejus
686 4993 948 5064 imagines
973 5011 988 5059 ;
1019 4991 1116 5048 sed
1146 4993 1314 5047 fctum
1365 4994 1736 5064 improbitatis
1761 5009 1873 5050 sua:

295 5089 349 5144 in
378 5090 566 5144 lucem
599 5084 853 5157 proferre
900 5085 1053 5139 nullo
1082 5084 1245 5139 modo
1279 5095 1516 5154 poterat.
1547 5085 1764 5157 Quippe
1805 5089 1872 5143 ti-

299 5181 487 5234 midus
541 5179 763 5234 animus
813 5191 944 5233 eum
995 5177 1064 5231 ab
1121 5177 1375 5232 instituto
1408 5193 1508 5233 suo
1570 5179 1881 5235 revocabat.

296 5270 547 5325 Tandem
585 5284 720 5324 vero
772 5277 931 5340 capta
966 5266 1388 5338 opportunitate
1417 5279 1748 5339 sumptaque
1784 5285 1883 5324 au-

298 5363 458 5432 dacia
481 5362 655 5418 l‘etum
688 5360 867 5417 edidit
897 5378 912 5416 :
944 5359 1100 5414 alvus
1127 5360 1278 5414 enim
1306 5369 1465 5431 rupta
1499 5370 1606 5424 est,
1654 5369 1709 5416 ct
1730 5362 1875 5432 vipe-

299 5470 372 5510 rae
403 5453 629 5509 soboles
659 5454 714 5508 in
748 5453 932 5508 lucem
966 5451 1198 5522 prodiit.

1895 3153 1942 3210 C

1981 1991 2119 2045 Καθ’
2151 1993 2379 2056 ἑαυτοὺς
2408 1992 2740 2062 σκεψάμενοι
2769 1995 2864 2048 καὶ
2897 1995 3316 2066 συννενοηκότες

1982 2084 2026 2136 Π
2033 2086 2247 2154 ροεῖπον
2271 2084 2444 2157 τούτῳ
2467 2088 2568 2156 τὴν
2596 2087 2771 2159 ἀρχὴν
2798 2089 2894 2142 καὶ
2915 2087 3012 2160 τὴν
3035 2089 3356 2160 ἠγεμονίαν,

1980 2175 2096 2229 Εἶτ’
2125 2171 2218 2229 οὖν
2244 2176 2353 2230 ἀπὸ
2385 2176 2676 2250 μαθήσεως
2707 2179 2807 2233 εἴτ’
2831 2182 2895 2234 ἐκ
2918 2181 3279 2250 κακοτεχνίας

1984 2267 2054 2320 Ἣ
2076 2267 2395 2340 τεκμηρίων
2421 2268 2485 2323 ἐκ
2504 2287 2668 2325 τινων
2695 2271 2756 2324 τὸ
2783 2272 3015 2341 πρᾶγμα
3041 2288 3106 2324 συ
3117 2272 3436 2342 μϐαλόντες,

1980 2358 2090 2412 Καὶ
2111 2359 2212 2428 τῆς
2243 2361 2604 2432 προρρήσεως
2633 2361 2812 2415 αὐτῶν
2845 2360 3009 2432 ᾔτουν
3039 2362 3411 2432 ἀντιμισθίαν,

1991 2445 2214 2505 Ὀποίαν
2248 2451 2315 2504 ἂν
2341 2452 2624 2521 αίτήσαιεν
2658 2453 2877 2522 σχόντος
2899 2450 2998 2523 τὴν
3031 2453 3345 2524 κρατορίαν.

1981 2541 2221 2596 Ἤκουσε
2246 2543 2400 2598 ταῦθ’
2428 2545 2457 2597 ὁ
2483 2546 2809 2616 πάντολμος,
2832 2546 3156 2599 κατένευσεν
3185 2547 3384 2601 αὐτίκα

1983 2631 2101 2684 Ἐπ’
2127 2633 2374 2705 ἀπωλείᾳ
2397 2634 2497 2704 τῆς
2525 2635 2703 2705 ψυχῆς
2735 2637 2827 2689 καὶ
2861 2636 2960 2704 τῆς
2997 2636 3284 2706 Ῥωμαίων
3323 2639 3488 2703 τύχης
3512 2639 3557 2690 ’.

1979 2724 2103 2788 Τοῖς
2129 2723 2261 2792 γοῦν
2290 2725 2606 2796 χωράρχαις
2637 2726 2962 2797 γνωρισθεὶς
2987 2727 3080 2781 καὶ
3116 2730 3227 2790 τοῖς
3257 2727 3562 2797 κλιματαρ-

3282 2815 3486 2888 meat,

1985 2906 2095 2959 Καὶ
2117 2905 2178 2959 τὸ
2205 2905 2670 2977 τολμηροκάρδιον
2707 2910 2850 2962 κατὰ
2881 2910 3077 2980 μικρὸν
3107 2911 3368 2982 ἐκφήνας,

1981 2998 2276 3070 Πατρίκιος
2300 2997 2622 3054 καθίσταται
2648 3000 2744 3054 καὶ
2767 3001 2939 3068 μέγας
2972 3004 3370 3074 ταγματάρχης

3244 3129 3397 3184 Vcrs.
3417 3131 3552 3186 4'22!

2051 3252 2274 3308 Minime
2303 3266 2430 3308 vero
2459 3251 2630 3306 fuerit
2675 3251 2914 3307 alienum
2951 3252 3022 3306 ab
3053 3251 3306 3307 inStituto
3345 3266 3557 3317 nostro,

1980 3345 2027 3402 si
2049 3343 2526 3415 explicaverimus,
2570 3343 2740 3409 unde,
2775 3344 2900 3414 quis
2948 3352 3004 3400 et
3034 3345 3184 3415 quali
3229 3345 3398 3416 stirpe
3427 3363 3558 3417 pro-

1980 3447 2201 3495 creatus
2221 3437 2612 3493 abominabilis
2648 3437 2738 3492 hic
2767 3436 2881 3492 Leo
2908 3437 3094 3491 fuerit.
3129 3436 3378 3492 Habebat
3397 3455 3562 3508 gene-

1981 3528 2059 3582 ris
2087 3527 2355 3596 originem
2381 3542 2447 3582 ex
2479 3525 2705 3588 Isauria,
2740 3526 3064 3595 parentibus
3112 3527 3347 3582 fortunae
3374 3531 3560 3584 tenuis

1979 3621 2093 3691 86
2117 3628 2174 3674 et
2205 3634 2468 3674 manuum
2493 3633 2716 3674 suarum
2750 3619 2938 3672 labore
2974 3619 3358 3676 victitantibus
3375 3630 3557 3676 natus.

1981 3713 2186 3767 Exacta
2216 3712 2392 3781 prima
2416 3719 2599 3772 aetate,
2629 3720 2959 3765 mercaturae
3000 3726 3224 3780 operam
3267 3711 3454 3770 dabat.
3504 3722 3563 3767 et

1981 3804 2160 3873 pretio
2191 3813 2442 3873 coempta
2465 3817 2683 3857 rursum
2718 3802 2854 3856 lucri
2879 3795 3044 3856 causa
3076 3802 3366 3857 vendebat.
3397 3805 3561 3861 Forte
3637 3843 3644 3849 -

1981 3892 2506 3962 aceiditaliquando
2539 3905 2597 3947 ut
2643 3907 2768 3946 cum
2819 3891 2943 3945 aliis
2987 3892 3425 3962 negotiatoribus
3456 3896 3562 3950 iter

1982 3986 2188 4041 faciens
2219 3995 2276 4042 et
2313 3985 2530 4040 asinum
2566 4000 2676 4054 pm
2704 3998 2761 4038 se
2793 3984 3070 4038 mercibus
3099 3995 3361 4039 onustum
3394 4002 3562 4056 agens

1983 4080 2035 4134 in
2060 4090 2396 4134 mercatores
2445 4078 2667 4133 Judaeos
2710 4077 3019 4143 incideret;
3071 4077 3403 4146 quibuscum
3455 4079 3563 4132 iter

1981 4186 2142 4227 suum
2174 4179 2500 4239 persecutus
2522 4181 2579 4226 et
2629 4170 2947 4240 fatigatione
2981 4169 3203 4228 tandem
3237 4173 3562 4241 consopitus

1981 4278 2104 4318 sese
2127 4262 2300 4329 quieti
2325 4261 2494 4316 dedit.
2537 4261 2769 4325 Hebraei,
2807 4277 2867 4316 re
2901 4261 3047 4316 inter
3073 4277 3132 4316 se
3157 4263 3564 4318 communicata

1981 4353 2344 4422 etdiligenter
2377 4350 2746 4414 considerata,
2775 4350 3069 4419 imperium
3101 4351 3269 4406 Leoni
3297 4352 3564 4406 vaticina-

1983 4445 2206 4507 bantur,
2235 4443 2321 4497 vel
2353 4442 2586 4511 quadam
2621 4457 2686 4496 ex
2712 4442 3002 4510 discqtlina
3034 4444 3118 4497 vel
3147 4452 3266 4496 arte
3313 4442 3566 4512 improba

1981 4541 2065 4594 vel
2090 4539 2260 4594 certis
2286 4537 2585 4593 iudiciisid
2625 4537 2770 4607 quod
2802 4538 3052 4591 futurum
3078 4545 3225 4592 esset
3245 4538 3563 4607 conjectan-

1981 4642 2084 4689 tes.
2121 4631 2295 4687 Simul
2328 4631 2396 4685 ab
2427 4645 2494 4685 eo
2533 4646 2633 4701 pro
2687 4631 2791 4684 hac
2827 4631 3187 4700 praidictione
3238 4644 3562 4684 remunera-

1984 4725 2188 4779 tionem
2228 4724 2550 4794 contingere
2607 4724 2714 4779 sibi
2761 4724 3041 4794 petebant,
3079 4722 3296 4792 qualem
3353 4721 3565 4776 scilicet

1980 4815 2312 4886 postulaturi
2345 4825 2526 4872 essent
2559 4816 2652 4870 ubi
2683 4816 2796 4886 jam
2836 4815 2904 4868 ad
2932 4815 3226 4883 imperium
3280 4814 3396 4883 ipse
3441 4828 3566 4882 per-

1981 4905 2244 4960 venisset.
2297 4903 2396 4958 His
2445 4903 2671 4968 auditis,
2717 4895 2803 4957 vir
2846 4901 3224 4956 ferocissimus
3273 4915 3387 4956 suae
3438 4912 3564 4955 cum

1988 4997 2185 5052 animae
2241 4995 2628 5064 felicitatisque
2679 4996 3056 5050 Romanorum
3103 4994 3438 5049 detrimento
3465 5010 3565 5049 an-

1986 5090 2132 5144 nuit.
2177 5087 2317 5143 Hine
2347 5089 2632 5143 audaciam
2693 5103 2846 5142 suam
2873 5087 3134 5157 paulatim
3173 5087 3434 5157 probans,
3471 5088 3566 5142 ubi

1985 5185 2269 5253 regionum
2292 5182 2564 5252 pnel'ectis
2592 5181 2946 5246 innotuisset,
2973 5181 3257 5252 patricius,
3279 5183 3566 5250 copiarum

1983 5275 2182 5329 ductor
2227 5285 2283 5330 et
2337 5277 2538 5345 (nonne
2572 5275 2663 5330 hic
2725 5290 2940 5331 mecum
2982 5275 3221 5346 gemitus
3283 5275 3571 5346 conjungis

1986 5375 2128 5430 tuos,
2161 5366 2509 5438 ojustitia?)
2564 5366 2788 5421 demum
2846 5367 3150 5438 imperator
3179 5375 3425 5422 creatur.
3469 5366 3573 5421 lle-

1981 5457 2113 5512 braei
2152 5457 2352 5513 Leonis
2380 5459 2793 5514 renuntiatione
2828 5458 3048 5528 cognita
3075 5473 3204 5514 mox
3233 5457 3302 5514 ad
3331 5458 3572 5528 impera-

1646 5592 1852 5656 Varitu
1883 5595 2214 5657 lectiones.

357 5725 403 5755 ”
433 5722 748 5797 alcippgw
771 5719 837 5797 ll.
860 5717 1204 5797 EappqeavA.
1252 5721 1300 5797 _’
1336 5717 1493 5797 llttn‘c
1523 5736 1737 5797 versum
1780 5739 1865 5775 om

1983 5768 1984 5775 η
2061 5727 2082 5755 ⁸
2111 5726 2160 5792 γ’
2180 5725 2272 5779 οῦν
2303 5726 2366 5779 Λ.

299 5789 614 5868 gesto-3mg
647 5793 712 5847 Β.
796 5791 818 5822 ⁸
847 5789 940 5844 τοῦ
977 5789 1280 5862 φθαρτικοῦ
1333 5789 1588 5861 πυράγρᾳ
1619 5789 1682 5848 ιι.
1762 5795 1780 5824 ⁷
1817 5793 1875 5849 ιιι

2029 5789 2241 5852 veri-sum
2301 5815 2410 5854 oin.
2466 5795 2525 5849 Ιί.
2606 5789 2751 5868 δτῆς
2805 5789 3016 5867 σκολ,ῆς
3087 5789 3149 5848 ξιξ

295 5863 397 5917 τῶν
419 5867 477 5920 Α.

2453 5725 2831 5804 εἶκαὶ-σφαγὰς
2865 5726 2928 5804 (ι’.
2959 5797 2982 5804 _
3007 5731 3028 5758 ⁵
3057 5724 3248 5804 ἀρχὴνΔ
3388 5722 3433 5804 η’
3458 5737 3566 5804 χεμιο

3228 5797 3248 5826 ’
3279 5795 3452 5864 ἀρχῆς
3496 5795 3565 5862 Α,
