4072 6442
447 388 583 452 381

460 498 672 569 Αῐφνης
702 497 957 569 ἀρπάσας
982 498 1077 552 ἀπ’
1105 498 1286 552 αὐτῶν
1308 498 1411 565 φεῦ
1437 500 1546 552 τῶν
1571 500 1962 569 παστοπηγὶων
2065 505 2106 557 Λ

451 590 645 660 Χήραν
670 589 871 661 ῥυσσὴν
895 589 1143 653 ἀπέδειξε
1168 589 1263 643 καὶ
1290 590 1813 661 μελανειμονοῦσαν.

1623 391 2135 451 ΟΟΝΞΤΛΝΊῚῊ
2180 389 2552 450 MANASSIS

3605 390 3712 455 384

2214 496 2374 550 Ἀλλὰ
2402 497 2513 566 γὰρ
2539 494 2842 566 ἐξῃτήσατο
2869 493 2963 548 καὶ
2993 494 3156 550 πάλιν
3181 495 3209 548 6
3235 490 3433 568 Βελίαρ

2138 588 2241 641 Τὸν
2281 588 2500 660 Ἰσραὴλ
2529 589 2621 642 τὸν
2648 588 2903 642 ἐκλεκτὸν
2930 588 3006 650 ὡς
3029 591 3174 642 σῖτον
3209 590 3498 644 σινιάσαι⁶⁸

453 681 566 751 Τὴν
594 680 838 749 ἄμπελον
882 679 987 749 τὴν·
1027 679 1302 750 βρύουσαν
1326 680 1373 713 ³⁸
1398 680 1645 753 βοτρύων
1686 682 2030 753 καλλιράγων
2137 678 2327 749 (Οὔπω
2352 681 2446 733 καὶ
2474 681 2604 750 γὰρ,
2625 679 2703 743 ὡς
2724 680 2922 742 ἔοικεν,
2944 681 3262 749 ἀρκούντως
3291 682 3603 754 ἐκολάσθη),

453 770 684 839 Κάπρος
711 770 875 822 ποθὲν
908 771 1017 823 ἀπὸ
1045 769 1254 840 δρυμοῦ
1275 771 1524 841 πηδήσας
1554 773 1865 842 χαυλιόδους

452 860 784 931 Αὐτόρριζον
807 860 1077 931 ἐξώρυξεν
1100 863 1168 927 ⁸⁵,
1190 863 1484 934 ἐλῄστευσε
1514 865 1577 917 τὸ
1598 865 1816 930 κάλλος.

468 949 756 1020 Ἑξέκοψεν
779 951 824 983 ³⁸
850 953 914 1004 ἑκ
942 953 1052 1004 τῶν
1079 953 1224 1006 ναῶν
1244 954 1341 1017 τὰς
1373 954 1524 1024 ἱερὰς
1558 957 1891 1026 μορφώσεις,

467 1038 889 1113 Ἀντενεχάραξε
918 1044 960 1076 ³⁷
985 1044 1032 1097 δ’
1060 1045 1246 1109 αὐτοῖς
1274 1045 1534 1115 χρώμασι
1561 1049 1657 1101 καὶ
1673 1049 1907 1120 ψηφῖσιν

457 1133 539 1186 Τὰ
565 1134 695 1203 φίλα
721 1133 1021 1206 κυνηγέσια
1051 1136 1147 1189 καὶ
1172 1136 1271 1200 τὰς
1302 1137 1661 1207 ίππηλασίας.

458 1224 533 1277 οὐ
557 1224 735 1279 ταῦτα
763 1226 820 1278 δὲ
844 1226 1147 1296 τετόλμητο
1183 1228 1319 1297 μόνα
1350 1228 1430 1299 τῷ
1461 1231 1784 1302 καταράτῳ,

473 1314 634 1369 Ἀλλὰ
663 1320 759 1372 καὶ
787 1319 912 1380 τοὺς
939 1317 1271 1389 μονάζοντας
1301 1321 1377 1382 ὡς
1401 1320 1549 1374 κύων
1574 1322 1877 1392 ἀνιχνεύων

473 1401 560 1469 Ὤ;
587 1410 756 1479 ἄρνας
780 1408 881 1479 φεῦ
906 1411 1169 1464 κατέθυεν
1192 1411 1237 1442 ³⁸
1259 1412 1855 1484 ἐθελοσφαγουμένους.

478 1493 850 1562 Ἐξεκενοῦντο
876 1501 1167 1571 τοιγαροῦν
1188 1499 1331 1556 οἶκοι
1364 1504 1839 1574 μελενδυτούντων
1860 1509 1929 1573 ⁸⁸,

461 1588 735 1656 Σεμνείων
760 1586 828 1663 ἦν
857 1595 1189 1664 κατασκαφὴ
1212 1594 1260 1626 ⁵⁸
1280 1595 1533 1667 καθάπερ
1555 1597 1883 1670 λῃστηρίων.

460 1678 930 1750 Ἐστενοχὼρηντο
952 1685 1190 1752 φρουραὶ
1212 1686 1323 1744 τοῖς
1349 1685 1877 1757 ἐγκαθειργνυμένοι
1896 1709 1931 1753 ·,

462 1768 573 1822 Kal
597 1770 864 1827 πάντοθεν
882 1773 1149 1843 ἠλαύνετο
1181 1776 1242 1828 τὸ
1274 1776 1446 1846 μέλαν
1468 1778 1661 1848 ὥσπερ
1690 1779 1860 1849 μύσος
1885 1782 1952 1835 “.

534 1861 770 1916 Τοιαῦτα
796 1864 976 1917 τοίνυν
1006 1866 1257 1937 καθορῶν
1290 1868 1656 1938 Ἀρτάϐασδος
1680 1871 1910 1935 ἐκεῖνος,

472 1954 571 2006 Ὃν
601 1952 812 2022 φθάσας
840 1959 1244 2029 προεγνὼρισεν
1268 1960 1295 2011 6
1319 1958 1518 2030 δρόμος
1550 1963 1578 2014 6
1608 1962 1702 2014 τοῦ
1737 1962 1895 2029 λόγου
1942 2024 1951 2035 γ

465 2044 559 2107 El;
585 2046 762 2116 γάμον
792 2047 1182 2119 ἁρμοσάμενον
1204 2049 1300 2105 τοῦ
1328 2052 1558 2116 Λέοντος
1585 2054 1687 2122 τὴν
1714 2056 1898 2118 παῖδα,

465 2137 576 2191 Καὶ
604 2136 704 2209 τὴν
732 2139 1177 2213 ἀγριοεάρὸαρον
1199 2145 1436 2214 μισήσας
1464 2147 1508 2178 ⁸³
1530 2148 1840 2218 τυραννίδα,

464 2228 733 2282 Συνάπτει
757 2231 994 2301 πόλεμον
1021 2232 1193 2303 αὐτῷ,
1214 2234 1463 2290 δείκνυσι
1487 2237 1782 2306 φυγαδίαν,

466 2318 577 2370 Kal
605 2320 825 2390 κράτωρ
854 2322 1236 2378 ἀναδείκνυται
1272 2324 1562 2396 Ῥωμαίων
1588 2330 1692 2397 γῆς
1720 2332 1981 2398 αὐτάναξ.

466 2410 578 2463 Kal
607 2412 769 2464 πάλιν
800 2414 1286 2484 ἀπαστράπτουσιν
1313 2420 1533 2483 ἀκτίσες
1562 2422 1848 2488 εὐσεϐείας

465 2501 581 2552 Καὶ
610 2500 768 2556 πάλιν
791 2505 1216 2578 πυριμάρμαροι
1240 2509 1483 2579 χαρίτων
1508 2512 1875 2584 στιλϐηδόνες,

468 2592 579 2646 Kal
608 2594 770 2647 πάλιν
797 2596 1133 2651 ἁνατέταλκε
1154 2600 1254 2668 τῆς
1285 2600 1521 2665 πίστεως
1549 2605 1579 2655 6
1608 2604 1766 2673 λόγος
1789 2608 1855 2661 ⁸³.

481 2687 934 2754 ’Δναστῃλοῦντοιι
956 2690 1025 2743 τά
1056 2692 1252 2759 σεπτὰ,
1278 2693 1591 2762 λάμπουσιν
1617 2699 1674 2750 αἱ
1704 2698 2021 2768 μορφώσεις

466 2779 535 2833 Δί
554 2778 663 2832 τῶν
684 2781 981 2854 μαρτύρων
1002 2785 1095 2837 καὶ
1119 2784 1164 2818 ⁸³
1190 2787 1433 2857 Χριστοῦ
1462 2790 1556 2843 καὶ
1578 2790 1679 2859 τῆς
1700 2792 1864 2846 αὑτὸν
1887 2791 2048 2858 τεξά-

1536 2943 1565 2957 -
1830 2881 1975 2956 [37:4-

467 3092 580 3133 non
629 3081 976 3136 conabatur?
1026 3083 1332 3155 Nympham
1373 3086 1523 3140 illam
1556 3097 1879 3142 exornatam
1912 3104 2050 3145 auro

2138 771 2249 825 Kal
2275 770 2440 825 πάλιν
2469 772 2876 842 ἐπεστράτευσε
2902 773 3028 835 τοὺς
3061 773 3310 837 εὐσεϐεῖς
3335 774 3608 844 ὲκθλίψων
3633 776 3679 818 ⁸⁸

2147 862 2236 924 Ὠς
2270 863 2488 933 Ἰσραὴλ
2513 863 2916 933 Χουσαρσαθὲμ
2944 866 2973 917 6
2999 865 3190 936 Σύρων
3216 867 3638 939 σατραπάρχης.

2139 957 2205 1009 Τί
2226 956 2283 1009 δὲ
2312 957 2407 1011 καὶ
2433 959 2584 1011 ποῖον
2611 957 2674 1010 τὸ
2703 957 2940 1027 συμϐὰν,
2964 959 2993 1010 6
3015 958 3174 1027 λόγος
3203 961 3505 1032 ίστορήσει.

2212 1049 2288 1103 Οὐ
2314 1050 2496 1117 στέγει
2520 1048 2619 1122 τὴν
2642 1050 2961 1105 ἀπόπτωσιν
2992 1051 3093 1122 τὴν
3116 1051 3218 1121 τῆς
3238 1052 3719 1123 ἀρχῆςόδρὰκων.

2139 1139 2473 1212 Βαρυθυμεϊ,
2502 1140 2849 1205 παθαίνεται,
2874 1141 3152 1194 κοινοῦται
3174 1143 3288 1206 τοῖς
3313 1142 3713 1215 στρατάρχαις,

2144 1234 2519 1303 ΙΙροσφὲρεται
2545 1232 2875 1295 κολακικιῖη,
2906 1232 3120 1286 ἐλπίσιν
3147 1232 3573 1306 ὲκθερμαίνειιτ,

2143 1324 2237 1387 El;
2269 1324 2461 1377 ἑαυτὸν
2495 1325 2787 1393 ἐφέλκεται
2815 1326 3108 1397 χωράρχας
3133 1327 3536 1399 κλιματάρχας,

2144 1416 2255 1470 Kal
2274 1415 2503 1487 δύναμιν
2530 1417 2872 1487 κτησάμενος
2908 1418 3130 1490 βαρεῖαν
3158 1421 3580 1489 στρατευμάτων

2140 1509 2338 1578 Miqu
2359 1508 2622 1562 συνάπτει
2640 1512 2938 1579 καρτερὰν,
2961 1510 3098 1580 ἡττᾷ
3129 1512 3257 1573 τοὺς
3286 1512 3644 1586 ἀντιμάχους,

2143 1592 2458 1666 Τροποῦται
2487 1598 2579 1650 τὸν
2601 1596 2994 1667 Ἀρτάϐασδον,
3025 1599 3173 1667 νικᾷ,
3197 1597 3482 1667 χειροῦται
3516 1597 3725 1663 ζῶντα,

2146 1689 2257 1743 Καὶ
2298 1688 2398 1761 τὴν
2436 1687 2614 1759 ὁρμὴν
2659 1688 2753 1741 καὶ
2803 1690 2903 1759 τὴν
2931 1689 3105 1759 ὀργὴν
3134 1689 3230 1741 καὶ
3271 1688 3370 1742 τοῦ
3419 1688 3595 1758 θυμοῦ
3623 1690 3731 1760 τὴν

3459 1780 3655 1853 [ἀλκὴν

2072 1835 2125 1895 Β
2150 1870 2254 1924 Τοῦ
2284 1870 2581 1941 δυστυχοῦς
2617 1872 2711 1925 καὶ
2736 1871 3048 1939 τληπαθοῦς
3072 1871 3312 1942 ἄκρατον
3341 1835 3621 1944 κατάχέειζ

2149 1964 2258 2015 Kal
2289 1962 2398 2015 τῶν
2424 1963 2691 2034 ὀμμάτων
2723 1962 2971 2017 σὸέννυσι
2989 1965 3085 2025 τὰς
3104 1969 3398 2033 φεραυγεῑς
3414 1965 3727 2035 λαμπάδας.

2154 2056 2266 2108 Kal
2292 2056 2456 2108 πάλιν
2480 2057 2510 2108 ό
2539 2055 2793 2125 μισόθεος
2818 2059 2977 2127 φορεί
3002 2057 3102 2125 τὴν
3131 2057 3443 2128 ἁλουργίδα.

2150 2148 2322 2201 Πάλιν
2352 2148 2379 2199 ό
2398 2146 2503 2218 θὴρ
2532 2150 2996 2218 σκηπτροκρατεῖ,
3024 2148 3190 2202 πάλιν
3228 2148 3516 2218 Ῥωμαίων
3543 2153 3727 2222 ἄρχει,

2151 2239 2260 2291 Καὶ
2295 2239 2507 2306 γίνεται
2539 2239 2869 2310 πικρότερος
2899 2240 2990 2292 καὶ¹
3017 2239 3517 2311 Ναϐουχοδονόσορ.

2150 2331 2217 2384 Τί
2249 2330 2408 2383 τοῦτο
2435 2330 2498 2384 τὸ
2518 2330 2922 2401 παλίνστροφον
2943 2329 3014 2396 δ’,
3033 2330 3235 2384 ἄστατε
3262 2332 3424 2402 τροχὲ
3436 2333 3482 2365 δ’
3503 2332 3620 2403 βίου
3639 2350 3655 2398 ;

2152 2424 2226 2475 Τὸ
2257 2422 2409 2492 ῥόδον
2445 2421 2601 2492 μόλις
2626 2419 2864 2484 ἐξανθεῖ,
2882 2420 3069 2490 τάχιον
3089 2421 3137 2473 δ’
3159 2421 3445 2493 ὗπορῤέει,

2164 2515 2229 2567 Ἥ
2259 2512 2624 2583 κεντροφόρος
2656 2513 2860 2583 ῥάμνος
2885 2512 3004 2564 ὀδε
3028 2511 3191 2581 μέχρι
3220 2511 3417 2565 πολλοῦ
3447 2512 3650 2575 νεάζει.

2161 2606 2223 2659 '0
2251 2605 2410 2667 Τίτος
2434 2602 2595 2675 μόνον
2621 2602 2815 2671 ἔϐλεψε
2839 2601 2934 2656 τοῦ
2967 2603 3202 2673 κράτους
3237 2604 3326 2656 τὸν
3352 2602 3617 2674 λειμῶνα,

2151 2698 2262 2752 Καὶ
2286 2698 2476 2767 τάχιον
2500 2697 2819 2768 ἀνήρπαστο
2850 2696 2925 2766 μὴ
2960 2695 3252 2765 μετασχὼν
3276 2696 3503 2766 ὀπώρας
3535 2716 3549 2730 ·

2152 2782 2323 2852 Οῦτος
2344 2790 2436 2843 6’6
2465 2786 2895 2859 μυσαρώνυμος,
2917 2786 2979 2840 τὸ
3010 2787 3285 2841 σκύϐαλον
3311 2788 3406 2841 τοῦ
3437 2790 3653 2856 γένους.

2165 2881 2416 2951 Ἐγένετο
2450 2879 2771 2952 μακρόόιος,
2792 2878 2839 2932 ὣ
2863 2880 2905 2911 ⁸⁸
2936 2878 3107 2949 τύχης
3135 2880 3431 2950 ἀνωμάλου
3458 2882 3470 2934 !

3404 2988 3558 3042 Vers.
3590 2987 3735 3044 6380

2224 3081 2333 3138 Sed
2370 3081 2516 3136 enim
2554 3094 2745 3133 rursus
2786 3078 2950 3133 Belial
2986 3078 3223 3133 electum
3265 3078 3519 3135 lsraelem
3557 3081 3736 3137 instar

463 3175 524 3223 et
554 3169 868 3235 delicatam,
898 3187 1063 3241 quam
1093 3172 1198 3228 sibi
1222 3173 1500 3242 Christus,
1528 3190 1764 3244 Sponsus
1808 3176 1899 3231 ille
1939 3192 2044 3247 pu-
2078 3193 2121 3250 ο
2155 3173 2418 3229 frumenti
2475 3169 2740 3242 expetivit
2781 3168 3065 3236 cribrare;
3114 3171 3358 3225 nonduin
3405 3171 3552 3226 enim
3578 3214 3592 3237 ,
3628 3189 3732 3228 ceu

468 3274 564 3314 rus
589 3271 646 3316 et
673 3270 880 3325 castus,
914 3262 1228 3331 despondit,
1260 3266 1330 3322 ab
1380 3266 1516 3337 ipsis
1544 3267 1722 3337 (heu!
1752 3267 1771 3336 )
1799 3268 2054 3325 thalamis

468 3349 751 3419 abreptam
777 3352 1045 3418 viduavit,
1076 3357 1228 3427 rugis
1251 3357 1586 3428 deturpavit,
1610 3359 1858 3415 vestibus
1881 3361 2053 3429 nigris

467 3440 708 3508 operuit.
781 3440 1154 3499 Consimiliter
1217 3446 1384 3501 vilem
1476 3447 1866 3516 pulcherrimis
1935 3450 2055 3505 uvis

468 3534 731 3586 refertam
791 3548 890 3589 ceu
946 3535 1241 3604 prosiliens
1292 3553 1423 3607 aper
1477 3540 1733 3596 alicunde
1796 3541 2052 3612 quapiam

470 3636 504 3677 e
546 3622 681 3677 silva
733 3625 998 3682 radicitus
1046 3628 1258 3693 effodit,
1299 3631 1530 3701 ejusque
1567 3626 1910 3689 venustatem
1956 3634 2054 3689 de-

471 3715 751 3783 prteilatus
785 3725 888 3773 est.
925 3717 1123 3775 Sacras
1167 3736 1198 3776 e
1250 3722 1469 3792 templis
1513 3723 1779 3793 imagines
1827 3725 2051 3792 excidit,

472 3818 780 3876 earumque
824 3808 948 3864 loco
992 3809 1139 3881 pingi
1194 3811 1481 3884 sculpique
1521 3815 1735 3869 curavit
1764 3817 2055 3885 praeclaras

471 3895 683 3953 scilicet
713 3902 1036 3956 venationes
1066 3911 1122 3957 et
1154 3914 1439 3974 equestres
1468 3907 1648 3961 ludos.
1677 3907 1788 3963 Nec
1818 3920 2055 3965 conten-

473 4000 563 4045 tus
604 3992 757 4048 hisce
784 3993 1127 4049 facinoribus
1160 3996 1247 4049 vir
1279 3999 1635 4053 exsecrabilis
1660 4039 1673 4064 ,
1700 4000 1866 4053 etiam
1901 4002 2055 4055 canis

469 4082 526 4135 in
558 4098 766 4138 morem
806 4087 1188 4157 pervestigans
1217 4089 1479 4145 solitariae
1510 4090 1636 4145 vitae
1665 4091 1903 4154 deditos,
1936 4101 2056 4146 tan.

472 4192 636 4248 quam
666 4193 837 4250 agnos
869 4180 1094 4236 minime
1124 4193 1494 4254 repugnantes
1523 4184 1833 4256 jugulabat.
1868 4187 2057 4241 Mona-

472 4271 637 4324 steria
667 4271 836 4326 veluti
869 4274 1251 4329 conventicula
1282 4276 1557 4330 latronum
1585 4278 1868 4333 evertebat
1891 4296 1903 4342 ;
1929 4295 2055 4333 car—

472 4376 628 4417 ceres
677 4363 749 4418 ob
803 4364 1138 4420 inclusorum
1190 4368 1587 4423 monachorum
1643 4369 2051 4424 multitudinem

472 4470 702 4524 prorsus
728 4455 831 4509 arti
858 4466 1054 4523 erant;
1090 4458 1297 4528 ubique
1336 4460 1492 4530 niger
1518 4460 1753 4515 vestitus
1797 4476 1897 4516 ceu
1940 4462 2055 4532 pia-

399 4599 407 4605 .
473 4549 660 4605 culum
688 4551 966 4620 quoddam
994 4552 1394 4622 expellebatnr.

543 4642 675 4708 Quae
710 4658 834 4697 cum
867 4643 1213 4702 Artabasdus
1251 4647 1362 4712 ille,
1396 4663 1560 4716 quem
1595 4647 1705 4717 jam
1743 4656 1869 4699 ante
1909 4645 2054 4700 dixi-

474 4749 597 4788 mus
628 4749 853 4789 uxorem
888 4735 1112 4791 duxisse
1141 4737 1345 4794 Leonis
1380 4737 1579 4801 filiam,
1624 4736 1896 4806 aspiceret
1919 4775 1934 4791 .
1982 4747 2059 4806 ty-

475 4827 764 4882 rannidem
825 4828 1140 4885 immaniter
1203 4831 1496 4885 barbaram
1560 4843 1794 4899 perosus
1854 4828 2055 4882 bellum

473 4918 833 4976 Constantino
879 4921 1027 4986 facit,
1074 4921 1189 4991 89
1233 4937 1344 4991 quo
1397 4920 1522 4987 fuga
1568 4919 1675 4975 sibi
1729 4919 2055 4974 consulente

475 5012 848 5067 Romanorum
882 5013 1181 5083 imperator
1210 5011 1582 5068 renuntiatur.
1615 5011 1755 5065 Tum
1781 5025 1912 5065 vero
1941 5011 2053 5080 pie-

476 5102 604 5157 tatis
635 5102 775 5158 radii
800 5103 869 5158 de
895 5103 1109 5174 integro
1135 5102 1345 5172 fulgere
1368 5141 1382 5166 ,
1414 5101 1759 5156 venerabiles
1791 5102 2054 5172 imagines

476 5210 637 5249 suum
677 5196 732 5250 in
766 5196 947 5250 locum
997 5195 1223 5265 reponi,
1269 5193 1507 5263 Virginis
1539 5192 1726 5249 Matris
1761 5203 1817 5249 et
1848 5192 2053 5248 Christi

477 5288 702 5341 testium
751 5286 1020 5357 imagines
1074 5284 1427 5355 splendorem
1475 5285 1769 5357 pristinum
1824 5298 2056 5355 recupe-

475 5391 535 5431 ra
543 5393 601 5433 re

2156 3265 2381 3321 credere
2414 3279 2512 3333 par
2548 3272 2653 3327 est,
2687 3261 2820 3317 satis
2849 3260 3206 3317 alllictionum
3236 3274 3293 3317 et
3319 3278 3606 3333 poenarum
3638 3266 3736 3320 ha-

2158 3355 2341 3411 bebat.
2392 3354 2740 3424 Quapropter
2786 3353 3192 3422 expeditionem
3245 3369 3441 3409 novam
3495 3357 3742 3411 instituit

2156 3448 2223 3501 ad
2260 3447 2591 3518 premendos
2620 3445 2873 3500 homines
2908 3444 3229 3516 religiosos,
3277 3444 3506 3514 perinde
3539 3463 3605 3502 ac
3636 3448 3741 3520 Sy-

2158 3556 2253 3594 rus
2304 3540 2397 3594 ille
2450 3549 2668 3608 satrapa
2716 3537 3222 3593 Chusarsathemus
3268 3538 3399 3591 olim
3452 3538 3740 3595 lsraelicos

2156 3634 2409 3688 vexabat.
2441 3632 2582 3699 Quid
2612 3640 2800 3687 autem
2830 3631 3114 3695 acciderit,
3137 3630 3454 3685 narratione
3485 3632 3743 3702 sequenti

2156 3724 2546 3780 declarabitur.

2224 3813 2405 3885 Equo
2440 3813 2583 3868 ferre
2631 3813 2815 3868 animo
2863 3812 3212 3868 amissionem
3263 3813 3477 3884 imperii
3526 3830 3744 3885 nequa-

2157 3919 2319 3974 quam
2353 3904 2444 3958 ille
2471 3903 2639 3958 draco
2671 3911 2904 3970 poterat.
2937 3902 3305 3969 Quamobrem
3341 3905 3594 3961 dolenter
3626 3922 3742 3960 sor-

2159 4006 2266 4051 tem
2321 4010 2476 4051 suam
2527 3994 2810 4064 copiarum
2862 3993 3100 4048 ducibus
3148 3996 3397 4065 exponit,
3432 3995 3747 4053 adulatorie

2157 4104 2281 4145 cum
2309 4089 2391 4144 eis
2419 4088 2551 4160 agit,
2586 4102 2683 4157 spe
2716 4086 3118 4156 promissorum
3152 4086 3477 4153 inﬂammat,
3517 4089 3753 4157 provin-

2157 4183 2366 4237 ciarum
2402 4180 2665 4251 praesides
2692 4194 2821 4233 suas
2847 4178 2914 4233 ad
2949 4186 3136 4248 partes
3180 4178 3440 4234 traducit.
3477 4179 3748 4235 Exercitu

2158 4273 2397 4328 maximo
2440 4281 2629 4328 coacto
2663 4287 2898 4342 pugnam
2942 4286 3068 4325 cum
3103 4270 3434 4326 adversariis
3467 4273 3749 4337 conserit,

2158 4367 2388 4421 victoria
2425 4367 2648 4436 potitur,
2688 4364 3054 4419 Artabasdum
3087 4365 3273 4420 vivum
3310 4364 3476 4435 capit,
3509 4365 3647 4420 iram
3682 4366 3746 4421 in

2158 4473 2284 4513 eum
2326 4474 2481 4513 suam
2521 4458 2838 4512 universam
2878 4456 3106 4521 evomit,
3152 4465 3209 4512 et
3246 4458 3423 4513 oeulis
3463 4458 3748 4513 infelicem

2088 4549 2133 4604 Ι)
2162 4551 2377 4616 spoliat.
2417 4551 2627 4603 Rursus
2661 4548 2829 4617 igitur
2875 4547 3110 4604 infestus
3162 4549 3254 4603 ille
3296 4550 3407 4603 Deo
3438 4565 3747 4619 purpuram

2154 4650 2351 4711 gestat,
2387 4651 2443 4695 et
2483 4642 2603 4710 ipso
2644 4641 2753 4709 jam
2791 4640 3332 4695 Nabuchodonosore
3366 4640 3424 4694 fit
3454 4641 3748 4695 truculen-

2158 4734 2285 4789 tior.
2318 4736 2579 4798 Quantam
2612 4732 2729 4787 hare
2761 4732 3087 4787 vicissitudo
3111 4742 3217 4797 est,
3251 4747 3285 4786 o
3317 4731 3594 4786 instabilis
3614 4730 3757 4786 vita:

2156 4826 2310 4879 rolal
2351 4825 2491 4879 Rosa
2520 4825 2608 4877 vix
2643 4823 2831 4879 florem
2869 4832 3025 4877 nacta
3054 4824 3309 4879 celeriter
3342 4822 3659 4885 marcescit;
3692 4832 3756 4877 at

2154 4915 2377 4985 Spinosa
2407 4913 2673 4968 rhamnus
2705 4915 2927 4985 longum
2962 4914 3029 4968 ad
3073 4913 3339 4984 temporis
3384 4913 3745 4968 intervallum

2157 5008 2327 5075 viget.
2375 5004 2533 5059 Titus
2583 5004 2801 5075 imperii
2853 5020 3106 5074 campum
3160 5003 3401 5072 inspexit
3453 5001 3640 5066 modo,
3691 5009 3755 5056 et

2158 5114 2317 5169 aequo
2342 5098 2505 5153 citius
2531 5098 2792 5167 abreptus
2826 5097 3101 5167 particeps
3137 5097 3391 5151 autumni
3428 5094 3750 5149 fructuum-

2161 5206 2268 5261 que
2297 5189 2415 5244 fieri
2450 5207 2559 5243 non
2589 5189 2807 5259 potuit;
2836 5196 2892 5242 at
2923 5187 3335 5258 impurissimus
3364 5186 3488 5251 istc,
3516 5186 3749 5241 humani

2162 5281 2380 5352 generis
2413 5288 2824 5334 excrementUm
2849 5320 2863 5340 ,
2896 5278 3195 5348 longaevam
3232 5285 3428 5332 nactus
3458 5285 3543 5331 est
3573 5275 3749 5330 vitam

2166 5375 2222 5447 (ο
2267 5373 2543 5427 fortunam
2573 5371 2965 5440 inaequalem!)
3015 5370 3342 5441 imperiique
3394 5370 3639 5424 fructum
3674 5369 3747 5424 ad

1831 5496 2039 5556 Varia:
2079 5492 2413 5556 lectiones.

620 5623 988 5695 γέμουσανΛ.
1136 5621 1426 5695 ἐξώρυξεν]
1447 5620 1713 5695 ἐξέκοψεν
1742 5624 1804 5676 Δ.
1885 5618 2317 5695 ⁹⁶ᾲὲξώρυγεν,Α.
2395 5618 2437 5695 ³λέ
2465 5612 2865 5695 ἀντᾳγεχάραξε
2894 5614 2958 5667 Α.
3026 5613 3074 5644 ³³
3118 5611 3410 5695 κπξήῖῖθξξν
3433 5607 3499 5695 ﬂ;
3576 5608 3620 5686 ξ’
3658 5625 3753 5674 με-

478 5689 851 5778 λενδείτοῦνῖες
890 5694 955 5745 Λ.
1034 5692 1094 5778 ⁵⁸.
1118 5689 1473 5778 καταστροφὴ
1501 5696 1566 5746 ll.

1643 5694 1683 5724 "
1728 5695 1884 5760 μῖσος
1927 5693 1991 5744 ιι.
2033 5688 2113 5760 7'"
2145 5688 2365 5760 μυώσας
2398 5692 2460 5738 Α.

2539 5686 2584 5716 ⁸³
2614 5678 2768 5737 lluuc
2799 5700 3014 5737 versum
3043 5699 3154 5735 om.
3187 5678 3254 5734 Il.
3332 5682 3376 5712 “
3409 5679 3504 5732 καὶ
3535 5678 3644 5729 τῶν
3688 5697 3751 5743 μ.

481 5764 573 5832 τοῦ
602 5762 665 5816 ll.
745 5764 791 5795 ⁵⁸
825 5747 1041 5815 avni-sat
1067 5763 1130 5815 Α.
1209 5764 1252 5796 ⁸⁸
1284 5747 1525 5818 κολάτσίυν
1554 5764 1618 5817 Α.
1696 5747 1740 5794 δθ
1772 5747 2232 5832 ἐκθέρμοίνωνἈ.
2313 5757 2356 5789 ⁸⁸
2380 5756 2748 5827 παλῖντροπον
2788 5754 2852 5821 Α,
2908 5752 3265 5825 παλίντροχον
3301 5749 3367 5804 ll.
3447 5749 3490 5780 "
3520 5748 3654 5802 κύθε
3680 5747 3750 5802 Δ.

482 5830 528 5861 ου
554 5833 744 5901 ῥάϐδος
774 5833 838 5887 n.
917 5832 959 5864 ιι
986 5832 1041 5886 αἲ
1068 5831 1182 5889 an.
