4072 6420
362 368 465 432 εδδ

365 485 471 539 Kal
499 481 595 554 τὴν
617 482 849 555 ὀπώραν
878 484 981 556 τῆς
1016 487 1188 559 ἀρχῆς
1216 487 1518 560 ἐτρύγησεν
1543 493 1622 554 εἰς
1654 492 1839 564 κόρον.

363 570 527 638 Οὗτος
555 579 583 627 ό
607 576 1026 646 τρισεξάγιστος
1054 580 1288 658 ἐξήγαγε
1339 580 1435 635 τοῦ
1471 582 1587 652 βίου
1619 584 1663 615 ⁸⁸

364 669 469 721 Τὸν
494 668 770 736 Στέφανον
792 671 888 724 τὸν
922 673 1086 741 ἱερὸν,
1114 673 1223 727 τῶν
1256 675 1543 743 μοναστῶν
1569 674 1631 729 τὸ
1661 677 1874 745 στέφος·

368 753 471 810 Ἦν
503 758 607 829 γὰρ
641 761 871 831 στερρὸς
894 762 1217 832 ὑπέρμαχος
1247 763 1354 817 τῶν
1386 763 1553 833 ἱερῶν
1575 765 1827 827 εἰκόνων,

365 850 476 901 Kal
508 850 570 901 τὸ
596 850 787 920 θηρίον
817 853 880 905 τὸ
907 854 1080 907 δεινὸν
1102 856 1374 927 εὐστόχως
1400 856 1698 926 διαπείρων

366 942 473 994 Kal
494 940 704 1011 βάλλων
730 946 1074 1016 κατακάρδια
1107 947 1389 1016 βελέμνοις
1421 946 1531 999 τῶν
1558 947 1819 1017 ἐλέγχων.

375 1035 541 1086 Ὀστᾶ
565 1034 665 1103 τῆς
696 1036 1012 1088 καλλινίκου
1042 1038 1097 1088 δὲ
1124 1036 1400 1107 μάρτυρος
1429 1037 1716 1108 Εὐφημίας

366 1126 513 1178 Βοῶν
548 1126 757 1189 ὀστέοις
785 1130 881 1180 καὶ
913 1130 1092 1182 κυνῶν
1122 1132 1150 1183 ό
1179 1129 1401 1199 βέϐηλος
1431 1131 1710 1200 συμμίξας

365 1220 592 1284 Γνάθοις
626 1222 795 1291 πυρὸς
827 1223 1130 1293 παρέδωκε.
1150 1223 1259 1275 ιιοῦ
1288 1224 1557 1293 κεραυνοῦ
1585 1225 1646 1277 τὸ
1679 1223 1829 1294 βέλος
1855 1242 1871 1291 ;

365 1311 679 1380 Τριάκοντα
694 1312 751 1364 ’δ’
779 1314 836 1366 ὲν
865 1314 1011 1366 ἔτεσι
1043 1314 1179 1382 πρὸς
1206 1315 1467 1385 τέσσαρσι
1502 1318 1781 1384 κρατήσας

365 1405 499 1468 Ταῖς
533 1406 722 1459 Ἀιδου
750 1407 1189 1478 παραπέμπεται
1218 1408 1505 1462 κολάσεσιν
1539 1409 1783 1473 ἐνδίκως.

440 1497 602 1551 Ἐπεὶ
631 1496 677 1549 δ’
698 1496 963 1569 ἐξέρρηξέ
999 1515 1128 1552 ποτε
1154 1499 1331 1570 ψυχὴν
1362 1501 1460 1572 τὴν
1494 1502 1800 1571 μιαιφόνον,

366 1587 519 1639 Λέων
542 1589 572 1639 ό
600 1589 729 1650 παῖς
758 1588 851 1640 τοῦ
874 1588 1134 1659 βδελυροῦ
1167 1590 1465 1660 χειρίζεται
1492 1591 1562 1644 τὰ
1594 1595 1871 1665 σκῆπτρα.

369 1678 529 1734 Ἀ).λά
562 1680 658 1733 καὶ
683 1681 834 1734 Λέων
858 1682 1049 1752 τάχιον
1074 1682 1241 1753 γῆθεν
1268 1686 1681 1753 μεταναστεύει,

376 1768 480 1841 Γῆς
504 1771 784 1841 βασιλείας
816 1772 963 1826 ἔτεσι
986 1774 1170 1844 μόνοις
1195 1779 1357 1828 πέντε
1391 1778 1669 1848 κατάρξας
1700 1779 1772 1842 ⁸³,

368 1865 606 1935 Εἰρήνην
632 1867 731 1937 τὴν
758 1866 1028 1937 ὁμόζυγον
1049 1869 1096 1899 ⁸⁵
1121 1870 1214 1921 καὶ
1238 1869 1327 1922 τὸν
1348 1872 1412 1922 ὲκ
1441 1872 1645 1942 ταύτης
1681 1873 1846 1927 παῖδα

368 1948 476 2011 Τὸν
502 1960 913 2014 Κωνσταντῖνον
939 1960 1213 2032 κράτορας
1240 1961 1414 2016 λιπὼν
1444 1964 1876 2034 ἐννομωτάτους.

367 2046 528 2104 Οὗτοι
568 2050 800 2120 καὶγὰρ
839 2050 1195 2121 ἀθροίσαντες
1244 2054 1445 2125 ἄνδρας
1495 2054 1864 2127 Θεοφορήτους

370 2140 481 2210 Τὴν
518 2139 765 2194 ἄκανθαν
789 2142 1115 2213 αὐτόρριζον
1140 2143 1238 2213 τῆς
1277 2145 1668 2216 εἰκονομαχίας

374 2230 715 2284 Ἀνέσπασαν
749 2231 849 2303 τὴν
886 2231 1150 2285 κνίσασαν
1182 2234 1283 2297 τάς
1314 2234 1558 2299 εύσεδεῖς
1598 2236 1849 2307 καρδίας,

373 2323 485 2375 Kal
514 2324 636 2387 ταῖς
672 2324 943 2395 ἀρούραις
991 2324 1098 2378 τῶν
1143 2326 1333 2397 ψυχῶν
1356 2329 1476 2391 ταῖς
1506 2328 1951 2399 ὑλομανησάσαις

386 2414 475 2465 τὸν
509 2417 713 2487 σπόρον
737 2416 1132 2471 κατεϐάλλοντο
1156 2419 1249 2471 τὸν
1280 2419 1379 2489 τῆς
1405 2420 1736 2492 ὀρθοδοξίας.

377 2506 580 2577 Ἄμφω
605 2508 706 2576 μὲν
735 2503 829 2561 οῦν
855 2508 939 2578 ἐφ’
972 2510 1158 2565 ίκανὸν
1183 2514 1312 2575 παῖς
1334 2528 1393 2565 τε
1423 2515 1519 2566 καὶ
1547 2513 1734 2583 μήτηρ
1756 2508 1949 2584 ἦρχον,

375 2599 485 2651 Kal
516 2600 705 2669 μήτηρ
732 2594 824 2670 ἦν,
848 2600 908 2653 τὸ
931 2601 1028 2653 τοῦ
1060 2602 1247 2666 Δαὸὶδ,
1280 2604 1374 2655 ἐπὶ
1408 2602 1564 2656 παιδὶ
1590 2603 1636 2634 ⁸⁵
1664 2605 1949 2673 τρυφῶσα.

373 2688 533 2741 Ἐπεὶ
560 2690 607 2743 δ’
639 2691 667 2744 ὸ
692 2695 822 2755 παῖς
847 2694 875 2744 ὁ
905 2691 1159 2763 βασιλεὺς
1183 2693 1368 2748 λοιπὸν
1396 2693 1673 2765 ἡλικιοῦτο

378 2782 488 2834 Kal
520 2782 726 2853 μεῖραξ
749 2780 819 2855 ἦν
847 2784 1168 2857 καλλιφυὴς,
1220 2788 1529 2858 κροτάφους
1566 2787 1812 2851 ίουλίζων

379 2875 512 2943 (Kal
542 2875 655 2946 γάρ
704 2877 991 2942 παιδίσκος
1036 2879 1242 2944 ἁπαλὸς
1276 2879 1530 2936 λέλειπτο
1568 2879 1649 2951 τῷ
1694 2880 1951 2949 τεκόντι),

374 3169 691 3225 satietatem
723 3184 897 3240 usque
932 3168 1229 3239 decerpsit.
1261 3146 1542 3225 lnterl‘ecit
1578 3170 1744 3226 etiam
1775 3171 1952 3227 scele-

376 3258 656 3313 stissimus
695 3256 860 3312 homo
896 3267 1145 3312 sanctum
1185 3258 1339 3312 illum
1374 3259 1553 3313 virum
1592 3259 1950 3331 Stephanum,

378 3348 777 3403 monachorum
806 3348 997 3413 decus,
1018 3350 1164 3419 quod
1195 3365 1473 3406 sacrarum
1504 3356 1801 3424 imaginum
1828 3370 1956 3425 pro-

376 3447 649 3508 pugnator
677 3447 937 3492 constans
961 3449 1127 3504 esset,
1163 3455 1227 3495 ac
1265 3454 1465 3495 saevam
1512 3442 1751 3499 belluam
1782 3444 1957 3500 felici-

379 3539 464 3586 ter
498 3529 821 3601 contigeret,
852 3531 1083 3602 ejusque
1115 3532 1324 3587 viscera
1354 3534 1568 3605 sagittis
1600 3546 1955 3609 argumento.

378 3638 503 3676 rum
528 3622 870 3677 vulneraret.
908 3624 1153 3694 Denique
1199 3625 1368 3680 telum
1412 3626 1657 3684 fulminis
1700 3646 1825 3686 ossa
1871 3632 1954 3687 vi-

378 3716 567 3772 ctricis
592 3715 742 3771 illius
772 3715 926 3771 testis
944 3716 1283 3786 Euphemiaa,
1307 3718 1472 3773 boum
1494 3721 1713 3778 ossibus
1734 3739 1961 3779 canum-

377 3824 488 3879 que
523 3808 786 3877 permista
807 3848 823 3873 ,
854 3809 1247 3865 concremavit.
1279 3810 1340 3865 in
1365 3809 1513 3867 hunc
1541 3813 1763 3869 modum
1800 3814 1960 3871 annis

378 3902 474 3957 ubi
516 3895 739 3972 triginta
770 3909 1008 3971 quatuor
1040 3911 1352 3973 regnasset,
1402 3902 1470 3958 ad
1513 3902 1640 3960 Orci
1690 3906 1957 3977 supplicia

377 3995 528 4065 iusto
556 3992 771 4064 judicio
801 3991 1062 4048 detrusus
1086 4000 1194 4048 est.

447 4088 591 4143 Cum
626 4084 846 4141 tandem
878 4085 1214 4157 inquinatam
1245 4085 1488 4142 caadibus
1515 4085 1753 4142 animam
1783 4087 1961 4158 exspi-

377 4188 581 4244 rasset,
614 4176 727 4233 Leo
760 4176 905 4232 illius
934 4177 1054 4249 ejus
1098 4178 1349 4249 impurus
1397 4186 1616 4249 sceptra
1661 4178 1958 4250 consequi-

379 4281 471 4326 tur
499 4289 517 4338 ;
560 4270 660 4327 sed
692 4279 872 4327 tamen
904 4278 960 4325 et
990 4269 1106 4340 ipse
1151 4278 1329 4325 terras
1359 4270 1470 4325 cito
1498 4269 1797 4340 relinquit,
1834 4277 1962 4341 post

379 4377 589 4419 annum
623 4361 840 4433 imperii
870 4362 1156 4432 quintum,
1195 4361 1351 4417 lrene
1380 4362 1612 4433 conjuge
1640 4360 1957 4417 Constanti-

378 4468 566 4524 noque
603 4451 719 4507 ﬁlio
738 4492 755 4515 ,
782 4466 949 4523 quem
978 4467 1046 4507 ex
1070 4467 1134 4507 ea
1162 4460 1515 4522 susceperat,
1548 4453 1962 4508 successoribus

1481 374 1995 439 COMPENDIUM
2033 378 2286 440 ΕΗΒοΝ
2302 381 2506 443 lCUM.

3525 387 3633 451 383

1978 503 2020 559 Α
2054 495 2587 568 Παρεισφθαρέντων
2639 497 2720 561 είς
2755 497 2919 551 αὑτὸν
2949 499 3056 552 τῶν
3091 499 3550 569 πονηροκολάκων
3581 502 3625 534 ⁵⁸

2057 586 2168 639 Καὶ
2190 588 2562 640 δαπανώντων
2606 589 2705 659 τὴν
2754 591 2924 644 αὑτοῦ
2958 590 3184 661 καρδίαν
3206 592 3521 652 κολακείαις

2062 680 2155 741 Ὠς
2184 680 2379 750 δένδρα
2414 686 2483 734 τὰ
2521 680 2852 752 γλυκύχυμα
2899 682 3181 751 σκώληκες
3208 681 3524 751 ξυλοφάγοι,

2065 768 2463 841 Ὑπερφρονεί,
2494 772 2829 842 μεγαλαυχεῖ
2863 777 3003 825 κατά
3038 772 3136 842 τῆς
3191 772 3487 843 βασιλίδος,

2051 858 2225 921 Αὐτός
2254 876 2316 911 τε
2350 859 2513 930 μόνος
2540 862 2808 931 ἐπαρκεῖν
2840 864 2955 925 τοῖς
2990 863 3282 931 πράγμασι
3332 865 3562 933 νομίσας

2050 950 2171 1002 Τῶν
2204 952 2522 1021 ἀνακτόρων
2551 952 2833 1008 ἐκπτωτον
2889 957 3127 1008 ποιεῖται
3155 954 3252 1027 τὴν
3284 956 3496 1028 μητέρα

2051 1040 2163 1092 Kal
2198 1044 2296 1095 σὺν
2324 1044 2464 1114 αὐτῇ
2491 1045 2591 1114 τὴν
2633 1047 2908 1117 κοσμικὴν
2966 1048 3194 1119 εἰρήνην
3233 1050 3628 1121 κουροτρόφον.

2053 1128 2334 1186 Ἐντεῦθεν
2361 1134 2675 1188 ὲκκυλίεται
2705 1138 2846 1208 πρὸς
2866 1137 3342 1209 ἀθεσμοπραγίας,

2051 1222 2160 1274 Kal
2202 1221 2377 1292 κείρει
2418 1225 2515 1294 μὲν
2542 1225 2641 1297 τὴν
2671 1225 2925 1282 σύνοικον
2970 1229 3073 1300 τὴν
3107 1231 3628 1300 σωφρονικωτάτην,

2055 1310 2259 1380 Ἀλλης
2295 1312 2352 1366 δὲ
2387 1312 2533 1384 μῖξιν
2567 1318 2828 1383 γυναικὸς
2861 1320 2976 1382 τοῖς
3024 1320 3275 1389 λέκτροις
3323 1320 3628 1389 ἐπεισάγει.

2051 1404 2159 1455 Kal
2188 1406 2296 1475 γὰρ
2329 1408 2483 1475 ῥανὶς
2521 1408 2798 1480 ἐνδελεχὴς
2822 1411 3030 1482 πέτραν
3058 1411 3302 1482 σκληρὰν
3348 1413 3629 1475 κοιλαίνει,

2049 1494 2159 1547 Kal
2195 1497 2418 1566 κάμπαι
2447 1497 2547 1561 τὰς
2588 1498 2926 1570 δενδρίτιδας
2961 1502 3235 1571 φυλλάδας
3269 1503 3553 1562 ἀναλοῦσι.

2048 1584 2159 1637 Kal
2183 1586 2416 1648 κόλακες
2438 1587 2709 1655 ὲσβίουσιν
2731 1589 3056 1660 ἀνθρώπους
3088 1593 3629 1661 μικροσπλάγχνους.

2050 1677 2194 1730 Ἀλλ’
2236 1678 2436 1749 ἓνηψεν
2473 1681 2573 1750 ὀψέ
2600 1698 2731 1734 ποτε
2760 1683 2863 1752 τῆς
2903 1683 3081 1753 ἄκρας
3107 1686 3418 1751 φιλαυτίας,

2050 1770 2291 1839 Συνῆκεν
2330 1770 2406 1835 ὡς
2439 1772 2808 1844 συνείληπται
2843 1776 3007 1846 μέσος
3046 1777 3090 1808 ⁵⁷
3122 1779 3315 1840 κακοῖς
3359 1777 3633 1847 ἐσχάτοις,

1977 1848 2025 1907 Β
2053 1864 2164 1915 Kal
2206 1864 2370 1916 πάλιν
2399 1865 2498 1936 τὴν
2531 1865 2857 1935 βασίλισσαν
2887 1868 3186 1939 ὲκλιπαρεῖ
3210 1869 3425 1941 μητέρα

2056 1954 2282 2009 Ίθύνειν
2300 1956 2361 2009 τὸ
2389 1957 2770 2028 καλλίπρωρον
2797 1960 2896 2028 τῆς
2922 1959 3202 2029 βασιλείας
3230 1962 3458 2028 σκάφος.

2052 2046 2383 2116 Κάμπτεται
2419 2048 2601 2117 λόγοις
2635 2050 2732 2103 τοῦ
2766 2051 2956 2113 παιδὸς
2985 2053 3018 2123 ή
3048 2052 3260 2121 βασιλὶς
3292 2049 3523 2123 Εἰρήνη.

2060 2139 2171 2191 Kal
2201 2139 2367 2192 πάλιν
2396 2135 2465 2210 ἦν
2495 2141 2593 2194 σὺν
2626 2142 2703 2210 τῷ
2747 2142 2923 2207 παιδὶ,
2964 2146 3056 2196 καὶ
3080 2136 3176 2197 σὺν
3211 2144 3358 2213 αὐτῷ
3388 2146 3562 2197 διεῖπε

2053 2232 2127 2284 Τὸ
2143 2233 2344 2304 κράτος
2362 2237 2456 2287 καὶ
2475 2234 2544 2288 τά
2563 2237 2867 2306 πράγματα
2886 2239 2980 2289 καὶ
2998 2238 3099 2305 τὴν
3125 2237 3417 2308 Ῥωμαίων
3440 2237 3633 2308 τύχηνο

2053 2318 2162 2374 ἿΙν
2186 2324 2293 2394 γὰρ
2320 2326 2417 2378 καὶ
2433 2326 2594 2393 φύσει
2623 2327 2885 2397 φίλαρχος
2913 2328 3125 2381 καὶτοῦ
3147 2330 3376 2398 κρατεῖν
3397 2328 3632 2398 διψῶσα.

2056 2413 2201 2469 Ἀλλ’
2240 2418 2268 2468 ό
2316 2416 2561 2487 λαλήσας
2588 2418 2796 2489 ψίθυρα
2832 2423 2952 2483 ταῖς
2977 2421 3170 2483 ἀκοαῖς
3201 2420 3300 2489 τῆς
3328 2419 3491 2485 Εὔας,

2059 2506 2168 2558 Kal
2208 2509 2306 2576 τῆς
2348 2509 2545 2572 κακίας
2576 2510 2667 2563 τὸν
2704 2512 2782 2564 ίὸν
2811 2512 2891 2573 είς
2920 2510 3019 2582 τῂν
3051 2511 3234 2582 ψυχὴν
3265 2511 3493 2581 ὲμέσας,

2059 2598 2169 2649 Kal
2217 2598 2414 2662 πείσας
2439 2601 2857 2669 ἀπογεύσασθαι
2890 2603 3053 2667 ξύλου
3084 2605 3184 2656 τοῦ
3231 2604 3633 2674 καλλικάρπου,

2059 2691 2168 2743 Kal
2199 2691 2432 2744 θάνατον
2481 2692 2799 2760 ἐπενεγκὼν
2831 2694 2953 2747 ἀντὶ
3010 2694 3157 2762 ζωῆς
3203 2694 3428 2759 ἀλύτου,

2058 2784 2167 2837 Kal
2198 2784 2258 2836 τὸ
2280 2786 2515 2855 τερπνὸν
2547 2787 2873 2855 μεταϐαλὼν
2897 2790 2977 2850 είς
3001 2788 3242 2857 ἄκρατον
3275 2791 3526 2861 πικρίας..

2060 2877 2171 2930 Kal
2201 2877 2260 2930 τὸ
2300 2878 2573 2946 γλυκάζον
2598 2880 2680 2942 είς
2708 2880 2894 2952 χολὴν,
2918 2881 2980 2935 τὸ
3006 2881 3198 2952 θέλγον
3245 2884 3326 2944 είς
3350 2881 3565 2953 ὀδύνην,

3316 2973 3470 3028 Vers.
3498 2973 3638 3030 H37

2062 3175 2115 3228 in
2146 3172 2380 3244 pueritia
2411 3180 2585 3243 patre,
2618 3171 2903 3228 sceleratis
2944 3170 3274 3243 quibusdam
3325 3181 3637 3228 assentato‘

2070 3266 2222 3319 ribus
2259 3265 2312 3319 in
2353 3265 2472 3334 ejus
2500 3263 2796 3319 amicitiam
2841 3279 2901 3319 se
2953 3263 3365 3319 insinuantibus
3405 3272 3461 3319 et
3498 3264 3638 3319 adu-
3696 3299 3708 3311 .

2062 3354 2227 3410 laudo
2254 3368 2349 3411 cor
2372 3355 2740 3411 adolescentis
2760 3354 3146 3416 exedentibus,
3170 3353 3636 3424 quemadmodum

2065 3449 2225 3502 tineae
2273 3447 2451 3505 dulcis
2494 3445 2720 3502 arbores
2768 3445 2918 3501 succi
2955 3445 3250 3501 corrodcre
3289 3447 3492 3508 solent,
3528 3461 3638 3500 non

2063 3540 2238 3595 solum
2282 3547 2510 3593 matrem
2562 3536 2970 3608 iinperatricem
3020 3537 3389 3607 jactabundus
3431 3553 3547 3607 prae
3581 3553 3642 3594 se

2064 3628 2469 3694 contemnebat,
2502 3643 2692 3682 verum
2718 3628 2884 3683 etiam
2912 3642 3098 3681 rerum
3143 3642 3203 3682 se
3252 3627 3639 3698 gubernationi
3710 3656 3715 3663 ν

2059 3719 2170 3791 jam
2209 3719 2467 3775 idoneum
2518 3719 2652 3775 satis
2702 3720 3043 3784 arbitratus,
3091 3735 3160 3775 ex
3208 3720 3354 3791 regia
3405 3731 3640 3776 matrem

2063 3808 2260 3863 lrenen
2292 3808 2420 3878 (hoc
2446 3816 2531 3863 est
2561 3809 2774 3878 pacem)
2799 3824 2906 3863 una
2936 3824 3062 3863 cum
3096 3824 3231 3878 pace
3255 3810 3444 3865 mundi
3474 3812 3643 3868 totius

2064 3899 2338 3970 ejiciebat.
2362 3898 2572 3953 Deinde
2597 3897 2662 3954 ad
2688 3900 2921 3954 nefanda
2946 3898 3195 3969 quaedam
3225 3899 3468 3955 facinora
3492 3917 3641 3957 exor-

2063 3990 2220 4045 bitat.
2254 3989 2483 4062 Conjugi
2519 3989 2937 4063 modestissimae
2967 3990 3443 4061 pudicissiniaaque
3474 3994 3643 4063 capil.

2066 4081 2148 4136 los
2184 4080 2346 4145 radit,
2372 4061 2497 4137 feta
2542 4061 2710 4152 priori
2739 4082 3090 4137 matrimonio
3120 4082 3389 4139 secundas
3425 4084 3493 4139 ad
3527 4061 3634 4140 nu-

2066 4171 2211 4242 ptias
2242 4172 2461 4227 transit.
2487 4171 2758 4228 Nimirum
2798 4176 2956 4245 gutta
2987 4172 3252 4229 continuo
3284 4174 3498 4229 stillans
3538 4173 3644 4229 du-

2068 4280 2188 4318 rum
2223 4266 2388 4320 etiam
2419 4279 2609 4319 saxum
2641 4275 2902 4331 excavat;
2937 4276 2994 4321 et
3027 4266 3283 4320 arborum
3310 4265 3439 4321 iolla
3465 4281 3644 4321 erucae

2067 4357 2402 4414 absumunt:
2438 4362 2495 4410 et
2538 4364 2909 4411 assentatores
2935 4355 3003 4411 ad
3043 4365 3353 4412 extremum
3378 4354 3645 4431 homines

2070 4447 2286 4517 pusillis
2315 4445 2575 4515 praeditos
2607 4446 2808 4502 animis
2856 4447 3119 4502 exedunt.
3162 4446 3414 4504 Vicissim
3462 4460 3643 4502 tamen

380 4546 437 4600 in
458 4543 715 4616 imperio
755 4543 918 4614 longe
966 4543 1188 4613 optimis
1236 4543 1554 4614 designatis.
1586 4542 1697 4614 90
1734 4543 1869 4599 Nam
1902 4545 1957 4598 hi
1997 4571 2036 4623 υ
2068 4553 2134 4592 ex
2167 4537 2271 4592 hoc
2302 4553 2486 4593 amore
2512 4538 2595 4591 sui
2629 4537 2799 4592 nimio
2830 4538 3127 4609 resipiscit,
3150 4539 3414 4594 extremis
3437 4554 3497 4593 se
3525 4528 3667 4592 ma:

381 4636 773 4708 religiosorum
805 4643 861 4689 et
885 4634 1314 4705 gubernatorum
1358 4636 1624 4691 divinitus
1677 4636 1963 4691 hominum

383 4738 535 4784 coetu
566 4736 782 4794 coacto,
818 4727 1004 4798 spinas
1041 4727 1469 4798 oppugnationis
1493 4728 1816 4800 imaginum,
1845 4746 1967 4799 qua:

380 4822 507 4890 pias
547 4828 766 4875 mentes
799 4817 1122 4889 jamdudum
1160 4831 1489 4889 punxerant,
1519 4819 1788 4876 radicitus
1811 4824 1967 4875 evul-

381 4920 620 4977 serunt,
654 4919 711 4965 et
740 4910 793 4964 in
823 4909 971 4965 arvis
997 4910 1311 4965 animorum
1358 4911 1766 4967 luxuriantibus
1805 4924 1968 4967 recta:

380 5002 642 5058 veritatis
668 4999 931 5055 doctrinae
955 5001 1163 5055 semina
1188 5010 1570 5076 conseverunt.
1596 5000 1964 5055 Administra-

383 5096 524 5150 bant
552 5101 737 5147 autem
777 5092 1085 5161 conjunctis
1113 5091 1297 5161 aperis
1326 5093 1615 5162 imperium
1651 5101 1758 5147 tam
1790 5102 1966 5149 mater

382 5200 553 5257 quam
588 5184 736 5238 ﬁlius
763 5184 895 5237 satis
924 5182 1089 5254 longo
1118 5190 1366 5252 tempore
1387 5222 1402 5248 ,
1432 5198 1555 5238 cum
1591 5183 1816 5253 quidem
1848 5198 1967 5237 ma-

386 5288 496 5344 ter,
524 5277 604 5331 uti
637 5274 873 5331 Davides
905 5275 1171 5346 loquitur,
1199 5289 1268 5329 ex
1296 5274 1408 5330 tilio
1436 5276 1773 5346 voluptatem
1810 5291 1969 5347 cape-

386 5377 494 5424 ret.
535 5366 645 5423 Sed
696 5365 789 5422 ubi
837 5366 984 5421 [ilius
1012 5366 1313 5437 imperator
1357 5366 1707 5432 adolevisset,
1746 5367 1969 5439 jamque

384 5458 588 5532 lanugo
619 5457 795 5514 malas
821 5457 943 5523 ejus
977 5458 1174 5513 vestire
1221 5456 1513 5526 coepisset,
1563 5458 1765 5512 amisso
1792 5457 1969 5527 prima

2065 4630 2135 4683 lis
2182 4629 2452 4684 inclusum
2499 4629 2670 4684 teneri
2716 4629 3098 4699 deprehendit,
3138 4637 3367 4684 matrem
3400 4628 3641 4697 impera-

2067 4721 2261 4777 tricem
2306 4730 2498 4775 exorat
2544 4729 2603 4774 ut
2650 4721 2716 4774 ad
2765 4719 3219 4792 gubernationem
3250 4735 3309 4774 se
3338 4734 3526 4773 rursus
3554 4734 3644 4773 ac-

2068 4811 2273 4882 cingat.
2311 4810 2465 4865 lrene
2497 4809 2593 4864 filii
2622 4809 2806 4863 verbis
2844 4808 3106 4872 ﬂectitur,
3142 4809 3209 4863 ad
3238 4824 3363 4861 eum
3409 4793 3644 4862 reverti-

2069 4912 2177 4967 tur,
2206 4902 2394 4957 oneris
2429 4901 2481 4955 in
2518 4900 2917 4970 gubernatione
2944 4908 3152 4969 partem
3186 4899 3239 4953 in
3271 4914 3329 4954 se
3362 4898 3643 4966 transfert,

2071 4993 2216 5063 quod
2244 4993 2410 5047 etiam
2453 5006 2483 5044 a
2516 5001 2708 5044 natura
2739 4989 2820 5045 sic
2846 4997 3159 5059 comparata
3202 4987 3344 5043 foret
3376 4996 3437 5043 ut
3473 4991 3645 5059 impeo

2075 5087 2217 5140 rium
2258 5083 2540 5138 all‘ectaret
2569 5097 2632 5137 ac
2671 5081 2899 5137 miriﬁce
2944 5082 3215 5138 dominari
3264 5090 3509 5153 cuperet.
3543 5082 3644 5139 γε.

2068 5191 2192 5229 rum
2225 5175 2270 5229 is
2302 5174 2396 5245 qui
2429 5188 2694 5229 susurros
2736 5173 2792 5228 in
2841 5189 3004 5229 aures
3048 5173 3174 5229 Eva:
3221 5174 3469 5245 ingessit,
3514 5175 3645 5229 mali

2064 5281 2341 5322 venenum
2395 5266 2447 5320 in
2500 5265 2621 5335 ejus
2670 5264 2915 5318 animum
2965 5265 3232 5330 evomuit,
3266 5273 3327 5320 ut
3360 5264 3493 5336 ligni
3523 5265 3649 5335 pul-

2068 5362 2327 5419 cherrimi
2361 5362 2598 5416 fructum
2632 5368 2875 5431 gustaret
2917 5360 3211 5429 persuasit.
3260 5371 3496 5415 mortem
3547 5374 3649 5428 pro

2069 5465 2274 5511 acterna
2320 5456 2431 5509 vita
2476 5453 2785 5521 substituit,
2817 5453 3151 5523 voluptatem
3199 5468 3325 5508 cum
3373 5451 3649 5507 amariore

1742 5598 1950 5660 Variae
1982 5596 2317 5660 lettioncs.

453 5753 499 5786 ³²
524 5749 681 5806 Hunc
705 5760 935 5803 versum
964 5760 1074 5800 om.
1109 5744 1174 5800 il.
1249 5741 1299 5777 ³³
1335 5739 1491 5800 Hunc
1522 5758 1871 5801 versumom.
1894 5741 1959 5798 il.

2061 5744 2082 5775 ⁴
2107 5742 2353 5814 ὁμόζυγα
2380 5746 2448 5797 Α.
2522 5742 2568 5776 ⁸⁸
2592 5739 2684 5795 ἐπὶ
2701 5738 2852 5794 παιδὶ
2873 5739 2935 5793 τὸ
2951 5739 3045 5794 τοῦ
3070 5736 3238 5791 Δαόὶδ
3252 5735 3319 5791 Β.
3395 5733 3442 5767 ⁸⁸
3473 5750 3646 5809 πονη-

379 5822 683 5898 ροκαρδίων
714 5824 786 5878 ιι.
864 5814 909 5850 "
942 5818 1128 5887 μέσοις
1161 5814 1227 5869 Β.
