4072 6482
438 419 552 488 337

1602 411 2113 481 CONSTA‘NTINI
2153 395 2531 474 MANASSIS

3594 394 3702 459 388

440 534 754 594 Κάντεῦθεν
800 535 903 603 τὴν
943 531 1299 603 τριτάλαιναν
1335 533 1419 596 εἰς
1453 531 1692 600 πέλαγος
1733 530 2018 592 ποντῶσας
2045 529 2097 592 Α
2123 524 2230 577 Kal
2253 519 2470 591 χάλαζα
2501 514 2826 573 κατέϐαινεν
2853 516 2917 569 ὲκ
2939 510 3102 584 φόνου
3131 511 3534 603 σφαιρουμλένη·

445 628 558 681 Καὶ
576 624 898 695 πειρασμῶν
915 625 996 686 είς
1015 623 1299 677 Θάλασσαν
1318 622 1415 676 καὶ
1433 622 1732 692 συμφορῶν
1748 622 1827 682 εἰς
1847 618 2018 689 κῦμα,

446 713 617 781 Οὗτος
645 718 737 773 καὶ
759 715 870 771 τότ’
896 702 1188 777 ὲπίῧουλος
1219 713 1316 767 καὶ
1342 712 1647 782 σύμϐουλος
1676 711 1882 784 Εἰρήνῃ

447 812 527 879 Τῇ
561 806 792 878 βασιλίδι
819 805 1084 873 γεγονὼς,
1109 806 1205 858 καὶ
1230 804 1423 869 θέλξας
1448 806 1548 874 την
1581 804 1811 874 καρδίαν

448 901 558 966 Τάς
590 896 889 969 μοναρχίας
914 897 1078 966 ἔρωτι
1107 894 1204 949 καὶ
1238 895 1696 966 μονοκρατορίας,

451 991 634 1043 Πείθει
665 989 804 1047 κατὰ
835 987 930 1049 τοῦ
977 987 1240 1058 μείρακος
1269 987 1463 1040 τούτου
1492 985 1589 1039 τοῦ
1619 985 1885 1056 βασιλέως

446 1083 655 1152 Βουλὴν
679 1080 1073 1153 βουλεύσασθαι
1104 1080 1324 1142 σκαιάν,
1342 1077 1467 1147 φεῦ,
1493 1076 2023 1148 ἀπανθρωποτάτην,

462 1179 566 1230 Ἢν
597 1176 716 1229 οὐδὲ
746 1172 1196 1245 τιγροπάρδαλις,
1224 1171 1287 1224 ού
1317 1171 1363 1203 ³⁸
1398 1169 1543 1222 λέων
1571 1168 1892 1239 βρυχητίας,

446 1267 565 1320 Οὐκ
598 1266 799 1336 ἄρκτος
829 1264 1185 1335 ἀγριόθυμος,
1220 1261 1282 1314 ού
1332 1260 1553 1332 δράκων
1590 1257 1907 1327 ὠμοφάγος.

456 1357 682 1427 Ὀρῶσα
719 1358 942 1425 γάρτοι
970 1356 1063 1407 τὸν
1097 1354 1215 1406 υίδν
1240 1353 1497 1423 ἀσέμνως
1534 1367 1597 1404 τε
1631 1349 1851 1420 βιοῦντα

449 1451 564 1503 Kal
599 1451 734 1503 πᾶσι
770 1445 1218 1518 προσφερόμενον
1258 1446 1401 1499 κατά
1427 1443 1490 1497 τὸ
1531 1442 1839 1514 βουλητέον,

449 1541 629 1611 Αὐτὴν
662 1541 721 1594 δὲ
746 1539 1182 1611 διαπράττεσθαι
1209 1538 1378 1608 μηδὲν
1401 1553 1454 1589 τι
1484 1534 1815 1605 δυναμένην,

449 1630 766 1700 Πάτροκλον
796 1630 961 1700 δῆθεν
1000 1629 1279 1700 πρόφασιν
1310 1628 1356 1660 ⁵⁸
1387 1624 1613 1692 εὔλογον
1658 1623 1958 1695 εὑραμένη,

465 1722 552 1785 Ὠς
582 1722 642 1775 οὐ
672 1721 854 1785 καλῶς
887 1723 916 1773 δ
956 1719 1212 1790 βασιλεὺς
1241 1718 1378 1772 ἀλλά
1425 1717 1520 1770 καὶ
1556 1716 1888 1788 παρανόμως

449 1813 564 1875 Τὰς
612 1812 781 1879 κόρας
813 1794 1223 1882 άπησϐόλιοσεῧ
1260 1808 1426 1863 αὑτοῦ
1464 1809 1572 1861 τῶν
1607 1805 2025 1878 πατραδέλφων,

2121 614 2293 676 Αὐτὸς
2331 612 2376 665 δ’
2402 610 2431 663 ὁ
2461 608 2915 678 τληπαθέστατος
2941 604 3128 660 ἔκειτο
3161 601 3534 672 σφακελίζων,

2123 705 2316 772 Θὲαμα
2340 702 2442 771 φεῦ
2468 698 2727 766 ἐλεεινὸν,
2755 696 2946 751 πεῖθον
2978 696 3197 749 πενθεῖν
3238 694 3334 746 καὶ
3352 690 3559 758 λίθους,

2137 796 2286 849 Ἐκεῖ
2310 797 2412 856 τὰς
2446 791 2599 861 δψεις
2621 790 2900 855 ἐκκοπεὶς,
2929 789 3053 842 ἐκεῖ
3104 785 3357 851 σϐεσθεὶς
3385 784 3485 849 τάς
3515 784 3708 853 κόρας,

2127 889 2302 942 Ὅπου
2326 885 2389 939 τὸ
2419 884 2638 957 πρῶτον
2669 881 2896 952 ἔϐλεψεν
2931 881 3088 953 ⁴ἡλίου
3115 880 3216 943 τὰς
3247 878 3561 949 λαμπάδας·

2128 976 2425 1050 Πορφύραν
2449 972 2816 1046 ὀνομάζουσιν
2846 975 3056 1026 ἐκεῖνον
3087 972 3180 1025 τὸν
3205 970 3473 1027 οἰκίσκον.

2127 1071 2224 1133 Τίς
2253 1068 2590 1138 τηλικαύτην
2616 1067 2822 1139 ἢκουσε
2850 1067 2898 1098 ⁸⁸
2936 1063 3255 1137 βαρύθυμον
3289 1063 3512 1132 μανίαν,

2127 1162 2353 1233 Μητρὸς
2390 1160 2591 1232 μανίαν
2621 1161 2703 1223 είς
2738 1159 2890 1227 υίόνς
2938 1156 3007 1211 At
3057 1156 3270 1221 πάθους
3300 1156 3343 1188 ³⁸
3376 1155 3713 1226 φιλαρχίαςι

2130 1254 2207 1307 Οὐ
2232 1252 2502 1324 πάρδαλις
2532 1251 2857 1323 ἑκμαίνεται
2886 1248 3030 1304 κατὰ
3069 1248 3177 1301 τῶν
3222 1248 3482 1317 σκύμνων
3512 1246 3714 1309 οὕτως’

2130 1347 2245 1415 Οὐχ
2281 1344 2456 1407 οὕτως
2482 1345 2832 1414 ἀγριαίνεται
2863 1342 3011 1396 κατά
3043 1341 3154 1394 τῶν
3186 1339 3500 1395 σκυλακίων

2131 1441 2209 1493 (ib
2267 1437 2472 1510 τίγρις,
2508 1435 2631 1490 οὐδὲ
2668 1435 2949 1507 κάρχαρος
2981 1432 3103 1487 οὐδὲ
3137 1430 3418 1503 λυσσώδης
3447 1430 3618 1485 κύων.

2130 1529 2373 1601 Μήδειαν
2399 1530 2568 1600 μόνην
2596 1527 2849 1597 λέγουσιν
2890 1526 3102 1586 τέκνοις
3128 1520 3536 1587 ἐπιϐουλεῦσαι,

2134 1622 2245 1677 Καὶ
2270 1620 2476 1691 ταύτην
2507 1621 2618 1676 άπδ
2642 1617 2920 1686 Σκυθικῆς
2955 1615 3499 1686 ἀγριογνωμοσύνης.

2138 1716 2319 1770 Μόνον
2340 1713 2528 1768 ἀκούω
2553 1712 2648 1766 τὸν
2675 1709 2830 1781 ίχθὺν
2856 1708 2951 1761 τὸν
2979 1705 3285 1776 πελαγίτην
3315 1704 3507 1758 θύννον

2136 1810 2481 1863 Πεινάσαντα
2513 1803 2882 1876 καταρῤοφείν
2906 1801 2998 1855 τὸν
3030 1800 3186 1870 γόνον
3207 1799 3298 1855 τὸν
3320 1800 3543 1859 οἰκεῖον,

451 1901 744 1956 Κοινοῦται
766 1901 868 1971 φεῦ
889 1903 1003 1964 τοῖς
1026 1901 1167 1971 ἀμφ’
1192 1899 1362 1970 αὐτὴν
1390 1899 1489 1970 τὴν
1511 1897 1753 1969 θηριώδη
1777 1896 2027 1967 γνώμην,
2063 1888 2105 1943 Β
2134 1902 2299 1956 ’Ἄλλο
2324 1901 2368 1955 δ’
2389 1900 2542 1954 οὐδὲν
2573 1899 2675 1953 οὐκ
2698 1900 2749 1937 ⁸⁸
2775 1896 3029 1967 ἐνυγρον,
3065 1893 3180 1949 ἀλλ’
3204 1894 3326 1948 οὐδὲ
3354 1891 3718 1964 χερσοπόρον’

453 1992 714 2064 Εύρίσκει
746 1992 957 2055 πάντας
986 1991 1261 2055 εὐπειθεῖς
1281 2030 1295 2054 ,
1328 1991 1560 2060 ἀνήκοον
1587 1988 1777 2042 οὐδένα
1798 2001 1814 2017 ⁸

456 2084 569 2138 Καὶ
596 2082 651 2137 τί
677 2082 786 2154 γὰρ
815 2083 882 2138 ἀν
911 2085 1014 2137 οὐκ
1055 2083 1292 2156 ἔδρασαν
1326 2084 1376 2136 οἱ
1411 2081 1928 2153 θαλαμηπολοῦντες

457 2177 718 2247 Εὐνοῦχοι
748 2164 1150 2247 ῥυπαρόψυχοι,
1184 2176 1408 2231 πάντων
1442 2174 1632 2228 κακῶν
1657 2174 1932 2245 ἐργάταις

455 2269 692 2337 Τυρεύει
721 2267 820 2337 τὴν
860 2267 1157 2338 ὲπιὸουλὴν
1200 2266 1303 2337 φεῦ
1334 2268 1477 2322 κατά
1502 2265 1600 2320 τοῦ
1638 2265 1924 2335 φιλτάτου,

455 2360 597 2421 Τοὺς
631 2359 868 2429 τρόπους
902 2358 1244 2412 ὑποτίθεται.
1282 2356 1347 2411 Τί
1393 2356 1450 2411 δὲ
1481 2356 1545 2410 τδ
1572 2358 1717 2427 μετά
1741 2355 1957 2421 ταῦτα;

456 2450 748 2508 "Tmarus
787 2452 887 2521 μὲν
926 2452 955 2503 ὁ
999 2449 1277 2519 βασιλεὺς,
1305 2449 1424 2504 ἀλλ’
1471 2448 1640 2503 ὕπνον
1685 2448 2030 2516 σκοτοδότην,

455 2544 671 2597 ’Υπνον
704 2544 823 2615 μεθ’
864 2544 925 2597 ὃν
958 2545 1058 2597 οὐκ
1090 2543 1282 2614 ἔμελλε
1307 2544 1504 2607 κάλλος
1540 2544 1694 2611 ἡλίου
1719 2542 1959 2614 βλέπειν·

456 2638 521 2693 οι
555 2636 600 2690 δ’
630 2636 934 2708 είσπηδῶσι
966 2637 1205 2708 κόρακες
1232 2636 1424 2707 ὥσπερ
1449 2637 1930 2707 ὀφθαλμορύκται,

458 2729 571 2783 Καὶ
601 2730 709 2783 τῶν
742 2730 1008 2800 ὀμμάτων
1041 2729 1143 2799 φεῦ
1192 2729 1355 2784 αὐτοῦ
1396 2728 1458 2782 τὸ
1495 2728 1655 2792 σέλας
1698 2727 2030 2799 ἀμαυροῦσι.

458 2820 572 2874 Καὶ
599 2820 795 2890 γλῆναι
829 2822 928 2892 μὲν
962 2821 1260 2893 κατέρρεον
1290 2823 1355 2874 ἐκ
1384 2821 1495 2875 τῶν
1523 2819 1691 2875 αὐτοῦ
1725 2820 2033 2891 βλεφάρων,

459 2913 571 2968 Kal
600 2913 909 2984 σταλαγμὸς
939 2914 1248 2985 αἱματηρὸς
1282 2913 1510 2985 ὲμόλυνε
1539 2915 1664 2978 τοὺς
1697 2913 1958 2977 πέπλους,

459 3156 612 3196 mero
638 3141 1012 3205 commutavit,
1037 3157 1161 3197 cum
1188 3141 1297 3197 bile
1316 3140 1827 3211 dulcedinem,cum
1850 3140 2039 3197 dolore

2133 1995 2201 2048 Δί
2224 1994 2336 2064 γάρ
2369 1990 2671 2047 Εἰλείθυιαι
2702 1990 2876 2043 δειναὶ
2896 1989 3140 2059 μητέρας
3167 1984 3502 2039 δυσωποῦσι.

2138 2083 2311 2155 Ἔσση
2341 2084 2411 2139 τά
2443 2081 2821 2152 σελαγίσματα
2856 2080 2979 2134 τότε
3017 2078 3086 2133 τά
3120 2077 3218 2132 τοῦ
3258 2076 3573 2147 φωαφόρου,

2137 2177 2259 2243 Φῶς
2289 2177 2389 2231 οὐκ
2416 2175 2585 2230 ἐδίδου
2636 2173 3001 2246 λαμπραυγδς
3047 2168 3400 2240 παντοφανὴς
3438 2170 3468 2221 ὁ
3497 2168 3721 2239 λύχνος,

2148 2269 2387 2339 Ἐπέμυε
2415 2269 2460 2301 ⁸⁸
2487 2268 2547 2321 τὸ
2581 2266 2853 2338 βλέφαρον
2883 2267 2917 2335 ὴ
2946 2262 3262 2333 φωτοφόρος
3297 2263 3343 2294 ⁸⁵
3376 2261 3536 2334 κόρη,

2137 2362 2308 2432 Ζὸφος
2333 2360 2381 2414 δ’
2409 2359 2701 2431 ἐφήπλωτο
2731 2356 2901 2429 βαθὺς
2933 2356 3026 2410 ἐπὶ
3064 2356 3284 2426 συχναῖς
3314 2353 3573 2424 ἡμέραις·

2138 2455 2250 2509 Καὶ
2276 2454 2344 2507 τά
2368 2454 2611 2523 στοιχεῖα
2638 2451 2749 2521 γάρ
2791 2449 2933 2504 αύτά
2977 2448 3075 2517 τὴν
3112 2447 3402 2517 συμφορὰν
3430 2442 3718 2497 ἐπένθουν.

2140 2546 2211 2601 Δΐ
2245 2545 2420 2609 πάθος
2458 2542 2783 2612 ἐλεούμενον
2812 2539 3048 2613 οἰκτρῶς
3083 2536 3127 2572 ⁸⁸
3159 2538 3257 2591 καὶ
3297 2538 3411 2600 τοῖς
3440 2535 3675 2608 ἀψύχοις
3702 2535 3718 2589 2

2141 2637 2299 2692 Οὕτω
2328 2636 2385 2690 δὲ
2415 2635 2575 2690 τοῦτο
2605 2635 2856 2707 δράσασα
2889 2634 2951 2687 τὸ
2983 2631 3295 2701 πάντολμον
3320 2631 3507 2700 εκείνη

2153 2732 2481 2802 ’Λρχηγετεῖ
2514 2728 2610 2784 καὶ
2646 2728 2910 2798 μοναρχεί
2936 2725 3117 2796 (τοῦτο
3143 2725 3239 2779 καὶ
3277 2723 3388 2794 γάρ
3414 2722 3620 2794 ἐπόθει)

2143 2825 2252 2879 Καὶ
2284 2822 2420 2894 μόνη
2452 2818 2857 2893 περιζώννυται
2890 2818 2989 2888 τὴν
3019 2817 3475 2887 αύτοκρατορίαν.

2216 2914 2351 2971 Τότε
2386 2916 2481 2968 καὶ
2522 2910 2715 2985 Ῥώμῃ
2737 2913 2804 2983 τῇ
2845 2909 3094 2980 λαμπρᾷ,
3125 2909 3193 2979 τῇ
3222 2906 3469 2979 γηραλέα
3502 2905 3721 2977 Ῥώμῃ.

3405 3021 3563 3077 Vers.
3588 3020 3728 3076 H90

2145 3156 2436 3198 corvorum
2477 3141 2531 3197 in
2563 3152 2774 3196 morem
2812 3139 3002 3195 oculos
3031 3136 3371 3203 eruentium,
3430 3134 3731 3208 imperat»

458 3232 905 3297 delectationem,
935 3234 1139 3303 quique
1176 3233 1435 3304 deinceps
1465 3233 1632 3288 Evam
1666 3233 1813 3287 illam
1844 3233 2040 3289 miser—
2067 3240 2113 3304 α
2145 3238 2224 3294 ris
2252 3239 2308 3291 in
2337 3234 2596 3291 conclave
2629 3232 2965 3302 irrumpunt,
2992 3239 3048 3286 et
3076 3230 3264 3285 lumen
3291 3228 3581 3284 oculorum
3606 3227 3731 3298 ejus

389 3333 404 3349 '
460 3327 655 3380 rimam
705 3327 759 3381 in
812 3340 961 3380 mare
1009 3325 1371 3380 lentationum
1426 3324 1909 3397 calamitatumque
1945 3326 2042 3383 de-

461 3420 675 3483 mersit,
703 3417 750 3472 is
782 3417 950 3487 igitur
976 3417 1141 3469 etiam
1173 3417 1278 3471 hoc
1314 3426 1560 3486 tempore
1587 3432 1695 3471 non
1731 3426 1837 3473 tam
1869 3418 2046 3473 consi-

462 3509 655 3563 liarius
685 3524 848 3578 quam
880 3508 1168 3562 insidiator
1196 3507 1371 3562 lrena:
1415 3507 1593 3563 factus
1614 3551 1628 3575 ,
1662 3508 1755 3564 ubi
1794 3527 1889 3564 eor
1922 3511 2042 3581 ejus

463 3599 818 3655 demulsisset
850 3614 1035 3653 amore
1079 3598 1413 3663 dominatus,
1442 3614 1553 3669 quo
1591 3600 1704 3655 sola
1740 3601 2040 3671 frueretur,

465 3691 706 3760 denique
738 3689 1035 3759 persuadet
1081 3698 1142 3743 ut
1186 3690 1453 3745 adversus
1483 3691 1877 3760 imperatorem
1910 3693 2044 3748 ado-

465 3781 764 3837 lescentem
797 3781 1021 3837 crudele
1052 3782 1345 3836 consilium
1369 3792 1423 3837 et
1474 3782 1580 3837 heu
1608 3785 1619 3837 !
1656 3784 1815 3856 longe
1846 3785 2043 3840 imma-

466 3873 756 3927 nissimum
805 3873 988 3935 iniret,
1046 3873 1191 3943 quod
1246 3889 1311 3928 ne
1363 3873 1746 3945 tigropardalis
1794 3874 2044 3944 quidem,

468 3965 571 4022 nec
604 3965 827 4035 rugiens
874 3964 981 4030 leo,
1020 3981 1120 4021 nec
1171 3966 1471 4021 iracundus
1509 3982 1692 4032 ursus,
1726 3981 1831 4021 nec
1862 3966 2050 4022 crudi-

465 4071 635 4111 vorus
682 4056 849 4111 draco
903 4066 1145 4127 caperet.
1188 4056 1325 4115 Cum
1380 4059 1528 4113 enim
1586 4055 1758 4111 filium
1808 4057 2046 4127 quodam

469 4148 635 4201 modo
671 4149 837 4201 vitam
894 4148 1211 4203 indecoram
1267 4162 1427 4219 agere
1470 4162 1681 4219 proque
1738 4148 1907 4202 animi
1963 4149 2050 4204 sui

364 4286 375 4295 κ
472 4241 741 4294 arbitratu
796 4250 990 4294 cuncta
1040 4257 1231 4310 gerere
1270 4240 1503 4305 videret,
1555 4239 1661 4311 91
1706 4240 1821 4312 ipsa
1858 4254 2050 4311 parum

470 4331 769 4386 admodum
801 4332 1017 4387 ellieere
1044 4333 1282 4397 valente,
1334 4340 1548 4401 reperta
1595 4331 1806 4387 scilicet
1853 4346 2055 4402 oppor-

473 4433 628 4486 tuna,
657 4439 758 4478 ceu
803 4424 911 4483 dici
945 4424 1109 4489 solet,
1140 4426 1453 4487 occasione,
1495 4440 1616 4494 quae
1661 4426 1901 4495 speciem
1948 4426 2051 4480 ali-

2148 3325 2319 3398 (proh
2353 3323 2561 3380 fmdum
2596 3321 2881 3394 facinus!)
2925 3321 3300 3393 exstinguunt.
3346 3319 3469 3377 Mox
3509 3319 3734 3390 pupilla:

2146 3416 2437 3475 oculorum
2485 3414 2703 3480 delabi,
2738 3414 2899 3468 stillae
2949 3413 3264 3487 sanguineae
3300 3412 3494 3483 peplos
3546 3411 3734 3481 inqui-

2145 3522 2300 3569 nare,
2332 3520 2498 3560 cruor
2528 3503 2582 3558 in
2620 3517 2829 3559 morem
2866 3501 3149 3573 grandinis
3174 3500 3516 3572 conglobari,
3549 3500 3725 3571 impeo

2149 3610 2299 3655 rator
2347 3599 2465 3670 ipse
2516 3595 3027 3652 calamitosissimus
3073 3594 3139 3648 ad
3197 3600 3399 3649 terram
3451 3594 3738 3665 proiectus

2149 3691 2334 3746 animo
2352 3688 2611 3757 deiicere,
2633 3688 3004 3758 spectaculum
3023 3687 3152 3758 (heu
3172 3688 3211 3759 ι)
3230 3686 3565 3754 miserabile,
3583 3687 3736 3758 quod

2150 3774 2285 3854 ipsis
2311 3781 2585 3853 lapidibus
2635 3781 2880 3837 dolorem
2924 3788 3229 3839 excuteret.
3281 3779 3350 3834 Et
3396 3780 3621 3851 quidem
3666 3795 3737 3837 eo

2152 3879 2273 3946 ipso
2304 3875 2359 3929 in
2386 3875 2509 3931 loco
2528 3874 2707 3933 visum
2733 3873 2911 3928 oculis
2931 3872 3148 3929 ellossis
3167 3872 3373 3939 amisit,
3395 3888 3507 3943 quo
3527 3872 3585 3928 in
3610 3871 3737 3928 loco

2151 3968 2391 4038 primum
2418 3966 2667 4021 omnium
2698 3966 2884 4020 radios
2911 3964 3043 4023 solis
3070 3977 3385 4036 aspexerat.
3413 3964 3607 4021 Solent
3635 3982 3739 4022 au-

2153 4068 2262 4113 tem
2298 4057 2521 4115 domum
2566 4057 2713 4113 illam
2748 4070 3070 4126 nuncupare
3098 4056 3436 4127 Porphyram
3458 4096 3475 4120 ,
3511 4055 3617 4113 hoc
3650 4068 3744 4112 est

2152 4165 2475 4225 purpuram.
2530 4148 2664 4216 Quis
2708 4164 2950 4219 unquam
2994 4156 3218 4204 tantum.
3258 4147 3501 4205 furorem
3567 4148 3745 4207 fando

2152 4244 2386 4307 audivit,
2422 4257 2586 4315 quem
2623 4249 2798 4299 mater
2832 4243 2888 4297 in
2933 4241 3102 4299 lilium
3133 4242 3481 4301 evomuerit?
3508 4242 3608 4298 Hei
3640 4242 3748 4299 do-

2153 4336 2398 4392 minandi
2430 4336 2751 4391 libidinem!
2788 4335 2909 4390 Non
2940 4335 3021 4389 sic
3051 4333 3291 4406 pardalis
3315 4349 3447 4391 suos
3467 4336 3747 4391 adversus

2154 4428 2366 4483 catulos
2396 4427 2550 4493 furit,
2582 4442 2692 4484 non
2727 4428 2804 4482 ita
2838 4426 2996 4482 szevit
3038 4428 3093 4483 in
3128 4427 3374 4485 sobolem
3406 4428 3584 4499 tigris,
3623 4443 3747 4483 non

468 4531 636 4586 quam
688 4517 964 4587 aequitatis
1016 4526 1073 4572 et
1117 4518 1346 4571 rationis
1382 4516 1632 4581 haberet,
1666 4518 1821 4588 quasi
1856 4528 2055 4590 praeter
2157 4532 2309 4587 aper,
2343 4531 2451 4571 non
2485 4518 2639 4572 canis
2665 4517 2927 4571 furiosus.
2963 4517 3146 4574 Solam
3178 4517 3424 4573 Medeam
3454 4519 3571 4572 suis
3600 4519 3747 4577 libe—

466 4607 559 4679 jns
585 4616 750 4676 atque
800 4606 881 4661 fas
937 4607 1237 4676 imperator
1269 4606 1384 4660 suis
1416 4608 1629 4673 patruis
1659 4607 1848 4661 oculos
1873 4609 2051 4663 eruis-
2088 4624 2129 4678 ι)
2159 4609 2236 4663 ris
2266 4606 2579 4663 insidiatam
2610 4607 2923 4677 perhibent,
2954 4616 3011 4664 et
3041 4607 3266 4678 quidem
3299 4624 3365 4669 ex
3394 4608 3745 4671 immanitate

470 4706 581 4763 set,
610 4714 734 4753 cum
782 4697 900 4752 suis
948 4698 1185 4751 immane
1237 4696 1529 4769 consilium
1578 4698 1968 4762 communicat,
2000 4708 2057 4755 et

471 4792 695 4863 quidem
730 4806 922 4845 omnes
966 4789 1382 4859 obtemperandi
1415 4790 1646 4859 cupidos
1680 4790 1924 4861 reperit,
1955 4792 2055 4847 ad-

471 4894 786 4939 versantem
820 4881 1120 4937 neminem.
1171 4880 1311 4946 Quid
1347 4880 1493 4935 enim
1545 4882 1925 4937 eubiculorum
1960 4899 2058 4938 eu-

472 4976 658 5033 stodes
691 4974 956 5039 eunuchi,
992 4973 1156 5029 {tedis
1207 4975 1406 5030 animis
1457 4974 1694 5046 praediti,
1728 4983 2056 5033 cunctorum

474 5067 747 5122 malorum
776 5075 1203 5135 perpetratores,
1233 5082 1343 5120 non
1386 5066 1673 5123 facerent?
1720 5066 1892 5137 Igitur
1920 5067 2056 5121 insi-

474 5148 592 5211 dias
619 5154 733 5210 filio
770 5156 1097 5212 charissima
1140 5173 1238 5228 per
1280 5157 1556 5226 Speciem,
1604 5159 1760 5226 quasi
1815 5158 1954 5212 male
1995 5173 2054 5212 se

475 5262 709 5320 gereret,
742 5249 940 5316 struit;
970 5265 1133 5319 quem
1169 5258 1428 5305 conatum
1458 5250 1773 5320 hujusmodi
1801 5250 2053 5321 quaedam

476 5349 773 5394 consecuta
805 5348 952 5395 sunt.
974 5342 1138 5396 Forte
1169 5357 1422 5397 somnum
1453 5342 1701 5411 capiebat
1730 5342 2049 5411 imperator.

2157 4699 2435 4772 Scythica.
2462 4701 2649 4754 Solqu
2681 4700 2947 4772 thymium
2980 4700 3165 4768 audio,
3196 4701 3402 4771 piscem
3438 4702 3743 4766 marinum,

2158 4794 2201 4848 si
2233 4792 2461 4856 esuriat,
2496 4790 2742 4845 sobolem
2773 4791 3051 4860 propiiant
3086 4791 3391 4863 deglutire;
3422 4809 3527 4849 nec
3564 4794 3745 4853 ullum

2158 4884 2305 4939 aliud
2340 4883 2541 4938 animal
2573 4897 2718 4949 esse,
2748 4882 2834 4937 vel
2862 4885 3100 4955 aquatile
3147 4886 3228 4939 vel
3272 4894 3556 4950 terrestre,
3588 4888 3747 4955 quod

2159 4974 2429 5047 ejusmodi
2464 4973 2727 5043 quiddam
2758 4985 3058 5046 perpetret.
3109 4975 3323 5046 Quippe
3372 4977 3750 5047 parturigines

2164 5067 2294 5136 ipste
2325 5064 2395 5119 ad
2425 5063 2768 5120 elﬁciendam
2807 5065 2864 5120 in
2901 5067 3173 5122 matribus
3210 5068 3575 5125 reverentiam
3611 5084 3750 5140 erga

2165 5154 2411 5211 sobolem
2443 5153 2817 5210 efﬁcacitatem
2862 5155 3199 5227 singularem
3237 5157 3460 5213 habent.
3498 5157 3656 5215 Tunc
3684 5171 3750 5225 et

2161 5246 2295 5302 solis
2335 5246 2596 5316 splendor
2639 5247 2944 5317 exstinctus
2995 5256 3104 5311 est,
3152 5259 3208 5303 et
3241 5249 3369 5304 luna
3420 5248 3644 5316 defecit,
3688 5261 3750 5315 et

2164 5338 2545 5407 compluribus
2591 5338 2787 5393 diebus
2838 5338 3033 5409 ingens
3076 5338 3251 5411 caligo
3294 5338 3440 5395 t‘uit:
3477 5340 3747 5403 nimirum

475 5433 832 5504 peracerbum
866 5433 967 5504 ipsi
999 5433 1265 5503 profecto,
1298 5443 1421 5503 post
1448 5450 1609 5503 quem
1641 5448 1751 5487 non
1779 5435 1890 5504 jam
1922 5432 2055 5487 solis
2166 5431 2284 5501 ipsa
2334 5432 2606 5485 elementa
2658 5429 3008 5487 Constantini
3064 5431 3433 5489 calamitatem
3489 5433 3749 5504 deplora~

477 5525 946 5597 pulchritudinem
1009 5526 1247 5597 amplius
1298 5527 1517 5582 visurus
1565 5535 1730 5581 esset.
1781 5526 1920 5579 'l'um
1976 5525 2053 5579 illi
2166 5526 2319 5578 bant.
2344 5524 2458 5579 lleu
2486 5524 2699 5580 facinus
2724 5524 2982 5579 inanimis
3007 5525 3173 5580 etiam
3200 5527 3366 5582 rebus
3391 5529 3744 5584 miserabile!

1836 5658 2035 5722 νει-ξω
2069 5660 2403 5724 lectiones.

479 5788 935 5930 υὶέκξαὲδξιᾉκυ
964 5788 990 5842 δ
1024 5805 1188 5857 φασιν
1226 5790 1290 5843 Α.
1370 5790 1414 5823 eo
1446 5788 1637 5858 ἔϐλεψε
1677 5790 1740 5843 Α.
1822 5790 1862 5822 σι
1889 5787 2062 5850 πάθος
2085 5789 2198 5842 an.
2276 5788 2321 5820 υ
2350 5782 2586 5859 οὖκ]οὐδ’
2614 5789 2678 5840 Α.
2755 5788 2802 5820 σι
2835 5788 3053 5859 ἀπέμυε
3086 5787 3152 5846 Β.
3231 5792 3275 5823 αδ
3309 5792 3659 5863 φωτοτρὸφθς
3679 5793 3745 5849 Α.
