4072 6422
521 340 625 407 391

542 462 900 516 Ἰ-ἷκϐάλλεται
939 458 1035 514 τοῦ
1065 461 1164 528 τῆς
1189 458 1364 530 ἀρχῆς
1408 455 1804 527 ἀγλαοδὲνδρου
1829 458 2029 525 κήπου,

538 555 685 607 ’Λντὶ
718 553 932 625 τρυφῆς
972 550 1305 621 καρπίζεται
1353 548 1777 619 δακνοκαρδίους
1805 548 2024 606 πόνους,

527 647 733 708 Πόνους
767 646 827 697 οὑ
854 645 1048 706 πόνους
1067 640 1314 705 τοκετοῦ,
1340 640 1449 693 τῶν
1472 638 1769 711 συμφορῶν
1798 638 1855 692 δὲ
1871 638 2097 708 κέντρα,

528 736 743 805 ’Δλμην
773 753 831 788 τε
864 735 1007 788 πίνει
1042 734 1275 803 θλίψεως
1313 734 1389 798 ὡς
1437 734 1682 803 πένησσα
1716 730 1990 801 χερνῆτις.

526 824 766 878 Τοιαῦτα
792 825 852 877 τὸ
882 823 1286 893 παλίνστροφον
1313 822 1607 894 ἐργάζεται
1637 820 1729 874 τοῦ
1757 820 1877 891 βίου
1902 835 1917 848 '

526 915 715 977 Οὕτως
754 915 1150 968 ἀνταποδίδωσι
1183 914 1316 978 Θεὸς
1362 916 1478 977 τοῖς
1513 913 1777 968 ἀδικοῦσι.

524 1007 679 1075 Μόνη
715 1008 814 1076 μὲν
851 1002 944 1060 οὖν
972 1005 1273 1075 τετύχηκεν
1295 1005 1387 1058 ἐπὶ
1402 1004 1601 1075 μικρὸν
1644 1003 1740 1057 τοῦ
1776 1004 2010 1074 κράτους
2031 1004 2097 1066 ⁷⁸,

524 1099 631 1153 Σὺν
654 1099 1052 1169 Κωνσταντίνῳ
1080 1098 1135 1151 δὲ
1158 1098 1273 1167 υἱῷ,
1296 1097 1507 1168 χρόνοις
1539 1096 1677 1149 ἑπτά
1708 1096 1845 1166 πρὸς
1870 1095 2025 1151 δέκα.

598 1189 707 1242 Τοῦ
731 1190 980 1260 κράτους
1001 1191 1180 1242 τοίνυν
1204 1191 1231 1241 ὁ
1253 1188 1446 1259 τροχὸς
1467 1187 1526 1253 ἐξ
1556 1187 1734 1242 ἀλλων
1768 1190 1848 1252 είς
1881 1187 2101 1258 ἐτέρους

524 1284 891 1353 summa;
918 1284 968 1320 ⁷³
998 1283 1089 1334 καὶ
1110 1280 1446 1352 συστραφεὶς
1469 1281 1528 1333 ἑν
1547 1280 1770 1350 δρόμοις
1791 1279 2100 1352 ἀνωμάλοις

523 1375 723 1426 Φθάνει
769 1375 905 1425 ποτε
963 1372 1235 1442 μετέωρον
1265 1370 1404 1440 ἄρας
1436 1370 1530 1424 καὶ
1553 1370 1893 1441 Νικηφόρον,

530 1464 852 1532 Ἀνθρωπον
883 1463 1274 1529 φονικώτατον,
1306 1462 1636 1531 δύστροπον,
1668 1462 1939 1533 κακοήθη,

525 1556 725 1611 Δοῦλον
753 1555 956 1627 χρυσοῦ
984 1555 1330 1625 χρυσομανῆ,
1369 1552 1605 1623 κίμδικα
1639 1554 2024 1625 σμικρολόγον,

531 1651 829 1720 Ἀντικρυς
861 1647 1040 1702 Μίδαν
1063 1646 1156 1699 τόν
1186 1662 1318 1699 ποτε
1352 1644 1707 1715 κατάρξαντα
1738 1647 2000 1718 Φρυγίας,

532 1742 631 1804 Ὃς
655 1741 750 1803 τὰς
781 1739 957 1810 ἀρχὰς
983 1740 1094 1791 τῶν
1115 1738 1322 1792 πόλεων
1344 1738 1537 1800 ὠνίους
1563 1739 1815 1805 ἐποιεῖτο,

527 1829 645 1883 Οὐκ
671 1829 988 1897 ἀριστίνδην
1015 1827 1114 1891 τὰς
1141 1828 1309 1896 τιμάς
1354 1827 1491 1881 ἁλλά
1527 1827 1849 1898 πλουτίνδην
1895 1830 2096 1899 νέμων.
2135 1811 2175 1869 Β

525 1915 656 1988 Εἶχε
679 1918 879 1988 χρυσὸν
907 1919 966 1973 ἐν
996 1918 1218 1989 χείλεσι,
1256 1916 1383 1987 βοῦν
1426 1920 1518 1972 ἐπὶ
1544 1918 1792 1990 γλώττης
1823 1915 1958 1991 εἶχε,

526 2016 741 2082 Χρυσδν
775 2013 1164 2083 ἐπιτραπέζιον
1194 2012 1258 2075 ⁷⁸,
1283 2012 1487 2081 χρυσὸν
1525 2013 1898 2085 ὠνειροπόλει.

529 2107 640 2159 Καὶ
660 2108 774 2168 τοῖς
802 2103 902 2174 μὲν
931 2101 1113 2167 ἄλλοις
1143 2101 1469 2171 σκυθρωπὸς
1509 2106 1602 2156 καὶ
1632 2105 1886 2176 κατηφὴς
1914 2104 2098 2176 ἐῴκει,

531 2199 630 2249 Ἂν
660 2196 717 2249 δὲ
745 2193 950 2266 χρυσοῦ
979 2210 1058 2257 τις
1091 2194 1285 2264 ἔφερεν
1313 2192 1478 2263 ὁλκὴν
1512 2194 1863 2262 ἐπικολπίαν,

527 2290 662 2344 Τότε
695 2288 760 2358 δὴ
786 2286 908 2340 τότε
960 2286 1237 2357 προσηνὲς
1273 2285 1335 2338 τὸ
1391 2284 1660 2357 βλέφαρον
1690 2286 1925 2353 ἐδείκνυ,

528 2379 642 2432 Καὶ
694 2376 1161 2447 σκυθρωπότητος
1212 2373 1385 2446 ἀχλὺς
1434 2376 1536 2428 οὐκ
1588 2371 1657 2447 ἦν
1691 2375 1751 2428 ἐν
1783 2378 1897 2439 τοῖς
1929 2393 2097 2446 προσ-

1736 2466 1927 2542 [ώποις
1961 2471 2028 2524 ⁷⁵.

541 2557 824 2613 Ἐντεῦθεν
867 2559 1050 2622 πάσας
1087 2558 1335 2630 μηχανάς
1370 2557 1662 2628 ὑπώρυττε
1714 2559 1808 2611 καὶ
1835 2558 2098 2627 τρόπους,

529 2653 643 2706 Kal
679 2651 891 2714 πάντας
921 2651 1290 2723 ὑπεσόθρευεν
1330 2650 1377 2682 ⁷⁸
1401 2650 1797 2720 εὐρεσικάκους
1823 2647 2033 2713 δόλους,

546 2744 633 2807 Ὦς
667 2743 721 2796 εί
745 2760 846 2796 που
878 2742 1305 2813 παρευρίσκοιτο
1334 2741 1379 2773 ⁷⁷
1409 2739 1632 2810 χρυσίον
1662 2738 1929 2809 κενωθείη

534 2838 643 2890 Kal
674 2837 812 2906 πρὸς
856 2835 1020 2888 αὑτὸν
1056 2833 1376 2904 μετενεχθῇ.
1403 2833 1515 2902 Τῆς
1554 2829 2021 2902 φιλοχρηματίαςί

531 2920 698 2987 οὗτος
732 2924 778 2957 ⁷⁸
806 2925 1046 2997 ἐπέθηκε
1080 2924 1221 2996 βαρὺ
1253 2927 1365 2987 τοῖς
1401 2922 1720 2987 Βυζαντίοις
1770 2922 1956 2993 ἄχθος,

530 3021 606 3075 03
647 3019 852 3088 κοῦφον
888 3017 999 3072 οὐδ’
1022 3014 1350 3084 εὐάγκαλον,
1400 3014 1511 3068 οὐδ’
1539 3013 1774 3084 ἐλαφρὸν
1807 3011 2097 3082 βαστάσαι,

543 3110 922 3171 ’Δνανεώσεως
952 3110 1153 3177 τειχῶν
1175 3108 1336 3176 χάριν
1370 3104 1479 3157 τῶν
1507 3105 1890 3175 γηρασάντων,

538 3204 603 3255 ’0
632 3201 853 3269 λέγουσι
877 3200 1167 3270 δικέρατον
1193 3200 1242 3253 oi
1276 3196 1468 3251 τούτου
1497 3196 1858 3268 τελωνάρχαι.

534 3453 720 3500 autem
771 3440 874 3512 ipsi
919 3441 1083 3512 longo
1137 3449 1405 3510 tempore,
1463 3447 1572 3494 tam
1623 3438 1725 3494 soli
1772 3452 1934 3509 quam
1980 3453 2107 3495 cum

534 3537 649 3592 tilio
691 3533 1085 3598 Constantino,
1132 3533 1367 3605 imperio
1419 3531 1567 3599 frui,
1619 3532 1880 3588 nimirum
1925 3532 1993 3589 ad
2042 3532 2110 3589 l7

533 3642 729 3684 annos.

607 3719 780 3790 Igitur
808 3717 1024 3790 imperii
1062 3724 1182 3775 rota
1209 3733 1335 3774 cum
1365 3718 1436 3774 ab
1463 3718 1588 3775 aliis
1608 3719 1676 3775 ad
1698 3720 1839 3775 alios
1862 3718 2108 3775 volutata

533 3826 915 3883 conversaque
941 3811 1084 3868 foret
1117 3811 1476 3883 inaequalibus
1500 3826 1632 3868 sane
1656 3811 1931 3875 cursibus,
1958 3824 2110 3865 nunc

531 3905 751 3961 tandem
777 3904 1152 3976 Nicephorum
1197 3904 1252 3959 in
1284 3904 1524 3961 sublime
1552 3904 1796 3971 sustulit,
1827 3903 2108 3960 hominem

531 3998 968 4068 sanguinarium,
1002 3997 1250 4054 moribus
1277 3998 1590 4067 perversis,
1624 3996 1957 4067 improbum,
1989 3994 2109 4051 auri

531 4089 869 4159 mancipium
916 4087 1237 4155 sordidum,
1291 4088 1450 4145 Midae
1501 4089 1776 4161 Phrygum
1829 4088 2106 4160 quondam

531 4183 649 4253 regi
682 4197 781 4252 per
808 4181 995 4236 omnia
1023 4179 1282 4236 similem.
1319 4180 1669 4252 Magistratus
1695 4180 1919 4235 urbium
1944 4196 2111 4235 vena-

532 4273 616 4330 les
647 4270 903 4337 habebat,
936 4286 1117 4341 neque
1145 4271 1441 4343 dignitates
1467 4288 1534 4327 ex
1566 4271 1789 4327 virtutis
1818 4271 1915 4327 sed
1942 4286 2108 4340 opum

535 4376 791 4435 respectu
850 4365 1191 4422 conferebat.
1249 4369 1456 4420 Aurum
1509 4364 1747 4419 habebat
1798 4365 1854 4419 in
1912 4364 2107 4428 labris,

1693 336 2204 400 (IONSTANTINI
2240 334 2617 396 MANASSIS

2141 461 2177 517 Α
2208 453 2464 522 Σφίγγων
2492 453 2550 505 δὲ
2578 453 2755 508 πάντα
2781 453 2902 515 ταῖς
2927 449 3123 517 κλεισὶ,
3144 451 3240 503 καὶ
3265 448 3471 522 θύραζε
3504 449 3580 522 μὴ
3602 450 3787 520 φέρων

3678 331 3788 395 3f!

2210 547 2325 599 Οὐκ
2355 547 2598 617 ἄργυρον
2628 545 2750 599 οὐδὲ
2772 546 2992 618 χρυσὸν,
3024 544 3125 598 οὐκ
3155 543 3493 614 εὐυφάντους
3523 545 3788 612 πέπλους,

2207 639 2321 694 Kal
2351 638 2512 692 τοῦτο
2556 637 2617 692 τδ
2654 638 2949 708 λεγόμενον
2982 638 3040 688 ὲν
3077 637 3269 707 μύθοις
3290 637 3642 699 Αίσωπείοις,

2208 731 2442 785 Πλεῖστα
2471 731 2573 801 μὲν
2608 731 2752 802 ίχνια
2791 729 3005 794 δεικνὺς
3031 730 3338 801 χρημάτων
3367 727 3671 793 εἰσιόντων,

2222 821 2628 893 Ἐξερχομένων
2661 821 2708 874 δ’
2743 820 2997 890 οὐδαμῶς
3019 820 3132 873 οὐδ’
3161 819 3643 891 ἀποκενουμένων.

2222 912 2518 984 Ἐστέρησε
2549 913 2647 967 καὶ
2692 913 2783 966 τὸν
2818 911 3052 985 στρατὸν
3088 914 3200 965 τῶν
3239 912 3708 982 ὲποφειλομένων.

2218 1004 2471 1058 Ἐντεῦθε
2516 1004 2681 1073 θροῦς
2713 1004 3039 1069 δυσκέλαδος
3079 1004 3177 1058 καὶ
3203 1003 3394 1067 στάσις
3423 1002 3645 1073 ὀλεθρία

2208 1098 2317 1151 Kal
2344 1096 2557 1170 λαλαγὴ
2591 1097 2935 1169 κακόχαρτος
2961 1098 3057 1153 καλ¹
3093 1097 3480 1168 δυσφημοῦσαι
3512 1096 3788 1167 γλῶσσαι.

2207 1189 2320 1242 Kal
2354 1189 2756 1260 συνδραμόντες
2793 1191 2875 1252 είς
2919 1190 3089 1243 ταὺτὸ
3120 1190 3260 1259 μετά
3287 1188 3539 1261 κραυγῆς
3567 1189 3788 1259 ἀσήμου

2206 1282 2532 1335 Αύτάνακτα
2557 1280 2855 1352 Βαρδάνιον
2890 1282 2985 1335 τὸν
3025 1281 3147 1335 τότε
3196 1281 3644 1352 στραταρχοῦντα

2209 1372 2469 1426 Γενέσθαι
2507 1372 2888 1439 καθικέτευον,
2936 1371 3344 1445 προσφέροντες
3368 1372 3463 1426 καὶ
3495 1372 3638 1442 βίαν.

2220 1464 2278 1516 'U
2299 1463 2417 1518 δὀὐ
2433 1465 2473 1497 ⁷⁸
2488 1464 2774 1532 γινώσκων
2794 1464 2894 1534 τὴν
2925 1465 3098 1537 ῥοπὴν
3113 1466 3211 1535 τῆς
3232 1464 3595 1534 ταλαντοῦχου
3614 1468 3751 1536 τύχη
3764 1483 3790 1527 ς

2209 1557 2322 1611 Kal
2364 1557 2465 1626 τὴν
2513 1557 2867 1629 ἀμφίρῤοπον
2894 1538 3066 1628 αὐτῆς
3102 1557 3323 1627 θέλησιν
3351 1558 3682 1628 ὑποτρέσας,

2220 1647 2518 1719 Ἀνθρὼπῳ
2544 1647 2673 1718 θείῳ
2707 1649 3013 1720 προσφοιτᾷ
3059 1650 3154 1702 καὶ
3195 1648 3609 1719 θεοφορουμένῳ

2211 1739 2320 1791 Kal
2349 1740 2471 1799 ταῖς
2516 1738 2611 1791 τοῦ
2660 1737 2971 1811 πνεύματος
3003 1739 3200 1809 αὐγαῖς
3227 1738 3515 1802 πλουσίαις
3544 1754 3796 1809 πυρσου-

3540 1828 3717 1903 [μένῳ

2222 1921 2503 1991 Ἐκφαίνει
2539 1922 2600 1974 τὸ
2637 1918 3039 1992 κρυπτόμενον,
3077 1923 3297 1976 ἅπαντα
3327 1921 3640 1991 καταλέγει,

2210 2014 2322 2083 Τὴν
2358 2018 2546 2067 στάσιν
2586 2016 2682 2067 καὶ
2725 2014 2816 2067 τὸν
2841 2017 3082 2085 τάραχον
3110 2016 3202 2068 καὶ
3232 2014 3325 2068 τοῦ
3353 2013 3483 2067 λαοῦ
3513 2015 3614 2085 τὴν
3639 2013 3787 2084 βίαν.

2222 2109 2434 2162 Ἀκούει
2456 2108 2611 2163 ταῦθ’
2635 2110 2664 2162 ό
2692 2108 2877 2172 πολιὸς
2905 2113 3001 2173 τὰς
3024 2109 3226 2181 φρένας
3256 2108 3351 2162 καὶ⁵
3374 2109 3472 2171 τὰς
3498 2109 3717 2181 τρίχας,

2218 2201 2281 2253 Ὀ
2329 2200 2529 2264 κύκνος
2562 2203 2589 2254 ὁ
2615 2200 2713 2255 τοῦ
2755 2199 3090 2270 πνεύματος,
3117 2202 3145 2255 ό
3187 2201 3431 2255 κελαδῶν
3453 2200 3523 2254 τά
3569 2202 3712 2255 θεϊαο

2220 2292 2605 2363 Ἀπαγορεύει,
2645 2291 2891 2346 νουθετεί
2921 2292 3090 2364 μηδὲν
3134 2280 3502 2363 νεωτερίζειν,

2214 2402 2233 2436 ι
2273 2386 2364 2455 Μὴ
2399 2386 2495 2440 καὶ
2535 2385 2635 2450 τὰς
2673 2384 2842 2456 κόρας
2895 2385 3185 2457 κεντηθῇς,
3225 2404 3246 2438 ι
3288 2386 3444 2458 φησι,
3488 2403 3507 2438 ι
3544 2384 3643 2449 τάς
3674 2385 3790 2439 τῶν

3392 2473 3701 2548 [όμμάτων,

2207 2566 2319 2619 Kal
2354 2567 2534 2621 πάντα
2557 2569 3017 2638 προσαποωλεῐς,
3051 2571 3231 2624 πάντα
3265 2571 3712 2641 προσαπολίσεις.
3763 2589 3783 2621 ε

2210 2657 2412 2711 Βλέπει
2451 2658 2917 2730 βαρυθυμήσαντα
2963 2660 3258 2732 Βαρδάνιον
3290 2665 3319 2715 ό
3347 2662 3547 2731 γέρων,

2209 2745 2409 2815 sum:
2456 2749 2581 2811 τοὺς
2603 2748 2864 2813 ἕλκοντας
2905 2749 3072 2803 αὐτοῦ
3100 2749 3195 2803 τὸν
3244 2749 3412 2804 ἵππον
3450 2750 3527 2820 τῷ
3560 2752 3787 2822 ῥυτῆρι,

2210 2838 2321 2891 Kal
2345 2838 2853 2910 μετακαλεσάμενος
2884 2837 3040 2904 αὖθις
3056 2839 3146 2894 τὸν
3171 2840 3573 2913 στρατηγέτην,

2216 2946 2234 2980 ι
2268 2928 2342 2982 Σὺ
2402 2929 2523 3000 μὲν,
2552 2929 2930 3003 λαμπρότατε,
2967 2951 2985 2983 ι
3050 2932 3210 3003 φησὶ,
3250 2949 3271 2983 ι
3335 2932 3691 3004 τρισμέγιστε
3740 2932 3791 2964 ⁸⁸

3349 3022 3715 3097 [στρατάρχα.

2033 3137 2038 3142 ·
2134 3151 2178 3211 c
2211 3115 2327 3169 Οὐκ
2355 3114 2621 3189 ἐπιτεύξῃ
2652 3115 2755 3183 τῆς
2780 3115 2978 3186 ἀρχῆς,
3004 3117 3053 3169 εἰ
3084 3116 3182 3171 καὶ
3214 3115 3259 3148 ⁸⁸
3297 3116 3470 3188 μυρία
3497 3117 3713 3188 κάμῃς·

2211 3206 2332 3260 Τῶν
2349 3208 2695 3278 ταττομένων
2722 3206 2777 3261 δέ
2804 3224 2950 3272 τινες
2978 3208 3085 3263 ὑπὸ
3109 3209 3211 3280 τὴν
3243 3206 3345 3280 σὴν
3379 3208 3641 3280 παλάμην

3461 3335 3617 3393 Vers.
3645 3336 3793 3393 £597

2209 3445 2510 3516 quidquam
2534 3446 2759 3517 prodire
2790 3447 2999 3504 sineret
3030 3448 3117 3504 vel
3147 3447 3359 3520 argenti
3387 3447 3473 3504 vel
3503 3447 3643 3513 auri,
3670 3456 3796 3503 tex-

2210 3545 2390 3592 tarum
2417 3544 2674 3603 vestium,
2709 3547 2767 3594 et
2815 3539 3050 3609 plurima
3098 3540 3357 3609 quidem,
3401 3539 3552 3596 velut
3596 3549 3681 3594 est
3733 3541 3793 3594 in

2206 3628 2482 3700 Esopicis
2507 3629 2729 3698 fabulis,
2747 3631 2976 3702 vestigia
3003 3632 3361 3703 pecuniarum
3387 3633 3793 3686 introeuntium

2208 3729 2559 3791 apparerent,
2594 3722 2916 3778 exeuntium
2947 3737 3081 3777 vero
3117 3731 3174 3778 et
3214 3737 3580 3792 expensarum
3610 3723 3792 3787 nulla,

2209 3812 2416 3868 milites
2443 3813 2611 3868 etiam
2634 3812 2837 3869 debitis
2861 3813 3155 3884 stipendiis
3179 3815 3480 3885 spoliabat;
3508 3829 3618 3885 quo
3641 3815 3793 3870 facto

2209 3920 2463 3959 murmur
2493 3904 2798 3959 infaustum
2819 3945 2834 3969 ,
2868 3904 3033 3960 noxia
3079 3905 3311 3972 seditio,
3346 3919 3510 3961 voces
3538 3906 3794 3960 insolen-

2210 4005 2314 4058 tes.
2342 3997 2546 4068 lingua
2571 3995 2851 4052 maledica:
2865 3997 3067 4067 passim
3098 3996 3502 4052 excitabantur.
3524 3996 3793 4066 Adeoque

2209 4100 2481 4144 concursu
2503 4086 2650 4143 facto
2672 4101 2798 4142 cum
2821 4086 3059 4143 clamore
3084 4088 3433 4143 inarticulato
3451 4087 3787 4143 Bardanium

2209 4179 2434 4243 milites,
2463 4179 2559 4249 qui
2587 4179 2871 4250 copiarum
2906 4180 2958 4234 id
2992 4180 3254 4249 temporis
3279 4179 3389 4235 dux
3418 4190 3562 4243 erat.
3587 4187 3649 4234 ut
3684 4180 3792 4234 im-

2211 4273 2427 4344 perium
2465 4272 2535 4328 ab
2564 4286 2624 4328 se
2654 4272 2901 4327 oblatum
2935 4270 3233 4340 acciperet.
3269 4285 3377 4324 non
3417 4278 3629 4323 tantum
3659 4284 3793 4339 pre-

2211 4364 2369 4419 cibus
2408 4363 2507 4419 sed
2548 4364 2715 4419 etiam
2759 4363 2814 4417 vi
2857 4361 3102 4417 adhibita
3132 4361 3418 4432 cogebant.
3454 4360 3523 4415 At
3551 4361 3642 4414 ille
3674 4375 3789 4415 non

533 4458 730 4513 bovem
777 4458 830 4512 in
879 4458 1068 4526 lingua
1100 4457 1358 4530 gerebat,
1406 4456 1476 4512 de
1522 4472 1659 4512 auro
1691 4455 2023 4526 loquebatur
2053 4456 2107 4509 in
2143 4492 2185 4547 D
2212 4468 2516 4524 agnoscens
2563 4451 2780 4507 initium
2818 4451 2923 4505 hoc
2959 4449 3361 4505 adversissima:
3404 4448 3639 4503 fortuna:
3665 4489 3680 4509 ,
3729 4457 3791 4503 et

535 4560 747 4607 mensa.
776 4561 875 4616 per
899 4546 1139 4616 quietem
1170 4562 1365 4601 aurum
1391 4545 1719 4610 somniabat,
1752 4554 1809 4600 et
1835 4555 1954 4600 erat
1977 4561 2107 4615 erga
2145 4541 2176 4547 ⁷
2216 4556 2399 4601 tamen
2435 4544 2772 4599 voluntatem
2803 4544 2923 4614 ejus
2957 4541 3270 4598 instabilem
3309 4541 3607 4616 reveritus,
3638 4541 3789 4595 divi-

531 4643 764 4691 caeteros
795 4638 1018 4707 quidem
1066 4652 1258 4693 severo
1300 4638 1556 4706 tristique
1586 4637 1777 4700 vultu,
1818 4650 2009 4690 verum
2059 4637 2104 4690 si

529 4729 659 4799 quis
683 4730 802 4784 auri
835 4732 1051 4801 pondus
1075 4732 1199 4786 sinu
1230 4730 1425 4792 ferret,
1468 4744 1594 4783 eum
1625 4726 1826 4782 blande
1855 4726 2109 4782 intueba-

533 4830 647 4884 tur,
685 4835 789 4875 nec
826 4822 998 4876 ullum
1045 4821 1282 4875 tristitize
1310 4819 1603 4888 veStigium
1632 4818 1687 4871 in
1716 4818 1869 4872 vultu
1899 4827 2107 4873 restare

532 4914 863 4984 patiebatur.
897 4915 1036 4970 Hinc
1066 4914 1230 4969 ﬂebat
1258 4923 1320 4967 ut
1350 4911 1569 4983 quidvis
1593 4911 1712 4965 auri
1743 4912 2107 4981 conquirendi

533 5021 697 5061 causa
721 5007 1030 5071 moliretur,
1053 5020 1231 5075 eoque
1250 5004 1472 5058 nomine
1496 5002 1718 5058 fraudes
1740 5004 2107 5060 astutissimas

535 5101 805 5155 universis
827 5099 1139 5155 clanculum
1164 5104 1427 5150 strueret.
1454 5095 1730 5166 Byzantiis
1743 5097 2106 5167 onusgravis-

531 5186 733 5242 simum
762 5187 1046 5257 imposuit,
1080 5194 1325 5240 veterum
1359 5200 1643 5239 murorum
1681 5185 2107 5240 reficiendorum

535 5292 720 5343 causa,
749 5278 898 5348 quod
935 5277 1277 5331 tributorum
1325 5290 1444 5329 exat
1463 5284 1610 5330 tores
1659 5274 1967 5330 diceratum
2007 5292 2107 5331 vo-

2210 4650 2342 4689 num
2369 4633 2663 4704 quemdam
2695 4632 2764 4688 ad
2798 4633 3076 4689 hominem
3106 4647 3227 4689 sese
3254 4632 3490 4696 confert,
3522 4647 3789 4687 arcanum

2209 4727 2295 4782 sui
2322 4725 2507 4781 cordis
2527 4724 2728 4795 aperit,
2754 4723 2958 4779 indicat
2979 4725 3185 4791 omnia,
3204 4724 3555 4787 seditionem,
3579 4723 3791 4778 tumul-

2214 4827 2327 4872 tum
2374 4818 2701 4880 militarem,
2739 4817 2851 4871 vim
2898 4815 3120 4885 populi,
3159 4831 3322 4886 quam
3356 4815 3464 4872 sibi
3503 4815 3787 4870 adhibeat.

2212 4908 2383 4963 Audit
2413 4908 2531 4962 haec
2559 4922 2730 4963 canus
2760 4908 2851 4962 ille
2881 4917 2988 4961 tam
3021 4907 3234 4977 capillis
3271 4922 3434 4978 quam
3471 4907 3659 4961 animo
3689 4921 3789 4977 cy-

2215 5015 2354 5071 gnus
2387 4996 2712 5069 spiritualis,
2740 4998 2926 5053 divina
2949 4999 3194 5053 carmina
3219 4998 3517 5053 concinens
3541 5017 3555 5051 :
3582 5014 3653 5051 ne
3684 4998 3792 5051 mia

2206 5092 2398 5147 litibus
2435 5090 2783 5160 obtemperet
2827 5090 3019 5154 edicit,
3056 5106 3087 5144 a
3121 5091 3287 5145 rebus
3322 5100 3384 5144 ut
3424 5090 3581 5144 novis
3613 5088 3792 5142 absti-

2207 5196 2337 5241 neat
2375 5186 2655 5251 hortatur,
2686 5200 2755 5239 ne
2796 5185 2936 5240 forte
2963 5186 3235 5255 jacturam
3272 5186 3560 5239 oculorum
3596 5184 3789 5241 faciat.

2207 5277 2305 5332 llis
2353 5276 2516 5331 dictis
2563 5276 2891 5331 Bardanium
2950 5291 3117 5331 senex
3170 5276 3550 5346 perturbatum
3598 5275 3788 5330 animo

536 5379 680 5425 cant.
711 5369 960 5438 Cumque
988 5366 1237 5423 clavibus
1262 5365 1576 5422 occluderet
1604 5366 1810 5433 omnia,
1835 5381 1938 5422 nec
1963 5365 2109 5423 foras
2204 5370 2379 5436 videt,
2400 5369 2674 5438 simulque
2706 5368 2976 5440 conspicit
3004 5385 3098 5425 eos
3128 5370 3221 5439 qui
3247 5385 3451 5439 equum
3483 5369 3603 5439 ejus
3631 5368 3789 5423 freno

1886 5530 2095 5593 Varia)
2128 5531 2463 5594 lectiones.

604 5676 651 5767 ’ρ’
679 5674 836 5767 Ηιιιιιο
906 5692 1066 5767 vers...
1104 5680 1206 5767 et"
1230 5691 1344 5747 seq.
1396 5692 1506 5767 oni.
1565 5677 1630 5731 [ἶ.
1706 5680 1752 5767 ’2
1782 5679 2107 5767 κυλένδρηθε

2197 5681 2263 5739 [ι.
2341 5682 2445 5751 ’δχ

532 5747 582 5781 ’⁸
612 5748 981 5820 ὑπετρόπευεν
1011 5748 1086 5803 Μ.
1165 5748 1206 5780 ⁷⁷
1246 5749 1674 5820 παρευρίσκεται
1711 5747 1777 5802 R.

2450 5682 2613 5753 ρυσὸς
2653 5683 3040 5753 ἐπιτραπέζιος
3094 5686 3158 5736 Α.
3236 5682 3281 5754 ⁸⁷4⁸
3309 5683 3386 5752 cfp
3413 5680 3696 5754 προσώπῳ
3722 5682 3794 5736 Κ.

1854 5751 1898 5782 7⁸
1935 5751 2107 5815 οὓτως
2129 5757 2195 5808 Δ.
2272 5753 2316 5785 ⁷⁹
2337 5751 2460 5809 ab?
2512 5754 2560 5786 ⁸⁸
2593 5754 2686 5806 καὶ
2719 5751 2945 5821 μέγιστε
2982 5754 3045 5807 ιι.
3124 5755 3166 5785 ει
3208 5751 3310 5805 κᾶν
3340 5751 3435 5805 καὶ
3464 5755 3530 5806 Δ.
