4072 6416
377 311 482 375 393

375 423 489 490 Τὴν
511 419 688 493 ζώνην
719 420 1093 486 ἀναζώσονται
1125 424 1223 496 τὴν
1245 428 1342 500 τῆς
1377 433 1672 504 ἡγεμονίας
1704 440 1770 494 ⁸².

384 512 550 582 Ὁρᾷς
593 512 720 575 τοὺς
761 514 891 577 σοὺς
939 516 1285 582 ὑπασπιστὰς
1329 523 1570 590 ἐκείνους
1620 531 1745 594 τοὺς
1801 538 1946 604 τρεῖς

1691 622 1908 696 [ἄνδρας
1927 646 1942 693 ;

368 696 547 766 Λέων,
580 697 784 769 Θωμᾶς
812 702 909 755 καὶ
938 704 1156 778 Μιχαὴλ
1193 709 1248 760 αἱ
1296 708 1516 780 κλήσεις
1543 716 1655 777 τοῖς
1694 717 1940 788 ἀνδράσι.

369 788 591 842 Τούτων
620 791 648 842 6
680 791 834 845 Λέων
877 793 987 848 τῶν
1032 798 1242 870 ἀνδρῶν
1298 802 1513 873 πρῶτος
1553 807 1941 882 ἀρχηγετήσει,

374 881 487 932 Kal
523 883 644 949 μετ’
669 883 832 937 αὑτὸν
864 886 944 957 τῷ
972 889 1192 963 Μιχαὴλ
1221 892 1282 945 τὸ
1307 894 1508 964 κράτος
1526 881 1938 974 προσφοιτήσει,

323 1005 326 1011 .
376 969 438 1021 '0
466 970 526 1022 δὲ
555 970 760 1039 θωμᾶς
804 976 832 1026 6
860 976 1112 1046 τρίτατος
1146 983 1410 1049 σφαδάσει
1447 988 1547 1058 μὲν
1580 969 1837 1062 ἐκθύμως

365 1061 476 1113 Καὶ
505 1061 786 1130 βασιλείας
813 1064 984 1138 ὄνομα
1014 1069 1062 1102 ⁸³
1091 1072 1225 1142 πρὸς
1248 1074 1441 1131 ἑαυτὸν
1477 1079 1714 1148 ὲλκύσει,

364 1151 518 1222 Πλὴν
546 1155 647 1206 οὐκ
670 1158 750 1221 εἰς
777 1157 929 1224 τέλος
958 1161 1204 1230 ἐνεγκεῖν
1233 1166 1292 1218 τὸ
1320 1166 1542 1240 θελητὸν
1568 1173 1798 1243 ἰσχύσει,

362 1243 485 1296 Τῶν
513 1246 812 1317 ὀφθαλμῶν
836 1249 894 1302 δὲ
942 1251 1041 1314 τὰς
1076 1255 1251 1323 αὐγὰς
1288 1258 1706 1334 ἀπεσϐεσμένας
1741 1269 1871 1336 ἕξει.
1912 1290 1932 1323 ι

432 1333 544 1386 Καὶ
572 1336 744 1390 ταῦτα
779 1338 878 1406 μὲν
906 1341 1192 1413 ἀπέϐησαν
1217 1346 1275 1398 ἐν
1295 1348 1509 1418 χρόνοις
1529 1356 1642 1417 τοῖς
1671 1333 1846 1424 ἰδίοις,

370 1423 461 1486 Ὡς
497 1427 530 1496 ἡ
575 1431 1080 1500 πνευματοκίνητος
1111 1435 1431 1509 ὲθεσπιῴδει
1463 1443 1717 1514 σάλπιγξ.

372 1515 432 1567 ὐ
465 1516 522 1568 δὲ
551 1521 1064 1592 σμικρολογὼτατος
1091 1529 1332 1596 αὑτάναξ
1355 1533 1671 1607 Νικηφόρος

358 1607 693 1680 Βουλγάροις
736 1613 1121 1684 Ἰστρογείτοσι
1151 1622 1331 1693 μάχην
1357 1629 1590 1699 στερρὰν
1621 1632 1864 1702 συνάψας

359 1699 562 1768 Ἔργον
616 1704 892 1776 μαχαίρας
921 1707 1151 1774 γίνεται,
1185 1711 1579 1788 βρωματισμὸς
1634 1699 1929 1794 ῥομφαίας,

354 1788 447 1858 Τῷ
494 1792 817 1866 Σταυρακίῳ
862 1797 943 1869 τῷ
998 1801 1151 1856 παιδὶ
1188 1807 1506 1864 καταλιπὼν
1548 1788 1930 1890 τάνσκῆνπτραξ
1966 1802 2008 1857 Β

353 1879 520 1934 Ἀλλά
547 1883 653 1954 γὰρ
686 1887 776 1939 καὶ
796 1888 1136 1961 Σταυράκιος
1157 1895 1344 1967 τάχιον
1367 1901 1657 1971 ἀποφθίνει

352 1971 444 2023 Ἐν
465 1973 638 2045 ταύτῃ
659 1975 1063 2051 δορατότρωτος
1085 1983 1382 2055 ἀναφανεὶς
1403 1994 1469 2063 τῇ
1499 1994 1649 2068 μάχῃ

349 2060 680 2134 Κατασελής
708 2083 768 2118 τε
797 2068 1061 2136 γεγονὼς,
1093 2072 1338 2145 ἔξαιμος,
1361 2060 1732 2152 τραυματίας,

352 2151 443 2221 Τῷ
475 2153 697 2224 Μιχαὴλ
727 2156 784 2209 δι
816 2161 1095 2233 προσγελᾷ
1122 2164 1199 2235 τῷ
1243 2151 1521 2238 Ῥαγγαδιί
1539 2173 1600 2226 τὸ
1630 2175 1852 2246 κράτος,

350 2241 465 2311 Τῆς
493 2245 816 2319 Νικηφόρον
845 2249 1116 2324 θυγατρὸς
1137 2259 1354 2332 γαμέτῃ
1386 2261 1434 2296 ⁸⁴
1473 2241 1812 2339 Προκοπίας.

351 2332 588 2404 Ἐελεψε
614 2338 736 2392 τότε
762 2339 1030 2408 Βυξαντὶς
1065 2347 1282 2420 ἡμέραν
1320 2332 1637 2428 ἐλευθέρα-ν,

350 2421 514 2494 Ἀτερ
561 2426 812 2498 αἱμάτων
872 2436 965 2487 καὶ
997 2438 1246 2506 σφαγῶν,
1277 2439 1469 2511 βιαίων
1511 2421 1916 2521 ἀρπαγμάτων,

359 2509 712 2579 ’Δσκότωτον,
743 2519 1035 2590 ἀθόλωτον,
1064 2527 1166 2579 οὐκ
1195 2509 1684 2609 ἐξαμαυρουμένην

356 2601 778 2671 ’ἀνδροκτασίας
808 2611 1024 2684 ζοφερῷ
1061 2616 1108 2649 ⁸⁸
1138 2621 1232 2673 καὶ
1263 2625 1566 2696 ταραχῶδει
1601 2631 1772 2700 νέφει.

349 2689 579 2761 Ἔδλεψε
610 2698 732 2749 τότε
758 2699 1021 2767 Βυζαντὶς
1047 2708 1234 2777 ἡλίους
1253 2689 1502 2780 εὐποιίας

341 2783 449 2834 Kal
479 2786 836 2857 στιλϐηδόνας
867 2795 1088 2862 ἀγαθῶν
1119 2803 1212 2856 καὶ
1241 2803 1461 2875 δωρεῶν
1484 2810 1730 2876 ἀκτῖνας.

340 2868 444 2923 Ἦν
472 2875 582 2946 γὰρ
615 2879 804 2944 καλοῖς
833 2886 861 2936 6
890 2885 1112 2958 Μιχαὴλ
1161 2868 1440 2959 παντοίοις
1479 2868 1910 2977 ἀπαστρ-άπτων,

337 2963 444 3016 Καὶ
473 2967 857 3042 φιλελεύθερος
882 2975 1022 3049 ἀνὴρ
1061 2981 1157 3033 καὶ
1188 2983 1422 3056 γαληνὸς
1455 2989 1546 3042 καὶ
1574 2963 1770 3063 πράος,

333 3168 625 3225 ducebant.
674 3153 1018 3246 Quapropter
1066 3193 1324 3241 revocato
1365 3186 1552 3246 duce:
1601 3211 1619 3245 ι
1655 3195 1738 3250 Τιι
1782 3199 1908 3268 qui-

334 3260 512 3325 dem,»
555 3262 652 3329 ait,
692 3265 1088 3326 «illustrissime
1119 3277 1609 3352 potentissimeque
1637 3287 1765 3354 dux,
1791 3289 1904 3362 94
1929 3251 1974 3314 C

332 3351 627 3421 imperium
660 3369 771 3410 non
798 3363 1188 3430 consequeris,
1223 3367 1439 3426 etiamsi
1469 3373 1686 3432 labores
1717 3378 1903 3436 inﬁni-

335 3456 418 3500 tos
447 3447 740 3517 suscipias.
771 3448 842 3503 At
869 3453 1073 3508 subditi
1118 3458 1342 3526 quidam
1384 3463 1461 3518 tui
1490 3480 1558 3522 eo
1595 3471 1900 3538 potientur.

329 3537 492 3592 Vides
521 3539 615 3592 hic
644 3547 758 3594 tres
797 3542 921 3598 illos
956 3554 1076 3601 tuos
1110 3551 1405 3618 satellites,
1450 3537 1716 3628 Leonem,
1751 3563 1902 3619 Tho-

325 3641 468 3680 mam
495 3635 553 3682 et
578 3628 924 3687 Michaelum.
943 3633 1024 3688 Ex
1049 3637 1138 3692 his
1164 3639 1378 3708 primus
1401 3643 1512 3700 Leo
1533 3648 1901 3722 principatum

322 3717 684 3788 adipiscetur.
715 3723 786 3776 Et
812 3734 936 3793 post
964 3725 1142 3796 ipsum
1174 3729 1465 3801 imperium
1503 3717 1789 3808 perveniet
1827 3747 1897 3801 ad

320 3811 675 3869 Michaelum.
698 3814 921 3872 Tertius
942 3817 1178 3877 Thomas
1204 3831 1317 3880 toto
1345 3827 1565 3897 quidem
1599 3833 1644 3889 is
1672 3846 1896 3905 pectore

320 3902 769 3969 discruciabitur,
797 3913 854 3960 et
881 3906 1271 3977 imperatorum
1315 3932 1516 3974 nomen
1559 3923 1630 3978 ad
1674 3940 1732 3980 se
1766 3943 1895 3997 per-

293 3994 502 4048 trahet
535 4011 550 4047 :
587 4010 778 4050 verum
816 3997 1068 4056 obtinere
1104 4005 1320 4061 tandem
1369 4009 1426 4064 id
1472 4015 1621 4082 quod
1663 3994 1894 4075 affecta-

315 4083 394 4138 bit
431 4085 588 4138 nullo
623 4085 789 4141 modo
823 4091 1066 4158 poterit,
1099 4095 1196 4149 sed
1230 4098 1286 4151 in
1334 4099 1438 4157 hoc
1465 4088 1667 4162 conatu
1702 4113 1894 4170 oculos

312 4176 548 4229 amittet.
582 4194 598 4225 ι

377 4267 564 4334 Atque
598 4267 714 4322 haec
738 4268 997 4342 deinceps
1028 4274 1102 4330 ita
1127 4277 1242 4334 suis
1267 4285 1604 4352 temporibus
1633 4305 1890 4362 evenere,

309 4357 777 4426 quemadmodum
831 4362 916 4415 vir
944 4364 1037 4420 ille
1065 4381 1222 4423 sacro
1256 4371 1468 4429 afﬂatus
1509 4379 1706 4447 spiritu
1750 4357 1891 4454 pra;

307 4449 545 4504 dixerat.
595 4449 865 4506 Caeterum
919 4456 1333 4517 sordidissimus
1382 4464 1678 4536 imperator
1725 4474 1888 4533 Nice-

304 4538 518 4607 phorus
558 4539 710 4608 gravi
747 4543 938 4610 praelio
978 4555 1168 4602 contra
1220 4550 1479 4624 Bulgaros
1508 4558 1645 4616 Istro
1672 4563 1884 4624 vicinos

304 4628 444 4683 inito
481 4645 656 4685 caesus
692 4642 809 4699 est;
869 4635 1092 4707 ﬁlioque
1145 4639 1430 4701 Stauracio
1479 4656 1882 4718 possessionem

303 4721 520 4792 imperii
573 4725 819 4795 reliquit.
869 4729 1070 4786 Verum
1097 4742 1154 4788 et
1183 4732 1502 4797 Stauracius
1527 4743 1582 4798 in
1606 4761 1671 4801 eo
1694 4751 1886 4817 praalio

303 4815 630 4871 vulneratus
663 4816 838 4885 basta,
864 4821 1033 4876 nimia
1064 4823 1120 4878 vi
1146 4829 1432 4897 sanguinis
1465 4835 1713 4904 profusa,
1739 4843 1886 4897 cele-

300 4905 437 4961 riter
467 4907 770 4966 exstinctus
786 4919 888 4966 est.
918 4912 1262 4986 Quapropter
1285 4919 1577 4992 imperium
1618 4928 1888 4989 Michaelo

297 4997 578 5068 Rangabaa
628 4999 870 5056 delatum
908 5004 1050 5070 fuit,
1106 5022 1342 5076 quocum
1399 5013 1667 5088 Procopia
1724 5021 1885 5079 Nice-

296 5092 461 5161 pbori
494 5091 607 5147 filia
653 5103 827 5164 nupta
876 5104 1017 5152 erat.
1068 5098 1223 5154 Diem
1249 5100 1302 5156 id
1334 5108 1597 5176 temporis
1645 5111 1880 5170 liberum

297 5185 432 5238 urbs
464 5184 754 5255 Cpolitana
783 5187 936 5255 vidit,
961 5200 1018 5245 et
1047 5191 1349 5248 immunem
1368 5212 1399 5252 a
1426 5200 1687 5270 caedibus,
1717 5206 1880 5277 jugu.

293 5274 617 5343 lationibus,
640 5277 1046 5349 direptionibus
1078 5285 1354 5352 violentis,
1385 5301 1664 5361 expertem
1702 5274 1878 5354 malo-

290 5382 415 5422 rum
451 5377 511 5422 et
551 5359 859 5426 turbarum.
912 5374 1062 5430 Vidit
1103 5386 1161 5432 et
1206 5378 1378 5434 solem
1417 5359 1546 5439 urbs
1586 5385 1875 5457 Cpolitana

1507 329 1890 397 COMPENDI
1903 339 2008 400 UM
2049 343 2308 411 CIIRON
2319 351 2520 417 [CUM.

3510 382 3614 446 3M

1979 455 2022 508 Α
2054 455 2164 524 Οὐχ
2193 457 2388 527 αἵμασι
2415 461 2767 532 τερπόμενος,
2797 465 2894 522 οὐκ
2917 469 3216 546 ἐπικαίρων
3249 480 3450 549 φόνοις,

2065 544 2203 597 Ἀλλ’
2236 546 2397 611 ἄλσος
2429 550 2806 621 θεοφύτευτον,
2831 557 2964 614 ἀλλὰ
2999 544 3204 634 λειμὼν
3221 544 3479 642 χαρίτῶν,

2051 632 2381 707 Παράδεισος
2408 646 2755 717 κηπεὺσιμος
2784 651 2993 722 νάμασι
3043 632 3377 730 θεοσρότόις.

2131 724 2292 779 Ἀλλά
2319 728 2411 782 καὶ
2444 731 2606 785 πάλιν
2635 733 2862 806 ἔρρευσε
2898 742 2958 795 τὸ
2988 745 3143 814 ῥόδον
3174 724 3284 822 πρὸ
3316 724 3411 824 τῆς
3442 756 3613 827 ὧρας,

2057 815 2144 879 Ὠς
2175 819 2450 888 ᾶγρωστις
2479 824 2841 898 δροσότροπος
2879 833 2925 865 ⁸⁸
2954 836 3130 910 ὲψύγη
3166 815 3261 895 καὶ

2057 907 2144 972 Ὠς
2179 910 2357 976 ἄνθος,
2385 914 2413 966 ὅ
2449 931 2606 984 φασι,
2640 917 2856 992 λοκρδν,
2895 926 3027 982 ὡσεὶ
3075 907 3303 1002 καπνὸς,
3337 907 3413 1002 ὡς
3449 907 3611 1013 δναρ,

2057 997 2318 1071 Ἀνθῆσαν
2364 1006 2458 1058 ἐπὶ
2483 1008 2778 1080 τέσσαρσιν
2808 1016 3022 1086 χρόνοις
3053 1022 3228 1093 μῆνας
3263 997 3432 1084 ’ἐννέα
3471 1033 3540 1097 ⁸⁷,

2055 1089 2246 1162 Ἀνέϐη
2279 1093 2324 1146 δ’
2346 1094 2571 1166 ἄχερδος
2601 1107 2838 1170 πυκναῖς
2861 1089 3168 1178 φρίσσοήυσα
3195 1120 3316 1182 ταῖς
3347 1089 3612 1190 ἀκάνθαις

2040 1183 2150 1236 Kal
2177 1186 2382 1255 ῥάμνος
2413 1190 2798 1266 ἀγριόκεντρος
2827 1202 3176 1270 αίμάσσουσα
3212 1213 3462 1283 καρδίας,

2051 1270 2108 1325 '0
2139 1273 2291 1328 Λέων
2313 1277 2340 1328 6
2378 1278 2693 1354 δυσώνυμος
2723 1289 2970 1365 ὲπιπηδᾷ
3000 1296 3079 1366 τῷ
3109 1270 3324 1369 κράτεί,

2051 1359 2109 1413 Ὀ
2139 1364 2450 1437 κρεωὸόρος
2483 1371 2512 1422 6
2538 1370 2711 1436 δεινὸς
2739 1377 2849 1432 τῶν
2887 1359 2986 1436 τοῦ
3019 1359 3259 1456 έριστοῦ
3295 1359 3585 1464 προϐάτων

2050 1451 2107 1504 Ὀ
2128 1453 2308 1508 τοίνυν
2335 1459 2556 1531 κράτωρ
2591 1465 2812 1540 Μιχαὴλ
2841 1471 2941 1542 τὴν
2985 1451 3189 1547 τόλμαν
3221 1483 3317 1536 τοῦ
3338 1451 3606 1556 τυράννου

2036 1545 2148 1597 Kal
2170 1545 2268 1617 τὴν
2295 1550 2471 1621 ὁρμὴν
2505 1554 2805 1627 ἀναμαθὼν
2829 1565 2926 1617 καὶ
2961 1567 3060 1638 τὴν
3084 1545 3430 1634 ἀποστασίαν

2034 1639 2206 1703 Αὐτὸς
2233 1639 2375 1694 ἑκὼν
2406 1642 2685 1709 ἐξίσταται
2717 1653 2814 1706 τοῦ
2857 1657 3165 1732 πολυξήλου
3211 1667 3425 1740 θρόνου,

2035 1729 2266 1801 Πληρῶν
2299 1735 2402 1790 κάν
2435 1737 2613 1810 τούτῳ
2643 1741 2738 1796 τοῦ
2773 1745 3014 1818 Χριστοῦ
3054 1729 3187 1821 *τοὺς
3225 1729 3426 1832 νόμους
3475 1769 3602 1834 τοὺς

3337 1851 3598 1927 [ἑνθέους,

2033 1912 2141 1965 Καὶ
2193 1914 2271 1985 τῷ
2296 1916 2503 1992 διώκτῃ
2553 1926 2813 1996 πεφηνὼς
2839 1930 3099 2006 ἄντικρυς
3150 1939 3310 2006 ἄλλος
3337 1912 3598 2023 ὶάστωρί

2029 2002 2261 2072 Λέγουσι
2295 2009 2404 2078 γὰρ
2450 2011 2508 2064 at
2557 2013 2783 2072 παλαιαὶ
2821 2021 2932 2076 τῶν
2965 2002 3304 2100 ζωογράφων
3334 2035 3381 2069 ⁸⁸

2041 2091 2129 2158 Ὠς
2161 2094 2276 2149 ἔστι
2315 2097 2455 2162 ζῶον
2510 2103 2804 2182 χέρσυδρον
2834 2111 2880 2145 ⁸⁸
2925 2091 3150 2192 κάστωρ
3188 2091 3599 2200 ῶνομασμένον,

2027 2185 2140 2239 Kal
2181 2188 2372 2244 τούτου
2417 2201 2848 2266 χρησιμεύουσιν
2893 2206 2942 2258 οἱ
2985 2185 3256 2282 κύλινδροι
3299 2185 3596 2289 ’τοῖίγόνοό

2025 2275 2169 2345 Πρὸς
2193 2278 2532 2354 ἀποσόῦησιν
2551 2289 2788 2361 οἰκτρῶν
2813 2293 2860 2327 ⁹⁰
2885 2297 3074 2352 παθῶν
3104 2275 3596 2369 δυσαπαλλάκτωντ

2027 2366 2202 2440 Ὅπερ
2236 2371 2436 2438 ειδότες
2465 2377 2510 2409 ’³
2547 2380 2596 2432 oi
2629 2382 2812 2438 πολλοὶ
2840 2388 2949 2442 τῶν
2975 2389 3489 2462 θηροδιωκτοῦντων

2023 2459 2096 2510 Τὸ
2125 2461 2264 2524 ζῶον
2298 2468 2620 2536 μεταθέουσι
2654 2476 2891 2544 δικτύοις
2921 2459 3278 2556 λινοτπλόκοις,

2023 2552 2130 2605 Kal
2163 2557 2276 2618 τοῖς
2307 2560 2430 2611 κυσὶ
2453 2565 2565 2626 τοῖς
2593 2565 2873 2637 δρομ-ικοῖς
2897 2577 3174 2647 χρώμενοι
3207 2552 3590 2656 συνεργάταις.

2031 2640 2090 2695 ’0
2122 2645 2344 2718 κάστωρ
2371 2650 2547 2705 τοίνυν
2593 2658 2820 2714 συνιδὼν
3001 2640 3181 2740 μάχης
3227 2640 3350 2753 τὴν.
3384 2640 3589 2752 αἰτίαν,

2031 2731 2124 2753 ,,__.
2287 2737 2337 2753 ,ι
2439 2741 2454 2753 .
2530 2743 2552 2753 -
2833 2752 2850 2753 η

2020 2731 2129 2785 Kal
2154 2737 2386 2790 κατιδὼν
2423 2741 2499 2806 ὡς
2522 2743 2754 2814 ἄφυκτοι
2785 2752 2894 2804 τῶν
2919 2753 3171 2826 θηρατῶν
3197 2766 3252 2816 αἱ
3280 2767 3480 2839 πάγαι,

2017 2822 2156 2887 Τοὺς
2190 2831 2594 2899 σπερμογόνους
2629 2838 2873 2895 ἐνδακὼν
2897 2847 2990 2898 καὶ
3017 2849 3382 2923 παιδουργοὺς
3401 2863 3589 2916 κυλίν-

3425 2951 3519 3005 δοο

3425 2951 3452 3003 δ
3491 2971 3519 3005 ο

2014 3004 2320 3077 Χαρίςεται
2367 3015 2482 3094 τοῖς
2521 3015 2792 3089 θέλουσιν,
2834 3025 2863 3077 ό
2911 3025 2966 3105 δ’.
3000 3027 3290 3107 ἀποτρέχει
3345 2949 3588 3112 melo:me

3262 3129 3415 3188 Vers.
3447 3136 3587 3192 4652

2011 3201 2318 3262 beneﬁcum
2359 3218 2414 3265 et
2444 3212 2713 3272 bonorum
2779 3223 3044 3283 scintillas
3066 3240 3122 3285 ct
3153 3233 3338 3291 radios
3393 3255 3586 3300 mune-

2008 3311 2151 3356 rum.
2183 3299 2318 3354 Nam
2344 3301 2640 3364 Michaelus
2671 3313 2980 3386 omnigenis
3016 3321 3314 3383 virtutibus
3343 3299 3584 3389 colluce-

2004 3383 2118 3450 bat,
2183 3389 2268 3443 vir
2313 3392 2587 3453 libertatis
2637 3383 2849 3470 amans,
2903 3409 3175 3482 placidus,
3238 3420 3409 3489 mitis,
3471 3442 3583 3484 non

2003 3478 2246 3537 caedibus
2273 3491 2329 3538 et
2351 3490 2635 3558 sanguinis
2669 3497 2988 3564 profusione
3012 3478 3280 3578 gaudens,
3304 3478 3408 3571 sed
3425 3478 3584 3577 lucus

2001 3570 2154 3636 quasi
2177 3573 2400 3641 quidam
2429 3578 2696 3640 divinitus
2722 3591 2990 3660 consitus,
3013 3601 3310 3667 gratiarum
3333 3623 3580 3681 campus,

2001 3660 2282 3681 “Mn,”
2349 3666 2360 3676 .
2404 3667 2416 3679 .
2566 3673 2596 3681 ..

2001 3660 2286 3727 paradisus
2314 3666 2447 3723 rivis
2476 3673 2692 3730 coalitus
2718 3685 3068 3748 manantibus
3097 3689 3360 3762 irriguus.

2071 3751 2366 3812 Enimvero
2420 3758 2536 3817 haec
2589 3766 2754 3822 etiam
2813 3788 2938 3829 rosa
2983 3779 3143 3846 plane
3187 3799 3316 3844 ante
3363 3803 3580 3866 tempus

1999 3847 2290 3914 emarcuit,
2343 3850 2510 3922 inque
2561 3873 2772 3918 morem
2832 3871 3094 3936 graminis
3124 3891 3155 3930 a
3199 3895 3325 3937 rore
3379 3891 3576 3944 nutriti

1999 3937 2284 3993 contabuit
2330 3951 2494 4013 atque
2541 3953 2726 4019 periit,
2769 3972 2892 4012 cum
2936 3962 3004 4016 ad
3034 3979 3209 4024 annos
3256 3983 3493 4042 quatuor
3520 3990 3576 4036 tt

1998 4040 2193 4083 novem
2233 4047 2449 4093 menses
2479 4039 2776 4103 ﬂoruisset.
2832 4051 2962 4122 Ejus
2991 4054 3044 4110 in
3072 4059 3254 4117 locum
3303 4069 3574 4126 acherdus

1995 4127 2157 4173 enata
2185 4133 2286 4187 est,
2318 4124 2704 4198 frequentibus
2741 4139 2971 4201 horrens
2996 4149 3188 4218 spinis,
3222 4164 3278 4210 et
3307 4158 3572 4220 rhamnus

1995 4211 2297 4277 asperrime
2343 4219 2506 4275 corda
2557 4239 2806 4298 pungens
2862 4247 3027 4306 atque
3071 4243 3386 4305 vulnerans.
3434 4253 3568 4308 Nam

1996 4293 2222 4354 infausti
2278 4306 2519 4364 nominis
2558 4311 2666 4368 Leo
2726 4322 2963 4387 prosiliit
2987 4327 3056 4382 ad
3087 4330 3399 4406 imperium,
3453 4342 3570 4401 fera

1994 4387 2300 4457 carnivora,
2319 4394 2522 4455 Christi
2538 4404 2736 4462 ovibus
2757 4409 3004 4472 immitis.
3032 4421 3100 4476 At
3125 4387 3420 4487 Michaelus
3447 4437 3570 4504 qui-

1994 4475 2113 4504 a...“
2176 4480 2399 4504 :—_A—~--
2645 4496 2682 4504 ··

1991 4475 2116 4532 dem
2176 4480 2505 4556 imperator,
2557 4496 2741 4553 audita
2786 4508 3000 4574 tyranni
3054 4510 3278 4584 ferocia,
3335 4475 3566 4593 impetu,

1991 4565 2288 4593 .l..l‘..--!-h4

2809 4565 2826 4574 ,
3086 4565 3278 4584 νίνν--ν
3336 4565 3566 4593 ιιι-ι’νσιη

1915 4583 1960 4638 ι)
1989 4565 2319 4643 defectione,
2373 4593 2586 4638 suamet
2607 4601 2800 4658 sponte
2849 4597 3049 4655 throno
3089 4605 3352 4675 imperiali
3378 4620 3566 4682 cessit,

1985 4657 2088 4682 1.-..
2117 4662 2221 4682 ξ--μ
2265 4666 2288 4682 ¹³
2356 4679 2363 4682 ·
2451 4672 2483 4682 ⁸·
2531 4675 2541 4682 ⁵
2591 4677 2603 4682 ‘
2702 4680 2725 4682 “

2636 4657 2651 4658 γ
3090 4657 3101 4658 ,
3132 4657 3352 4675 Ἵνα..
3380 4657 3566 4682 ww...

1984 4657 2090 4715 hoc
2115 4662 2233 4732 ipso
2261 4666 2407 4724 facto
2430 4672 2634 4733 divinis
2687 4680 2892 4740 Christi
2920 4689 3088 4758 jussis
3113 4697 3477 4766 satisfaciens,
3507 4719 3566 4760 et

1982 4761 2110 4819 erga
2163 4768 2570 4822 persecutorem
2614 4783 2723 4824 non
2773 4773 2936 4830 aliter
2987 4793 3108 4836 sese
3157 4799 3351 4853 gerens
3396 4801 3562 4861 atque

1983 4850 2165 4896 castor
2211 4847 2326 4902 sive
2354 4850 2492 4907 fiber
2521 4855 2703 4914 facere
2743 4870 3050 4922 consuevit.
3100 4871 3359 4944 Legimus
3412 4885 3562 4939 enim

1986 4928 2041 4983 in
2079 4934 2275 5000 priscis
2300 4939 2410 4996 illis
2454 4953 2825 5008 monumentis
2871 4970 3060 5014 eorum
3095 4965 3188 5034 qui
3217 4967 3284 5023 de
3314 4972 3564 5031 animali-

1985 5019 2090 5076 bus
2117 5027 2406 5096 scripsere,
2439 5033 2634 5092 ﬁbrum
2685 5047 2884 5100 animal
2912 5063 3035 5106 esse
3060 5056 3206 5123 quod
3240 5059 3295 5114 in
3325 5072 3561 5138 utroque

1986 5112 2128 5138 ..ξ-η..
2159 5117 2318 5138 -I-___
2350 5121 2384 5138 ,'-
2508 5135 2515 5138 .
2552 5137 2556 5138 ,
2733 5134 2748 5138 _
2808 5136 2819 5138 _

1986 5112 2133 5168 vivat
2154 5117 2446 5188 elemento,
2467 5135 2522 5180 et
2545 5137 2712 5187 testes
2733 5134 2933 5193 habeat
2955 5148 3209 5204 arcendis
3231 5112 3560 5220 quibusdin‘n

1985 5205 2194 5262 morbis
2222 5224 2352 5267 sane
2377 5218 2635 5285 gravibus
2689 5227 3085 5290 conducibiles.
3109 5238 3218 5311 95
3249 5243 3407 5310 Quod
3432 5267 3559 5306 cum

1984 5297 2234 5370 plerique
2276 5315 2567 5366 venatores
2617 5317 2824 5384 norint,
2876 5324 3077 5382 animal
3126 5335 3360 5393 canibus
3399 5341 3560 5414 longe

1983 5396 2344 5455 velocissimis
2369 5401 2729 5462 insectantur.
2761 5409 2935 5483 Hujus
2959 5433 3156 5492 pugnae
3182 5441 3400 5484 causam
3431 5447 3557 5489 cum

1646 5533 1856 5596 Varias
1889 5535 2232 5603 lectiones.

390 5635 438 5667 ⁸³
461 5634 624 5700 άναζ.
679 5639 780 5708 τῆς
837 5641 1268 5726 αὐτρκραᾶορίας
1453 5650 1500 5726 1'
1538 5652 1776 5726 τοβνομα
1835 5661 1898 5714 Α.

1977 5663 2032 5760 3';
2056 5667 2306 5760 γῗμετῇς
2487 5671 2534 5752 ’ξ’
2581 5673 2820 5760 φοϐεράς
2968 5684 3065 5760 --ξε
3095 5685 3438 5760 δροσόπωρος
3483 5691 3550 5747 R.

282 5702 326 5735 ⁸⁷
351 5705 513 5762 Hunc
538 5702 759 5763 versum
789 5726 894 5763 om.
932 5702 1023 5765 ιι]
1071 5713 1118 5745 ⁸³
1141 5702 1423 5786 ζωῦγρίων
1455 5718 1521 5775 R.
1552 5702 1907 5800 ““·θᾶ⁶ἓξσυ’ἧ

2067 5702 2304 5736 ιυιμςυψ,
2345 5702 2409 5722 ιι.
2499 5702 2526 5704 "
2581 5702 2819 5744 Ψυυαρις
2877 5702 2942 5733 n.
3019 5702 3065 5716 "
3095 5702 3254 5754 οροσο

2007 5735 2116 5788 Λ.⁹⁰
2143 5738 2302 5789 τινῶν
2328 5740 2580 5812 οἰκτρῶν.
2627 5760 2722 5799 “ro
2743 5746 2806 5797 A.
2884 5752 2926 5781 ⁹¹
2965 5753 3160 5814 ἰδόντες
3195 5759 3260 5816 Α,

604 5800 878 5864 ΡΑΤιιοῐ..
922 5807 1032 5866 Gn.
1084 5810 1394 5873 CXXVII.

3157 5849 3230 5907 13
