4072 6454
470 314 573 375 395

1634 316 2139 378 CONSTANTINl
2188 317 2559 377 MANASSIS

3604 324 3711 385 396

466 427 775 483 Κὰιιτεῦθεν
820 427 994 481 πάντα
1025 428 1271 498 περιττὰ,
1302 429 1395 482 καὶ
1454 429 1644 501 δρόμοι
1676 434 1770 483 καὶ
1796 428 2031 495 διώξεις,
2065 433 2109 492 Α
2139 430 2233 493 Ei;
2264 431 2308 462 "
2340 428 2567 500 ὕστερον
2607 433 2897 502 ἀρχιερεὺς
2934 431 3150 502 Ῥώμης
3175 435 3269 504 τῆς
3295 434 3635 507 νέας,ὣφθη.

467 522 577 575 Kal
602 521 711 573 τῶν
737 519 971 573 δικτύων
1005 521 1057 573 αἱ
1090 520 1291 574 πλοκαὶ
1323 521 1541 576 καὶτῶν
1571 522 1749 576 κυνῶν
1766 523 1826 577 τὸ
1843 524 2026 592 τάχος.

466 611 652 674 Οὕτως
684 608 824 664 ἐκὼν
866 611 959 663 καὶ
988 610 1209 682 Μιχαὴλ
1250 614 1576 683 παραχωρεῖ
1600 612 1692 667 τοῦ
1727 613 1954 682 στέφους
1983 613 2029 645 ⁹²

469 700 511 750 Τ
513 699 559 770 ᾧ
592 698 917 770 θηροτρόπῳ
944 700 1153 763 Λέοντι,
1186 699 1261 770 τῷ
1290 701 1785 772 δυσωνυμουμένῳ,

472 792 568 854 Ὃς
599 786 666 860 ἦν
696 790 920 859 βλαστὸς
955 791 1326 853 κακόὸλαστος
1353 791 1411 857 ἐξ
1457 793 1598 863 ὅρων
1638 791 1961 862 ’Λρμενίων.

469 883 637 935 Πάλιν
661 880 890 950 ἁνέξησε
930 882 1105 951 πικρὰ
1136 883 1261 954 ῥίζα
1293 885 1391 950 τῆς
1428 884 1556 953 πρὶν
1586 884 1858 952 ἀκάνθης,

467 972 634 1026 Πάλιν
649 969 907 1042 ἐξήνεγκε
923 971 1152 1041 βλαστοὺ
1166 993 1184 1034 ;
1201 973 1308 1025 τῶν
1318 974 1446 1044 πρὶν
1461 974 2030 1046 κεντρωδεστέρουςυ.

466 1063 577 1115 Kal
609 1063 671 1115 τὸ
696 1061 928 1132 χρυσοῦν
956 1062 1223 1132 γεώργιον
1248 1064 1510 1132 ἠπείλησε
1548 1064 1865 1133 συμπνῖξαι,

466 1152 578 1205 Kal
606 1151 768 1204 πάλιν
795 1151 857 1203 τὸ
884 1149 977 1204 τοῦ
1004 1151 1294 1221 δράκοντος
1323 1150 1544 1219 οὐραῖον
1573 1152 1824 1223 ἐκινήθη.

479 1243 544 1295 Ἦ
575 1242 903 1313 βδελυρότης
941 1241 1003 1311 δή
1031 1258 1173 1311 φημι
1201 1241 1299 1311 τῆς
1323 1242 1711 1312 εἰκονομαχίας

478 1336 567 1399 Ὦς
612 1335 829 1404 δράκων
879 1333 1052 1403 μέγας
1096 1331 1324 1401 εἴρπυσε
1379 1333 1656 1402 φρικώδης
1708 1335 2036 1405 χασματίας,

478 1425 797 1496 Ἐῤῥοίζησε
825 1424 1115 1476 καταπιεῖν
1139 1423 1300 1476 πάλιν
1315 1422 1412 1493 τὴν
1432 1421 1765 1493 Ἐκκλησίαν

477 1515 571 1578 Ὠς
601 1512 919 1583 ὀρταλίχους
940 1513 1193 1575 νεοσσοὺς
1217 1513 1503 1585 στρουθίου
1538 1514 1930 1585 μικῳπτέρου.

464 1607 534 1659 Δί
562 1604 670 1658 τῶν
704 1604 874 1672 ἁγίων
899 1605 995 1656 καὶ
1036 1602 1277 1674 Χριστοῦ
1314 1603 1628 1675 μορφώσεις
1682 1606 2033 1677 ὴσὸολοῦντο,

467 1699 682 1769 Τιτάνῳ
707 1697 1082 1768 κατεχρίοντο,
1119 1696 1252 1768 πυρὶ
1298 1697 1828 1767 κατεμπιμπρῶντο,

466 1790 874 1863 ’Δνηρευνῶντο
904 1788 1169 1857 σπήλαια,
1185 1789 1509 1855 καταγωγαί⁵
1535 1788 1799 1857 σεμνείων

478 1884 596 1935 Ka‘t
631 1881 1030 1952 φροντιστήρια
1057 1878 1247 1949 ψυχῶν
1295 1878 1351 1931 αἳ
1399 1878 1522 1931 κατ’
1552 1878 1820 1947 ἀγγέλους
1873 1880 2035 1946 ἔζων,

469 1973 580 2024 Kal
605 1973 711 2035 πᾶς
746 1969 1009 2040 ἠλαύνετο
1042 1968 1253 2023 σεπτῶν
1285 1969 1333 2001 ’δ
1355 1970 1741 2040 προσκυνητὴς
1788 1971 2034 2025 εἰκόνων.

468 2063 717 2117 Ἐπένθει
741 2063 862 2127 τότε
897 2059 993 2114 καὶ
1022 2058 1160 2113 Σιὼν
1246 2057 1338 2111 τοῦ
1392 2059 1527 2135 Θεοῦ
1554 2058 1823 2130 θυγάτηρ,

470 2158 580 2210 Kal
609 2157 841 2226 δάκρυον
870 2154 1244 2209 σταλὰττουσα
1292 2152 1524 2217 πένθως
1576 2154 1765 2223 ἐφόρει
1802 2153 2035 2221 σάκκον,

469 2250 619 2303 ’Λντὶ
638 2248 830 2319 στολῆς
854 2247 910 2301 δὲ
942 2245 1219 2317 νυμφικῆς
1248 2244 1475 2316 χηρείας
1502 2245 1844 2315 χιτωνίσκον.

469 2337 722 2391 Ἐπένθει
753 2337 877 2389 τότε
908 2335 1003 2389 καὶ
1031 2334 1191 2405 χορὸς
1225 2334 1472 2405 ἀστέρων
1511 2334 1802 2405 οὐρανίων,

471 2431 580 2483 Kal
594 2428 730 2500 πρὸς
750 2427 850 2499 τὴν
866 2428 968 2498 γῆν
989 2426 1308 2497 ἡντράνιζεν
1333 2427 1391 2478 ἐν
1418 2431 1711 2491 σκοτεινοῖς
1726 2427 2039 2500 βλεφάροις.

542 2516 713 2586 Οὗτος
741 2521 801 2574 τὸ
826 2519 983 2590 γένος
1015 2519 1232 2591 Μιχαὴλ
1268 2518 1591 2587 φιλονεικῶν
1618 2519 1871 2589 ἐκτρῖψαι

470 2614 552 2667 Τὰ
602 2610 900 2680 παιδογόνα
930 2608 1025 2663 τοῦ
1052 2609 1239 2671 παιδὸς
1270 2610 1495 2679 ἐξέτεμε
1524 2608 1758 2678 Νικὴτα.

472 2708 561 2776 Μή
602 2724 715 2769 πως
741 2702 1039 2757 τεκνώσειέ
1071 2719 1199 2754 ποτε
1225 2701 1320 2755 καὶ
1349 2701 1539 2754 τοῦτον
1566 2702 1876 2772 ἀμυνεῖται.

482 2795 545 2852 ὐ
575 2797 757 2851 τοίνυν
791 2798 920 2860 παῖς
943 2793 1038 2849 τοῦ
1065 2792 1286 2865 Μιχαὴλ
1310 2792 1503 2864 τομίας
1536 2793 1879 2862 χρηματίσας

471 3050 587 3119 ipse
617 3045 752 3101 iiber
781 3043 946 3099 etiam
998 3041 1269 3112 cognitam
1319 3039 1534 3107 habeat,
1591 3041 1885 3109 perhibent
1912 3058 2036 3097 eum

471 3154 656 3194 morsu
704 3145 947 3191 resectos
986 3142 1152 3187 testes
1220 3132 1459 3201 abjicere
1506 3139 1671 3200 atque
1711 3133 1783 3186 ita
1812 3149 2040 3189 curren-

470 3244 582 3288 tem
636 3229 801 3286 saluti
847 3240 961 3281 sum
1014 3224 1334 3285 consulere;
1399 3238 1509 3291 quo
1557 3223 1702 3278 facto
1751 3233 2041 3282 venatores

469 3328 641 3381 ieram
690 3316 948 3390 persequi
995 3316 1271 3370 desinant.
1311 3313 1401 3368 Sic
1441 3314 1699 3368 nimirum
1746 3315 2041 3371 Michaelus

470 3426 692 3483 quoque
721 3408 915 3464 volens
938 3405 1228 3474 imperium
1258 3403 1552 3474 resignavit
1573 3404 1764 3469 Leoni,
1786 3405 2041 3460 belluinis

472 3503 722 3559 moribus
763 3507 820 3554 ct
851 3497 1037 3553 indole
1093 3495 1271 3551 ferina
1330 3494 1581 3564 praedito,
1632 3497 1724 3565 qui
1775 3497 2043 3551 oriundus

470 3601 593 3653 erat
617 3608 682 3647 ex
716 3588 994 3646 Armenia.
1026 3586 1164 3641 Tum
1195 3601 1329 3640 vero
1360 3600 1573 3639 rursum
1628 3588 1811 3641 enasci
1842 3587 2043 3657 prioris

472 3685 642 3755 spina:
694 3682 849 3737 radix
904 3678 1128 3741 acerba,
1182 3692 1400 3731 rursum
1465 3678 1707 3747 germina
1773 3678 2039 3748 prolerre,

472 3776 643 3849 magis
696 3771 992 3844 pungentis
1040 3785 1203 3840 quam
1260 3769 1463 3839 priora,
1521 3784 1809 3839 auremque
1870 3779 2043 3842 segeui

472 3866 885 3923 satinestionem
943 3861 1181 3915 minitari
1219 3877 1233 3911 :
1274 3875 1491 3914 rursum
1530 3861 1734 3915 moveri
1784 3861 2041 3917 draconis

471 3958 561 4010 illa
590 3953 782 4019 cauda,
821 3950 1134 4021 imaginum,
1172 3950 1416 4019 inquam,
1457 3950 1879 4021 oppugnationis
1910 3952 2041 4008 abo-

470 4046 719 4108 tninatio,
758 4058 881 4112 qua:
921 4042 1032 4111 jam
1062 4040 1233 4096 instar
1263 4040 1441 4110 magni
1486 4039 1764 4098 horribilis
1811 4040 2044 4096 hiantis-

469 4152 578 4208 que
642 4133 896 4189 draconis
949 4131 1205 4200 serpebat
1262 4139 1319 4185 et
1365 4145 1491 4186 cum
1545 4132 1707 4186 sibilo
1750 4132 2038 4198 stridebat,

468 4231 797 4285 devoratum
850 4239 1041 4281 rursus
1088 4223 1389 4279 Ecclesiam
1417 4224 1569 4279 velut
1602 4224 1893 4294 implumes
1918 4229 2040 4281 esi-

469 4318 595 4391 guis
619 4317 722 4372 alis
752 4313 1009 4385 praeditos
1052 4314 1288 4384 passeris
1328 4314 1527 4383 pullos.
1575 4314 1779 4370 Christi
1802 4324 1857 4371 ct
1881 4317 2040 4371 divo-

2134 522 2519 592 Μετακληθεὶς
2551 522 2808 591 Ἰγνάτιος
2832 526 2890 577 ἐν
2920 526 3208 593 μεταθέσει
3242 528 3380 596 βίου.

2205 608 2372 677 Οὗτος
2395 615 2423 665 6
2448 614 2552 683 θὴρ
2578 615 2606 665 ό
2632 611 2887 682 χαλεπδς,
2911 617 2939 667 ὁ
2974 615 3273 685 βρυχητίας
3305 618 3480 680 Λέων,

2135 705 2446 759 Ἀναπολῶν
2492 703 2613 757 καθ’
2643 704 2835 758 ἑαυτὸν
2866 707 2963 768 τὰς
2997 708 3148 776 ἱερὰς
3175 711 3510 778 προρρήσεις

2135 797 2242 851 Τοῦ
2294 796 2598 867 θαυμασίου
2631 796 2908 867 γέροντος,
2931 798 3026 850 τοῦ
3055 801 3432 871 χρυσοπτέρου
3479 800 3708 869 κύκνου,

2136 888 2247 942 Kal
2275 887 2460 950 δεδιὼς
2476 887 2567 941 τὸν
2594 887 2811 957 Μιχαὴλ
2838 887 2896 951 ὃς
2918 884 2986 958 ἦν
3017 888 3078 953 ἐξ
3106 891 3365 958 Ἀμορίου

2137 980 2227 1048 Μὴ
2253 980 2389 1049 πρὸς
2416 980 2581 1032 αὑτὸν
2616 981 2645 1032 ό
2672 978 2954 1048 κύλινδρος
2983 981 3080 1033 τοῦ
3107 981 3345 1051 κράτους
3393 984 3714 1058 μεταπέσῃ,

2139 1069 2433 1139 Δεσμώτην
2467 1068 2893 1138 ὲγκαθείργνυσι
2916 1071 3133 1139 φρουρᾷ
3150 1069 3570 1141 λαϐυρινθώδει,

2140 1160 2251 1213 Kal
2280 1159 2421 1212 κατὰ
2453 1159 2579 1213 νοῦν
2607 1160 2911 1212 ἐσκέπτετο
2928 1158 3045 1221 πῶς
3068 1159 3341 1213 ἀναλώσει
3361 1159 3575 1215 τοῦτον.

2153 1249 2289 1303 Ἀλλ’
2311 1250 2545 1320 ἀσθενὴς
2564 1251 2671 1313 πᾶς
2687 1250 2783 1302 ἄνθ
2793 1266 2973 1320 ρωπος
2990 1249 3124 1319 πρὸς
3145 1250 3243 1314 τὰς
3260 1250 3397 1304 Θεοῦ
3418 1251 3715 1322 παλάμας·

2152 1340 2313 1394 Ἀλλὰ
2341 1341 2449 1411 γὰρ
2485 1340 2886 1412 μικροδύναμος
2926 1341 3080 1411 ίσχὺς
3110 1342 3224 1405 τοῖς
3251 1342 3568 1413 γηγενέσιν.

2156 1430 2215 1484 '0
2251 1431 2306 1484 δὲ
2340 1431 2471 1494 Θεὸς
2502 1430 2843 1501 μεγασθενὴς
2868 1433 2964 1484 καὶ
2991 1430 3469 1502 μεγαλοσραχίων,

2144 1522 2255 1575 Kal
2280 1522 2362 1585 τίς
2397 1521 2839 1575 ἀντιπαλαίσειεν
2871 1522 3038 1576 αὑτοῦ
3068 1525 3136 1594 τῇ
3169 1523 3505 1594 δυναστείᾳ;

2158 1613 2217 1667 '0
2237 1614 2457 1685 Μιχαὴλ
2485 1614 2542 1667 δὲ
2564 1613 2840 1674 πεποιθὼς
2864 1616 2979 1677 τοῖς
3012 1613 3434 1685 θεσπιῳδηθεῖσι

2143 1704 2234 1775 Τῷ
2262 1701 2645 1775 καλλιγλώττῳ
2666 1704 2908 1775 γέροντι,
2936 1704 3017 1775 τῷ
3044 1705 3544 1775 προφητικωτάτῳ,

2153 1792 2567 1859 ’Δνακαλύπτει,
2590 1810 2721 1862 φανε
2730 1797 2832 1864 poi,
2870 1796 3067 1865 γυμνοτ
3079 1794 3138 1847 τὸ
3157 1795 3559 1865 κεκρυμμένον.

2140 1886 2285 1959 Πρὸς
2315 1886 2406 1940 τδν
2437 1886 2549 1940 τῶν
2578 1888 2744 1941 οίκων
2776 1885 2997 1955 φύλακα
3022 1886 3113 1939 τὸν
3159 1888 3218 1939 ἐν
3242 1888 3358 1948 τοῖς
3389 1887 3719 1958 ἀνακτόροις

2142 1978 2384 2050 (Παπίαν
2407 1978 2643 2049 λέγομεν
2685 1977 2847 2031 αὑτὸν
2889 1978 3033 2032 κατὰ
3070 1978 3358 2048 Ῥωμαίων
3408 1980 3715 2047 γλῶσσαν),

2142 2070 2252 2122 Kal
2279 2069 2378 2121 σὺν
2406 2066 2557 2139 αὐτῷ
2606 2068 2702 2122 καὶ
2730 2068 2801 2120 δι’
2847 2065 3013 2122 αὐτοῦ
3040 2066 3102 2120 τὸ
3140 2066 3325 2141 δρᾶμα
3386 2069 3718 2133 συσκευάζει

2139 2161 2254 2213 Kal
2299 2159 2505 2228 σκύφον
2550 2158 2650 2229 τῆς
2687 2158 2979 2227 ἐπιϐουλῆς
3020 2158 3214 2228 ἀρτύει
3257 2157 3337 2228 τῷ
3389 2159 3713 2229 κρατοῦντι.

2140 2250 2458 2324 Καὶίτοίνυν
2486 2252 2867 2318 συνεισάγουσι
2897 2249 3115 2321 νύκτωρ
3148 2252 3265 2314 τοῖς
3305 2250 3721 2321 ψαλτῳδτλῦσι⁹⁶

2139 2342 2574 2413 Θωρακοφόρους
2631 2343 2908 2413 αἰχμητὰς
2956 2342 3161 2409 ἄνδρας
3220 2344 3667 2413 ῥομφαιοφόρους
3699 2380 3718 2406 9

2141 2432 2205 2485 Οἳ
2248 2431 2624 2501 συμπεσόντες
2664 2431 2740 2501 τῷ
2771 2430 2898 2501 θηρὶ
2925 2430 3004 2499 τῷ
3044 2430 3507 2501 παλαμναιοτάτῳ

2142 2520 2404 2574 Τελοῦντι
2454 2518 2516 2573 τδ
2565 2518 2939 2591 λειτούργημα
2986 2520 3094 2574 τῶν
3130 2518 3442 2588 ύπορθρίων
3490 2518 3681 2589 ὓμνων

2142 2613 2267 2675 Τοῖς
2301 2609 2480 2679 ξίφεσι
2512 2610 2882 2678 συγκόπτουσι
2908 2611 3003 2663 καὶ
3024 2609 3247 2664 θύουσιν
3274 2611 3350 2671 ὡς
3380 2610 3542 2678 ἄρνα,

2142 2704 2313 2756 ῐιέντε
2348 2702 2483 2771 μησὶ
2510 2701 2647 2772 πρὸς
2678 2704 2791 2763 τοῖς
2831 2701 2971 2753 ἑπτὰ
3000 2701 3219 2771 χρόνοις
3240 2701 3627 2772 κεκρατηκότα
3646 2701 3719 2757 ”.

2141 2792 2254 2846 Kal
2319 2789 2540 2860 Μιχαὴλ
2595 2790 2923 2845 καθίσταται
2971 2790 3216 2860 κράτωρ,
3265 2792 3387 2845 ἀντὶ
3437 2791 3723 2861 δεσμώτου

3405 2881 3552 2939 Vers.
3577 2883 3751 2938 4706‘

2140 3049 2239 3101 bra
2268 3046 2537 3103 destinata
2585 3043 2953 3113 procreationi
3004 3043 3269 3107 exsecuit,
3304 3059 3371 3098 ne
3404 3044 3607 3099 liberos
3632 3044 3725 3114 gi-

2142 3145 2353 3208 gneret,
2397 3136 2490 3205 qui
2525 3145 2807 3205 paternam
2837 3141 2893 3188 et
2938 3133 3137 3187 avitam
3174 3135 3442 3203 iniuriam
3485 3135 3719 3189 ulcisce-

2145 3239 2356 3285 rentur.
2391 3227 2489 3281 llic
2521 3225 2770 3280 Michaeli
2818 3224 2986 3289 illius,
3013 3239 3175 3294 quem
3226 3234 3521 3280 castratum
3550 3224 3724 3280 fuisse

2143 3320 2404 3382 diximus,
2434 3316 2696 3385 deinceps
2732 3329 2885 3368 novae
2916 3315 3099 3369 Romae
3132 3315 3372 3382 pontifex
3403 3316 3578 3372 factus
3609 3327 3722 3382 est,

2142 3422 2265 3463 cum
2296 3407 2421 3461 vitae
2468 3421 2667 3477 genere
2713 3413 2925 3459 mutato
2969 3405 3133 3459 etiam
3184 3407 3406 3461 nomine
3451 3407 3634 3476 prisco
3662 3413 3727 3462 et

2142 3498 2333 3570 lgnatii
2374 3506 2675 3566 assumpto.

2214 3589 2528 3645 Secundum
2567 3587 2683 3641 haec
2715 3584 2954 3640 crudelis
2986 3585 3074 3639 ille
3104 3586 3434 3657 rugiensque
3464 3587 3593 3653 Leo,
3627 3605 3725 3643 sa-

2142 3697 2263 3738 cras
2296 3695 2479 3736 secum
2503 3679 2616 3748 ipse
2644 3676 3024 3747 prmdictiones
3055 3677 3369 3747 expendcns
3401 3680 3546 3733 illius
3572 3683 3725 3735 senis

2143 3768 2452 3827 admirandi
2473 3777 2530 3822 et
2556 3780 2731 3836 cygno
2756 3764 3081 3831 consimilis,
3112 3765 3383 3835 simulque
3418 3768 3725 3826 formidans

2143 3861 2468 3917 Michaclum
2498 3856 2792 3914 oriundum
2818 3870 2885 3909 ex
2908 3855 3151 3917 Amorio,
3172 3872 3243 3911 ne
3272 3858 3341 3912 ad
3370 3859 3546 3928 ipsum
3576 3859 3725 3916 forte

2145 3952 2363 4022 imperii
2407 3959 2527 4004 rota
2575 3947 3001 4013 devoiveretur,
3050 3946 3327 4002 hominem
3375 3952 3615 4004 vinctum
3663 3954 3723 4006 in

2143 4058 2417 4103 carcerein
2466 4039 2779 4111 labyrintho
2809 4052 2917 4093 non
2949 4038 3255 4093 absimilem
3302 4041 3601 4104 concludit,
3634 4058 3726 4098 se-

2142 4151 2267 4192 cum
2296 4142 2556 4206 praetcrca
2585 4129 2883 4200 dispiciens
2908 4145 3019 4197 quo
3050 4138 3209 4198 pacto
3257 4130 3409 4183 illum
3435 4131 3502 4185 de
3534 4133 3725 4187 medio

2145 4228 2380 4282 tolleret.
2447 4224 2652 4278 Verum
2719 4221 3003 4275 enimvero
3075 4220 3367 4275 imbecillis
3411 4230 3496 4274 est
3538 4225 3729 4279 omnis

2144 4318 2327 4381 homo,
2357 4316 2402 4371 si
2431 4329 2555 4370 cum
2581 4312 2678 4368 Dei
2711 4310 2963 4366 manibus
2988 4309 3307 4365 conteratur
3331 4328 3344 4364 :
3371 4311 3480 4365 imo
3504 4316 3724 4382 perexi-

469 4423 591 4465 rum
623 4407 886 4477 imagines
909 4405 965 4460 in
988 4404 1203 4461 favillas
1254 4404 1665 4480 redigebantur,
1716 4408 1864 4462 calce
1913 4408 2035 4461 vlva
2062 4418 2306 4481 Dguum
2355 4408 2524 4461 robur
2563 4413 2649 4458 est
2692 4402 3026 4464 mortalium,
3074 4417 3199 4456 cum
3240 4402 3383 4456 Deus
3416 4404 3719 4473 plurimum

468 4500 937 4573 perungebantur,
1002 4498 1126 4568 igne
1173 4498 1691 4553 concremabantur.
1752 4499 2037 4569 Speluncae

470 4592 951 4665 perquirebantur,
1003 4590 1243 4660 itemque
1284 4604 1561 4645 sacrarunt
1605 4590 1803 4645 aedium
1854 4592 2038 4662 hospi-

471 4689 564 4750 tia,
594 4686 712 4740 loca
732 4681 1214 4739 exercitationibus
1235 4681 1540 4735 animorum
1567 4681 1767 4741 dicata,
1784 4682 1877 4751 qui
1900 4697 2037 4752 quo-

469 4786 579 4841 quo
599 4768 760 4825 modo
800 4770 965 4823 vitam
988 4767 1289 4838 angelicam
1320 4767 1661 4823 redolebant.
1706 4770 2037 4825 Adoratores

468 4861 907 4917 veneraudarum
959 4859 1257 4930 imaginum
1313 4859 1751 4927 expellebantur.
1791 4860 2036 4930 Lugebat

467 4957 575 5012 hoc
608 4963 849 5024 tempore
891 4952 1044 5016 Sion,
1089 4950 1292 5006 Christi
1326 4949 1457 5012 filia,
1500 4950 1875 5021 lacrymasqne
1904 4967 2032 5021 pro.

2144 4502 2316 4573 possit
2358 4509 2415 4554 et
2457 4499 2688 4551 lacertos
2734 4494 3146 4550 robustissimos
3196 4494 3415 4549 habeat.
3472 4497 3607 4561 Quis
3634 4509 3724 4553 est

2143 4593 2312 4656 enim,
2374 4591 2546 4660 ipsius
2602 4602 2916 4657 oppugnare
2979 4587 3278 4656 potentiam
3338 4589 3431 4657 qui
3495 4591 3729 4660 possit?

2145 4685 2367 4740 Interim
2399 4681 2697 4737 Michaelus
2725 4678 2997 4733 vaticiniis
3042 4679 3237 4734 diserti
3283 4682 3432 4736 senis
3462 4681 3720 4735 maximi-

2144 4790 2250 4844 que
2281 4783 2465 4827 vatum
2505 4769 2678 4824 frctus
2703 4767 2817 4838 96
2840 4768 3081 4837 exponit,
3111 4770 3391 4838 patefacit,
3420 4770 3595 4839 aperit
3626 4784 3720 4824 ar-

2142 4881 2341 4924 canum
2390 4864 2439 4917 ei
2488 4860 2580 4931 qui
2639 4861 2839 4915 aedium
2896 4861 3056 4930 regite
3107 4870 3291 4915 custos
3337 4871 3475 4926 erat,
3531 4863 3722 4933 lingua

2141 4962 2509 5015 Romanorum
2562 4954 2750 5025 papias
2795 4953 2995 5006 dictus.
3038 4951 3216 5006 Simul
3253 4968 3362 5007 una
3396 4968 3520 5008 cum
3572 4954 3722 5043 ipso,

468 5049 706 5103 fundens
745 5060 964 5102 saccum
1004 5043 1292 5114 lugubrem
1336 5040 1604 5112 gestabat.
1642 5042 1885 5113 Lugebat
1927 5045 2032 5102 hoc
2136 5062 2193 5108 ρι
2243 5065 2338 5120 per
2388 5047 2589 5117 ipsum,
2634 5060 2750 5099 rem
2806 5050 2973 5097 totam
3000 5064 3005 5073 ε
3036 5041 3337 5111 componit,
3390 5052 3447 5098 ct
3486 5040 3723 5104 insidias}

465 5150 710 5211 tempore
753 5139 996 5195 siderum
1029 5136 1331 5192 cmlestium
1365 5143 1560 5202 coitus,
1589 5145 1645 5192 et
1674 5138 2032 5195 tencbricosis
2134 5142 2454 5213 imperatori
2485 5138 2667 5193 struit.
2696 5137 2870 5191 Noctu
2901 5150 3030 5204 ergo
3058 5149 3182 5187 cum
3214 5134 3553 5190 Psalmorum
3582 5151 3720 5190 can-

468 5233 743 5303 palpebris
778 5239 979 5286 terram
1011 5227 1332 5298 aspiciebat.

542 5323 610 5379 Ut
623 5331 804 5378 autem
822 5322 1119 5390 imperator
1136 5318 1246 5373 Leo
1262 5327 1456 5387 prater
1472 5330 1666 5375 caetera
1682 5336 1852 5392 genus
1868 5322 2030 5376 etiam

467 5411 715 5473 Michaeli
767 5410 1160 5477 exstingueret,
1193 5407 1398 5467 Nicena
1442 5408 1689 5465 Michacii
1721 5411 1831 5466 [ilio
1859 5426 2034 5466 mem-

2136 5234 2354 5291 toribus
2391 5228 2586 5285 armati
2620 5226 2844 5298 quidam
2874 5223 3319 5287 introducuntur.
3351 5225 3445 5295 qui
3479 5226 3717 5281 belluam

2140 5322 2592 5381 immanissimam
2657 5320 2987 5390 hymnorum
3044 5316 3439 5369 matutinorum
3496 5332 3716 5371 sacrum

2141 5423 2489 5486 peragentem
2520 5409 2753 5482 aggressi
2784 5406 2977 5478 gladiis
3002 5404 3324 5461 confodiunt
3343 5415 3399 5460 et
3429 5414 3488 5460 ut
3515 5421 3719 5476 agnum

1813 5525 2015 5586 Variae
2046 5525 2385 5590 lectiones.

612 5646 840 5715 κράτους
874 5647 938 5698 Α.
1013 5645 1058 5675 ⁸³
1099 5645 1308 5720 καρπὸν
1359 5646 1465 5700 τῶν
1513 5649 1643 5716 πρὶν
1702 5648 2182 5720 κεντρωδεστέρων
2233 5649 2305 5704 R.

468 5717 510 5746 "
546 5719 696 5769 Ιιυιιρ
725 5731 937 5770 tersum
973 5730 1080 5768 om.
1117 5715 1176 5768 ιι.

2402 5648 2447 5681 9‘
2472 5648 2684 5718 σεμνῶν
2723 5647 2788 5701 [ἶ.
2886 5645 2931 5677 ’⁸
2960 5646 3017 5707 ἐς
3041 5641 3110 5697 Β.
3204 5642 3250 5674 ⁹⁶
3269 5640 3625 5714 ψαλμῳδοῦσι
3651 5648 3716 5698 Λ.
