4072 6424
313 385 415 450 337

1398 348 1409 355 “
1452 392 1957 455 CDMPENDIUM
2000 397 2478 461 cunemcun.

3456 407 3565 471 398

314 498 652 569 Ἐλεύθερος,
682 500 790 553 άπδ
843 499 893 533 ⁸⁸
946 505 1185 573 φρουρᾶς
1220 503 1477 569 αὐτάναξ,
1513 506 1888 576 αὖτοκράτωρ.
1924 517 1966 570 Α
2005 511 2114 563 Καὶ
2147 512 2325 566 πᾶσαν
2355 514 2597 573 κάκωσιν
2629 516 2821 579 αὐταῖς
2853 515 3169 584 ἐπενεγκὼν
3206 518 3452 590 βαρεῖαν,

398 592 503 644 Καὶ
526 590 705 645 ταῦτα
740 591 929 661 μέντοι
956 594 1147 657 τοιαδὶ,
1178 593 1252 647 τά
1276 594 1319 647 δ’
1353 595 1548 666 ἑφεξῆς
1571 599 1728 651 ὁποῖα
1754 615 1768 664 ;

329 681 573 749 Ἑστύγει
609 681 713 751 μὲν
741 682 834 734 καὶ
858 682 1077 754 Μιχαὴλ
1102 683 1199 746 τὰς
1228 686 1378 754 ἱεράς
1404 687 1641 750 εἰκόνας,

329 774 470 828 Ἀλλ’
496 776 595 827 οὐκ
626 776 1040 846 ἐνεπικραίνετο
1064 778 1174 835 τοῖς
1204 777 1429 841 ταύταις
1463 780 1883 849 προσκυνοῦσιν,

315 866 451 919 Οὐδὲ
480 865 580 930 τὰς
627 869 843 938 σάρκας
876 866 973 931 τὰς
1023 868 1206 921 αὐτῶν
1246 870 1498 939 μάστιξιν
1532 870 1772 942 ὲχαλάζα
1817 872 1885 925 ⁸⁵.

328 957 417 1010 Ἑν
446 957 547 1010 οὐκ
579 957 787 1023 ὀλίγοις
811 957 1101 1028 τοιγαροῦν
1130 959 1469 1028 ἀποσφαλεὶς
1503 963 1627 1024 ταῖς
1682 961 1885 1031 μάχαις

316 1050 444 1112 Τοῖς
460 1052 524 1103 ὲκ
552 1049 653 1120 τῆς
677 1049 859 1120 ’Ἅγαρ
887 1050 1206 1120 ἐμπαιγμδς
1237 1050 1328 1104 καὶ
1363 1052 1668 1123 χλευασμὸς
1691 1053 1886 1123 ἐφάνη,

315 1139 381 1191 οἳ
411 1140 511 1200 τὰς
542 1138 831 1208 Ῥωμαίων
846 1139 1129 1208 φάλαγγας
1149 1141 1560 1211 σπαράσσοντες
1589 1145 1603 1175 ¹
1627 1144 1889 1214 συχνάκις

314 1229 426 1282 Καὶ
450 1228 814 1299 δορυκτήτους
844 1228 1072 1297 ἄγοντες
1099 1232 1226 1295 τοὺς
1260 1233 1464 1287 τούτων
1492 1235 1888 1304 ταγματάρχας

316 1321 507 1374 Δειλδν
539 1321 978 1392 μαλακοκάρδιον
1016 1324 1242 1377 ἐκάλουν
1275 1324 1368 1377 τὸν
1399 1326 1722 1397 κρατοῦντα.

327 1410 612 1465 Ἐντεῦθεν
648 1411 763 1482 εἶχε
800 1413 1017 1484 Μιχαὴλ
1046 1412 1238 1477 ὀδύνας
1260 1416 1584 1487 ὲγκαρδίους

316 1502 426 1555 Καὶ
464 1502 754 1572 συμφοράς
786 1500 1110 1573 θυμοδακεῖς
1135 1504 1229 1558 καὶ
1257 1504 1489 1576 θλίψεων
1512 1509 1736 1579 πικρίας
1769 1526 1781 1539 ·

315 1591 429 1662 Τὴν
460 1592 570 1663 γὰρ
615 1591 795 1662 δεινὴν
826 1592 921 1646 καὶ
953 1595 1289 1663 φαυλουργδν
1336 1596 1661 1651 δυσσέϐειαν
1693 1598 1888 1666 ἐνόσει,

331 1681 817 1754 ’Λποτειχίζουσαν
845 1683 1009 1737 αὐτὸν
1057 1684 1164 1738 άπὸ
1195 1685 1330 1739 Θεοῦ
1362 1686 1668 1759 βλεφάρων.

328 1773 770 1845 Ἀλλεπαλληλων
800 1773 893 1829 οὖν
925 1776 1110 1829 κακῶν
1132 1777 1589 1841 ἐπεμπιπτόντων
1613 1779 1787 1849 τούτῳ

316 1864 431 1919 Καὶ
482 1864 643 1935 δίκην
696 1864 1074 1936 πολυκύμονος
1125 1865 1417 1937 θαλάσσης
1456 1866 1822 1937 ἐκοροούντων
1849 1869 1892 1935 ',
1924 1861 1970 1920 Β

315 1956 633 2027 Δεινότερος
661 1955 943 2024 ὲπάφλασε
976 1956 1372 2029 μεγαλοκύμων
1409 1960 1681 2028 φλοῖσόος,

319 2048 428 2100 Καὶ
455 2048 556 2118 τὴν
586 2046 752 2102 αὐτοῦ
787 2047 1066 2102 συνέσεισε
1092 2050 1321 2119 καρδίαν
1343 2049 1419 2114 ὼς
1440 2049 1663 2108 ὁλκάδα.

328 2139 391 2193 ⁸0
416 2140 528 2210 γὰρ
558 2141 781 2210 Θωμᾶς,
813 2134 874 2195 οὒ
898 2141 1163 2211 πρότερον
1188 2141 1216 2193 δ
1237 2140 1393 2209 λόγος
1415 2142 1760 2217 ἐπεμνήσθτν

330 2228 661 2299 Ἀνθρωπος
693 2229 1097 2301 πολυμήχανος,
1130 2229 1398 2303 ὲμπύριος
1429 2231 1491 2286 ea
1516 2232 1739 2302 θράσος,

319 2319 727 2390 Στρατεύσιμον
754 2321 1130 2393 συνηθροικὼς
1168 2322 1324 2393 ίσχὺν
1360 2323 1714 2393 μυριαχόθεν,

328 2408 593 2474 Ὁπλίτας
611 2411 1023 2484 αίματοχαρεῖς,
1054 2413 1343 2481 ἀλκίμους,
1378 2413 1717 2483 εὑκαρδίους,

318 2502 678 2573 Φονοεργοὺς,
701 2504 982 2574 άρεῖκοὺς,
1011 2503 1331 2575 εὐτόλμους,
1368 2503 1782 2576 θρασυμάχους,

333 2592 607 2665 Ἐπιπηδᾷ
643 2593 722 2665 τῷ
745 2593 968 2665 Μιχαὴλ
1000 2594 1138 2665 μετὰ
1170 2595 1408 2665 σφοδρᾶς
1432 2595 1529 2665 τῆς
1565 2593 1769 2667 ῥύμης,

320 2683 585 2754 Καθάπερ
611 2683 710 2747 σῦς
727 2684 836 2737 ἀπὸ
856 2683 1063 2756 δρυμοῦ
1089 2684 1184 2737 καὶ⁵
1204 2684 1411 2754 λόχμης
1434 2683 1752 2751 πολυξύλου,

321 2776 391 2827 Ἢ
430 2773 675 2844 σκύμνος
693 2775 1049 2845 ὀρεσίτροφος
1070 2774 1292 2845 λεαίνης
1319 2774 1677 2844 φιλαιμάτου,

318 2866 428 2920 Καὶ
460 2868 646 2922 πᾶσαν
667 2866 1024 2939 περιθρᾲκιον
1050 2867 1469 2937 περιστοιχήσας
1504 2866 1657 2919 πόλιν

332 2957 420 3011 Ἐν
463 2958 752 3021 ναυτικαῖς
769 2955 1032 3027 δυνάμεσι
1061 2957 1204 3029 χειρί
1230 2973 1289 3009 τε
1323 2955 1642 3027 πεζομάχῳ,

316 3237 580 3292 mactant.
614 3244 749 3285 cum
784 3242 958 3284 annos
986 3227 1040 3283 in
1064 3226 1296 3298 imperio
1338 3236 1548 3297 septem
1574 3235 1631 3282 et
1657 3228 1899 3298 quinque

321 3336 543 3377 menses
577 3320 877 3391 exegisset.

387 3414 520 3469 Post
544 3413 663 3468 haec
683 3411 980 3467 hiichaelus
999 3426 1068 3467 ex
1088 3410 1304 3481 captivo
1327 3418 1546 3467 creatur
1579 3411 1898 3494 imperator,

320 3503 630 3559 libertatem
657 3517 765 3557 una
792 3516 918 3556 cum
946 3516 1116 3572 regno
1147 3509 1499 3558 consecutus.
1529 3501 1723 3569 Qualia
1748 3505 1904 3560 dein—

321 3610 452 3665 ceps
482 3594 811 3655 acciderint,
846 3594 1145 3649 videamus.
1173 3592 1377 3649 Oderat
1407 3593 1574 3648 etiam
1608 3594 1904 3652 lliehaelus

321 3686 590 3759 imagines
642 3700 848 3752 sacras,
893 3686 990 3741 sed
1030 3701 1223 3742 earum
1276 3686 1661 3742 adoratoribus
1705 3688 1904 3743 acerbe

320 3795 432 3835 non
460 3778 846 3843 succensebat,
885 3792 988 3833 nec
1025 3777 1208 3848 ﬂagris
1238 3792 1430 3833 eorum
1462 3794 1694 3848 corpora
1731 3778 1904 3834 viola-

322 3868 435 3926 bat.
488 3870 700 3926 Praeliis
746 3869 955 3937 aliquot
1002 3868 1297 3924 infeliciter
1358 3871 1688 3937 commissis,
1737 3871 1907 3941 erepit

320 3961 590 4033 Agarenis
642 3959 914 4014 ridiculus
958 3959 1154 4023 videri,
1211 3959 1307 4028 qui
1348 3960 1721 4014 Romanorum
1768 3962 1904 4030 pha-

322 4052 509 4122 langes
535 4051 739 4120 sapius
771 4058 1212 4119 perrumpentes,
1236 4057 1294 4104 et
1316 4063 1507 4104 earum
1542 4049 1713 4104 duces
1735 4050 1906 4118 capti-

320 4156 420 4198 vos
483 4141 869 4207 abducentes,
935 4140 1324 4210 imperatorem
1378 4141 1793 4195 formidolosum
1849 4151 1906 4196 et

320 4234 508 4290 mollis
528 4234 701 4288 animi
728 4235 909 4287 virum
939 4233 1350 4303 nuncupabant.
1387 4233 1460 4287 Ea
1495 4248 1581 4286 res
1605 4232 1906 4288 Miaehaclo

322 4343 552 4398 magnos
588 4325 757 4380 animi
789 4326 1028 4390 dolores,
1058 4340 1331 4380 aerumnas
1349 4323 1780 4393 aﬂlictionesque
1810 4339 1907 4393 pe-

321 4420 491 4491 perit.
526 4418 799 4472 Nimirum
842 4416 1130 4471 horrendae
1170 4414 1560 4485 sCeleratazque
1609 4416 1903 4484 impietatis

1996 603 2102 654 Καὶ
2148 603 2697 677 καταδουλωσάμενος
2736 609 2832 663 καὶ
2884 611 3053 679 ῥήξας
3113 610 3208 663 καὶ
3264 613 3566 683 σπαράξας,

2000 691 2140 755 Ἕως
2172 692 2341 762 αὐτῆς
2365 696 2641 767 ἐπέδραμε
2674 698 2883 762 πόλεως
2905 702 3005 770 τῆς
3035 701 3245 762 ὀλϐίας.
3294 728 3303 737 ·

1997 784 2136 836 Ἀλλ’
2172 785 2237 839 ἂν
2272 787 2405 851 Θεὸς
2431 791 2459 841 ό
2487 789 2795 861 πανσθενὴς
2826 791 3039 860 θνητοῖς
3063 792 3377 865 ὲναντιῷτο.

2005 875 2173 941 Ἰστὸς
2220 880 2464 949 ἀράχνης
2492 882 2753 952 ἄντικρυς
2788 886 2940 938 πᾶσα
2984 886 3147 956 βουλὴ
3180 889 3275 941 καὶ
3336 890 3562 959 πρᾶξις.

1996 967 2069 1020 Τὸ
2100 967 2254 1021 Θείον
2275 970 2454 1024 τοίνυν
2498 973 2524 1024 ό
2549 971 2752 1042 Θωμᾶς
2783 974 3141 1044 ὑπερμαχοῦν
3165 975 3265 1028 οὐκ
3304 976 3445 1047 ἔχων

1995 1057 2089 1121 Εἰς
2128 1057 2355 1129 ψάμμον
2378 1059 2481 1129 τῆς
2513 1063 2808 1133 ἐπιϐουλῆς
2838 1065 2964 1127 τοὺς
2989 1065 3236 1136 πύργους
3267 1066 3561 1138 ᾠκοδόμει,

2008 1148 2125 1201 Ἐπ’
2155 1150 2414 1214 ἀσθενοῦς
2449 1154 2719 1223 ὲπήγνυεν
2748 1154 2915 1209 αὐτοῦ
2935 1156 3063 1218 τοὺς
3090 1157 3397 1226 θεμελίους.

1995 1240 2302 1295 Κάντεῦθεν
2330 1242 2391 1295 τὸ
2420 1242 2739 1313 κτιζόμενον
2768 1244 2983 1316 ῥιζόθεν
3013 1249 3322 1319 ἀνετράπη,

1999 1332 2106 1384 Καὶ
2135 1332 2320 1401 φόνοις
2343 1335 2548 1404 χράνας
2594 1336 2691 1401 τὰς
2722 1336 2891 1391 αὐτοῦ
2925 1338 3324 1408 φιλοπολέμους
3356 1342 3567 1412 χεῖρας,

1996 1423 2108 1477 Καὶ
2135 1424 2262 1493 δόρυ
2293 1428 2400 1480 πᾶν
2434 1428 2783 1482 κατάϐαπτον
2798 1432 2914 1494 τοῖς
2940 1431 3137 1501 αἵμασι
3167 1433 3426 1504 ποιήσας,

1997 1514 2071 1567 Τὸ
2096 1514 2407 1571 τελευταῖον
2441 1517 2749 1591 ζωγρηθεὶς
2784 1522 3073 1592 ὀρύττεται
3103 1524 3205 1589 τάς
3242 1529 3413 1595 κόρας
3440 1566 3467 1581 η

1998 1606 2108 1659 Καὶ
2127 1605 2411 1662 σϐέννυται
2442 1610 2824 1680 καλλιφεγγείς
2848 1613 3074 1685 λύχνους
3096 1617 3221 1680 τοὺς
3246 1616 3357 1669 τῶν
3383 1617 3569 1687 ὀμμά-

3440 1727 3570 1775 των,

1994 1788 2110 1852 ⁸Καὶ.
2142 1789 2279 1858 μετά
2309 1790 2482 1843 ταῦτα
2516 1791 2694 1860 ξίφεσι
2720 1792 2911 1857 δεινῶς
2946 1799 3369 1867 χρεωκοπεῖται.

1990 1956 1995 1963 .
2081 1879 2141 1932 Ὀ
2187 1880 2445 1950 βασιλεὺς
2472 1883 2529 1937 δὲ
2573 1883 2793 1955 Μιχαὴλ
2830 1886 3041 1957 μέλλων
3063 1888 3157 1942 τὸν
3187 1889 3302 1959 βίον
3340 1890 3571 1954 λείπειν,

2009 1968 2125 2038 Ἐφ’
2154 1969 2295 2033 ὅλοις
2325 1971 2502 2024 ἐτεσιν
2532 1971 2677 2026 ὀκτὼ
2717 1972 3006 2043 Ῥωμαίων
3045 1976 3371 2047 βασιλεύσας
3397 1978 3439 2041 ³,

1997 2056 2087 2130 Τῷ
2114 2060 2356 2133 Θεοφίλῳ
2383 2062 2461 2133 τῷ
2486 2064 2635 2117 παιδὶ
2661 2063 2724 2116 τὸ
2749 2065 3030 2136 σκῆπτρον
3057 2067 3359 2138 ἐγχειρίζει
3392 2086 3409 2100 θ

2002 2153 2098 2215 Ὃς
2131 2154 2189 2205 ἐν
2211 2155 2321 2217 τοῖς
2355 2153 2535 2218 ἄλλοις
2571 2157 2743 2210 ἅπασι
2776 2157 2874 2226 τὴν
2901 2157 3081 2227 ἅλμην
3113 2158 3211 2229 τὴν
3236 2158 3329 2212 τοῦ
3362 2158 3477 2229 βίου

1996 2243 2335 2315 Κακοτυχῶς
2375 2245 2473 2299 καὶ
2509 2246 2797 2316 σφαλερῶς
2829 2246 2945 2299 ἀλλ’
2992 2248 3093 2300 οὐκ
3146 2248 3338 2312 εύδίως
3395 2249 3574 2303 πλέων

1998 2334 2170 2390 Τοῦτο
2201 2336 2295 2389 καὶ
2331 2337 2492 2406 μόνον
2514 2337 2575 2390 τὸ
2599 2337 2763 2390 καλὸν
2789 2334 2990 2408 εὕρατο
3016 2336 3363 2409 παραδόξως,

1997 2425 2110 2497 Τὴν
2145 2427 2453 2497 πάνσεμνον
2485 2428 2505 2458 ⁸
2538 2429 2598 2480 ἐν
2618 2426 2833 2496 γυναιξὶ
2854 2429 2946 2481 καὶ
2971 2426 3124 2481 θείαν
3160 2427 3467 2499 Θεοδώραν,

2010 2516 2097 2581 Ὠς
2126 2519 2412 2587 μάργαρον
2450 2518 2807 2582 κατάλευκον,
2846 2518 2921 2580 ὡς
2950 2518 3097 2573 λίθον
3125 2518 3448 2590 ὰνθρακίαν.

1999 2604 2217 2675 Ταύτην
2239 2601 2332 2659 οῦν
2352 2604 2496 2676 σχὼν
2520 2606 2822 2676 κοινολεχῆ,
2845 2607 3050 2677 ταύτην
3074 2605 3262 2675 ζυγεὶς
3283 2610 3363 2672 είς
3377 2609 3580 2680 γάμον,

1999 2694 2110 2746 Καὶ
2134 2693 2343 2748 παίδων
2363 2695 2551 2762 γέγονε
2572 2694 2758 2766 πατὴρ
2781 2695 2894 2758 είς⁸
2921 2695 3023 2764 γῆν
3046 2696 3277 2766 γονίμην
3315 2698 3578 2769 σπείρων,

1998 2782 2108 2835 Καὶ
2142 2782 2306 2836 πλέον
2335 2783 2710 2855 ὲπευτύχησεν
2751 2784 2926 2855 Ἀδάμ
2947 2787 3042 2838 τοῦ
3075 2789 3508 2856 πρωτοπλάστου
3531 2792 3576 2845 ⁸.

1880 2858 1889 2867 ’
1998 2874 2102 2927 Τὸν
2148 2873 2247 2944 μὲν
2274 2878 2383 2945 γάρ
2430 2877 2462 2945 ἡ
2522 2876 2871 2947 πλευροφυὴς
2916 2878 3010 2929 καὶ
3054 2879 3434 2950 πρωτομήτωρ
3467 2879 3579 2934 Εὔα

1999 2964 2095 3017 Ἐκ
2124 2962 2225 3033 τῆς
2266 2963 2480 3035 τρυφῆς
2519 2966 2629 3017 τῶν
2677 2966 2775 3035 τῆς
2814 2967 2975 3036 Ἐδὲμ
3008 2967 3246 3038 ἐξήγαγε
3271 2970 3534 3037 δενδρέων
3562 2987 3577 3001 ο

3253 3055 3410 3113 Vers.
3438 3057 3569 3113 4761

2004 3231 2182 3289 modis
2205 3232 2533 3295 divcxasset,
2573 3233 2624 3285 in
2658 3233 2978 3288 servitutem
3025 3233 3343 3304 redegisset,
3371 3234 3580 3291 diruis-

2002 3334 2106 3393 set,
2161 3326 2475 3388 laccrasset,
2526 3324 2593 3378 ad
2648 3324 2818 3394 ipsam
2884 3339 3056 3395 usque
3108 3324 3326 3394 Cpolin,
3382 3324 3575 3379 urbem

2004 3418 2359 3480 fortunatam,
2390 3415 2650 3471 excurrit.
2688 3416 2981 3471 Enimvero
3008 3416 3051 3470 si
3084 3416 3227 3471 Deus
3252 3416 3342 3471 ille
3373 3431 3582 3486 praepo-

2003 3517 2125 3563 tens
2151 3506 2475 3561 mortalibus
2501 3506 2843 3573 adversetur,
2872 3522 3034 3562 omne
3050 3506 3338 3561 consilium
3367 3508 3578 3562 munis-

2007 3613 2123 3668 quc
2155 3605 2388 3653 conatus
2407 3611 2600 3666 reapse
2629 3598 2766 3651 nihil
2789 3606 2874 3653 est
2892 3597 3039 3653 aliud
3066 3614 3228 3668 quam
3252 3614 3576 3655 aranearum

2004 3689 2128 3743 tela.
2165 3689 2510 3757 Quapropter
2535 3703 2659 3741 eum
2688 3688 2976 3742 'l‘homasa
3000 3689 3225 3743 numine
3253 3688 3440 3743 divino
3469 3705 3581 3744 non

2003 3788 2463 3851 propugnaretur,
2502 3780 2826 3833 insidiarum
2860 3795 3083 3833 suarum
3113 3779 3368 3835 turresin
3396 3782 3581 3834 arenis

2003 3870 2343 3934 exstruebat,
2402 3871 2567 3939 inque
2596 3885 2655 3923 re
2685 3868 3043 3939 perimbecilli
3096 3866 3451 3924 fundamenta
3483 3884 3582 3924 sua

2005 3961 2309 4016 collocabat
2340 4002 2353 4022 ,
2400 3972 2454 4014 et
2504 3961 2703 4015 idcirco
2756 3970 2927 4015 totum
2980 3960 3270 4015 aedificium
3317 3960 3584 4017 radicitus

2006 4049 2234 4105 corruit.
2287 4052 2419 4107 Nam
2452 4052 2541 4105 ubi
2579 4051 2818 4125 aclibus
2867 4067 3062 4105 manus
3107 4051 3228 4105 illas
3273 4066 3582 4122 pugnarum

2004 4140 2191 4196 avidas
2254 4142 2595 4211 inquinasset
2644 4150 2700 4195 et
2745 4142 2927 4197 hastas
2983 4141 3247 4213 sanguine
3306 4143 3582 4208 tinxisset,

2005 4230 2222 4285 tandem
2254 4230 2411 4284 vivus
2442 4232 2495 4284 in
2524 4230 2762 4285 hostium
2793 4239 3117 4299 potestatem
3148 4232 3417 4301 pervenit,
3445 4247 3584 4287 ocu-

2004 4320 2179 4389 lisque
2230 4321 2495 4389 spoliatus
2531 4321 2641 4391 9'7
2690 4329 2746 4375 et
2788 4328 2975 4391 postea
3029 4319 3225 4391 gladiis
3268 4320 3386 4377 sine
3432 4323 3585 4377 onmi

2006 4409 2384 4465 misericordia
2416 4411 2774 4466 obtruncatus
2800 4422 2903 4467 est.

321 4511 519 4566 morbo
544 4508 855 4574 laborabat,
876 4507 970 4578 qui
998 4523 1123 4562 eum
1148 4506 1219 4561 ab
1241 4506 1415 4561 oculis
1439 4506 1533 4561 Dei
1563 4507 1898 4562 secludcbat.
1929 4524 1981 4582 ι)
2079 4501 2376 4556 Michaelns
2435 4511 2616 4557 autem
2669 4518 2997 4558 excessurus
3022 4518 3051 4557 e
3078 4505 3210 4569 vita,
3260 4520 3384 4560 cum
3422 4504 3585 4559 annis

316 4602 460 4659 Cum
510 4602 680 4672 igitur
725 4599 850 4655 aliis
894 4606 1018 4669 post
1055 4597 1163 4652 alia
1208 4597 1367 4651 malis
1415 4597 1509 4651 ille
1540 4607 1903 4667 premeretur,

322 4694 495 4748 maris
526 4692 698 4745 instar
728 4704 853 4745 cum
888 4687 1123 4758 strepitu
1174 4685 1534 4751 irruentibus,
1581 4686 1747 4741 etiam
1778 4703 1905 4756 gra-

324 4785 446 4839 vior
467 4781 722 4853 quadam
752 4788 1048 4848 tempestas
1071 4775 1343 4840 incubuit,
1369 4777 1598 4847 ejusque
1619 4792 1714 4831 cor
1741 4778 1907 4850 VeJuti

324 4881 512 4932 navim
545 4874 857 4930 onerariam
911 4869 1203 4926 succussit.
1239 4867 1478 4924 Thomas
1508 4868 1657 4923 enim
1689 4869 1778 4924 ille
1807 4884 1907 4924 cu.-

318 4971 407 5038 jus
455 4975 623 5021 antea
678 4966 1012 5019 mentionem
1060 4960 1312 5021 fecimus.
1365 4960 1450 5014 vir
1499 4959 1802 5014 industrius
1847 4967 1904 5012 et

324 5055 553 5111 audacia
586 5054 841 5123 ﬂagrans.
873 5051 1045 5120 copiis
1064 5050 1414 5118 undiquaque
1434 5049 1696 5113 collectis,
1732 5048 1906 5102 maxi—

326 5162 414 5201 mo
444 5161 575 5200 cum
624 5144 833 5213 impetu
878 5141 1202 5197 Michaelum
1246 5138 1448 5193 invasit
1488 5141 1661 5195 instar
1694 5139 1813 5209 apri
1838 5139 1907 5194 de

324 5240 461 5295 silva
513 5237 816 5306 lustrisque
845 5236 962 5291 suis
994 5233 1310 5305 proruentis
1337 5231 1421 5286 vel
1453 5231 1657 5287 Ieonini
1701 5232 1905 5295 catuli;

325 5346 563 5402 eumque
595 5330 764 5385 urbes
806 5328 1091 5383 universas
1134 5322 1381 5378 Thraciae
1414 5323 1583 5378 totius
1610 5334 1719 5378 tam
1761 5337 1905 5377 nau-

328 5424 449 5479 titis
495 5424 672 5494 copiis
714 5436 885 5492 quam
931 5417 1279 5491 pedestribus
1320 5415 1603 5484 cinxiaet,
1647 5416 1907 5471 omnibus

2004 4599 2131 4645 octo
2158 4591 2420 4647 Romanis
2449 4593 2777 4661 praefuisset,
2808 4594 3114 4663 Theophila
3144 4594 3254 4649 filio
3280 4606 3381 4650 suo
3406 4597 3584 4665 impe-

2007 4683 2149 4736 rium
2187 4684 2441 4751 tradidit;
2472 4686 2562 4755 qui
2598 4695 2793 4740 caetera
2816 4703 2912 4756 per
2930 4702 3146 4740 omnem
3170 4688 3336 4741 vitam
3369 4684 3580 4747 infelix,

2008 4788 2176 4828 unum
2229 4776 2433 4829 bonum
2488 4777 2823 4831 mirabiliter
2859 4790 3051 4831 nactus
3096 4785 3201 4842 est,
3236 4774 3585 4830 Theodoram

2004 4867 2315 4937 conjugem,
2369 4866 2625 4921 feminam
2681 4869 2840 4936 plane
2894 4866 3158 4930 divinam,
3212 4865 3583 4921 venerabilem

2005 4956 2150 5008 inter
2180 4955 2443 5009 mulieres
2467 4955 2620 5019 alias,
2649 4954 2835 5008 unioni
2863 4954 3250 5009 candidissimo
3272 4963 3328 5009 et
3349 4954 3585 5009 earnm.-

2010 5048 2136 5101 culo
2168 5048 2525 5117 persimilem;
2556 5047 2701 5101 lluic‘
2726 5046 2815 5101 ille
2845 5045 3194 5101 matrimonio
3223 5047 3447 5117 junctus
3474 5062 3582 5100 non

2004 5139 2182 5196 solum
2221 5139 2524 5193 liberorum
2569 5150 2725 5209 pater
2751 5153 2816 5193 ex
2849 5138 3081 5194 fecunda
3130 5139 3361 5210 conjuge
3405 5138 3584 5194 factus

2003 5241 2108 5295 est,
2142 5246 2335 5286 verum
2361 5230 2527 5287 etiam
2568 5230 2833 5287 felicitate
2864 5231 3170 5301 principem
3216 5230 3371 5285 illum
3399 5232 3584 5285 homi-

2002 5339 2134 5377 num
2187 5323 2456 5378 Adamum
2503 5323 2804 5393 superavit.
2860 5322 2997 5378 Nam
3045 5323 3315 5380 Adamum
3360 5334 3477 5380 orta
3514 5324 3583 5379 de

2003 5424 2153 5470 costa
2186 5425 2467 5487 materque
2499 5417 2755 5486 princeps
2805 5416 3092 5471 hominum
3134 5415 3247 5472 Eva
3278 5416 3579 5485 voluptate,

1606 5628 1609 5629 ν
1672 5572 1880 5635 Varia;
1912 5571 2247 5635 lectiones.

395 5727 442 5760 "
472 5729 592 5782 ἀντὶ
614 5727 678 5781 Α.
757 5725 806 5757 ⁹⁹
828 5720 1189 5793 ὲχαλριζουᾲῐὶ.
1272 5721 1287 5751 ‘
1317 5717 1718 5793 σπαράττοντες
1748 5716 1817 5774 R.
1892 5721 1902 5751 ¹

2002 5717 2317 5789 ικρουόντων
2348 5716 2419 5774 R.
2496 5717 2517 5751 ³
2548 5715 2708 5773 Hunc
2753 5731 2976 5775 versum
3024 5730 3136 5772 om.
3168 5712 3237 5768 Β.
3314 5710 3337 5744 δ
3374 5708 3574 5763 πάνσε-

334 5812 456 5851 ’.κτον
481 5804 547 5855 Λ.
623 5797 644 5828 ⁸
670 5796 748 5861 ὡς
782 5785 1013 5857 εἰξΛΙὶ.
1091 5791 1111 5823 ⁸
1131 5785 1475 5861 πρωτογόνου
1498 5785 1612 5843 AR.
