4072 6426
449 331 575 393 Ἧθθ

451 442 550 494 "ll
590 442 646 493 δὲ
678 439 766 493 τὸν
801 441 1196 510 συνοικήσαντα
1228 438 1322 492 καὶ
1362 439 1618 493 κοινωνὸν
1660 439 1752 493 τοῦ
1785 439 1903 510 βίου

473 534 585 602 Τῆς
620 531 800 596 δεξιάς
831 529 1098 600 πεποίηκε
1124 531 1219 584 καὶ
1260 530 1580 601 σωζομένης
1616 531 1835 601 μοίρας.

476 623 766 676 Κάνταῦθα
804 621 964 692 μόνον
996 621 1072 691 τῷ
1097 621 1262 678 Δαεὶδ
1290 622 1466 692 ήχησε
1498 621 1649 692 παρά
1678 621 1840 690 μέλος

485 715 549 766 'l-l
583 716 675 768 καὶ
712 715 838 776 τοὺς
885 713 1068 777 λίθους
1117 713 1390 782 θέλγουσα
1441 715 1778 786 καλλιμελὴς
1830 713 2048 785 κινύρα.

487 803 550 856 Ἦ
580 804 680 873 μὲν
708 803 816 872 γάρ
845 803 1208 871 ἀποφαίνεται
1240 803 1360 873 Θεῷ
1388 804 1769 873 ψαλαττομένη
1792 817 1806 833 ο

479 911 497 941 ε
560 894 700 954 Τοὺς
733 893 1100 960 μονοτρόπους
1129 893 1156 944 ὁ
1199 892 1330 955 Θεὸς
1375 895 1433 946 ὲν
1477 893 1611 962 οἴκῳ
1664 889 1984 954 κατοικίζει.
2028 909 2045 941 ι

474 982 740 1035 Ἐνταῦθα
769 981 826 1034 δὲ
855 981 1161 1052 συνέδραμε
1202 983 1402 1052 κόπρος
1429 981 1615 1035 εὐώδει
1641 982 1798 1052 μύρῳ

477 1076 584 1126 Kal
615 1074 769 1144 ῥόδον
809 1073 1213 1144 ὲρυθρόφυλλον
1254 1075 1464 1144 ἀχέρδῳ
1488 1075 1838 1146 κεντροφίρῳ

475 1167 584 1219 Καὶ
610 1164 808 1236 χρῶμα
829 1163 1182 1235 χολοϐάφινον
1218 1165 1466 1235 βάμματι
1499 1166 1816 1235 πορφυρέῳ.

488 1262 553 1312 'H
585 1261 683 1330 μὲν
712 1261 822 1331 γὰρ
856 1260 1056 1322 πάσαις
1091 1261 1315 1330 ἀρεταῖς
1341 1261 1650 1327 κατάφυτον
1682 1254 1750 1329 ἦν
1787 1257 1948 1319 ἄλσος

475 1351 584 1403 Kal
612 1350 787 1420 κῆπος
817 1349 1243 1420 χαριτόϐλαστος
1286 1349 1380 1402 καὶ
1407 1350 1623 1420 δένδρον
1653 1347 1977 1418 εὐκοσμίας,

487 1440 548 1492 '0
580 1440 636 1493 δὲ
669 1439 868 1508 χωρίον
895 1439 1159 1508 ἄντικρυς
1193 1438 1460 1509 τριϐόλων
1490 1437 1808 1500 δυσσεϐείας

477 1532 586 1584 Καὶ
624 1531 785 1600 βάτος
799 1529 1172 1601 ἀκανθοϐελής
1205 1531 1299 1582 καὶ
1329 1530 1538 1600 ράμνος
1567 1527 2050 1598 σπλαγχνοτύπος.

411 1605 416 1610 ’
477 1623 584 1672 Kal
617 1622 724 1692 γάρ
751 1621 1200 1691 ἀπεχθανόμενος
1234 1623 1356 1683 ταῖς
1391 1619 1771 1690 ἱερογραφίαις

480 1713 586 1764 Kal
611 1715 720 1775 τοῖς
755 1713 1180 1783 ἀπεικονίσμασι
1204 1711 1444 1781 Χριστοῦ
1471 1713 1565 1764 καὶ
1589 1711 1696 1764 τῶν
1735 1709 2052 1781 μαρτύρων,

1641 321 2151 386 (ΣΟΝΞΤΛΝΤΙΝΙ
2193 325 2570 386 MANASSIS

3619 321 3727 384 400

2078 446 2121 499 Α
2156 441 2330 507 Ἀγαν
2358 440 2562 503 σκαιῶς
2595 438 2688 491 καὶ
2717 437 2967 509 πονηρῶς
2989 453 3082 490 και
3113 435 3463 505 κακοτρόπως
3483 428 3649 504 εῖχεν,

2153 528 2232 584 Τὰ
2261 530 2305 582 δ’
2340 529 2474 582 ἄλλα
2503 530 2597 581 καὶ
2617 528 3013 600 λαμπρόψυχος
3043 521 3110 596 ἦν
3136 525 3226 579 καὶ
3279 521 3730 594 μεγαλογνὼμωυ

2154 619 2264 673 Kal
2287 618 2379 672 τοῦ
2406 618 2614 670 δικαίου
2642 616 2970 687 φροντιστὴς
2995 615 3088 669 καὶ
3126 615 3236 667 τῶν
3265 614 3494 668 ἐνδίκων
3523 614 3728 682 νόμων.

2151 711 2225 778 Ση
2236 711 2383 778 μεῖον
2405 709 2800 779 ἐναργέστατον
2825 708 2924 778 τῆς
2956 704 3434 777 μεγαλοπρεπείας

2165 801 2441 868 Ὀργάνων
2468 799 2843 869 φιλοτέχνησις
2878 799 2988 852 τῶν
3017 796 3515 869 χρυσιοκροτήτων,

2166 891 2256 956 Ἐξ
2279 885 2353 944 ὧν
2392 890 2853 960 ἀναπεμπόμενον
2882 890 2940 942 ἐν
2970 889 3190 958 μηχανῇ
3218 886 3278 940 es
3301 885 3520 955 πνεῦμα

2154 981 2265 1043 Τὰς
2297 979 2620 1042 εύκελάδους
2645 978 2739 1032 καὶ
2778 977 3019 1050 τερπνὰς
3061 973 3627 1046 ἀπήχειμελουργίας

2155 1071 2266 1124 Kal
2290 1070 2511 1140 λιγυρὸν
2551 1069 2900 1139 μουσίκευμα
2929 1065 3209 1137 γάργαλον
3232 1064 3528 1136 ἀπορρέον.

2156 1161 2261 1215 Σὺν
2294 1161 2507 1225 τούτοις
2546 1162 2615 1214 τά
2637 1161 2958 1230 κατάχρυσα
2992 1159 3086 1212 καὶ
3118 1157 3498 1228 τηλαυγοῦντσ.
3521 1155 3737 1226 δένδρα,

2156 1251 2395 1321 Χρυσίου
2429 1253 2493 1321 τῇ
2533 1251 2836 1322 χλωρότητι
2864 1248 3215 1320 πυρράζοντα
3261 1246 3556 1316 μακρόθεν,

2169 1343 2259 1396 Ἑν
2286 1338 2368 1405 οἷς
2395 1344 2652 1412 στρουθία
2677 1341 2912 1412 μουσικά
2940 1341 3318 1411 χρυσότευκτα
3345 1337 3607 1406 καθῆστο,

2169 1435 2257 1496 Ὠς
2290 1436 2346 1486 ὲν
2382 1434 2636 1496 πετάλοις
2665 1434 2853 1495 πίτυος
2884 1432 2918 1502 ἢ
2957 1430 3166 1501 πεύκης
3196 1431 3535 1502 ἀκροκόμου,

2169 1525 2266 1577 Ἐκ
2293 1527 2539 1595 μηχανῆς
2579 1523 2841 1593 ἐκχέοντα
2875 1523 3095 1592 λάλημα
3128 1522 3400 1590 μελιτόεν.

2158 1618 2346 1680 Οῦτως
2376 1616 2683 1686 ἀνθρώπων
2706 1617 3025 1687 τεχνουργοὶ
3050 1615 3454 1686 πολυμηχάνων
3483 1616 3665 1685 χεῖρες

2179 1705 2605 1775 ’Λντιφερίζουσι
2647 1703 2846 1775 μικροῦ
2871 1707 2936 1775 τῇ
2962 1704 3244 1775 ψυχωτρία
3275 1703 3457 1772 φύσει.

478 1804 615 1868 Τοὺς
666 1806 1048 1875 ἀπ’,νέμοντας
1083 1805 1266 1866 αὐτοῖς
1299 1804 1360 1856 τὸ
1413 1804 1559 1856 κατὰ
1603 1802 1788 1872 σχέσιν
1845 1802 2011 1865 σέϐας
2038 1802 2060 1832 ⁷
2093 1785 2135 1840 Β
2236 1797 2297 1849 El
2323 1795 2378 1848 δέ
2401 1812 2486 1857 τις
2515 1795 2906 1866 ἀκριϐέστερον
2927 1796 3268 1866 καταμαθεῖν
3292 1796 3511 1866 θελήσει

478 1895 868 1964 ’Λνυποφόροις
929 1897 1024 1948 καὶ
1073 1895 1275 1958 δειναῖς
1312 1893 1712 1964 στρεϐλώσεσιν
1764 1894 1965 1948 ἐκάκου
2013 1895 2057 1948 ⁸.

480 1984 641 2038 Ἀλλὰ
691 1988 787 2038 καὶ
811 1985 939 2048 τοὺς
975 1985 1361 2056 ἐκλάμποντας
1397 1985 1476 2053 τῷ
1510 1983 1612 2054 βίῳ
1656 1983 1752 2038 καὶ
1785 1982 1862 2054 τῷ
1913 1982 2061 2052 λόγῳ

493 2076 668 2147 Ὑπὲρ
693 2077 940 2149 ἀστέρων
970 2076 1259 2139 καλλονάς,
1295 2077 1436 2147 ὑπὲρ
1467 2076 1622 2147 ἡλίου
1661 2075 1846 2140 σέλας,

481 2170 586 2224 Τὸν
629 2171 775 2241 ἱερὸν
806 2170 1103 2240 Θεόδωρον,
1133 2169 1226 2224 τὸν
1267 2169 1412 2221 θεῖον
1446 2167 1752 2238 Θεοφάνην,

482 2263 807 2332 Ἑπιφοραϊς
843 2260 1169 2333 βαρυαλγῶν
1203 2260 1454 2330 βασάνων
1483 2258 1769 2324 ἐκπιέσας,

484 2355 593 2408 Kal
609 2352 774 2422 φλοῦν
802 2352 893 2405 τοῦ
921 2352 1177 2419 σώματος
1204 2349 1386 2402 αὐτῶν
1412 2348 1721 2420 βουνεύροις
1751 2350 2063 2416 ὲκλεπίσας,

488 2443 708 2508 Ἔστιξε
730 2441 826 2495 καὶ
850 2441 918 2494 τά
959 2441 1186 2510 μέτωπα
1218 2439 1413 2510 μέχρις
1439 2439 1620 2492 αὐτῶν
1649 2439 1889 2508 ὀφρύων,

488 2535 596 2587 Kal
631 2532 834 2595 τύπους
877 2529 1202 2601 ἐνεχάραξεν
1232 2532 1416 2593 αὐτοῖς
1466 2530 1889 2600 ἰαμϐοπλόκους.

555 2621 714 2680 Οῦτοι
749 2625 848 2696 μὲν
875 2620 968 2678 οὖν
998 2625 1096 2694 τὴν
1123 2625 1377 2694 κέντησιν
1410 2623 1508 2694 τὴν
1539 2625 1922 2694 ὲπιμετωπίαν

500 2718 584 2781 Ὠς
612 2717 806 2785 στέφος
829 2717 1262 2786 καταμάργαρον
1296 2714 1629 2784 λιθολαμπὲς
1655 2716 1888 2783 ἐφόρουν
1911 2733 1922 2744 ·

497 2812 554 2862 Ὀ
585 2809 808 2880 κράτωρ
835 2807 891 2860 δὲ
923 2807 1180 2876 Θεόφιλος
1212 2806 1338 2876 περὶ
1363 2806 1462 2876 μὲν
1479 2806 1577 2870 τὰς
1607 2807 1822 2869 εἰκόνας

486 2908 594 2960 Καὶ
622 2904 688 2957 τὰ
723 2902 1228 2974 στηλογραφήματα
1258 2902 1365 2955 τῶν
1399 2901 1563 2972 ιερῶν
1598 2900 1906 2974 προσώπων

2163 1888 2237 1941 Τὸ
2270 1887 2645 1958 μεγαλόψυχον
2675 1887 2842 1940 αὐτοῦ
2869 1887 2962 1940 καὶ
2989 1887 3087 1958 τὴν
3114 1886 3496 1956 φιλοκοσμίαν,

2164 1973 2260 2038 Εἰς
2297 1974 2426 2036 τοὺς
2450 1974 2943 2042 θαλασσογείτονας
2975 1974 3228 2045 βλεψάτω
3259 1975 3610 2046 περιὸόλους,

2165 2067 2229 2120 υἳ
2261 2067 2361 2138 τὴν
2391 2067 2654 2138 λαμπρὰν
2681 2069 2739 2120 ὲν
2771 2068 2961 2120 πόλεσι
2993 2067 3428 2139 περιφρουροῦσι
3459 2067 3639 2120 πόλιν.

2166 2157 2388 2229 Χειμὼν
2411 2159 2519 2230 γὰρ
2547 2158 2740 2230 ἄγριός
2767 2176 2898 2213 ποτε
2940 2158 3291 2228 κατενεχθεὶς
3320 2161 3340 2192 ⁸
3371 2159 3678 2230 βαρύθρους

2167 2249 2280 2321 Τὴν
2307 2250 2486 2321 ἅλμην
2514 2251 2964 2321 ὲκρυστάλλωσεν
2994 2250 3098 2314 ἓως
3125 2250 3364 2305 ἀπλέτου
3390 2251 3588 2322 βάθους

2167 2345 2279 2398 Καὶ
2310 2345 2410 2414 τὴν
2443 2344 2619 2416 ὑγράν
2639 2343 2867 2397 ἐλίθωσε
2894 2343 3074 2413 πήξας
3097 2344 3268 2413 αὐτῆς
3295 2343 3396 2414 τὴν
3429 2343 3606 2415 ρύσιν.

2167 2436 2277 2489 Καὶ
2297 2435 2574 2490 θάλασσαν
2595 2435 2926 2504 ὠστράκωσε
2951 2435 3253 2504 δυσάνεμος
3273 2435 3501 2504 ψυχρία.

2169 2528 2325 2583 Μετά
2358 2527 2554 2597 μικρὴν
2582 2525 2626 2578 δ’
2653 2525 2964 2592 αὑγάσασαι
2995 2525 3332 2595 θερμότητες
3361 2525 3514 2595 ἡλίου

2169 2621 2244 2673 Τὸ
2274 2620 2491 2690 συνεχὲς
2523 2618 2823 2672 διέσπασαν
2855 2618 2952 2686 τῆς
2975 2616 3303 2686 λιθωθείσης
3337 2617 3538 2686 ἅλμης,

2171 2709 2484 2762 Κάντεῦθεν
2525 2711 2924 2780 ἀπερράγησαν
2957 2707 3312 2777 κρυστάλλων
3343 2707 3682 2770 ἀποσπάδες,

2172 2798 2279 2850 Καὶ
2299 2797 2480 2860 λίθους
2513 2796 2921 2867 ἁμαξοπληθεῖς
2949 2797 3179 2850 νικῶσαι
3205 2796 3284 2866 τῷ
3318 2796 3559 2866 μεγέθει.

2177 2883 2314 2942 Εἷπέ
2356 2906 2439 2952 τις
2476 2887 2542 2942 ἂν
2561 2887 2636 2952 ὡς
2664 2887 2902 2958 κορυφαὶ
2937 2885 3378 2959 βαθυφαράγγων
3401 2887 3580 2954 λόφων

3421 2977 3578 3034 Vers.
3611 2978 3760 3034 4817

484 3121 648 3176 quam
683 3120 747 3158 ex
792 3103 1086 3160 arboribus
1122 3101 1328 3157 Edenis
1379 3100 1742 3172 percipiebat,
1789 3100 2066 3172 privavit:
2098 3129 2141 3187 ρ
2173 3106 2440 3177 picturas,
2476 3105 2532 3160 in
2561 3107 2760 3162 statuis
2805 3120 3114 3177 expressas,
3169 3106 3402 3161 allectus
3437 3114 3635 3161 caetera
3664 3122 3764 3175 ge-

488 3201 600 3252 liac
630 3198 886 3251 maritum
919 3195 1154 3263 vitaque
1188 3194 1400 3249 socium
1435 3194 1503 3248 ad
1533 3194 1815 3248 dexteram
1860 3205 2070 3263 partem
2173 3213 2408 3252 nerosus
2433 3207 2574 3261 erat,
2609 3197 2852 3267 praclari
2878 3197 3095 3268 judicii,
3120 3197 3258 3268 juris
3278 3205 3334 3252 et
3360 3197 3502 3268 aqui
3539 3205 3766 3252 sancta-

484 3303 676 3342 eorum
715 3285 959 3338 traduxit
986 3283 1082 3352 qui
1115 3282 1346 3337 salutem
1383 3292 1817 3352 consequuntur.
1849 3285 1915 3337 Et
1948 3285 2072 3353 qui-
2175 3305 2410 3358 rumque
2450 3290 2633 3359 legum
2695 3290 3237 3345 observantissimus.
3299 3289 3763 3359 Magnificentiam

486 3377 609 3430 de!"
660 3375 750 3428 hic
799 3383 1012 3427 ιθηιυηι
1065 3373 1248 3427 ευεινῖε
1292 3372 1384 3427 “la
1427 3373 1640 3428 Cithara
1679 3374 1920 3439 DaVidiS,
1957 3376 2072 3444 ipsa
2174 3382 2280 3436 viri
2334 3381 2466 3435 licet
2508 3397 2575 3436 ex
2624 3381 2727 3436 hoc
2786 3380 3204 3436 evidentissimo
3259 3380 3461 3435 indicio
3511 3380 3763 3450 colligas,

487 3481 707 3535 (ιιιοίιυο
729 3480 855 3520 33m
883 3465 1225 3531 ἀθιηυιεθηεν
1254 3464 1518 3534 qniddam
1550 3465 1817 3520 absonum
1847 3466 2070 3530 οεεὶηίῑι
2174 3473 2287 3543 98
2313 3473 2459 3542 quod
2502 3483 2677 3528 artem
2725 3472 3057 3542 excogitavit
3089 3471 3362 3527 condendi
3395 3487 3594 3542 organa
3633 3488 3762 3525 mu-

483 3572 612 3609 cum
644 3555 720 3609 ait
754 3556 924 3609 Deum
959 3556 1123 3608 unius
1152 3563 1207 3609 et
1231 3555 1478 3626 ejusdem
1517 3556 1718 3610 indolis
1751 3566 1916 3626 atque
1953 3571 2072 3610 mo-
2176 3565 2310 3628 sica,
2344 3565 2411 3618 de
2446 3563 2650 3634 quibus
2697 3563 2948 3617 machina
2985 3562 3220 3632 quadam
3259 3563 3490 3631 spiritus
3526 3563 3768 3617 emissus

486 3659 614 3696 rum
641 3641 893 3696 homines
918 3642 974 3696 in
1001 3658 1170 3696 unum
1209 3642 1550 3697 domicilium
1593 3645 1887 3700 collocare.
1938 3645 2072 3699 Nam
2171 3654 2446 3726 iucundos
2498 3670 2563 3708 ac
2617 3654 2860 3709 suaviter
2925 3661 3250 3708 resonantes
3309 3662 3505 3706 camus
3575 3653 3765 3707 enim,

491 3735 582 3789 hic
637 3743 848 3796 stercus
883 3743 938 3790 et
989 3742 1329 3805 unguentum
1381 3733 1650 3804 fragrans,
1699 3751 1821 3788 rosa
1871 3737 2076 3790 rubens

489 3838 544 3882 et
573 3827 847 3882 acherdus
873 3828 1114 3896 spinosa,
1153 3828 1392 3880 tinctura
1426 3825 1549 3879 bilis
1575 3833 1630 3878 et
1657 3841 1918 3893 purpurae
1959 3826 2077 3879 coi-

489 3928 711 3973 verunt.
763 3917 1052 3972 Thcodora
1082 3918 1230 3971 enim
1262 3917 1418 3971 lucus
1447 3926 1565 3971 erat
1611 3918 1830 3970 cunctis
1854 3916 2076 3970 virtuti-

487 4009 594 4064 bus
627 4017 876 4072 ornatus,
923 4006 1176 4060 consitus
1219 4004 1409 4075 gratiis
1459 4005 1674 4068 hortus,
1708 4004 1871 4057 arbor
1898 4005 2078 4058 omnis

487 4099 773 4169 elegantia
820 4097 1234 4166 modestiaque.
1279 4097 1619 4165 Theophilus
1645 4113 1674 4148 e
1705 4096 1924 4150 diverso
1949 4112 2078 4166 ager

493 4199 612 4248 erat
642 4205 806 4245 mera
830 4189 1128 4258 impietatis
1159 4189 1376 4243 tribulis
1403 4188 1658 4252 refertus,
1693 4189 1866 4242 rubus
1894 4203 2076 4257 asper,

491 4284 694 4338 ladens
745 4281 958 4336 viscera
1023 4281 1309 4336 rhamnus.
1360 4279 1496 4334 Nam
1554 4279 1728 4334 sacris
1785 4280 1985 4334 litteris
2026 4289 2082 4333 et

491 4375 698 4431 Christi
728 4382 1144 4444 martyrumque
1192 4371 1526 4441 imaginibus
1558 4369 1809 4434 infestus,
1835 4385 1932 4424 eos
1960 4385 2080 4424 om-

2176 3747 2330 3801 Adde
2371 3746 2458 3800 his
2489 3745 2715 3800 arbores
2748 3745 2868 3799 illas
2894 3759 3093 3799 aureas
3128 3743 3345 3812 lateque
3387 3744 3768 3813 splendentes,

2178 3837 2234 3892 in
2281 3838 2484 3907 quibus
2517 3837 2744 3891 avicula
2788 3837 3011 3890 musicae
3040 3849 3105 3889 ex
3143 3849 3280 3889 auro
3325 3833 3484 3888 facta
3511 3835 3772 3890 conside-

2179 3929 2312 3983 bant
2359 3937 2614 3998 lanquam
2643 3928 2697 3981 in
2738 3928 2902 3996 pinus
2931 3935 3024 3980 aut
3055 3940 3299 3994 procera
3353 3927 3520 3994 picea
3573 3927 3770 3990 ramis,

2181 4021 2369 4074 itidem
2401 4020 2666 4074 machina
2713 4017 2999 4089 cujusdam
3037 4032 3202 4086 opera
3234 4016 3490 4070 melleum
3541 4032 3768 4072 carmen

2182 4108 2548 4162 modulantes.
2582 4109 2852 4162 Nimirum
2882 4108 2956 4161 ita
2993 4107 3308 4163 mortalium
3353 4108 3503 4161 varia
3545 4111 3772 4178 excogi-

2184 4201 2416 4256 tantium
2455 4198 2765 4253 artiﬁciosa
2803 4214 2997 4253 manus
3052 4213 3245 4268 parum
3290 4199 3446 4252 abest
3476 4199 3607 4268 quin
3652 4200 3771 4268 ipsa

2182 4304 2308 4342 cum
2370 4299 2585 4351 natura,
2635 4305 2724 4343 res
2771 4289 2920 4342 vivas
2977 4288 3340 4358 producente,
3389 4289 3444 4342 in
3488 4299 3771 4344 certamen

2181 4377 2540 4432 descendant.
2615 4377 2823 4443 Quodsi
2877 4379 3000 4447 quis
3056 4381 3368 4433 accuratius
3437 4394 3774 4448 cognoscere

495 4481 598 4522 nes
643 4463 1068 4520 intolerantibus
1103 4473 1159 4517 et
1187 4463 1525 4534 gravissimis
1566 4463 1856 4517 tormentis
1882 4477 2080 4516 excru-
2111 4478 2157 4531 ι’)
2185 4467 2335 4536 cupit
2381 4466 2672 4536 Theophili
2715 4467 3172 4537 magnificentiam
3201 4478 3258 4524 et
3288 4471 3342 4522 in
3372 4469 3534 4523 rebus
3568 4485 3777 4523 ornan-

496 4556 678 4612 ciabat
703 4556 796 4626 qui
822 4555 1030 4609 cultum
1060 4555 1142 4607 eis
1173 4552 1430 4623 religiose
1465 4553 1768 4607 deferrent.
1813 4552 2084 4606 Praeterea

495 4648 702 4703 sanctis
744 4645 878 4700 viris
901 4644 1194 4700 Theodoro
1220 4658 1285 4698 ac
1315 4643 1674 4712 TheOphane,
1708 4642 1803 4712 qui
1833 4652 1942 4696 tam
1975 4642 2086 4696 vita

497 4755 664 4812 quam
718 4738 971 4794 doctrina
1024 4752 1192 4807 supra
1244 4735 1487 4790 siderum
1536 4733 2004 4803 pulchritudinem
2032 4744 2089 4789 et

498 4831 817 4902 solisjubar
844 4828 1127 4893 iacebant,
1162 4826 1494 4882 tristissimis
1517 4824 1857 4879 cruciatibus
1877 4824 2091 4882 alllictis

499 4936 556 4981 et
597 4923 780 4994 flagris
820 4921 1116 4977 excoriatis
1144 4963 1159 4987 ,
1221 4918 1388 4973 etiam
1431 4916 1618 4970 vultus
1646 4915 1710 4970 ad
1745 4916 1862 4986 ipsa
1913 4931 2087 4985 usque

499 5014 793 5087 supercilia
838 5014 988 5068 notis
1041 5008 1374 5067 deformavit
1401 5046 1416 5074 ,
1475 5017 1532 5063 et
1577 5024 1770 5063 versus
1820 5008 2087 5064 iambicos

501 5108 635 5180 ipsis
707 5107 1037 5177 impressit;
1091 5117 1230 5173 quas
1295 5100 1374 5155 illi
1429 5111 1587 5156 notas
1648 5100 1815 5155 fronti
1886 5101 2096 5155 inustas

501 5215 614 5254 non
660 5199 821 5253 aliter
865 5195 1154 5268 gestabant
1199 5200 1364 5262 atque
1393 5208 1649 5248 coronam
1706 5192 2008 5248 unionibus
2033 5203 2090 5247 et

503 5291 732 5359 gemmis
759 5298 1100 5345 exornatam.

575 5383 708 5438 Tam
741 5381 908 5451 impie
936 5387 1145 5444 autem,
1171 5377 1483 5433 immaniter
1503 5386 1559 5431 et
1584 5377 1817 5447 maligne
1853 5376 2088 5446 impera-

505 5485 592 5530 tor
620 5472 963 5542 Theophilus
988 5485 1116 5539 erga
1144 5469 1411 5539 imagines
1438 5479 1494 5524 et
1520 5482 1804 5523 sacrorum
1835 5468 2084 5521 vultuum

2183 4557 2268 4611 dis
2291 4556 2558 4620 studium,
2585 4558 2633 4611 is
2658 4556 2793 4610 mihi
2817 4557 2980 4612 velim
3019 4573 3209 4614 muros
3243 4558 3365 4614 illos
3393 4559 3531 4613 mari
3560 4560 3777 4615 vicinos

2185 4647 2486 4699 intueatur.

2255 4735 2465 4791 Accidit
2495 4735 2641 4790 enim
2670 4734 2787 4805 ipso
2819 4735 3121 4806 imperante
3153 4746 3214 4791 ut
3236 4737 3412 4792 hiems
3442 4752 3586 4792 sava
3618 4752 3777 4792 mare

2185 4833 2408 4896 cogeret
2450 4824 2503 4878 in
2538 4825 2767 4895 glaciem
2803 4827 2869 4880 ad
2917 4827 3346 4894 profunditatem
3381 4843 3512 4882 sane
3541 4828 3778 4880 innuen-

2193 4933 2331 4980 sam,
2383 4917 2779 4986 humidumque
2811 4917 2944 4972 illud
2973 4918 3307 4974 elementum
3349 4918 3548 4988 lapidis
3569 4919 3636 4971 ad
3670 4921 3776 4970 du-

2193 5011 2372 5065 ritictu
2403 5007 2644 5064 ﬂuxione
2695 5024 2920 5078 prorsus
2954 5009 3207 5080 adempta
3245 5009 3540 5080 redigeret,
3568 5009 3779 5078 frigore

2187 5100 2448 5154 nimirum
2489 5115 2556 5154 ex
2586 5099 2808 5154 acribus
2857 5109 3145 5154 ventorum
3200 5099 3423 5154 ﬂatibus
3456 5109 3580 5153 orto
3621 5115 3779 5152 mare

2189 5201 2362 5247 totum
2397 5208 2496 5246 ceu
2551 5201 2852 5247 testaceum
2905 5190 3199 5246 ellicienle.
3245 5191 3366 5245 Non
3412 5191 3587 5245 multo
3627 5199 3778 5258 post,

2188 5284 2469 5338 radiorum
2500 5283 2760 5338 solarium
2788 5283 3000 5337 calores
3026 5282 3094 5338 ad
3120 5282 3235 5338 saxi
3267 5283 3501 5337 formam
3528 5282 3780 5336 indurati

2187 5374 2354 5428 maris
2417 5375 2838 5429 continuitatem
2871 5374 3189 5441 solvebant;
3226 5375 3372 5429 unde
3396 5373 3562 5428 fiebat
3583 5373 3784 5442 utgla-

2186 5466 2290 5521 cici
2325 5465 2595 5536 fragmina
2648 5466 2860 5536 reliquo
2883 5481 2911 5520 a
2939 5481 3171 5536 corpore
3220 5467 3614 5533 avellerentur,
3656 5479 3783 5534 qua

1865 5601 2075 5663 Varia
2109 5601 2446 5664 lectiones.

579 5731 600 5761 '
633 5727 790 5781 l-lunc
815 5741 1031 5782 versum
1056 5741 1168 5782 om.
1208 5725 1274 5780 Β.
1345 5727 1366 5758 ⁸
1395 5726 1706 5784 κακώσεσιν
1737 5727 2026 5798 ἐστρέϐλου
2068 5766 2074 5781 ι

2209 5729 2229 5760 ⁹
2254 5726 2611 5791 κατασκεθεὶς
2652 5725 2720 5792 R,
2757 5743 2824 5782 an
2861 5726 3222 5795 καταχεθείςῖ
