  <div class='ocr_page' id='page_1' title='image "/cluster/home/n/w/nwhite01/storage/ocr_20150623/127/coo.31924054870328/208.png"; bbox 0 0 4072 6426; ppageno 0'>
   <div class='ocr_carea' id='block_1_1' title="bbox 353 473 451 539">
    <p class='ocr_par' dir='ltr' id='par_1_1' title="bbox 353 473 451 539">
     <span class='ocr_line' id='line_1_1' title="bbox 353 473 451 539; baseline 0.01 -1"><span class='ocrx_word' id='word_1_1' title='bbox 353 473 451 539; x_wconf 72' lang='grc'><strong>401</strong></span> 
     </span>
    </p>
   </div>
   <div class='ocr_carea' id='block_1_2' title="bbox 374 586 1801 661">
    <p class='ocr_par' dir='ltr' id='par_1_2' title="bbox 374 586 1801 661">
     <span class='ocr_line' id='line_1_2' title="bbox 374 586 1801 661; baseline -0.001 -18"><span class='ocrx_word' id='word_1_2' title='bbox 374 586 607 643; x_wconf 75' lang='grc' dir='ltr'>’Υψὸθεν</span> <span class='ocrx_word' id='word_1_3' title='bbox 637 587 1049 657; x_wconf 84' lang='grc' dir='ltr'>ἀποσπώμεναι</span> <span class='ocrx_word' id='word_1_4' title='bbox 1079 587 1419 641; x_wconf 78' lang='grc' dir='ltr'><strong>κυλίνδονται</strong></span> <span class='ocrx_word' id='word_1_5' title='bbox 1455 590 1552 643; x_wconf 85' lang='grc' dir='ltr'>σὺν</span> <span class='ocrx_word' id='word_1_6' title='bbox 1586 589 1801 661; x_wconf 80' lang='grc' dir='ltr'><strong>κτύπῳ,</strong></span> 
     </span>
    </p>
   </div>
   <div class='ocr_carea' id='block_1_3' title="bbox 359 679 1717 750">
    <p class='ocr_par' dir='ltr' id='par_1_3' title="bbox 359 679 1717 750">
     <span class='ocr_line' id='line_1_3' title="bbox 359 679 1717 750; baseline -0.001 -15"><span class='ocrx_word' id='word_1_7' title='bbox 359 681 428 735; x_wconf 79' lang='grc'><strong>’11</strong></span> <span class='ocrx_word' id='word_1_8' title='bbox 450 679 589 732; x_wconf 90' lang='grc' dir='ltr'>λίθοι</span> <span class='ocrx_word' id='word_1_9' title='bbox 611 679 1006 749; x_wconf 75' lang='grc' dir='ltr'>ριψεπάλξιδες</span> <span class='ocrx_word' id='word_1_10' title='bbox 1045 681 1299 733; x_wconf 77' lang='grc' dir='ltr'>πέτονται</span> <span class='ocrx_word' id='word_1_11' title='bbox 1329 683 1717 750; x_wconf 84' lang='grc' dir='ltr'>τειχοσεῖσται,</span> 
     </span>
    </p>
   </div>
   <div class='ocr_carea' id='block_1_4' title="bbox 356 771 1742 845">
    <p class='ocr_par' dir='ltr' id='par_1_4' title="bbox 356 771 1742 845">
     <span class='ocr_line' id='line_1_4' title="bbox 356 771 1742 845; baseline 0.001 -19"><span class='ocrx_word' id='word_1_12' title='bbox 356 771 853 845; x_wconf 77' lang='grc' dir='ltr'>Περιρῤοιξοῦντες</span> <span class='ocrx_word' id='word_1_13' title='bbox 888 773 979 825; x_wconf 81' lang='grc' dir='ltr'>τὸν</span> <span class='ocrx_word' id='word_1_14' title='bbox 1010 771 1209 825; x_wconf 74' lang='grc' dir='ltr'>λεπτὸν</span> <span class='ocrx_word' id='word_1_15' title='bbox 1236 772 1377 841; x_wconf 81' lang='grc' dir='ltr'>ἀέρα</span> <span class='ocrx_word' id='word_1_16' title='bbox 1403 775 1467 844; x_wconf 85' lang='grc' dir='ltr'>τῇ</span> <span class='ocrx_word' id='word_1_17' title='bbox 1505 773 1742 844; x_wconf 83' lang='grc' dir='ltr'><strong>κινήσει.</strong></span> 
     </span>
    </p>
   </div>
   <div class='ocr_carea' id='block_1_5' title="bbox 355 862 1806 932">
    <p class='ocr_par' dir='ltr' id='par_1_5' title="bbox 355 862 1806 932">
     <span class='ocr_line' id='line_1_5' title="bbox 355 862 1806 932; baseline 0 -15"><span class='ocrx_word' id='word_1_18' title='bbox 355 863 466 917; x_wconf 90' lang='lat' dir='ltr'><strong>Kal</strong></span> <span class='ocrx_word' id='word_1_19' title='bbox 490 862 678 916; x_wconf 87' lang='grc' dir='ltr'>τοίνυν</span> <span class='ocrx_word' id='word_1_20' title='bbox 711 862 1142 918; x_wconf 78' lang='grc' dir='ltr'>καταϐαίνουσαι</span> <span class='ocrx_word' id='word_1_21' title='bbox 1174 862 1450 932; x_wconf 82' lang='grc' dir='ltr'><strong>πελάγους</strong></span> <span class='ocrx_word' id='word_1_22' title='bbox 1480 865 1546 916; x_wconf 80' lang='grc' dir='ltr'><strong>ὲκ</strong></span> <span class='ocrx_word' id='word_1_23' title='bbox 1579 862 1806 918; x_wconf 68' lang='grc' dir='ltr'>Ποντίου</span> 
     </span>
    </p>
   </div>
   <div class='ocr_carea' id='block_1_6' title="bbox 358 954 1730 1025">
    <p class='ocr_par' dir='ltr' id='par_1_6' title="bbox 358 954 1730 1025">
     <span class='ocr_line' id='line_1_6' title="bbox 358 954 1730 1025; baseline 0.002 -20"><span class='ocrx_word' id='word_1_24' title='bbox 358 954 758 1024; x_wconf 83' lang='grc' dir='ltr'>Προσήρασσον</span> <span class='ocrx_word' id='word_1_25' title='bbox 788 955 904 1017; x_wconf 87' lang='grc' dir='ltr'>τοῖς</span> <span class='ocrx_word' id='word_1_26' title='bbox 935 954 1143 1024; x_wconf 76' lang='grc' dir='ltr'><strong>τείχεσι</strong></span> <span class='ocrx_word' id='word_1_27' title='bbox 1173 955 1288 1017; x_wconf 84' lang='grc' dir='ltr'>τοῖς</span> <span class='ocrx_word' id='word_1_28' title='bbox 1315 955 1730 1025; x_wconf 86' lang='grc' dir='ltr'>παραιγιαλίοις</span> 
     </span>
    </p>
   </div>
   <div class='ocr_carea' id='block_1_7' title="bbox 355 1041 1866 1116">
    <p class='ocr_par' dir='ltr' id='par_1_7' title="bbox 355 1041 1866 1116">
     <span class='ocr_line' id='line_1_7' title="bbox 355 1041 1866 1116; baseline 0.003 -20"><span class='ocrx_word' id='word_1_29' title='bbox 355 1041 468 1096; x_wconf 97' lang='lat' dir='ltr'><strong>Kal</strong></span> <span class='ocrx_word' id='word_1_30' title='bbox 498 1042 820 1097; x_wconf 86' lang='grc' dir='ltr'>συνεδόνουν</span> <span class='ocrx_word' id='word_1_31' title='bbox 844 1042 915 1096; x_wconf 87' lang='grc' dir='ltr'><strong>τὰ</strong></span> <span class='ocrx_word' id='word_1_32' title='bbox 942 1042 1148 1115; x_wconf 80' lang='grc' dir='ltr'>στερρὰ</span> <span class='ocrx_word' id='word_1_33' title='bbox 1175 1042 1288 1097; x_wconf 90' lang='grc' dir='ltr'><strong>τῶν</strong></span> <span class='ocrx_word' id='word_1_34' title='bbox 1330 1043 1866 1116; x_wconf 80' lang='grc' dir='ltr'>πυργοδομημάτων.</span> 
     </span>
    </p>
   </div>
   <div class='ocr_carea' id='block_1_8' title="bbox 354 1125 1725 1204">
    <p class='ocr_par' dir='ltr' id='par_1_8' title="bbox 354 1125 1725 1204">
     <span class='ocr_line' id='line_1_8' title="bbox 354 1125 1725 1204; baseline 0.004 -20"><span class='ocrx_word' id='word_1_35' title='bbox 354 1125 570 1204; x_wconf 80' lang='grc' dir='ltr'>Ὧνπερ</span> <span class='ocrx_word' id='word_1_36' title='bbox 598 1132 724 1188; x_wconf 78' lang='grc' dir='ltr'>ἰδὼν</span> <span class='ocrx_word' id='word_1_37' title='bbox 756 1134 785 1186; x_wconf 88' lang='grc' dir='ltr'><strong>ό</strong></span> <span class='ocrx_word' id='word_1_38' title='bbox 809 1131 1065 1203; x_wconf 81' lang='grc' dir='ltr'>βασιλεὺς</span> <span class='ocrx_word' id='word_1_39' title='bbox 1092 1130 1194 1196; x_wconf 88' lang='grc' dir='ltr'><strong>τὰς</strong></span> <span class='ocrx_word' id='word_1_40' title='bbox 1221 1133 1725 1204; x_wconf 83' lang='grc' dir='ltr'>καταμωλωπίσεις</span> 
     </span>
    </p>
   </div>
   <div class='ocr_carea' id='block_1_9' title="bbox 354 1223 1941 1298">
    <p class='ocr_par' dir='ltr' id='par_1_9' title="bbox 354 1223 1941 1298">
     <span class='ocr_line' id='line_1_9' title="bbox 354 1223 1941 1298; baseline 0.004 -22"><span class='ocrx_word' id='word_1_41' title='bbox 354 1223 467 1277; x_wconf 89' lang='lat' dir='ltr'><strong>Kal</strong></span> <span class='ocrx_word' id='word_1_42' title='bbox 496 1225 625 1290; x_wconf 79' lang='grc' dir='ltr'>τοὺς</span> <span class='ocrx_word' id='word_1_43' title='bbox 656 1223 902 1289; x_wconf 67' lang='grc' dir='ltr'>πυκνοὺς</span> <span class='ocrx_word' id='word_1_44' title='bbox 930 1224 1389 1296; x_wconf 81' lang='grc' dir='ltr'>τραυματισμοὺς</span> <span class='ocrx_word' id='word_1_45' title='bbox 1436 1226 1469 1298; x_wconf 76' lang='grc' dir='ltr'><strong>ἢ</strong></span> <span class='ocrx_word' id='word_1_46' title='bbox 1503 1227 1708 1297; x_wconf 79' lang='grc' dir='ltr'>μᾶλλον</span> <span class='ocrx_word' id='word_1_47' title='bbox 1755 1245 1941 1298; x_wconf 80' lang='grc' dir='ltr'>παρα-</span> 
     </span>
    </p>
   </div>
   <div class='ocr_carea' id='block_1_10' title="bbox 1708 1317 1934 1391">
    <p class='ocr_par' dir='ltr' id='par_1_10' title="bbox 1708 1317 1934 1391">
     <span class='ocr_line' id='line_1_10' title="bbox 1708 1317 1934 1391; baseline 0.004 -19"><span class='ocrx_word' id='word_1_48' title='bbox 1708 1317 1934 1391; x_wconf 81' lang='grc' dir='ltr'>[λύσεις,</span> 
     </span>
    </p>
   </div>
   <div class='ocr_carea' id='block_1_11' title="bbox 355 1403 1660 1481">
    <p class='ocr_par' dir='ltr' id='par_1_11' title="bbox 355 1403 1660 1481">
     <span class='ocr_line' id='line_1_11' title="bbox 355 1403 1660 1481; baseline 0.007 -25"><span class='ocrx_word' id='word_1_49' title='bbox 355 1404 803 1477; x_wconf 81' lang='grc' dir='ltr'>Συγκατεσείσθη</span> <span class='ocrx_word' id='word_1_50' title='bbox 828 1403 928 1476; x_wconf 78' lang='grc' dir='ltr'><strong>τὴν</strong></span> <span class='ocrx_word' id='word_1_51' title='bbox 960 1405 1139 1479; x_wconf 77' lang='grc' dir='ltr'>ψυχὴν</span> <span class='ocrx_word' id='word_1_52' title='bbox 1167 1407 1265 1462; x_wconf 73' lang='grc' dir='ltr'><strong>ἐπὶ</strong></span> <span class='ocrx_word' id='word_1_53' title='bbox 1289 1408 1368 1481; x_wconf 77' lang='grc' dir='ltr'>τῷ</span> <span class='ocrx_word' id='word_1_54' title='bbox 1383 1411 1660 1480; x_wconf 67' lang='grc' dir='ltr'>γεγονότι,</span> 
     </span>
    </p>
   </div>
   <div class='ocr_carea' id='block_1_12' title="bbox 355 1495 1656 1573">
    <p class='ocr_par' dir='ltr' id='par_1_12' title="bbox 355 1495 1656 1573">
     <span class='ocr_line' id='line_1_12' title="bbox 355 1495 1656 1573; baseline 0.007 -23"><span class='ocrx_word' id='word_1_55' title='bbox 355 1496 463 1550; x_wconf 86' lang='lat' dir='ltr'><strong>Kal</strong></span> <span class='ocrx_word' id='word_1_56' title='bbox 486 1495 658 1551; x_wconf 78' lang='grc' dir='ltr'>θέλων</span> <span class='ocrx_word' id='word_1_57' title='bbox 680 1496 1056 1564; x_wconf 73' lang='grc' dir='ltr'>ἐπιδείξασθαι</span> <span class='ocrx_word' id='word_1_58' title='bbox 1079 1500 1395 1573; x_wconf 78' lang='grc' dir='ltr'><strong>φιλοτιμίας</strong></span> <span class='ocrx_word' id='word_1_59' title='bbox 1421 1503 1656 1559; x_wconf 80' lang='grc' dir='ltr'>πλοῦτον</span> 
     </span>
    </p>
   </div>
   <div class='ocr_carea' id='block_1_13' title="bbox 364 1588 1719 1668">
    <p class='ocr_par' dir='ltr' id='par_1_13' title="bbox 364 1588 1719 1668">
     <span class='ocr_line' id='line_1_13' title="bbox 364 1588 1719 1668; baseline 0.007 -26"><span class='ocrx_word' id='word_1_60' title='bbox 364 1588 453 1652; x_wconf 81' lang='grc' dir='ltr'>Ὦς</span> <span class='ocrx_word' id='word_1_61' title='bbox 487 1588 775 1659; x_wconf 82' lang='grc' dir='ltr'>κάχληκας</span> <span class='ocrx_word' id='word_1_62' title='bbox 801 1589 1076 1646; x_wconf 72' lang='grc' dir='ltr'><strong>ἐκένωσεν</strong></span> <span class='ocrx_word' id='word_1_63' title='bbox 1105 1593 1360 1665; x_wconf 73' lang='grc' dir='ltr'><strong>ἀχρείους</strong></span> <span class='ocrx_word' id='word_1_64' title='bbox 1379 1594 1441 1649; x_wconf 81' lang='grc' dir='ltr'>τὸ</span> <span class='ocrx_word' id='word_1_65' title='bbox 1471 1598 1719 1668; x_wconf 86' lang='grc' dir='ltr'>χρυσίον,</span> 
     </span>
    </p>
   </div>
   <div class='ocr_carea' id='block_1_14' title="bbox 353 1679 1708 1761">
    <p class='ocr_par' dir='ltr' id='par_1_14' title="bbox 353 1679 1708 1761">
     <span class='ocr_line' id='line_1_14' title="bbox 353 1679 1708 1761; baseline 0.01 -29"><span class='ocrx_word' id='word_1_66' title='bbox 353 1681 461 1733; x_wconf 81' lang='grc' dir='ltr'>Καὶ</span> <span class='ocrx_word' id='word_1_67' title='bbox 482 1681 545 1734; x_wconf 82' lang='grc' dir='ltr'>τὸ</span> <span class='ocrx_word' id='word_1_68' title='bbox 579 1679 780 1752; x_wconf 79' lang='grc' dir='ltr'>σαθρὸν</span> <span class='ocrx_word' id='word_1_69' title='bbox 802 1681 1059 1756; x_wconf 82' lang='grc' dir='ltr'>ἐνίσχυσε</span> <span class='ocrx_word' id='word_1_70' title='bbox 1083 1687 1180 1740; x_wconf 75' lang='grc' dir='ltr'>καὶ</span> <span class='ocrx_word' id='word_1_71' title='bbox 1210 1687 1273 1740; x_wconf 76' lang='grc' dir='ltr'>τὸ</span> <span class='ocrx_word' id='word_1_72' title='bbox 1288 1688 1456 1743; x_wconf 74' lang='grc' dir='ltr'>πεσὸν</span> <span class='ocrx_word' id='word_1_73' title='bbox 1486 1690 1708 1761; x_wconf 78' lang='grc' dir='ltr'><strong>ἐγείρας</strong></span> 
     </span>
    </p>
   </div>
   <div class='ocr_carea' id='block_1_15' title="bbox 349 1769 1718 1850">
    <p class='ocr_par' dir='ltr' id='par_1_15' title="bbox 349 1769 1718 1850">
     <span class='ocr_line' id='line_1_15' title="bbox 349 1769 1718 1850; baseline 0.01 -29"><span class='ocrx_word' id='word_1_74' title='bbox 349 1769 479 1833; x_wconf 78' lang='grc' dir='ltr'>Τοῖς</span> <span class='ocrx_word' id='word_1_75' title='bbox 504 1771 745 1843; x_wconf 83' lang='grc' dir='ltr'>τείχεσιν</span> <span class='ocrx_word' id='word_1_76' title='bbox 775 1772 1062 1845; x_wconf 72' lang='grc' dir='ltr'>ἐπέγραψε</span> <span class='ocrx_word' id='word_1_77' title='bbox 1086 1774 1185 1847; x_wconf 74' lang='grc' dir='ltr'>τὴν</span> <span class='ocrx_word' id='word_1_78' title='bbox 1205 1776 1398 1848; x_wconf 85' lang='grc' dir='ltr'><strong>κλῆσιν</strong></span> <span class='ocrx_word' id='word_1_79' title='bbox 1427 1778 1528 1850; x_wconf 80' lang='grc' dir='ltr'>τὴν</span> <span class='ocrx_word' id='word_1_80' title='bbox 1558 1780 1718 1837; x_wconf 89' lang='grc' dir='ltr'>ίδίαν.</span> 
     </span>
    </p>
   </div>
   <div class='ocr_carea' id='block_1_16' title="bbox 423 1863 1856 1943">
    <p class='ocr_par' dir='ltr' id='par_1_16' title="bbox 423 1863 1856 1943">
     <span class='ocr_line' id='line_1_16' title="bbox 423 1863 1856 1943; baseline 0.007 -27"><span class='ocrx_word' id='word_1_81' title='bbox 423 1863 538 1917; x_wconf 85' lang='lat' dir='ltr'><strong>Kal</strong></span> <span class='ocrx_word' id='word_1_82' title='bbox 572 1864 748 1919; x_wconf 81' lang='grc' dir='ltr'>ταῦτα</span> <span class='ocrx_word' id='word_1_83' title='bbox 788 1866 891 1936; x_wconf 78' lang='grc' dir='ltr'><strong>μὲν</strong></span> <span class='ocrx_word' id='word_1_84' title='bbox 911 1865 1145 1933; x_wconf 78' lang='grc' dir='ltr'>κατάξια</span> <span class='ocrx_word' id='word_1_85' title='bbox 1175 1868 1432 1939; x_wconf 80' lang='grc' dir='ltr'><strong>γλώσσης</strong></span> <span class='ocrx_word' id='word_1_86' title='bbox 1470 1870 1818 1943; x_wconf 74' lang='grc' dir='ltr'>ὑμνητηρίας</span> <span class='ocrx_word' id='word_1_87' title='bbox 1843 1889 1856 1903; x_wconf 93' lang='grc'><strong>·</strong></span> 
     </span>
    </p>
   </div>
   <div class='ocr_carea' id='block_1_17' title="bbox 362 1953 1746 2033">
    <p class='ocr_par' dir='ltr' id='par_1_17' title="bbox 362 1953 1746 2033">
     <span class='ocr_line' id='line_1_17' title="bbox 362 1953 1746 2033; baseline 0.007 -27"><span class='ocrx_word' id='word_1_88' title='bbox 362 1953 505 2022; x_wconf 83' lang='grc' dir='ltr'><strong>Ἐγὼ</strong></span> <span class='ocrx_word' id='word_1_89' title='bbox 531 1955 579 2008; x_wconf 85' lang='grc' dir='ltr'>δ’</span> <span class='ocrx_word' id='word_1_90' title='bbox 624 1955 1148 2030; x_wconf 78' lang='grc' dir='ltr'>ὑπερεκπλήττομαι</span> <span class='ocrx_word' id='word_1_91' title='bbox 1184 1959 1285 2031; x_wconf 80' lang='grc' dir='ltr'>τὴν</span> <span class='ocrx_word' id='word_1_92' title='bbox 1318 1961 1746 2033; x_wconf 80' lang='grc' dir='ltr'><strong>δικαιοπραγίαν</strong></span> 
     </span>
    </p>
   </div>
   <div class='ocr_carea' id='block_1_18' title="bbox 352 2045 1866 2126">
    <p class='ocr_par' dir='ltr' id='par_1_18' title="bbox 352 2045 1866 2126">
     <span class='ocr_line' id='line_1_18' title="bbox 352 2045 1866 2126; baseline 0.007 -29"><span class='ocrx_word' id='word_1_93' title='bbox 352 2045 460 2100; x_wconf 78' lang='lat' dir='ltr'><strong>Kal</strong></span> <span class='ocrx_word' id='word_1_94' title='bbox 483 2045 584 2116; x_wconf 80' lang='grc' dir='ltr'>τὴν</span> <span class='ocrx_word' id='word_1_95' title='bbox 603 2046 1112 2119; x_wconf 86' lang='grc' dir='ltr'>ἀπροσωπόληπτον</span> <span class='ocrx_word' id='word_1_96' title='bbox 1133 2049 1262 2121; x_wconf 78' lang='grc' dir='ltr'>περὶ</span> <span class='ocrx_word' id='word_1_97' title='bbox 1274 2052 1372 2115; x_wconf 79' lang='grc' dir='ltr'><strong>τὰς</strong></span> <span class='ocrx_word' id='word_1_98' title='bbox 1391 2050 1604 2123; x_wconf 84' lang='grc' dir='ltr'><strong>κρίσεις</strong></span> <span class='ocrx_word' id='word_1_99' title='bbox 1619 2052 1866 2126; x_wconf 79' lang='grc' dir='ltr'><strong>γνώμην.</strong></span> 
     </span>
    </p>
   </div>
   <div class='ocr_carea' id='block_1_19' title="bbox 350 2137 1931 2218">
    <p class='ocr_par' dir='ltr' id='par_1_19' title="bbox 350 2137 1931 2218">
     <span class='ocr_line' id='line_1_19' title="bbox 350 2137 1931 2218; baseline 0.008 -28"><span class='ocrx_word' id='word_1_100' title='bbox 350 2138 457 2190; x_wconf 86' lang='lat' dir='ltr'><strong>Kal</strong></span> <span class='ocrx_word' id='word_1_101' title='bbox 480 2137 547 2209; x_wconf 78' lang='grc' dir='ltr'>δὴ</span> <span class='ocrx_word' id='word_1_102' title='bbox 573 2139 973 2209; x_wconf 82' lang='grc' dir='ltr'><strong>παρατιθέσθω</strong></span> <span class='ocrx_word' id='word_1_103' title='bbox 997 2158 1087 2213; x_wconf 89' lang='grc' dir='ltr'><strong>μοι</strong></span> <span class='ocrx_word' id='word_1_104' title='bbox 1115 2143 1320 2214; x_wconf 76' lang='grc' dir='ltr'>δεῖγμα</span> <span class='ocrx_word' id='word_1_105' title='bbox 1352 2143 1553 2215; x_wconf 80' lang='grc' dir='ltr'>μικρὸν</span> <span class='ocrx_word' id='word_1_106' title='bbox 1588 2143 1683 2199; x_wconf 81' lang='grc' dir='ltr'>τοῦ</span> <span class='ocrx_word' id='word_1_107' title='bbox 1703 2146 1931 2218; x_wconf 79' lang='grc' dir='ltr'>τρόπον,</span> 
     </span>
    </p>
   </div>
   <div class='ocr_carea' id='block_1_20' title="bbox 360 2230 1771 2307">
    <p class='ocr_par' dir='ltr' id='par_1_20' title="bbox 360 2230 1771 2307">
     <span class='ocr_line' id='line_1_20' title="bbox 360 2230 1771 2307; baseline 0.004 -22"><span class='ocrx_word' id='word_1_108' title='bbox 360 2230 451 2294; x_wconf 83' lang='grc' dir='ltr'>Ὦς</span> <span class='ocrx_word' id='word_1_109' title='bbox 490 2235 558 2286; x_wconf 79' lang='grc' dir='ltr'><strong>ὲκ</strong></span> <span class='ocrx_word' id='word_1_110' title='bbox 588 2232 862 2306; x_wconf 80' lang='grc' dir='ltr'><strong>θαλάττης</strong></span> <span class='ocrx_word' id='word_1_111' title='bbox 883 2232 1111 2301; x_wconf 80' lang='grc' dir='ltr'>κύαθος,</span> <span class='ocrx_word' id='word_1_112' title='bbox 1140 2235 1217 2300; x_wconf 86' lang='grc' dir='ltr'>ὼς</span> <span class='ocrx_word' id='word_1_113' title='bbox 1239 2234 1348 2290; x_wconf 83' lang='grc' dir='ltr'><strong>ἀπὸ</strong></span> <span class='ocrx_word' id='word_1_114' title='bbox 1376 2235 1536 2290; x_wconf 86' lang='grc' dir='ltr'>πίθου</span> <span class='ocrx_word' id='word_1_115' title='bbox 1567 2235 1771 2307; x_wconf 80' lang='grc' dir='ltr'>γεῦμα,</span> 
     </span>
    </p>
   </div>
   <div class='ocr_carea' id='block_1_21' title="bbox 348 2323 1748 2398">
    <p class='ocr_par' dir='ltr' id='par_1_21' title="bbox 348 2323 1748 2398">
     <span class='ocr_line' id='line_1_21' title="bbox 348 2323 1748 2398; baseline 0.006 -22"><span class='ocrx_word' id='word_1_116' title='bbox 348 2323 537 2396; x_wconf 83' lang='grc' dir='ltr'>Βραχύ</span> <span class='ocrx_word' id='word_1_117' title='bbox 564 2342 626 2378; x_wconf 86' lang='grc' dir='ltr'>τε</span> <span class='ocrx_word' id='word_1_118' title='bbox 663 2325 1123 2398; x_wconf 86' lang='grc' dir='ltr'>σπινθηράκισμα</span> <span class='ocrx_word' id='word_1_119' title='bbox 1159 2326 1397 2398; x_wconf 85' lang='grc' dir='ltr'><strong>καμίνου</strong></span> <span class='ocrx_word' id='word_1_120' title='bbox 1423 2327 1748 2394; x_wconf 82' lang='grc' dir='ltr'>πολυξύλου.</span> 
     </span>
    </p>
   </div>
   <div class='ocr_carea' id='block_1_22' title="bbox 348 2416 1632 2493">
    <p class='ocr_par' dir='ltr' id='par_1_22' title="bbox 348 2416 1632 2493">
     <span class='ocr_line' id='line_1_22' title="bbox 348 2416 1632 2493; baseline 0.005 -25"><span class='ocrx_word' id='word_1_121' title='bbox 348 2416 489 2487; x_wconf 82' lang='grc' dir='ltr'>Γυνὴ</span> <span class='ocrx_word' id='word_1_122' title='bbox 521 2418 801 2489; x_wconf 83' lang='grc' dir='ltr'>προσῆλθε</span> <span class='ocrx_word' id='word_1_123' title='bbox 835 2419 1067 2493; x_wconf 82' lang='grc' dir='ltr'>πενιχρὰ</span> <span class='ocrx_word' id='word_1_124' title='bbox 1088 2418 1264 2491; x_wconf 80' lang='grc' dir='ltr'>τούτῳ</span> <span class='ocrx_word' id='word_1_125' title='bbox 1284 2418 1362 2491; x_wconf 84' lang='grc' dir='ltr'><strong>τῷ</strong></span> <span class='ocrx_word' id='word_1_126' title='bbox 1387 2420 1632 2492; x_wconf 81' lang='grc' dir='ltr'><strong>Θεοφίλῳ</strong></span> 
     </span>
    </p>
   </div>
   <div class='ocr_carea' id='block_1_23' title="bbox 350 2508 1619 2584">
    <p class='ocr_par' dir='ltr' id='par_1_23' title="bbox 350 2508 1619 2584">
     <span class='ocr_line' id='line_1_23' title="bbox 350 2508 1619 2584; baseline 0.004 -23"><span class='ocrx_word' id='word_1_127' title='bbox 350 2508 697 2563; x_wconf 77' lang='grc' dir='ltr'>Καταὸοῶσα</span> <span class='ocrx_word' id='word_1_128' title='bbox 725 2511 991 2581; x_wconf 75' lang='grc' dir='ltr'>Πετρωνᾶ</span> <span class='ocrx_word' id='word_1_129' title='bbox 1015 2528 1168 2576; x_wconf 86' lang='grc' dir='ltr'>τινος</span> <span class='ocrx_word' id='word_1_130' title='bbox 1201 2511 1570 2584; x_wconf 86' lang='grc' dir='ltr'>μεγαλοτίμου</span> <span class='ocrx_word' id='word_1_131' title='bbox 1601 2525 1619 2544; x_wconf 80' lang='grc'><strong><em>⁸</em></strong></span> 
     </span>
    </p>
   </div>
   <div class='ocr_carea' id='block_1_24' title="bbox 349 2596 1861 2674">
    <p class='ocr_par' dir='ltr' id='par_1_24' title="bbox 349 2596 1861 2674">
     <span class='ocr_line' id='line_1_24' title="bbox 349 2596 1861 2674; baseline 0.003 -24"><span class='ocrx_word' id='word_1_132' title='bbox 349 2597 548 2667; x_wconf 81' lang='grc' dir='ltr'>Βίγλας</span> <span class='ocrx_word' id='word_1_133' title='bbox 582 2600 694 2672; x_wconf 78' lang='grc' dir='ltr'><strong>γὰρ</strong></span> <span class='ocrx_word' id='word_1_134' title='bbox 720 2596 789 2673; x_wconf 72' lang='grc' dir='ltr'><strong>ἦν</strong></span> <span class='ocrx_word' id='word_1_135' title='bbox 809 2601 1200 2674; x_wconf 81' lang='grc' dir='ltr'>δρουγγάριος,</span> <span class='ocrx_word' id='word_1_136' title='bbox 1222 2602 1428 2656; x_wconf 77' lang='grc' dir='ltr'><strong>εἴποιεν</strong></span> <span class='ocrx_word' id='word_1_137' title='bbox 1467 2602 1535 2655; x_wconf 85' lang='grc' dir='ltr'><strong>ἂν</strong></span> <span class='ocrx_word' id='word_1_138' title='bbox 1578 2601 1861 2672; x_wconf 79' lang='grc' dir='ltr'><strong>Ῥωμαῖοι,</strong></span> 
     </span>
    </p>
   </div>
   <div class='ocr_carea' id='block_1_25' title="bbox 348 2689 1648 2763">
    <p class='ocr_par' dir='ltr' id='par_1_25' title="bbox 348 2689 1648 2763">
     <span class='ocr_line' id='line_1_25' title="bbox 348 2689 1648 2763; baseline 0.002 -21"><span class='ocrx_word' id='word_1_139' title='bbox 348 2689 458 2744; x_wconf 82' lang='lat' dir='ltr'><strong>Kal</strong></span> <span class='ocrx_word' id='word_1_140' title='bbox 486 2690 818 2763; x_wconf 76' lang='grc' dir='ltr'><strong>ριζωμάτων</strong></span> <span class='ocrx_word' id='word_1_141' title='bbox 839 2693 948 2748; x_wconf 90' lang='grc' dir='ltr'><strong>τῶν</strong></span> <span class='ocrx_word' id='word_1_142' title='bbox 976 2693 1159 2749; x_wconf 85' lang='grc' dir='ltr'>αὐτῶν</span> <span class='ocrx_word' id='word_1_143' title='bbox 1192 2693 1356 2763; x_wconf 74' lang='grc' dir='ltr'>ἐξέφυ</span> <span class='ocrx_word' id='word_1_144' title='bbox 1378 2692 1648 2763; x_wconf 84' lang='grc' dir='ltr'><strong>Θεοφίλῳ.</strong></span> 
     </span>
    </p>
   </div>
   <div class='ocr_carea' id='block_1_26' title="bbox 360 2779 1795 2856">
    <p class='ocr_par' dir='ltr' id='par_1_26' title="bbox 360 2779 1795 2856">
     <span class='ocr_line' id='line_1_26' title="bbox 360 2779 1795 2856; baseline 0.004 -24"><span class='ocrx_word' id='word_1_145' title='bbox 360 2779 590 2849; x_wconf 74' lang='grc' dir='ltr'>Ἑφώνει</span> <span class='ocrx_word' id='word_1_146' title='bbox 614 2782 747 2849; x_wconf 81' lang='grc' dir='ltr'>γοῦν</span> <span class='ocrx_word' id='word_1_147' title='bbox 781 2784 1110 2855; x_wconf 84' lang='grc' dir='ltr'>περιπαθῶς</span> <span class='ocrx_word' id='word_1_148' title='bbox 1137 2785 1233 2838; x_wconf 78' lang='grc' dir='ltr'>καὶ</span> <span class='ocrx_word' id='word_1_149' title='bbox 1261 2784 1503 2856; x_wconf 85' lang='grc' dir='ltr'>δάκρυον</span> <span class='ocrx_word' id='word_1_150' title='bbox 1532 2784 1795 2855; x_wconf 82' lang='grc' dir='ltr'><strong>κατῆγεν,</strong></span> 
     </span>
    </p>
   </div>
   <div class='ocr_carea' id='block_1_27' title="bbox 359 2870 1709 2947">
    <p class='ocr_par' dir='ltr' id='par_1_27' title="bbox 359 2870 1709 2947">
     <span class='ocr_line' id='line_1_27' title="bbox 359 2870 1709 2947; baseline 0.005 -24"><span class='ocrx_word' id='word_1_151' title='bbox 359 2870 668 2944; x_wconf 74' lang='grc' dir='ltr'>Ἀμύντορα</span> <span class='ocrx_word' id='word_1_152' title='bbox 698 2873 794 2928; x_wconf 79' lang='grc' dir='ltr'>τὸν</span> <span class='ocrx_word' id='word_1_153' title='bbox 827 2875 1073 2947; x_wconf 87' lang='grc' dir='ltr'>κράτορα</span> <span class='ocrx_word' id='word_1_154' title='bbox 1096 2875 1365 2947; x_wconf 74' lang='grc' dir='ltr'>Ιγενέσθαι</span> <span class='ocrx_word' id='word_1_155' title='bbox 1396 2874 1709 2947; x_wconf 83' lang='grc' dir='ltr'>λιπαροῦσα</span> 
     </span>
    </p>
   </div>
   <div class='ocr_carea' id='block_1_28' title="bbox 347 2964 1821 3040">
    <p class='ocr_par' dir='ltr' id='par_1_28' title="bbox 347 2964 1821 3040">
     <span class='ocr_line' id='line_1_28' title="bbox 347 2964 1821 3040; baseline 0.002 -21"><span class='ocrx_word' id='word_1_156' title='bbox 347 2964 459 3019; x_wconf 83' lang='lat' dir='ltr'><strong>Kal</strong></span> <span class='ocrx_word' id='word_1_157' title='bbox 480 2964 584 3030; x_wconf 82' lang='grc' dir='ltr'><strong>τὰς</strong></span> <span class='ocrx_word' id='word_1_158' title='bbox 612 2965 875 3040; x_wconf 79' lang='grc' dir='ltr'>παλάμας</span> <span class='ocrx_word' id='word_1_159' title='bbox 899 2969 1145 3040; x_wconf 69' lang='grc' dir='ltr'>ἐπισχεῖν</span> <span class='ocrx_word' id='word_1_160' title='bbox 1166 2970 1269 3035; x_wconf 77' lang='grc' dir='ltr'><strong>τὰς</strong></span> <span class='ocrx_word' id='word_1_161' title='bbox 1303 2967 1821 3040; x_wconf 87' lang='grc' dir='ltr'>γιγαντοπαλάμους</span> 
     </span>
    </p>
   </div>
   <div class='ocr_carea' id='block_1_29' title="bbox 344 3238 1930 3314">
    <p class='ocr_par' dir='ltr' id='par_1_29' title="bbox 344 3238 1930 3314">
     <span class='ocr_line' id='line_1_29' title="bbox 344 3238 1930 3314; baseline 0.002 -21"><span class='ocrx_word' id='word_1_162' title='bbox 344 3239 555 3309; x_wconf 80' lang='lat' dir='ltr'><strong>lapides</strong></span> <span class='ocrx_word' id='word_1_163' title='bbox 580 3242 747 3297; x_wconf 88' lang='lat' dir='ltr'><strong>etiam</strong></span> <span class='ocrx_word' id='word_1_164' title='bbox 781 3240 1107 3312; x_wconf 89' lang='lat' dir='ltr'><strong>plaustrales</strong></span> <span class='ocrx_word' id='word_1_165' title='bbox 1146 3238 1526 3314; x_wconf 77' lang='lat' dir='ltr'><strong>magnitudine</strong></span> <span class='ocrx_word' id='word_1_166' title='bbox 1571 3240 1930 3313; x_wconf 80' lang='lat' dir='ltr'><strong>superabant.</strong></span> 
     </span>
    </p>
   </div>
   <div class='ocr_carea' id='block_1_30' title="bbox 1496 477 2523 541">
    <p class='ocr_par' dir='ltr' id='par_1_30' title="bbox 1496 477 2523 541">
     <span class='ocr_line' id='line_1_30' title="bbox 1496 477 2523 541; baseline 0.002 -3"><span class='ocrx_word' id='word_1_167' title='bbox 1496 478 2005 541; x_wconf 82' lang='lat' dir='ltr'><strong>COMPENDIUM</strong></span> <span class='ocrx_word' id='word_1_168' title='bbox 2045 479 2143 538; x_wconf 86' lang='lat' dir='ltr'><strong>Cll</strong></span> <span class='ocrx_word' id='word_1_169' title='bbox 2153 477 2305 540; x_wconf 82' lang='lat' dir='ltr'><strong>RON</strong></span> <span class='ocrx_word' id='word_1_170' title='bbox 2317 478 2523 540; x_wconf 88' lang='lat' dir='ltr'><strong>lCUM.</strong></span> 
     </span>
    </p>
   </div>
   <div class='ocr_carea' id='block_1_31' title="bbox 1968 588 3515 670">
    <p class='ocr_par' dir='ltr' id='par_1_31' title="bbox 1968 588 3515 670">
     <span class='ocr_line' id='line_1_31' title="bbox 1968 588 3515 670; baseline 0.005 -28"><span class='ocrx_word' id='word_1_171' title='bbox 1968 588 2022 649; x_wconf 72' lang='grc' dir='ltr'><strong>«Α</strong></span> <span class='ocrx_word' id='word_1_172' title='bbox 2049 588 2155 643; x_wconf 83' lang='grc' dir='ltr'><strong>Τοῦ</strong></span> <span class='ocrx_word' id='word_1_173' title='bbox 2186 591 2470 660; x_wconf 79' lang='grc' dir='ltr'>Πετρωνᾶ,</span> <span class='ocrx_word' id='word_1_174' title='bbox 2496 588 2858 663; x_wconf 81' lang='grc' dir='ltr'>λυττήσαντος</span> <span class='ocrx_word' id='word_1_175' title='bbox 2890 592 2953 647; x_wconf 79' lang='grc' dir='ltr'><strong>ἐκ</strong></span> <span class='ocrx_word' id='word_1_176' title='bbox 2980 593 3261 659; x_wconf 85' lang='grc' dir='ltr'>φιλαδίκου</span> <span class='ocrx_word' id='word_1_177' title='bbox 3290 595 3515 670; x_wconf 81' lang='grc' dir='ltr'><strong>γνώμης</strong></span> 
     </span>
    </p>
   </div>
   <div class='ocr_carea' id='block_1_32' title="bbox 3522 484 3657 548">
    <p class='ocr_par' dir='ltr' id='par_1_32' title="bbox 3522 484 3657 548">
     <span class='ocr_line' id='line_1_32' title="bbox 3522 484 3657 548; baseline -0.007 -1"><span class='ocrx_word' id='word_1_178' title='bbox 3522 484 3657 548; x_wconf 54' lang='lat'><strong>402*:</strong></span> 
     </span>
    </p>
   </div>
   <div class='ocr_carea' id='block_1_33' title="bbox 2052 680 3424 753">
    <p class='ocr_par' dir='ltr' id='par_1_33' title="bbox 2052 680 3424 753">
     <span class='ocr_line' id='line_1_33' title="bbox 2052 680 3424 753; baseline 0.004 -19"><span class='ocrx_word' id='word_1_179' title='bbox 2052 682 2160 734; x_wconf 89' lang='lat' dir='ltr'><strong>Kal</strong></span> <span class='ocrx_word' id='word_1_180' title='bbox 2187 681 2247 733; x_wconf 81' lang='grc' dir='ltr'>τὸ</span> <span class='ocrx_word' id='word_1_181' title='bbox 2271 680 2475 751; x_wconf 76' lang='grc' dir='ltr'>λυπρὸν</span> <span class='ocrx_word' id='word_1_182' title='bbox 2495 680 2766 751; x_wconf 79' lang='grc' dir='ltr'>δωμάτιον</span> <span class='ocrx_word' id='word_1_183' title='bbox 2789 683 2960 753; x_wconf 82' lang='grc' dir='ltr'>αὐτῆς</span> <span class='ocrx_word' id='word_1_184' title='bbox 2982 684 3424 753; x_wconf 83' lang='grc' dir='ltr'>ὲπισκοτοῦντος,</span> 
     </span>
    </p>
   </div>
   <div class='ocr_carea' id='block_1_34' title="bbox 2052 771 3473 845">
    <p class='ocr_par' dir='ltr' id='par_1_34' title="bbox 2052 771 3473 845">
     <span class='ocr_line' id='line_1_34' title="bbox 2052 771 3473 845; baseline 0.006 -22"><span class='ocrx_word' id='word_1_185' title='bbox 2052 771 2244 834; x_wconf 78' lang='grc' dir='ltr'>Ὅπως</span> <span class='ocrx_word' id='word_1_186' title='bbox 2281 772 2356 843; x_wconf 79' lang='grc' dir='ltr'><strong>μὴ</strong></span> <span class='ocrx_word' id='word_1_187' title='bbox 2388 772 2578 842; x_wconf 78' lang='grc' dir='ltr'>φέρειν</span> <span class='ocrx_word' id='word_1_188' title='bbox 2611 772 2813 843; x_wconf 79' lang='grc' dir='ltr'>ἔχουσα</span> <span class='ocrx_word' id='word_1_189' title='bbox 2848 773 2909 827; x_wconf 79' lang='grc' dir='ltr'>τὸ</span> <span class='ocrx_word' id='word_1_190' title='bbox 2938 775 3259 845; x_wconf 79' lang='grc' dir='ltr'>τηλικοῦτον</span> <span class='ocrx_word' id='word_1_191' title='bbox 3281 777 3473 842; x_wconf 84' lang='grc' dir='ltr'>σκότος</span> 
     </span>
    </p>
   </div>
   <div class='ocr_carea' id='block_1_35' title="bbox 2062 861 3468 941">
    <p class='ocr_par' dir='ltr' id='par_1_35' title="bbox 2062 861 3468 941">
     <span class='ocr_line' id='line_1_35' title="bbox 2062 861 3468 941; baseline 0.006 -26"><span class='ocrx_word' id='word_1_192' title='bbox 2062 862 2327 932; x_wconf 79' lang='grc' dir='ltr'><strong>Ἀνέμων,</strong></span> <span class='ocrx_word' id='word_1_193' title='bbox 2367 863 2395 916; x_wconf 83' lang='grc' dir='ltr'>ὂ</span> <span class='ocrx_word' id='word_1_194' title='bbox 2418 880 2574 931; x_wconf 84' lang='grc' dir='ltr'>φασι,</span> <span class='ocrx_word' id='word_1_195' title='bbox 2605 866 2797 926; x_wconf 81' lang='grc' dir='ltr'>πνοαῖς</span> <span class='ocrx_word' id='word_1_196' title='bbox 2842 864 2935 918; x_wconf 80' lang='grc' dir='ltr'><strong>τὸν</strong></span> <span class='ocrx_word' id='word_1_197' title='bbox 2957 861 3108 920; x_wconf 76' lang='grc' dir='ltr'>οἷκον</span> <span class='ocrx_word' id='word_1_198' title='bbox 3138 867 3468 941; x_wconf 77' lang='grc' dir='ltr'>καταλείπῃ.</span> 
     </span>
    </p>
   </div>
   <div class='ocr_carea' id='block_1_36' title="bbox 2047 945 3496 1030">
    <p class='ocr_par' dir='ltr' id='par_1_36' title="bbox 2047 945 3496 1030">
     <span class='ocr_line' id='line_1_36' title="bbox 2047 945 3496 1030; baseline 0.01 -29"><span class='ocrx_word' id='word_1_199' title='bbox 2047 945 2290 1002; x_wconf 85' lang='grc' dir='ltr'>Ἤκουσε</span> <span class='ocrx_word' id='word_1_200' title='bbox 2309 949 2467 1004; x_wconf 84' lang='grc' dir='ltr'>ταῦθ’</span> <span class='ocrx_word' id='word_1_201' title='bbox 2492 952 2520 1004; x_wconf 90' lang='grc' dir='ltr'><strong>ό</strong></span> <span class='ocrx_word' id='word_1_202' title='bbox 2545 950 2823 1022; x_wconf 83' lang='grc' dir='ltr'>βασιλεὺς,</span> <span class='ocrx_word' id='word_1_203' title='bbox 2862 953 3098 1025; x_wconf 77' lang='grc' dir='ltr'><strong>ἐζήτησε</strong></span> <span class='ocrx_word' id='word_1_204' title='bbox 3126 956 3187 1010; x_wconf 82' lang='grc' dir='ltr'>τὸ</span> <span class='ocrx_word' id='word_1_205' title='bbox 3209 959 3463 1030; x_wconf 79' lang='grc' dir='ltr'>πρᾶγμα,</span> <span class='ocrx_word' id='word_1_206' title='bbox 3491 1010 3496 1015; x_wconf 89' lang='grc'><strong>.</strong></span> 
     </span>
    </p>
   </div>
   <div class='ocr_carea' id='block_1_37' title="bbox 2052 1039 3386 1119">
    <p class='ocr_par' dir='ltr' id='par_1_37' title="bbox 2052 1039 3386 1119">
     <span class='ocr_line' id='line_1_37' title="bbox 2052 1039 3386 1119; baseline 0.01 -28"><span class='ocrx_word' id='word_1_207' title='bbox 2052 1039 2235 1108; x_wconf 78' lang='grc' dir='ltr'>Ἔγνω</span> <span class='ocrx_word' id='word_1_208' title='bbox 2264 1040 2329 1094; x_wconf 79' lang='grc' dir='ltr'>τὸ</span> <span class='ocrx_word' id='word_1_209' title='bbox 2368 1041 2777 1115; x_wconf 81' lang='grc' dir='ltr'>φιλομόχθηρον</span> <span class='ocrx_word' id='word_1_210' title='bbox 2804 1043 2902 1098; x_wconf 77' lang='grc' dir='ltr'>τοῦ</span> <span class='ocrx_word' id='word_1_211' title='bbox 2930 1046 3386 1119; x_wconf 77' lang='grc' dir='ltr'>καταδοωμὲνου.</span> 
     </span>
    </p>
   </div>
   <div class='ocr_carea' id='block_1_38' title="bbox 2048 1128 3504 1211">
    <p class='ocr_par' dir='ltr' id='par_1_38' title="bbox 2048 1128 3504 1211">
     <span class='ocr_line' id='line_1_38' title="bbox 2048 1128 3504 1211; baseline 0.009 -28"><span class='ocrx_word' id='word_1_212' title='bbox 2048 1131 2159 1185; x_wconf 80' lang='grc' dir='ltr'>Καὶ</span> <span class='ocrx_word' id='word_1_213' title='bbox 2193 1131 2285 1185; x_wconf 76' lang='grc' dir='ltr'><strong>τὸν</strong></span> <span class='ocrx_word' id='word_1_214' title='bbox 2321 1133 2423 1203; x_wconf 79' lang='grc' dir='ltr'><strong>μὲν</strong></span> <span class='ocrx_word' id='word_1_215' title='bbox 2450 1128 2601 1188; x_wconf 77' lang='grc' dir='ltr'>οἵκον</span> <span class='ocrx_word' id='word_1_216' title='bbox 2627 1138 2887 1208; x_wconf 83' lang='grc' dir='ltr'>κατασπᾷ</span> <span class='ocrx_word' id='word_1_217' title='bbox 2919 1137 3082 1209; x_wconf 85' lang='grc' dir='ltr'>μέχρι</span> <span class='ocrx_word' id='word_1_218' title='bbox 3113 1140 3209 1193; x_wconf 77' lang='grc' dir='ltr'><strong>καὶ</strong></span> <span class='ocrx_word' id='word_1_219' title='bbox 3237 1139 3504 1211; x_wconf 78' lang='grc' dir='ltr'><strong>θεμελίων</strong></span> 
     </span>
    </p>
   </div>
   <div class='ocr_carea' id='block_1_39' title="bbox 2047 1222 3452 1301">
    <p class='ocr_par' dir='ltr' id='par_1_39' title="bbox 2047 1222 3452 1301">
     <span class='ocr_line' id='line_1_39' title="bbox 2047 1222 3452 1301; baseline 0.007 -25"><span class='ocrx_word' id='word_1_220' title='bbox 2047 1224 2153 1277; x_wconf 85' lang='grc' dir='ltr'><strong>Τὸν</strong></span> <span class='ocrx_word' id='word_1_221' title='bbox 2184 1222 2354 1279; x_wconf 84' lang='grc' dir='ltr'>νύκτα</span> <span class='ocrx_word' id='word_1_222' title='bbox 2393 1227 2774 1297; x_wconf 65' lang='grc' dir='ltr'>χειροποίητον</span> <span class='ocrx_word' id='word_1_223' title='bbox 2813 1230 2887 1301; x_wconf 76' lang='grc' dir='ltr'>τῇ</span> <span class='ocrx_word' id='word_1_224' title='bbox 2911 1230 3133 1299; x_wconf 72' lang='grc' dir='ltr'>γυναικὶ</span> <span class='ocrx_word' id='word_1_225' title='bbox 3170 1233 3452 1299; x_wconf 79' lang='grc' dir='ltr'>ποιοῦντα,</span> 
     </span>
    </p>
   </div>
   <div class='ocr_carea' id='block_1_40' title="bbox 2045 1315 3412 1392">
    <p class='ocr_par' dir='ltr' id='par_1_40' title="bbox 2045 1315 3412 1392">
     <span class='ocr_line' id='line_1_40' title="bbox 2045 1315 3412 1392; baseline 0.006 -23"><span class='ocrx_word' id='word_1_226' title='bbox 2045 1315 2220 1369; x_wconf 77' lang='grc' dir='ltr'>Αὐτὸν</span> <span class='ocrx_word' id='word_1_227' title='bbox 2240 1315 2297 1370; x_wconf 78' lang='grc' dir='ltr'>δὲ</span> <span class='ocrx_word' id='word_1_228' title='bbox 2323 1316 2489 1386; x_wconf 81' lang='grc' dir='ltr'><strong>μέσον</strong></span> <span class='ocrx_word' id='word_1_229' title='bbox 2527 1317 2752 1387; x_wconf 81' lang='grc' dir='ltr'>ἀγαγὼν</span> <span class='ocrx_word' id='word_1_230' title='bbox 2780 1319 2879 1392; x_wconf 79' lang='grc' dir='ltr'>τῆς</span> <span class='ocrx_word' id='word_1_231' title='bbox 2913 1320 3191 1392; x_wconf 84' lang='grc' dir='ltr'>λεωφόρου</span> <span class='ocrx_word' id='word_1_232' title='bbox 3219 1323 3412 1391; x_wconf 78' lang='grc' dir='ltr'>τρίϐου</span> 
     </span>
    </p>
   </div>
   <div class='ocr_carea' id='block_1_41' title="bbox 2059 1407 3620 1488">
    <p class='ocr_par' dir='ltr' id='par_1_41' title="bbox 2059 1407 3620 1488">
     <span class='ocr_line' id='line_1_41' title="bbox 2059 1407 3620 1488; baseline 0.01 -30"><span class='ocrx_word' id='word_1_233' title='bbox 2059 1408 2242 1477; x_wconf 85' lang='grc' dir='ltr'>Ὡμοῖς</span> <span class='ocrx_word' id='word_1_234' title='bbox 2279 1407 2592 1480; x_wconf 81' lang='grc' dir='ltr'>βουνεύροις</span> <span class='ocrx_word' id='word_1_235' title='bbox 2619 1410 2716 1474; x_wconf 83' lang='grc' dir='ltr'><strong>τὰς</strong></span> <span class='ocrx_word' id='word_1_236' title='bbox 2751 1410 2918 1466; x_wconf 81' lang='grc' dir='ltr'>αὐτοῦ</span> <span class='ocrx_word' id='word_1_237' title='bbox 2964 1414 3355 1485; x_wconf 55' lang='grc' dir='ltr'>καταμελαὼει</span> <span class='ocrx_word' id='word_1_238' title='bbox 3384 1416 3620 1488; x_wconf 81' lang='grc' dir='ltr'>σάρκας.</span> 
     </span>
    </p>
   </div>
   <div class='ocr_carea' id='block_1_42' title="bbox 2126 1498 3512 1577">
    <p class='ocr_par' dir='ltr' id='par_1_42' title="bbox 2126 1498 3512 1577">
     <span class='ocr_line' id='line_1_42' title="bbox 2126 1498 3512 1577; baseline 0.009 -27"><span class='ocrx_word' id='word_1_239' title='bbox 2126 1498 2298 1552; x_wconf 83' lang='grc' dir='ltr'>Τοῦτο</span> <span class='ocrx_word' id='word_1_240' title='bbox 2335 1500 2534 1570; x_wconf 81' lang='grc' dir='ltr'><strong>μικρὸν</strong></span> <span class='ocrx_word' id='word_1_241' title='bbox 2552 1503 2861 1574; x_wconf 86' lang='grc' dir='ltr'>τεκμήριον</span> <span class='ocrx_word' id='word_1_242' title='bbox 2893 1504 3075 1576; x_wconf 75' lang='grc' dir='ltr'>ψυχῆς</span> <span class='ocrx_word' id='word_1_243' title='bbox 3104 1506 3207 1577; x_wconf 82' lang='grc' dir='ltr'>τῆς</span> <span class='ocrx_word' id='word_1_244' title='bbox 3228 1507 3512 1577; x_wconf 78' lang='grc' dir='ltr'>Θεοφίλου,</span> 
     </span>
    </p>
   </div>
   <div class='ocr_carea' id='block_1_43' title="bbox 2045 1587 3389 1667">
    <p class='ocr_par' dir='ltr' id='par_1_43' title="bbox 2045 1587 3389 1667">
     <span class='ocr_line' id='line_1_43' title="bbox 2045 1587 3389 1667; baseline 0.01 -29"><span class='ocrx_word' id='word_1_245' title='bbox 2045 1587 2358 1657; x_wconf 85' lang='grc' dir='ltr'>Δυνάμενον</span> <span class='ocrx_word' id='word_1_246' title='bbox 2388 1589 2671 1661; x_wconf 83' lang='grc' dir='ltr'>κατάδηλα</span> <span class='ocrx_word' id='word_1_247' title='bbox 2707 1593 2802 1645; x_wconf 80' lang='lat' dir='ltr'><strong><em>xal</em></strong></span> <span class='ocrx_word' id='word_1_248' title='bbox 2830 1593 2898 1661; x_wconf 74' lang='grc' dir='ltr'><strong>τὰ</strong></span> <span class='ocrx_word' id='word_1_249' title='bbox 2920 1594 3087 1649; x_wconf 86' lang='grc' dir='ltr'><strong>λοιπὰ</strong></span> <span class='ocrx_word' id='word_1_250' title='bbox 3122 1597 3348 1667; x_wconf 83' lang='grc' dir='ltr'>ποιῆσαι</span> <span class='ocrx_word' id='word_1_251' title='bbox 3374 1613 3389 1626; x_wconf 85' lang='lat'><strong><em>‘</em></strong></span> 
     </span>
    </p>
   </div>
   <div class='ocr_carea' id='block_1_44' title="bbox 2043 1679 3626 1760">
    <p class='ocr_par' dir='ltr' id='par_1_44' title="bbox 2043 1679 3626 1760">
     <span class='ocr_line' id='line_1_44' title="bbox 2043 1679 3626 1760; baseline 0.009 -29"><span class='ocrx_word' id='word_1_252' title='bbox 2043 1679 2152 1732; x_wconf 88' lang='lat' dir='ltr'><strong>Kal</strong></span> <span class='ocrx_word' id='word_1_253' title='bbox 2182 1681 2290 1750; x_wconf 85' lang='grc' dir='ltr'>γὰρ</span> <span class='ocrx_word' id='word_1_254' title='bbox 2314 1680 2410 1733; x_wconf 74' lang='grc' dir='ltr'><strong>καὶ</strong></span> <span class='ocrx_word' id='word_1_255' title='bbox 2439 1681 2728 1754; x_wconf 81' lang='grc' dir='ltr'>Βόκχορις,</span> <span class='ocrx_word' id='word_1_256' title='bbox 2755 1685 2944 1754; x_wconf 76' lang='grc' dir='ltr'>φασὶν,</span> <span class='ocrx_word' id='word_1_257' title='bbox 2986 1688 3016 1741; x_wconf 90' lang='grc' dir='ltr'><strong>ό</strong></span> <span class='ocrx_word' id='word_1_258' title='bbox 3049 1688 3275 1760; x_wconf 87' lang='grc' dir='ltr'>κράτωρ</span> <span class='ocrx_word' id='word_1_259' title='bbox 3309 1689 3626 1760; x_wconf 71' lang='grc' dir='ltr'>Αἰγυπτίων</span> 
     </span>
    </p>
   </div>
   <div class='ocr_carea' id='block_1_45' title="bbox 2055 1769 3338 1851">
    <p class='ocr_par' dir='ltr' id='par_1_45' title="bbox 2055 1769 3338 1851">
     <span class='ocr_line' id='line_1_45' title="bbox 2055 1769 3338 1851; baseline 0.01 -29"><span class='ocrx_word' id='word_1_260' title='bbox 2055 1770 2189 1823; x_wconf 79' lang='grc' dir='ltr'>Ἀπὸ</span> <span class='ocrx_word' id='word_1_261' title='bbox 2217 1769 2589 1843; x_wconf 73' lang='grc' dir='ltr'>ψελλισματος</span> <span class='ocrx_word' id='word_1_262' title='bbox 2620 1774 2740 1839; x_wconf 77' lang='grc' dir='ltr'>ἐνὸς</span> <span class='ocrx_word' id='word_1_263' title='bbox 2760 1776 3087 1848; x_wconf 82' lang='grc' dir='ltr'>ἀρτιγενοῦς</span> <span class='ocrx_word' id='word_1_264' title='bbox 3123 1780 3338 1851; x_wconf 60' lang='grc' dir='ltr'>νηπίουι</span> 
     </span>
    </p>
   </div>
   <div class='ocr_carea' id='block_1_46' title="bbox 2043 1861 3349 1942">
    <p class='ocr_par' dir='ltr' id='par_1_46' title="bbox 2043 1861 3349 1942">
     <span class='ocr_line' id='line_1_46' title="bbox 2043 1861 3349 1942; baseline 0.011 -29"><span class='ocrx_word' id='word_1_265' title='bbox 2043 1861 2156 1933; x_wconf 79' lang='grc' dir='ltr'><strong>Τὴν</strong></span> <span class='ocrx_word' id='word_1_266' title='bbox 2177 1861 2517 1935; x_wconf 78' lang='grc' dir='ltr'>παλαιτέραν</span> <span class='ocrx_word' id='word_1_267' title='bbox 2535 1866 2763 1921; x_wconf 82' lang='grc' dir='ltr'>ἁπασῶν</span> <span class='ocrx_word' id='word_1_268' title='bbox 2787 1868 3071 1925; x_wconf 85' lang='grc' dir='ltr'>διάλεκτον</span> <span class='ocrx_word' id='word_1_269' title='bbox 3099 1870 3349 1942; x_wconf 68' lang='grc' dir='ltr'>ἐπέγνω.</span> 
     </span>
    </p>
   </div>
   <div class='ocr_carea' id='block_1_47' title="bbox 1967 1951 3483 2035">
    <p class='ocr_par' dir='ltr' id='par_1_47' title="bbox 1967 1951 3483 2035">
     <span class='ocr_line' id='line_1_47' title="bbox 1967 1951 3483 2035; baseline 0.011 -32"><span class='ocrx_word' id='word_1_270' title='bbox 1967 1951 2009 2006; x_wconf 84' lang='grc' dir='ltr'><strong>Β</strong></span> <span class='ocrx_word' id='word_1_271' title='bbox 2039 1953 2112 2005; x_wconf 81' lang='grc' dir='ltr'><strong>Τὸ</strong></span> <span class='ocrx_word' id='word_1_272' title='bbox 2141 1952 2190 2006; x_wconf 78' lang='grc' dir='ltr'>δ’</span> <span class='ocrx_word' id='word_1_273' title='bbox 2214 1954 2702 2027; x_wconf 74' lang='grc' dir='ltr'>ἑλευθεροκάρδιον</span> <span class='ocrx_word' id='word_1_274' title='bbox 2723 1959 2863 2028; x_wconf 85' lang='grc' dir='ltr'>πρὸς</span> <span class='ocrx_word' id='word_1_275' title='bbox 2889 1960 2989 2025; x_wconf 81' lang='grc' dir='ltr'><strong>τὰς</strong></span> <span class='ocrx_word' id='word_1_276' title='bbox 3026 1962 3483 2035; x_wconf 72' lang='grc' dir='ltr'>αἰσχροκερδείας</span> 
     </span>
    </p>
   </div>
   <div class='ocr_carea' id='block_1_48' title="bbox 2043 2046 3529 2126">
    <p class='ocr_par' dir='ltr' id='par_1_48' title="bbox 2043 2046 3529 2126">
     <span class='ocr_line' id='line_1_48' title="bbox 2043 2046 3529 2126; baseline 0.013 -28"><span class='ocrx_word' id='word_1_277' title='bbox 2043 2046 2154 2099; x_wconf 88' lang='lat' dir='ltr'><strong>Kal</strong></span> <span class='ocrx_word' id='word_1_278' title='bbox 2186 2047 2247 2100; x_wconf 81' lang='grc' dir='ltr'>τὸ</span> <span class='ocrx_word' id='word_1_279' title='bbox 2280 2048 2356 2120; x_wconf 86' lang='grc' dir='ltr'><strong>μὴ</strong></span> <span class='ocrx_word' id='word_1_280' title='bbox 2389 2048 2680 2119; x_wconf 82' lang='grc' dir='ltr'>βούλεσθαι</span> <span class='ocrx_word' id='word_1_281' title='bbox 2711 2052 2915 2124; x_wconf 81' lang='grc' dir='ltr'>χρυσὸν</span> <span class='ocrx_word' id='word_1_282' title='bbox 2945 2053 3091 2125; x_wconf 78' lang='grc' dir='ltr'>ἔχειν</span> <span class='ocrx_word' id='word_1_283' title='bbox 3125 2057 3190 2108; x_wconf 81' lang='grc' dir='ltr'><strong>ὲκ</strong></span> <span class='ocrx_word' id='word_1_284' title='bbox 3213 2056 3529 2126; x_wconf 79' lang='grc' dir='ltr'>καπηλείας.</span> 
     </span>
    </p>
   </div>
   <div class='ocr_carea' id='block_1_49' title="bbox 2053 2137 3553 2219">
    <p class='ocr_par' dir='ltr' id='par_1_49' title="bbox 2053 2137 3553 2219">
     <span class='ocr_line' id='line_1_49' title="bbox 2053 2137 3553 2219; baseline 0.008 -28"><span class='ocrx_word' id='word_1_285' title='bbox 2053 2137 2356 2209; x_wconf 81' lang='grc' dir='ltr'>’ῐσχύσουσι</span> <span class='ocrx_word' id='word_1_286' title='bbox 2388 2142 2433 2174; x_wconf 83' lang='grc'><strong>¹⁰</strong></span> <span class='ocrx_word' id='word_1_287' title='bbox 2473 2142 2853 2199; x_wconf 88' lang='grc' dir='ltr'>πιστώσασθαι</span> <span class='ocrx_word' id='word_1_288' title='bbox 2881 2144 2950 2199; x_wconf 82' lang='grc' dir='ltr'><strong>τὰ</strong></span> <span class='ocrx_word' id='word_1_289' title='bbox 2995 2145 3264 2216; x_wconf 83' lang='grc' dir='ltr'>μέλλοντα</span> <span class='ocrx_word' id='word_1_290' title='bbox 3299 2148 3553 2219; x_wconf 79' lang='grc' dir='ltr'>ῥηθῆναι.</span> 
     </span>
    </p>
   </div>
   <div class='ocr_carea' id='block_1_50' title="bbox 2044 2231 3411 2309">
    <p class='ocr_par' dir='ltr' id='par_1_50' title="bbox 2044 2231 3411 2309">
     <span class='ocr_line' id='line_1_50' title="bbox 2044 2231 3411 2309; baseline 0.009 -25"><span class='ocrx_word' id='word_1_291' title='bbox 2044 2231 2276 2303; x_wconf 85' lang='grc' dir='ltr'>Ἔτυχεν</span> <span class='ocrx_word' id='word_1_292' title='bbox 2303 2232 2514 2288; x_wconf 75' lang='grc' dir='ltr'>ἄνωθεν</span> <span class='ocrx_word' id='word_1_293' title='bbox 2544 2233 2720 2300; x_wconf 82' lang='grc' dir='ltr'>ἑστὼς</span> <span class='ocrx_word' id='word_1_294' title='bbox 2745 2237 2856 2291; x_wconf 89' lang='grc' dir='ltr'><strong>τῶν</strong></span> <span class='ocrx_word' id='word_1_295' title='bbox 2893 2237 3186 2309; x_wconf 82' lang='grc' dir='ltr'><strong>βασιλείων</strong></span> <span class='ocrx_word' id='word_1_296' title='bbox 3219 2242 3411 2307; x_wconf 75' lang='grc' dir='ltr'><strong>οἴκων,</strong></span> 
     </span>
    </p>
   </div>
   <div class='ocr_carea' id='block_1_51' title="bbox 2043 2322 3482 2403">
    <p class='ocr_par' dir='ltr' id='par_1_51' title="bbox 2043 2322 3482 2403">
     <span class='ocr_line' id='line_1_51' title="bbox 2043 2322 3482 2403; baseline 0.007 -28"><span class='ocrx_word' id='word_1_297' title='bbox 2043 2322 2215 2377; x_wconf 83' lang='grc' dir='ltr'>Ἔνθα</span> <span class='ocrx_word' id='word_1_298' title='bbox 2239 2322 2514 2394; x_wconf 82' lang='grc' dir='ltr'>γλυφεῖσα</span> <span class='ocrx_word' id='word_1_299' title='bbox 2544 2325 2588 2358; x_wconf 79' lang='grc'><strong>¹¹</strong></span> <span class='ocrx_word' id='word_1_300' title='bbox 2621 2325 2815 2395; x_wconf 80' lang='grc' dir='ltr'>δεξιῶς</span> <span class='ocrx_word' id='word_1_301' title='bbox 2839 2327 3135 2400; x_wconf 86' lang='grc' dir='ltr'>μάρμαρος</span> <span class='ocrx_word' id='word_1_302' title='bbox 3166 2330 3482 2403; x_wconf 88' lang='grc' dir='ltr'>χιονόχρους</span> 
     </span>
    </p>
   </div>
   <div class='ocr_carea' id='block_1_52' title="bbox 2039 2413 3554 2494">
    <p class='ocr_par' dir='ltr' id='par_1_52' title="bbox 2039 2413 3554 2494">
     <span class='ocr_line' id='line_1_52' title="bbox 2039 2413 3554 2494; baseline 0.007 -27"><span class='ocrx_word' id='word_1_303' title='bbox 2039 2413 2179 2468; x_wconf 73' lang='grc' dir='ltr'>Βοῦν</span> <span class='ocrx_word' id='word_1_304' title='bbox 2221 2417 2671 2488; x_wconf 85' lang='grc' dir='ltr'>μεγαλόπλευρον</span> <span class='ocrx_word' id='word_1_305' title='bbox 2708 2421 2894 2484; x_wconf 77' lang='grc' dir='ltr'>τυποῖ,</span> <span class='ocrx_word' id='word_1_306' title='bbox 2926 2421 3022 2475; x_wconf 76' lang='grc' dir='ltr'>καὶ</span> <span class='ocrx_word' id='word_1_307' title='bbox 3054 2420 3246 2477; x_wconf 78' lang='grc' dir='ltr'>λέοντα</span> <span class='ocrx_word' id='word_1_308' title='bbox 3281 2423 3554 2494; x_wconf 71' lang='grc' dir='ltr'>μορφάξει</span> 
     </span>
    </p>
   </div>
   <div class='ocr_carea' id='block_1_53' title="bbox 2053 2506 3381 2584">
    <p class='ocr_par' dir='ltr' id='par_1_53' title="bbox 2053 2506 3381 2584">
     <span class='ocr_line' id='line_1_53' title="bbox 2053 2506 3381 2584; baseline 0.008 -25"><span class='ocrx_word' id='word_1_309' title='bbox 2053 2506 2444 2577; x_wconf 84' lang='grc' dir='ltr'>Ἐπιπηδῶντα</span> <span class='ocrx_word' id='word_1_310' title='bbox 2473 2512 2539 2582; x_wconf 77' lang='grc' dir='ltr'>τῇ</span> <span class='ocrx_word' id='word_1_311' title='bbox 2574 2510 2661 2581; x_wconf 82' lang='grc' dir='ltr'><strong>βοῒ</strong></span> <span class='ocrx_word' id='word_1_312' title='bbox 2687 2512 2783 2567; x_wconf 73' lang='grc' dir='ltr'><strong>καὶ</strong></span> <span class='ocrx_word' id='word_1_313' title='bbox 2804 2512 3030 2567; x_wconf 87' lang='grc' dir='ltr'>πίνοντα</span> <span class='ocrx_word' id='word_1_314' title='bbox 3053 2513 3147 2567; x_wconf 81' lang='grc' dir='ltr'>τοῢ</span> <span class='ocrx_word' id='word_1_315' title='bbox 3178 2514 3341 2584; x_wconf 89' lang='grc' dir='ltr'>φόνου</span> <span class='ocrx_word' id='word_1_316' title='bbox 3364 2531 3381 2548; x_wconf 82' lang='grc'>⁶</span> 
     </span>
    </p>
   </div>
   <div class='ocr_carea' id='block_1_54' title="bbox 2040 2598 3514 2677">
    <p class='ocr_par' dir='ltr' id='par_1_54' title="bbox 2040 2598 3514 2677">
     <span class='ocr_line' id='line_1_54' title="bbox 2040 2598 3514 2677; baseline 0.007 -26"><span class='ocrx_word' id='word_1_317' title='bbox 2040 2598 2153 2653; x_wconf 85' lang='lat' dir='ltr'><strong>Kal</strong></span> <span class='ocrx_word' id='word_1_318' title='bbox 2186 2598 2378 2668; x_wconf 79' lang='grc' dir='ltr'>γέγονε</span> <span class='ocrx_word' id='word_1_319' title='bbox 2401 2601 2469 2655; x_wconf 86' lang='grc' dir='ltr'><strong>τὰ</strong></span> <span class='ocrx_word' id='word_1_320' title='bbox 2497 2601 2795 2674; x_wconf 84' lang='grc' dir='ltr'>γλύμματα</span> <span class='ocrx_word' id='word_1_321' title='bbox 2822 2603 2999 2659; x_wconf 78' lang='grc' dir='ltr'>ταῦτα</span> <span class='ocrx_word' id='word_1_322' title='bbox 3024 2605 3102 2676; x_wconf 81' lang='grc' dir='ltr'><strong>τῷ</strong></span> <span class='ocrx_word' id='word_1_323' title='bbox 3123 2606 3276 2677; x_wconf 86' lang='grc' dir='ltr'>τόπῳ</span> <span class='ocrx_word' id='word_1_324' title='bbox 3301 2606 3514 2677; x_wconf 80' lang='grc' dir='ltr'>κλῆσις.</span> 
     </span>
    </p>
   </div>
   <div class='ocr_carea' id='block_1_55' title="bbox 2052 2689 3512 2770">
    <p class='ocr_par' dir='ltr' id='par_1_55' title="bbox 2052 2689 3512 2770">
     <span class='ocr_line' id='line_1_55' title="bbox 2052 2689 3512 2770; baseline 0.005 -26"><span class='ocrx_word' id='word_1_325' title='bbox 2052 2689 2323 2744; x_wconf 77' lang='grc' dir='ltr'>Ἐνταῦθα</span> <span class='ocrx_word' id='word_1_326' title='bbox 2347 2691 2479 2760; x_wconf 80' lang='grc' dir='ltr'>γοῦν</span> <span class='ocrx_word' id='word_1_327' title='bbox 2507 2694 2537 2746; x_wconf 82' lang='grc' dir='ltr'><strong>ό</strong></span> <span class='ocrx_word' id='word_1_328' title='bbox 2560 2693 2815 2763; x_wconf 77' lang='grc' dir='ltr'>βασιλεὺς</span> <span class='ocrx_word' id='word_1_329' title='bbox 2849 2695 3024 2760; x_wconf 76' lang='grc' dir='ltr'>ἑστὼς</span> <span class='ocrx_word' id='word_1_330' title='bbox 3046 2697 3140 2751; x_wconf 73' lang='grc' dir='ltr'>καὶ</span> <span class='ocrx_word' id='word_1_331' title='bbox 3165 2699 3232 2770; x_wconf 79' lang='grc' dir='ltr'>τῇ</span> <span class='ocrx_word' id='word_1_332' title='bbox 3265 2697 3512 2770; x_wconf 77' lang='grc' dir='ltr'>θαλάσσῃ</span> 
     </span>
    </p>
   </div>
   <div class='ocr_carea' id='block_1_56' title="bbox 2038 2778 3442 2857">
    <p class='ocr_par' dir='ltr' id='par_1_56' title="bbox 2038 2778 3442 2857">
     <span class='ocr_line' id='line_1_56' title="bbox 2038 2778 3442 2857; baseline 0.004 -25"><span class='ocrx_word' id='word_1_333' title='bbox 2038 2780 2179 2844; x_wconf 82' lang='grc' dir='ltr'>Τοὺς</span> <span class='ocrx_word' id='word_1_334' title='bbox 2207 2778 2526 2851; x_wconf 73' lang='grc' dir='ltr'>ὀφθαλμοὺς</span> <span class='ocrx_word' id='word_1_335' title='bbox 2551 2783 2807 2853; x_wconf 75' lang='grc' dir='ltr'>ἐπαφιεὶς</span> <span class='ocrx_word' id='word_1_336' title='bbox 2838 2786 3070 2857; x_wconf 85' lang='grc' dir='ltr'>(γαλήνη</span> <span class='ocrx_word' id='word_1_337' title='bbox 3101 2785 3210 2857; x_wconf 83' lang='grc' dir='ltr'>γὰρ</span> <span class='ocrx_word' id='word_1_338' title='bbox 3250 2786 3442 2856; x_wconf 79' lang='grc' dir='ltr'>ἐγέλα)</span> 
     </span>
    </p>
   </div>
   <div class='ocr_carea' id='block_1_57' title="bbox 2038 2872 3474 2948">
    <p class='ocr_par' dir='ltr' id='par_1_57' title="bbox 2038 2872 3474 2948">
     <span class='ocr_line' id='line_1_57' title="bbox 2038 2872 3474 2948; baseline 0.005 -23"><span class='ocrx_word' id='word_1_339' title='bbox 2038 2872 2151 2925; x_wconf 85' lang='lat' dir='ltr'><strong>Kal</strong></span> <span class='ocrx_word' id='word_1_340' title='bbox 2173 2874 2296 2936; x_wconf 81' lang='grc' dir='ltr'>ταῖς</span> <span class='ocrx_word' id='word_1_341' title='bbox 2334 2872 2546 2927; x_wconf 69' lang='grc' dir='ltr'>ἃκείθεν</span> <span class='ocrx_word' id='word_1_342' title='bbox 2578 2874 2767 2946; x_wconf 87' lang='grc' dir='ltr'>χάρισι</span> <span class='ocrx_word' id='word_1_343' title='bbox 2798 2875 3152 2948; x_wconf 78' lang='grc' dir='ltr'>ψυχαγωγῶν</span> <span class='ocrx_word' id='word_1_344' title='bbox 3173 2878 3274 2943; x_wconf 83' lang='grc' dir='ltr'>τὰς</span> <span class='ocrx_word' id='word_1_345' title='bbox 3308 2878 3474 2948; x_wconf 41' lang='grc' dir='ltr'>ὄψεις,</span> 
     </span>
    </p>
   </div>
   <div class='ocr_carea' id='block_1_58' title="bbox 2038 2962 3385 3041">
    <p class='ocr_par' dir='ltr' id='par_1_58' title="bbox 2038 2962 3385 3041">
     <span class='ocr_line' id='line_1_58' title="bbox 2038 2962 3385 3041; baseline 0.006 -24"><span class='ocrx_word' id='word_1_346' title='bbox 2038 2962 2230 3019; x_wconf 87' lang='grc' dir='ltr'><strong>Πλοῖον</strong></span> <span class='ocrx_word' id='word_1_347' title='bbox 2250 2964 2352 3037; x_wconf 72' lang='grc' dir='ltr'><strong>δρᾷ</strong></span> <span class='ocrx_word' id='word_1_348' title='bbox 2379 2964 2722 3038; x_wconf 81' lang='grc' dir='ltr'>κατάφορτον</span> <span class='ocrx_word' id='word_1_349' title='bbox 2746 2968 2815 3040; x_wconf 71' lang='grc' dir='ltr'><strong>τῇ</strong></span> <span class='ocrx_word' id='word_1_350' title='bbox 2846 2966 3028 3041; x_wconf 82' lang='grc' dir='ltr'>χέρσῳ</span> <span class='ocrx_word' id='word_1_351' title='bbox 3049 2968 3385 3041; x_wconf 76' lang='grc' dir='ltr'>πλησιάζον.-</span> 
     </span>
    </p>
   </div>
   <div class='ocr_carea' id='block_1_59' title="bbox 3291 3058 3625 3120">
    <p class='ocr_par' dir='ltr' id='par_1_59' title="bbox 3291 3058 3625 3120">
     <span class='ocr_line' id='line_1_59' title="bbox 3291 3058 3625 3120; baseline 0.012 -4"><span class='ocrx_word' id='word_1_352' title='bbox 3291 3058 3450 3118; x_wconf 77' lang='lat' dir='ltr'><strong>Vers.</strong></span> <span class='ocrx_word' id='word_1_353' title='bbox 3481 3061 3625 3120; x_wconf 69' lang='lat'><strong>4870</strong></span> 
     </span>
    </p>
   </div>
   <div class='ocr_carea' id='block_1_60' title="bbox 2038 3241 3618 3316">
    <p class='ocr_par' dir='ltr' id='par_1_60' title="bbox 2038 3241 3618 3316">
     <span class='ocr_line' id='line_1_60' title="bbox 2038 3241 3618 3316; baseline 0.003 -18"><span class='ocrx_word' id='word_1_354' title='bbox 2038 3242 2306 3315; x_wconf 80' lang='lat' dir='ltr'><strong>lacrymas</strong></span> <span class='ocrx_word' id='word_1_355' title='bbox 2362 3241 2618 3310; x_wconf 86' lang='lat' dir='ltr'><strong>fundere,</strong></span> <span class='ocrx_word' id='word_1_356' title='bbox 2671 3259 2834 3315; x_wconf 91' lang='lat' dir='ltr'><strong>opem</strong></span> <span class='ocrx_word' id='word_1_357' title='bbox 2888 3243 3241 3316; x_wconf 77' lang='lat' dir='ltr'><strong>imperatoris</strong></span> <span class='ocrx_word' id='word_1_358' title='bbox 3292 3243 3618 3316; x_wconf 82' lang='lat' dir='ltr'><strong>implorare,</strong></span> 
     </span>
    </p>
   </div>
   <div class='ocr_carea' id='block_1_61' title="bbox 345 3303 3622 3406">
    <p class='ocr_par' dir='ltr' id='par_1_61' title="bbox 345 3303 3622 3406">
     <span class='ocr_line' id='line_1_61' title="bbox 345 3303 3622 3406; baseline 0.002 -22"><span class='ocrx_word' id='word_1_359' title='bbox 345 3303 460 3385; x_wconf 74' lang='lat' dir='ltr'><strong>Non</strong></span> <span class='ocrx_word' id='word_1_360' title='bbox 488 3331 680 3402; x_wconf 90' lang='lat' dir='ltr'><strong>inepte</strong></span> <span class='ocrx_word' id='word_1_361' title='bbox 725 3303 932 3389; x_wconf 79' lang='lat' dir='ltr'><strong>dixerit</strong></span> <span class='ocrx_word' id='word_1_362' title='bbox 954 3331 1157 3405; x_wconf 86' lang='lat' dir='ltr'><strong>aliquis</strong></span> <span class='ocrx_word' id='word_1_363' title='bbox 1196 3303 1434 3390; x_wconf 60' lang='lat' dir='ltr'><strong>vcrtices</strong></span> <span class='ocrx_word' id='word_1_364' title='bbox 1473 3303 1930 3405; x_wconf 45' lang='lat' dir='ltr'><strong>quashquosdam</strong></span> <span class='ocrx_word' id='word_1_365' title='bbox 1959 3303 2007 3363; x_wconf 64' lang='grc' dir='ltr'>ο</span> <span class='ocrx_word' id='word_1_366' title='bbox 2036 3303 2320 3402; x_wconf 60' lang='grc' dir='ltr'><strong>εἰεεῖιιοοε</strong></span> <span class='ocrx_word' id='word_1_367' title='bbox 2367 3338 2429 3385; x_wconf 82' lang='grc' dir='ltr'>ιιι</span> <span class='ocrx_word' id='word_1_368' title='bbox 2479 3346 2676 3388; x_wconf 91' lang='lat' dir='ltr'><strong>manus</strong></span> <span class='ocrx_word' id='word_1_369' title='bbox 2707 3303 2986 3389; x_wconf 47' lang='lat' dir='ltr'><strong>.Petronaa-</strong></span> <span class='ocrx_word' id='word_1_370' title='bbox 3030 3342 3332 3400; x_wconf 90' lang='lat' dir='ltr'><strong>coerceret,</strong></span> <span class='ocrx_word' id='word_1_371' title='bbox 3370 3303 3476 3406; x_wconf 39' lang='lat' dir='ltr'><strong>lqui</strong></span> <span class='ocrx_word' id='word_1_372' title='bbox 3519 3350 3622 3405; x_wconf 86' lang='lat' dir='ltr'><strong>per</strong></span> 
     </span>
    </p>
   </div>
   <div class='ocr_carea' id='block_1_62' title="bbox 342 3422 1934 3493">
    <p class='ocr_par' dir='ltr' id='par_1_62' title="bbox 342 3422 1934 3493">
     <span class='ocr_line' id='line_1_62' title="bbox 342 3422 1934 3493; baseline 0.004 -17"><span class='ocrx_word' id='word_1_373' title='bbox 342 3422 593 3490; x_wconf 85' lang='lat' dir='ltr'><strong>collium,</strong></span> <span class='ocrx_word' id='word_1_374' title='bbox 640 3422 933 3493; x_wconf 75' lang='lat' dir='ltr'><strong>profundis</strong></span> <span class='ocrx_word' id='word_1_375' title='bbox 984 3424 1329 3481; x_wconf 82' lang='lat' dir='ltr'><strong>convallibus</strong></span> <span class='ocrx_word' id='word_1_376' title='bbox 1382 3425 1815 3493; x_wconf 87' lang='lat' dir='ltr'><strong>imminentium,</strong></span> <span class='ocrx_word' id='word_1_377' title='bbox 1862 3427 1934 3483; x_wconf 86' lang='lat' dir='ltr'><strong>de</strong></span> 
     </span>
    </p>
   </div>
   <div class='ocr_carea' id='block_1_63' title="bbox 342 3512 1934 3587">
    <p class='ocr_par' dir='ltr' id='par_1_63' title="bbox 342 3512 1934 3587">
     <span class='ocr_line' id='line_1_63' title="bbox 342 3512 1934 3587; baseline 0.003 -19"><span class='ocrx_word' id='word_1_378' title='bbox 342 3512 568 3569; x_wconf 81' lang='lat' dir='ltr'><strong>sublimi</strong></span> <span class='ocrx_word' id='word_1_379' title='bbox 636 3514 861 3570; x_wconf 81' lang='lat' dir='ltr'><strong>avulsus</strong></span> <span class='ocrx_word' id='word_1_380' title='bbox 919 3514 1128 3586; x_wconf 79' lang='lat' dir='ltr'><strong>ingenti</strong></span> <span class='ocrx_word' id='word_1_381' title='bbox 1180 3531 1308 3571; x_wconf 89' lang='lat' dir='ltr'><strong>cum</strong></span> <span class='ocrx_word' id='word_1_382' title='bbox 1361 3516 1597 3587; x_wconf 86' lang='lat' dir='ltr'><strong>strepitu</strong></span> <span class='ocrx_word' id='word_1_383' title='bbox 1654 3517 1934 3572; x_wconf 86' lang='lat' dir='ltr'><strong>volutatos</strong></span> 
     </span>
    </p>
   </div>
   <div class='ocr_carea' id='block_1_64' title="bbox 342 3604 1932 3677">
    <p class='ocr_par' dir='ltr' id='par_1_64' title="bbox 342 3604 1932 3677">
     <span class='ocr_line' id='line_1_64' title="bbox 342 3604 1932 3677; baseline 0.003 -19"><span class='ocrx_word' id='word_1_384' title='bbox 342 3604 542 3672; x_wconf 76' lang='lat' dir='ltr'><strong>fuisse;</strong></span> <span class='ocrx_word' id='word_1_385' title='bbox 579 3604 669 3659; x_wconf 87' lang='lat' dir='ltr'><strong>vel</strong></span> <span class='ocrx_word' id='word_1_386' title='bbox 707 3605 921 3675; x_wconf 85' lang='lat' dir='ltr'><strong>lapides</strong></span> <span class='ocrx_word' id='word_1_387' title='bbox 972 3607 1511 3677; x_wconf 81' lang='lat' dir='ltr'><strong>propugnaculorum</strong></span> <span class='ocrx_word' id='word_1_388' title='bbox 1538 3613 1595 3663; x_wconf 90' lang='lat' dir='ltr'><strong>et</strong></span> <span class='ocrx_word' id='word_1_389' title='bbox 1641 3623 1932 3663; x_wconf 92' lang='lat' dir='ltr'><strong>murorum</strong></span> 
     </span>
    </p>
   </div>
   <div class='ocr_carea' id='block_1_65' title="bbox 340 3687 1931 3771">
    <p class='ocr_par' dir='ltr' id='par_1_65' title="bbox 340 3687 1931 3771">
     <span class='ocr_line' id='line_1_65' title="bbox 340 3687 1931 3771; baseline 0.001 -18"><span class='ocrx_word' id='word_1_390' title='bbox 340 3698 707 3754; x_wconf 85' lang='lat' dir='ltr'><strong>subversores</strong></span> <span class='ocrx_word' id='word_1_391' title='bbox 746 3698 822 3754; x_wconf 88' lang='lat' dir='ltr'><strong>ita</strong></span> <span class='ocrx_word' id='word_1_392' title='bbox 850 3687 1084 3762; x_wconf 82' lang='lat' dir='ltr'><strong>volasse,</strong></span> <span class='ocrx_word' id='word_1_393' title='bbox 1119 3707 1181 3755; x_wconf 90' lang='lat' dir='ltr'><strong>ut</strong></span> <span class='ocrx_word' id='word_1_394' title='bbox 1211 3707 1367 3756; x_wconf 89' lang='lat' dir='ltr'><strong>motu</strong></span> <span class='ocrx_word' id='word_1_395' title='bbox 1412 3714 1514 3756; x_wconf 91' lang='lat' dir='ltr'><strong>suo</strong></span> <span class='ocrx_word' id='word_1_396' title='bbox 1552 3702 1846 3771; x_wconf 84' lang='lat' dir='ltr'><strong>strepitum</strong></span> <span class='ocrx_word' id='word_1_397' title='bbox 1873 3700 1931 3756; x_wconf 89' lang='lat' dir='ltr'><strong>in</strong></span> 
     </span>
    </p>
   </div>
   <div class='ocr_carea' id='block_1_66' title="bbox 340 3788 1932 3862">
    <p class='ocr_par' dir='ltr' id='par_1_66' title="bbox 340 3788 1932 3862">
     <span class='ocr_line' id='line_1_66' title="bbox 340 3788 1932 3862; baseline 0.001 -17"><span class='ocrx_word' id='word_1_398' title='bbox 340 3805 467 3845; x_wconf 87' lang='lat' dir='ltr'><strong>acre</strong></span> <span class='ocrx_word' id='word_1_399' title='bbox 502 3800 698 3846; x_wconf 89' lang='lat' dir='ltr'><strong>tenero</strong></span> <span class='ocrx_word' id='word_1_400' title='bbox 719 3789 1044 3845; x_wconf 81' lang='lat' dir='ltr'><strong>excitarent.</strong></span> <span class='ocrx_word' id='word_1_401' title='bbox 1073 3788 1201 3846; x_wconf 71' lang='lat' dir='ltr'><strong>Haec</strong></span> <span class='ocrx_word' id='word_1_402' title='bbox 1223 3805 1355 3862; x_wconf 89' lang='lat' dir='ltr'><strong>ergo</strong></span> <span class='ocrx_word' id='word_1_403' title='bbox 1383 3789 1674 3862; x_wconf 82' lang='lat' dir='ltr'><strong>fragmina,</strong></span> <span class='ocrx_word' id='word_1_404' title='bbox 1696 3808 1727 3846; x_wconf 91' lang='lat' dir='ltr'><strong>e</strong></span> <span class='ocrx_word' id='word_1_405' title='bbox 1747 3790 1932 3847; x_wconf 90' lang='lat' dir='ltr'><strong>medio</strong></span> 
     </span>
    </p>
   </div>
   <div class='ocr_carea' id='block_1_67' title="bbox 340 3878 1932 3945">
    <p class='ocr_par' dir='ltr' id='par_1_67' title="bbox 340 3878 1932 3945">
     <span class='ocr_line' id='line_1_67' title="bbox 340 3878 1932 3945; baseline 0.001 -11"><span class='ocrx_word' id='word_1_406' title='bbox 340 3881 477 3934; x_wconf 87' lang='lat' dir='ltr'><strong>mari</strong></span> <span class='ocrx_word' id='word_1_407' title='bbox 507 3878 714 3945; x_wconf 89' lang='lat' dir='ltr'><strong>delata,</strong></span> <span class='ocrx_word' id='word_1_408' title='bbox 749 3894 939 3935; x_wconf 90' lang='lat' dir='ltr'><strong>muros</strong></span> <span class='ocrx_word' id='word_1_409' title='bbox 964 3879 1138 3935; x_wconf 91' lang='lat' dir='ltr'><strong>littori</strong></span> <span class='ocrx_word' id='word_1_410' title='bbox 1168 3879 1381 3936; x_wconf 91' lang='lat' dir='ltr'><strong>vicinos</strong></span> <span class='ocrx_word' id='word_1_411' title='bbox 1413 3880 1687 3936; x_wconf 88' lang='lat' dir='ltr'><strong>feriebant</strong></span> <span class='ocrx_word' id='word_1_412' title='bbox 1707 3888 1765 3936; x_wconf 91' lang='lat' dir='ltr'><strong>et</strong></span> <span class='ocrx_word' id='word_1_413' title='bbox 1791 3881 1932 3937; x_wconf 83' lang='lat' dir='ltr'><strong>vali-</strong></span> 
     </span>
    </p>
   </div>
   <div class='ocr_carea' id='block_1_68' title="bbox 339 3970 1930 4041">
    <p class='ocr_par' dir='ltr' id='par_1_68' title="bbox 339 3970 1930 4041">
     <span class='ocr_line' id='line_1_68' title="bbox 339 3970 1930 4041; baseline 0.001 -17"><span class='ocrx_word' id='word_1_414' title='bbox 339 3972 439 4027; x_wconf 87' lang='lat' dir='ltr'><strong>das</strong></span> <span class='ocrx_word' id='word_1_415' title='bbox 471 3971 643 4026; x_wconf 88' lang='lat' dir='ltr'><strong>etiam</strong></span> <span class='ocrx_word' id='word_1_416' title='bbox 677 3980 862 4027; x_wconf 88' lang='lat' dir='ltr'><strong>turres</strong></span> <span class='ocrx_word' id='word_1_417' title='bbox 892 3970 1296 4027; x_wconf 88' lang='lat' dir='ltr'><strong>suecutiebant.</strong></span> <span class='ocrx_word' id='word_1_418' title='bbox 1332 3972 1639 4041; x_wconf 85' lang='lat' dir='ltr'><strong>Imperator</strong></span> <span class='ocrx_word' id='word_1_419' title='bbox 1664 3972 1930 4029; x_wconf 73' lang='lat' dir='ltr'><strong>mtenium</strong></span> 
     </span>
    </p>
   </div>
   <div class='ocr_carea' id='block_1_69' title="bbox 340 4062 1928 4133">
    <p class='ocr_par' dir='ltr' id='par_1_69' title="bbox 340 4062 1928 4133">
     <span class='ocr_line' id='line_1_69' title="bbox 340 4062 1928 4133; baseline -0.001 -15"><span class='ocrx_word' id='word_1_420' title='bbox 340 4063 693 4133; x_wconf 86' lang='lat' dir='ltr'><strong>turriumque</strong></span> <span class='ocrx_word' id='word_1_421' title='bbox 743 4062 924 4128; x_wconf 87' lang='lat' dir='ltr'><strong>rimis,</strong></span> <span class='ocrx_word' id='word_1_422' title='bbox 984 4078 1107 4133; x_wconf 63' lang='lat' dir='ltr'><strong>qua:</strong></span> <span class='ocrx_word' id='word_1_423' title='bbox 1157 4063 1301 4118; x_wconf 61' lang='lat' dir='ltr'><strong>laesa;</strong></span> <span class='ocrx_word' id='word_1_424' title='bbox 1349 4071 1638 4133; x_wconf 81' lang='lat' dir='ltr'><strong>ruptaeque</strong></span> <span class='ocrx_word' id='word_1_425' title='bbox 1688 4062 1928 4129; x_wconf 80' lang='lat' dir='ltr'><strong>fuerant,</strong></span> 
     </span>
    </p>
   </div>
   <div class='ocr_carea' id='block_1_70' title="bbox 338 4153 1931 4224">
    <p class='ocr_par' dir='ltr' id='par_1_70' title="bbox 338 4153 1931 4224">
     <span class='ocr_line' id='line_1_70' title="bbox 338 4153 1931 4224; baseline 0.001 -16"><span class='ocrx_word' id='word_1_426' title='bbox 338 4153 676 4224; x_wconf 73' lang='lat' dir='ltr'><strong>conspectis,</strong></span> <span class='ocrx_word' id='word_1_427' title='bbox 724 4154 912 4209; x_wconf 90' lang='lat' dir='ltr'><strong>animo</strong></span> <span class='ocrx_word' id='word_1_428' title='bbox 945 4163 1255 4210; x_wconf 87' lang='lat' dir='ltr'><strong>commotus</strong></span> <span class='ocrx_word' id='word_1_429' title='bbox 1296 4161 1383 4209; x_wconf 89' lang='lat' dir='ltr'><strong>est</strong></span> <span class='ocrx_word' id='word_1_430' title='bbox 1428 4162 1653 4224; x_wconf 89' lang='lat' dir='ltr'><strong>propter</strong></span> <span class='ocrx_word' id='word_1_431' title='bbox 1692 4153 1746 4209; x_wconf 92' lang='lat' dir='ltr'><strong>id</strong></span> <span class='ocrx_word' id='word_1_432' title='bbox 1781 4155 1931 4224; x_wconf 90' lang='lat' dir='ltr'><strong>quod</strong></span> 
     </span>
    </p>
   </div>
   <div class='ocr_carea' id='block_1_71' title="bbox 338 4245 1929 4316">
    <p class='ocr_par' dir='ltr' id='par_1_71' title="bbox 338 4245 1929 4316">
     <span class='ocr_line' id='line_1_71' title="bbox 338 4245 1929 4316; baseline 0.002 -15"><span class='ocrx_word' id='word_1_433' title='bbox 338 4248 655 4303; x_wconf 86' lang='lat' dir='ltr'><strong>accidisset.</strong></span> <span class='ocrx_word' id='word_1_434' title='bbox 699 4247 875 4303; x_wconf 89' lang='lat' dir='ltr'><strong>Simul</strong></span> <span class='ocrx_word' id='word_1_435' title='bbox 923 4246 1205 4302; x_wconf 85' lang='lat' dir='ltr'><strong>declarare</strong></span> <span class='ocrx_word' id='word_1_436' title='bbox 1245 4246 1437 4302; x_wconf 87' lang='lat' dir='ltr'><strong>volens</strong></span> <span class='ocrx_word' id='word_1_437' title='bbox 1465 4245 1929 4316; x_wconf 82' lang='lat' dir='ltr'><strong>magniﬁcentiam</strong></span> 
     </span>
    </p>
   </div>
   <div class='ocr_carea' id='block_1_72' title="bbox 336 4336 1932 4413">
    <p class='ocr_par' dir='ltr' id='par_1_72' title="bbox 336 4336 1932 4413">
     <span class='ocr_line' id='line_1_72' title="bbox 336 4336 1932 4413; baseline 0.001 -20"><span class='ocrx_word' id='word_1_438' title='bbox 336 4354 520 4405; x_wconf 88' lang='lat' dir='ltr'><strong>suam,</strong></span> <span class='ocrx_word' id='word_1_439' title='bbox 556 4354 755 4393; x_wconf 86' lang='lat' dir='ltr'><strong>aurum</strong></span> <span class='ocrx_word' id='word_1_440' title='bbox 783 4353 848 4393; x_wconf 87' lang='lat' dir='ltr'><strong>ea</strong></span> <span class='ocrx_word' id='word_1_441' title='bbox 878 4336 1035 4413; x_wconf 78' lang='lat' dir='ltr'><strong>copia</strong></span> <span class='ocrx_word' id='word_1_442' title='bbox 1064 4336 1346 4408; x_wconf 81' lang='lat' dir='ltr'><strong>profundit</strong></span> <span class='ocrx_word' id='word_1_443' title='bbox 1376 4337 1534 4407; x_wconf 84' lang='lat' dir='ltr'><strong>quasi</strong></span> <span class='ocrx_word' id='word_1_444' title='bbox 1589 4336 1778 4394; x_wconf 88' lang='lat' dir='ltr'><strong>silices</strong></span> <span class='ocrx_word' id='word_1_445' title='bbox 1807 4338 1932 4394; x_wconf 91' lang='lat' dir='ltr'><strong>inu-</strong></span> 
     </span>
    </p>
   </div>
   <div class='ocr_carea' id='block_1_73' title="bbox 337 4429 1931 4503">
    <p class='ocr_par' dir='ltr' id='par_1_73' title="bbox 337 4429 1931 4503">
     <span class='ocr_line' id='line_1_73' title="bbox 337 4429 1931 4503; baseline 0 -14"><span class='ocrx_word' id='word_1_446' title='bbox 337 4433 468 4489; x_wconf 81' lang='lat' dir='ltr'><strong>tiles</strong></span> <span class='ocrx_word' id='word_1_447' title='bbox 496 4430 871 4502; x_wconf 89' lang='lat' dir='ltr'><strong>expenderet;</strong></span> <span class='ocrx_word' id='word_1_448' title='bbox 907 4440 1072 4500; x_wconf 89' lang='lat' dir='ltr'><strong>atque</strong></span> <span class='ocrx_word' id='word_1_449' title='bbox 1096 4429 1205 4485; x_wconf 89' lang='lat' dir='ltr'><strong>hoc</strong></span> <span class='ocrx_word' id='word_1_450' title='bbox 1234 4429 1397 4486; x_wconf 91' lang='lat' dir='ltr'><strong>modo</strong></span> <span class='ocrx_word' id='word_1_451' title='bbox 1429 4430 1691 4486; x_wconf 87' lang='lat' dir='ltr'><strong>stabtlitis</strong></span> <span class='ocrx_word' id='word_1_452' title='bbox 1716 4431 1784 4487; x_wconf 90' lang='lat' dir='ltr'><strong>iis</strong></span> <span class='ocrx_word' id='word_1_453' title='bbox 1809 4448 1931 4503; x_wconf 66' lang='lat' dir='ltr'><strong>qua:</strong></span> 
     </span>
    </p>
   </div>
   <div class='ocr_carea' id='block_1_74' title="bbox 2034 3421 3619 3497">
    <p class='ocr_par' dir='ltr' id='par_1_74' title="bbox 2034 3421 3619 3497">
     <span class='ocr_line' id='line_1_74' title="bbox 2034 3421 3619 3497; baseline 0.003 -19"><span class='ocrx_word' id='word_1_454' title='bbox 2034 3436 2304 3478; x_wconf 86' lang='lat' dir='ltr'><strong>summam</strong></span> <span class='ocrx_word' id='word_1_455' title='bbox 2337 3421 2591 3494; x_wconf 74' lang='lat' dir='ltr'><strong>iniuriam</strong></span> <span class='ocrx_word' id='word_1_456' title='bbox 2613 3424 2670 3478; x_wconf 90' lang='lat' dir='ltr'><strong>in</strong></span> <span class='ocrx_word' id='word_1_457' title='bbox 2698 3439 2761 3480; x_wconf 90' lang='lat' dir='ltr'><strong>se</strong></span> <span class='ocrx_word' id='word_1_458' title='bbox 2783 3425 3225 3482; x_wconf 84' lang='lat' dir='ltr'><strong>debaccbaretur</strong></span> <span class='ocrx_word' id='word_1_459' title='bbox 3264 3441 3489 3497; x_wconf 82' lang='lat' dir='ltr'><strong>suaeque</strong></span> <span class='ocrx_word' id='word_1_460' title='bbox 3515 3425 3619 3482; x_wconf 88' lang='lat' dir='ltr'><strong>do-</strong></span> 
     </span>
    </p>
   </div>
   <div class='ocr_carea' id='block_1_75' title="bbox 2033 3512 3621 3584">
    <p class='ocr_par' dir='ltr' id='par_1_75' title="bbox 2033 3512 3621 3584">
     <span class='ocr_line' id='line_1_75' title="bbox 2033 3512 3621 3584; baseline 0.006 -20"><span class='ocrx_word' id='word_1_461' title='bbox 2033 3512 2327 3577; x_wconf 80' lang='lat' dir='ltr'><strong>munculae,</strong></span> <span class='ocrx_word' id='word_1_462' title='bbox 2361 3512 2497 3568; x_wconf 89' lang='lat' dir='ltr'><strong>satis</strong></span> <span class='ocrx_word' id='word_1_463' title='bbox 2518 3528 2619 3584; x_wconf 92' lang='lat' dir='ltr'><strong>per</strong></span> <span class='ocrx_word' id='word_1_464' title='bbox 2641 3529 2702 3570; x_wconf 86' lang='lat' dir='ltr'><strong>se</strong></span> <span class='ocrx_word' id='word_1_465' title='bbox 2744 3515 2950 3582; x_wconf 90' lang='lat' dir='ltr'><strong>tenuis,</strong></span> <span class='ocrx_word' id='word_1_466' title='bbox 2997 3517 3304 3573; x_wconf 85' lang='lat' dir='ltr'><strong>luminibus</strong></span> <span class='ocrx_word' id='word_1_467' title='bbox 3347 3517 3621 3582; x_wconf 80' lang='lat' dir='ltr'><strong>ofﬁceret,</strong></span> 
     </span>
    </p>
   </div>
   <div class='ocr_carea' id='block_1_76' title="bbox 2032 3600 3620 3675">
    <p class='ocr_par' dir='ltr' id='par_1_76' title="bbox 2032 3600 3620 3675">
     <span class='ocr_line' id='line_1_76' title="bbox 2032 3600 3620 3675; baseline 0.006 -21"><span class='ocrx_word' id='word_1_468' title='bbox 2032 3615 2105 3655; x_wconf 91' lang='lat' dir='ltr'><strong>ne</strong></span> <span class='ocrx_word' id='word_1_469' title='bbox 2143 3600 2365 3657; x_wconf 88' lang='lat' dir='ltr'><strong>tandem</strong></span> <span class='ocrx_word' id='word_1_470' title='bbox 2413 3603 2583 3657; x_wconf 90' lang='lat' dir='ltr'><strong>nimia</strong></span> <span class='ocrx_word' id='word_1_471' title='bbox 2631 3613 2860 3675; x_wconf 85' lang='lat' dir='ltr'><strong>cogente</strong></span> <span class='ocrx_word' id='word_1_472' title='bbox 2908 3606 3143 3675; x_wconf 86' lang='lat' dir='ltr'><strong>caligine</strong></span> <span class='ocrx_word' id='word_1_473' title='bbox 3183 3606 3412 3662; x_wconf 89' lang='lat' dir='ltr'><strong>domum</strong></span> <span class='ocrx_word' id='word_1_474' title='bbox 3445 3608 3620 3663; x_wconf 89' lang='lat' dir='ltr'><strong>solam</strong></span> 
     </span>
    </p>
   </div>
   <div class='ocr_carea' id='block_1_77' title="bbox 2032 3692 3618 3767">
    <p class='ocr_par' dir='ltr' id='par_1_77' title="bbox 2032 3692 3618 3767">
     <span class='ocr_line' id='line_1_77' title="bbox 2032 3692 3618 3767; baseline 0.005 -20"><span class='ocrx_word' id='word_1_475' title='bbox 2032 3692 2419 3764; x_wconf 86' lang='lat' dir='ltr'><strong>desertamque</strong></span> <span class='ocrx_word' id='word_1_476' title='bbox 2447 3693 2648 3758; x_wconf 79' lang='lat' dir='ltr'><strong>ventis,</strong></span> <span class='ocrx_word' id='word_1_477' title='bbox 2682 3696 2828 3764; x_wconf 90' lang='lat' dir='ltr'><strong>quod</strong></span> <span class='ocrx_word' id='word_1_478' title='bbox 2859 3695 3037 3762; x_wconf 91' lang='lat' dir='ltr'><strong>aiunt,</strong></span> <span class='ocrx_word' id='word_1_479' title='bbox 3078 3697 3412 3767; x_wconf 77' lang='lat' dir='ltr'><strong>perflandam</strong></span> <span class='ocrx_word' id='word_1_480' title='bbox 3447 3699 3618 3755; x_wconf 77' lang='lat' dir='ltr'><strong>invita</strong></span> 
     </span>
    </p>
   </div>
   <div class='ocr_carea' id='block_1_78' title="bbox 2033 3782 3619 3861">
    <p class='ocr_par' dir='ltr' id='par_1_78' title="bbox 2033 3782 3619 3861">
     <span class='ocr_line' id='line_1_78' title="bbox 2033 3782 3619 3861; baseline 0.004 -22"><span class='ocrx_word' id='word_1_481' title='bbox 2033 3782 2391 3855; x_wconf 89' lang='lat' dir='ltr'><strong>relinqueret.</strong></span> <span class='ocrx_word' id='word_1_482' title='bbox 2439 3782 2536 3839; x_wconf 82' lang='lat' dir='ltr'><strong>His</strong></span> <span class='ocrx_word' id='word_1_483' title='bbox 2571 3784 2797 3852; x_wconf 87' lang='lat' dir='ltr'><strong>auditis,</strong></span> <span class='ocrx_word' id='word_1_484' title='bbox 2829 3787 3132 3856; x_wconf 87' lang='lat' dir='ltr'><strong>imperator</strong></span> <span class='ocrx_word' id='word_1_485' title='bbox 3162 3789 3230 3845; x_wconf 90' lang='lat' dir='ltr'><strong>de</strong></span> <span class='ocrx_word' id='word_1_486' title='bbox 3268 3805 3328 3844; x_wconf 89' lang='lat' dir='ltr'><strong>re</strong></span> <span class='ocrx_word' id='word_1_487' title='bbox 3367 3790 3619 3861; x_wconf 76' lang='lat' dir='ltr'><strong>inquirit;</strong></span> 
     </span>
    </p>
   </div>
   <div class='ocr_carea' id='block_1_79' title="bbox 2032 3876 3618 3950">
    <p class='ocr_par' dir='ltr' id='par_1_79' title="bbox 2032 3876 3618 3950">
     <span class='ocr_line' id='line_1_79' title="bbox 2032 3876 3618 3950; baseline 0.004 -20"><span class='ocrx_word' id='word_1_488' title='bbox 2032 3876 2272 3931; x_wconf 86' lang='lat' dir='ltr'><strong>accusati</strong></span> <span class='ocrx_word' id='word_1_489' title='bbox 2306 3877 2610 3946; x_wconf 88' lang='lat' dir='ltr'><strong>nequitiam</strong></span> <span class='ocrx_word' id='word_1_490' title='bbox 2635 3879 2939 3949; x_wconf 84' lang='lat' dir='ltr'><strong>cognoscit,</strong></span> <span class='ocrx_word' id='word_1_491' title='bbox 2971 3893 3036 3934; x_wconf 84' lang='lat' dir='ltr'><strong>ac</strong></span> <span class='ocrx_word' id='word_1_492' title='bbox 3057 3882 3203 3935; x_wconf 71' lang='lat' dir='ltr'><strong>aedes</strong></span> <span class='ocrx_word' id='word_1_493' title='bbox 3221 3880 3443 3950; x_wconf 80' lang='lat' dir='ltr'><strong>quidem</strong></span> <span class='ocrx_word' id='word_1_494' title='bbox 3474 3881 3618 3948; x_wconf 75' lang='lat' dir='ltr'><strong>illas,</strong></span> 
     </span>
    </p>
   </div>
   <div class='ocr_carea' id='block_1_80' title="bbox 2032 3965 3619 4042">
    <p class='ocr_par' dir='ltr' id='par_1_80' title="bbox 2032 3965 3619 4042">
     <span class='ocr_line' id='line_1_80' title="bbox 2032 3965 3619 4042; baseline 0.003 -21"><span class='ocrx_word' id='word_1_495' title='bbox 2032 3981 2155 4037; x_wconf 71' lang='lat' dir='ltr'><strong>qua:</strong></span> <span class='ocrx_word' id='word_1_496' title='bbox 2187 3965 2397 4022; x_wconf 89' lang='lat' dir='ltr'><strong>lumina</strong></span> <span class='ocrx_word' id='word_1_497' title='bbox 2446 3966 2634 4022; x_wconf 90' lang='lat' dir='ltr'><strong>domui</strong></span> <span class='ocrx_word' id='word_1_498' title='bbox 2675 3967 2925 4024; x_wconf 86' lang='lat' dir='ltr'><strong>mulieris</strong></span> <span class='ocrx_word' id='word_1_499' title='bbox 2969 3969 3352 4034; x_wconf 81' lang='lat' dir='ltr'><strong>obstruebant,</strong></span> <span class='ocrx_word' id='word_1_500' title='bbox 3398 3971 3465 4026; x_wconf 90' lang='lat' dir='ltr'><strong>ad</strong></span> <span class='ocrx_word' id='word_1_501' title='bbox 3501 3973 3619 4042; x_wconf 88' lang='lat' dir='ltr'><strong>ipsa</strong></span> 
     </span>
    </p>
   </div>
   <div class='ocr_carea' id='block_1_81' title="bbox 2032 4058 3620 4135">
    <p class='ocr_par' dir='ltr' id='par_1_81' title="bbox 2032 4058 3620 4135">
     <span class='ocr_line' id='line_1_81' title="bbox 2032 4058 3620 4135; baseline 0.002 -22"><span class='ocrx_word' id='word_1_502' title='bbox 2032 4072 2210 4129; x_wconf 87' lang='lat' dir='ltr'><strong>usque</strong></span> <span class='ocrx_word' id='word_1_503' title='bbox 2244 4058 2601 4115; x_wconf 90' lang='lat' dir='ltr'><strong>fundamenta</strong></span> <span class='ocrx_word' id='word_1_504' title='bbox 2649 4059 2945 4116; x_wconf 79' lang='lat' dir='ltr'><strong>demolitur</strong></span> <span class='ocrx_word' id='word_1_505' title='bbox 2973 4062 3309 4119; x_wconf 74' lang='lat' dir='ltr'><strong>:~Petronam</strong></span> <span class='ocrx_word' id='word_1_506' title='bbox 3352 4079 3485 4119; x_wconf 86' lang='lat' dir='ltr'><strong>vero</strong></span> <span class='ocrx_word' id='word_1_507' title='bbox 3516 4081 3620 4135; x_wconf 77' lang='lat' dir='ltr'><strong>pu-</strong></span> 
     </span>
    </p>
   </div>
   <div class='ocr_carea' id='block_1_82' title="bbox 2030 4150 3400 4228">
    <p class='ocr_par' dir='ltr' id='par_1_82' title="bbox 2030 4150 3400 4228">
     <span class='ocr_line' id='line_1_82' title="bbox 2030 4150 3400 4228; baseline 0.005 -22"><span class='ocrx_word' id='word_1_508' title='bbox 2030 4150 2229 4207; x_wconf 90' lang='lat' dir='ltr'><strong>blicam</strong></span> <span class='ocrx_word' id='word_1_509' title='bbox 2256 4151 2312 4205; x_wconf 91' lang='lat' dir='ltr'><strong>in</strong></span> <span class='ocrx_word' id='word_1_510' title='bbox 2336 4150 2480 4206; x_wconf 81' lang='lat' dir='ltr'><strong>viam</strong></span> <span class='ocrx_word' id='word_1_511' title='bbox 2515 4151 2812 4209; x_wconf 90' lang='lat' dir='ltr'><strong>deductum</strong></span> <span class='ocrx_word' id='word_1_512' title='bbox 2837 4154 3022 4224; x_wconf 80' lang='lat' dir='ltr'><strong>ﬂagris</strong></span> <span class='ocrx_word' id='word_1_513' title='bbox 3049 4156 3183 4210; x_wconf 62' lang='lat' dir='ltr'><strong>caedi</strong></span> <span class='ocrx_word' id='word_1_514' title='bbox 3217 4158 3400 4228; x_wconf 89' lang='lat' dir='ltr'><strong>jussit.</strong></span> 
     </span>
    </p>
   </div>
   <div class='ocr_carea' id='block_1_83' title="bbox 2044 4242 3619 4321">
    <p class='ocr_par' dir='ltr' id='par_1_83' title="bbox 2044 4242 3619 4321">
     <span class='ocr_line' id='line_1_83' title="bbox 2044 4242 3619 4321; baseline 0.005 -23"><span class='ocrx_word' id='word_1_515' title='bbox 2044 4264 2051 4270; x_wconf 63' lang='grc' dir='ltr'>ι</span> <span class='ocrx_word' id='word_1_516' title='bbox 2102 4242 2220 4299; x_wconf 84' lang='lat' dir='ltr'><strong>Hoc</strong></span> <span class='ocrx_word' id='word_1_517' title='bbox 2252 4243 2352 4299; x_wconf 86' lang='lat' dir='ltr'><strong>tibi</strong></span> <span class='ocrx_word' id='word_1_518' title='bbox 2396 4256 2781 4315; x_wconf 84' lang='lat' dir='ltr'><strong>argumentum</strong></span> <span class='ocrx_word' id='word_1_519' title='bbox 2830 4247 3015 4302; x_wconf 86' lang='lat' dir='ltr'><strong>animi</strong></span> <span class='ocrx_word' id='word_1_520' title='bbox 3039 4249 3207 4320; x_wconf 88' lang='lat' dir='ltr'><strong>hujus</strong></span> <span class='ocrx_word' id='word_1_521' title='bbox 3246 4250 3619 4321; x_wconf 82' lang='lat' dir='ltr'><strong>imperatoris,</strong></span> 
     </span>
    </p>
   </div>
   <div class='ocr_carea' id='block_1_84' title="bbox 2029 4334 3621 4411">
    <p class='ocr_par' dir='ltr' id='par_1_84' title="bbox 2029 4334 3621 4411">
     <span class='ocr_line' id='line_1_84' title="bbox 2029 4334 3621 4411; baseline 0.004 -20"><span class='ocrx_word' id='word_1_522' title='bbox 2029 4335 2290 4407; x_wconf 82' lang='lat' dir='ltr'><strong>exiguum</strong></span> <span class='ocrx_word' id='word_1_523' title='bbox 2340 4334 2561 4406; x_wconf 89' lang='lat' dir='ltr'><strong>quidem</strong></span> <span class='ocrx_word' id='word_1_524' title='bbox 2604 4335 2760 4403; x_wconf 71' lang='lat' dir='ltr'><strong>illud“,</strong></span> <span class='ocrx_word' id='word_1_525' title='bbox 2806 4346 2962 4406; x_wconf 91' lang='lat' dir='ltr'><strong>esto;</strong></span> <span class='ocrx_word' id='word_1_526' title='bbox 3017 4340 3085 4395; x_wconf 92' lang='lat' dir='ltr'><strong>de</strong></span> <span class='ocrx_word' id='word_1_527' title='bbox 3112 4356 3222 4411; x_wconf 90' lang='lat' dir='ltr'><strong>quo</strong></span> <span class='ocrx_word' id='word_1_528' title='bbox 3258 4350 3441 4396; x_wconf 88' lang='lat' dir='ltr'><strong>tamen</strong></span> <span class='ocrx_word' id='word_1_529' title='bbox 3473 4343 3621 4397; x_wconf 55' lang='lat' dir='ltr'><strong>testi-4</strong></span> 
     </span>
    </p>
   </div>
   <div class='ocr_carea' id='block_1_85' title="bbox 2032 4428 3619 4502">
    <p class='ocr_par' dir='ltr' id='par_1_85' title="bbox 2032 4428 3619 4502">
     <span class='ocr_line' id='line_1_85' title="bbox 2032 4428 3619 4502; baseline 0.004 -21"><span class='ocrx_word' id='word_1_530' title='bbox 2032 4442 2187 4483; x_wconf 87' lang='lat' dir='ltr'><strong>mare</strong></span> <span class='ocrx_word' id='word_1_531' title='bbox 2219 4436 2412 4482; x_wconf 74' lang='lat' dir='ltr'><strong>caetera</strong></span> <span class='ocrx_word' id='word_1_532' title='bbox 2445 4444 2557 4483; x_wconf 91' lang='lat' dir='ltr'><strong>non</strong></span> <span class='ocrx_word' id='word_1_533' title='bbox 2590 4428 2888 4485; x_wconf 84' lang='lat' dir='ltr'><strong>dilllculter</strong></span> <span class='ocrx_word' id='word_1_534' title='bbox 2910 4432 3107 4502; x_wconf 90' lang='lat' dir='ltr'><strong>possis.</strong></span> <span class='ocrx_word' id='word_1_535' title='bbox 3134 4431 3270 4489; x_wconf 78' lang='lat' dir='ltr'><strong>Nam</strong></span> <span class='ocrx_word' id='word_1_536' title='bbox 3295 4440 3350 4488; x_wconf 89' lang='lat' dir='ltr'><strong>et</strong></span> <span class='ocrx_word' id='word_1_537' title='bbox 3374 4433 3619 4488; x_wconf 74' lang='lat' dir='ltr'><strong>Baccho-</strong></span> 
     </span>
    </p>
   </div>
   <div class='ocr_carea' id='block_1_86' title="bbox 336 4518 3616 4599">
    <p class='ocr_par' dir='ltr' id='par_1_86' title="bbox 336 4518 3616 4599">
     <span class='ocr_line' id='line_1_86' title="bbox 336 4518 3616 4599; baseline 0 -23"><span class='ocrx_word' id='word_1_538' title='bbox 336 4532 623 4591; x_wconf 73' lang='lat' dir='ltr'><strong>vetustate</strong></span> <span class='ocrx_word' id='word_1_539' title='bbox 692 4523 1074 4587; x_wconf 85' lang='lat' dir='ltr'><strong>labascerent,</strong></span> <span class='ocrx_word' id='word_1_540' title='bbox 1114 4529 1173 4577; x_wconf 91' lang='lat' dir='ltr'><strong>et</strong></span> <span class='ocrx_word' id='word_1_541' title='bbox 1213 4520 1468 4577; x_wconf 84' lang='lat' dir='ltr'><strong>excitatis</strong></span> <span class='ocrx_word' id='word_1_542' title='bbox 1516 4536 1641 4591; x_wconf 65' lang='lat' dir='ltr'><strong>quae</strong></span> <span class='ocrx_word' id='word_1_543' title='bbox 1690 4522 1928 4594; x_wconf 84' lang='lat' dir='ltr'><strong>collapsa</strong></span> <span class='ocrx_word' id='word_1_544' title='bbox 2033 4519 2130 4584; x_wconf 89' lang='lat' dir='ltr'><strong>ris,</strong></span> <span class='ocrx_word' id='word_1_545' title='bbox 2158 4518 2237 4573; x_wconf 91' lang='lat' dir='ltr'><strong>uti</strong></span> <span class='ocrx_word' id='word_1_546' title='bbox 2264 4519 2557 4589; x_wconf 89' lang='lat' dir='ltr'><strong>perhibent</strong></span> <span class='ocrx_word' id='word_1_547' title='bbox 2592 4519 2949 4577; x_wconf 84' lang='lat' dir='ltr'><strong>historiarum</strong></span> <span class='ocrx_word' id='word_1_548' title='bbox 2979 4523 3300 4594; x_wconf 76' lang='lat' dir='ltr'><strong>scriptorcs,</strong></span> <span class='ocrx_word' id='word_1_549' title='bbox 3330 4523 3616 4599; x_wconf 55' lang='lat' dir='ltr'><strong>{Egyptim</strong></span> 
     </span>
    </p>
   </div>
   <div class='ocr_carea' id='block_1_87' title="bbox 337 4609 3614 4701">
    <p class='ocr_par' dir='ltr' id='par_1_87' title="bbox 337 4609 3614 4701">
     <span class='ocr_line' id='line_1_87' title="bbox 337 4609 3614 4701; baseline 0 -31"><span class='ocrx_word' id='word_1_550' title='bbox 337 4615 582 4677; x_wconf 89' lang='lat' dir='ltr'><strong>fuerant,</strong></span> <span class='ocrx_word' id='word_1_551' title='bbox 615 4626 777 4667; x_wconf 87' lang='lat' dir='ltr'><strong>suum</strong></span> <span class='ocrx_word' id='word_1_552' title='bbox 816 4611 991 4667; x_wconf 90' lang='lat' dir='ltr'><strong>muris</strong></span> <span class='ocrx_word' id='word_1_553' title='bbox 1024 4626 1228 4665; x_wconf 90' lang='lat' dir='ltr'><strong>nomen</strong></span> <span class='ocrx_word' id='word_1_554' title='bbox 1259 4610 1560 4679; x_wconf 90' lang='lat' dir='ltr'><strong>inscripsit.</strong></span> <span class='ocrx_word' id='word_1_555' title='bbox 1949 4640 2006 4701; x_wconf 69' lang='grc' dir='ltr'><strong>Β</strong></span> <span class='ocrx_word' id='word_1_556' title='bbox 2032 4625 2154 4664; x_wconf 90' lang='lat' dir='ltr'><strong>rum</strong></span> <span class='ocrx_word' id='word_1_557' title='bbox 2188 4626 2303 4676; x_wconf 87' lang='lat' dir='ltr'><strong>rex,</strong></span> <span class='ocrx_word' id='word_1_558' title='bbox 2329 4609 2397 4665; x_wconf 90' lang='lat' dir='ltr'><strong>de</strong></span> <span class='ocrx_word' id='word_1_559' title='bbox 2427 4609 2589 4666; x_wconf 87' lang='lat' dir='ltr'><strong>balba</strong></span> <span class='ocrx_word' id='word_1_560' title='bbox 2620 4611 2853 4681; x_wconf 84' lang='lat' dir='ltr'><strong>quadam</strong></span> <span class='ocrx_word' id='word_1_561' title='bbox 2888 4613 3114 4669; x_wconf 82' lang='lat' dir='ltr'><strong>infantis</strong></span> <span class='ocrx_word' id='word_1_562' title='bbox 3141 4628 3272 4670; x_wconf 74' lang='lat' dir='ltr'><strong>voce</strong></span> <span class='ocrx_word' id='word_1_563' title='bbox 3301 4615 3614 4685; x_wconf 83' lang='lat' dir='ltr'><strong>linguarum</strong></span> 
     </span>
    </p>
   </div>
   <div class='ocr_carea' id='block_1_88' title="bbox 404 4701 3613 4775">
    <p class='ocr_par' dir='ltr' id='par_1_88' title="bbox 404 4701 3613 4775">
     <span class='ocr_line' id='line_1_88' title="bbox 404 4701 3613 4775; baseline -0.001 -12"><span class='ocrx_word' id='word_1_564' title='bbox 404 4709 478 4764; x_wconf 85' lang='lat' dir='ltr'><strong>Et</strong></span> <span class='ocrx_word' id='word_1_565' title='bbox 502 4708 622 4763; x_wconf 64' lang='lat' dir='ltr'><strong>baac</strong></span> <span class='ocrx_word' id='word_1_566' title='bbox 657 4719 790 4761; x_wconf 85' lang='lat' dir='ltr'><strong>sane</strong></span> <span class='ocrx_word' id='word_1_567' title='bbox 817 4703 1207 4775; x_wconf 79' lang='lat' dir='ltr'><strong>praedicatione</strong></span> <span class='ocrx_word' id='word_1_568' title='bbox 1251 4702 1416 4773; x_wconf 85' lang='lat' dir='ltr'><strong>digna</strong></span> <span class='ocrx_word' id='word_1_569' title='bbox 1451 4701 1697 4758; x_wconf 88' lang='lat' dir='ltr'><strong>fuerunt.</strong></span> <span class='ocrx_word' id='word_1_570' title='bbox 1746 4702 1923 4759; x_wconf 77' lang='lat' dir='ltr'><strong>Justt-</strong></span> <span class='ocrx_word' id='word_1_571' title='bbox 2028 4702 2275 4756; x_wconf 91' lang='lat' dir='ltr'><strong>omnium</strong></span> <span class='ocrx_word' id='word_1_572' title='bbox 2298 4701 2734 4772; x_wconf 85' lang='lat' dir='ltr'><strong>antiquissimam</strong></span> <span class='ocrx_word' id='word_1_573' title='bbox 2765 4718 3063 4774; x_wconf 88' lang='lat' dir='ltr'><strong>agnoscere</strong></span> <span class='ocrx_word' id='word_1_574' title='bbox 3094 4706 3292 4774; x_wconf 91' lang='lat' dir='ltr'><strong>potuit.</strong></span> <span class='ocrx_word' id='word_1_575' title='bbox 3320 4705 3439 4760; x_wconf 82' lang='lat' dir='ltr'><strong>Jam</strong></span> <span class='ocrx_word' id='word_1_576' title='bbox 3464 4706 3613 4774; x_wconf 85' lang='lat' dir='ltr'><strong>quod</strong></span> 
     </span>
    </p>
   </div>
   <div class='ocr_carea' id='block_1_89' title="bbox 338 4790 3617 4866">
    <p class='ocr_par' dir='ltr' id='par_1_89' title="bbox 338 4790 3617 4866">
     <span class='ocr_line' id='line_1_89' title="bbox 338 4790 3617 4866; baseline -0.002 -10"><span class='ocrx_word' id='word_1_577' title='bbox 338 4802 471 4856; x_wconf 87' lang='lat' dir='ltr'><strong>tiam</strong></span> <span class='ocrx_word' id='word_1_578' title='bbox 514 4813 653 4854; x_wconf 86' lang='lat' dir='ltr'><strong>vero</strong></span> <span class='ocrx_word' id='word_1_579' title='bbox 684 4795 979 4866; x_wconf 87' lang='lat' dir='ltr'><strong>Theophili</strong></span> <span class='ocrx_word' id='word_1_580' title='bbox 1015 4804 1074 4852; x_wconf 90' lang='lat' dir='ltr'><strong>et</strong></span> <span class='ocrx_word' id='word_1_581' title='bbox 1113 4796 1361 4850; x_wconf 90' lang='lat' dir='ltr'><strong>animum</strong></span> <span class='ocrx_word' id='word_1_582' title='bbox 1387 4794 1445 4849; x_wconf 92' lang='lat' dir='ltr'><strong>in</strong></span> <span class='ocrx_word' id='word_1_583' title='bbox 1461 4794 1690 4865; x_wconf 88' lang='lat' dir='ltr'><strong>judiciis</strong></span> <span class='ocrx_word' id='word_1_584' title='bbox 1722 4794 1928 4849; x_wconf 89' lang='lat' dir='ltr'><strong>nullam</strong></span> <span class='ocrx_word' id='word_1_585' title='bbox 2026 4790 2314 4847; x_wconf 88' lang='lat' dir='ltr'><strong>liberalem</strong></span> <span class='ocrx_word' id='word_1_586' title='bbox 2367 4793 2488 4863; x_wconf 70' lang='lat' dir='ltr'><strong>ejus</strong></span> <span class='ocrx_word' id='word_1_587' title='bbox 2547 4794 2788 4847; x_wconf 89' lang='lat' dir='ltr'><strong>animum</strong></span> <span class='ocrx_word' id='word_1_588' title='bbox 2847 4794 3044 4849; x_wconf 90' lang='lat' dir='ltr'><strong>attinet</strong></span> <span class='ocrx_word' id='word_1_589' title='bbox 3091 4795 3146 4849; x_wconf 93' lang='lat' dir='ltr'><strong>in</strong></span> <span class='ocrx_word' id='word_1_590' title='bbox 3194 4795 3617 4851; x_wconf 87' lang='lat' dir='ltr'><strong>contemnendis</strong></span> 
     </span>
    </p>
   </div>
   <div class='ocr_carea' id='block_1_90' title="bbox 336 4880 3614 4959">
    <p class='ocr_par' dir='ltr' id='par_1_90' title="bbox 336 4880 3614 4959">
     <span class='ocr_line' id='line_1_90' title="bbox 336 4880 3614 4959; baseline -0.002 -12"><span class='ocrx_word' id='word_1_591' title='bbox 336 4893 614 4947; x_wconf 79' lang='lat' dir='ltr'><strong>rationem</strong></span> <span class='ocrx_word' id='word_1_592' title='bbox 661 4901 1026 4959; x_wconf 90' lang='lat' dir='ltr'><strong>personarum</strong></span> <span class='ocrx_word' id='word_1_593' title='bbox 1075 4885 1372 4941; x_wconf 84' lang='lat' dir='ltr'><strong>habentem</strong></span> <span class='ocrx_word' id='word_1_594' title='bbox 1413 4899 1525 4940; x_wconf 91' lang='lat' dir='ltr'><strong>non</strong></span> <span class='ocrx_word' id='word_1_595' title='bbox 1564 4900 1790 4955; x_wconf 90' lang='lat' dir='ltr'><strong>possum</strong></span> <span class='ocrx_word' id='word_1_596' title='bbox 1816 4900 1930 4941; x_wconf 87' lang='lat' dir='ltr'><strong>non</strong></span> <span class='ocrx_word' id='word_1_597' title='bbox 2029 4882 2283 4952; x_wconf 85' lang='lat' dir='ltr'><strong>turpibus</strong></span> <span class='ocrx_word' id='word_1_598' title='bbox 2310 4880 2504 4948; x_wconf 87' lang='lat' dir='ltr'><strong>lucris,</strong></span> <span class='ocrx_word' id='word_1_599' title='bbox 2528 4891 2584 4938; x_wconf 92' lang='lat' dir='ltr'><strong>et</strong></span> <span class='ocrx_word' id='word_1_600' title='bbox 2613 4884 2760 4954; x_wconf 84' lang='lat' dir='ltr'><strong>quod</strong></span> <span class='ocrx_word' id='word_1_601' title='bbox 2783 4898 2981 4938; x_wconf 89' lang='lat' dir='ltr'><strong>aurum</strong></span> <span class='ocrx_word' id='word_1_602' title='bbox 3010 4883 3303 4940; x_wconf 86' lang='lat' dir='ltr'><strong>corradere</strong></span> <span class='ocrx_word' id='word_1_603' title='bbox 3335 4885 3614 4940; x_wconf 70' lang='lat' dir='ltr'><strong>institorio”</strong></span> 
     </span>
    </p>
   </div>
   <div class='ocr_carea' id='block_1_91' title="bbox 333 4972 3613 5052">
    <p class='ocr_par' dir='ltr' id='par_1_91' title="bbox 333 4972 3613 5052">
     <span class='ocr_line' id='line_1_91' title="bbox 333 4972 3613 5052; baseline -0.002 -14"><span class='ocrx_word' id='word_1_604' title='bbox 333 4996 695 5052; x_wconf 88' lang='lat' dir='ltr'><strong>summopere</strong></span> <span class='ocrx_word' id='word_1_605' title='bbox 748 4978 1032 5034; x_wconf 90' lang='lat' dir='ltr'><strong>admirari.</strong></span> <span class='ocrx_word' id='word_1_606' title='bbox 1074 4978 1153 5034; x_wconf 90' lang='lat' dir='ltr'><strong>Ac</strong></span> <span class='ocrx_word' id='word_1_607' title='bbox 1201 4979 1340 5033; x_wconf 90' lang='lat' dir='ltr'><strong>libet</strong></span> <span class='ocrx_word' id='word_1_608' title='bbox 1387 4977 1480 5033; x_wconf 89' lang='lat' dir='ltr'><strong>hic</strong></span> <span class='ocrx_word' id='word_1_609' title='bbox 1516 4977 1693 5048; x_wconf 83' lang='lat' dir='ltr'><strong>ipsius</strong></span> <span class='ocrx_word' id='word_1_610' title='bbox 1727 4977 1832 5034; x_wconf 86' lang='lat' dir='ltr'><strong>hac</strong></span> <span class='ocrx_word' id='word_1_611' title='bbox 1871 4977 1927 5032; x_wconf 90' lang='lat' dir='ltr'><strong>in</strong></span> <span class='ocrx_word' id='word_1_612' title='bbox 2027 4972 2267 5042; x_wconf 89' lang='lat' dir='ltr'><strong>quodam</strong></span> <span class='ocrx_word' id='word_1_613' title='bbox 2299 4982 2513 5042; x_wconf 84' lang='lat' dir='ltr'><strong>quaestu</strong></span> <span class='ocrx_word' id='word_1_614' title='bbox 2563 4973 2824 5037; x_wconf 90' lang='lat' dir='ltr'><strong>noluerit,</strong></span> <span class='ocrx_word' id='word_1_615' title='bbox 2857 4987 2921 5027; x_wconf 79' lang='lat' dir='ltr'><strong>ex</strong></span> <span class='ocrx_word' id='word_1_616' title='bbox 2953 4974 3021 5028; x_wconf 89' lang='lat' dir='ltr'><strong>iis</strong></span> <span class='ocrx_word' id='word_1_617' title='bbox 3042 4989 3183 5044; x_wconf 66' lang='lat' dir='ltr'><strong>quaa-</strong></span> <span class='ocrx_word' id='word_1_618' title='bbox 3215 4988 3613 5030; x_wconf 83' lang='lat' dir='ltr'><strong>commemora-</strong></span> 
     </span>
    </p>
   </div>
   <div class='ocr_carea' id='block_1_92' title="bbox 332 5062 3230 5147">
    <p class='ocr_par' dir='ltr' id='par_1_92' title="bbox 332 5062 3230 5147">
     <span class='ocr_line' id='line_1_92' title="bbox 332 5062 3230 5147; baseline -0.003 -16"><span class='ocrx_word' id='word_1_619' title='bbox 332 5085 494 5147; x_wconf 84' lang='lat' dir='ltr'><strong>parte</strong></span> <span class='ocrx_word' id='word_1_620' title='bbox 529 5072 733 5130; x_wconf 88' lang='lat' dir='ltr'><strong>indolis</strong></span> <span class='ocrx_word' id='word_1_621' title='bbox 773 5070 1038 5127; x_wconf 86' lang='lat' dir='ltr'><strong>indicium</strong></span> <span class='ocrx_word' id='word_1_622' title='bbox 1083 5069 1359 5140; x_wconf 86' lang='lat' dir='ltr'><strong>quoddam</strong></span> <span class='ocrx_word' id='word_1_623' title='bbox 1389 5069 1651 5140; x_wconf 83' lang='lat' dir='ltr'><strong>adjicere,</strong></span> <span class='ocrx_word' id='word_1_624' title='bbox 1683 5069 1832 5138; x_wconf 89' lang='lat' dir='ltr'><strong>quod</strong></span> <span class='ocrx_word' id='word_1_625' title='bbox 1859 5070 1932 5125; x_wconf 87' lang='lat' dir='ltr'><strong>sit</strong></span> <span class='ocrx_word' id='word_1_626' title='bbox 2033 5062 2143 5117; x_wconf 80' lang='lat' dir='ltr'><strong>turi</strong></span> <span class='ocrx_word' id='word_1_627' title='bbox 2173 5077 2365 5118; x_wconf 78' lang='lat' dir='ltr'><strong>sumus</strong></span> <span class='ocrx_word' id='word_1_628' title='bbox 2398 5063 2579 5137; x_wconf 81' lang='lat' dir='ltr'><strong>colligi</strong></span> <span class='ocrx_word' id='word_1_629' title='bbox 2609 5063 2743 5120; x_wconf 89' lang='lat' dir='ltr'><strong>satis</strong></span> <span class='ocrx_word' id='word_1_630' title='bbox 2773 5064 2979 5135; x_wconf 90' lang='lat' dir='ltr'><strong>liquido</strong></span> <span class='ocrx_word' id='word_1_631' title='bbox 3005 5067 3230 5136; x_wconf 85' lang='lat' dir='ltr'><strong>poterit.</strong></span> 
     </span>
    </p>
   </div>
   <div class='ocr_carea' id='block_1_93' title="bbox 332 5155 3615 5234">
    <p class='ocr_par' dir='ltr' id='par_1_93' title="bbox 332 5155 3615 5234">
     <span class='ocr_line' id='line_1_93' title="bbox 332 5155 3615 5234; baseline -0.001 -10"><span class='ocrx_word' id='word_1_632' title='bbox 332 5170 512 5224; x_wconf 87' lang='lat' dir='ltr'><strong>instar</strong></span> <span class='ocrx_word' id='word_1_633' title='bbox 543 5167 727 5222; x_wconf 87' lang='lat' dir='ltr'><strong>hausti</strong></span> <span class='ocrx_word' id='word_1_634' title='bbox 752 5165 821 5221; x_wconf 91' lang='lat' dir='ltr'><strong>de</strong></span> <span class='ocrx_word' id='word_1_635' title='bbox 847 5165 985 5220; x_wconf 91' lang='lat' dir='ltr'><strong>mari</strong></span> <span class='ocrx_word' id='word_1_636' title='bbox 1035 5163 1218 5234; x_wconf 85' lang='lat' dir='ltr'><strong>cyathi</strong></span> <span class='ocrx_word' id='word_1_637' title='bbox 1248 5161 1335 5217; x_wconf 89' lang='lat' dir='ltr'><strong>vel</strong></span> <span class='ocrx_word' id='word_1_638' title='bbox 1365 5170 1557 5233; x_wconf 86' lang='lat' dir='ltr'><strong>gustus</strong></span> <span class='ocrx_word' id='word_1_639' title='bbox 1589 5177 1620 5216; x_wconf 93' lang='lat' dir='ltr'><strong>e</strong></span> <span class='ocrx_word' id='word_1_640' title='bbox 1648 5161 1800 5216; x_wconf 85' lang='lat' dir='ltr'><strong>dolio</strong></span> <span class='ocrx_word' id='word_1_641' title='bbox 1841 5160 1927 5216; x_wconf 86' lang='lat' dir='ltr'><strong>vel</strong></span> <span class='ocrx_word' id='word_1_642' title='bbox 2044 5155 2057 5161; x_wconf 86' lang='grc'><em>’</em></span> <span class='ocrx_word' id='word_1_643' title='bbox 2098 5155 2260 5211; x_wconf 84' lang='lat' dir='ltr'><strong>Forte</strong></span> <span class='ocrx_word' id='word_1_644' title='bbox 2283 5155 2464 5211; x_wconf 90' lang='lat' dir='ltr'><strong>stabat</strong></span> <span class='ocrx_word' id='word_1_645' title='bbox 2487 5156 2787 5226; x_wconf 86' lang='lat' dir='ltr'><strong>imperator</strong></span> <span class='ocrx_word' id='word_1_646' title='bbox 2818 5157 3041 5213; x_wconf 75' lang='lat' dir='ltr'><strong>snb‘l’tmi</strong></span> <span class='ocrx_word' id='word_1_647' title='bbox 3077 5159 3201 5215; x_wconf 91' lang='lat' dir='ltr'><strong>loco</strong></span> <span class='ocrx_word' id='word_1_648' title='bbox 3232 5159 3287 5215; x_wconf 93' lang='lat' dir='ltr'><strong>in</strong></span> <span class='ocrx_word' id='word_1_649' title='bbox 3314 5160 3485 5232; x_wconf 83' lang='lat' dir='ltr'><strong>regia.</strong></span> <span class='ocrx_word' id='word_1_650' title='bbox 3522 5165 3615 5222; x_wconf 93' lang='lat' dir='ltr'><strong>ubi</strong></span> 
     </span>
    </p>
   </div>
   <div class='ocr_carea' id='block_1_94' title="bbox 332 5252 1927 5331">
    <p class='ocr_par' dir='ltr' id='par_1_94' title="bbox 332 5252 1927 5331">
     <span class='ocr_line' id='line_1_94' title="bbox 332 5252 1927 5331; baseline -0.006 -16"><span class='ocrx_word' id='word_1_651' title='bbox 332 5263 550 5331; x_wconf 76' lang='lat' dir='ltr'><strong>exiguae</strong></span> <span class='ocrx_word' id='word_1_652' title='bbox 595 5258 848 5314; x_wconf 77' lang='lat' dir='ltr'><strong>scintillae</strong></span> <span class='ocrx_word' id='word_1_653' title='bbox 882 5256 1023 5328; x_wconf 87' lang='lat' dir='ltr'><strong>ignis</strong></span> <span class='ocrx_word' id='word_1_654' title='bbox 1056 5254 1262 5324; x_wconf 85' lang='lat' dir='ltr'><strong>magni.</strong></span> <span class='ocrx_word' id='word_1_655' title='bbox 1290 5252 1601 5308; x_wconf 81' lang='lat' dir='ltr'><strong>Accedebat</strong></span> <span class='ocrx_word' id='word_1_656' title='bbox 1629 5252 1927 5322; x_wconf 86' lang='lat' dir='ltr'><strong>aliquando</strong></span> 
     </span>
    </p>
   </div>
   <div class='ocr_carea' id='block_1_95' title="bbox 334 5341 1921 5421">
    <p class='ocr_par' dir='ltr' id='par_1_95' title="bbox 334 5341 1921 5421">
     <span class='ocr_line' id='line_1_95' title="bbox 334 5341 1921 5421; baseline -0.008 -14"><span class='ocrx_word' id='word_1_657' title='bbox 334 5350 710 5421; x_wconf 86' lang='lat' dir='ltr'><strong>Theophilum</strong></span> <span class='ocrx_word' id='word_1_658' title='bbox 738 5346 1095 5419; x_wconf 87' lang='lat' dir='ltr'><strong>paupercula,</strong></span> <span class='ocrx_word' id='word_1_659' title='bbox 1146 5343 1440 5399; x_wconf 86' lang='lat' dir='ltr'><strong>Petronam</strong></span> <span class='ocrx_word' id='word_1_660' title='bbox 1492 5357 1701 5414; x_wconf 59' lang='lat' dir='ltr'><strong>magna;</strong></span> <span class='ocrx_word' id='word_1_661' title='bbox 1738 5341 1921 5411; x_wconf 85' lang='lat' dir='ltr'><strong>digni-</strong></span> 
     </span>
    </p>
   </div>
   <div class='ocr_carea' id='block_1_96' title="bbox 334 5433 1923 5504">
    <p class='ocr_par' dir='ltr' id='par_1_96' title="bbox 334 5433 1923 5504">
     <span class='ocr_line' id='line_1_96' title="bbox 334 5433 1923 5504; baseline -0.007 -6"><span class='ocrx_word' id='word_1_662' title='bbox 334 5445 467 5498; x_wconf 78' lang='lat' dir='ltr'><strong>tatis</strong></span> <span class='ocrx_word' id='word_1_663' title='bbox 503 5442 684 5496; x_wconf 89' lang='lat' dir='ltr'><strong>virum</strong></span> <span class='ocrx_word' id='word_1_664' title='bbox 736 5454 1025 5495; x_wconf 85' lang='lat' dir='ltr'><strong>accusans.</strong></span> <span class='ocrx_word' id='word_1_665' title='bbox 1057 5437 1186 5492; x_wconf 88' lang='lat' dir='ltr'><strong>Erat</strong></span> <span class='ocrx_word' id='word_1_666' title='bbox 1214 5434 1435 5490; x_wconf 87' lang='lat' dir='ltr'><strong>enimis</strong></span> <span class='ocrx_word' id='word_1_667' title='bbox 1465 5433 1649 5504; x_wconf 64' lang='lat' dir='ltr'><strong>biglae,</strong></span> <span class='ocrx_word' id='word_1_668' title='bbox 1678 5448 1779 5489; x_wconf 90' lang='lat' dir='ltr'><strong>ceu</strong></span> <span class='ocrx_word' id='word_1_669' title='bbox 1808 5433 1923 5487; x_wconf 79' lang='lat' dir='ltr'><strong>Ro-</strong></span> 
     </span>
    </p>
   </div>
   <div class='ocr_carea' id='block_1_97' title="bbox 336 5525 1924 5603">
    <p class='ocr_par' dir='ltr' id='par_1_97' title="bbox 336 5525 1924 5603">
     <span class='ocr_line' id='line_1_97' title="bbox 336 5525 1924 5603; baseline -0.007 -14"><span class='ocrx_word' id='word_1_670' title='bbox 336 5535 483 5589; x_wconf 88' lang='lat' dir='ltr'><strong>mani</strong></span> <span class='ocrx_word' id='word_1_671' title='bbox 514 5534 844 5603; x_wconf 88' lang='lat' dir='ltr'><strong>loquuntur,</strong></span> <span class='ocrx_word' id='word_1_672' title='bbox 892 5528 1244 5600; x_wconf 88' lang='lat' dir='ltr'><strong>drungarius,</strong></span> <span class='ocrx_word' id='word_1_673' title='bbox 1272 5536 1329 5582; x_wconf 90' lang='lat' dir='ltr'><strong>et</strong></span> <span class='ocrx_word' id='word_1_674' title='bbox 1350 5526 1546 5581; x_wconf 90' lang='lat' dir='ltr'><strong>eodem</strong></span> <span class='ocrx_word' id='word_1_675' title='bbox 1579 5540 1702 5580; x_wconf 90' lang='lat' dir='ltr'><strong>eum</strong></span> <span class='ocrx_word' id='word_1_676' title='bbox 1744 5525 1924 5579; x_wconf 87' lang='lat' dir='ltr'><strong>Theo-</strong></span> 
     </span>
    </p>
   </div>
   <div class='ocr_carea' id='block_1_98' title="bbox 333 5616 1919 5699">
    <p class='ocr_par' dir='ltr' id='par_1_98' title="bbox 333 5616 1919 5699">
     <span class='ocr_line' id='line_1_98' title="bbox 333 5616 1919 5699; baseline -0.007 -18"><span class='ocrx_word' id='word_1_677' title='bbox 333 5627 486 5699; x_wconf 86' lang='lat' dir='ltr'><strong>philo</strong></span> <span class='ocrx_word' id='word_1_678' title='bbox 545 5638 749 5698; x_wconf 90' lang='lat' dir='ltr'><strong>genere</strong></span> <span class='ocrx_word' id='word_1_679' title='bbox 799 5630 985 5678; x_wconf 90' lang='lat' dir='ltr'><strong>natus.</strong></span> <span class='ocrx_word' id='word_1_680' title='bbox 1033 5619 1147 5692; x_wconf 80' lang='lat'><strong>99</strong></span> <span class='ocrx_word' id='word_1_681' title='bbox 1188 5619 1451 5674; x_wconf 89' lang='lat' dir='ltr'><strong>Dolenter</strong></span> <span class='ocrx_word' id='word_1_682' title='bbox 1498 5617 1590 5671; x_wconf 87' lang='lat' dir='ltr'><strong>illa</strong></span> <span class='ocrx_word' id='word_1_683' title='bbox 1630 5616 1919 5687; x_wconf 83' lang='lat' dir='ltr'><strong>quiritare,</strong></span> 
     </span>
    </p>
   </div>
   <div class='ocr_carea' id='block_1_99' title="bbox 398 5881 1394 5971">
    <p class='ocr_par' dir='ltr' id='par_1_99' title="bbox 398 5881 1394 5971">
     <span class='ocr_line' id='line_1_99' title="bbox 398 5881 1394 5971; baseline -0.02 -16"><span class='ocrx_word' id='word_1_684' title='bbox 398 5902 441 5935; x_wconf 81' lang='grc'><strong><em>⁸⁸</em></strong></span> <span class='ocrx_word' id='word_1_685' title='bbox 472 5897 720 5971; x_wconf 79' lang='grc' dir='ltr'>ίσχύουσι</span> <span class='ocrx_word' id='word_1_686' title='bbox 749 5893 820 5946; x_wconf 73' lang='grc' dir='ltr'>Α.</span> <span class='ocrx_word' id='word_1_687' title='bbox 908 5885 1260 5957; x_wconf 72' lang='grc' dir='ltr'>ίίγλυφεϊσαν</span> <span class='ocrx_word' id='word_1_688' title='bbox 1282 5881 1394 5937; x_wconf 78' lang='lat' dir='ltr'><strong>AR.</strong></span> 
     </span>
    </p>
   </div>
   <div class='ocr_carea' id='block_1_100' title="bbox 2024 5246 3605 5322">
    <p class='ocr_par' dir='ltr' id='par_1_100' title="bbox 2024 5246 3605 5322">
     <span class='ocr_line' id='line_1_100' title="bbox 2024 5246 3605 5322; baseline 0.004 -21"><span class='ocrx_word' id='word_1_689' title='bbox 2024 5246 2170 5301; x_wconf 86' lang='lat' dir='ltr'><strong>nivei</strong></span> <span class='ocrx_word' id='word_1_690' title='bbox 2196 5248 2397 5303; x_wconf 89' lang='lat' dir='ltr'><strong>coloris</strong></span> <span class='ocrx_word' id='word_1_691' title='bbox 2421 5262 2662 5302; x_wconf 88' lang='lat' dir='ltr'><strong>marmor</strong></span> <span class='ocrx_word' id='word_1_692' title='bbox 2682 5247 2961 5319; x_wconf 85' lang='lat' dir='ltr'><strong>ingeniose</strong></span> <span class='ocrx_word' id='word_1_693' title='bbox 2983 5250 3255 5322; x_wconf 87' lang='lat' dir='ltr'><strong>sculptum</strong></span> <span class='ocrx_word' id='word_1_694' title='bbox 3284 5269 3503 5310; x_wconf 80' lang='lat' dir='ltr'><strong>vaccam</strong></span> <span class='ocrx_word' id='word_1_695' title='bbox 3529 5257 3605 5308; x_wconf 57' lang='grc' dir='ltr'><strong>ἰωι</strong></span> 
     </span>
    </p>
   </div>
   <div class='ocr_carea' id='block_1_101' title="bbox 2024 5341 3612 5412">
    <p class='ocr_par' dir='ltr' id='par_1_101' title="bbox 2024 5341 3612 5412">
     <span class='ocr_line' id='line_1_101' title="bbox 2024 5341 3612 5412; baseline 0.004 -17"><span class='ocrx_word' id='word_1_696' title='bbox 2024 5342 2272 5410; x_wconf 89' lang='lat' dir='ltr'><strong>gentium</strong></span> <span class='ocrx_word' id='word_1_697' title='bbox 2325 5341 2557 5396; x_wconf 89' lang='lat' dir='ltr'><strong>laterum</strong></span> <span class='ocrx_word' id='word_1_698' title='bbox 2616 5350 2991 5412; x_wconf 68' lang='lat' dir='ltr'><strong>repraesentat,</strong></span> <span class='ocrx_word' id='word_1_699' title='bbox 3044 5355 3101 5401; x_wconf 90' lang='lat' dir='ltr'><strong>et</strong></span> <span class='ocrx_word' id='word_1_700' title='bbox 3153 5346 3366 5400; x_wconf 86' lang='lat' dir='ltr'><strong>leonem</strong></span> <span class='ocrx_word' id='word_1_701' title='bbox 3400 5346 3452 5401; x_wconf 91' lang='lat' dir='ltr'><strong>in</strong></span> <span class='ocrx_word' id='word_1_702' title='bbox 3486 5364 3612 5401; x_wconf 77' lang='lat' dir='ltr'><strong>vac-</strong></span> 
     </span>
    </p>
   </div>
   <div class='ocr_carea' id='block_1_102' title="bbox 2022 5432 3607 5506">
    <p class='ocr_par' dir='ltr' id='par_1_102' title="bbox 2022 5432 3607 5506">
     <span class='ocr_line' id='line_1_102' title="bbox 2022 5432 3607 5506; baseline 0.003 -20"><span class='ocrx_word' id='word_1_703' title='bbox 2022 5447 2139 5486; x_wconf 90' lang='lat' dir='ltr'><strong>cam</strong></span> <span class='ocrx_word' id='word_1_704' title='bbox 2172 5432 2503 5488; x_wconf 88' lang='lat' dir='ltr'><strong>insilientem</strong></span> <span class='ocrx_word' id='word_1_705' title='bbox 2537 5448 2768 5504; x_wconf 87' lang='lat' dir='ltr'><strong>eamque</strong></span> <span class='ocrx_word' id='word_1_706' title='bbox 2812 5435 3010 5505; x_wconf 89' lang='lat' dir='ltr'><strong>cupide</strong></span> <span class='ocrx_word' id='word_1_707' title='bbox 3039 5446 3361 5505; x_wconf 89' lang='lat' dir='ltr'><strong>necantem;</strong></span> <span class='ocrx_word' id='word_1_708' title='bbox 3402 5453 3468 5493; x_wconf 80' lang='lat' dir='ltr'><strong>ex</strong></span> <span class='ocrx_word' id='word_1_709' title='bbox 3497 5454 3607 5506; x_wconf 85' lang='lat' dir='ltr'><strong>qua</strong></span> 
     </span>
    </p>
   </div>
   <div class='ocr_carea' id='block_1_103' title="bbox 2021 5524 3607 5599">
    <p class='ocr_par' dir='ltr' id='par_1_103' title="bbox 2021 5524 3607 5599">
     <span class='ocr_line' id='line_1_103' title="bbox 2021 5524 3607 5599; baseline 0.003 -20"><span class='ocrx_word' id='word_1_710' title='bbox 2021 5524 2305 5592; x_wconf 88' lang='lat' dir='ltr'><strong>sculptura</strong></span> <span class='ocrx_word' id='word_1_711' title='bbox 2351 5541 2552 5580; x_wconf 89' lang='lat' dir='ltr'><strong>nomen</strong></span> <span class='ocrx_word' id='word_1_712' title='bbox 2598 5526 2720 5582; x_wconf 92' lang='lat' dir='ltr'><strong>loco</strong></span> <span class='ocrx_word' id='word_1_713' title='bbox 2759 5526 2947 5582; x_wconf 91' lang='lat' dir='ltr'><strong>datum</strong></span> <span class='ocrx_word' id='word_1_714' title='bbox 2994 5538 3099 5584; x_wconf 91' lang='lat' dir='ltr'><strong>est.</strong></span> <span class='ocrx_word' id='word_1_715' title='bbox 3134 5529 3235 5585; x_wconf 87' lang='lat' dir='ltr'><strong>llic</strong></span> <span class='ocrx_word' id='word_1_716' title='bbox 3278 5544 3409 5599; x_wconf 85' lang='lat' dir='ltr'><strong>ergo</strong></span> <span class='ocrx_word' id='word_1_717' title='bbox 3453 5537 3607 5583; x_wconf 83' lang='lat' dir='ltr'><strong>stans</strong></span> 
     </span>
    </p>
   </div>
   <div class='ocr_carea' id='block_1_104' title="bbox 2021 5615 3602 5692">
    <p class='ocr_par' dir='ltr' id='par_1_104' title="bbox 2021 5615 3602 5692">
     <span class='ocr_line' id='line_1_104' title="bbox 2021 5615 3602 5692; baseline 0.001 -22"><span class='ocrx_word' id='word_1_718' title='bbox 2021 5615 2321 5684; x_wconf 82' lang='lat' dir='ltr'><strong>imperator</strong></span> <span class='ocrx_word' id='word_1_719' title='bbox 2350 5625 2406 5672; x_wconf 91' lang='lat' dir='ltr'><strong>et</strong></span> <span class='ocrx_word' id='word_1_720' title='bbox 2426 5618 2618 5674; x_wconf 89' lang='lat' dir='ltr'><strong>oculos</strong></span> <span class='ocrx_word' id='word_1_721' title='bbox 2643 5618 2699 5674; x_wconf 90' lang='lat' dir='ltr'><strong>in</strong></span> <span class='ocrx_word' id='word_1_722' title='bbox 2731 5635 2879 5676; x_wconf 88' lang='lat' dir='ltr'><strong>mare</strong></span> <span class='ocrx_word' id='word_1_723' title='bbox 2933 5621 3194 5692; x_wconf 90' lang='lat' dir='ltr'><strong>dirigens,</strong></span> <span class='ocrx_word' id='word_1_724' title='bbox 3223 5618 3370 5690; x_wconf 87' lang='lat' dir='ltr'><strong>quod</strong></span> <span class='ocrx_word' id='word_1_725' title='bbox 3400 5618 3602 5672; x_wconf 84' lang='lat' dir='ltr'><strong>coelum</strong></span> 
     </span>
    </p>
   </div>
  </div>
