4072 6426
460 412 573 479 ιαδ

477 525 736 581 Ἐπέπνει
763 524 861 595 μὲν
886 524 913 577 6
943 524 1176 595 ζέφυρος
1210 527 1397 589 πνοαῖς
1425 526 1811 589 ἁπαλοπνόοις.

468 618 733 672 Ἐτέτατο
755 619 797 648 η
827 620 893 670 τὰ
925 616 1091 685 λαίφη
1123 616 1177 670 δὲ
1211 616 1557 688 κολπούμενα
1583 618 1643 671 τὸ
1673 618 1910 687 πνεῦμα,

464 711 577 764 Καὶ
605 709 739 780 πρὸς
777 709 1002 776 λιμένας
1023 709 1249 778 ἧπειγον
1274 708 1334 760 τὸ
1383 710 1589 778 σκάφος
1612 710 1944 779 εύγαλήνους
1972 710 2035 771 ¹³,

466 802 667 854 Εῖκασε
694 800 740 853 δ’
767 800 833 854 ἄν
864 816 945 863 τις
982 799 1076 853 καὶ
1106 800 1325 870 μακράν
1365 800 1690 871 ἀφεστηκὼς
1727 801 1825 871 τῆς
1861 802 2037 873 ᾶλμης

464 891 572 946 Τοῦ
596 891 778 946 πλοίου
805 891 863 944 τὸ
893 891 1236 962 κατάφορτον
1262 890 1355 944 τοῦ
1384 893 1890 963 προσορμιζομένου
1916 911 1930 924 ’

476 985 599 1038 Ἐπὶ
620 984 731 1055 γὰρ
762 984 944 1056 τρίτον
964 984 1062 1049 τῆς
1098 985 1223 1055 νηὸς
1251 987 1350 1055 τῆς
1395 985 1672 1056 φορτηγοῦ
1708 986 1966 1056 ζωστῆρα

463 1079 574 1149 Τὴν
599 1079 878 1133 θάλασσαν
913 1077 1165 1133 ἀνέθλιϐε
1197 1078 1307 1131 τῶν
1337 1080 1642 1147 ἀγωγίμων
1674 1077 1859 1148 βάρος.

472 1171 562 1234 Ὠς
594 1169 842 1240 ἔϐλεψεν,
870 1170 1101 1223 ἐπύθετο
1134 1171 1217 1233 τίς
1248 1171 1340 1222 καὶ
1372 1170 1514 1233 τίνος
1545 1171 1576 1237 ὴ
1611 1170 1817 1238 σκάφη.

467 1282 485 1309 ς
507 1260 621 1327 Τῆς
647 1258 941 1329 βασιλίδος,
970 1280 988 1310 i
1020 1263 1269 1330 ἤκουσεν,
1297 1278 1314 1309 ι
1341 1261 1374 1329 ἠ
1392 1259 1523 1323 ναῦς
1554 1258 1646 1311 καὶ
1674 1259 1741 1311 τὰ
1762 1260 1977 1329 φορτία.
2008 1279 2027 1311 ι

460 1353 572 1404 Καὶ
609 1351 788 1422 λύπην
825 1353 924 1422 μὲν
948 1351 1258 1421 δακέθυμυν
1295 1352 1421 1422 ἔσχε
1458 1352 1595 1406 κατά
1627 1351 1879 1422 καρδίας,

459 1442 967 1512 Μεταστςιλάμενος
997 1441 1041 1495 δ’
1064 1441 1232 1511 αὐτὴν
1262 1442 1355 1494 καὶ
1371 1443 1534 1511 γνοὺς
1550 1458 1617 1493 πε
1627 1441 1681 1512 ρὶ
1702 1441 1795 1494 τοῦ
1824 1441 2032 1508 πλοίου,

466 1550 486 1583 r
524 1532 591 1586 Δί
625 1532 705 1603 αῖ,
746 1532 1094 1604 βασίλισσα,›
1139 1535 1327 1602 φησὶν,
1374 1553 1391 1582 ι
1433 1533 1512 1597 είς
1542 1529 1654 1586 οἷον
1673 1533 1861 1603 φθάνω
1887 1533 2031 1603 βίον;

458 1623 591 1676 Οἴαν
612 1624 732 1677 ἀνθ’
760 1623 878 1686 οἵας
908 1623 1174 1693 εὐτυχοῦς
1201 1622 1623 1694 ἀντηλλαξάμην
1657 1623 1827 1693 τύχην
1856 1624 1920 1677 ⁸⁵3

453 1713 698 1785 Φορτίων
726 1713 1120 1784 ᾇπεμπολητὴς
1144 1714 1171 1763 6
1190 1712 1299 1765 τῶν
1337 1712 1623 1783 Ῥωμαίων
1645 1730 1678 1765 κ
1687 1713 1869 1783 ράτωρ

457 1806 569 1859 Καὶ
594 1803 838 1870 κάπηλος
852 1804 1176 1874 γεγένημαι,
1205 1803 1302 1873 φεῦ
1320 1804 1332 1856 !
1353 1803 1459 1855 τῶν
1490 1803 1745 1874 ἐμπόρων
1762 1802 1979 1874 χείρων.
2004 1823 2023 1856 i

1637 412 1872 474 CONST
1878 417 1918 472 Α
1930 414 2049 473 NTI
2066 416 2112 474 Ν
2120 415 2143 473 Ι
2186 416 2486 477 MANASS
2497 417 2567 475 IS

2069 538 2110 597 Α
2154 525 2243 586 Ὠς
2269 525 2421 596 ἥλιος
2452 524 2814 594 ἀπήστραψεν
2845 524 3072 583 ἀκτῖνας
3097 522 3299 594 σεμνοῦ
3335 524 3473 595 βίου.

3614 411 3719 478 401

2151 616 2273 670 Ἔτι
2306 617 2352 670 δ’
2391 616 2708 689 ἐμφρούρου
2743 617 2995 685 μένοντος
3020 614 3116 669 τοῦ
3148 615 3294 669 θείου
3319 616 3589 670 Μεθοδίου

2147 711 2212 763 Οἱ
2242 709 2597 780 κιντηθέντες
2620 710 2688 763 τά
2715 709 2891 762 σεπτά
2916 709 3183 781 πρόσωπα
3214 709 3257 740 ¹⁸
3283 708 3560 779 θεηγόροι,

2146 795 2356 875 Ὦνπερ
2382 803 2475 855 καὶ
2507 804 2727 872 μνήμην
2744 801 2895 855 ἔθετο
2932 800 3146 871 φθάσας
3174 803 3203 856 6
3229 800 3386 869 λόγος
3415 800 3539 873 ἤδη,

2147 895 2345 957 Βιαίως
2373 892 2721 964 ἐλαυνόμενοι
2742 893 2875 964 πρὸς
2899 892 3000 964 τὴν
3024 892 3347 963 ὑπερορίαν,

2149 986 2355 1058 Ἀνδρα
2382 986 2508 1039 τινά
2539 985 2881 1057 σαγηνευτὴν
2905 984 3238 1056 ίχθυοθήραν
3261 984 3437 1054 ἄγραν

2146 1078 2410 1149 Εὑρόντες
2439 1077 2791 1131 δικτυεύοντα
2822 1078 3097 1147 γράφουσι
3126 1075 3205 1146 τῷ
3234 1077 3432 1149 δικαίῳ

2156 1168 2605 1239 Ὀλιγοσύλλαϐον
2631 1168 2850 1239 γραφὴν
2877 1173 2934 1222 ἐν
2964 1168 3196 1239 ίαμϐείῳ
3228 1170 3435 1238 μέτρῳ,

2149 1259 2252 1312 Ἦν
2277 1260 2336 1314 οὐ
2369 1260 2531 1315 καλὸν
2553 1259 2855 1331 νενομικὼς
2885 1259 3029 1314 κατά
3046 1277 3096 1312 τι
3125 1259 3501 1329 παραφθεῖραι
3542 1283 3561 1291 -

2141 1351 2348 1416 Αὐτοὺς
2371 1351 2615 1416 ἐκείνους
2642 1356 2707 1423 τῇ
2734 1355 2919 1424 γραφῇ
2944 1352 3137 1421 δίδωμι
3167 1353 3294 1417 τοὺς
3324 1349 3581 1421 ἰάμϐους.

2227 1459 2246 1493 ι
2278 1440 2368 1511 Τῷ
2407 1441 2571 1505 ζῶντι
2606 1439 2786 1513 νεκρῷ
2807 1441 2903 1495 καὶ
2934 1439 3112 1513 νεκρῷ
3145 1439 3437 1509 ζωηφόρφ.

2210 1531 2435 1586 Ναίοντι
2479 1531 2578 1602 τὴν
2608 1531 2715 1601 γῆν
2749 1532 2844 1585 καὶ
2875 1529 3134 1585 πατοῦντι
3163 1530 3254 1584 τὸν
3287 1529 3472 1597 πόλον,

2205 1624 2447 1695 Γραπτοὶ
2472 1624 2744 1693 γράφουσι
2767 1623 2982 1691 δέσμιοι
3013 1621 3092 1693 τῷ
3111 1620 3339 1691 δεσμίῳ.
3370 1639 3389 1670 ι

2140 1714 2283 1784 Πρὸς
2301 1714 2393 1777 οὓς
2413 1713 2575 1777 αὐτὸς
2597 1712 2937 1783 ἀντιγραφὴν
2960 1710 3323 1782 ἀντιχαράξας
3344 1707 3570 1781 γράψει’

2229 1823 2246 1857 ι
2277 1805 2413 1868 Τοὺς
2440 1807 2560 1868 ταῖς
2598 1804 2861 1875 βίϐλοισιν
2897 1801 3146 1874 οὐρανῶν
3178 1801 3365 1871 κλησιγ
3381 1800 3590 1871 ράφους

457 1898 569 1952 Καὶ
593 1897 748 1951 ταῦτ’
783 1898 955 1951 είπὼν
995 1898 1249 1952 ἐκέλευσε
1272 1897 1491 1966 γνάθοις
1520 1900 1695 1966 πυρες
1724 1898 2023 1968 παμφάγου
2064 1903 2105 1957 Β
2204 1897 2313 1950 Καὶ
2331 1896 2467 1968 πρὸς
2496 1897 2728 1963 μέτωπα
2753 1895 3044 1966 σωφρόνως
3069 1893 3424 1963 ἐστιγμένους

458 1988 570 2060 Τὴν
599 1988 733 2043 ναῦν
752 1990 853 2062 τὴν
880 1989 1250 2060 μυριόφορτον
1282 1988 1616 2059 αὐτόφορτον
1660 1987 1959 2058 βρωθῆναι.

538 2074 709 2146 Οὗτος
738 2080 901 2145 αὐτὸς
930 2084 958 2135 6
989 2081 1239 2148 βασιλεὺς
1271 2082 1532 2136 Μεθόδιον
1564 2080 1656 2134 τὸν
1687 2080 1827 2132 πάνυ

456 2172 698 2244 Θὲμενος
736 2173 1027 2244 ὑπερόριον
1053 2174 1111 2225 ἔν
1131 2190 1237 2226 τινι
1263 2172 1486 2245 νησιδίῳ

456 2265 552 2326 El;
577 2263 844 2336 σπήλαιον
874 2263 1227 2319 κατέκλεισεν
1260 2266 1336 2328 ὡς
1364 2267 1444 2330 είς
1473 2283 1576 2336 μνη
1588 2267 1736 2335 μεῖον
1771 2266 1956 2327 νέκυν,

464 2354 559 2419 Ὠς
591 2356 648 2409 ὲν
677 2354 931 2427 ὀστράκῳ
956 2354 1263 2426 μάργαρον,
1289 2355 1364 2418 ὡς
1396 2357 1452 2408 ὲν
1483 2356 1691 2428 ἀκάνθῃ
1716 2355 1887 2425 ῥόδον,

454 2448 567 2502 Καὶ
585 2448 681 2503 σὺν
702 2448 851 2519 αὐτῷ
875 2449 967 2502 καὶ
988 2449 1102 2519 μετ’
1120 2448 1285 2501 αὐτοῦ
1309 2449 1402 2503 δύο
1430 2449 1633 2520 λῃστὰς
1662 2432 2022 2519 κάκούργους.

455 2539 677 2592 Τούτων
700 2538 928 2610 θατέρου
956 2540 1065 2593 τῶν
1088 2538 1303 2611 λῃστῶν
1338 2540 1428 2591 τὸν
1453 2537 1567 2609 βίον
1601 2537 1918 2601 ἐκλιπόντος

455 2630 568 2682 Καὶ
603 2629 902 2701 ρεύσαντος
939 2632 1002 2684 ὲκ
1033 2633 1270 2701 φυσικῆς
1318 2630 1565 2699 ἀφύκτου
1607 2631 1726 2685 κατ’
1784 2629 2028 2700 ἀνάγκης

457 2719 569 2791 Τὴν
591 2720 863 2792 δύσοσμον
895 2722 1179 2791 ἀποφοράν
1206 2722 1296 2774 καὶ
1318 2721 1416 2791 τὴν
1448 2721 1656 2775 ἐκεῖθεν
1684 2721 1861 2792 λύμην

468 2811 530 2863 '0
561 2812 927 2881 καρτερόνους
966 2812 1205 2884 ἀθλητὴς
1239 2815 1447 2876 ἐκεῖνος
1472 2813 1778 2883 ἐκαρτέρει,

461 2902 567 2955 Ἤν
595 2901 706 2955 οὐδ’
731 2903 894 2967 αὐτὸς
930 2904 993 2959 ἂν
1023 2904 1243 2974 ἴσχυσεν
1264 2905 1591 2971 ὑπενεγκεῖν
1613 2904 1849 2973 ἀδάμας.

466 2993 526 3048 ’0
547 2993 593 3047 δ’
624 2994 813 3067 ἔτερος
836 2995 1127 3059 ἀπολυθεὶς
1165 2997 1265 3049 οὐκ
1301 2996 1492 3066 ἢθελεν
1516 2995 1763 3066 ἐκϐῆναι,

464 3083 609 3139 Ἀλλ’
640 3086 699 3139 ιν
723 3086 875 3156 αὐτῷ
899 3086 977 3156 τῷ
1004 3086 1220 3157 ζοφερῷ
1243 3087 1493 3156 σπηλαίῳ
1519 3086 1855 3153 καταμείνας

456 3176 572 3232 Καὶ
597 3176 845 3249 ζηλωτὴς
868 3180 1161 3248 γενόμενος
1201 3178 1383 3231 ἐνθέου
1424 3177 1701 3239 πολιτείας

454 3380 655 3447 sudum
689 3391 835 3440 esset
880 3383 1107 3455 ipseque
1155 3385 1321 3439 maris
1372 3384 1571 3440 intuitu
1625 3399 1745 3440 sese
1778 3398 2027 3440 recreare

453 3476 645 3541 vellet,
690 3469 873 3531 n'avim
923 3474 1199 3532 mercibus
1225 3485 1505 3531 oneratam
1547 3474 1822 3546 appellere
1856 3474 2024 3541 videt,

456 3568 610 3631 molli
649 3576 815 3624 vento
841 3566 1068 3623 australi
1099 3565 1263 3622 ﬂante
1287 3581 1352 3623 ac
1379 3567 1656 3637 navigium
1691 3565 1866 3636 plenis
1892 3566 2030 3622 velis

456 3656 815 3730 tranquillum
845 3655 900 3712 in
947 3667 1166 3728 portum
1217 3657 1515 3713 deferente.
1571 3656 1790 3711 Poterat
1843 3664 2027 3713 autem

455 3742 657 3814 aliquis
683 3743 847 3800 etiam
898 3743 1059 3815 longo
1086 3761 1152 3801 ex
1177 3744 1464 3801 intervallo
1497 3745 1810 3801 existimare
1843 3745 2028 3800 navim

455 3833 819 3906 appellentem
876 3835 1070 3907 ingens
1118 3852 1261 3894 onus
1310 3838 1511 3893 vehere
1540 3854 1554 3889 :
1583 3853 1711 3893 nam
1762 3838 2029 3893 mercium

453 3925 673 4001 pondus
724 3926 800 3982 ita
851 3927 1034 3984 navim
1087 3928 1425 4000 deprimebat
1450 3939 1567 3983 ute
1606 3928 1745 3983 mari
1806 3926 2028 3983 tertium

455 4017 623 4073 modo
652 4017 930 4090 cingulum
966 4028 1222 4075 exstaret.
1254 4019 1367 4075 Hac
1398 4020 1697 4093 imperator
1740 4019 1868 4089 navi
1898 4034 2030 4077 con-

455 4114 662 4174 specta,
692 4121 940 4178 quaenam
967 4117 1024 4163 et
1052 4110 1211 4179 cujus
1241 4118 1404 4175 esset,
1434 4110 1753 4183 interrogat.
1786 4106 1892 4167 Ubi
1921 4118 2031 4165 tam

454 4195 637 4249 navim
683 4211 846 4267 quam
902 4212 1113 4253 merces
1158 4199 1519 4271 imperatricis
1569 4214 1692 4256 esse
1755 4201 2030 4272 cognovit,

454 4284 625 4340 aiiimi
658 4285 848 4343 dolore
878 4302 1193 4359 compresso
1212 4299 1268 4346 et
1287 4291 1545 4347 arcessita
1573 4292 1839 4364 conjuge:
1872 4312 1890 4346 ι
1914 4291 2031 4348 Heu

455 4391 600 4441 mea,
632 4377 835 4449 inquit,
862 4378 1198 4450 imperatrix,
1217 4398 1327 4453 quo
1347 4398 1438 4438 res
1463 4397 1596 4439 meae
1620 4382 1853 4440 redacta:
1872 4385 2028 4441 sunt!

455 4464 573 4522 lleu
589 4468 805 4537 qualem
821 4468 1096 4525 fortunam
1107 4473 1658 4543 eumﬁopulentissima
1668 4473 1997 4530 commutavi
2014 4477 2029 4529 ι

2208 1991 2509 2060 Προσεῖπεν
2532 1990 2558 2041 6
2577 1987 2861 2051 ζώθαπτος
2888 1989 2963 2045 ὼς
2988 1984 3359 2054 συνδεσμίους.
3392 2003 3411 2036 ι

2135 2080 2247 2136 Καὶ
2276 2081 2448 2133 ταῦτα
2492 2078 2592 2149 μὲν
2626 2078 2695 2132 τά
2727 2077 2934 2149 χρύσεα
2960 2078 3070 2130 τῶν
3124 2072 3543 2143 καλλιγλὼττων
3572 2075 3703 2143 ἔπη.

2136 2173 2434 2243 Ἀντικρυς
2470 2168 2617 2223 θείου
2646 2170 2913 2241 νέκταρος
2941 2167 3309 2222 σταλάττοντα
3341 2166 3623 2238 συρμάδας
3649 2180 3668 2197 ο

2142 2262 2204 2315 Ὀ
2233 2261 2290 2314 δὲ
2315 2261 2482 2324 καλὸς
2508 2260 2819 2331 ἀγωνιστὴς
2842 2258 3107 2321 Μεθόδιος
3138 2260 3165 2312 6
3189 2257 3332 2312 πάνυ

2145 2352 2592 2423 Ἐγκαρτερήσας
2621 2354 2687 2423 τῇ
2716 2353 2889 2423 πικρᾷ
2919 2351 3011 2404 καὶ
3048 2347 3420 2420 κακοφροῦρφ
3445 2348 3659 2420 στέγην·

2132 2441 2245 2494 Καὶ
2281 2444 2409 2505 τοὺς
2438 2442 2658 2503 ὀδόντας
2686 2441 3041 2512 ἐκκρουσθεὶς
3067 2441 3162 2495 καὶ
3206 2440 3561 2505 συνθλασθεὶς
3610 2440 3714 2504 τάς

3430 2530 3689 2605 [γνάθους

2133 2625 2245 2678 Καὶ
2265 2625 2445 2678 πᾶσαν
2468 2624 2637 2695 ἄλλην
2664 2622 2906 2691 ἐνεγκὼν
2927 2623 3201 2678 κολάσεων
3241 2624 3407 2689 ἰδέαν,

2134 2719 2210 2770 Δι’
2231 2710 2307 2770 ὧν
2339 2717 2503 2771 αὐτὸν
2530 2717 2579 2768 οἱ
2608 2713 2890 2777 δυσσεϐεῖς
2917 2713 3182 2784 ἐπληττον
3218 2709 3601 2783 ἀπανθρώπως

2144 2811 2233 2874 Ὠς
2266 2811 2479 2879 ἄκμονα
2505 2807 2754 2877 σιδήρεον
2784 2806 3009 2875 χαλκεῖς
3034 2802 3567 2876 σφυροκτυποῦντες,

2132 2898 2299 2963 Τέλος
2327 2898 2579 2968 καθάπερ
2607 2898 2759 2967 ἥλιος
2779 2897 3128 2966 ἡμεραυγὴς,
3158 2894 3234 2959 ὡς
3261 2895 3476 2965 λύχνος,

2144 2988 2444 3058 Ἐξέκυψεν
2477 2989 2552 3052 ὡς
2574 2987 2637 3041 ἐκ
2660 3004 2803 3048 τινος
2838 2984 3113 3055 ὁρίζοντος
3154 2985 3386 3045 ἐκεῖθεν,

2135 3081 2498 3150 θελήσαντος,
2522 3079 2597 3140 ὼς
2621 3077 2789 3140 ἔοικε,
2812 3075 2907 3128 τοῦ
2938 3075 3231 3147 βλέποντος
3260 3073 3532 3135 ἀϐύσσους

2133 3171 2246 3224 Καὶ
2267 3168 2548 3240 Χερουϐὶμ
2575 3167 2669 3220 καὶ
2706 3167 2955 3237 Σεραφὶμ
2982 3163 3221 3236 ὕπερθεν
3257 3163 3571 3233 καθημένου

3371 3252 3532 3309 Vers.
3565 3250 3710 3307 4929

2128 3402 2291 3460 quem
2309 3402 2378 3442 ne
2395 3387 2616 3442 adamas
2635 3386 2858 3457 quidem
2882 3384 3152 3441 sustinere
3169 3391 3457 3454 potuisset.
3478 3382 3628 3437 Alter
3646 3381 3711 3434 li-

2129 3478 2342 3534 bertate
2371 3477 2607 3533 donatus
2627 3475 2779 3531 exire
2808 3474 3007 3539 noluit,
3027 3473 3123 3530 sed
3146 3473 3289 3529 intra
3305 3472 3617 3543 Speluncam
3640 3469 3707 3524 il-

2128 3570 2235 3626 lam
2273 3568 2625 3640 caliginosum
2649 3580 2876 3622 manens
2903 3564 3211 3633 divinaeque
3235 3564 3452 3619 vivendi
3479 3561 3713 3617 rationis

2128 3662 2414 3717 aemulator
2450 3659 2651 3719 factus.
2676 3659 2810 3714 solis
2842 3660 3013 3715 instar
3048 3658 3174 3714 vita:
3204 3657 3469 3730 religiosa:
3524 3654 3712 3710 radios

2128 3753 2350 3824 sparsit.
2395 3752 2534 3807 Dum
2556 3751 2738 3807 adhuc
2771 3750 3078 3806 Methodius
3102 3750 3157 3804 in
3184 3748 3292 3804 hoc
3318 3761 3535 3802 carcere
3564 3744 3711 3799 deti-

2131 3853 2313 3909 netur,
2328 3843 2581 3898 homines
2596 3842 2672 3897 illi
2693 3856 2875 3896 rerum
2896 3840 3205 3895 divinarum
3223 3837 3383 3908 periti
3405 3851 3545 3908 quos
3562 3836 3715 3891 notis

2131 3937 2188 3992 in
2212 3936 2364 3992 vultu
2395 3934 2626 3991 ftedatos
2645 3932 2816 3988 fuisse
2838 3932 3099 3996 diximus,
3121 3946 3219 4003 per
3242 3932 3351 3985 vim
3382 3929 3560 3983 solum
3582 3941 3712 3980 ver-

2132 4041 2249 4086 tere
2273 4027 2473 4093 coacti,
2507 4027 2781 4097 piscatore
2808 4022 3045 4095 quodam
3077 4029 3318 4093 reperto,
3346 4020 3562 4074 litteras
3592 4017 3714 4071 viro

2126 4121 2277 4192 justo
2297 4120 2597 4191 perbreves
2613 4131 2772 4173 versu
2799 4114 3033 4171 iambico
3055 4114 3355 4185 scripsere;
3381 4125 3516 4181 quas
3536 4108 3607 4164 ab
3629 4108 3720 4164 in-

2134 4213 2299 4271 teritu
2351 4206 2709 4267 vindicandas
2752 4217 2905 4264 ratus
2933 4207 3038 4262 hoc
3065 4206 3188 4262 loco
3217 4203 3489 4274 subjicere
3538 4200 3715 4256 volui.

2204 4302 2340 4359 Vivo
2367 4309 2653 4374 perempto
2688 4298 3015 4369 viviﬁcoque
3049 4305 3291 4362 mortuo,

2208 4391 2432 4447 Terram
2461 4389 2724 4446 incolenti
2746 4404 2810 4444 ac
2834 4389 3041 4458 pariter
3069 4387 3298 4443 calcanti
3328 4384 3536 4453 polum,

2209 4481 2492 4552 Scripsere
2524 4479 2711 4534 vincto
2739 4479 2908 4535 vincti
2932 4488 2991 4534 et
3016 4474 3266 4545 inscripti
3292 4472 3458 4529 notis.

456 4556 719 4612 nimirum
737 4558 848 4630 jam
873 4559 1243 4616 Romanorum
1271 4561 1568 4633 imperator
1587 4576 1798 4618 merces
1813 4562 2032 4618 venales
2066 4578 2109 4639 υ
2138 4575 2231 4630 Eis
2262 4573 2351 4627 ine
2381 4570 2742 4641 re3pondens,
2774 4570 2829 4626 in
2854 4570 2971 4625 hagc
2998 4569 3162 4623 verba
3201 4565 3479 4637 rescripsit
3514 4580 3529 4619 :

455 4647 723 4714 habeo,et
746 4650 977 4718 ipsemet
990 4651 1141 4723 (heu)
1157 4652 1374 4708 institor
1391 4651 1571 4708 factus
1582 4666 1723 4719 sum,
1737 4651 2029 4722 negotiato-

454 4739 612 4796 ribus
626 4740 787 4797 etiam
812 4742 1057 4799 inferior.
1070 4763 1089 4794 ι
1111 4744 1207 4799 llis
1223 4743 1407 4808 dictis,
1425 4744 1606 4798 navim
1626 4758 1733 4796 una
1750 4757 1874 4797 cum
1894 4756 2035 4796 mer-

457 4830 635 4898 cibus,
652 4848 883 4904 quarum
897 4836 1159 4892 immensa
1175 4833 1483 4904 eratcopia,
1501 4833 1837 4888 concremari
1848 4833 2031 4904 jussit.

535 4925 684 4983 Idem
719 4926 1055 4995 Theophilus
1096 4925 1393 4994 imperator
1425 4923 1605 4976 virum
1648 4921 2033 4991 praestantissi-

456 5034 608 5074 mum
657 5016 989 5072 Methodium
1028 5013 1319 5085 quamdam
1359 5011 1412 5065 in
1456 5011 1688 5066 insulam
1729 5012 2032 5083 relegatum

457 5109 732 5180 speluncze
760 5106 1042 5162 cadaveris
1076 5105 1250 5159 instar
1294 5103 1536 5168 inclusit,
1579 5116 1835 5174 tanquam
1866 5103 2027 5159 unio-

459 5217 584 5256 nem
620 5201 675 5255 in
721 5200 1008 5262 concham,
1047 5212 1226 5251 rosam
1272 5196 1415 5252 inter
1448 5196 1654 5266 spinas.
1696 5195 1852 5266 100
1882 5196 2027 5251 Prte-

458 5303 611 5348 terea
665 5291 803 5347 duos
845 5291 896 5346 ci
944 5289 1187 5344 latrones
1249 5287 1527 5358 adjunxit,
1582 5303 1811 5357 quorum
1858 5287 2029 5343 altero

457 5382 731 5439 exstincto
756 5390 813 5435 et
832 5382 942 5452 jam
977 5390 1346 5434 marcescente
1380 5380 1612 5434 naturali
1653 5381 1888 5450 quadam
1936 5396 2030 5435 ne-

458 5473 733 5538 cessitate,
770 5471 975 5526 l‘tedum
1003 5471 1153 5525 illum
1185 5471 1406 5526 odorem
1428 5481 1480 5526 et
1503 5473 1818 5541 pestiferum
1847 5490 2027 5530 aerem

458 5562 919 5619 tolerantissimus
971 5561 1200 5616 athletes
1255 5562 1437 5616 animo
1492 5563 1613 5616 tulit
1665 5564 1976 5633 :equissimo
2012 5605 2028 5631 ,

2209 4663 2392 4719 Libris
2423 4661 2665 4718 vicissim
2692 4661 2999 4732 descriptos
3025 4658 3361 4723 ctelestibus,

2206 4754 2502 4823 Faciesqne
2532 4767 2639 4806 non
2665 4751 2784 4807 sine
2813 4750 2976 4806 laude
3004 4757 3363 4818 compunctus
3387 4744 3553 4812 notis,

2206 4846 2403 4899 Secum
2437 4843 2637 4898 salutat
2664 4842 2878 4898 vinctos
2904 4842 3065 4897 vivus
3089 4838 3341 4894 obrutus.

2134 4936 2199 4993 lli
2235 4935 2567 4992 disertorum
2615 4933 2897 4990 hominum
2938 4945 3129 4986 versus
3154 4928 3306 4984 aurei
3346 4941 3538 4999 reapse
3568 4926 3719 4981 divi-

2134 5042 2265 5082 num
2291 5024 2581 5096 quemdam
2636 5024 2875 5080 nectaris
2922 5034 3147 5078 succum
3178 5018 3405 5074 stillant.
3438 5016 3716 5101 Caeterum

2135 5118 2428 5189 praeclarus
2474 5115 2620 5186 pugil
2674 5112 2999 5177 Methodius,
3048 5126 3172 5166 cum
3209 5108 3505 5164 toleranter
3530 5108 3583 5161 in
3617 5108 3719 5163 illo

2137 5210 2281 5265 tristi
2340 5223 2559 5264 carcere
2609 5223 2728 5263 sese
2790 5206 3086 5276 gessisset,
3146 5203 3339 5258 dentes
3396 5200 3671 5256 amisisset
3696 5240 3729 5267 ,.

2139 5300 2385 5355 maxillas
2414 5308 2672 5354 contusas
2705 5296 2950 5357 haberet.
2984 5294 3242 5363 omnique
3266 5306 3463 5361 genere
3496 5291 3716 5361 suppli-

2138 5391 2347 5446 ciorum
2378 5390 2723 5443 excruciatus
2757 5386 2825 5440 ab
2861 5385 3044 5455 impiis
3094 5382 3411 5438 hominibus
3438 5397 3533 5452 per
3558 5396 3718 5434 sum-

2138 5497 2280 5535 mam
2314 5480 2767 5535 inhumanitatem
2794 5492 2902 5531 non
2929 5477 3089 5531 aliter
3112 5487 3258 5531 esset
3285 5482 3446 5544 atque
3471 5472 3714 5528 ferream

2138 5573 2394 5628 incudem
2440 5573 2648 5628 malleis
2697 5585 2992 5627 excusorcs
3031 5565 3394 5634 contundunt,
3433 5564 3501 5621 ad
3529 5571 3717 5621 extre—

1813 5684 2019 5745 Varia:
2050 5685 2383 5747 let-tiones.

536 5786 582 5816 ”
611 5784 886 5838 ἐπέπτατο
911 5784 1023 5839 ΑΒ.
1102 5786 1144 5817 ¹³
1179 5786 1479 5854 εὐγαλήνης
1502 5791 1564 5840 Λ.
1639 5789 1679 5818 ³³
1704 5787 1870 5855 τύχης
1894 5791 1957 5842 Λ.
2033 5792 2073 5821 ¹⁸
2106 5791 2332 5853 μέτωπα
2356 5792 2468 5845 AR.
