4072 6416
372 461 479 524 405

376 572 467 632 Ὠς
493 571 648 625 πόλιν
677 570 1062 644 ὀχυρόπυργον
1093 588 1279 625 τουτον
1312 568 1397 638 ἐφ’
1419 569 1581 640 ὄρους
1610 569 1827 638 στῆσαι,

379 666 467 728 Ὣς
500 664 578 734 μὴ
608 662 884 733 τοσαύτην
904 663 1107 734 ἀρετὴν
1140 663 1217 727 ὡς
1245 664 1303 719 ἐν
1335 662 1502 734 μοδίῳ
1523 660 1718 731 λύχνον

368 754 460 824 Τῷ
485 751 736 823 στυγερῷ
754 753 848 807 καὶ
873 751 1088 824 ζοφερῷ
1118 751 1492 807 καλύπτεσθαι
1525 750 1800 822 σπηλαίῳ.

399 846 443 898 0
466 841 693 915 κράτωρ
722 842 833 914 γὰρ
862 843 1125 914 Θεόφιλος
1156 843 1362 915 βίϐλοις
1386 844 1476 896 ἀεὶ
1508 842 1786 914 σχολάζων

372 936 481 988 Καὶ
516 933 719 1004 σίμϐλα
740 934 809 988 τὰ
833 935 935 1005 τῆς
954 935 1209 1005 γνώσεως
1229 934 1627 1007 κηροπλαστιῖω
1663 934 1913 989 ἐντεῦθεν

388 1028 479 1089 Ὦς
512 1026 750 1095 μέλισσα
778 1026 1074 1097 φιλόπονος
1110 1027 1288 1081 ἀνθῶν
1320 1028 1385 1081 ἐκ
1411 1026 1740 1098 λειμωνίων,

377 1115 817 1188 Λαευρινθώδεσί
844 1135 955 1172 τισι
983 1120 1083 1172 καὶ
1108 1120 1331 1189 γρίφοις
1357 1121 1701 1189 ἐντυγχάνει.

378 1199 482 1257 Ἦν
507 1204 798 1259 ἐκλεπίσαι
826 1207 888 1258 τὸ
920 1206 1157 1279 σκληρὸν
1187 1208 1280 1261 καὶ
1305 1208 1366 1262 τὸ
1396 1209 1624 1275 στυγνὸν
1644 1209 1686 1241 ¹⁸
1715 1210 1950 1278 φωτίσαι

376 1296 571 1361 υύδεὶς
586 1296 762 1371 ὀρθῶς
791 1298 1068 1369 δεδύητο,
1112 1301 1291 1354 καίτοι
1324 1300 1538 1372 μυρίων
1565 1301 1738 1355 ὄντων

376 1387 496 1439 Τῶν
531 1388 722 1459 φήμην
756 1387 1147 1460 μεγαλώνυμον
1167 1389 1404 1462 ἐχόντων
1429 1389 1526 1444 ἐπὶ
1550 1389 1751 1458 γνώσει
1776 1391 1838 1443 ¹⁷.

370 1478 643 1546 Μεγάλως
675 1475 772 1534 οὖν
803 1480 884 1551 τῷ
907 1480 1120 1551 βασιλεί
1143 1483 1263 1555 τότε
1291 1483 1705 1554 βαρυθυμῶντι

374 1566 476 1635 Εἷς
515 1571 622 1625 τῶν
646 1573 955 1643 προκοίτων
990 1574 1243 1644 πρόσεισι
1278 1576 1372 1629 καὶ
1395 1576 1946 1647 θαλαμηπολούντων,

375 1662 485 1717 Καὶ
517 1662 609 1716 τδν
628 1662 895 1719 Βίεθὸδιον
924 1666 1105 1736 ὑμνεῖ,
1135 1667 1228 1722 καὶ
1258 1668 1437 1722 πάντα
1472 1668 1784 1737 καταλέγει,

373 1753 488 1823 Τὴν
515 1753 891 1825 πολυμάθειαν
925 1756 1115 1833 αὐτοῦ,
1142 1756 1207 1813 τὸ
1232 1758 1488 1831 πόριμον,
1508 1760 1610 1829 τὴν
1642 1759 1845 1828 γνῶσιν

376 1845 489 1900 Καὶ
517 1847 616 1916 τὴν
640 1848 1057 1920 οὐρανοὸάμονα
1082 1849 1297 1905 σύνεσιν
1328 1850 1422 1904 καὶ
1450 1851 1666 1919 σοφίαν,

374 1934 503 1986 Εἴτε
533 1933 718 1989 θεόθεν
743 1935 1011 2007 κινηθεὶς,
1036 1938 1150 1991 εἴτε
1191 1939 1286 1992 καὶ
1323 1938 1547 2009 φίλτρον
1575 1938 1791 2008 τρέφων

375 2020 521 2091 Πρὸς
552 2021 645 2076 τὸν
666 2023 908 2094 αἰθέριον
931 2024 1010 2095 τῷ
1040 2024 1118 2094 νῷ
1140 2027 1237 2081 καὶ
1262 2025 1523 2095 θεοφόρον
1549 2025 1741 2096 ἄνδρα.

388 2111 606 2164 Ἀκούει
632 2111 788 2165 ταῦθ’
817 2112 847 2166 ό
901 2112 1178 2183 βασιλεὺς,
1210 2115 1602 2185 μετάπεμπτον
1634 2119 1867 2173 ποιεῖται

376 2201 484 2255 Τδν
500 2204 648 2272 ἱερὸν
666 2203 955 2271 Μεθόδιον,
997 2205 1182 2275 ἐξάγει
1218 2206 1311 2261 τοῦ
1348 2205 1620 2275 σπηλαίου

388 2288 476 2355 Ὠς
503 2282 613 2343 άπὸ
635 2289 828 2363 κόχλου
851 2293 1162 2364 μάργαρον,
1185 2296 1261 2358 ὡς
1292 2296 1399 2349 ἀπὸ
1419 2297 1617 2365 νέφους
1635 2298 1835 2370 ἄστρον

387 2382 636 2445 ’Λκτίνας
670 2383 1070 2440 ἀποστίλϐοντα
1097 2386 1331 2458 φαιδρὰς
1358 2390 1821 2462 πυριμαργάρους

376 2471 488 2524 Kal
517 2470 681 2541 ζόφον
712 2474 1090 2530 ἀπελαύνοντα
1118 2478 1212 2531 καὶ
1229 2480 1539 2547 σκοτασμδν
1576 2482 1817 2555 ἀγνοίας.

376 2563 486 2630 Τῆς
510 2561 764 2634 γλώσσης
792 2565 887 2619 οὖν
911 2567 1165 2637 Θεόφιλος
1183 2570 1525 2640 γευσάμενος
1561 2568 1605 2603 ¹⁸
1631 2572 1729 2638 τῆς
1759 2572 1951 2626 τούτου

391 2652 793 2720 Ἰεῖγκατοικίζει
828 2655 919 2709 τὸν
953 2657 1114 2711 καλὸν
1144 2658 1325 2724 καλῶς
1352 2661 1409 2714 ἐν
1442 2660 1742 2730 βασιλείοις

391 2743 477 2807 Ὠς
498 2748 688 2815 χρῆμα
724 2746 1093 2819 πολυτίμητον
1119 2752 1176 2804 ἐν
1202 2751 1500 2823 θησαυροῖς
1522 2753 1765 2821 ἀσύλοις,

388 2836 477 2897 '0;
502 2836 653 2890 λίθον
685 2838 864 2907 μέγαν
897 2839 1180 2896 στίλϐοντα
1200 2843 1496 2915 πυρῤάκην
1525 2843 1901 2915 φωτοόρύτην.

377 2929 557 2983 Κάκεῖ
584 2930 1050 3002 παρακαθήμενος
1072 2932 1149 3004 τῷ
1170 2934 1491 3007 χρυσορρόῳ
1518 2936 1699 3008 Νείλῳ

1505 433 2025 518 ⁷(ΞΟΜΡΕΝο1ΗΜ
2058 441 2536 506 CHRONICUM.

1974 564 2019 620 Α
2051 556 2271 611 Ἤντλει
2293 556 2392 627 τὴν
2426 556 2582 609 πόσιν
2610 553 2809 625 δαψιλῆ
2829 554 2938 609 τῶν
2963 548 3334 623 γλυκυχύμων
3359 546 3590 618 ῥείθρων
3613 560 3630 577 ο

3520 430 3653 495 406*

2057 648 2237 720 Περᾷν
2263 648 2319 702 δὲ
2356 647 2567 719 μέλλων
2593 646 2832 716 ποταμὸν
2852 644 3054 711 τὸντῆς
3074 644 3306 714 ῥευστῆς
3335 639 3547 701 οὐσίας,

2062 743 2157 796 Ὃν
2182 740 2360 795 πάντα
2383 739 2767 810 περικείμενον
2799 738 2973 808 πάχος
2997 738 3040 769 ⁸³
3074 733 3272 805 θνητοῦ
3297 730 3527 801 σαρκίου

2068 831 2375 903 Ἀμήχανον
2410 830 2486 903 μὴ
2515 829 2744 883 διελθεῖν
2771 827 3004 899 (ἐπείγει
3040 828 3152 898 γὰρ
3178 828 3211 896 ή
3236 825 3420 895 φύσις,

2068 924 2134 976 Ἦ
2159 922 2460 997 ταχουργὸς
2482 919 2891 993 πορθμεύτρια,
2922 919 2985 973 τὸ
3016 919 3177 990 χρέος
3202 910 3561 979 ἀπαιτοῦσα),

2060 1013 2219 1078 Ἔτος
2249 1014 2351 1085 ἤδη
2381 1012 2687 1067 δωδέκατον
2710 1011 2811 1084 τῆς
2844 1009 3127 1082 βασιλείας
3156 1009 3307 1077 ἄγων
3336 1006 3406 1069 ³⁰ν

2057 1105 2146 1175 Τῷ
2175 1105 2362 1174 στέφει
2402 1105 2502 1176 μὲν
2523 1105 2613 1159 τὸν
2641 1102 2864 1174 Μιχαὴλ
2890 1101 3232 1169 κατακοσμεῖ
3261 1098 3354 1152 τὸν
3377 1095 3559 1157 παῖδα,

2060 1196 2182 1249 Ἐτι
2213 1196 2499 1252 παιδίσκον
2527 1194 2734 1253 ἁπαλὸν
2755 1194 2888 1249 ὄντα
2907 1193 3010 1264 τὴν
3033 1191 3251 1264 ἠλικίαν
3270 1190 3339 1254 ¹¹4

2058 1288 2133 1341 Τὸ
2165 1287 2359 1357 νεαρὸν
2393 1288 2452 1340 δὲ
2470 1286 2566 1342 τοῦ
2604 1285 2794 1349 παιδὸς
2822 1285 2897 1351 ὡς
2929 1284 3088 1354 θέμις
3120 1279 3448 1335 ὑποπτεύων

2059 1377 2454 1444 Συγκοινωνεῖν
2479 1376 2778 1429 ἐκέλευσεν
2792 1373 2969 1443 τούτῳ
2998 1373 3095 1427 καὶ
3125 1370 3223 1442 τὴν
3258 1369 3495 1441 μητέρα,

2060 1466 2166 1520 Τοῦ
2186 1465 2422 1537 κράτους
2439 1466 2571 1530 “(bc
2592 1466 2980 1536 φροντίστριαν
3009 1461 3158 1535 αύτῷ
3174 1461 3219 1494 ⁸³
3237 1457 3631 1529 γενησομένην.

2065 1560 2134 1611 Ἢ
2165 1557 2331 1628 μέχρι
2350 1556 2472 1610 τότε
2500 1556 2759 1626 νύκτερον
2788 1556 2991 1625 ἔχουσα
3016 1552 3323 1624 μαθητείαν

2060 1652 2169 1703 Καὶ
2193 1649 2426 1704 σέϐουσα
2451 1649 2548 1711 τὰς
2577 1648 2730 1719 ἱερὰς
2751 1647 2969 1718 μορφὰς
3000 1649 3059 1701 ἐν
3082 1643 3438 1718 παραϐύστῳ,

2058 1743 2388 1813 Νικόδημος,
2420 1740 2648 1807 ἂνξεῖποι
2668 1757 2774 1807 τις,
2805 1740 3086 1812 άκόιρδιος,
3116 1739 3425 1802 δειλόνουςιμ

2060 1836 2193 1888 Τότε
2217 1835 2374 1905 τορὸν
2400 1832 2598 1905 ἐϐόησε
2620 1834 2714 1887 καὶ
2743 1834 2882 1904 μετὰ
2910 1830 3253 1904 παρρησίας,

1987 1920 2027 1975 Β
2059 1929 2166 1981 Καὶ
2199 1926 2435 1995 σάλπιγξ
2470 1926 2846 1995 ἐχρημάτισεν
2873 1924 3117 1996 εὔσημος
3141 1920 3579 1995 χρυσοσάλπιγξ,

2057 2016 2127 2068 ’Ἡ
2154 2013 2354 2081 μᾶλλον
2383 2012 2771 2075 καλλικέλαδος
2803 2012 3196 2081 νεοττοτρόφος
3216 2012 3389 2083 ὄρνις,

2057 2106 2362 2179 Στρουθοὺς
2393 2105 2806 2174 ὲπισυνάγουσα
2832 2103 3099 2160 πάντοθεν
3129 2105 3258 2167 τοὺς
3289 2103 3589 2173 ἀπτέρους,

2057 2196 2505 2268 Περικρυϐέντας
2529 2197 2726 2268 μέχρις
2757 2196 2824 2250 ἂν
2855 2199 2885 2249 ὁ
2915 2194 3185 2266 θηρευτὴς
3222 2194 3493 2265 παρέλθῃ,

2054 2291 2166 2343 Καὶ
2203 2291 2498 2360 σπέρματα
2518 2290 2844 2359 τρισευγενῆ
2871 2286 3076 2357 σχοῦσα
3107 2286 3248 2342 κατὰ
3275 2285 3527 2357 καρδίας,

2067 2376 2155 2446 Ὠς
2179 2382 2391 2453 ἄρουρά
2422 2399 2505 2445 τις
2530 2382 2833 2453 εὖκαρπος,
2866 2379 3039 2445 αὖλαξ
3084 2377 3493 2450 λιπαροϐώλαξ,

2054 2469 2337 2541 Χειμῶνος
2360 2471 2460 2540 μὲν
2487 2470 2771 2534 πιέζοντος
2793 2472 2893 2523 οὐκ
2925 2470 3169 2524 ἀνεδίδου
3210 2468 3473 2539 βλάστην,

2069 2558 2154 2623 Ὡς
2182 2559 2238 2613 δὲ
2271 2559 2517 2630 παρῆλθε
2538 2559 2600 2612 τὸ
2624 2559 2824 2630 πικρὸν
2846 2559 2945 2628 τῆς
2969 2559 3260 2629 χειμερίας
3277 2557 3428 2630 ὥρας

2055 2650 2129 2703 Τὸ
2158 2649 2203 2702 δ’
2232 2649 2333 2719 ἔαρ
2358 2649 2661 2718 ύπεγέλασε
2692 2649 2786 2704 καὶ
2817 2649 2879 2702 τὺ
2903 2649 3130 2717 στυγνὸν
3160 2647 3350 2716 ἐλύθη,

2056 2740 2189 2794 Τότε
2212 2741 2278 2810 δὴ
2299 2741 2420 2794 τότε
2447 2743 2541 2796 καὶ
2575 2741 2804 2811 βλαστὸν
2829 2741 3091 2808 ἐξήνεγκε
3119 2741 3164 2769 ⁸³
3190 2738 3459 2805 πολύχουν

2057 2831 2166 2888 Καὶ
2192 2831 2343 2902 λήϊον
2374 2831 2704 2901 πολύσταχυ,
2737 2834 2831 2885 καὶ
2863 2830 3066 2900 πλῆρες
3092 2830 3420 2899 εὐκαρπίας.

2067 2922 2158 2985 Ὠς
2181 2920 2376 2994 αὔραις
2405 2922 2806 2992 κυμαινόμενον
2836 2919 3084 2982 εύπνόοις
3117 2918 3422 2989 ζεφυρίαις,

3310 3006 3463 3062 Vers.
3496 3007 3636 3062 i985

378 3187 531 3227 mum
555 3172 684 3230 inde
708 3175 932 3244 prodiit,
962 3185 1116 3232 ortus
1137 3177 1321 3233 diurni
1345 3179 1478 3236 solis
1507 3179 1699 3249 instar,
1733 3185 1954 3241 volente
1993 3243 2017 3249 Α
2056 3181 2203 3235 claro
2230 3178 2287 3232 in
2319 3177 2465 3247 regia
2496 3175 2837 3232 domicilium
2868 3175 3130 3244 assignat,
3162 3180 3421 3241 tanquam
3454 3170 3638 3239 magni

377 3264 611 3325 scilicet,
638 3243 877 3319 uticredi
908 3280 1006 3335 par
1033 3276 1137 3332 est,
1162 3268 1293 3335 Deo,
1318 3271 1413 3339 qui
1437 3271 1666 3342 abyssos
1686 3243 1956 3344 perspicit
1981 3243 2024 3304 ο
2060 3284 2175 3325 rem
2204 3268 2366 3340 pretii
2383 3243 2765 3338 gemmamque
2791 3243 3159 3335 splendidam,
3186 3261 3523 3327 rutilantem,
3556 3262 3638 3315 lu-

379 3364 436 3411 et
469 3354 742 3411 Cherubis
780 3372 845 3412 ac
886 3357 1154 3428 Seraphis
1209 3360 1430 3428 insidet,
1491 3363 1758 3434 insignem
1811 3367 1955 3421 hunc
2060 3360 2240 3416 cidam
2264 3357 2320 3412 in
2348 3353 3047 3412 thesaurisinviolabilibus
3071 3363 3127 3408 et
3154 3351 3451 3408 inaccessis
3469 3351 3641 3406 collo-

374 3445 560 3500 virum
592 3461 691 3500 ceu
722 3448 992 3503 munitam
1019 3450 1208 3506 urbem
1236 3450 1291 3505 in
1316 3462 1501 3508 monte
1531 3454 1753 3509 sublimi
1786 3456 1957 3511 collo.

377 3548 529 3599 care,
575 3550 645 3590 ne
688 3546 835 3592 tanta
887 3539 1079 3602 virtus,
1122 3540 1293 3595 veluti
1344 3542 1569 3597 lucerna
1612 3544 1716 3599 sub
1748 3545 1954 3611 modio,

378 3627 526 3682 tristi
569 3627 979 3699 caliginossque
1023 3645 1191 3700 specu
1234 3630 1421 3687 abdita
1466 3632 1683 3689 lateret.
1743 3635 1958 3693 Accidit

374 3720 527 3773 enim
577 3729 639 3775 ut
682 3720 1025 3790 Theophilus
1087 3722 1389 3792 imperator
1439 3707 1748 3781 lectitandis
1799 3727 1957 3785 libris

378 3824 602 3881 semper
630 3822 952 3882 occupatus,
986 3813 1129 3868 unde
1158 3813 1403 3869 alveolos
1444 3813 1689 3872 scientia:
1717 3817 1959 3890 tingebat

378 3900 847 3971 quemadmodum
884 3902 1001 3971 apis
1030 3902 1221 3957 sedula
1264 3902 1334 3957 de
1372 3912 1658 3972 pratorum
1694 3906 1955 3973 ﬂoribus,

380 3995 438 4048 in
464 3994 690 4063 griphos
711 4004 770 4048 et
794 3993 1120 4064 labyrinthis
1171 3994 1481 4050 consimilia
1523 3996 1773 4067 quaedam
1822 3999 1960 4057 inci-

379 4084 561 4151 deret,
580 4085 656 4139 ita
679 4092 740 4139 ut
758 4084 892 4140 dura
916 4084 1066 4140 istaec
1090 4083 1247 4153 quasi
1273 4083 1614 4141 decorticare
1634 4103 1702 4143 ac
1722 4090 1959 4149 obscura

379 4170 663 4232 illustrare
691 4189 855 4232 nemo
896 4184 1047 4231 recte
1104 4186 1310 4245 posset,
1347 4180 1565 4234 tametsi
1598 4180 1686 4236 vel
1714 4186 1959 4240 sexcenti

380 4267 530 4338 apud
582 4268 763 4340 ipsum
794 4278 980 4325 essent
1020 4266 1285 4323 doctrinae
1324 4266 1483 4325 fama:
1522 4270 1789 4328 celebres.
1821 4272 1961 4331 Cum

382 4359 554 4430 igitur
604 4359 919 4430 imperatori
974 4357 1303 4428 permolesta
1343 4359 1459 4415 haec
1485 4375 1575 4416 res
1599 4363 1878 4420 accideret
1904 4373 1963 4423 et

380 4452 629 4506 animum
677 4452 799 4522 ejus
856 4457 1098 4520 angeret,
1149 4449 1372 4519 quidam
1418 4466 1487 4506 ex
1540 4455 1865 4524 proceribus
1905 4469 1964 4514 et

380 4542 740 4598 cubiculariis
776 4541 1046 4597 accedens
1077 4539 1412 4597 Methodium
1440 4543 1721 4613 praedicat,
1749 4548 1962 4609 indica-

382 4635 454 4689 tis
490 4634 734 4698 dotibus,
786 4632 1051 4688 doctrime
1084 4633 1479 4703 magnitudine,
1533 4637 1777 4694 scientiae
1804 4641 1961 4710 copia

378 4724 640 4794 etpedita
682 4730 739 4780 et
766 4722 1089 4788 abundanti,
1130 4720 1283 4793 101
1334 4723 1627 4794 prudentia
1663 4728 1963 4798 sapientia-

379 4830 490 4883 que
519 4815 729 4870 vertice
748 4830 851 4871 suo
876 4818 1081 4873 ctelum
1115 4817 1292 4886 ipsum
1320 4817 1646 4887 attingente,
1674 4820 1791 4876 sive
1822 4821 1965 4877 divi-

379 4904 556 4970 nitus,
582 4912 646 4960 ut
668 4904 774 4960 hoc
802 4905 1028 4973 faceret,
1056 4917 1385 4972 commotus,
1416 4910 1533 4964 sive
1560 4909 1961 4968 clandestinum

380 5008 630 5050 amorem
671 4995 825 5053 alens
855 5010 983 5068 erga
1023 4997 1205 5053 virum
1236 5006 1418 5053 mente
1462 5000 1740 5056 caelestem
1777 5009 1833 5058 et
1860 5018 1963 5059 nu—

379 5085 534 5140 nt'lne
566 5085 756 5143 divino
801 5088 1046 5158 plenum.
1087 5087 1215 5145 Haec
1247 5090 1541 5161 imperator
1585 5092 1817 5152 audiens
1847 5095 1961 5150 Meo

383 5176 639 5232 thodinm
665 5178 733 5233 de
772 5194 942 5249 specu
1001 5180 1286 5244 eductum,
1321 5194 1423 5236 ceu
1480 5182 1741 5239 unionem
1770 5198 1802 5239 e
1826 5198 1963 5242 con-

381 5266 510 5332 cba,
559 5267 959 5338 sidusenube,
1006 5272 1186 5327 virum
1229 5269 1550 5328 clarissimis
1592 5273 1760 5329 radiis
1796 5274 1964 5330 reful-

382 5365 605 5430 gentem
647 5369 705 5415 et
752 5360 1009 5418 tenebras
1062 5371 1230 5433 atque
1285 5363 1570 5436 caliginem
1642 5366 1965 5437 ignorantiae

382 5446 799 5516 discutientem,
842 5450 908 5504 ad
942 5465 1066 5508 sese
1094 5461 1319 5509 revocat
1357 5464 1415 5509 et
1444 5453 1657 5510 invitat.
1715 5455 1966 5527 Cumque

383 5551 609 5613 gustum
631 5542 833 5614 lingua
863 5540 1126 5601 Mctbedii
1169 5546 1526 5617 percepisset,
1582 5547 1792 5604 homini
1826 5562 1961 5620 pra:-

2058 3461 2222 3507 cans;
2254 3453 2418 3515 atque
2446 3444 2538 3499 hic
2577 3442 2895 3514 frequenter
2946 3441 3193 3498 assidens
3225 3440 3347 3516 Nilo
3370 3434 3450 3495 illi
3490 3439 3639 3493 auri-

2062 3538 2193 3604 ﬂuo,
2225 3538 2293 3593 de
2329 3536 2665 3592 dulcissimis
2697 3536 2854 3605 aquis
2890 3535 3116 3604 largiter
3149 3533 3459 3588 hauriebat.

2128 3630 2269 3687 Cum
2313 3638 2495 3684 autem
2550 3628 2881 3700 traiecturus
2925 3639 3072 3683 esset
3117 3642 3331 3682 amnem
3385 3624 3643 3681 essentia:

2062 3720 2311 3777 interitui
2368 3719 2642 3784 obnoxiae,
2702 3731 2865 3787 quem
2911 3731 3106 3772 omnes
3166 3731 3354 3771 crasso
3406 3729 3641 3784 corpore

2062 3807 2430 3865 circumdatos
2466 3820 2752 3878 permeare
2804 3819 3033 3861 necesse
3079 3812 3185 3869 est,
3247 3805 3321 3859 ita
3374 3804 3638 3860 nimirum

2059 3902 2288 3974 iubente
2336 3908 2554 3964 natura,
2612 3913 2734 3969 quae
2783 3899 2943 3954 velox
2988 3905 3075 3952 est
3125 3896 3401 3966 trajectrix
3447 3904 3503 3948 et
3544 3894 3646 3947 abs

2063 3993 2260 4065 quovis
2302 3990 2549 4049 debitum
2589 3990 2775 4061 exigit,
2831 4002 3035 4044 annum
3087 3988 3196 4058 jam
3252 3985 3638 4041 duodecimum

2065 4086 2362 4154 imperans,
2432 4080 2762 4138 Michaelum
2814 4080 2986 4136 lilium
3054 4078 3349 4134 admodum
3408 4088 3642 4147 puerum

2065 4176 2247 4233 adhuc
2272 4174 2540 4246 imperiali
2566 4188 2768 4230 corona
2797 4171 3040 4228 redimit.
3068 4172 3208 4238 Quia
3228 4183 3362 4225 vero
3388 4183 3504 4224 non
3544 4167 3651 4224 abs

2067 4284 2128 4324 re
2152 4278 2343 4324 tenera
2380 4267 2532 4322 istaec
2573 4274 2706 4321 aetas
2759 4266 2905 4335 patri
2936 4271 3195 4334 suspecta
3238 4269 3376 4325 erat,
3411 4269 3642 4316 matrem

2069 4359 2285 4432 imperii
2343 4367 2655 4415 consortem
2707 4356 2856 4421 facit,
2901 4365 2964 4411 ut
3009 4370 3133 4425 qua
3186 4350 3302 4410 illic
3352 4351 3646 4410 curatrieis

2067 4452 2192 4509 loco
2235 4450 2422 4505 futura
2468 4456 2634 4504 esset.
2664 4448 2740 4503 Ea
2771 4446 3039 4516 superiori
3092 4454 3337 4516 tempore
3390 4454 3642 4515 tanquam

2068 4552 2340 4599 nocturna
2394 4540 2689 4612 discipula,
2740 4540 3042 4596 Nicodemo
3070 4539 3148 4595 illi
3185 4538 3389 4594 timido
3428 4538 3645 4602 similis,

2064 4650 2249 4692 sacras
2282 4634 2548 4705 imagines
2572 4634 2790 4689 occulte
2836 4631 3219 4687 venerabatur.
3273 4626 3433 4684 Nune
3460 4637 3643 4682 autem

2060 4728 2168 4782 alta
2198 4741 2333 4782 voce
2354 4740 2418 4782 ac
2441 4724 2616 4781 libere
2652 4724 3014 4795 proﬁtebatur
3043 4721 3097 4776 id
3139 4720 3291 4791 quod
3330 4719 3603 4774 sentiebat
3629 4759 3644 4777 ,

2058 4826 2287 4889 eratque
2339 4819 2470 4873 tuba
2504 4817 2689 4873 clara:
2720 4815 2805 4870 vel
2847 4814 3036 4885 potius
3060 4821 3125 4867 ut
3156 4812 3373 4868 avicula
3422 4825 3645 4874 canora,

2069 4908 2344 4979 pullorum
2369 4906 2554 4972 altrix,
2603 4904 2896 4974 implumes
2925 4918 2992 4957 ex
3017 4902 3154 4957 locis
3184 4901 3444 4956 omnibus
3491 4903 3649 4955 volu-

2067 5013 2192 5055 cres
2225 4999 2476 5068 cogebat,
2525 5005 2796 5069 quotquot
2824 4995 3154 5050 abdiderant
3181 5009 3301 5050 sese
3340 4994 3518 5050 donec
3549 5010 3648 5050 au—

2065 5105 2198 5162 ceps
2228 5090 2551 5162 praeteriret.
2587 5089 2650 5143 Et
2675 5088 2924 5160 quamvis
2954 5085 3161 5143 semina
3193 5087 3647 5158 praestantissima

2064 5183 2170 5238 sub
2216 5182 2386 5239 corde
2436 5189 2665 5253 tegeret,
2721 5189 2781 5235 ut
2822 5179 3031 5250 agellus
3081 5177 3254 5241 ferax,
3319 5188 3382 5233 ut
3431 5179 3650 5248 pinguis

2065 5275 2270 5339 sulcus,
2301 5274 2498 5346 hyeme
2525 5282 2707 5329 tamen
2734 5271 2991 5327 saeviente
3020 5285 3244 5342 germen
3273 5271 3486 5324 nullum
3520 5286 3648 5338 pro-

2066 5373 2324 5422 truserat.
2376 5366 2533 5422 Nunc
2585 5374 2771 5421 autem
2814 5365 3002 5434 elapso
3064 5362 3226 5434 longe
3276 5361 3634 5417 acerbissimo

2066 5456 2162 5514 illo
2197 5458 2432 5513 hiberno
2461 5465 2728 5528 tempore,
2764 5470 2829 5511 ac
2854 5469 2983 5510 vere
3012 5453 3257 5509 suaviter
3286 5452 3498 5506 ridente
3531 5450 3647 5517 pri-
3759 5498 3767 5508 ,

2068 5550 2377 5620 stinamque
2411 5548 2695 5605 tristitiam
2711 5547 3034 5618 dissipante,
3050 5543 3435 5614 multipliciter
3463 5539 3646 5611 pullu-

1738 5690 1950 5753 Varim
1982 5672 2322 5752 lectiones.

464 5809 509 5840 "
529 5810 793 5884 στεγνονῖ
882 5812 926 5884 ¹7
957 5812 1013 5865 ἐν
1036 5812 1198 5884 σοφίᾳ
1223 5814 1286 5868 Λ.

387 5878 576 5951 ἡλικίᾳ
604 5882 666 5935 Λ.
741 5883 788 5914 ¹¹
821 5883 1058 5950 σκάφους
1090 5878 1184 5935 Λ.’
1226 5885 1271 5916 ’³
1311 5878 1481 5938 αὑτοῦ
1502 5884 1564 5939 li.

1384 5813 1428 5846 ⁸³
1460 5814 1798 5883 γευσάμενος
1830 5817 1957 5884 Θεός

1384 5883 1473 5938 τοῦ
1502 5884 1564 5939 li.
1644 5887 1686 5917 "
1727 5889 1957 5957 ὲπήνεγ>

2057 5835 2087 5881 ις
2123 5818 2185 5871 Λ.
2264 5818 2307 5850 ’³
2341 5814 2509 5879 πάθος
2540 5814 2602 5869 A.
2675 5814 2718 5846 ὀ
2749 5809 2903 5866 liunc
2955 5819 3168 5863 versum
3204 5817 3315 5858 om.
3360 5799 3427 5856 Β.
3501 5798 3548 5834 ’³
3571 5801 3647 5874 τῇ

1760 5903 1995 5955 πηνεγκε
2023 5903 2087 5941 Α.
