  <div class='ocr_page' id='page_1' title='image "/cluster/home/n/w/nwhite01/storage/ocr_20150623/127/coo.31924054870328/212.png"; bbox 0 0 4072 6454; ppageno 0'>
   <div class='ocr_carea' id='block_1_1' title="bbox 361 584 1798 663">
    <p class='ocr_par' dir='ltr' id='par_1_1' title="bbox 361 584 1798 663">
     <span class='ocr_line' id='line_1_1' title="bbox 361 584 1798 663; baseline 0.001 -20"><span class='ocrx_word' id='word_1_1' title='bbox 361 584 781 663; x_wconf 68' lang='grc' dir='ltr'>Διχνευομένοις</span> <span class='ocrx_word' id='word_1_2' title='bbox 809 585 894 651; x_wconf 79' lang='grc' dir='ltr'><strong>είς</strong></span> <span class='ocrx_word' id='word_1_3' title='bbox 922 587 1132 659; x_wconf 80' lang='grc' dir='ltr'>τρυφὰς</span> <span class='ocrx_word' id='word_1_4' title='bbox 1161 587 1370 660; x_wconf 78' lang='grc' dir='ltr'>εὖόψων</span> <span class='ocrx_word' id='word_1_5' title='bbox 1389 590 1432 623; x_wconf 87' lang='grc'><strong>³⁷</strong></span> <span class='ocrx_word' id='word_1_6' title='bbox 1461 591 1798 662; x_wconf 77' lang='grc' dir='ltr'><strong>ἐδεσμάτων,</strong></span> 
     </span>
    </p>
   </div>
   <div class='ocr_carea' id='block_1_2' title="bbox 364 678 1651 750">
    <p class='ocr_par' dir='ltr' id='par_1_2' title="bbox 364 678 1651 750">
     <span class='ocr_line' id='line_1_2' title="bbox 364 678 1651 750; baseline 0.003 -15"><span class='ocrx_word' id='word_1_7' title='bbox 364 680 470 735; x_wconf 88' lang='lat' dir='ltr'><strong>Kal</strong></span> <span class='ocrx_word' id='word_1_8' title='bbox 494 678 983 750; x_wconf 80' lang='grc' dir='ltr'>συνδιημερεύουσι</span> <span class='ocrx_word' id='word_1_9' title='bbox 1037 681 1280 750; x_wconf 77' lang='grc' dir='ltr'><strong>γυναίοις</strong></span> <span class='ocrx_word' id='word_1_10' title='bbox 1311 683 1651 749; x_wconf 87' lang='grc' dir='ltr'>ἀκολάστοις,</span> 
     </span>
    </p>
   </div>
   <div class='ocr_carea' id='block_1_3' title="bbox 361 768 1786 841">
    <p class='ocr_par' dir='ltr' id='par_1_3' title="bbox 361 768 1786 841">
     <span class='ocr_line' id='line_1_3' title="bbox 361 768 1786 841; baseline 0.001 -17"><span class='ocrx_word' id='word_1_11' title='bbox 361 768 474 824; x_wconf 86' lang='lat' dir='ltr'><strong>Kal</strong></span> <span class='ocrx_word' id='word_1_12' title='bbox 494 769 712 822; x_wconf 87' lang='grc' dir='ltr'>πίνουσι</span> <span class='ocrx_word' id='word_1_13' title='bbox 745 768 842 822; x_wconf 80' lang='grc' dir='ltr'>καὶ</span> <span class='ocrx_word' id='word_1_14' title='bbox 868 769 1125 833; x_wconf 78' lang='grc' dir='ltr'><strong>παίζουσι</strong></span> <span class='ocrx_word' id='word_1_15' title='bbox 1156 771 1253 824; x_wconf 72' lang='lat' dir='ltr'><strong><em>xal</em></strong></span> <span class='ocrx_word' id='word_1_16' title='bbox 1269 774 1786 841; x_wconf 84' lang='grc' dir='ltr'>γυναικομανοῦσιν,</span> 
     </span>
    </p>
   </div>
   <div class='ocr_carea' id='block_1_4' title="bbox 370 859 1763 934">
    <p class='ocr_par' dir='ltr' id='par_1_4' title="bbox 370 859 1763 934">
     <span class='ocr_line' id='line_1_4' title="bbox 370 859 1763 934; baseline 0.006 -23"><span class='ocrx_word' id='word_1_17' title='bbox 370 861 460 924; x_wconf 80' lang='grc' dir='ltr'>Ὠς</span> <span class='ocrx_word' id='word_1_18' title='bbox 482 861 610 930; x_wconf 85' lang='grc' dir='ltr'>πρὶν</span> <span class='ocrx_word' id='word_1_19' title='bbox 638 861 668 913; x_wconf 99' lang='lat'><strong>6</strong></span> <span class='ocrx_word' id='word_1_20' title='bbox 698 859 1125 931; x_wconf 68' lang='grc' dir='ltr'><strong>Σαρδανάπαλος</strong></span> <span class='ocrx_word' id='word_1_21' title='bbox 1145 863 1174 915; x_wconf 88' lang='lat'><strong>6</strong></span> <span class='ocrx_word' id='word_1_22' title='bbox 1195 863 1362 917; x_wconf 82' lang='grc' dir='ltr'>Νίνου</span> <span class='ocrx_word' id='word_1_23' title='bbox 1418 864 1763 934; x_wconf 78' lang='grc' dir='ltr'><strong>βασιλεύσας.</strong></span> 
     </span>
    </p>
   </div>
   <div class='ocr_carea' id='block_1_5' title="bbox 358 953 1778 1027">
    <p class='ocr_par' dir='ltr' id='par_1_5' title="bbox 358 953 1778 1027">
     <span class='ocr_line' id='line_1_5' title="bbox 358 953 1778 1027; baseline 0.002 -20"><span class='ocrx_word' id='word_1_24' title='bbox 358 953 632 1016; x_wconf 85' lang='grc' dir='ltr'>Τοιούτοις</span> <span class='ocrx_word' id='word_1_25' title='bbox 654 954 720 1024; x_wconf 84' lang='grc' dir='ltr'>δή</span> <span class='ocrx_word' id='word_1_26' title='bbox 753 971 868 1006; x_wconf 88' lang='grc' dir='ltr'>τισι</span> <span class='ocrx_word' id='word_1_27' title='bbox 908 953 1081 1007; x_wconf 88' lang='grc' dir='ltr'>συνὼν</span> <span class='ocrx_word' id='word_1_28' title='bbox 1109 954 1550 1027; x_wconf 80' lang='grc' dir='ltr'>διεφθαρμένοις,</span> <span class='ocrx_word' id='word_1_29' title='bbox 1585 958 1778 1022; x_wconf 86' lang='grc' dir='ltr'>πόταις</span> 
     </span>
    </p>
   </div>
   <div class='ocr_carea' id='block_1_6' title="bbox 370 1045 1939 1121">
    <p class='ocr_par' dir='ltr' id='par_1_6' title="bbox 370 1045 1939 1121">
     <span class='ocr_line' id='line_1_6' title="bbox 370 1045 1939 1121; baseline 0.003 -22"><span class='ocrx_word' id='word_1_30' title='bbox 370 1045 427 1099; x_wconf 76' lang='grc' dir='ltr'>Ἀ</span> <span class='ocrx_word' id='word_1_31' title='bbox 436 1047 796 1117; x_wconf 77' lang='grc' dir='ltr'>ῤῥητουργοῖς</span> <span class='ocrx_word' id='word_1_32' title='bbox 827 1046 920 1098; x_wconf 73' lang='grc' dir='ltr'>καὶ</span> <span class='ocrx_word' id='word_1_33' title='bbox 939 1046 1322 1117; x_wconf 81' lang='grc' dir='ltr'>φαυλουργοίς,</span> <span class='ocrx_word' id='word_1_34' title='bbox 1343 1049 1541 1112; x_wconf 86' lang='grc' dir='ltr'>κακίας</span> <span class='ocrx_word' id='word_1_35' title='bbox 1564 1049 1939 1121; x_wconf 80' lang='grc' dir='ltr'>τελετάρχαις,</span> 
     </span>
    </p>
   </div>
   <div class='ocr_carea' id='block_1_7' title="bbox 368 1132 1662 1209">
    <p class='ocr_par' dir='ltr' id='par_1_7' title="bbox 368 1132 1662 1209">
     <span class='ocr_line' id='line_1_7' title="bbox 368 1132 1662 1209; baseline 0.003 -23"><span class='ocrx_word' id='word_1_36' title='bbox 368 1132 697 1203; x_wconf 86' lang='grc' dir='ltr'>Ὅμόστολος</span> <span class='ocrx_word' id='word_1_37' title='bbox 719 1134 933 1203; x_wconf 73' lang='grc' dir='ltr'>ἐγίνετο</span> <span class='ocrx_word' id='word_1_38' title='bbox 958 1135 1252 1189; x_wconf 83' lang='grc' dir='ltr'>Μαινάδων</span> <span class='ocrx_word' id='word_1_39' title='bbox 1284 1137 1662 1209; x_wconf 86' lang='grc' dir='ltr'>θυρσοφόρων,</span> 
     </span>
    </p>
   </div>
   <div class='ocr_carea' id='block_1_8' title="bbox 358 1225 1687 1300">
    <p class='ocr_par' dir='ltr' id='par_1_8' title="bbox 358 1225 1687 1300">
     <span class='ocr_line' id='line_1_8' title="bbox 358 1225 1687 1300; baseline 0.002 -21"><span class='ocrx_word' id='word_1_40' title='bbox 358 1227 470 1279; x_wconf 86' lang='lat' dir='ltr'><strong>Kal</strong></span> <span class='ocrx_word' id='word_1_41' title='bbox 496 1230 617 1289; x_wconf 76' lang='grc' dir='ltr'>ταῖς</span> <span class='ocrx_word' id='word_1_42' title='bbox 636 1227 1017 1289; x_wconf 82' lang='grc' dir='ltr'>Διονυσιακαῖς</span> <span class='ocrx_word' id='word_1_43' title='bbox 1057 1225 1343 1296; x_wconf 86' lang='grc' dir='ltr'>βακχείαις</span> <span class='ocrx_word' id='word_1_44' title='bbox 1385 1228 1687 1300; x_wconf 79' lang='grc' dir='ltr'>ὲνετρύφα,</span> 
     </span>
    </p>
   </div>
   <div class='ocr_carea' id='block_1_9' title="bbox 369 1315 1938 1391">
    <p class='ocr_par' dir='ltr' id='par_1_9' title="bbox 369 1315 1938 1391">
     <span class='ocr_line' id='line_1_9' title="bbox 369 1315 1938 1391; baseline 0.01 -23"><span class='ocrx_word' id='word_1_45' title='bbox 369 1315 653 1370; x_wconf 75' lang='grc' dir='ltr'><strong>Ἐντεῦθεν</strong></span> <span class='ocrx_word' id='word_1_46' title='bbox 683 1317 835 1369; x_wconf 75' lang='grc' dir='ltr'>πότοι</span> <span class='ocrx_word' id='word_1_47' title='bbox 863 1317 961 1369; x_wconf 72' lang='grc' dir='ltr'>καὶ</span> <span class='ocrx_word' id='word_1_48' title='bbox 990 1318 1142 1387; x_wconf 80' lang='grc' dir='ltr'>χοροὶ</span> <span class='ocrx_word' id='word_1_49' title='bbox 1180 1319 1275 1372; x_wconf 74' lang='grc' dir='ltr'>καὶ</span> <span class='ocrx_word' id='word_1_50' title='bbox 1303 1318 1464 1389; x_wconf 81' lang='grc' dir='ltr'>μέθαι</span> <span class='ocrx_word' id='word_1_51' title='bbox 1495 1320 1592 1372; x_wconf 72' lang='grc' dir='ltr'>καὶ</span> <span class='ocrx_word' id='word_1_52' title='bbox 1639 1320 1938 1391; x_wconf 76' lang='grc' dir='ltr'>κρατῆρες.</span> 
     </span>
    </p>
   </div>
   <div class='ocr_carea' id='block_1_10' title="bbox 368 1406 1940 1481">
    <p class='ocr_par' dir='ltr' id='par_1_10' title="bbox 368 1406 1940 1481">
     <span class='ocr_line' id='line_1_10' title="bbox 368 1406 1940 1481; baseline -0.01 -22"><span class='ocrx_word' id='word_1_53' title='bbox 368 1407 649 1476; x_wconf 83' lang='grc' dir='ltr'>’Δσέμνων</span> <span class='ocrx_word' id='word_1_54' title='bbox 680 1422 742 1459; x_wconf 87' lang='grc' dir='ltr'><strong>τε</strong></span> <span class='ocrx_word' id='word_1_55' title='bbox 794 1406 890 1460; x_wconf 77' lang='grc' dir='ltr'>καὶ</span> <span class='ocrx_word' id='word_1_56' title='bbox 922 1408 1198 1479; x_wconf 85' lang='grc' dir='ltr'>πορνικῶν</span> <span class='ocrx_word' id='word_1_57' title='bbox 1223 1409 1487 1481; x_wconf 79' lang='grc' dir='ltr'><strong>ᾀσμάτων</strong></span> <span class='ocrx_word' id='word_1_58' title='bbox 1531 1411 1839 1481; x_wconf 80' lang='grc' dir='ltr'>άπηχήσεις</span> <span class='ocrx_word' id='word_1_59' title='bbox 1874 1413 1940 1478; x_wconf 54' lang='grc' dir='ltr'><strong>μ’</strong></span> 
     </span>
    </p>
   </div>
   <div class='ocr_carea' id='block_1_11' title="bbox 358 1499 1939 1577">
    <p class='ocr_par' dir='ltr' id='par_1_11' title="bbox 358 1499 1939 1577">
     <span class='ocr_line' id='line_1_11' title="bbox 358 1499 1939 1577; baseline 0.004 -25"><span class='ocrx_word' id='word_1_60' title='bbox 358 1499 472 1552; x_wconf 92' lang='lat' dir='ltr'><strong>Kal</strong></span> <span class='ocrx_word' id='word_1_61' title='bbox 504 1499 759 1569; x_wconf 83' lang='grc' dir='ltr'>λυγισμοὶ</span> <span class='ocrx_word' id='word_1_62' title='bbox 789 1500 837 1533; x_wconf 74' lang='grc'><strong><em>⁸³</em></strong></span> <span class='ocrx_word' id='word_1_63' title='bbox 861 1500 1227 1571; x_wconf 76' lang='grc' dir='ltr'>γελωτουργοὶ</span> <span class='ocrx_word' id='word_1_64' title='bbox 1256 1503 1351 1556; x_wconf 76' lang='grc' dir='ltr'>καὶ</span> <span class='ocrx_word' id='word_1_65' title='bbox 1403 1505 1555 1557; x_wconf 79' lang='grc' dir='ltr'>πᾶσα</span> <span class='ocrx_word' id='word_1_66' title='bbox 1603 1506 1939 1577; x_wconf 71' lang='grc' dir='ltr'>ῥυπαρότης.</span> 
     </span>
    </p>
   </div>
   <div class='ocr_carea' id='block_1_12' title="bbox 357 1589 1766 1667">
    <p class='ocr_par' dir='ltr' id='par_1_12' title="bbox 357 1589 1766 1667">
     <span class='ocr_line' id='line_1_12' title="bbox 357 1589 1766 1667; baseline 0.004 -24"><span class='ocrx_word' id='word_1_67' title='bbox 357 1589 538 1644; x_wconf 84' lang='grc' dir='ltr'>Μύθοι</span> <span class='ocrx_word' id='word_1_68' title='bbox 564 1591 668 1662; x_wconf 81' lang='grc' dir='ltr'>μὲν</span> <span class='ocrx_word' id='word_1_69' title='bbox 700 1590 793 1645; x_wconf 81' lang='grc' dir='ltr'>οὖν</span> <span class='ocrx_word' id='word_1_70' title='bbox 833 1592 1139 1647; x_wconf 84' lang='grc' dir='ltr'>’Λκταίωνά</span> <span class='ocrx_word' id='word_1_71' title='bbox 1163 1611 1296 1663; x_wconf 87' lang='grc' dir='ltr'>φασι</span> <span class='ocrx_word' id='word_1_72' title='bbox 1315 1594 1408 1649; x_wconf 82' lang='grc' dir='ltr'><strong>τδν</strong></span> <span class='ocrx_word' id='word_1_73' title='bbox 1430 1595 1766 1667; x_wconf 84' lang='grc' dir='ltr'>θηροφόντην</span> 
     </span>
    </p>
   </div>
   <div class='ocr_carea' id='block_1_13' title="bbox 366 1678 1747 1757">
    <p class='ocr_par' dir='ltr' id='par_1_13' title="bbox 366 1678 1747 1757">
     <span class='ocr_line' id='line_1_13' title="bbox 366 1678 1747 1757; baseline 0.005 -23"><span class='ocrx_word' id='word_1_74' title='bbox 366 1678 459 1743; x_wconf 77' lang='grc' dir='ltr'>Ὠς</span> <span class='ocrx_word' id='word_1_75' title='bbox 481 1681 643 1744; x_wconf 82' lang='grc' dir='ltr'>κύνες</span> <span class='ocrx_word' id='word_1_76' title='bbox 673 1681 1041 1737; x_wconf 84' lang='grc' dir='ltr'>διεσπάσαντο</span> <span class='ocrx_word' id='word_1_77' title='bbox 1066 1684 1431 1755; x_wconf 84' lang='grc' dir='ltr'>λυττήσαντες</span> <span class='ocrx_word' id='word_1_78' title='bbox 1460 1687 1535 1750; x_wconf 84' lang='grc' dir='ltr'>ὡς</span> <span class='ocrx_word' id='word_1_79' title='bbox 1566 1686 1711 1757; x_wconf 82' lang='grc' dir='ltr'>θῆρα</span> <span class='ocrx_word' id='word_1_80' title='bbox 1731 1702 1747 1718; x_wconf 78' lang='grc' dir='ltr'><strong>ο</strong></span> 
     </span>
    </p>
   </div>
   <div class='ocr_carea' id='block_1_14' title="bbox 357 1772 1638 1850">
    <p class='ocr_par' dir='ltr' id='par_1_14' title="bbox 357 1772 1638 1850">
     <span class='ocr_line' id='line_1_14' title="bbox 357 1772 1638 1850; baseline 0.007 -26"><span class='ocrx_word' id='word_1_81' title='bbox 357 1773 609 1836; x_wconf 80' lang='grc' dir='ltr'>Κόλακες</span> <span class='ocrx_word' id='word_1_82' title='bbox 636 1772 693 1826; x_wconf 80' lang='grc' dir='ltr'>δὲ</span> <span class='ocrx_word' id='word_1_83' title='bbox 725 1773 818 1827; x_wconf 81' lang='grc' dir='ltr'>τὸν</span> <span class='ocrx_word' id='word_1_84' title='bbox 842 1774 1064 1848; x_wconf 79' lang='grc' dir='ltr'>Μιχαὴλ</span> <span class='ocrx_word' id='word_1_85' title='bbox 1102 1778 1638 1850; x_wconf 86' lang='grc' dir='ltr'>περιεστοιχηκότες,</span> 
     </span>
    </p>
   </div>
   <div class='ocr_carea' id='block_1_15' title="bbox 369 1861 1612 1941">
    <p class='ocr_par' dir='ltr' id='par_1_15' title="bbox 369 1861 1612 1941">
     <span class='ocr_line' id='line_1_15' title="bbox 369 1861 1612 1941; baseline 0.008 -26"><span class='ocrx_word' id='word_1_86' title='bbox 369 1861 751 1933; x_wconf 84' lang='grc' dir='ltr'>Ἐξυρισμένοι</span> <span class='ocrx_word' id='word_1_87' title='bbox 775 1864 1069 1933; x_wconf 84' lang='grc' dir='ltr'>πώγωνας,</span> <span class='ocrx_word' id='word_1_88' title='bbox 1104 1867 1612 1941; x_wconf 81' lang='grc' dir='ltr'>ὲψιμμυθιωμένοι,</span> 
     </span>
    </p>
   </div>
   <div class='ocr_carea' id='block_1_16' title="bbox 354 1951 1939 2037">
    <p class='ocr_par' dir='ltr' id='par_1_16' title="bbox 354 1951 1939 2037">
     <span class='ocr_line' id='line_1_16' title="bbox 354 1951 1939 2037; baseline 0.008 -30"><span class='ocrx_word' id='word_1_89' title='bbox 354 1955 452 2019; x_wconf 79' lang='grc' dir='ltr'>Εἰς</span> <span class='ocrx_word' id='word_1_90' title='bbox 507 1958 662 2009; x_wconf 75' lang='grc' dir='ltr'>ποῖον</span> <span class='ocrx_word' id='word_1_91' title='bbox 713 1951 989 2030; x_wconf 82' lang='grc' dir='ltr'>βάραθρον</span> <span class='ocrx_word' id='word_1_92' title='bbox 1027 1959 1191 2014; x_wconf 75' lang='grc' dir='ltr'>αὐτὸν</span> <span class='ocrx_word' id='word_1_93' title='bbox 1236 1962 1437 2026; x_wconf 87' lang='grc' dir='ltr'>κακίας</span> <span class='ocrx_word' id='word_1_94' title='bbox 1457 1964 1559 2017; x_wconf 82' lang='grc' dir='ltr'>οὐκ</span> <span class='ocrx_word' id='word_1_95' title='bbox 1612 1962 1939 2037; x_wconf 76' lang='grc' dir='ltr'>ἐρρίπτουν;</span> 
     </span>
    </p>
   </div>
   <div class='ocr_carea' id='block_1_17' title="bbox 367 2046 1835 2129">
    <p class='ocr_par' dir='ltr' id='par_1_17' title="bbox 367 2046 1835 2129">
     <span class='ocr_line' id='line_1_17' title="bbox 367 2046 1835 2129; baseline 0.01 -31"><span class='ocrx_word' id='word_1_96' title='bbox 367 2046 652 2100; x_wconf 83' lang='grc' dir='ltr'>Ἐντεῦθεν</span> <span class='ocrx_word' id='word_1_97' title='bbox 673 2050 702 2101; x_wconf 88' lang='lat'><strong>6</strong></span> <span class='ocrx_word' id='word_1_98' title='bbox 724 2048 1049 2119; x_wconf 83' lang='grc' dir='ltr'>περίοπτος,</span> <span class='ocrx_word' id='word_1_99' title='bbox 1076 2052 1106 2105; x_wconf 88' lang='lat'><strong>6</strong></span> <span class='ocrx_word' id='word_1_100' title='bbox 1130 2052 1240 2108; x_wconf 87' lang='grc' dir='ltr'><strong>τῶν</strong></span> <span class='ocrx_word' id='word_1_101' title='bbox 1279 2053 1568 2124; x_wconf 83' lang='grc' dir='ltr'>Ῥωμαίων</span> <span class='ocrx_word' id='word_1_102' title='bbox 1590 2057 1835 2129; x_wconf 87' lang='grc' dir='ltr'>κράτωρ,</span> 
     </span>
    </p>
   </div>
   <div class='ocr_carea' id='block_1_18' title="bbox 353 2137 1798 2218">
    <p class='ocr_par' dir='ltr' id='par_1_18' title="bbox 353 2137 1798 2218">
     <span class='ocr_line' id='line_1_18' title="bbox 353 2137 1798 2218; baseline 0.008 -26"><span class='ocrx_word' id='word_1_103' title='bbox 353 2137 528 2196; x_wconf 75' lang='grc' dir='ltr'>Αὐτὸς</span> <span class='ocrx_word' id='word_1_104' title='bbox 549 2138 713 2192; x_wconf 77' lang='grc' dir='ltr'>αὐτὸν</span> <span class='ocrx_word' id='word_1_105' title='bbox 742 2140 1031 2195; x_wconf 73' lang='grc' dir='ltr'>ἐπέϐαινεν</span> <span class='ocrx_word' id='word_1_106' title='bbox 1070 2144 1335 2214; x_wconf 86' lang='grc' dir='ltr'>ἁρμάτων</span> <span class='ocrx_word' id='word_1_107' title='bbox 1387 2148 1798 2218; x_wconf 80' lang='grc' dir='ltr'>χρυσαντύγων,</span> 
     </span>
    </p>
   </div>
   <div class='ocr_carea' id='block_1_19' title="bbox 354 2229 1813 2309">
    <p class='ocr_par' dir='ltr' id='par_1_19' title="bbox 354 2229 1813 2309">
     <span class='ocr_line' id='line_1_19' title="bbox 354 2229 1813 2309; baseline 0.008 -27"><span class='ocrx_word' id='word_1_108' title='bbox 354 2230 668 2303; x_wconf 83' lang='grc' dir='ltr'>Τετρώροις</span> <span class='ocrx_word' id='word_1_109' title='bbox 703 2229 1013 2303; x_wconf 77' lang='grc' dir='ltr'>ἐπεκάθητο</span> <span class='ocrx_word' id='word_1_110' title='bbox 1038 2234 1135 2288; x_wconf 72' lang='grc' dir='ltr'>καὶ</span> <span class='ocrx_word' id='word_1_111' title='bbox 1154 2235 1368 2307; x_wconf 83' lang='grc' dir='ltr'>δίφροις</span> <span class='ocrx_word' id='word_1_112' title='bbox 1404 2239 1813 2309; x_wconf 85' lang='grc' dir='ltr'>χρυσοδίφροις.</span> 
     </span>
    </p>
   </div>
   <div class='ocr_carea' id='block_1_20' title="bbox 357 2322 1944 2401">
    <p class='ocr_par' dir='ltr' id='par_1_20' title="bbox 357 2322 1944 2401">
     <span class='ocr_line' id='line_1_20' title="bbox 357 2322 1944 2401; baseline 0.006 -25"><span class='ocrx_word' id='word_1_113' title='bbox 357 2323 471 2376; x_wconf 89' lang='lat' dir='ltr'><strong>Kal</strong></span> <span class='ocrx_word' id='word_1_114' title='bbox 505 2322 776 2396; x_wconf 78' lang='grc' dir='ltr'>θησαυροὶ</span> <span class='ocrx_word' id='word_1_115' title='bbox 810 2324 911 2395; x_wconf 78' lang='grc' dir='ltr'>μὲν</span> <span class='ocrx_word' id='word_1_116' title='bbox 945 2326 1213 2383; x_wconf 87' lang='grc' dir='ltr'>πάντοθεν</span> <span class='ocrx_word' id='word_1_117' title='bbox 1246 2331 1547 2399; x_wconf 80' lang='grc' dir='ltr'>χρημάτων</span> <span class='ocrx_word' id='word_1_118' title='bbox 1577 2331 1944 2401; x_wconf 86' lang='grc' dir='ltr'>ἀπηντλοῦντο</span> 
     </span>
    </p>
   </div>
   <div class='ocr_carea' id='block_1_21' title="bbox 355 2414 1940 2495">
    <p class='ocr_par' dir='ltr' id='par_1_21' title="bbox 355 2414 1940 2495">
     <span class='ocr_line' id='line_1_21' title="bbox 355 2414 1940 2495; baseline 0.006 -30"><span class='ocrx_word' id='word_1_119' title='bbox 355 2414 469 2466; x_wconf 83' lang='lat' dir='ltr'><strong>Kal</strong></span> <span class='ocrx_word' id='word_1_120' title='bbox 499 2415 571 2468; x_wconf 83' lang='grc' dir='ltr'><strong>τά</strong></span> <span class='ocrx_word' id='word_1_121' title='bbox 603 2415 895 2488; x_wconf 79' lang='grc' dir='ltr'>Ῥωμαίων</span> <span class='ocrx_word' id='word_1_122' title='bbox 921 2420 982 2471; x_wconf 78' lang='grc' dir='ltr'>ὲν</span> <span class='ocrx_word' id='word_1_123' title='bbox 1008 2418 1183 2489; x_wconf 88' lang='grc' dir='ltr'>στενῷ</span> <span class='ocrx_word' id='word_1_124' title='bbox 1230 2421 1536 2491; x_wconf 85' lang='grc' dir='ltr'>πράγματα</span> <span class='ocrx_word' id='word_1_125' title='bbox 1566 2423 1940 2495; x_wconf 81' lang='grc' dir='ltr'>καθειστήκει,</span> 
     </span>
    </p>
   </div>
   <div class='ocr_carea' id='block_1_22' title="bbox 355 2505 1797 2581">
    <p class='ocr_par' dir='ltr' id='par_1_22' title="bbox 355 2505 1797 2581">
     <span class='ocr_line' id='line_1_22' title="bbox 355 2505 1797 2581; baseline 0.007 -23"><span class='ocrx_word' id='word_1_126' title='bbox 355 2505 602 2569; x_wconf 76' lang='grc' dir='ltr'>Κόλακες</span> <span class='ocrx_word' id='word_1_127' title='bbox 629 2507 689 2561; x_wconf 77' lang='grc' dir='ltr'>δὲ</span> <span class='ocrx_word' id='word_1_128' title='bbox 719 2509 815 2562; x_wconf 71' lang='lat' dir='ltr'><strong><em>xal</em></strong></span> <span class='ocrx_word' id='word_1_129' title='bbox 839 2511 1120 2581; x_wconf 85' lang='grc' dir='ltr'>χρήμασιν</span> <span class='ocrx_word' id='word_1_130' title='bbox 1150 2510 1408 2579; x_wconf 84' lang='grc' dir='ltr'>ἀφθόνοις</span> <span class='ocrx_word' id='word_1_131' title='bbox 1459 2514 1797 2570; x_wconf 76' lang='grc' dir='ltr'>ἐνευπάθουν</span> 
     </span>
    </p>
   </div>
   <div class='ocr_carea' id='block_1_23' title="bbox 356 2599 1942 2681">
    <p class='ocr_par' dir='ltr' id='par_1_23' title="bbox 356 2599 1942 2681">
     <span class='ocr_line' id='line_1_23' title="bbox 356 2599 1942 2681; baseline 0.008 -29"><span class='ocrx_word' id='word_1_132' title='bbox 356 2599 466 2653; x_wconf 78' lang='grc' dir='ltr'><strong>Καὶ</strong></span> <span class='ocrx_word' id='word_1_133' title='bbox 495 2601 843 2670; x_wconf 83' lang='grc' dir='ltr'>χιτωνίσκοις</span> <span class='ocrx_word' id='word_1_134' title='bbox 872 2602 920 2636; x_wconf 75' lang='grc'><strong>⁴⁶</strong></span> <span class='ocrx_word' id='word_1_135' title='bbox 948 2607 1248 2676; x_wconf 77' lang='grc' dir='ltr'>τρυφεροῖς</span> <span class='ocrx_word' id='word_1_136' title='bbox 1274 2605 1370 2660; x_wconf 79' lang='grc' dir='ltr'>καὶ</span> <span class='ocrx_word' id='word_1_137' title='bbox 1397 2607 1627 2673; x_wconf 79' lang='grc' dir='ltr'>πέπλοις</span> <span class='ocrx_word' id='word_1_138' title='bbox 1658 2609 1942 2681; x_wconf 86' lang='grc' dir='ltr'>χρυσοπά-</span> 
     </span>
    </p>
   </div>
   <div class='ocr_carea' id='block_1_24' title="bbox 1771 2718 1938 2767">
    <p class='ocr_par' dir='ltr' id='par_1_24' title="bbox 1771 2718 1938 2767">
     <span class='ocr_line' id='line_1_24' title="bbox 1771 2718 1938 2767; baseline 0.018 -13"><span class='ocrx_word' id='word_1_139' title='bbox 1771 2718 1938 2767; x_wconf 89' lang='grc' dir='ltr'>στοις.</span> 
     </span>
    </p>
   </div>
   <div class='ocr_carea' id='block_1_25' title="bbox 358 2700 1764 2861">
    <p class='ocr_par' dir='ltr' id='par_1_25' title="bbox 358 2700 1764 2861">
     <span class='ocr_line' id='line_1_25' title="bbox 358 2700 1764 2861; baseline 0.011 -30"><span class='ocrx_word' id='word_1_140' title='bbox 358 2778 546 2844; x_wconf 78' lang='grc' dir='ltr'>Οὕτως</span> <span class='ocrx_word' id='word_1_141' title='bbox 568 2781 753 2853; x_wconf 80' lang='grc' dir='ltr'>ὑγρῶς</span> <span class='ocrx_word' id='word_1_142' title='bbox 783 2783 879 2839; x_wconf 73' lang='grc' dir='ltr'>καὶ</span> <span class='ocrx_word' id='word_1_143' title='bbox 917 2786 1181 2856; x_wconf 82' lang='grc' dir='ltr'>μαλακῶς</span> <span class='ocrx_word' id='word_1_144' title='bbox 1206 2787 1235 2841; x_wconf 87' lang='lat'><strong>6</strong></span> <span class='ocrx_word' id='word_1_145' title='bbox 1262 2789 1487 2861; x_wconf 81' lang='grc' dir='ltr'>Μιχαὴλ</span> <span class='ocrx_word' id='word_1_146' title='bbox 1519 2790 1691 2846; x_wconf 79' lang='grc' dir='ltr'>ὲδίου.</span> <span class='ocrx_word' id='word_1_147' title='bbox 1743 2700 1764 2774; x_wconf 79' lang='grc'><strong>[</strong></span> 
     </span>
    </p>
   </div>
   <div class='ocr_carea' id='block_1_26' title="bbox 356 2872 1831 2952">
    <p class='ocr_par' dir='ltr' id='par_1_26' title="bbox 356 2872 1831 2952">
     <span class='ocr_line' id='line_1_26' title="bbox 356 2872 1831 2952; baseline -0.001 -16"><span class='ocrx_word' id='word_1_148' title='bbox 356 2872 628 2933; x_wconf 82' lang='grc' dir='ltr'>Πολλάκις</span> <span class='ocrx_word' id='word_1_149' title='bbox 655 2875 714 2929; x_wconf 78' lang='grc' dir='ltr'>δὲ</span> <span class='ocrx_word' id='word_1_150' title='bbox 749 2877 887 2947; x_wconf 83' lang='grc' dir='ltr'>μηδέ</span> <span class='ocrx_word' id='word_1_151' title='bbox 926 2895 1071 2943; x_wconf 89' lang='grc' dir='ltr'>τινος</span> <span class='ocrx_word' id='word_1_152' title='bbox 1097 2880 1534 2952; x_wconf 82' lang='grc' dir='ltr'>κατεπειγούσης</span> <span class='ocrx_word' id='word_1_153' title='bbox 1565 2882 1758 2952; x_wconf 78' lang='grc' dir='ltr'>χρείας</span> <span class='ocrx_word' id='word_1_154' title='bbox 1786 2884 1831 2918; x_wconf 64' lang='grc' dir='ltr'>ιι</span> 
     </span>
    </p>
   </div>
   <div class='ocr_carea' id='block_1_27' title="bbox 360 2962 1858 3041">
    <p class='ocr_par' dir='ltr' id='par_1_27' title="bbox 360 2962 1858 3041">
     <span class='ocr_line' id='line_1_27' title="bbox 360 2962 1858 3041; baseline 0.006 -26"><span class='ocrx_word' id='word_1_155' title='bbox 360 2962 530 3039; x_wconf 77' lang='grc' dir='ltr'>’Δτερ</span> <span class='ocrx_word' id='word_1_156' title='bbox 559 2963 818 3032; x_wconf 88' lang='grc' dir='ltr'>φυλάκων</span> <span class='ocrx_word' id='word_1_157' title='bbox 836 2968 934 3022; x_wconf 77' lang='grc' dir='ltr'>καὶ</span> <span class='ocrx_word' id='word_1_158' title='bbox 958 2971 1222 3040; x_wconf 80' lang='grc' dir='ltr'>φρουρᾶς,</span> <span class='ocrx_word' id='word_1_159' title='bbox 1255 2968 1388 3038; x_wconf 78' lang='grc' dir='ltr'>ἄτερ</span> <span class='ocrx_word' id='word_1_160' title='bbox 1412 2970 1858 3041; x_wconf 84' lang='grc' dir='ltr'>δορυφορούντων</span> 
     </span>
    </p>
   </div>
   <div class='ocr_carea' id='block_1_28' title="bbox 357 3051 1828 3132">
    <p class='ocr_par' dir='ltr' id='par_1_28' title="bbox 357 3051 1828 3132">
     <span class='ocr_line' id='line_1_28' title="bbox 357 3051 1828 3132; baseline -0.004 -13"><span class='ocrx_word' id='word_1_161' title='bbox 357 3051 537 3118; x_wconf 71' lang='grc' dir='ltr'>Μόνος</span> <span class='ocrx_word' id='word_1_162' title='bbox 561 3054 726 3121; x_wconf 74' lang='grc' dir='ltr'>αὐτὸς</span> <span class='ocrx_word' id='word_1_163' title='bbox 753 3056 1073 3129; x_wconf 78' lang='grc' dir='ltr'>παρώδευεν</span> <span class='ocrx_word' id='word_1_164' title='bbox 1104 3060 1164 3114; x_wconf 67' lang='grc' dir='ltr'>ἔν</span> <span class='ocrx_word' id='word_1_165' title='bbox 1197 3058 1397 3131; x_wconf 83' lang='grc' dir='ltr'>μέσαις</span> <span class='ocrx_word' id='word_1_166' title='bbox 1425 3061 1546 3125; x_wconf 81' lang='grc' dir='ltr'>ταῖς</span> <span class='ocrx_word' id='word_1_167' title='bbox 1568 3061 1828 3132; x_wconf 78' lang='grc' dir='ltr'>τριόδοις,</span> 
     </span>
    </p>
   </div>
   <div class='ocr_carea' id='block_1_29' title="bbox 358 3365 1939 3441">
    <p class='ocr_par' dir='ltr' id='par_1_29' title="bbox 358 3365 1939 3441">
     <span class='ocr_line' id='line_1_29' title="bbox 358 3365 1939 3441; baseline 0.003 -19"><span class='ocrx_word' id='word_1_168' title='bbox 358 3365 570 3422; x_wconf 80' lang='lat' dir='ltr'><strong>caudas</strong></span> <span class='ocrx_word' id='word_1_169' title='bbox 608 3365 967 3422; x_wconf 83' lang='lat' dir='ltr'><strong>mulierculas</strong></span> <span class='ocrx_word' id='word_1_170' title='bbox 1015 3366 1318 3439; x_wconf 76' lang='lat' dir='ltr'><strong>exigentes,</strong></span> <span class='ocrx_word' id='word_1_171' title='bbox 1366 3375 1615 3438; x_wconf 89' lang='lat' dir='ltr'><strong>potores,</strong></span> <span class='ocrx_word' id='word_1_172' title='bbox 1660 3368 1939 3441; x_wconf 83' lang='lat' dir='ltr'><strong>ludiones,</strong></span> 
     </span>
    </p>
   </div>
   <div class='ocr_carea' id='block_1_30' title="bbox 356 3456 1942 3539">
    <p class='ocr_par' dir='ltr' id='par_1_30' title="bbox 356 3456 1942 3539">
     <span class='ocr_line' id='line_1_30' title="bbox 356 3456 1942 3539; baseline 0.004 -28"><span class='ocrx_word' id='word_1_173' title='bbox 356 3456 655 3512; x_wconf 88' lang='lat' dir='ltr'><strong>libidinum</strong></span> <span class='ocrx_word' id='word_1_174' title='bbox 697 3456 937 3539; x_wconf 80' lang='lat' dir='ltr'><strong>ﬂammis</strong></span> <span class='ocrx_word' id='word_1_175' title='bbox 982 3456 1262 3524; x_wconf 87' lang='lat' dir='ltr'><strong>furentes;</strong></span> <span class='ocrx_word' id='word_1_176' title='bbox 1324 3458 1502 3529; x_wconf 83' lang='lat' dir='ltr'><strong>qualis</strong></span> <span class='ocrx_word' id='word_1_177' title='bbox 1552 3460 1767 3516; x_wconf 76' lang='lat' dir='ltr'><strong>scilicet</strong></span> <span class='ocrx_word' id='word_1_178' title='bbox 1811 3462 1942 3518; x_wconf 92' lang='lat' dir='ltr'><strong>olim</strong></span> 
     </span>
    </p>
   </div>
   <div class='ocr_carea' id='block_1_31' title="bbox 356 3548 1943 3624">
    <p class='ocr_par' dir='ltr' id='par_1_31' title="bbox 356 3548 1943 3624">
     <span class='ocr_line' id='line_1_31' title="bbox 356 3548 1943 3624; baseline 0.004 -22"><span class='ocrx_word' id='word_1_179' title='bbox 356 3555 477 3603; x_wconf 86' lang='lat' dir='ltr'><strong>erat</strong></span> <span class='ocrx_word' id='word_1_180' title='bbox 505 3549 597 3603; x_wconf 90' lang='lat' dir='ltr'><strong>ille</strong></span> <span class='ocrx_word' id='word_1_181' title='bbox 623 3548 1051 3620; x_wconf 86' lang='lat' dir='ltr'><strong>Sardanapalus,</strong></span> <span class='ocrx_word' id='word_1_182' title='bbox 1087 3566 1185 3605; x_wconf 85' lang='lat' dir='ltr'><strong>rex</strong></span> <span class='ocrx_word' id='word_1_183' title='bbox 1214 3550 1617 3607; x_wconf 82' lang='lat' dir='ltr'><strong>Ninevitarum.</strong></span> <span class='ocrx_word' id='word_1_184' title='bbox 1656 3552 1943 3624; x_wconf 83' lang='lat' dir='ltr'><strong>Ejusmodi</strong></span> 
     </span>
    </p>
   </div>
   <div class='ocr_carea' id='block_1_32' title="bbox 357 3639 1944 3713">
    <p class='ocr_par' dir='ltr' id='par_1_32' title="bbox 357 3639 1944 3713">
     <span class='ocr_line' id='line_1_32' title="bbox 357 3639 1944 3713; baseline 0.003 -17"><span class='ocrx_word' id='word_1_185' title='bbox 357 3639 646 3696; x_wconf 81' lang='lat' dir='ltr'><strong>hominum</strong></span> <span class='ocrx_word' id='word_1_186' title='bbox 670 3640 1073 3697; x_wconf 76' lang='lat' dir='ltr'><strong>consuetudine</strong></span> <span class='ocrx_word' id='word_1_187' title='bbox 1099 3650 1282 3706; x_wconf 88' lang='lat' dir='ltr'><strong>utens,</strong></span> <span class='ocrx_word' id='word_1_188' title='bbox 1315 3643 1642 3713; x_wconf 68' lang='lat' dir='ltr'><strong>temuleptia</strong></span> <span class='ocrx_word' id='word_1_189' title='bbox 1677 3646 1944 3701; x_wconf 88' lang='lat' dir='ltr'><strong>nimirum</strong></span> 
     </span>
    </p>
   </div>
   <div class='ocr_carea' id='block_1_33' title="bbox 355 3718 1947 3804">
    <p class='ocr_par' dir='ltr' id='par_1_33' title="bbox 355 3718 1947 3804">
     <span class='ocr_line' id='line_1_33' title="bbox 355 3718 1947 3804; baseline 0.004 -21"><span class='ocrx_word' id='word_1_190' title='bbox 355 3718 721 3800; x_wconf 81' lang='lat' dir='ltr'><strong>perditorum,</strong></span> <span class='ocrx_word' id='word_1_191' title='bbox 753 3729 976 3786; x_wconf 88' lang='lat' dir='ltr'><strong>infanda</strong></span> <span class='ocrx_word' id='word_1_192' title='bbox 1017 3737 1075 3786; x_wconf 92' lang='lat' dir='ltr'><strong>et</strong></span> <span class='ocrx_word' id='word_1_193' title='bbox 1116 3732 1435 3803; x_wconf 86' lang='lat' dir='ltr'><strong>turpissima</strong></span> <span class='ocrx_word' id='word_1_194' title='bbox 1480 3749 1714 3803; x_wconf 68' lang='lat' dir='ltr'><strong>quaeque</strong></span> <span class='ocrx_word' id='word_1_195' title='bbox 1755 3749 1947 3804; x_wconf 86' lang='lat' dir='ltr'><strong>perpe-</strong></span> 
     </span>
    </p>
   </div>
   <div class='ocr_carea' id='block_1_34' title="bbox 362 3821 1941 3896">
    <p class='ocr_par' dir='ltr' id='par_1_34' title="bbox 362 3821 1941 3896">
     <span class='ocr_line' id='line_1_34' title="bbox 362 3821 1941 3896; baseline 0.002 -19"><span class='ocrx_word' id='word_1_196' title='bbox 362 3823 678 3889; x_wconf 85' lang='lat' dir='ltr'><strong>trautium,</strong></span> <span class='ocrx_word' id='word_1_197' title='bbox 728 3821 903 3877; x_wconf 85' lang='lat' dir='ltr'><strong>vitam</strong></span> <span class='ocrx_word' id='word_1_198' title='bbox 956 3822 1121 3892; x_wconf 85' lang='lat' dir='ltr'><strong>plane</strong></span> <span class='ocrx_word' id='word_1_199' title='bbox 1167 3821 1534 3895; x_wconf 85' lang='lat' dir='ltr'><strong>Sybariticam</strong></span> <span class='ocrx_word' id='word_1_200' title='bbox 1590 3823 1941 3896; x_wconf 70' lang='lat' dir='ltr'><strong>degentium,</strong></span> 
     </span>
    </p>
   </div>
   <div class='ocr_carea' id='block_1_35' title="bbox 357 3914 1947 3988">
    <p class='ocr_par' dir='ltr' id='par_1_35' title="bbox 357 3914 1947 3988">
     <span class='ocr_line' id='line_1_35' title="bbox 357 3914 1947 3988; baseline 0.003 -20"><span class='ocrx_word' id='word_1_201' title='bbox 357 3914 523 3969; x_wconf 86' lang='lat' dir='ltr'><strong>etiam</strong></span> <span class='ocrx_word' id='word_1_202' title='bbox 550 3914 824 3970; x_wconf 65' lang='lat' dir='ltr'><strong>Maenades</strong></span> <span class='ocrx_word' id='word_1_203' title='bbox 850 3915 973 3971; x_wconf 87' lang='lat' dir='ltr'><strong>illas</strong></span> <span class='ocrx_word' id='word_1_204' title='bbox 1006 3915 1343 3988; x_wconf 80' lang='lat' dir='ltr'><strong>tbyrsigeras</strong></span> <span class='ocrx_word' id='word_1_205' title='bbox 1373 3916 1744 3972; x_wconf 70' lang='lat' dir='ltr'><strong>comitabatur</strong></span> <span class='ocrx_word' id='word_1_206' title='bbox 1772 3926 1827 3973; x_wconf 92' lang='lat' dir='ltr'><strong>et</strong></span> <span class='ocrx_word' id='word_1_207' title='bbox 1857 3934 1947 3973; x_wconf 89' lang='lat' dir='ltr'><strong>or-</strong></span> 
     </span>
    </p>
   </div>
   <div class='ocr_carea' id='block_1_36' title="bbox 356 4006 1941 4079">
    <p class='ocr_par' dir='ltr' id='par_1_36' title="bbox 356 4006 1941 4079">
     <span class='ocr_line' id='line_1_36' title="bbox 356 4006 1941 4079; baseline 0.001 -17"><span class='ocrx_word' id='word_1_208' title='bbox 356 4006 445 4075; x_wconf 76' lang='lat' dir='ltr'><strong>gia</strong></span> <span class='ocrx_word' id='word_1_209' title='bbox 490 4006 693 4061; x_wconf 86' lang='lat' dir='ltr'><strong>Bacchi</strong></span> <span class='ocrx_word' id='word_1_210' title='bbox 732 4006 1066 4063; x_wconf 72' lang='lat' dir='ltr'><strong>celebrabat.</strong></span> <span class='ocrx_word' id='word_1_211' title='bbox 1106 4007 1261 4077; x_wconf 80' lang='lat'><strong>103</strong></span> <span class='ocrx_word' id='word_1_212' title='bbox 1294 4007 1435 4064; x_wconf 84' lang='lat' dir='ltr'><strong>Hinc</strong></span> <span class='ocrx_word' id='word_1_213' title='bbox 1485 4009 1941 4079; x_wconf 88' lang='lat' dir='ltr'><strong>eompotationes,</strong></span> 
     </span>
    </p>
   </div>
   <div class='ocr_carea' id='block_1_37' title="bbox 354 4098 1945 4165">
    <p class='ocr_par' dir='ltr' id='par_1_37' title="bbox 354 4098 1945 4165">
     <span class='ocr_line' id='line_1_37' title="bbox 354 4098 1945 4165; baseline 0 -12"><span class='ocrx_word' id='word_1_214' title='bbox 354 4098 702 4160; x_wconf 83' lang='lat' dir='ltr'><strong>saltationes,</strong></span> <span class='ocrx_word' id='word_1_215' title='bbox 740 4098 1059 4162; x_wconf 83' lang='lat' dir='ltr'><strong>ebrietates,</strong></span> <span class='ocrx_word' id='word_1_216' title='bbox 1102 4108 1372 4165; x_wconf 81' lang='lat' dir='ltr'><strong>crateres,</strong></span> <span class='ocrx_word' id='word_1_217' title='bbox 1410 4098 1830 4154; x_wconf 87' lang='lat' dir='ltr'><strong>inhonestorum</strong></span> <span class='ocrx_word' id='word_1_218' title='bbox 1879 4114 1945 4153; x_wconf 90' lang='lat' dir='ltr'><strong>ac</strong></span> 
     </span>
    </p>
   </div>
   <div class='ocr_carea' id='block_1_38' title="bbox 354 4188 1943 4256">
    <p class='ocr_par' dir='ltr' id='par_1_38' title="bbox 354 4188 1943 4256">
     <span class='ocr_line' id='line_1_38' title="bbox 354 4188 1943 4256; baseline 0 -13"><span class='ocrx_word' id='word_1_219' title='bbox 354 4188 800 4245; x_wconf 88' lang='lat' dir='ltr'><strong>meretriciorum</strong></span> <span class='ocrx_word' id='word_1_220' title='bbox 816 4188 1120 4244; x_wconf 83' lang='lat' dir='ltr'><strong>carminum</strong></span> <span class='ocrx_word' id='word_1_221' title='bbox 1145 4189 1452 4256; x_wconf 87' lang='lat' dir='ltr'><strong>cautiones,</strong></span> <span class='ocrx_word' id='word_1_222' title='bbox 1483 4190 1710 4245; x_wconf 78' lang='lat' dir='ltr'><strong>directae</strong></span> <span class='ocrx_word' id='word_1_223' title='bbox 1730 4198 1943 4244; x_wconf 88' lang='lat' dir='ltr'><strong>tantum</strong></span> 
     </span>
    </p>
   </div>
   <div class='ocr_carea' id='block_1_39' title="bbox 356 4279 1943 4353">
    <p class='ocr_par' dir='ltr' id='par_1_39' title="bbox 356 4279 1943 4353">
     <span class='ocr_line' id='line_1_39' title="bbox 356 4279 1943 4353; baseline 0.002 -20"><span class='ocrx_word' id='word_1_224' title='bbox 356 4279 426 4334; x_wconf 83' lang='lat' dir='ltr'><strong>ad</strong></span> <span class='ocrx_word' id='word_1_225' title='bbox 482 4279 811 4335; x_wconf 78' lang='lat' dir='ltr'><strong>excitandos</strong></span> <span class='ocrx_word' id='word_1_226' title='bbox 841 4280 986 4336; x_wconf 84' lang='lat' dir='ltr'><strong>risus</strong></span> <span class='ocrx_word' id='word_1_227' title='bbox 1021 4281 1403 4353; x_wconf 85' lang='lat' dir='ltr'><strong>cogitationes.</strong></span> <span class='ocrx_word' id='word_1_228' title='bbox 1435 4283 1619 4337; x_wconf 84' lang='lat' dir='ltr'><strong>omnis</strong></span> <span class='ocrx_word' id='word_1_229' title='bbox 1652 4282 1943 4352; x_wconf 86' lang='lat' dir='ltr'><strong>impuritas</strong></span> 
     </span>
    </p>
   </div>
   <div class='ocr_carea' id='block_1_40' title="bbox 353 4369 1943 4441">
    <p class='ocr_par' dir='ltr' id='par_1_40' title="bbox 353 4369 1943 4441">
     <span class='ocr_line' id='line_1_40' title="bbox 353 4369 1943 4441; baseline 0 -15"><span class='ocrx_word' id='word_1_230' title='bbox 353 4369 871 4441; x_wconf 81' lang='lat' dir='ltr'><strong>denique.deunt</strong></span> <span class='ocrx_word' id='word_1_231' title='bbox 886 4370 1084 4428; x_wconf 60' lang='lat' dir='ltr'><strong>fabulae</strong></span> <span class='ocrx_word' id='word_1_232' title='bbox 1105 4372 1344 4428; x_wconf 84' lang='lat' dir='ltr'><strong>ferarum</strong></span> <span class='ocrx_word' id='word_1_233' title='bbox 1362 4373 1766 4429; x_wconf 81' lang='lat' dir='ltr'><strong>interfectorem</strong></span> <span class='ocrx_word' id='word_1_234' title='bbox 1792 4372 1943 4427; x_wconf 91' lang='lat' dir='ltr'><strong>illum</strong></span> 
     </span>
    </p>
   </div>
   <div class='ocr_carea' id='block_1_41' title="bbox 354 4463 1942 4535">
    <p class='ocr_par' dir='ltr' id='par_1_41' title="bbox 354 4463 1942 4535">
     <span class='ocr_line' id='line_1_41' title="bbox 354 4463 1942 4535; baseline 0 -18"><span class='ocrx_word' id='word_1_235' title='bbox 354 4465 671 4518; x_wconf 54' lang='lat' dir='ltr'><strong>Actaeonem</strong></span> <span class='ocrx_word' id='word_1_236' title='bbox 711 4478 742 4519; x_wconf 89' lang='lat' dir='ltr'><strong>a</strong></span> <span class='ocrx_word' id='word_1_237' title='bbox 784 4465 1057 4535; x_wconf 90' lang='lat' dir='ltr'><strong>correptis</strong></span> <span class='ocrx_word' id='word_1_238' title='bbox 1113 4464 1305 4520; x_wconf 88' lang='lat' dir='ltr'><strong>furore</strong></span> <span class='ocrx_word' id='word_1_239' title='bbox 1346 4466 1576 4521; x_wconf 87' lang='lat' dir='ltr'><strong>canibus</strong></span> <span class='ocrx_word' id='word_1_240' title='bbox 1620 4480 1721 4520; x_wconf 90' lang='lat' dir='ltr'><strong>ceu</strong></span> <span class='ocrx_word' id='word_1_241' title='bbox 1768 4463 1942 4519; x_wconf 87' lang='lat' dir='ltr'><strong>feram</strong></span> 
     </span>
    </p>
   </div>
   <div class='ocr_carea' id='block_1_42' title="bbox 354 4551 1942 4609">
    <p class='ocr_par' dir='ltr' id='par_1_42' title="bbox 354 4551 1942 4609">
     <span class='ocr_line' id='line_1_42' title="bbox 354 4551 1942 4609; baseline 0.001 -4"><span class='ocrx_word' id='word_1_242' title='bbox 354 4551 720 4607; x_wconf 85' lang='lat' dir='ltr'><strong>dilaceratum</strong></span> <span class='ocrx_word' id='word_1_243' title='bbox 748 4568 894 4608; x_wconf 87' lang='lat' dir='ltr'><strong>esse.</strong></span> <span class='ocrx_word' id='word_1_244' title='bbox 921 4553 991 4607; x_wconf 88' lang='lat' dir='ltr'><strong>At</strong></span> <span class='ocrx_word' id='word_1_245' title='bbox 1010 4568 1143 4608; x_wconf 85' lang='lat' dir='ltr'><strong>vero</strong></span> <span class='ocrx_word' id='word_1_246' title='bbox 1181 4562 1553 4609; x_wconf 83' lang='lat' dir='ltr'><strong>assentatores</strong></span> <span class='ocrx_word' id='word_1_247' title='bbox 1591 4553 1793 4609; x_wconf 87' lang='lat' dir='ltr'><strong>barbas</strong></span> <span class='ocrx_word' id='word_1_248' title='bbox 1833 4552 1942 4608; x_wconf 87' lang='lat' dir='ltr'><strong>rasi</strong></span> 
     </span>
    </p>
   </div>
   <div class='ocr_carea' id='block_1_43' title="bbox 1497 479 2522 546">
    <p class='ocr_par' dir='ltr' id='par_1_43' title="bbox 1497 479 2522 546">
     <span class='ocr_line' id='line_1_43' title="bbox 1497 479 2522 546; baseline 0.003 -4"><span class='ocrx_word' id='word_1_249' title='bbox 1497 479 2006 544; x_wconf 84' lang='lat' dir='ltr'><strong>COMPENDIUM</strong></span> <span class='ocrx_word' id='word_1_250' title='bbox 2044 482 2522 546; x_wconf 73' lang='lat' dir='ltr'><strong>CHRONICUM.</strong></span> 
     </span>
    </p>
   </div>
   <div class='ocr_carea' id='block_1_44' title="bbox 1966 3291 2014 3355">
    <p class='ocr_par' dir='ltr' id='par_1_44' title="bbox 1966 3291 2014 3355">
     <span class='ocr_line' id='line_1_44' title="bbox 1966 3291 2014 3355; baseline 0 0"><span class='ocrx_word' id='word_1_251' title='bbox 1966 3291 2014 3355; x_wconf 75' lang='grc' dir='ltr'><strong><em>ϐ</em></strong></span> 
     </span>
    </p>
   </div>
   <div class='ocr_carea' id='block_1_45' title="bbox 3513 484 3621 551">
    <p class='ocr_par' dir='ltr' id='par_1_45' title="bbox 3513 484 3621 551">
     <span class='ocr_line' id='line_1_45' title="bbox 3513 484 3621 551; baseline 0.019 -3"><span class='ocrx_word' id='word_1_252' title='bbox 3513 484 3621 551; x_wconf 73' lang='lat' dir='ltr'><strong>MO</strong></span> 
     </span>
    </p>
   </div>
   <div class='ocr_carea' id='block_1_46' title="bbox 1970 595 3404 668">
    <p class='ocr_par' dir='ltr' id='par_1_46' title="bbox 1970 595 3404 668">
     <span class='ocr_line' id='line_1_46' title="bbox 1970 595 3404 668; baseline 0.003 -21"><span class='ocrx_word' id='word_1_253' title='bbox 1970 599 2013 656; x_wconf 83' lang='grc' dir='ltr'>Α</span> <span class='ocrx_word' id='word_1_254' title='bbox 2056 596 2330 664; x_wconf 81' lang='grc' dir='ltr'>’Λσέμνω;</span> <span class='ocrx_word' id='word_1_255' title='bbox 2355 595 2760 666; x_wconf 82' lang='grc' dir='ltr'>θεατρομανῶν,</span> <span class='ocrx_word' id='word_1_256' title='bbox 2797 596 3000 666; x_wconf 88' lang='grc' dir='ltr'>χαίρων</span> <span class='ocrx_word' id='word_1_257' title='bbox 3028 596 3404 668; x_wconf 84' lang='grc' dir='ltr'>ίππηλασίαις.</span> 
     </span>
    </p>
   </div>
   <div class='ocr_carea' id='block_1_47' title="bbox 2056 684 3405 758">
    <p class='ocr_par' dir='ltr' id='par_1_47' title="bbox 2056 684 3405 758">
     <span class='ocr_line' id='line_1_47' title="bbox 2056 684 3405 758; baseline 0.004 -23"><span class='ocrx_word' id='word_1_258' title='bbox 2056 684 2298 750; x_wconf 82' lang='grc' dir='ltr'>Ἐγίνετό</span> <span class='ocrx_word' id='word_1_259' title='bbox 2320 701 2378 737; x_wconf 86' lang='grc' dir='ltr'><strong>τε</strong></span> <span class='ocrx_word' id='word_1_260' title='bbox 2401 684 2498 738; x_wconf 78' lang='grc' dir='ltr'>καὶ</span> <span class='ocrx_word' id='word_1_261' title='bbox 2528 684 2714 754; x_wconf 77' lang='grc' dir='ltr'>πατὴρ</span> <span class='ocrx_word' id='word_1_262' title='bbox 2747 688 2976 740; x_wconf 88' lang='grc' dir='ltr'>παιδίων</span> <span class='ocrx_word' id='word_1_263' title='bbox 2995 685 3140 741; x_wconf 76' lang='grc' dir='ltr'>κατὰ</span> <span class='ocrx_word' id='word_1_264' title='bbox 3167 687 3405 758; x_wconf 89' lang='grc' dir='ltr'>πνεῦμα,</span> 
     </span>
    </p>
   </div>
   <div class='ocr_carea' id='block_1_48' title="bbox 2042 775 3621 850">
    <p class='ocr_par' dir='ltr' id='par_1_48' title="bbox 2042 775 3621 850">
     <span class='ocr_line' id='line_1_48' title="bbox 2042 775 3621 850; baseline 0.004 -24"><span class='ocrx_word' id='word_1_265' title='bbox 2042 775 2165 827; x_wconf 79' lang='grc' dir='ltr'><strong>Τῶν</strong></span> <span class='ocrx_word' id='word_1_266' title='bbox 2201 775 2386 844; x_wconf 87' lang='grc' dir='ltr'>μίμων</span> <span class='ocrx_word' id='word_1_267' title='bbox 2410 776 2478 830; x_wconf 71' lang='grc' dir='ltr'><strong>τά</strong></span> <span class='ocrx_word' id='word_1_268' title='bbox 2506 776 2803 847; x_wconf 82' lang='grc' dir='ltr'>βρεφύλλια</span> <span class='ocrx_word' id='word_1_269' title='bbox 2860 780 2953 831; x_wconf 80' lang='grc' dir='ltr'>καὶ</span> <span class='ocrx_word' id='word_1_270' title='bbox 2982 779 3090 832; x_wconf 85' lang='grc' dir='ltr'><strong>τῶν</strong></span> <span class='ocrx_word' id='word_1_271' title='bbox 3148 780 3621 850; x_wconf 78' lang='grc' dir='ltr'>ἀρματοστρὸφων</span> 
     </span>
    </p>
   </div>
   <div class='ocr_carea' id='block_1_49' title="bbox 2043 861 3480 940">
    <p class='ocr_par' dir='ltr' id='par_1_49' title="bbox 2043 861 3480 940">
     <span class='ocr_line' id='line_1_49' title="bbox 2043 861 3480 940; baseline 0.003 -22"><span class='ocrx_word' id='word_1_272' title='bbox 2043 861 2145 918; x_wconf 75' lang='grc' dir='ltr'>Οἷα</span> <span class='ocrx_word' id='word_1_273' title='bbox 2173 867 2354 938; x_wconf 80' lang='grc' dir='ltr'>πατὴρ</span> <span class='ocrx_word' id='word_1_274' title='bbox 2383 867 2736 940; x_wconf 82' lang='grc' dir='ltr'>φιλόστοργος</span> <span class='ocrx_word' id='word_1_275' title='bbox 2764 870 2946 939; x_wconf 81' lang='grc' dir='ltr'>φέρων</span> <span class='ocrx_word' id='word_1_276' title='bbox 2967 872 3024 923; x_wconf 78' lang='grc' dir='ltr'>ἐν</span> <span class='ocrx_word' id='word_1_277' title='bbox 3065 874 3187 934; x_wconf 87' lang='grc' dir='ltr'>ταῖς</span> <span class='ocrx_word' id='word_1_278' title='bbox 3215 871 3480 939; x_wconf 80' lang='grc' dir='ltr'>ἀγκάλαις</span> 
     </span>
    </p>
   </div>
   <div class='ocr_carea' id='block_1_50' title="bbox 2050 956 3474 1029">
    <p class='ocr_par' dir='ltr' id='par_1_50' title="bbox 2050 956 3474 1029">
     <span class='ocr_line' id='line_1_50' title="bbox 2050 956 3474 1029; baseline 0.004 -19"><span class='ocrx_word' id='word_1_279' title='bbox 2050 957 2149 1010; x_wconf 73' lang='grc' dir='ltr'><strong>Ἕκ</strong></span> <span class='ocrx_word' id='word_1_280' title='bbox 2182 956 2277 1009; x_wconf 88' lang='grc' dir='ltr'><strong>τοῦ</strong></span> <span class='ocrx_word' id='word_1_281' title='bbox 2300 956 2526 1027; x_wconf 79' lang='grc' dir='ltr'>λουτροῦ</span> <span class='ocrx_word' id='word_1_282' title='bbox 2563 959 2946 1029; x_wconf 85' lang='grc' dir='ltr'>προκύπτοντα</span> <span class='ocrx_word' id='word_1_283' title='bbox 2977 961 3077 1029; x_wconf 84' lang='grc' dir='ltr'>τῆς</span> <span class='ocrx_word' id='word_1_284' title='bbox 3108 960 3474 1029; x_wconf 81' lang='grc' dir='ltr'>θεογενεσὶας.</span> 
     </span>
    </p>
   </div>
   <div class='ocr_carea' id='block_1_51' title="bbox 2055 1047 3620 1123">
    <p class='ocr_par' dir='ltr' id='par_1_51' title="bbox 2055 1047 3620 1123">
     <span class='ocr_line' id='line_1_51' title="bbox 2055 1047 3620 1123; baseline 0.003 -23"><span class='ocrx_word' id='word_1_285' title='bbox 2055 1047 2339 1101; x_wconf 82' lang='grc' dir='ltr'>Ἐντεῦθεν</span> <span class='ocrx_word' id='word_1_286' title='bbox 2375 1049 2496 1117; x_wconf 74' lang='grc' dir='ltr'>(οὐκ</span> <span class='ocrx_word' id='word_1_287' title='bbox 2526 1048 2796 1118; x_wconf 76' lang='grc' dir='ltr'>ἐξήρκουν</span> <span class='ocrx_word' id='word_1_288' title='bbox 2824 1051 2933 1120; x_wconf 82' lang='grc' dir='ltr'><strong>γὰρ</strong></span> <span class='ocrx_word' id='word_1_289' title='bbox 2967 1050 3023 1103; x_wconf 84' lang='lat' dir='ltr'><strong><em>al</em></strong></span> <span class='ocrx_word' id='word_1_290' title='bbox 3057 1052 3251 1119; x_wconf 80' lang='grc' dir='ltr'>φλέϐες</span> <span class='ocrx_word' id='word_1_291' title='bbox 3278 1052 3370 1104; x_wconf 88' lang='grc' dir='ltr'><strong>τοῦ</strong></span> <span class='ocrx_word' id='word_1_292' title='bbox 3396 1053 3620 1123; x_wconf 80' lang='grc' dir='ltr'>χρυσίου</span> 
     </span>
    </p>
   </div>
   <div class='ocr_carea' id='block_1_52' title="bbox 2055 1136 3486 1212">
    <p class='ocr_par' dir='ltr' id='par_1_52' title="bbox 2055 1136 3486 1212">
     <span class='ocr_line' id='line_1_52' title="bbox 2055 1136 3486 1212; baseline 0.003 -22"><span class='ocrx_word' id='word_1_293' title='bbox 2055 1136 2179 1190; x_wconf 75' lang='grc' dir='ltr'><strong>Ἐπὶ</strong></span> <span class='ocrx_word' id='word_1_294' title='bbox 2203 1137 2490 1201; x_wconf 88' lang='grc' dir='ltr'>τοσούτους</span> <span class='ocrx_word' id='word_1_295' title='bbox 2524 1141 2773 1207; x_wconf 78' lang='grc' dir='ltr'>ἀγωγοὺς</span> <span class='ocrx_word' id='word_1_296' title='bbox 2806 1141 3132 1210; x_wconf 88' lang='grc' dir='ltr'>κενούμεναι</span> <span class='ocrx_word' id='word_1_297' title='bbox 3163 1142 3486 1212; x_wconf 76' lang='grc' dir='ltr'>κοπρὼδεις)</span> 
     </span>
    </p>
   </div>
   <div class='ocr_carea' id='block_1_53' title="bbox 2043 1228 3482 1301">
    <p class='ocr_par' dir='ltr' id='par_1_53' title="bbox 2043 1228 3482 1301">
     <span class='ocr_line' id='line_1_53' title="bbox 2043 1228 3482 1301; baseline 0.002 -20"><span class='ocrx_word' id='word_1_298' title='bbox 2043 1229 2109 1281; x_wconf 77' lang='grc' dir='ltr'>Αἱ</span> <span class='ocrx_word' id='word_1_299' title='bbox 2134 1228 2594 1298; x_wconf 83' lang='grc' dir='ltr'>χρυσοσκεύαστοι</span> <span class='ocrx_word' id='word_1_300' title='bbox 2631 1230 2816 1284; x_wconf 79' lang='grc' dir='ltr'>στολαὶ</span> <span class='ocrx_word' id='word_1_301' title='bbox 2849 1231 2957 1284; x_wconf 87' lang='grc' dir='ltr'><strong>τῶν</strong></span> <span class='ocrx_word' id='word_1_302' title='bbox 2991 1233 3158 1286; x_wconf 83' lang='grc' dir='ltr'>πάλαι</span> <span class='ocrx_word' id='word_1_303' title='bbox 3215 1232 3482 1301; x_wconf 81' lang='grc' dir='ltr'>βασιλέων</span> 
     </span>
    </p>
   </div>
   <div class='ocr_carea' id='block_1_54' title="bbox 2046 1320 3514 1393">
    <p class='ocr_par' dir='ltr' id='par_1_54' title="bbox 2046 1320 3514 1393">
     <span class='ocr_line' id='line_1_54' title="bbox 2046 1320 3514 1393; baseline 0.003 -21"><span class='ocrx_word' id='word_1_304' title='bbox 2046 1321 2155 1373; x_wconf 83' lang='lat' dir='ltr'><strong>Kal</strong></span> <span class='ocrx_word' id='word_1_305' title='bbox 2181 1320 2372 1391; x_wconf 82' lang='grc' dir='ltr'>δένδρα</span> <span class='ocrx_word' id='word_1_306' title='bbox 2399 1322 2467 1374; x_wconf 84' lang='grc' dir='ltr'><strong>τά</strong></span> <span class='ocrx_word' id='word_1_307' title='bbox 2498 1322 2840 1392; x_wconf 86' lang='grc' dir='ltr'>κατάχρυσα,</span> <span class='ocrx_word' id='word_1_308' title='bbox 2868 1324 3127 1393; x_wconf 85' lang='grc' dir='ltr'>στρουθία</span> <span class='ocrx_word' id='word_1_309' title='bbox 3158 1342 3217 1378; x_wconf 87' lang='grc' dir='ltr'><strong>τε</strong></span> <span class='ocrx_word' id='word_1_310' title='bbox 3253 1327 3321 1377; x_wconf 78' lang='grc' dir='ltr'><strong>τὰ</strong></span> <span class='ocrx_word' id='word_1_311' title='bbox 3353 1323 3514 1390; x_wconf 84' lang='grc' dir='ltr'>λάλα,</span> 
     </span>
    </p>
   </div>
   <div class='ocr_carea' id='block_1_55' title="bbox 2044 1410 3412 1488">
    <p class='ocr_par' dir='ltr' id='par_1_55' title="bbox 2044 1410 3412 1488">
     <span class='ocr_line' id='line_1_55' title="bbox 2044 1410 3412 1488; baseline 0.001 -24"><span class='ocrx_word' id='word_1_312' title='bbox 2044 1411 2154 1464; x_wconf 88' lang='lat' dir='ltr'><strong>Kal</strong></span> <span class='ocrx_word' id='word_1_313' title='bbox 2182 1410 2395 1474; x_wconf 85' lang='grc' dir='ltr'>λέοντες</span> <span class='ocrx_word' id='word_1_314' title='bbox 2421 1412 2752 1483; x_wconf 88' lang='grc' dir='ltr'>σφυρήλατοι</span> <span class='ocrx_word' id='word_1_315' title='bbox 2780 1414 2983 1485; x_wconf 82' lang='grc' dir='ltr'>χρυσοῦ</span> <span class='ocrx_word' id='word_1_316' title='bbox 3031 1417 3412 1488; x_wconf 76' lang='grc' dir='ltr'>πεποιημένοι,</span> 
     </span>
    </p>
   </div>
   <div class='ocr_carea' id='block_1_56' title="bbox 2044 1500 3514 1578">
    <p class='ocr_par' dir='ltr' id='par_1_56' title="bbox 2044 1500 3514 1578">
     <span class='ocr_line' id='line_1_56' title="bbox 2044 1500 3514 1578; baseline 0.005 -27"><span class='ocrx_word' id='word_1_317' title='bbox 2044 1500 2154 1551; x_wconf 83' lang='grc' dir='ltr'>Καὶ</span> <span class='ocrx_word' id='word_1_318' title='bbox 2180 1501 2289 1552; x_wconf 81' lang='grc' dir='ltr'><strong>πᾶν</strong></span> <span class='ocrx_word' id='word_1_319' title='bbox 2327 1500 2513 1565; x_wconf 84' lang='grc' dir='ltr'>άπλῶς</span> <span class='ocrx_word' id='word_1_320' title='bbox 2545 1500 2815 1571; x_wconf 87' lang='grc' dir='ltr'>βασίλειον</span> <span class='ocrx_word' id='word_1_321' title='bbox 2846 1503 3061 1573; x_wconf 84' lang='grc' dir='ltr'>λάμπον</span> <span class='ocrx_word' id='word_1_322' title='bbox 3088 1506 3145 1556; x_wconf 82' lang='grc' dir='ltr'>ὲν</span> <span class='ocrx_word' id='word_1_323' title='bbox 3173 1507 3514 1578; x_wconf 79' lang='grc' dir='ltr'>ἀνακτόροις,</span> 
     </span>
    </p>
   </div>
   <div class='ocr_carea' id='block_1_57' title="bbox 2045 1591 3359 1666">
    <p class='ocr_par' dir='ltr' id='par_1_57' title="bbox 2045 1591 3359 1666">
     <span class='ocr_line' id='line_1_57' title="bbox 2045 1591 3359 1666; baseline 0.005 -24"><span class='ocrx_word' id='word_1_324' title='bbox 2045 1591 2224 1661; x_wconf 77' lang='grc' dir='ltr'>Ἀπερ</span> <span class='ocrx_word' id='word_1_325' title='bbox 2256 1591 2318 1645; x_wconf 87' lang='grc' dir='ltr'>τὸ</span> <span class='ocrx_word' id='word_1_326' title='bbox 2335 1591 2466 1662; x_wconf 80' lang='grc' dir='ltr'>πρὶν</span> <span class='ocrx_word' id='word_1_327' title='bbox 2492 1591 2751 1660; x_wconf 77' lang='grc' dir='ltr'>θεόφιλος</span> <span class='ocrx_word' id='word_1_328' title='bbox 2778 1592 3037 1663; x_wconf 74' lang='grc' dir='ltr'>εἴργαστο</span> <span class='ocrx_word' id='word_1_329' title='bbox 3056 1595 3359 1666; x_wconf 88' lang='grc' dir='ltr'>φιλοτίμως</span> 
     </span>
    </p>
   </div>
   <div class='ocr_carea' id='block_1_58' title="bbox 2044 1682 3417 1754">
    <p class='ocr_par' dir='ltr' id='par_1_58' title="bbox 2044 1682 3417 1754">
     <span class='ocr_line' id='line_1_58' title="bbox 2044 1682 3417 1754; baseline 0.005 -20"><span class='ocrx_word' id='word_1_330' title='bbox 2044 1682 2138 1745; x_wconf 86' lang='grc' dir='ltr'>Εἰς</span> <span class='ocrx_word' id='word_1_331' title='bbox 2156 1682 2376 1753; x_wconf 86' lang='grc' dir='ltr'>λάλημα</span> <span class='ocrx_word' id='word_1_332' title='bbox 2406 1683 2791 1753; x_wconf 86' lang='grc' dir='ltr'>περίλαμπρον</span> <span class='ocrx_word' id='word_1_333' title='bbox 2828 1685 3065 1754; x_wconf 74' lang='grc' dir='ltr'>ἐσόμενα</span> <span class='ocrx_word' id='word_1_334' title='bbox 3101 1685 3417 1753; x_wconf 82' lang='grc' dir='ltr'>Ῥωμαίοις,</span> 
     </span>
    </p>
   </div>
   <div class='ocr_carea' id='block_1_59' title="bbox 2043 1772 3238 1845">
    <p class='ocr_par' dir='ltr' id='par_1_59' title="bbox 2043 1772 3238 1845">
     <span class='ocr_line' id='line_1_59' title="bbox 2043 1772 3238 1845; baseline 0.003 -19"><span class='ocrx_word' id='word_1_335' title='bbox 2043 1772 2257 1845; x_wconf 80' lang='grc' dir='ltr'>Χωνείᾳ</span> <span class='ocrx_word' id='word_1_336' title='bbox 2284 1772 2650 1843; x_wconf 84' lang='grc' dir='ltr'>παρεδίδοντο,</span> <span class='ocrx_word' id='word_1_337' title='bbox 2675 1774 2861 1838; x_wconf 87' lang='grc' dir='ltr'>κακῶς</span> <span class='ocrx_word' id='word_1_338' title='bbox 2886 1773 3238 1839; x_wconf 83' lang='grc' dir='ltr'>ἐξεκενοῦντο</span> 
     </span>
    </p>
   </div>
   <div class='ocr_carea' id='block_1_60' title="bbox 2046 1863 3620 1936">
    <p class='ocr_par' dir='ltr' id='par_1_60' title="bbox 2046 1863 3620 1936">
     <span class='ocr_line' id='line_1_60' title="bbox 2046 1863 3620 1936; baseline 0.001 -19"><span class='ocrx_word' id='word_1_339' title='bbox 2046 1865 2138 1925; x_wconf 78' lang='grc' dir='ltr'>Εἰς</span> <span class='ocrx_word' id='word_1_340' title='bbox 2171 1864 2451 1935; x_wconf 74' lang='grc' dir='ltr'>μυσαροῦς</span> <span class='ocrx_word' id='word_1_341' title='bbox 2482 1864 2578 1917; x_wconf 78' lang='grc' dir='ltr'>καὶ</span> <span class='ocrx_word' id='word_1_342' title='bbox 2607 1863 2896 1934; x_wconf 77' lang='grc' dir='ltr'>βδελυροὺς</span> <span class='ocrx_word' id='word_1_343' title='bbox 2929 1864 3180 1935; x_wconf 87' lang='grc' dir='ltr'>σωλῆνας</span> <span class='ocrx_word' id='word_1_344' title='bbox 3228 1864 3620 1936; x_wconf 78' lang='grc' dir='ltr'>πολυτρήτους.</span> 
     </span>
    </p>
   </div>
   <div class='ocr_carea' id='block_1_61' title="bbox 1972 1926 3411 2027">
    <p class='ocr_par' dir='ltr' id='par_1_61' title="bbox 1972 1926 3411 2027">
     <span class='ocr_line' id='line_1_61' title="bbox 1972 1926 3411 2027; baseline 0.001 -18"><span class='ocrx_word' id='word_1_345' title='bbox 1972 1926 2015 1981; x_wconf 75' lang='grc' dir='ltr'><strong>Β</strong></span> <span class='ocrx_word' id='word_1_346' title='bbox 2043 1957 2117 2009; x_wconf 81' lang='grc' dir='ltr'><strong>Οὐ</strong></span> <span class='ocrx_word' id='word_1_347' title='bbox 2141 1926 2399 2009; x_wconf 47' lang='grc' dir='ltr'>ταῦτα-δ’</span> <span class='ocrx_word' id='word_1_348' title='bbox 2496 1926 3094 2027; x_wconf 31' lang='grc' dir='ltr'>χοιρόόιοςυτετόλμηκε</span> <span class='ocrx_word' id='word_1_349' title='bbox 3123 1926 3218 2011; x_wconf 75' lang='grc' dir='ltr'>καὶ</span> <span class='ocrx_word' id='word_1_350' title='bbox 3252 1926 3411 2027; x_wconf 69' lang='grc' dir='ltr'>μόνα,</span> 
     </span>
    </p>
   </div>
   <div class='ocr_carea' id='block_1_62' title="bbox 2054 2046 3417 2120">
    <p class='ocr_par' dir='ltr' id='par_1_62' title="bbox 2054 2046 3417 2120">
     <span class='ocr_line' id='line_1_62' title="bbox 2054 2046 3417 2120; baseline 0 -18"><span class='ocrx_word' id='word_1_351' title='bbox 2054 2048 2198 2102; x_wconf 82' lang='grc' dir='ltr'>Ἀλλ’</span> <span class='ocrx_word' id='word_1_352' title='bbox 2226 2048 2320 2100; x_wconf 73' lang='grc' dir='ltr'><strong>ἐπὶ</strong></span> <span class='ocrx_word' id='word_1_353' title='bbox 2347 2048 2569 2120; x_wconf 88' lang='grc' dir='ltr'>χείρονα</span> <span class='ocrx_word' id='word_1_354' title='bbox 2595 2046 2742 2118; x_wconf 80' lang='grc' dir='ltr'>ζωὴν</span> <span class='ocrx_word' id='word_1_355' title='bbox 2776 2049 3105 2120; x_wconf 88' lang='grc' dir='ltr'>προκόπτων</span> <span class='ocrx_word' id='word_1_356' title='bbox 3144 2048 3417 2119; x_wconf 78' lang='grc' dir='ltr'>ὁσημέραι</span> 
     </span>
    </p>
   </div>
   <div class='ocr_carea' id='block_1_63' title="bbox 2053 2139 3384 2212">
    <p class='ocr_par' dir='ltr' id='par_1_63' title="bbox 2053 2139 3384 2212">
     <span class='ocr_line' id='line_1_63' title="bbox 2053 2139 3384 2212; baseline 0.001 -19"><span class='ocrx_word' id='word_1_357' title='bbox 2053 2139 2380 2210; x_wconf 78' lang='grc' dir='ltr'>Ἐλύττησεν</span> <span class='ocrx_word' id='word_1_358' title='bbox 2416 2141 2446 2193; x_wconf 87' lang='lat'><strong>6</strong></span> <span class='ocrx_word' id='word_1_359' title='bbox 2468 2139 2728 2202; x_wconf 79' lang='grc' dir='ltr'>κάκιστος</span> <span class='ocrx_word' id='word_1_360' title='bbox 2754 2140 2898 2194; x_wconf 82' lang='grc' dir='ltr'>κατὰ</span> <span class='ocrx_word' id='word_1_361' title='bbox 2924 2140 3033 2194; x_wconf 82' lang='grc' dir='ltr'>τῶν</span> <span class='ocrx_word' id='word_1_362' title='bbox 3066 2142 3384 2212; x_wconf 86' lang='grc' dir='ltr'>μυστηρίων</span> 
     </span>
    </p>
   </div>
   <div class='ocr_carea' id='block_1_64' title="bbox 2043 2230 3355 2303">
    <p class='ocr_par' dir='ltr' id='par_1_64' title="bbox 2043 2230 3355 2303">
     <span class='ocr_line' id='line_1_64' title="bbox 2043 2230 3355 2303; baseline -0.001 -18"><span class='ocrx_word' id='word_1_363' title='bbox 2043 2231 2164 2285; x_wconf 83' lang='grc' dir='ltr'><strong>Τῶν</strong></span> <span class='ocrx_word' id='word_1_364' title='bbox 2192 2231 2354 2301; x_wconf 74' lang='grc' dir='ltr'>ἱερῶν</span> <span class='ocrx_word' id='word_1_365' title='bbox 2382 2230 2477 2285; x_wconf 74' lang='grc' dir='ltr'>καὶ</span> <span class='ocrx_word' id='word_1_366' title='bbox 2504 2231 2754 2303; x_wconf 82' lang='grc' dir='ltr'>Σεραφὶμ</span> <span class='ocrx_word' id='word_1_367' title='bbox 2783 2232 2966 2296; x_wconf 81' lang='grc' dir='ltr'>αὐτοῖς</span> <span class='ocrx_word' id='word_1_368' title='bbox 2998 2232 3355 2297; x_wconf 82' lang='grc' dir='ltr'>ἀξιοσέπτων,</span> 
     </span>
    </p>
   </div>
   <div class='ocr_carea' id='block_1_65' title="bbox 2038 2323 3364 2401">
    <p class='ocr_par' dir='ltr' id='par_1_65' title="bbox 2038 2323 3364 2401">
     <span class='ocr_line' id='line_1_65' title="bbox 2038 2323 3364 2401; baseline 0.001 -25"><span class='ocrx_word' id='word_1_369' title='bbox 2038 2323 2156 2401; x_wconf 77' lang='lat' dir='ltr'><strong>Kal</strong></span> <span class='ocrx_word' id='word_1_370' title='bbox 2190 2323 2378 2395; x_wconf 86' lang='grc' dir='ltr'>σίνηπι</span> <span class='ocrx_word' id='word_1_371' title='bbox 2404 2323 2745 2395; x_wconf 88' lang='grc' dir='ltr'>δριμύχυμον</span> <span class='ocrx_word' id='word_1_372' title='bbox 2766 2324 2975 2395; x_wconf 73' lang='grc' dir='ltr'>ἐγχέων</span> <span class='ocrx_word' id='word_1_373' title='bbox 3006 2325 3089 2387; x_wconf 86' lang='grc' dir='ltr'><strong>είς</strong></span> <span class='ocrx_word' id='word_1_374' title='bbox 3116 2324 3364 2394; x_wconf 82' lang='grc' dir='ltr'>κρατῆρα</span> 
     </span>
    </p>
   </div>
   <div class='ocr_carea' id='block_1_66' title="bbox 2042 2415 3431 2489">
    <p class='ocr_par' dir='ltr' id='par_1_66' title="bbox 2042 2415 3431 2489">
     <span class='ocr_line' id='line_1_66' title="bbox 2042 2415 3431 2489; baseline 0 -21"><span class='ocrx_word' id='word_1_375' title='bbox 2042 2416 2155 2486; x_wconf 82' lang='grc' dir='ltr'><strong>Τὴν</strong></span> <span class='ocrx_word' id='word_1_376' title='bbox 2183 2415 2470 2484; x_wconf 84' lang='grc' dir='ltr'>άγιστείαν</span> <span class='ocrx_word' id='word_1_377' title='bbox 2498 2415 2599 2487; x_wconf 78' lang='grc' dir='ltr'>τὴν</span> <span class='ocrx_word' id='word_1_378' title='bbox 2622 2416 2859 2487; x_wconf 80' lang='grc' dir='ltr'>φρικτὴν</span> <span class='ocrx_word' id='word_1_379' title='bbox 2881 2416 3043 2486; x_wconf 84' lang='grc' dir='ltr'>δῆθεν</span> <span class='ocrx_word' id='word_1_380' title='bbox 3063 2416 3431 2489; x_wconf 77' lang='grc' dir='ltr'>ὲτελετάρχει,</span> 
     </span>
    </p>
   </div>
   <div class='ocr_carea' id='block_1_67' title="bbox 2043 2505 3622 2577">
    <p class='ocr_par' dir='ltr' id='par_1_67' title="bbox 2043 2505 3622 2577">
     <span class='ocr_line' id='line_1_67' title="bbox 2043 2505 3622 2577; baseline 0.001 -17"><span class='ocrx_word' id='word_1_381' title='bbox 2043 2506 2283 2574; x_wconf 80' lang='grc' dir='ltr'>Παίζων,</span> <span class='ocrx_word' id='word_1_382' title='bbox 2316 2505 2481 2577; x_wconf 65' lang='grc' dir='ltr'>φασιν</span> <span class='ocrx_word' id='word_1_383' title='bbox 2503 2506 2574 2575; x_wconf 66' lang='grc' dir='ltr'>δ’,</span> <span class='ocrx_word' id='word_1_384' title='bbox 2619 2508 2679 2562; x_wconf 81' lang='grc' dir='ltr'>ὲν</span> <span class='ocrx_word' id='word_1_385' title='bbox 2727 2508 2787 2561; x_wconf 83' lang='grc' dir='ltr'>οὺ</span> <span class='ocrx_word' id='word_1_386' title='bbox 2819 2509 3091 2575; x_wconf 80' lang='grc' dir='ltr'>παικτοῖς,</span> <span class='ocrx_word' id='word_1_387' title='bbox 3121 2507 3298 2577; x_wconf 86' lang='grc' dir='ltr'>γελῶν</span> <span class='ocrx_word' id='word_1_388' title='bbox 3329 2510 3387 2563; x_wconf 80' lang='grc' dir='ltr'>ὲν</span> <span class='ocrx_word' id='word_1_389' title='bbox 3421 2507 3622 2577; x_wconf 73' lang='grc' dir='ltr'>ἀγελάο</span> 
     </span>
    </p>
   </div>
   <div class='ocr_carea' id='block_1_68' title="bbox 3421 2598 3619 2671">
    <p class='ocr_par' dir='ltr' id='par_1_68' title="bbox 3421 2598 3619 2671">
     <span class='ocr_line' id='line_1_68' title="bbox 3421 2598 3619 2671; baseline 0.005 -21"><span class='ocrx_word' id='word_1_390' title='bbox 3421 2598 3619 2671; x_wconf 87' lang='grc' dir='ltr'>[στοις.</span> 
     </span>
    </p>
   </div>
   <div class='ocr_carea' id='block_1_69' title="bbox 2106 2686 3371 2762">
    <p class='ocr_par' dir='ltr' id='par_1_69' title="bbox 2106 2686 3371 2762">
     <span class='ocr_line' id='line_1_69' title="bbox 2106 2686 3371 2762; baseline 0.001 -20"><span class='ocrx_word' id='word_1_391' title='bbox 2106 2686 2264 2743; x_wconf 77' lang='grc' dir='ltr'>Οὕτω</span> <span class='ocrx_word' id='word_1_392' title='bbox 2291 2686 2514 2759; x_wconf 89' lang='grc' dir='ltr'>βιοῦντα</span> <span class='ocrx_word' id='word_1_393' title='bbox 2546 2689 2823 2762; x_wconf 83' lang='grc' dir='ltr'>Μιχαὴλὴ</span> <span class='ocrx_word' id='word_1_394' title='bbox 2857 2690 3042 2761; x_wconf 80' lang='grc' dir='ltr'>μήτηρ</span> <span class='ocrx_word' id='word_1_395' title='bbox 3076 2689 3371 2761; x_wconf 86' lang='grc' dir='ltr'>καθορῶσα</span> 
     </span>
    </p>
   </div>
   <div class='ocr_carea' id='block_1_70' title="bbox 2042 2780 3627 2853">
    <p class='ocr_par' dir='ltr' id='par_1_70' title="bbox 2042 2780 3627 2853">
     <span class='ocr_line' id='line_1_70' title="bbox 2042 2780 3627 2853; baseline 0.001 -19"><span class='ocrx_word' id='word_1_396' title='bbox 2042 2781 2157 2834; x_wconf 86' lang='lat' dir='ltr'><strong>Kal</strong></span> <span class='ocrx_word' id='word_1_397' title='bbox 2187 2780 2442 2851; x_wconf 84' lang='grc' dir='ltr'>παίγνιον</span> <span class='ocrx_word' id='word_1_398' title='bbox 2478 2781 2766 2853; x_wconf 86' lang='grc' dir='ltr'>γινόμενον</span> <span class='ocrx_word' id='word_1_399' title='bbox 2811 2781 2857 2815; x_wconf 72' lang='grc'><strong>⁸⁸</strong></span> <span class='ocrx_word' id='word_1_400' title='bbox 2887 2782 2980 2835; x_wconf 72' lang='grc' dir='ltr'><strong>τὸν</strong></span> <span class='ocrx_word' id='word_1_401' title='bbox 3029 2783 3276 2853; x_wconf 84' lang='grc' dir='ltr'>κράτορα</span> <span class='ocrx_word' id='word_1_402' title='bbox 3337 2781 3627 2852; x_wconf 84' lang='grc' dir='ltr'>Ῥωμαίων</span> 
     </span>
    </p>
   </div>
   <div class='ocr_carea' id='block_1_71' title="bbox 2042 2871 3480 2945">
    <p class='ocr_par' dir='ltr' id='par_1_71' title="bbox 2042 2871 3480 2945">
     <span class='ocr_line' id='line_1_71' title="bbox 2042 2871 3480 2945; baseline 0 -20"><span class='ocrx_word' id='word_1_403' title='bbox 2042 2872 2127 2925; x_wconf 82' lang='grc' dir='ltr'>Τὰ</span> <span class='ocrx_word' id='word_1_404' title='bbox 2154 2872 2439 2943; x_wconf 87' lang='grc' dir='ltr'>σπλάγχνα</span> <span class='ocrx_word' id='word_1_405' title='bbox 2473 2871 2886 2944; x_wconf 83' lang='grc' dir='ltr'>συνεστρέφετο,</span> <span class='ocrx_word' id='word_1_406' title='bbox 2914 2873 3095 2945; x_wconf 81' lang='grc' dir='ltr'>ψυχὴν</span> <span class='ocrx_word' id='word_1_407' title='bbox 3128 2872 3480 2939; x_wconf 80' lang='grc' dir='ltr'>συνεδονεῐτο,</span> 
     </span>
    </p>
   </div>
   <div class='ocr_carea' id='block_1_72' title="bbox 2041 2960 3398 3034">
    <p class='ocr_par' dir='ltr' id='par_1_72' title="bbox 2041 2960 3398 3034">
     <span class='ocr_line' id='line_1_72' title="bbox 2041 2960 3398 3034; baseline -0.001 -18"><span class='ocrx_word' id='word_1_408' title='bbox 2041 2964 2153 3016; x_wconf 85' lang='lat' dir='ltr'><strong>Kal</strong></span> <span class='ocrx_word' id='word_1_409' title='bbox 2171 2961 2352 3032; x_wconf 88' lang='grc' dir='ltr'>λόγοις</span> <span class='ocrx_word' id='word_1_410' title='bbox 2379 2963 2770 3034; x_wconf 78' lang='grc' dir='ltr'>ὲσωφρόνιζεν,</span> <span class='ocrx_word' id='word_1_411' title='bbox 2798 2960 3094 3034; x_wconf 79' lang='grc' dir='ltr'>ὲρύθμιζε,</span> <span class='ocrx_word' id='word_1_412' title='bbox 3136 2961 3398 3034; x_wconf 84' lang='grc' dir='ltr'>παρῄνει,</span> 
     </span>
    </p>
   </div>
   <div class='ocr_carea' id='block_1_73' title="bbox 2043 3057 3448 3131">
    <p class='ocr_par' dir='ltr' id='par_1_73' title="bbox 2043 3057 3448 3131">
     <span class='ocr_line' id='line_1_73' title="bbox 2043 3057 3448 3131; baseline 0.001 -21"><span class='ocrx_word' id='word_1_413' title='bbox 2043 3057 2461 3131; x_wconf 82' lang='grc' dir='ltr'>Βδελυροτήτων</span> <span class='ocrx_word' id='word_1_414' title='bbox 2487 3058 2874 3131; x_wconf 86' lang='grc' dir='ltr'>αίσχρουργῶν</span> <span class='ocrx_word' id='word_1_415' title='bbox 2900 3058 3137 3128; x_wconf 85' lang='grc' dir='ltr'>ἀπάγειν</span> <span class='ocrx_word' id='word_1_416' title='bbox 3162 3057 3448 3128; x_wconf 73' lang='grc' dir='ltr'>ἐπειρᾶτο.</span> 
     </span>
    </p>
   </div>
   <div class='ocr_carea' id='block_1_74' title="bbox 3298 3146 3622 3205">
    <p class='ocr_par' dir='ltr' id='par_1_74' title="bbox 3298 3146 3622 3205">
     <span class='ocr_line' id='line_1_74' title="bbox 3298 3146 3622 3205; baseline -0.003 -2"><span class='ocrx_word' id='word_1_417' title='bbox 3298 3146 3462 3205; x_wconf 82' lang='lat' dir='ltr'><strong>Vers.</strong></span> <span class='ocrx_word' id='word_1_418' title='bbox 3487 3146 3622 3204; x_wconf 82' lang='lat' dir='ltr'><strong>59H</strong></span> 
     </span>
    </p>
   </div>
   <div class='ocr_carea' id='block_1_75' title="bbox 2048 3359 3632 3435">
    <p class='ocr_par' dir='ltr' id='par_1_75' title="bbox 2048 3359 3632 3435">
     <span class='ocr_line' id='line_1_75' title="bbox 2048 3359 3632 3435; baseline -0.005 -13"><span class='ocrx_word' id='word_1_419' title='bbox 2048 3363 2382 3422; x_wconf 80' lang='lat' dir='ltr'><strong>necessitate</strong></span> <span class='ocrx_word' id='word_1_420' title='bbox 2411 3371 2646 3435; x_wconf 76' lang='lat' dir='ltr'><strong>cogente</strong></span> <span class='ocrx_word' id='word_1_421' title='bbox 2686 3361 2838 3417; x_wconf 89' lang='lat' dir='ltr'><strong>solus</strong></span> <span class='ocrx_word' id='word_1_422' title='bbox 2865 3360 3074 3431; x_wconf 89' lang='lat' dir='ltr'><strong>absque</strong></span> <span class='ocrx_word' id='word_1_423' title='bbox 3101 3359 3397 3416; x_wconf 85' lang='lat' dir='ltr'><strong>satellitum</strong></span> <span class='ocrx_word' id='word_1_424' title='bbox 3431 3374 3632 3429; x_wconf 83' lang='lat' dir='ltr'><strong>corpo-</strong></span> 
     </span>
    </p>
   </div>
   <div class='ocr_carea' id='block_1_76' title="bbox 2046 3451 3626 3528">
    <p class='ocr_par' dir='ltr' id='par_1_76' title="bbox 2046 3451 3626 3528">
     <span class='ocr_line' id='line_1_76' title="bbox 2046 3451 3626 3528; baseline -0.006 -15"><span class='ocrx_word' id='word_1_425' title='bbox 2046 3459 2234 3528; x_wconf 87' lang='lat' dir='ltr'><strong>risque</strong></span> <span class='ocrx_word' id='word_1_426' title='bbox 2272 3456 2562 3512; x_wconf 85' lang='lat' dir='ltr'><strong>custodum</strong></span> <span class='ocrx_word' id='word_1_427' title='bbox 2594 3455 2856 3511; x_wconf 87' lang='lat' dir='ltr'><strong>comitatu</strong></span> <span class='ocrx_word' id='word_1_428' title='bbox 2894 3452 3094 3509; x_wconf 89' lang='lat' dir='ltr'><strong>mediis</strong></span> <span class='ocrx_word' id='word_1_429' title='bbox 3134 3453 3190 3507; x_wconf 88' lang='lat' dir='ltr'><strong>in</strong></span> <span class='ocrx_word' id='word_1_430' title='bbox 3226 3451 3404 3507; x_wconf 84' lang='lat' dir='ltr'><strong>triviis</strong></span> <span class='ocrx_word' id='word_1_431' title='bbox 3434 3451 3626 3507; x_wconf 90' lang='lat' dir='ltr'><strong>obam-</strong></span> 
     </span>
    </p>
   </div>
   <div class='ocr_carea' id='block_1_77' title="bbox 2044 3543 3628 3615">
    <p class='ocr_par' dir='ltr' id='par_1_77' title="bbox 2044 3543 3628 3615">
     <span class='ocr_line' id='line_1_77' title="bbox 2044 3543 3628 3615; baseline -0.004 -11"><span class='ocrx_word' id='word_1_432' title='bbox 2044 3549 2291 3615; x_wconf 82' lang='lat' dir='ltr'><strong>bulabat,</strong></span> <span class='ocrx_word' id='word_1_433' title='bbox 2328 3547 2587 3602; x_wconf 87' lang='lat' dir='ltr'><strong>indecore</strong></span> <span class='ocrx_word' id='word_1_434' title='bbox 2623 3562 2688 3601; x_wconf 91' lang='lat' dir='ltr'><strong>ac</strong></span> <span class='ocrx_word' id='word_1_435' title='bbox 2721 3546 2971 3601; x_wconf 81' lang='lat' dir='ltr'><strong>furenter</strong></span> <span class='ocrx_word' id='word_1_436' title='bbox 3003 3543 3269 3600; x_wconf 90' lang='lat' dir='ltr'><strong>adamans</strong></span> <span class='ocrx_word' id='word_1_437' title='bbox 3294 3544 3628 3614; x_wconf 88' lang='lat' dir='ltr'><strong>spectacula,</strong></span> 
     </span>
    </p>
   </div>
   <div class='ocr_carea' id='block_1_78' title="bbox 2045 3638 3628 3713">
    <p class='ocr_par' dir='ltr' id='par_1_78' title="bbox 2045 3638 3628 3713">
     <span class='ocr_line' id='line_1_78' title="bbox 2045 3638 3628 3713; baseline -0.004 -15"><span class='ocrx_word' id='word_1_438' title='bbox 2045 3643 2228 3713; x_wconf 89' lang='lat' dir='ltr'><strong>deque</strong></span> <span class='ocrx_word' id='word_1_439' title='bbox 2262 3640 2659 3712; x_wconf 83' lang='lat' dir='ltr'><strong>agitationibus</strong></span> <span class='ocrx_word' id='word_1_440' title='bbox 2704 3654 2975 3709; x_wconf 90' lang='lat' dir='ltr'><strong>equorum</strong></span> <span class='ocrx_word' id='word_1_441' title='bbox 3012 3638 3353 3707; x_wconf 85' lang='lat' dir='ltr'><strong>voluptatem</strong></span> <span class='ocrx_word' id='word_1_442' title='bbox 3384 3640 3628 3706; x_wconf 85' lang='lat' dir='ltr'><strong>capiens.</strong></span> 
     </span>
    </p>
   </div>
   <div class='ocr_carea' id='block_1_79' title="bbox 2043 3726 3631 3800">
    <p class='ocr_par' dir='ltr' id='par_1_79' title="bbox 2043 3726 3631 3800">
     <span class='ocr_line' id='line_1_79' title="bbox 2043 3726 3631 3800; baseline -0.004 -13"><span class='ocrx_word' id='word_1_443' title='bbox 2043 3733 2224 3788; x_wconf 85' lang='lat' dir='ltr'><strong>Etiam</strong></span> <span class='ocrx_word' id='word_1_444' title='bbox 2260 3729 2632 3800; x_wconf 88' lang='lat' dir='ltr'><strong>spiritualium</strong></span> <span class='ocrx_word' id='word_1_445' title='bbox 2657 3728 2959 3784; x_wconf 90' lang='lat' dir='ltr'><strong>liberorum</strong></span> <span class='ocrx_word' id='word_1_446' title='bbox 2991 3738 3147 3798; x_wconf 89' lang='lat' dir='ltr'><strong>pater</strong></span> <span class='ocrx_word' id='word_1_447' title='bbox 3168 3727 3357 3790; x_wconf 86' lang='lat' dir='ltr'><strong>flebat,</strong></span> <span class='ocrx_word' id='word_1_448' title='bbox 3393 3726 3631 3781; x_wconf 81' lang='lat' dir='ltr'><strong>infantes</strong></span> 
     </span>
    </p>
   </div>
   <div class='ocr_carea' id='block_1_80' title="bbox 2043 3817 3632 3889">
    <p class='ocr_par' dir='ltr' id='par_1_80' title="bbox 2043 3817 3632 3889">
     <span class='ocr_line' id='line_1_80' title="bbox 2043 3817 3632 3889; baseline -0.004 -11"><span class='ocrx_word' id='word_1_449' title='bbox 2043 3822 2340 3878; x_wconf 90' lang='lat' dir='ltr'><strong>mimorum</strong></span> <span class='ocrx_word' id='word_1_450' title='bbox 2372 3832 2429 3877; x_wconf 93' lang='lat' dir='ltr'><strong>et</strong></span> <span class='ocrx_word' id='word_1_451' title='bbox 2460 3820 2775 3889; x_wconf 79' lang='lat' dir='ltr'><strong>aurigarum</strong></span> <span class='ocrx_word' id='word_1_452' title='bbox 2798 3834 2901 3875; x_wconf 91' lang='lat' dir='ltr'><strong>ceu</strong></span> <span class='ocrx_word' id='word_1_453' title='bbox 2929 3818 3202 3889; x_wconf 86' lang='lat' dir='ltr'><strong>benignus</strong></span> <span class='ocrx_word' id='word_1_454' title='bbox 3222 3818 3456 3888; x_wconf 88' lang='lat' dir='ltr'><strong>paterin</strong></span> <span class='ocrx_word' id='word_1_455' title='bbox 3487 3817 3632 3872; x_wconf 85' lang='lat' dir='ltr'><strong>ulnis</strong></span> 
     </span>
    </p>
   </div>
   <div class='ocr_carea' id='block_1_81' title="bbox 2043 3912 3627 3987">
    <p class='ocr_par' dir='ltr' id='par_1_81' title="bbox 2043 3912 3627 3987">
     <span class='ocr_line' id='line_1_81' title="bbox 2043 3912 3627 3987; baseline -0.004 -15"><span class='ocrx_word' id='word_1_456' title='bbox 2043 3925 2282 3987; x_wconf 84' lang='lat' dir='ltr'><strong>gestans,</strong></span> <span class='ocrx_word' id='word_1_457' title='bbox 2315 3931 2347 3970; x_wconf 94' lang='lat' dir='ltr'><strong>e</strong></span> <span class='ocrx_word' id='word_1_458' title='bbox 2368 3915 2586 3970; x_wconf 90' lang='lat' dir='ltr'><strong>lavacro</strong></span> <span class='ocrx_word' id='word_1_459' title='bbox 2619 3914 2818 3970; x_wconf 62' lang='lat' dir='ltr'><strong>divinae</strong></span> <span class='ocrx_word' id='word_1_460' title='bbox 2841 3912 3280 3984; x_wconf 82' lang='lat' dir='ltr'><strong>regenerationis</strong></span> <span class='ocrx_word' id='word_1_461' title='bbox 3315 3921 3627 3981; x_wconf 82' lang='lat' dir='ltr'><strong>susceptos.</strong></span> 
     </span>
    </p>
   </div>
   <div class='ocr_carea' id='block_1_82' title="bbox 2043 4002 3632 4078">
    <p class='ocr_par' dir='ltr' id='par_1_82' title="bbox 2043 4002 3632 4078">
     <span class='ocr_line' id='line_1_82' title="bbox 2043 4002 3632 4078; baseline -0.004 -15"><span class='ocrx_word' id='word_1_462' title='bbox 2043 4008 2234 4078; x_wconf 86' lang='lat' dir='ltr'><strong>Itaque</strong></span> <span class='ocrx_word' id='word_1_463' title='bbox 2271 4006 2391 4061; x_wconf 88' lang='lat' dir='ltr'><strong>auri</strong></span> <span class='ocrx_word' id='word_1_464' title='bbox 2436 4020 2590 4061; x_wconf 82' lang='lat' dir='ltr'><strong>venae</strong></span> <span class='ocrx_word' id='word_1_465' title='bbox 2633 4005 2799 4060; x_wconf 59' lang='lat' dir='ltr'><strong>nulla;</strong></span> <span class='ocrx_word' id='word_1_466' title='bbox 2843 4002 3211 4069; x_wconf 76' lang='lat' dir='ltr'><strong>sufﬁciebant,</strong></span> <span class='ocrx_word' id='word_1_467' title='bbox 3261 4018 3386 4058; x_wconf 90' lang='lat' dir='ltr'><strong>cum</strong></span> <span class='ocrx_word' id='word_1_468' title='bbox 3439 4002 3494 4056; x_wconf 91' lang='lat' dir='ltr'><strong>in</strong></span> <span class='ocrx_word' id='word_1_469' title='bbox 3550 4012 3632 4057; x_wconf 88' lang='lat' dir='ltr'><strong>tot</strong></span> 
     </span>
    </p>
   </div>
   <div class='ocr_carea' id='block_1_83' title="bbox 2045 4095 3631 4154">
    <p class='ocr_par' dir='ltr' id='par_1_83' title="bbox 2045 4095 3631 4154">
     <span class='ocr_line' id='line_1_83' title="bbox 2045 4095 3631 4154; baseline -0.003 -1"><span class='ocrx_word' id='word_1_470' title='bbox 2045 4107 2357 4154; x_wconf 87' lang='lat' dir='ltr'><strong>stercoreos</strong></span> <span class='ocrx_word' id='word_1_471' title='bbox 2409 4097 2630 4153; x_wconf 90' lang='lat' dir='ltr'><strong>canales</strong></span> <span class='ocrx_word' id='word_1_472' title='bbox 2678 4097 3127 4152; x_wconf 79' lang='lat' dir='ltr'><strong>exhaurirentur.</strong></span> <span class='ocrx_word' id='word_1_473' title='bbox 3160 4095 3355 4152; x_wconf 85' lang='lat' dir='ltr'><strong>Vestes</strong></span> <span class='ocrx_word' id='word_1_474' title='bbox 3387 4108 3451 4150; x_wconf 83' lang='lat' dir='ltr'><strong>ex</strong></span> <span class='ocrx_word' id='word_1_475' title='bbox 3495 4109 3631 4149; x_wconf 88' lang='lat' dir='ltr'><strong>auro</strong></span> 
     </span>
    </p>
   </div>
   <div class='ocr_carea' id='block_1_84' title="bbox 2043 4187 3633 4259">
    <p class='ocr_par' dir='ltr' id='par_1_84' title="bbox 2043 4187 3633 4259">
     <span class='ocr_line' id='line_1_84' title="bbox 2043 4187 3633 4259; baseline -0.004 -14"><span class='ocrx_word' id='word_1_476' title='bbox 2043 4189 2202 4245; x_wconf 82' lang='lat' dir='ltr'><strong>factae</strong></span> <span class='ocrx_word' id='word_1_477' title='bbox 2226 4188 2424 4259; x_wconf 85' lang='lat' dir='ltr'><strong>priscis</strong></span> <span class='ocrx_word' id='word_1_478' title='bbox 2453 4187 2523 4242; x_wconf 90' lang='lat' dir='ltr'><strong>ab</strong></span> <span class='ocrx_word' id='word_1_479' title='bbox 2569 4187 3018 4258; x_wconf 86' lang='lat' dir='ltr'><strong>imperatoribus,</strong></span> <span class='ocrx_word' id='word_1_480' title='bbox 3049 4187 3280 4242; x_wconf 90' lang='lat' dir='ltr'><strong>arbores</strong></span> <span class='ocrx_word' id='word_1_481' title='bbox 3307 4201 3510 4249; x_wconf 67' lang='lat' dir='ltr'><strong>aureae,</strong></span> <span class='ocrx_word' id='word_1_482' title='bbox 3540 4200 3633 4240; x_wconf 87' lang='lat' dir='ltr'><strong>ca-</strong></span> 
     </span>
    </p>
   </div>
   <div class='ocr_carea' id='block_1_85' title="bbox 2044 4278 3631 4344">
    <p class='ocr_par' dir='ltr' id='par_1_85' title="bbox 2044 4278 3631 4344">
     <span class='ocr_line' id='line_1_85' title="bbox 2044 4278 3631 4344; baseline -0.004 -6"><span class='ocrx_word' id='word_1_483' title='bbox 2044 4297 2196 4338; x_wconf 62' lang='lat' dir='ltr'><strong>norae</strong></span> <span class='ocrx_word' id='word_1_484' title='bbox 2245 4281 2491 4344; x_wconf 67' lang='lat' dir='ltr'><strong>aviculae,</strong></span> <span class='ocrx_word' id='word_1_485' title='bbox 2540 4279 2716 4335; x_wconf 88' lang='lat' dir='ltr'><strong>solido</strong></span> <span class='ocrx_word' id='word_1_486' title='bbox 2761 4295 2829 4335; x_wconf 84' lang='lat' dir='ltr'><strong>ex</strong></span> <span class='ocrx_word' id='word_1_487' title='bbox 2885 4295 3022 4335; x_wconf 91' lang='lat' dir='ltr'><strong>auro</strong></span> <span class='ocrx_word' id='word_1_488' title='bbox 3077 4278 3366 4334; x_wconf 87' lang='lat' dir='ltr'><strong>fabrefacti</strong></span> <span class='ocrx_word' id='word_1_489' title='bbox 3418 4279 3631 4338; x_wconf 83' lang='lat' dir='ltr'><strong>leones,</strong></span> 
     </span>
    </p>
   </div>
   <div class='ocr_carea' id='block_1_86' title="bbox 2045 4369 3631 4441">
    <p class='ocr_par' dir='ltr' id='par_1_86' title="bbox 2045 4369 3631 4441">
     <span class='ocr_line' id='line_1_86' title="bbox 2045 4369 3631 4441; baseline -0.004 -13"><span class='ocrx_word' id='word_1_490' title='bbox 2045 4372 2230 4428; x_wconf 89' lang='lat' dir='ltr'><strong>omnia</strong></span> <span class='ocrx_word' id='word_1_491' title='bbox 2259 4370 2499 4441; x_wconf 86' lang='lat' dir='ltr'><strong>denique</strong></span> <span class='ocrx_word' id='word_1_492' title='bbox 2529 4378 2854 4426; x_wconf 79' lang='lat' dir='ltr'><strong>ornamenta</strong></span> <span class='ocrx_word' id='word_1_493' title='bbox 2881 4370 3258 4441; x_wconf 89' lang='lat' dir='ltr'><strong>imperatoria,</strong></span> <span class='ocrx_word' id='word_1_494' title='bbox 3287 4385 3408 4440; x_wconf 66' lang='lat' dir='ltr'><strong>quae</strong></span> <span class='ocrx_word' id='word_1_495' title='bbox 3427 4369 3481 4422; x_wconf 91' lang='lat' dir='ltr'><strong>iu</strong></span> <span class='ocrx_word' id='word_1_496' title='bbox 3506 4369 3631 4423; x_wconf 86' lang='lat' dir='ltr'><strong>aula</strong></span> 
     </span>
    </p>
   </div>
   <div class='ocr_carea' id='block_1_87' title="bbox 2045 4459 3630 4535">
    <p class='ocr_par' dir='ltr' id='par_1_87' title="bbox 2045 4459 3630 4535">
     <span class='ocr_line' id='line_1_87' title="bbox 2045 4459 3630 4535; baseline -0.005 -14"><span class='ocrx_word' id='word_1_497' title='bbox 2045 4463 2411 4535; x_wconf 86' lang='lat' dir='ltr'><strong>splendebant</strong></span> <span class='ocrx_word' id='word_1_498' title='bbox 2456 4472 2516 4518; x_wconf 83' lang='lat' dir='ltr'><strong>et</strong></span> <span class='ocrx_word' id='word_1_499' title='bbox 2562 4478 2592 4518; x_wconf 90' lang='lat' dir='ltr'><strong>a</strong></span> <span class='ocrx_word' id='word_1_500' title='bbox 2621 4462 2933 4532; x_wconf 88' lang='lat' dir='ltr'><strong>Theophilo</strong></span> <span class='ocrx_word' id='word_1_501' title='bbox 2969 4460 3259 4533; x_wconf 84' lang='lat' dir='ltr'><strong>magnifice</strong></span> <span class='ocrx_word' id='word_1_502' title='bbox 3303 4460 3521 4516; x_wconf 90' lang='lat' dir='ltr'><strong>fuerant</strong></span> <span class='ocrx_word' id='word_1_503' title='bbox 3561 4459 3630 4514; x_wconf 86' lang='lat' dir='ltr'><strong>ad</strong></span> 
     </span>
    </p>
   </div>
   <div class='ocr_carea' id='block_1_88' title="bbox 2045 4553 3629 4621">
    <p class='ocr_par' dir='ltr' id='par_1_88' title="bbox 2045 4553 3629 4621">
     <span class='ocr_line' id='line_1_88' title="bbox 2045 4553 3629 4621; baseline -0.006 -5"><span class='ocrx_word' id='word_1_504' title='bbox 2045 4560 2476 4616; x_wconf 88' lang='lat' dir='ltr'><strong>celebrationem</strong></span> <span class='ocrx_word' id='word_1_505' title='bbox 2528 4557 2761 4613; x_wconf 82' lang='lat' dir='ltr'><strong>Romani</strong></span> <span class='ocrx_word' id='word_1_506' title='bbox 2802 4556 3044 4613; x_wconf 90' lang='lat' dir='ltr'><strong>nominis</strong></span> <span class='ocrx_word' id='word_1_507' title='bbox 3087 4555 3373 4621; x_wconf 90' lang='lat' dir='ltr'><strong>confecta,</strong></span> <span class='ocrx_word' id='word_1_508' title='bbox 3420 4553 3629 4609; x_wconf 90' lang='lat' dir='ltr'><strong>fornaci</strong></span> 
     </span>
    </p>
   </div>
   <div class='ocr_carea' id='block_1_89' title="bbox 353 4632 3631 4716">
    <p class='ocr_par' dir='ltr' id='par_1_89' title="bbox 353 4632 3631 4716">
     <span class='ocr_line' id='line_1_89' title="bbox 353 4632 3631 4716; baseline -0.003 -6"><span class='ocrx_word' id='word_1_509' title='bbox 353 4652 410 4700; x_wconf 79' lang='lat' dir='ltr'><strong>et</strong></span> <span class='ocrx_word' id='word_1_510' title='bbox 438 4659 637 4699; x_wconf 80' lang='lat' dir='ltr'><strong>cerusa</strong></span> <span class='ocrx_word' id='word_1_511' title='bbox 680 4643 849 4700; x_wconf 72' lang='lat' dir='ltr'><strong>fucati</strong></span> <span class='ocrx_word' id='word_1_512' title='bbox 886 4660 1013 4701; x_wconf 88' lang='lat' dir='ltr'><strong>cum</strong></span> <span class='ocrx_word' id='word_1_513' title='bbox 1049 4645 1377 4701; x_wconf 81' lang='lat' dir='ltr'><strong>Michaelum</strong></span> <span class='ocrx_word' id='word_1_514' title='bbox 1430 4645 1938 4716; x_wconf 80' lang='lat' dir='ltr'><strong>circumstipassent</strong></span> <span class='ocrx_word' id='word_1_515' title='bbox 1962 4632 2017 4693; x_wconf 78' lang='grc'><strong>1)</strong></span> <span class='ocrx_word' id='word_1_516' title='bbox 2042 4653 2385 4710; x_wconf 79' lang='lat' dir='ltr'><strong>conﬂatnriae</strong></span> <span class='ocrx_word' id='word_1_517' title='bbox 2416 4650 2781 4706; x_wconf 67' lang='lat' dir='ltr'><strong>tradebantur</strong></span> <span class='ocrx_word' id='word_1_518' title='bbox 2806 4657 2862 4705; x_wconf 90' lang='lat' dir='ltr'><strong>ct</strong></span> <span class='ocrx_word' id='word_1_519' title='bbox 2897 4648 3166 4703; x_wconf 78' lang='lat' dir='ltr'><strong>scelerate</strong></span> <span class='ocrx_word' id='word_1_520' title='bbox 3190 4649 3244 4702; x_wconf 90' lang='lat' dir='ltr'><strong>in</strong></span> <span class='ocrx_word' id='word_1_521' title='bbox 3267 4645 3631 4703; x_wconf 76' lang='lat' dir='ltr'><strong>exsecrabiles</strong></span> 
     </span>
    </p>
   </div>
   <div class='ocr_carea' id='block_1_90' title="bbox 353 4734 1934 4808">
    <p class='ocr_par' dir='ltr' id='par_1_90' title="bbox 353 4734 1934 4808">
     <span class='ocr_line' id='line_1_90' title="bbox 353 4734 1934 4808; baseline 0 -17"><span class='ocrx_word' id='word_1_522' title='bbox 353 4748 410 4791; x_wconf 88' lang='lat' dir='ltr'><strong>et</strong></span> <span class='ocrx_word' id='word_1_523' title='bbox 436 4734 699 4806; x_wconf 87' lang='lat' dir='ltr'><strong>indagine</strong></span> <span class='ocrx_word' id='word_1_524' title='bbox 728 4735 886 4806; x_wconf 89' lang='lat' dir='ltr'><strong>quasi</strong></span> <span class='ocrx_word' id='word_1_525' title='bbox 929 4736 1253 4802; x_wconf 79' lang='lat' dir='ltr'><strong>ciuxisseut,</strong></span> <span class='ocrx_word' id='word_1_526' title='bbox 1290 4737 1345 4791; x_wconf 92' lang='lat' dir='ltr'><strong>in</strong></span> <span class='ocrx_word' id='word_1_527' title='bbox 1392 4739 1541 4808; x_wconf 88' lang='lat' dir='ltr'><strong>quod</strong></span> <span class='ocrx_word' id='word_1_528' title='bbox 1587 4737 1934 4803; x_wconf 87' lang='lat' dir='ltr'><strong>barathrum,</strong></span> 
     </span>
    </p>
   </div>
   <div class='ocr_carea' id='block_1_91' title="bbox 353 4810 1935 4903">
    <p class='ocr_par' dir='ltr' id='par_1_91' title="bbox 353 4810 1935 4903">
     <span class='ocr_line' id='line_1_91' title="bbox 353 4810 1935 4903; baseline 0.003 -22"><span class='ocrx_word' id='word_1_529' title='bbox 353 4846 520 4897; x_wconf 87' lang='lat' dir='ltr'><strong>quam</strong></span> <span class='ocrx_word' id='word_1_530' title='bbox 556 4829 819 4885; x_wconf 66' lang='lat' dir='ltr'><strong>vitiorum</strong></span> <span class='ocrx_word' id='word_1_531' title='bbox 848 4810 1168 4900; x_wconf 59' lang='lat' dir='ltr'><strong>voraginem</strong></span> <span class='ocrx_word' id='word_1_532' title='bbox 1209 4847 1337 4887; x_wconf 89' lang='lat' dir='ltr'><strong>eum</strong></span> <span class='ocrx_word' id='word_1_533' title='bbox 1387 4847 1496 4886; x_wconf 86' lang='lat' dir='ltr'><strong>non</strong></span> <span class='ocrx_word' id='word_1_534' title='bbox 1538 4832 1935 4903; x_wconf 85' lang='lat' dir='ltr'><strong>conjeceruntl</strong></span> 
     </span>
    </p>
   </div>
   <div class='ocr_carea' id='block_1_92' title="bbox 351 4920 1940 4994">
    <p class='ocr_par' dir='ltr' id='par_1_92' title="bbox 351 4920 1940 4994">
     <span class='ocr_line' id='line_1_92' title="bbox 351 4920 1940 4994; baseline 0.001 -19"><span class='ocrx_word' id='word_1_535' title='bbox 351 4920 497 4976; x_wconf 81' lang='lat' dir='ltr'><strong>lliuc</strong></span> <span class='ocrx_word' id='word_1_536' title='bbox 520 4920 691 4977; x_wconf 83' lang='lat' dir='ltr'><strong>fiebat</strong></span> <span class='ocrx_word' id='word_1_537' title='bbox 708 4929 772 4976; x_wconf 88' lang='lat' dir='ltr'><strong>ut</strong></span> <span class='ocrx_word' id='word_1_538' title='bbox 794 4922 1113 4992; x_wconf 82' lang='lat' dir='ltr'><strong>spectabilis</strong></span> <span class='ocrx_word' id='word_1_539' title='bbox 1131 4923 1220 4978; x_wconf 90' lang='lat' dir='ltr'><strong>ille</strong></span> <span class='ocrx_word' id='word_1_540' title='bbox 1238 4924 1612 4979; x_wconf 82' lang='lat' dir='ltr'><strong>Romanorum</strong></span> <span class='ocrx_word' id='word_1_541' title='bbox 1638 4924 1940 4994; x_wconf 89' lang='lat' dir='ltr'><strong>imperator</strong></span> 
     </span>
    </p>
   </div>
   <div class='ocr_carea' id='block_1_93' title="bbox 2037 4738 3626 4817">
    <p class='ocr_par' dir='ltr' id='par_1_93' title="bbox 2037 4738 3626 4817">
     <span class='ocr_line' id='line_1_93' title="bbox 2037 4738 3626 4817; baseline -0.007 -16"><span class='ocrx_word' id='word_1_542' title='bbox 2037 4744 2307 4817; x_wconf 87' lang='lat' dir='ltr'><strong>quosdam</strong></span> <span class='ocrx_word' id='word_1_543' title='bbox 2340 4743 2496 4814; x_wconf 88' lang='lat' dir='ltr'><strong>quasi</strong></span> <span class='ocrx_word' id='word_1_544' title='bbox 2531 4743 2694 4811; x_wconf 83' lang='lat' dir='ltr'><strong>tubos</strong></span> <span class='ocrx_word' id='word_1_545' title='bbox 2723 4741 3157 4797; x_wconf 82' lang='lat' dir='ltr'><strong>evacuabantur.</strong></span> <span class='ocrx_word' id='word_1_546' title='bbox 3187 4738 3378 4808; x_wconf 86' lang='lat' dir='ltr'><strong>Neque</strong></span> <span class='ocrx_word' id='word_1_547' title='bbox 3416 4746 3626 4791; x_wconf 88' lang='lat' dir='ltr'><strong>tantum</strong></span> 
     </span>
    </p>
   </div>
   <div class='ocr_carea' id='block_1_94' title="bbox 2035 4828 3621 4900">
    <p class='ocr_par' dir='ltr' id='par_1_94' title="bbox 2035 4828 3621 4900">
     <span class='ocr_line' id='line_1_94' title="bbox 2035 4828 3621 4900; baseline -0.007 -8"><span class='ocrx_word' id='word_1_548' title='bbox 2035 4837 2153 4893; x_wconf 52' lang='lat' dir='ltr'><strong>haec</strong></span> <span class='ocrx_word' id='word_1_549' title='bbox 2177 4851 2347 4891; x_wconf 88' lang='lat' dir='ltr'><strong>ausus</strong></span> <span class='ocrx_word' id='word_1_550' title='bbox 2369 4844 2456 4890; x_wconf 89' lang='lat' dir='ltr'><strong>est</strong></span> <span class='ocrx_word' id='word_1_551' title='bbox 2487 4835 2732 4888; x_wconf 88' lang='lat' dir='ltr'><strong>imitator</strong></span> <span class='ocrx_word' id='word_1_552' title='bbox 2764 4832 2855 4888; x_wconf 90' lang='lat' dir='ltr'><strong>ille</strong></span> <span class='ocrx_word' id='word_1_553' title='bbox 2883 4832 3011 4886; x_wconf 73' lang='lat' dir='ltr'><strong>vita:</strong></span> <span class='ocrx_word' id='word_1_554' title='bbox 3033 4830 3274 4900; x_wconf 75' lang='lat' dir='ltr'><strong>porcinae</strong></span> <span class='ocrx_word' id='word_1_555' title='bbox 3304 4828 3621 4900; x_wconf 82' lang='lat' dir='ltr'><strong>designare,</strong></span> 
     </span>
    </p>
   </div>
   <div class='ocr_carea' id='block_1_95' title="bbox 2035 4921 3628 4998">
    <p class='ocr_par' dir='ltr' id='par_1_95' title="bbox 2035 4921 3628 4998">
     <span class='ocr_line' id='line_1_95' title="bbox 2035 4921 3628 4998; baseline -0.006 -12"><span class='ocrx_word' id='word_1_556' title='bbox 2035 4930 2131 4986; x_wconf 88' lang='lat' dir='ltr'><strong>sed</strong></span> <span class='ocrx_word' id='word_1_557' title='bbox 2155 4929 2317 4984; x_wconf 90' lang='lat' dir='ltr'><strong>etiam</strong></span> <span class='ocrx_word' id='word_1_558' title='bbox 2331 4927 2577 4998; x_wconf 86' lang='lat' dir='ltr'><strong>quotidie</strong></span> <span class='ocrx_word' id='word_1_559' title='bbox 2605 4926 2884 4997; x_wconf 88' lang='lat' dir='ltr'><strong>profectus</strong></span> <span class='ocrx_word' id='word_1_560' title='bbox 2909 4923 2965 4978; x_wconf 92' lang='lat' dir='ltr'><strong>in</strong></span> <span class='ocrx_word' id='word_1_561' title='bbox 2997 4921 3336 4993; x_wconf 89' lang='lat' dir='ltr'><strong>turpitudine</strong></span> <span class='ocrx_word' id='word_1_562' title='bbox 3359 4921 3628 4991; x_wconf 88' lang='lat' dir='ltr'><strong>quosdam</strong></span> 
     </span>
    </p>
   </div>
   <div class='ocr_carea' id='block_1_96' title="bbox 351 5010 3627 5087">
    <p class='ocr_par' dir='ltr' id='par_1_96' title="bbox 351 5010 3627 5087">
     <span class='ocr_line' id='line_1_96' title="bbox 351 5010 3627 5087; baseline 0.002 -26"><span class='ocrx_word' id='word_1_563' title='bbox 351 5012 470 5079; x_wconf 66' lang='lat' dir='ltr'><strong>ipse</strong></span> <span class='ocrx_word' id='word_1_564' title='bbox 506 5027 709 5067; x_wconf 88' lang='lat' dir='ltr'><strong>currus</strong></span> <span class='ocrx_word' id='word_1_565' title='bbox 736 5028 936 5068; x_wconf 87' lang='lat' dir='ltr'><strong>aureos</strong></span> <span class='ocrx_word' id='word_1_566' title='bbox 965 5010 1364 5071; x_wconf 83' lang='lat' dir='ltr'><strong>conscenderet</strong></span> <span class='ocrx_word' id='word_1_567' title='bbox 1402 5028 1468 5069; x_wconf 81' lang='lat' dir='ltr'><strong>ac</strong></span> <span class='ocrx_word' id='word_1_568' title='bbox 1492 5014 1775 5085; x_wconf 84' lang='lat' dir='ltr'><strong>quadrigis</strong></span> <span class='ocrx_word' id='word_1_569' title='bbox 1806 5014 1941 5070; x_wconf 90' lang='lat' dir='ltr'><strong>iusi-</strong></span> <span class='ocrx_word' id='word_1_570' title='bbox 1972 5020 1977 5025; x_wconf 85' lang='lat'>&#39;</span> <span class='ocrx_word' id='word_1_571' title='bbox 2032 5021 2246 5077; x_wconf 88' lang='lat' dir='ltr'><strong>faciens</strong></span> <span class='ocrx_word' id='word_1_572' title='bbox 2294 5020 2565 5074; x_wconf 80' lang='lat' dir='ltr'><strong>adversus</strong></span> <span class='ocrx_word' id='word_1_573' title='bbox 2612 5023 2969 5073; x_wconf 82' lang='lat' dir='ltr'><strong>sacrosancta</strong></span> <span class='ocrx_word' id='word_1_574' title='bbox 3016 5014 3301 5087; x_wconf 79' lang='lat' dir='ltr'><strong>mysteria,</strong></span> <span class='ocrx_word' id='word_1_575' title='bbox 3357 5013 3627 5083; x_wconf 69' lang='lat' dir='ltr'><strong>Seraphis</strong></span> 
     </span>
    </p>
   </div>
   <div class='ocr_carea' id='block_1_97' title="bbox 350 5105 1941 5178">
    <p class='ocr_par' dir='ltr' id='par_1_97' title="bbox 350 5105 1941 5178">
     <span class='ocr_line' id='line_1_97' title="bbox 350 5105 1941 5178; baseline 0.003 -19"><span class='ocrx_word' id='word_1_576' title='bbox 350 5105 530 5159; x_wconf 78' lang='lat' dir='ltr'><strong>deret.</strong></span> <span class='ocrx_word' id='word_1_577' title='bbox 566 5105 930 5161; x_wconf 82' lang='lat' dir='ltr'><strong>Pecuniarum</strong></span> <span class='ocrx_word' id='word_1_578' title='bbox 985 5107 1234 5162; x_wconf 88' lang='lat' dir='ltr'><strong>thesauri</strong></span> <span class='ocrx_word' id='word_1_579' title='bbox 1286 5107 1530 5178; x_wconf 89' lang='lat' dir='ltr'><strong>undique</strong></span> <span class='ocrx_word' id='word_1_580' title='bbox 1574 5121 1804 5177; x_wconf 90' lang='lat' dir='ltr'><strong>prorsus</strong></span> <span class='ocrx_word' id='word_1_581' title='bbox 1845 5123 1941 5163; x_wconf 81' lang='lat' dir='ltr'><strong>ex-</strong></span> 
     </span>
    </p>
   </div>
   <div class='ocr_carea' id='block_1_98' title="bbox 350 5195 1943 5271">
    <p class='ocr_par' dir='ltr' id='par_1_98' title="bbox 350 5195 1943 5271">
     <span class='ocr_line' id='line_1_98' title="bbox 350 5195 1943 5271; baseline 0.003 -22"><span class='ocrx_word' id='word_1_582' title='bbox 350 5195 777 5261; x_wconf 82' lang='lat' dir='ltr'><strong>hauriebantur,</strong></span> <span class='ocrx_word' id='word_1_583' title='bbox 792 5212 992 5267; x_wconf 86' lang='lat' dir='ltr'><strong>resque</strong></span> <span class='ocrx_word' id='word_1_584' title='bbox 1006 5198 1379 5254; x_wconf 80' lang='lat' dir='ltr'><strong>Romanorum</strong></span> <span class='ocrx_word' id='word_1_585' title='bbox 1398 5198 1455 5254; x_wconf 90' lang='lat' dir='ltr'><strong>in</strong></span> <span class='ocrx_word' id='word_1_586' title='bbox 1476 5209 1769 5271; x_wconf 85' lang='lat' dir='ltr'><strong>augustum</strong></span> <span class='ocrx_word' id='word_1_587' title='bbox 1784 5214 1943 5270; x_wconf 89' lang='lat' dir='ltr'><strong>coge-</strong></span> 
     </span>
    </p>
   </div>
   <div class='ocr_carea' id='block_1_99' title="bbox 350 5287 1938 5361">
    <p class='ocr_par' dir='ltr' id='par_1_99' title="bbox 350 5287 1938 5361">
     <span class='ocr_line' id='line_1_99' title="bbox 350 5287 1938 5361; baseline 0.002 -21"><span class='ocrx_word' id='word_1_588' title='bbox 350 5288 576 5341; x_wconf 81' lang='lat' dir='ltr'><strong>bantur.</strong></span> <span class='ocrx_word' id='word_1_589' title='bbox 606 5287 830 5343; x_wconf 89' lang='lat' dir='ltr'><strong>lnterim</strong></span> <span class='ocrx_word' id='word_1_590' title='bbox 860 5287 1180 5345; x_wconf 84' lang='lat' dir='ltr'><strong>adulatores</strong></span> <span class='ocrx_word' id='word_1_591' title='bbox 1223 5289 1279 5344; x_wconf 90' lang='lat' dir='ltr'><strong>in</strong></span> <span class='ocrx_word' id='word_1_592' title='bbox 1307 5289 1546 5345; x_wconf 78' lang='lat' dir='ltr'><strong>maxima</strong></span> <span class='ocrx_word' id='word_1_593' title='bbox 1575 5289 1938 5361; x_wconf 85' lang='lat' dir='ltr'><strong>pecuniarum</strong></span> 
     </span>
    </p>
   </div>
   <div class='ocr_carea' id='block_1_100' title="bbox 349 5377 1941 5450">
    <p class='ocr_par' dir='ltr' id='par_1_100' title="bbox 349 5377 1941 5450">
     <span class='ocr_line' id='line_1_100' title="bbox 349 5377 1941 5450; baseline 0.004 -19"><span class='ocrx_word' id='word_1_594' title='bbox 349 5377 691 5437; x_wconf 83' lang='lat' dir='ltr'><strong>abundantia</strong></span> <span class='ocrx_word' id='word_1_595' title='bbox 707 5378 952 5450; x_wconf 82' lang='lat' dir='ltr'><strong>jucunde</strong></span> <span class='ocrx_word' id='word_1_596' title='bbox 963 5380 1241 5447; x_wconf 82' lang='lat' dir='ltr'><strong>vivebant,</strong></span> <span class='ocrx_word' id='word_1_597' title='bbox 1261 5380 1450 5436; x_wconf 89' lang='lat' dir='ltr'><strong>amicti</strong></span> <span class='ocrx_word' id='word_1_598' title='bbox 1475 5382 1678 5439; x_wconf 89' lang='lat' dir='ltr'><strong>tunicis</strong></span> <span class='ocrx_word' id='word_1_599' title='bbox 1689 5380 1941 5438; x_wconf 88' lang='lat' dir='ltr'><strong>delicatis</strong></span> 
     </span>
    </p>
   </div>
   <div class='ocr_carea' id='block_1_101' title="bbox 349 5470 1941 5541">
    <p class='ocr_par' dir='ltr' id='par_1_101' title="bbox 349 5470 1941 5541">
     <span class='ocr_line' id='line_1_101' title="bbox 349 5470 1941 5541; baseline 0.003 -16"><span class='ocrx_word' id='word_1_600' title='bbox 349 5479 405 5525; x_wconf 88' lang='lat' dir='ltr'><strong>et</strong></span> <span class='ocrx_word' id='word_1_601' title='bbox 438 5470 614 5541; x_wconf 89' lang='lat' dir='ltr'><strong>peplis</strong></span> <span class='ocrx_word' id='word_1_602' title='bbox 643 5486 781 5528; x_wconf 87' lang='lat' dir='ltr'><strong>auro</strong></span> <span class='ocrx_word' id='word_1_603' title='bbox 828 5470 1178 5527; x_wconf 78' lang='lat' dir='ltr'><strong>iutertcxtis:</strong></span> <span class='ocrx_word' id='word_1_604' title='bbox 1209 5472 1350 5528; x_wconf 89' lang='lat' dir='ltr'><strong>adeo</strong></span> <span class='ocrx_word' id='word_1_605' title='bbox 1398 5474 1752 5528; x_wconf 86' lang='lat' dir='ltr'><strong>temulentam</strong></span> <span class='ocrx_word' id='word_1_606' title='bbox 1802 5474 1941 5529; x_wconf 90' lang='lat' dir='ltr'><strong>mol-</strong></span> 
     </span>
    </p>
   </div>
   <div class='ocr_carea' id='block_1_102' title="bbox 352 5561 1938 5637">
    <p class='ocr_par' dir='ltr' id='par_1_102' title="bbox 352 5561 1938 5637">
     <span class='ocr_line' id='line_1_102' title="bbox 352 5561 1938 5637; baseline 0.003 -21"><span class='ocrx_word' id='word_1_607' title='bbox 352 5561 571 5632; x_wconf 78' lang='lat' dir='ltr'><strong>lemque</strong></span> <span class='ocrx_word' id='word_1_608' title='bbox 597 5563 768 5619; x_wconf 84' lang='lat' dir='ltr'><strong>vitam</strong></span> <span class='ocrx_word' id='word_1_609' title='bbox 800 5561 1098 5619; x_wconf 78' lang='lat' dir='ltr'><strong>llicbaelus</strong></span> <span class='ocrx_word' id='word_1_610' title='bbox 1118 5564 1335 5636; x_wconf 88' lang='lat' dir='ltr'><strong>agebat.</strong></span> <span class='ocrx_word' id='word_1_611' title='bbox 1360 5564 1763 5637; x_wconf 87' lang='lat' dir='ltr'><strong>Nonnunquam</strong></span> <span class='ocrx_word' id='word_1_612' title='bbox 1788 5565 1938 5622; x_wconf 89' lang='lat' dir='ltr'><strong>nulla</strong></span> 
     </span>
    </p>
   </div>
   <div class='ocr_carea' id='block_1_103' title="bbox 2035 5106 3626 5184">
    <p class='ocr_par' dir='ltr' id='par_1_103' title="bbox 2035 5106 3626 5184">
     <span class='ocr_line' id='line_1_103' title="bbox 2035 5106 3626 5184; baseline -0.007 -14"><span class='ocrx_word' id='word_1_613' title='bbox 2035 5114 2173 5184; x_wconf 89' lang='lat' dir='ltr'><strong>ipsis</strong></span> <span class='ocrx_word' id='word_1_614' title='bbox 2213 5109 2577 5176; x_wconf 83' lang='lat' dir='ltr'><strong>venerabilia,</strong></span> <span class='ocrx_word' id='word_1_615' title='bbox 2615 5110 2701 5165; x_wconf 80' lang='lat' dir='ltr'><strong>vir</strong></span> <span class='ocrx_word' id='word_1_616' title='bbox 2740 5109 3117 5179; x_wconf 88' lang='lat' dir='ltr'><strong>nequissimus</strong></span> <span class='ocrx_word' id='word_1_617' title='bbox 3158 5106 3626 5162; x_wconf 88' lang='lat' dir='ltr'><strong>debacchabatur.</strong></span> 
     </span>
    </p>
   </div>
   <div class='ocr_carea' id='block_1_104' title="bbox 2034 5198 3626 5275">
    <p class='ocr_par' dir='ltr' id='par_1_104' title="bbox 2034 5198 3626 5275">
     <span class='ocr_line' id='line_1_104' title="bbox 2034 5198 3626 5275; baseline -0.004 -17"><span class='ocrx_word' id='word_1_618' title='bbox 2034 5205 2247 5275; x_wconf 83' lang='lat' dir='ltr'><strong>Quippe</strong></span> <span class='ocrx_word' id='word_1_619' title='bbox 2275 5217 2459 5258; x_wconf 84' lang='lat' dir='ltr'><strong>acrem</strong></span> <span class='ocrx_word' id='word_1_620' title='bbox 2485 5201 2663 5272; x_wconf 90' lang='lat' dir='ltr'><strong>sinapi</strong></span> <span class='ocrx_word' id='word_1_621' title='bbox 2690 5216 2916 5257; x_wconf 86' lang='lat' dir='ltr'><strong>succum</strong></span> <span class='ocrx_word' id='word_1_622' title='bbox 2943 5199 2998 5254; x_wconf 90' lang='lat' dir='ltr'><strong>in</strong></span> <span class='ocrx_word' id='word_1_623' title='bbox 3049 5211 3321 5256; x_wconf 87' lang='lat' dir='ltr'><strong>craterem</strong></span> <span class='ocrx_word' id='word_1_624' title='bbox 3366 5198 3626 5262; x_wconf 85' lang='lat' dir='ltr'><strong>fundens,</strong></span> 
     </span>
    </p>
   </div>
   <div class='ocr_carea' id='block_1_105' title="bbox 2036 5290 3630 5361">
    <p class='ocr_par' dir='ltr' id='par_1_105' title="bbox 2036 5290 3630 5361">
     <span class='ocr_line' id='line_1_105' title="bbox 2036 5290 3630 5361; baseline -0.004 -11"><span class='ocrx_word' id='word_1_625' title='bbox 2036 5308 2253 5350; x_wconf 90' lang='lat' dir='ltr'><strong>sacrum</strong></span> <span class='ocrx_word' id='word_1_626' title='bbox 2297 5293 2432 5348; x_wconf 89' lang='lat' dir='ltr'><strong>illud</strong></span> <span class='ocrx_word' id='word_1_627' title='bbox 2465 5291 2816 5347; x_wconf 86' lang='lat' dir='ltr'><strong>formidabile</strong></span> <span class='ocrx_word' id='word_1_628' title='bbox 2843 5290 3297 5361; x_wconf 70' lang='lat' dir='ltr'><strong>repraasentabat,</strong></span> <span class='ocrx_word' id='word_1_629' title='bbox 3325 5290 3544 5353; x_wconf 88' lang='lat' dir='ltr'><strong>ludens,</strong></span> <span class='ocrx_word' id='word_1_630' title='bbox 3571 5300 3630 5344; x_wconf 89' lang='lat' dir='ltr'><strong>ut</strong></span> 
     </span>
    </p>
   </div>
   <div class='ocr_carea' id='block_1_106' title="bbox 2036 5379 3630 5451">
    <p class='ocr_par' dir='ltr' id='par_1_106' title="bbox 2036 5379 3630 5451">
     <span class='ocr_line' id='line_1_106' title="bbox 2036 5379 3630 5451; baseline -0.002 -15"><span class='ocrx_word' id='word_1_631' title='bbox 2036 5380 2145 5436; x_wconf 90' lang='lat' dir='ltr'><strong>dici</strong></span> <span class='ocrx_word' id='word_1_632' title='bbox 2186 5381 2346 5445; x_wconf 87' lang='lat' dir='ltr'><strong>solet,</strong></span> <span class='ocrx_word' id='word_1_633' title='bbox 2374 5380 2430 5435; x_wconf 90' lang='lat' dir='ltr'><strong>in</strong></span> <span class='ocrx_word' id='word_1_634' title='bbox 2467 5380 2536 5435; x_wconf 90' lang='lat' dir='ltr'><strong>iis</strong></span> <span class='ocrx_word' id='word_1_635' title='bbox 2561 5396 2683 5450; x_wconf 83' lang='lat' dir='ltr'><strong>quae</strong></span> <span class='ocrx_word' id='word_1_636' title='bbox 2715 5379 2909 5435; x_wconf 87' lang='lat' dir='ltr'><strong>ludum</strong></span> <span class='ocrx_word' id='word_1_637' title='bbox 2948 5381 3252 5451; x_wconf 89' lang='lat' dir='ltr'><strong>jocumque</strong></span> <span class='ocrx_word' id='word_1_638' title='bbox 3279 5396 3391 5435; x_wconf 89' lang='lat' dir='ltr'><strong>non</strong></span> <span class='ocrx_word' id='word_1_639' title='bbox 3431 5380 3630 5435; x_wconf 89' lang='lat' dir='ltr'><strong>admit-</strong></span> 
     </span>
    </p>
   </div>
   <div class='ocr_carea' id='block_1_107' title="bbox 2042 5471 3132 5535">
    <p class='ocr_par' dir='ltr' id='par_1_107' title="bbox 2042 5471 3132 5535">
     <span class='ocr_line' id='line_1_107' title="bbox 2042 5471 3132 5535; baseline -0.001 -6"><span class='ocrx_word' id='word_1_640' title='bbox 2042 5482 2185 5535; x_wconf 86' lang='lat' dir='ltr'><strong>tunt,</strong></span> <span class='ocrx_word' id='word_1_641' title='bbox 2217 5479 2273 5527; x_wconf 88' lang='lat' dir='ltr'><strong>et</strong></span> <span class='ocrx_word' id='word_1_642' title='bbox 2303 5472 2490 5528; x_wconf 84' lang='lat' dir='ltr'><strong>ridens</strong></span> <span class='ocrx_word' id='word_1_643' title='bbox 2511 5473 2568 5527; x_wconf 92' lang='lat' dir='ltr'><strong>in</strong></span> <span class='ocrx_word' id='word_1_644' title='bbox 2600 5473 2828 5528; x_wconf 91' lang='lat' dir='ltr'><strong>minime</strong></span> <span class='ocrx_word' id='word_1_645' title='bbox 2856 5471 3132 5528; x_wconf 89' lang='lat' dir='ltr'><strong>ridiculis.</strong></span> 
     </span>
    </p>
   </div>
   <div class='ocr_carea' id='block_1_108' title="bbox 2110 5565 3624 5634">
    <p class='ocr_par' dir='ltr' id='par_1_108' title="bbox 2110 5565 3624 5634">
     <span class='ocr_line' id='line_1_108' title="bbox 2110 5565 3624 5634; baseline -0.001 -13"><span class='ocrx_word' id='word_1_646' title='bbox 2110 5566 2190 5621; x_wconf 88' lang='lat' dir='ltr'><strong>Ita</strong></span> <span class='ocrx_word' id='word_1_647' title='bbox 2234 5566 2511 5624; x_wconf 81' lang='lat' dir='ltr'><strong>viventem</strong></span> <span class='ocrx_word' id='word_1_648' title='bbox 2560 5568 2889 5626; x_wconf 79' lang='lat' dir='ltr'><strong>Michaelum</strong></span> <span class='ocrx_word' id='word_1_649' title='bbox 2921 5577 3100 5626; x_wconf 84' lang='lat' dir='ltr'><strong>mater</strong></span> <span class='ocrx_word' id='word_1_650' title='bbox 3125 5569 3340 5633; x_wconf 75' lang='lat' dir='ltr'><strong>videns,</strong></span> <span class='ocrx_word' id='word_1_651' title='bbox 3370 5575 3425 5621; x_wconf 90' lang='lat' dir='ltr'><strong>et</strong></span> <span class='ocrx_word' id='word_1_652' title='bbox 3454 5565 3624 5634; x_wconf 80' lang='lat' dir='ltr'><strong>impc-</strong></span> 
     </span>
    </p>
   </div>
   <div class='ocr_carea' id='block_1_109' title="bbox 1709 5722 2289 5786">
    <p class='ocr_par' dir='ltr' id='par_1_109' title="bbox 1709 5722 2289 5786">
     <span class='ocr_line' id='line_1_109' title="bbox 1709 5722 2289 5786; baseline -0.002 -3"><span class='ocrx_word' id='word_1_653' title='bbox 1709 5722 1916 5786; x_wconf 74' lang='lat' dir='ltr'><strong>Varite</strong></span> <span class='ocrx_word' id='word_1_654' title='bbox 1952 5722 2289 5785; x_wconf 82' lang='lat' dir='ltr'><strong>lectiones.</strong></span> 
     </span>
    </p>
   </div>
   <div class='ocr_carea' id='block_1_110' title="bbox 442 5882 2338 5960">
    <p class='ocr_par' dir='ltr' id='par_1_110' title="bbox 442 5882 2338 5960">
     <span class='ocr_line' id='line_1_110' title="bbox 442 5882 2338 5960; baseline 0.002 -18"><span class='ocrx_word' id='word_1_655' title='bbox 442 5882 487 5919; x_wconf 85' lang='grc'><strong>³⁸</strong></span> <span class='ocrx_word' id='word_1_656' title='bbox 514 5887 797 5958; x_wconf 74' lang='grc' dir='ltr'>ἐπιχήσεις</span> <span class='ocrx_word' id='word_1_657' title='bbox 829 5886 894 5937; x_wconf 82' lang='grc' dir='ltr'>Δ.</span> <span class='ocrx_word' id='word_1_658' title='bbox 971 5884 1013 5918; x_wconf 77' lang='grc'><strong>³⁸</strong></span> <span class='ocrx_word' id='word_1_659' title='bbox 1044 5885 1301 5958; x_wconf 79' lang='grc' dir='ltr'>λιγυσμοὶ</span> <span class='ocrx_word' id='word_1_660' title='bbox 1322 5885 1437 5944; x_wconf 71' lang='lat' dir='ltr'><strong>Ali.</strong></span> <span class='ocrx_word' id='word_1_661' title='bbox 1513 5886 1559 5921; x_wconf 67' lang='grc' dir='ltr'><strong>⁸ο</strong></span> <span class='ocrx_word' id='word_1_662' title='bbox 1587 5889 1856 5959; x_wconf 85' lang='grc' dir='ltr'>χιτωνίοις</span> <span class='ocrx_word' id='word_1_663' title='bbox 1880 5900 1944 5946; x_wconf 85' lang='grc' dir='ltr'>Α.</span> <span class='ocrx_word' id='word_1_664' title='bbox 2025 5891 2064 5923; x_wconf 62' lang='grc' dir='ltr'>δ’</span> <span class='ocrx_word' id='word_1_665' title='bbox 2112 5890 2232 5960; x_wconf 76' lang='grc' dir='ltr'>βίας</span> <span class='ocrx_word' id='word_1_666' title='bbox 2275 5890 2338 5945; x_wconf 73' lang='lat' dir='ltr'><strong>ll.</strong></span> 
     </span>
    </p>
   </div>
   <div class='ocr_carea' id='block_1_111' title="bbox 2447 5884 3343 5961">
    <p class='ocr_par' dir='ltr' id='par_1_111' title="bbox 2447 5884 3343 5961">
     <span class='ocr_line' id='line_1_111' title="bbox 2447 5884 3343 5961; baseline 0 -20"><span class='ocrx_word' id='word_1_667' title='bbox 2447 5893 2490 5925; x_wconf 67' lang='grc' dir='ltr'>δ’</span> <span class='ocrx_word' id='word_1_668' title='bbox 2517 5893 2682 5961; x_wconf 68' lang='grc' dir='ltr'>φησὶν</span> <span class='ocrx_word' id='word_1_669' title='bbox 2717 5894 2781 5947; x_wconf 89' lang='grc' dir='ltr'>Λ.</span> <span class='ocrx_word' id='word_1_670' title='bbox 2857 5891 2903 5923; x_wconf 67' lang='grc'>⁸³</span> <span class='ocrx_word' id='word_1_671' title='bbox 2936 5888 3224 5959; x_wconf 63' lang='grc' dir='ltr'>γενόμινον</span> <span class='ocrx_word' id='word_1_672' title='bbox 3251 5884 3343 5942; x_wconf 73' lang='grc' dir='ltr'><strong>ΔΒ</strong></span> 
     </span>
    </p>
   </div>
  </div>
