4072 6418
477 541 620 595 Ἀλλ’
641 535 710 611 ἦν
732 540 793 593 τὸ
832 539 895 611 δὴ
922 538 1211 608 λεγόμενον
1237 538 1416 611 νεκρῷ
1453 537 1879 609 προσομιλοῦσα,

469 632 627 703 Παρὰ
648 631 815 699 κωφῷ
842 630 1191 700 ψαλάττουσα
1222 630 1350 692 τοὺς
1385 630 1858 701 παραινετηρίους.

467 720 574 776 Ἦν
597 724 649 775 δὲ
677 722 1050 793 μητράδελφος
1081 720 1228 790 αὐτῷ
1248 721 1458 792 Βάρδας
1483 719 1893 790 ὠνομασμένος,

472 814 791 883 Ἀνθρωπος
829 815 1236 884 κακομήχανος,
1267 814 1415 881 ἄγων
1430 814 1522 865 καὶ
1554 814 1802 884 στρέφων
1832 810 2033 874 πάντα,

473 908 567 968 Ὃς
589 904 834 958 ὑπελθὼν
869 904 958 957 τὸν
984 904 1208 975 Μιχαὴλ
1256 903 1330 966 ὡς
1380 903 1596 973 σκώληξ
1650 902 1822 969 γλυκὺ
1854 901 2033 966 ξύλον,

468 992 818 1062 Καταφαγών
861 1011 920 1047 τε
946 994 1043 1063 τὴν
1082 991 1247 1047 αὐτοῦ
1295 992 1523 1062 καρδίαν
1573 992 1667 1044 καὶ
1730 990 2035 1061 συσσήψας,

468 1082 653 1135 Πείθει
674 1082 772 1153 τὴν
798 1083 897 1152 μὲν
936 1083 1257 1151 βασίλισσαν
1281 1082 1474 1135 ἐλάσαι
1517 1078 1801 1150 Θεοδώραν

467 1175 578 1228 Kal.
606 1175 702 1245 τὴν
727 1174 995 1227 τεκοῦσαν
1018 1175 1295 1228 ἔκπτωτον
1321 1172 1509 1226 θέσθαι
1562 1172 1671 1225 τῶν
1726 1170 2033 1241 βασιλείων,

469 1266 726 1335 Στεφάνῳ
754 1264 809 1317 δὲ
832 1264 925 1317 τοῦ
957 1266 1232 1333 Καίσαρος
1249 1263 1409 1317 αὐτὸν
1437 1263 1821 1331 κιτατλαϊσαι.

475 1359 721 1427 Ἔρημον
746 1356 838 1411 οὖν
865 1355 1196 1427 παραλαϐὼν
1220 1356 1308 1411 τὸν
1334 1356 1517 1411 ἄθλιον
1544 1358 1752 1411 ἐκεῖνον

471 1449 606 1512 Καὶ,
631 1448 691 1500 τὸ
712 1445 1166 1520 περιφερόμενον,
1192 1448 1502 1516 ἐκκόψαντα
1521 1449 1619 1520 τὴν
1640 1453 1797 1521 χεῖρα

470 1536 584 1608 Τὴν
600 1538 778 1604 δεξιάν
808 1541 1073 1609 ἀριστερᾷ
1095 1540 1236 1593 κατὰ
1256 1542 1381 1603 τοὺς
1434 1543 1819 1612 μαινομένους,

472 1630 692 1684 Μᾶλλον
718 1631 762 1683 δ’
786 1632 977 1696 εἰπεῖν,
1002 1633 1346 1701 ἀπάλαμνον,
1368 1634 1561 1703 ἄχειρα
1594 1635 1873 1701 γεγονότα,

472 1721 545 1772 Ἢ
583 1719 724 1772 κατὰ
745 1720 805 1773 τὸ
840 1720 1205 1792 μυθούργημα
1235 1722 1335 1792 τῆς
1365 1724 1675 1789 Δίσωπείας
1698 1723 1865 1794 λύρας

471 1810 774 1880 Προϐάτιον
812 1813 892 1873 είς
919 1813 1105 1865 ἄνοιαν
1131 1814 1451 1883 αὐτόχρημα
1477 1814 1734 1882 φανέντα,

471 1901 582 1953 Καὶ
605 1902 775 1966 κύνας
805 1903 1152 1956 ἀπελάσαντα
1185 1908 1249 1975 τῇ
1279 1906 1559 1975 συμϐουλῇ
1590 1906 1683 1958 τοῦ
1707 1904 1897 1968 λύκου,

471 1990 546 2042 Τὸ
576 1990 770 2061 κράτος
805 1994 869 2045 ἐκ
902 1992 993 2044 τοῦ
1024 1993 1288 2062 κράτορος
1318 1995 1398 2056 είς
1427 1995 1619 2047 ἑαυτὸν
1650 1994 1905 2064 μεθεῖλκε

472 2082 581 2133 Καὶ
603 2084 709 2135 πᾶν
744 2085 918 2136 ἐποίει
968 2083 1228 2154 βουλητὸν
1260 2085 1307 2116 ’⁵⁵
1347 2082 1605 2157 ἄντικρυς
1655 2087 1730 2149 ὠς
1784 2083 2042 2150 αύτάναξ.

471 2173 548 2225 Οὐ
581 2173 687 2243 μὴν
711 2173 823 2226 ἀλλ’
850 2175 1201 2228 ἐκκεκύλιστο
1231 2175 1275 2207 ⁸⁸
1306 2178 1400 2231 καὶ
1427 2178 1564 2245 πρὸς
1594 2176 1943 2246 παρανομίαν

473 2263 605 2315 Οἶαν
636 2266 697 2316 οὐ
731 2265 942 2335 Σκύθης
969 2267 1246 2338 δέδρακεν,
1271 2267 1331 2320 οὐ
1372 2268 1609 2339 Πέρσης,
1641 2269 1703 2321 ού
1727 2268 2045 2340 Σαρμάτης,

474 2353 604 2406 Υίοῦ
640 2357 862 2427 γνησίου
885 2362 1097 2429 γαμετῇ
1129 2359 1253 2428 (φεῦ
1278 2356 1579 2415 ἀκολάστου
1619 2359 1842 2432 γνώμης
1864 2359 1904 2430 l)

473 2445 818 2515 Μιγνύμενος
841 2449 1141 2516 ἀναφανδὸν
1174 2451 1248 2514 ὡς
1284 2451 1477 2505 ἑαυτοῦ
1509 2451 1841 2523 συλλέκτρῳ.

478 2538 717 2591 ’Ἤκουσε
757 2539 914 2593 τοῦτο
931 2543 991 2594 τὸ
1010 2542 1181 2596 δεινὸν
1219 2542 1473 2612 Ἰγνάτιος
1499 2546 1527 2598 ὁ
1569 2545 1761 2615 μέγας,

486 2625 547 2679 'U
567 2628 864 2697 τηνικαῦτα
901 2633 1179 2704 κυϐερνῶν
1199 2634 1297 2706 τὴν
1320 2635 1565 2706 βασιλίδα
1590 2636 1741 2689 πόλιν
1756 2636 1800 2668 ⁸⁸
1819 2652 1834 2668 ο

474 2712 585 2771 Ἦν
614 2719 718 2788 γὰρ
746 2722 1202 2793 περιλαλούμενον
1236 2725 1293 2777 ἐν
1317 2726 1556 2794 ἀγυιαῖς,
1598 2729 1657 2780 ἐν
1690 2727 1882 2793 οῐκοις,

477 2809 588 2861 Kal
612 2812 827 2865 πάντων
858 2814 1179 2885 περιέτρεχε
1210 2816 1307 2880 τὰς
1334 2819 1505 2883 ἀκοάς
1537 2820 1598 2873 τὸ
1631 2821 1822 2891 μύσος.

479 2902 590 2955 Καὶ
627 2904 807 2959 τοίνυν
860 2907 1193 2980 ἐσωφρόνιζε
1239 2910 1331 2965 τὸν
1370 2912 1628 2983 Καίσαρα
1692 2915 1785 2968 τὸν
1838 2916 2051 2986 Βάρδαν

477 3138 717 3186 ratorum
751 3132 1058 3187 Romanum
1082 3133 1287 3190 factum
1312 3151 1433 3192 esse
1462 3138 1733 3193 ludicrum
1757 3184 1770 3204 ,
1806 3145 1934 3198 totis
1968 3146 2053 3198 vi-

480 3224 732 3278 sceribus
772 3234 829 3278 et
864 3226 1050 3279 animo
1087 3229 1561 3293 commovebatur,
1596 3247 1832 3302 eumque
1879 3238 2061 3292 verbis
2087 3215 2131 3273 (ἶ

480 3314 806 3384 castigabat,
833 3316 1168 3384 corrigebat,
1202 3317 1725 3377 exhortabatur.8ed
1755 3326 1901 3393 quod
1935 3342 2057 3395 pro.

480 3406 676 3461 verbio
703 3405 928 3471 dicitur,
944 3422 1077 3460 cum
1106 3417 1326 3463 mortuo
1360 3410 1777 3480 colloquehatur
1799 3423 1854 3469 et
1882 3416 2068 3475 admo-

480 3495 728 3552 nitiones
778 3496 926 3565 apud
977 3498 1203 3552 surdum
1250 3499 1592 3556 cantillabat.
1634 3503 1764 3559 Erat
1801 3505 2066 3563 Michaelo

483 3587 691 3642 Bardas
708 3588 1015 3643 avunculus
1044 3591 1138 3658 qui
1163 3600 1431 3660 occupato
1461 3591 1704 3651 Michaeli
1726 3596 1930 3660 animo,
1955 3612 2065 3654 non

484 3678 648 3732 aliter
678 3689 844 3745 atque
878 3679 1085 3735 vermis
1119 3680 1174 3733 in
1200 3679 1361 3737 dulce
1389 3682 1600 3750 lignum
1643 3687 1836 3755 irrepit
1855 3729 1871 3751 ,
1901 3689 2066 3745 homo

484 3768 702 3825 scilicet
741 3769 1148 3837 fraudulentus,
1180 3788 1402 3827 sursum
1425 3775 1685 3830 deorsum
1719 3792 1919 3835 cuncta
1951 3786 2067 3837 vol-

486 3859 649 3915 vebat
675 3869 733 3917 et
760 3862 869 3933 iam
898 3862 1150 3918 Michaeli
1180 3879 1279 3918 cor
1307 3866 1586 3921 exederat.
1643 3868 1801 3941 10‘
1826 3870 1923 3929 Hic
1949 3883 2067 3929 tan-

482 3950 613 4005 dem
654 3954 703 4007 ei
740 3954 1040 4033 persuadet
1070 3963 1130 4009 ut
1164 3955 1575 4024 imperatricem
1619 3958 1967 4017 Theodoram
1998 3978 2064 4021 ex

482 4042 614 4098 aula
683 4044 918 4114 ejiceret
960 4062 1026 4101 ac
1061 4060 1123 4102 se
1159 4045 1428 4102 Caesarem
1470 4058 1710 4105 crearet.
1753 4051 1871 4109 Hoc
1902 4055 2067 4111 modo

483 4133 753 4190 miserum
777 4137 932 4192 illum
957 4137 1137 4193 solum
1170 4138 1564 4209 desertumque
1591 4151 1806 4209 nactus,
1838 4146 2063 4216 quique,

481 4240 592 4279 ceu
635 4227 797 4297 vulgo
854 4227 963 4283 dici
1020 4228 1329 4293 consuevit,
1388 4229 1676 4286 hominum
1732 4234 2066 4293 furiosorum

490 4330 645 4370 more
679 4318 903 4373 sinistra
931 4318 1213 4373 dexteram
1242 4334 1464 4375 manum
1490 4322 1825 4391 absciderat,
1857 4327 1942 4382 vel
1978 4343 2070 4396 po-

1630 422 2136 488 CONSTANTINI
2175 419 2555 482 MANASSIS

2060 532 2110 594 Α
2138 532 2353 598 Λόγοις,
2371 529 2685 599 φοϐήτροις,
2703 524 2956 589 ἀπειλαῖς
2971 524 3082 577 τῶν
3102 524 3410 593 μελλουσῶν
3429 525 3702 595 βασάνων,

2708 315 2740 325 -ρ

3596 414 3700 481 412

2150 621 2510 688 Ἑπὲπληττε,
2533 617 2886 688 κατήρτιζεν,
2911 615 3161 686 ἤλεγχεν,
3203 615 3490 679 ἐνουθέτει,

2137 712 2326 765 Πάπαν
2354 709 2522 764 ἐκίνει
2543 709 2791 780 μηχανὴν
2818 709 2898 770 είς
2931 708 3173 778 ἐκκοπὴν
3208 706 3301 759 τοῦ
3329 707 3555 770 πάθους.

2149 802 2292 854 Ἀλλ’
2317 797 2385 872 ἦν
2418 803 2474 852 ἐν
2506 801 2672 852 πᾶσιν
2700 798 2742 829 ⁸⁷
2772 798 2975 868 ἀληθὴς
3002 799 3035 867 ἡ
3076 798 3421 867 Σολομῶντος
3471 797 3632 869 λύρα,

2149 893 2425 964 Ἐλέγχειν
2450 892 2839 962 ἀποτρέπουσα
2855 891 2980 953 τοὺς
3027 889 3581 957 κακογνωμονοῦντας
3608 890 3655 923 ⁸⁸
3687 906 3704 922 ·

2142 985 2391 1053 Ἔλεγχοι
2421 982 2529 1052 γὰρ
2554 984 2629 1044 ὼς
2654 980 2924 1053 μώλωπες
2949 980 3059 1032 είσι
3082 982 3197 1042 τοῖς
3223 979 3467 1039 ἀσεϐέσι.

2128 1072 2248 1129 Kal.
2265 1074 2591 1143 πλήττουσιν
2608 1072 2682 1135 ὡς
2701 1071 2938 1141 βέλεμνα
2955 1069 3052 1133 τὰς
3074 1069 3449 1139 φαυλουργοῦς
3463 1068 3710 1138 καρδίας.

2152 1166 2210 1219 '0
2242 1167 2457 1235 Καῖσαρ
2479 1164 2585 1235 γὰρ
2608 1160 2997 1233 ἐκπικρανθεὶς
3025 1164 3135 1224 τοῖς
3158 1161 3564 1231 ὀνειδιστηρίοις

2150 1256 2418 1327 Ῥήμασιν
2440 1249 2519 1319 οἷς
2551 1253 2861 1326 ἐπέπληκτο
2892 1254 3046 1323 παρὰ
3068 1252 3162 1305 τοῦ
3193 1252 3473 1322 θεοφόρου,

2142 1349 2216 1401 Ού
2250 1348 2411 1416 μόνον
2430 1348 2529 1400 ούκ
2553 1347 2833 1416 ἐφρόντιζε
2865 1346 2974 1399 τῶν
2999 1344 3462 1415 παραινετηρίων,

2140 1439 2301 1492 Ἀλλά
2334 1438 2426 1492 καὶ
2448 1439 2602 1491 κότον
2631 1437 2823 1505 ἔτρεφε
2850 1437 2990 1490 κατά
3017 1435 3113 1490 τοῦ
3140 1434 3534 1504 παραινοῦντος

2144 1528 2366 1596 Ὅμοιον
2400 1527 2541 1596 δρῶν
2572 1526 2646 1589 ὡς
2668 1526 2721 1579 ετ
2738 1543 2880 1589 τινες
2914 1524 3125 1597 ἰχώρων
3147 1524 3523 1597 πεπλησμένοι

2142 1616 2537 1681 Νοσοκομοῖντο
2562 1616 2696 1682 πρός
2724 1632 2889 1678 τινος,
2929 1616 2977 1666 οί
3002 1613 3045 1666 δ’
3072 1594 3504 1666 άποδυσπετοῖειῖ

2144 1708 2471 1777 Καὶξμᾶλλον
2498 1707 2860 1774 ἀγριαίνοιντο
2885 1704 3018 1776 πρὸς
3043 1704 3133 1758 τὸν
3162 1702 3574 1773 εὐεργετοῦντα.

2150 1797 2343 1848 Ἰοῖνθεν
2372 1815 2451 1849 τοι
2486 1796 2694 1865 Βάρδας
2726 1794 3039 1864 προσελθών
3082 1812 3213 1848 ποτε
3239 1797 3352 1858 τοῖς
3394 1795 3716 1864 μυστηρίοις

2074 1857 2119 1917 Β
2150 1890 2257 1942 Kal
2288 1887 2361 1957 μὴ
2385 1886 2562 1957 τυχὼν
2588 1886 2683 1954 τῆς
2712 1887 2921 1956 δωρεᾶς
2957 1886 3173 1957 ἐκείνης
3195 1886 3298 1957 τῆς
3332 1885 3518 1939 ἐνθέου

2150 1984 2246 2056 (ού
2271 1983 2377 2055 γὰρ
2400 1983 2710 2036 πιστεύεται
2738 1984 2942 2052 σαπρον
2969 1983 3135 2052 ἄγγος
3151 1981 3359 2052 εὔοσμα
3378 1982 3575 2052 μύρα),

2151 2077 2260 2131 Kal
2290 2078 2425 2147 πρὸς
2474 2076 2643 2146 θυμὸν
2688 2076 3031 2145 ἐκπυρωθεὶς
3081 2076 3158 2137 ὡς
3216 2074 3354 2128 λέων
3401 2074 3722 2145 ἐριϐρύχης,

2162 2170 2247 2230 Ὠς
2270 2168 2533 2237 πάρδαλις
2565 2166 2856 2235 ἐφάλλεται
2906 2166 3142 2237 ραγδαία
3176 2166 3253 2236 τῷ
3281 2166 3497 2235 δικαίῳ,

2152 2259 2261 2314 Kal.
2293 2260 2521 2329 ῥήγνυσι
2553 2259 2646 2312 καὶ
2671 2260 2927 2328 κατασπᾷ
2948 2258 3047 2326 τῆς
3079 2256 3487 2326 πηδαλιουχίας,

2163 2351 2486 2420 ’Λντεφιστᾷ
2502 2350 2557 2402 δέ
2578 2347 2779 2402 Φώτιον
2815 2348 2939 2416 (φεῦ
2969 2347 3092 2401 ἀντὶ
3114 2347 3257 2410 τίνος
3275 2349 3425 2401 ποῖον
3448 2346 3511 2415 ί).

2168 2444 2450 2499 Ἐντεῦθεν
2487 2442 2872 2507 ἐπεπάφλασεν
2895 2440 3044 2512 ἅλμη
3070 2438 3446 2511 πειρατηρίων

2153 2538 2258 2589 Τὸν
2297 2537 2440 2608 ἱερὸν
2489 2535 2748 2603 Ἰγνάτιον
2781 2531 3009 2587 ποντοῦν
3046 2529 3446 2601 φιλονεικοῦσα.

2167 2629 2226 2681 '0
2251 2630 2468 2697 Καῖσαρ
2497 2627 2604 2695 γὰρ
2632 2625 2868 2694 ἐφύσησε
2895 2624 3095 2694 βορρᾶς
3145 2622 3216 2686 ὡς
3252 2620 3547 2692 βαρυϐόας,

2166 2720 2255 2783 Ὠς
2278 2717 2614 2786 εύροκλύδων
2631 2714 2939 2785 ἀγριος,ὡς
2960 2713 3226 2774 δύσπνους
3261 2712 3595 2783 ἀπαρκτίας,

2154 2811 2264 2864 Kal.
2295 2808 2553 2871 λαίλαπες
2582 2807 2893 2878 ἠγέρθησαν
2922 2804 3211 2876 βαρύθροοι
3244 2804 3338 2858 καὶ
3369 2804 3551 2869 (aut.

2166 2900 2328 2957 Ἀλλὰ
2348 2900 2456 2973 γὰρ
2484 2898 2566 2964 τίς
2596 2897 2877 2970 δυνήσεται
2911 2895 2976 2952 τὰ
3007 2894 3151 2967 πάθη
3174 2895 3521 2968 τραγῳδῆσαι

3391 2985 3546 3044 Vers.
3578 2986 3726 3043 5N3

2163 3158 2434 3213 Cmsarem
2486 3154 2673 3210 verbis
2720 3150 3020 3223 castigabat
3056 3157 3262 3205 metum
3308 3149 3734 3213 incutientibus,

2166 3247 2393 3318 adjectis
2423 3253 2696 3300 secutura:
2740 3243 2866 3296 vita:
2905 3241 3300 3311 suppliciorum
3335 3239 3521 3301 minis,
3556 3250 3738 3295 terre-

2165 3339 2261 3393 bat
2290 3334 2590 3393 hominem.
2632 3334 2689 3387 in
2735 3334 2880 3388 viam
2928 3332 3242 3395 revocabat,
3275 3330 3739 3401 reprehendebat,

2165 3426 2519 3491 admonebat,
2540 3440 2757 3481 omnem
2784 3423 3094 3479 machinam
3124 3422 3421 3478 adhibebat
3444 3430 3504 3477 ut
3531 3423 3741 3477 malum

2168 3520 2303 3574 illud
2355 3519 2720 3574 exscinderet.
2769 3513 2877 3571 Sed
2923 3514 3071 3569 enim
3113 3528 3303 3569 verum
3344 3521 3465 3568 erat
3509 3514 3746 3568 omnino

2165 3613 2398 3667 verbum
2431 3610 2562 3669 illud
2596 3606 2927 3671 Solomonis,
2959 3605 3055 3675 qui
3085 3613 3231 3660 vetat
3263 3604 3542 3674 improbos
3563 3608 3744 3659 laxari

2144 3711 2222 3756 et
2252 3698 2579 3769 reprehendi
2601 3715 2618 3764 ;
2640 3711 2766 3752 nam
2791 3695 3249 3765 reprehensiones
3266 3705 3396 3750 sunt
3420 3694 3752 3750 hominibus

2168 3792 2354 3861 impiis
2399 3792 2691 3860 ﬂagrorum
2736 3787 2929 3849 instar,
2965 3796 3022 3841 et
3057 3786 3222 3841 corda
3264 3798 3524 3856 perversa
3568 3786 3747 3840 veluti

2168 3886 2380 3954 sagitta
2439 3883 2692 3947 feriunt;
2725 3879 2992 3951 nimirum
3046 3878 3526 3950 objurgationibus
3583 3877 3753 3933 hisce

2166 3973 2370 4028 Bardas
2400 3972 2582 4026 Caesar
2631 3969 2991 4026 exacerbatus
3044 3984 3151 4023 non
3206 3970 3370 4023 modo
3401 3968 3557 4022 nihili
3608 3966 3754 4023 fecit

2166 4080 2262 4119 eas
2281 4063 2710 4127 exhortationes,
2735 4076 2928 4117 verum
2951 4062 3115 4116 etiam
3140 4069 3458 4131 conceptam
3476 4060 3754 4116 adversus

2168 4166 2484 4211 monentem
2510 4154 2847 4210 iracundiam
2878 4161 2936 4209 et
2956 4151 3382 4223 indignationem
3401 4151 3601 4215 alebat,
3629 4165 3751 4205 non

2169 4247 2333 4302 aliter
2374 4262 2547 4316 agens
2587 4255 2752 4315 atque
2798 4245 2843 4299 si
2882 4247 3136 4300 sanlosos
3183 4243 3367 4313 aliquo
3409 4259 3603 4298 curare
3646 4260 3756 4297 vo-

2170 4339 2345 4401 lente,
2390 4339 2470 4392 illi
2508 4353 2616 4391 non
2662 4347 2871 4393 tantum
2903 4335 3212 4406 aufugiam,
3259 4334 3355 4389 sed
3399 4334 3563 4389 etiam
3612 4349 3753 4401 erga

486 4406 603 4462 tius
632 4409 792 4477 plane
815 4410 929 4480 jam
962 4413 1219 4470 manibus
1264 4415 1580 4485 spoliatum,
1626 4424 1723 4470 aut
1762 4418 2067 4477 secundum
2171 4427 2312 4481 bene
2345 4427 2634 4482 facientem
2654 4424 3224 4481 excandescant.Cum
3258 4425 3423 4495 igitur
3449 4425 3755 4495 aliquando

492 4496 808 4612 :Eslopicam
853 4501 999 4612 illam
1043 4502 1282 4612 fabulam
1326 4506 1422 4612 o‘vi
1446 4507 1685 4611 dementi
1724 4508 2064 4564 consimilem
2104 4557 2147 4612 ο
2172 4517 2379 4572 Bardas
2421 4517 2713 4573 accederet
2758 4518 2825 4572 ad
2879 4517 3136 4588 mysteria
3179 4531 3282 4571 nec
3320 4515 3568 4570 divinum
3610 4516 3758 4571 illud

487 4589 720 4658 ἷθοιυιηι
763 4591 832 4648 de
866 4594 980 4663 ΙυΡί
1024 4596 1253 4651 conﬁnio
1282 4598 1456 4668 [1018is
1489 4598 1740 4661 οειηίικιεν
1780 4599 2068 4670 imperium
2104 4589 2146 4612 ν
2174 4625 2379 4665 mirans
2420 4625 2450 4664 a
2478 4609 2790 4679 patriarcha
2818 4616 3253 4676 consequeretur
3282 4610 3414 4678 (non
3445 4608 3592 4661 enim
3643 4623 3759 4659 un-

490 4685 563 4739 Μ)
605 4684 935 4755 imperatore
968 4688 1037 4743 ad
1084 4703 1145 4745 $0
1183 4690 1587 4753 ιΐδηεῖθτεὺθιν
1634 4690 1929 4762 omniaque
1972 4707 2074 4761 1)το
2170 4711 2373 4771 guenta
2412 4699 2708 4771 fragrantia
2754 4700 2868 4754 vasi
2920 4699 3113 4768 putida
3157 4699 3625 4761 committuntur),
3658 4699 3760 4751 in-

487 4775 764 4832 arbitratu
810 4779 979 4834 animi
1034 4780 1121 4835 sui
1165 4781 1393 4851 gerebat
1445 4790 1507 4834 ut
1557 4780 1878 4851 imperator.
1929 4781 2073 4848 Quin
2170 4793 2485 4848 ﬂammatus
2527 4793 2813 4848 iracundia
2865 4793 3041 4847 leonis
3091 4793 3146 4845 in
3188 4806 3398 4845 morem
3443 4791 3607 4861 rugit,
3646 4805 3758 4846 ceu

483 4868 655 4923 etiam
686 4870 740 4923 in
769 4871 1035 4941 ﬂagitium
1066 4874 1259 4944 ingens
1286 4872 1734 4944 provolvebatur,
1771 4875 1936 4943 quale
1962 4890 2066 4932 nec
2170 4886 2418 4940 violenta
2450 4884 2687 4955 pan-datis
2735 4884 2790 4938 in
2837 4883 3117 4938 hominem
3147 4883 3352 4951 justum
3382 4882 3575 4941 insilit,
3606 4881 3763 4934 iace-

486 4959 691 5031 Scytha
713 4963 984 5034 quispiam
1016 4978 1119 5019 nec
1143 4965 1305 5019 Persa
1330 4979 1432 5021 nec
1463 4963 1713 5019 Sarmata
1741 4965 2070 5037 designaret.
2176 4988 2284 5043 ηι,
2321 4993 2351 5031 a
2394 4977 2550 5031 clavo
2590 4986 2920 5031 summovet.
2965 4974 3097 5045 Ejus
3149 4975 3203 5027 in
3253 4974 3432 5027 locum
3493 4973 3758 5026 Photium

490 5051 630 5106 Nam
666 5069 790 5107 cum
827 5056 921 5108 ﬁlii
952 5059 1181 5124 conjuge
1212 5058 1369 5126 (proh
1403 5056 1602 5111 fmdam
1626 5057 1928 5127 lasciviam)
1960 5075 2070 5115 non
2178 5069 2483 5133 substituit,
2514 5066 2653 5137 proh
2677 5066 2895 5136 qualem
2927 5079 3026 5134 pro
3051 5063 3204 5132 quali
3230 5062 3381 5116 viro!
3413 5062 3493 5116 Ex
3516 5076 3583 5115 eo
3610 5069 3763 5114 lem-

491 5144 654 5198 aliter
700 5149 1095 5203 consuescebat
1134 5158 1299 5219 atque
1324 5151 1369 5204 si
1420 5151 1525 5204 tori
1577 5150 1807 5220 legitimi
1840 5166 2070 5208 consors
2176 5173 2313 5229 pore
2349 5158 2698 5213 miseriarum
2742 5163 2910 5210 astus
2946 5154 3218 5224 lgnatium
3260 5150 3502 5223 iactabat
3553 5157 3606 5202 et
3646 5149 3757 5203 de-

492 5244 661 5289 esset.
714 5234 829 5290 lloc
868 5239 1113 5296 terribile
1151 5240 1368 5300 facinus
1411 5242 1506 5298 ubi
1548 5257 1782 5314 magnus
1824 5243 2069 5313 lgnatius
2175 5266 2424 5321 mergere
2468 5249 2648 5305 virum
2708 5248 3032 5303 conabatur.
3081 5244 3263 5300 Caesar
3314 5257 3478 5297 auras
3533 5238 3761 5296 afﬂabat

494 5323 587 5381 ille
619 5330 911 5398 comperit,
944 5332 1038 5402 qui
1069 5348 1137 5388 eo
1186 5342 1434 5404 tempore
1464 5350 1660 5390 novam
1709 5336 1938 5392 Romam
1970 5354 2074 5408 gu-
2180 5346 2437 5406 tanquam
2466 5337 2709 5408 graviter
2738 5337 2956 5404 spirans
2970 5332 3156 5402 aquilo
3180 5332 3265 5386 vel
3293 5346 3469 5387 saevus
3492 5330 3582 5383 ille
3609 5339 3759 5382 tem-

492 5416 763 5472 bernabat
795 5419 1097 5489 (eratenim
1126 5425 1372 5479 omnium
1404 5425 1458 5479 in
1476 5441 1573 5481 ore
1594 5427 1870 5495 piaculum
1905 5428 2071 5491 istud.
2178 5440 2528 5501 pestatesque
2568 5430 2721 5485 ciens
2751 5428 3115 5489 subsolanus;
3147 5440 3258 5495 quo
3287 5424 3453 5478 flante
3493 5420 3759 5492 procella:

490 5511 810 5583 passimque
836 5528 934 5584 per
956 5515 1194 5585 compita
1226 5525 1283 5570 et
1309 5515 1457 5573 aedes
1470 5518 1827 5589 iactabatur),
1844 5520 2073 5575 Bardam
2176 5533 2375 5590 graves
2401 5518 2843 5575 comitabantur.
2882 5516 3020 5582 Quis
3044 5530 3110 5571 ea
3144 5514 3286 5569 mala
3314 5512 3449 5568 satis
3472 5525 3757 5582 exponere

1851 5674 2052 5735 Varia:
2092 5672 2423 5734 lectiones.

563 5790 610 5824 “
640 5792 863 5863 θελητὸν
899 5795 963 5854 Β,
1040 5794 1086 5830 ⁸⁸
1115 5796 1429 5851 ἐκεκύλιστο
1460 5800 1521 5853 Λ.
1602 5801 1644 5831 ’⁸⁸
1684 5799 1900 5870 Ῥώμην
1930 5801 2041 5852 Ml.
2122 5798 2163 5828 ‘7
2202 5800 2258 5850 ἐν
2288 5796 2551 5866 πνεύματ’
2580 5797 2640 5847 Λ.
2718 5794 2762 5825 ’⁸⁸
2804 5791 3320 5862 κακομηχανοῦντας
3345 5794 3407 5847 Α.
