4072 6422
454 452 560 516 415

457 566 533 617 Ο)
563 554 952 614 πολυτάλαντοί
981 569 1147 616 τινες,
1191 552 1477 622 ρυηφενείς
1510 551 1609 604 οὐκ
1640 548 1780 619 ἦσαν
1805 554 1875 616 ⁵⁷,

457 652 591 702 Οὐδὲ
622 646 1187 720 προδατοθρέμμονες,
1229 644 1289 696 ού
1324 641 1532 713 πλέθρα
1571 645 1671 713 γῆς
1719 645 2032 715 αὐχοῦντες,

470 740 609 792 Ἀλλ’
641 736 930 806 αὐτουργοὶ
957 737 1051 788 καὶ
1084 735 1316 804 πένητες
1350 737 1444 788 καὶ
1475 735 1583 787 τῶν
1629 736 2012 806 χειροὸιώτων.

456 826 557 882 *Ων
588 829 915 882 ἐκλιπόντων
938 828 983 860 ⁸⁸
1013 827 1110 896 τὴν
1141 826 1284 896 ζωὴν
1323 826 1417 880 καὶ
1445 826 1610 896 γῆθεν
1633 828 2034 895 μεταστάντων,

460 919 571 971 Kal
591 917 683 970 τοῦ
704 916 1029 986 Βουλγάρων
1049 917 1305 985 ἄρχοντος
1336 915 1429 967 τοῦ
1459 916 1756 985 τηνικαῦτα
1777 917 1921 986 Κρού
1931 934 2033 986 μου

472 1007 896 1078 Ἐπιδραμόντος
932 1007 1224 1076 σύμπασαν
1261 1006 1356 1076 τὴν
1395 1006 1497 1059 ὑπὸ
1518 1008 1642 1068 τοὺς
1685 1008 1985 1076 Ῥωμαίους

459 1099 568 1151 Καὶ
600 1098 814 1152 σκύλων
844 1097 1252 1166 ὑποπλήσαντος
1285 1095 1449 1150 αὑτοῦ
1477 1096 1574 1167 τὴν
1611 1099 1976 1169 στραταρχίαν

460 1191 573 1244 Καὶ
603 1190 824 1260 σύμπαν
851 1191 1120 1258 νεοτήσιον
1152 1189 1310 1251 άνθος
1336 1191 1682 1258 ἠφανικότος,

459 1283 701 1353 Θεμένου
724 1281 778 1335 δὲ
823 1282 916 1334 καὶ
949 1280 1192 1342 πλείονας
1221 1280 1277 1330 ἐν
1305 1280 1649 1352 ἀνδραπόδων
1687 1283 1868 1354 μοίρᾳ,

466 1371 648 1427 Ἑάλω
677 1373 771 1425 καὶ
795 1371 1074 1432 Βασίλειος
1103 1368 1427 1438 Βουλγάρων
1456 1374 1573 1434 ταῖς
1615 1372 1895 1442 παλάμαις

460 1466 670 1534 Ὥσπερ
703 1462 954 1534 στρουθὸς
986 1461 1342 1531 καλλίπτερος
1380 1461 1562 1531 πικρῷ
1587 1462 1936 1534 δικτυοθὴρᾳ.

458 1555 572 1617 Τάς
601 1551 946 1621 παλαμναίας
978 1551 1034 1604 δὲ
1068 1550 1254 1620 φυγὼν
1289 1551 1540 1622 βροχίδας
1579 1552 1688 1604 τῶν
1715 1552 2036 1624 Βουλγάρων

470 1643 708 1712 Ἐπέστη
738 1640 1144 1711 πτερυξάμενος
1171 1635 1325 1703 αὖθις
1374 1640 1658 1710 Ῥωμαίων
1683 1641 1848 1710 ὅροις,

456 1735 573 1788 Kal
597 1733 733 1804 πρὸς
764 1731 1017 1802 λατρείαν
1041 1732 1232 1784 ἐαυτὸν
1267 1731 1342 1794 ώς
1379 1733 1546 1800 πένης
1577 1733 1942 1802 ἐκμισθώσας,

459 1826 570 1880 Kal
599 1823 949 1894 τληπαθήσας
981 1824 1072 1874 καὶ
1105 1822 1328 1885 πολλοὺς
1369 1824 1645 1892 καμάτους
1676 1822 1990 1887 ἀεθλεύσας,

1615 439 2128 502 CONSTANTINI
2172 439 2548 502 MANASSIS

3597 439 3701 502 illi

2061 553 2104 614 Α
2149 553 2575 624 ’Λγχιθυρούσης
2609 551 2688 624 τῷ
2720 552 2833 623 ναῷ
2862 551 2956 606 τοῦ
2986 551 3128 604 θείου
3157 550 3474 622 Διομήδους.

2152 641 2293 692 Ἀλλ’
2319 643 2411 694 ἐπὶ
2448 642 2658 705 τούτοις
2694 642 2902 712 ὄνειρος
2937 642 3298 711 λευκόπτερος
3330 641 3540 710 ἐπέπτη
3560 681 3580 696 .

2138 729 2242 783 Τὸν
2265 732 2530 802 νεωκόρον
2559 733 2651 786 τὸν
2677 734 2797 785 ἐκεῖ
2822 733 3006 802 τάχιον
3048 732 3338 802 ἀφυπνίζει

2138 819 2439 889 Προτρέπει
2467 839 2525 874 τε
2550 826 2878 890 συναγαγεῖν
2906 825 3050 877 ἔνδον
3077 825 3170 876 τὸν
3202 821 3447 891 βασιλέα.

2149 909 2428 981 Ἀποπηδᾷ
2456 911 2557 979 τῆς
2582 911 2776 966 ἑαυτοῦ
2799 913 2984 983 κλίνης
3009 916 3036 968 6
3071 913 3360 982 νεωκόρος,

2150 1000 2270 1052 Ἐπὶ
2298 1001 2358 1054 τὸ
2386 1004 2796 1073 προτεμένισμα
2835 1005 3112 1074 συντόμως
3147 1002 3464 1074 βηματίξει,

2139 1091 2625 1163 Καταδαρθάνοντα
2656 1094 2816 1157 λιτῶς
2854 1095 3132 1147 Βασίλειον
3159 1094 3425 1164 εὑρίσκει,

2135 1184 2450 1254 Χαμεύνην,
2479 1185 2830 1251 ἀνιπτόποδα,
2858 1185 3082 1256 λυπρὸν,
3111 1186 3438 1254 ρακιοφόρον
3456 1202 3471 1216 ·

2137 1274 2351 1344 Πλάνην
2380 1274 2587 1343 νομίζει
2618 1275 2678 1328 τὸ
2705 1275 2890 1343 φανὲν,
2919 1275 3127 1328 ἐκεῖθεν
3157 1273 3470 1344 ἀποτρέχει.

2137 1365 2246 1417 Kal
2280 1365 2439 1416 πάλιν
2467 1363 2632 1428 ὕπνος
2656 1364 2881 1418 ἔπιπτεν
2905 1367 2961 1418 ἐν
2989 1367 3102 1426 τοῖς
3142 1363 3304 1416 αὐτοῦ
3347 1364 3658 1434 βλεφάροις,

2140 1456 2246 1508 Kal
2275 1456 2432 1508 πάλιν
2456 1456 2662 1524 ὄνειρος
2691 1457 2720 1507 6
2744 1457 2890 1526 πρὶν,
2927 1457 3020 1508 καὶ
3047 1455 3206 1508 τοῦτο
3235 1454 3397 1526 μέχρι
3428 1455 3638 1527 τρίτου.

2137 1546 2365 1614 Συνῆκε,
2394 1545 2750 1615 κατεφώρασε
2785 1545 2934 1616 μόλις
2965 1547 2992 1598 6
3020 1545 3290 1614 νεωκόρος
3308 1561 3324 1576 ·

2137 1637 2376 1689 Ποιείται
2401 1636 2492 1688 τὸν
2530 1635 2809 1690 Βασίλειον
2833 1637 3081 1704 ἐφέστιον
3110 1637 3156 1669 ⁶⁰
3189 1635 3409 1702 αὐτίκα,

2137 1727 2246 1779 Kal
2276 1727 2571 1795 Θεραπείας
2605 1728 2746 1794 ἀξιοῖ
2776 1729 2964 1782 τοῦτον
2997 1723 3098 1798 τῆς
3142 1727 3543 1799 προσηκούσης.

2136 1815 2240 1869 Ἦν
2271 1817 2315 1870 δ’
2338 1819 2366 1869 6
2395 1818 2669 1880 Βασίλειος
2699 1819 2880 1883 καλὸς,
2913 1821 3181 1886 γενναῖος,
3232 1819 3608 1890 γιγαντόχειρ,

459 1915 574 1968 Kal
592 1913 751 1980 γνοὺς
770 1913 844 1975 ώς
861 1915 938 1976 εἰς
958 1913 1283 1982 ἀκάρπωτον
1299 1917 1400 1984 γῆν
1419 1918 1482 1966 τὰ
1498 1913 1589 1966 τοῦ
1613 1915 1773 1968 πόνου
1795 1914 2028 1984 σπείρει,
2059 1910 2106 1968 Β
2141 1909 2520 1978 Εὑπάλαμνος,
2549 1909 2904 1980 εὐρύστερνος
2941 1911 3111 1981 ἥρως,
3145 1911 3608 1984 στερῤοσραχίων.

472 2005 794 2074 Ἀφίσταται
824 2003 931 2056 τῶν
961 2005 1278 2074 προσγενῶν
1308 2005 1401 2057 καὶ
1429 2005 1529 2072 τῆς
1573 2006 1966 2077 ἐνεγκαμένης,

459 2097 571 2150 Kal
599 2096 775 2150 πάντα
795 2096 1149 2163 λογισάμενος
1178 2091 1343 2148 τᾶλλα
1377 2096 1548 2165 μικρά
1579 2099 1672 2150 καὶ
1702 2096 1879 2163 φαῦλα

474 2188 563 2252 Ὦς
589 2187 724 2257 πρὸς
754 2188 952 2240 σκοπὸν
985 2188 1210 2260 ἐφέρετο
1238 2187 1334 2258 τὴν
1362 2188 1658 2250 Βυζαντίδα
1693 2188 1862 2241 πόλιν.

472 2277 560 2338 Ὦς
585 2275 641 2328 δέ
667 2274 776 2327 τῶν
803 2272 1026 2344 πύργων
1055 2275 1276 2341 γέγονεν
1309 2273 1457 2336 ἐντὸς
1490 2272 1597 2325 τῶν
1628 2271 2036 2342 καλλιπύργων,

475 2363 740 2418 Ἐνταῦθα
778 2364 876 2434 τὴν
907 2364 1210 2433 εὐμήχανον
1245 2363 1436 2433 βουλὴν
1471 2363 1792 2435 θεωρητέον,

463 2457 654 2517 Ὅπως
680 2455 1183 2525 προκαταὸάλλεται
1222 2455 1319 2518 τάς
1357 2454 1508 2525 ῥίζας
1541 2455 1649 2508 τῶν
1679 2455 2040 2526 πραγμάτων,

465 2547 577 2600 Kal
605 2546 720 2610 πῶς
749 2546 1025 2615 αἰδέσιμον
1057 2547 1192 2616 αὐτῇ
1225 2545 1285 2597 τὸ
1315 2545 1591 2615 βασιλείας
1617 2546 1828 2616 χρῆμα.

464 2639 754 2691 ’Ύπνωττε
787 2637 886 2707 μὲν
912 2637 1187 2699 Βασίλειος
1213 2636 1386 2700 οὕτως
1422 2638 1798 2709 ἀτημελήτως,

465 2730 799 2801 Διερρωγόσι
844 2730 1069 2799 ῥάκεσιν
1113 2729 1665 2800 ἐγκεκορδυλημένος,

466 2823 580 2873 Οὐκ
603 2821 841 2892 ἄργυρον
869 2820 987 2873 οὺδέ
1027 2825 1227 2890 χρυσὸν
1262 2821 1474 2874 οἴκοθεν
1507 2821 1814 2891 ἐπηγμένος
1839 2819 1904 2885 ⁵³,

465 2917 558 2976 Εἰς
590 2915 756 2984 μόνας
785 2914 841 2967 δὲ
871 2913 970 2976 τάς
1001 2913 1196 2966 ἐαυτοῦ
1229 2913 1482 2982 παλάμας
1518 2911 1865 2974 ἀποϐλέπων,

464 3005 576 3060 Kal
605 3004 804 3067 ταύτας
837 3003 1019 3074 φέρων
1046 3005 1297 3074 ἀφορμὴν
1329 3003 1421 3056 τοῦ
1451 3003 1775 3057 πολυστόνου
1803 3001 1938 3071 βίου.

468 3097 791 3151 ’Ύπνωττεν
815 3095 906 3149 οὖν
938 3095 1030 3148 ἐπί
1059 3113 1204 3159 τινος
1231 3095 1626 3164 λιθοπλινθίνης
1661 3093 1846 3162 κλίνης

467 3361 727 3417 Parentes
757 3368 938 3414 autem
975 3360 1097 3429 ejus
1124 3373 1226 3413 nec
1255 3358 1501 3428 opulenti
1533 3368 1691 3414 erant
1713 3373 1815 3414 nec
1837 3358 2042 3415 divitiis

465 3451 831 3513 abundantes,
867 3450 962 3504 sed
1007 3450 1167 3519 plane
1211 3450 1400 3519 inopes
1448 3449 1743 3519 laboreque
1779 3465 2040 3506 manuum

465 3554 690 3593 suarum
723 3538 930 3593 victum
961 3547 1306 3608 quaerentes;
1351 3540 1553 3610 quibus
1580 3541 1688 3595 vita
1719 3540 1924 3597 functis
1944 3582 1958 3607 ,
1986 3549 2044 3597 et

467 3630 827 3698 Bulgarorum
869 3631 1120 3700 principe
1147 3631 1348 3685 Crumo
1388 3631 1653 3686 ditionem
1683 3647 1900 3687 omnem
1933 3634 2045 3688 Ro-

470 3736 686 3775 manam
740 3737 863 3776 cum
914 3723 1090 3792 copiis
1137 3731 1497 3792 percurrente
1549 3739 1790 3794 suosque
1842 3726 2046 3782 milites

471 3812 668 3880 opimis
709 3812 902 3882 spoliis
947 3814 1437 3884 collocupletante,
1471 3825 1529 3870 et
1571 3817 1842 3871 exstincto
1894 3817 2044 3872 omni

468 3906 771 3975 iuventutis
795 3904 929 3960 ﬂore
957 3907 1255 3977 multisque
1293 3907 1349 3961 in
1379 3907 1755 3977 captivitatem
1788 3909 2043 3974 redactis,

471 3995 703 4050 Basilius
731 3997 897 4051 etiam
930 4006 1123 4067 captus
1152 4009 1237 4053 est
1281 4013 1312 4053 a
1358 3998 1609 4069 Bulgaris
1637 4008 1895 4068 tanquam
1930 3999 2047 4054 avi—

469 4088 592 4140 cula
621 4087 867 4156 quaedam
895 4089 1122 4159 praedita
1150 4091 1398 4146 venustis
1426 4091 1528 4146 alis
1555 4091 1624 4145 ab
1655 4106 1870 4162 aucupe
1900 4091 2046 4146 diro.

467 4181 604 4235 Cum
638 4191 822 4234 autem
868 4197 898 4235 e
942 4181 1100 4236 saevis
1130 4183 1490 4253 Bulgarorum
1525 4183 1739 4253 laqueis
1761 4183 2045 4247 evasisset,

472 4271 617 4326 intra
643 4271 778 4326 ﬁnes
806 4273 1173 4326 Romanorum
1206 4288 1462 4328 reversus
1489 4288 1589 4328 ceu
1617 4289 1827 4344 pauper
1853 4288 2048 4343 operas

472 4362 610 4415 alias
639 4375 764 4416 suas
791 4377 892 4430 pro
921 4362 1177 4418 mercede
1207 4363 1444 4428 locabat,
1473 4364 1526 4418 in
1560 4380 1670 4434 quo
1693 4365 1819 4419 vita:
1847 4379 2048 4436 genere

471 4455 654 4509 varias
686 4470 959 4508 aarumnas
985 4456 1217 4524 pertulit
1258 4463 1315 4510 et
1359 4455 1576 4511 labores
1601 4470 1829 4526 magnos
1856 4464 2048 4510 exant-

2169 1999 2448 2054 Ἐντεῦθεν
2477 1999 2567 2053 οῦν
2589 2003 2728 2054 κατά
2759 2000 2932 2071 βραχὺ
2964 2002 3025 2054 τὸ
3054 2001 3315 2071 σθεναρὸν
3343 2004 3617 2072 γνωρίσας

2142 2091 2379 2144 ’Δπασιν
2408 2091 2500 2142 ἐπὶ
2528 2092 2790 2160 στόματος
2815 2093 2856 2124 ⁶¹
2879 2091 3058 2145 ἔκειτο
3087 2094 3398 2162 μεγιστᾶσι.

2139 2185 2250 2238 Kal
2276 2184 2330 2236 τί
2368 2184 2553 2254 μακρά
2581 2185 2675 2238 καὶ
2695 2185 2924 2255 περιττά
2947 2203 2961 2252 ;
3001 2185 3078 2254 τῷ
3100 2185 3319 2256 Μιχαὴλ
3348 2185 3617 2255 ἐγνώσθη,

2141 2279 2249 2331 Kal
2281 2278 2472 2348 πρῶτα
2503 2277 2684 2348 μέντοι
2718 2279 3041 2349 φροντιστὴς
3079 2277 3338 2347 τετίμητο
3377 2277 3484 2330 τῶν
3512 2278 3717 2339 ἵππων,

2143 2371 2376 2423 Ἔπειτα
2401 2370 2494 2422 καὶ
2533 2370 2887 2440 παράκοιτος,
2913 2372 3144 2440 πρᾶγμα
3175 2369 3464 2440 Ῥωμαίοις
3503 2370 3666 2440 μέγα,

2140 2463 2251 2515 Kal
2278 2462 2583 2516 τελευταῖον
2621 2461 2869 2531 βασιλεὺς
2902 2461 2998 2515 καὶ
3031 2462 3127 2514 σὺν
3160 2459 3308 2531 αύτῷ
3336 2461 3530 2514 διεῖπε.

2141 2552 2249 2607 Τοῦ
2286 2553 2341 2606 δὲ
2370 2552 2697 2623 κρατοῦντος
2727 2553 3030 2619 καταγνοὺς
3060 2552 3136 2614 ὡς
3168 2552 3331 2606 πότου
3362 2551 3455 2606 καὶ
3483 2551 3720 2621 μεθύσου

2140 2646 2250 2698 Kal
2278 2642 2484 2713 κώμοις
2512 2645 2885 2714 ἐπιχαίροντος
2912 2643 3008 2698 καὶ
3035 2641 3551 2714 θεατρομανοῦντος,

2140 2739 2296 2792 Κατά
2322 2738 2427 2792 τῶν
2457 2737 2780 2808 σπλάγχνων
2801 2738 2909 2791 τῶν
2943 2737 3107 2791 αὐτοῦ
3136 2737 3354 2808 διήλασε
3391 2738 3452 2791 τὸ
3475 2738 3643 2806 ξίφος.

2140 2827 2250 2879 Kal
2286 2826 2356 2879 τὰ
2392 2825 2485 2879 τοῦ
2525 2827 2760 2896 κράτους
2801 2826 3018 2896 ἥρπασε
3058 2826 3165 2897 πρὸ
3204 2827 3417 2897 χρόνου,
3470 2826 3574 2896 πρὸ
3619 2825 3719 2895 τῆς

3451 2916 3644 2987 [ὥρας.

2211 3000 2378 3070 Οὗτος
2399 3008 2560 3071 εὐθὺς
2590 3007 2682 3061 τὸν
2709 3008 2911 3062 Φώτιον
2938 3008 3070 3061 ώθεῐ
3098 3007 3200 3077 τῆς
3223 3006 3576 3078 Ἐκκλησίας,

2140 3097 2250 3150 Kal
2276 3097 2437 3152 πάλιν
2461 3097 2752 3154 ἀποδίδωσι
2781 3099 2872 3154 τὸν
2905 3097 3093 3170 θρόνον
3142 3098 3407 3168 Ἰγνατίῳ.

3390 3187 3544 3245 Vers.
3570 3187 3716 3243 525a

2143 3364 2340 3430 fertur,
2393 3380 2628 3435 eumque
2683 3365 2937 3422 similiter
2983 3366 3358 3434 quiescentem
3386 3367 3618 3428 excitat.
3665 3377 3724 3420 et

2145 3455 2534 3528 imperatorem
2569 3456 2717 3512 intro
2740 3456 2901 3528 jubet
2923 3456 3218 3512 deducere.
3250 3457 3389 3512 Tum
3419 3457 3488 3512 de
3517 3458 3724 3512 lectulo

2144 3563 2246 3604 suo
2277 3547 2464 3602 desilit
2495 3546 2752 3612 aedituus,
2800 3556 2859 3602 et
2906 3547 2974 3603 ad
3026 3547 3138 3603 iani
3184 3548 3517 3604 vestibulum
3566 3556 3720 3602 recta

2143 3637 2432 3694 descendit
2459 3655 2474 3692 :
2506 3637 2768 3693 Basilium
2812 3639 3054 3694 tenuiter
3086 3639 3212 3694 istic
3245 3639 3606 3693 dormientem
3639 3639 3725 3692 in-

2143 3731 2316 3796 venit,
2350 3729 2505 3784 humi
2535 3737 2766 3784 stratum
2786 3770 2803 3797 ,
2832 3729 3070 3799 pedibus
3102 3731 3274 3787 illotis
3292 3771 3307 3796 ,
3335 3730 3585 3786 vestibus
3609 3744 3727 3784 sor-

2144 3820 2290 3876 didis
2321 3829 2378 3875 et
2417 3820 2677 3890 pannosis
2719 3820 2982 3876 obsitum.
3012 3821 3204 3890 Itaque
3234 3836 3336 3892 pro
3361 3820 3599 3890 quodam
3632 3835 3728 3874 er-

2147 3927 2272 3967 rore
2298 3911 2475 3966 visum
2503 3912 2608 3966 hoc
2635 3911 2878 3967 oblatum
2911 3913 3014 3969 sibi
3047 3913 3222 3978 ducit,
3265 3916 3344 3968 et‘
3365 3913 3492 3968 inde
3540 3912 3723 3967 disce-

2147 4001 2247 4055 dit.
2281 4001 2603 4070 Rursusque
2632 3999 3062 4058 obdormiscenti
3098 3983 3254 4072 prius
3285 4002 3421 4057 illud
3452 4001 3633 4056 visum
3663 4015 3728 4055 se

2146 4091 2330 4153 oﬁ‘ert,
2365 4091 2530 4161 idque
2556 4092 2676 4147 vice
2701 4092 2884 4148 tertia.
2921 4093 3022 4148 Vix
3068 4094 3292 4150 tandem
3334 4094 3571 4149 aedituus
3609 4107 3733 4148 rem

2151 4183 2458 4253 intelligere
2491 4184 2679 4254 coepit,
2710 4195 2767 4240 et
2795 4185 3059 4240 Basilium
3086 4200 3216 4241 suas
3238 4186 3292 4240 in
3327 4186 3472 4241 mdes
3501 4184 3734 4240 deducit

2147 4281 2206 4326 et
2243 4272 2604 4328 conveniente
2653 4287 2786 4328 cura
2829 4273 3026 4329 reiicit.
3078 4275 3211 4329 Erat
3251 4282 3437 4329 autem
3486 4274 3731 4328 Basilius

2149 4363 2288 4418 facie
2315 4363 2612 4420 admodum
2637 4372 2889 4430 venusta,
2922 4379 3223 4435 generosus
3257 4365 3313 4420 in
3345 4364 3569 4434 primis,
3617 4378 3734 4419 ma-

2150 4455 2316 4511 nibus
2339 4456 2628 4527 giganteis,
2657 4465 2882 4526 pectore
2911 4456 3042 4523 lato,
3071 4455 3311 4512 robustis
3340 4455 3561 4511 lacertis
3589 4469 3737 4523 pra:-

471 4546 624 4601 lwit.
663 4547 902 4600 Tandem
931 4547 1313 4602 animadverso
1361 4562 1419 4602 se
1469 4561 1598 4602 suos
1640 4547 1805 4603 hosce
1832 4548 2048 4602 labores
2153 4547 2321 4602 ditus.
2351 4548 2544 4617 Itaque
2582 4563 2650 4602 ex
2687 4561 2754 4601 eo
2791 4556 3038 4617 tempore
3067 4547 3333 4618 paulatim
3364 4547 3535 4601 robur
3563 4561 3730 4601 suum

473 4635 529 4688 in
565 4636 752 4690 sterile
795 4635 970 4690 solum
1002 4651 1282 4706 spargere,
1316 4637 1646 4706 propinquis
1673 4635 1788 4691 suis
1819 4636 2050 4700 relictis,
2082 4618 2129 4676 θ
2156 4637 2509 4692 manifestum
2564 4637 2772 4692 faciens
2816 4637 2871 4691 in
2920 4653 3017 4693 ore
3067 4638 3412 4708 magnatibus
3457 4636 3734 4692 universis

472 4740 504 4780 e
539 4725 712 4795 patria
739 4725 1001 4792 discedit,
1051 4738 1108 4784 et
1151 4739 1349 4795 caetera
1378 4727 1563 4782 omnia
1605 4743 1705 4798 pro
1739 4727 1914 4781 nihilo
1945 4727 2051 4781 du-

475 4832 626 4884 cens,
656 4828 806 4874 recta
830 4819 1150 4890 Byzantium
1175 4820 1476 4876 contendit.
1501 4817 1636 4874 Cum
1661 4828 1842 4873 autem
1861 4819 2054 4874 urbem

477 4909 736 4978 pulchras
767 4919 949 4966 turres
979 4911 1274 4966 habentem
1313 4912 1595 4982 ingressus
1624 4910 1762 4978 fuit,
1791 4910 1883 4965 hic
1916 4911 2052 4964 mihi

476 5000 764 5054 consilium
795 5001 1308 5059 artiﬁciosissimum
1330 5001 1478 5067 vide,
1501 5018 1612 5073 quo
1643 5011 1803 5072 pacto
1834 5002 2048 5057 radices

478 5104 663 5142 rerum
707 5091 882 5145 multo
915 5101 1042 5146 ante
1071 5093 1302 5163 iecerit,
1333 5103 1390 5148 et
1416 5108 1580 5163 quam
1613 5093 1923 5148 veneranda
1957 5107 2048 5147 res

479 5177 552 5229 sit
605 5176 918 5246 imperium.
975 5180 1138 5236 Forte
1186 5182 1425 5237 cubabat
1469 5183 1672 5237 alicubi
1725 5181 2045 5253 consopitus

479 5266 745 5331 Basilius,
776 5285 885 5323 non
920 5269 1128 5326 refecto
1158 5287 1390 5342 corpore
1409 5313 1424 5337 ,
1453 5273 1646 5328 laceris
1671 5272 1867 5342 pannis
1907 5270 2056 5327 obsi-

482 5367 590 5420 tus,
639 5358 820 5428 capite
866 5361 1160 5416 convoluto
1189 5371 1245 5418 et
1273 5372 1438 5418 tecto.
1467 5363 1719 5418 Cubabat
1764 5372 1947 5418 autem
1997 5361 2054 5416 in

480 5448 796 5516 pavimento
821 5449 1058 5520 quodam
1102 5453 1386 5518 latericio,
1426 5455 1604 5510 vicino
1633 5454 1804 5508 divini
1833 5454 2054 5508 Diome-

482 5541 568 5597 dis
591 5540 715 5596 aadi.
749 5541 1060 5598 Secundum
1098 5543 1214 5600 batc
1252 5545 1526 5601 somnium
1557 5546 1763 5601 aedituo
1806 5545 1934 5600 felix
1975 5544 2056 5599 of-

2155 4737 2295 4783 erat.
2348 4729 2504 4798 107
2536 4728 2676 4794 Quid
2732 4729 2922 4783 multis
2966 4737 3022 4784 et
3070 4727 3493 4799 supervacaneis
3542 4728 3734 4782 verbis

2153 4835 2292 4891 opus
2337 4822 2457 4875 est?
2498 4821 2660 4876 etiam
2704 4821 2971 4876 Michaelo
3005 4821 3264 4887 innotuit,
3297 4835 3363 4877 ac
3394 4820 3574 4890 primo
3602 4819 3732 4888 qui-

2152 4909 2277 4964 dem
2330 4911 2602 4964 curatoris
2658 4926 2926 4980 equorum
2975 4910 3241 4982 dignitate
3288 4911 3729 4974 cohonestatur;

2153 4999 2351 5055 deinde
2381 5000 2440 5055 ﬁt
2466 5000 2768 5066 accubitor,
2810 5015 2931 5072 quae
2976 4997 3213 5071 dignitas
3257 4998 3400 5068 apud
3451 4999 3730 5052 Romanos

2151 5089 2344 5160 ingens
2366 5099 2476 5155 est;
2519 5089 2736 5145 tandem
2783 5100 3002 5146 creatur
3030 5091 3348 5160 imperator,
3381 5105 3448 5144 ex
3479 5104 3588 5158 quo
3614 5089 3728 5158 jam

2151 5187 2397 5248 tempore
2446 5194 2663 5249 semper
2707 5180 2904 5235 eodem
2954 5181 3009 5235 in
3057 5179 3421 5235 contubernio
3466 5193 3590 5234 cum
3623 5166 3731 5230 Mi-

2148 5269 2340 5324 chaelo
2373 5271 2624 5341 degebat.
2655 5269 2902 5341 Cumque
2933 5271 3248 5327 damnasset
3278 5286 3405 5326 eum
3438 5285 3540 5325 ceu
3571 5269 3732 5323 vino-

2148 5375 2271 5415 sum
2305 5375 2368 5416 ac
2401 5362 2785 5426 temulentum,
2812 5362 2992 5433 gladio
3022 5363 3234 5419 viscera
3259 5361 3496 5433 trajecit,
3517 5368 3575 5415 et
3599 5370 3729 5414 ante

2150 5461 2366 5522 tempus
2398 5453 2690 5524 imperium
2717 5454 2918 5523 rapuit.

2212 5541 2389 5598 Initio
2414 5542 2668 5598 Photium
2695 5543 2939 5598 Ecclesia
2992 5543 3170 5614 pellit,
3217 5553 3274 5598 et
3326 5540 3538 5613 lgnatio
3573 5542 3728 5594 thro-

1831 5703 2040 5764 Varim
2083 5701 2417 5766 lectiones.

558 5826 602 5859 "
637 5827 922 5899 ρυηφενεῖς
948 5825 1088 5902 ἦσαν
1125 5828 1189 5884 Β.

1301 5830 1347 5865 ⁵⁸
1373 5829 1458 5886 ΔΙ.
1493 5831 1703 5888 ἐκλειπ.
1781 5833 1826 5865 ⁵⁵
1854 5831 2008 5887 llunc

2147 5847 2260 5886 sum
2283 5845 2393 5887 om.
2434 5829 2500 5885 Β.
2575 5832 2619 5864 ⁶⁶
2646 5829 2916 5898 ύφέστιον.
2996 5830 3036 5860 ⁸¹
3067 5828 3326 5898 στόμασιν
3347 5833 3410 5883 Α.
