4072 6414
333 323 434 386 417

333 442 579 509 θελήσας
604 438 662 493 δὲ
686 439 784 494 καὶ
811 456 890 511 τῳ
919 437 1101 510 tremit
1106 436 1371 510 χρήματα
1400 435 1673 491 διαδοῦναι

336 533 447 583 Kal
471 530 970 601 διερευνησάμενος
1006 528 1189 592 οίκους
1220 525 1686 600 χρυσιοφρούρους
1705 527 1782 592 ⁸⁸⁸,

333 622 547 686 Οἰτινες
598 623 728 693 πρὶν
751 621 1109 691 συνέσφιγγον
1140 620 1237 684 τὰς
1257 618 1365 672 τῶν
1380 620 1677 691 χρημάτων
1703 618 1920 689 λίμνας,

334 711 445 762 Kal
470 707 672 779 βλέψας
700 708 907 770 πάντας
948 708 1269 778 αὐχμηροὺς
1320 706 1446 777 μηδ’
1475 705 1666 760 ἄντλον
1693 707 1739 739 ⁸³
1768 706 1925 758 εὐτυ-

1570 801 1592 874 {
1600 800 1851 872 χοῦντας,

338 896 564 963 Ἤλγει,
586 894 797 965 βαρέως
830 894 1047 964 ἔφερεν,
1081 895 1261 966 ἧλυεν,
1283 894 1542 966 ἠδημόνει
1573 894 1641 960 ⁸⁸,

332 988 450 1039 Οὐκ
480 982 629 1055 εἶχεν
657 986 686 1039 ὃ
715 1003 768 1039 τι
798 986 1026 1054 γένοιτο,
1054 986 1317 1041 πάντοθεν
1339 988 1596 1055 ἠπορεῖτο
1614 998 1630 1014 ⁸

347 1072 409 1123 Ὀ
432 1070 691 1140 βασιλεὺς
722 1071 830 1142 γάρ
865 1072 1088 1142 ἀπορῶν
1120 1073 1278 1127 ὄλϐου
1313 1072 1712 1127 πολυταλάντου

336 1163 632 1233 Ἀντικρύς
658 1165 804 1217 ἐστιν
831 1163 989 1227 ἀετὸς
1023 1163 1374 1234 παλαιγενὴς,
1408 1164 1708 1235 τριγέρων,

344 1255 725 1326 Ἀφῃρημένος
750 1255 818 1308 τὰ
838 1259 1033 1327 πτερά,
1068 1258 1194 1319 τοὺς
1232 1256 1447 1327 ὄνυχας,
1470 1256 1532 1310 τὸ
1557 1257 1791 1327 ῥάμφος.

344 1344 624 1397 Ἐντεῦθεν
655 1346 685 1397 ό
712 1345 992 1408 Βασίλειος
1020 1344 1307 1416 ἡσχαλλεν,
1332 1344 1614 1416 ἠδημόνει.

344 1437 404 1487 '0
426 1436 647 1506 κράτωρ
676 1435 786 1506 γάρ
827 1453 912 1489 τοι
944 1438 1163 1508 Μιχαὴλ
1192 1437 1370 1490 πάντα
1401 1434 1788 1498 κατακενώσας

336 1528 446 1581 Kal
472 1528 662 1598 μίμοις
686 1529 1051 1599 χαρισάμενος
1070 1528 1439 1599 συμπαίκταις
1468 1527 1561 1581 καὶ
1589 1526 1915 1597 συμπόταις,

333 1619 410 1671 Οὐ
438 1618 598 1687 μόνον
625 1618 843 1689 γρῦπας
880 1618 1076 1672 δέδωκε
1112 1619 1312 1691 χωνείᾳ
1342 1619 1741 1691 καταχρύσους,

344 1708 507 1762 Ἀλλὰ
537 1710 631 1762 καὶ
656 1709 755 1778 τὴν
785 1708 1186 1780 καλλίπρεμνον
1218 1710 1489 1763 πλάτανον
1526 1709 1627 1778 τὴν
1657 1708 1915 1780 χρυσέαν,

346 1799 442 1866 Ἐφ
489 1793 557 1869 ἧς
593 1798 831 1867 καθῆστο
866 1799 1074 1871 χρύσεα
1107 1798 1425 1855 παντοδαπὰ
1454 1798 1738 1869 στρουθία,

334 1891 443 1943 Kal
473 1889 634 1959 μέλος
667 1889 969 1953 ἐτιτύσιζεν
996 1890 1073 1955 ώς
1103 1891 1210 1944 άπὸ
1235 1890 1416 1960 ζώσης
1446 1889 1698 1960 γλώσσης
1727 1888 1794 1956 ⁸⁵,

333 1982 446 2033 Kal
465 1981 576 2042 τοῖς
603 1979 894 2033 ἁκούουσιν
915 1981 1095 2034 αὐτῶν
1126 1980 1388 2052 ἔκπληξιν
1426 1980 1681 2045 ἐνεποίει,

344 2068 850 2139 Ἐκθαμὸουμένοις
879 2070 940 2124 τὸ
968 2070 1153 2125 καινὸν
1186 2070 1287 2141 τῆς
1328 2070 1578 2140 μηχανῆς
1610 2068 1845 2139 ἐκείνης.

338 2165 405 2215 Ὃ
432 2162 487 2215 δὲ
513 2161 609 2214 καὶ
647 2161 879 2226 πένθους
907 2162 1056 2228 ἄξιον
1086 2162 1179 2216 καλ⁵
1212 2162 1427 2234 θρήνων
1459 2163 1553 2215 καὶ
1583 2160 1855 2233 δακρύων,

333 2256 523 2322 Λέξων
550 2257 577 2307 ὁ
605 2255 762 2324 λόγος
792 2255 1013 2326 ἔρχεται
1045 2256 1141 2310 καὶ
1172 2255 1687 2328 βαρυστοναχήσων.

342 2343 406 2396 Ὅ
437 2344 943 2414 μυριομαθέστατος
976 2347 1034 2397 ὲν
1060 2343 1369 2413 φιλοσόφοις
1395 2334 1579 2398 Λέων’

333 2435 426 2506 Τῷ
458 2435 736 2505 φιλοκάλῳ
771 2434 983 2506 βασιλεῖ
1008 2435 1088 2506 τῷ
1123 2436 1343 2505 Μιχαὴλ
1373 2436 1570 2509 γενέτῃ

345 2527 617 2592 Ἑξαίσιον
648 2528 942 2598 εἰργάσατο
968 2527 1159 2591 σκεῦος
1192 2527 1515 2598 ώρονομίου,

334 2620 413 2673 Δι’
439 2613 501 2673 οὗ
527 2622 758 2692 παρεῖχε
784 2622 1027 2693 καθορᾷν
1072 2620 1150 2690 τῷ
1181 2619 1389 2689 βασιλεῖ
1417 2619 1539 2673 καθ’
1567 2618 1738 2691 ὥραν,

346 2712 438 2764 Ἐν
466 2711 659 2782 μέσοις
694 2711 1020 2782 διατρίϐοντι
1047 2714 1158 2775 τοῖς
1188 2709 1474 2782 βασιλείοις
1515 2709 1655 2764 οῖκοι
1674 2730 1709 2776 ’,

336 2805 405 2860 Et
431 2823 533 2858 που
569 2806 838 2876 τολμᾶταί
869 2824 922 2860 τι
956 2805 1142 2860 καινὸν
1165 2807 1210 2837 ⁸⁸
1233 2807 1293 2860 ὲν
1326 2804 1584 2876 Ἄραψιν,
1618 2806 1675 2858 ἐν
1702 2803 1916 2877 Σύροις.

334 2897 589 2951 Τελοῦντι
607 2897 739 2965 γοῦν
766 2897 847 2969 τῷ
874 2897 1095 2969 Μιχαὴλ
1129 2914 1258 2952 ποτε
1280 2895 1639 2968 διφρηλασίας

334 3162 466 3202 num
495 3146 760 3203 restituit.
783 3145 1033 3217 Cumque
1080 3145 1329 3202 liberalis
1374 3144 1430 3199 in
1479 3143 1632 3200 cives
1668 3114 1988 3215 pecuniisC

333 3237 633 3310 erogandis
658 3253 781 3295 esse
811 3238 996 3307 vellet,
1025 3238 1349 3309 perquisitis
1370 3236 1602 3301 aarariis,
1622 3251 1745 3306 quas
1767 3237 1922 3306 prius

337 3329 594 3400 ingentes
619 3329 980 3400 pecuniarum
1011 3328 1198 3399 copias
1240 3326 1617 3395 continebant,
1647 3343 1774 3384 cum
1805 3342 1924 3382 om—

334 3425 426 3476 nia
457 3421 713 3490 squalere
746 3429 1002 3477 cerneret
1031 3435 1135 3477 nec
1174 3419 1385 3475 hauriri
1417 3418 1716 3490 quidquam
1745 3434 1813 3474 ex
1839 3418 1924 3474 eis

334 3528 517 3582 posse,
552 3512 795 3577 dolebat,
828 3526 946 3567 rem
975 3511 1217 3582 graviter
1242 3509 1478 3577 ferebat,
1511 3509 1672 3581 inops
1707 3508 1921 3565 consilii

336 3603 645 3664 haesitabat.
673 3603 805 3672 quid
839 3602 1084 3657 futurum
1130 3610 1277 3657 esset
1326 3600 1632 3672 ignorabat,
1678 3600 1923 3670 undique

333 3694 763 3748 cnarctabatur:
797 3709 927 3748 nam
970 3708 1140 3764 egens
1191 3693 1492 3763 imperator
1518 3701 1576 3747 et
1609 3692 1818 3762 magnis
1852 3691 1922 3745 ab

332 3787 536 3856 opibus
566 3785 867 3840 destitutus
894 3800 1085 3855 reapse
1111 3784 1249 3838 nihil
1271 3791 1357 3839 est
1378 3783 1526 3840 aliud
1549 3798 1713 3853 quam
1737 3783 1922 3853 aquila

333 3876 491 3929 senio
530 3874 818 3942 confecta,
849 3876 1080 3945 spoliata
1124 3874 1335 3943 pariter
1383 3874 1508 3938 alis,
1550 3872 1829 3944 unguibus
1866 3880 1923 3927 et

334 3976 539 4020 rostro.
598 3966 870 4020 Nimirum
926 3964 1225 4020 Michaelus
1260 3965 1579 4035 imperator,
1635 3963 1921 4019 exhaustis

335 4058 621 4122 omnibus,
656 4069 711 4112 et
757 4058 813 4111 in
859 4056 1061 4113 mimos
1087 4058 1394 4112 coliusores
1421 4067 1772 4126 compotores
1796 4070 1925 4126 pro-

338 4142 500 4212 fusis,
525 4160 639 4200 non
665 4160 862 4216 grypes
892 4152 1102 4200 tantum
1134 4160 1332 4200 aureos
1355 4144 1707 4211 conﬂaverat,
1731 4159 1921 4198 verum

335 4239 503 4292 etiam
534 4236 816 4306 platanum
849 4236 1020 4302 illam,
1075 4235 1131 4290 in
1184 4252 1292 4306 qua
1342 4236 1525 4291 omnis
1556 4235 1777 4306 generis
1804 4235 1922 4290 avi-

337 4331 479 4382 culte
507 4328 874 4383 considebant
918 4336 975 4383 et
1020 4342 1131 4382 non
1178 4329 1340 4383 aliter
1370 4327 1727 4383 cantillabant
1754 4337 1921 4397 atque

1462 320 1972 384 COMPENDIUM
2004 318 2486 382 CHRONICUM.

1947 445 1996 500 Α
2025 430 2213 504 Σύρων
2252 433 2480 503 στρατὸς
2510 430 2835 505 ἑξορμηθεὶς
2878 434 3015 504 πρός
3044 451 3186 500 τινος
3216 436 3462 508 ἐμηνύθή

3488 321 3596 386 418

2026 521 2184 576 Μετὰ
2212 522 2436 593 βαρείας
2463 523 2556 576 καὶ
2589 524 2827 595 σφοδρᾶς
2856 525 2948 578 καὶ
2990 525 3222 599 βριαρᾶς
3249 528 3348 596 τῆς
3376 528 3579 598 ῥύμης.

2026 613 2206 686 Ὅπερ
2229 613 2469 679 ἀκούσας
2499 616 2739 686 Μιχαὴλ.
2772 618 2868 670 καὶ
2896 617 3079 682 δείσας
3119 618 3193 689 μὴ
3222 618 3282 674 τὸ
3311 619 3512 690 πλῆθος

2024 703 2147 765 Τοῖς
2179 702 2491 756 άκουσθεῖσι
2516 706 2787 775 ταραχθὲν
2817 706 2879 759 τὸ
2917 707 3147 779 θέατρον
3210 709 3428 780 ἐκλίπῃ,

2021 787 2230 841 Αὐτίκα
2254 788 2316 841 τὸ
2350 791 2649 860 μηχάνημα
2682 791 2893 846 κελεύει
2927 796 3302 867 συντριὸἧναι.

2019 883 2125 937 Φεῦ
2165 886 2264 954 τῆξ
2294 886 2613 957 σκαιότητος
2643 887 2807 941 αὑτοῦ
2837 890 2849 941 l
2885 888 2989 957 φεῦ
3024 889 3126 958 τῆς
3153 890 3602 960 φρενοϐλαόείαςί

2020 975 2128 1028 Φεῢ
2158 975 2257 1044 φεῦ
2283 976 2296 1030 !
2323 978 2506 1031 ὁποῖον
2540 979 2813 1049 θησαυρὸν
2839 981 3068 1050 ἠφάνισε
3104 981 3392 1049 Ῥωμαίων

2024 1068 2347 1138 Ἀνθρωπος
2377 1070 2728 1141 ῥυπαρόὸιος,
2758 1075 2927 1142 πότης
2952 1072 3408 1143 βοσκηματώδηςί

2093 1161 2202 1213 Kal
2219 1159 2390 1214 ταῦτα
2417 1162 2516 1231 μὲν
2539 1162 2849 1231 ἀρκούντως
2870 1180 2959 1233 μοι
2977 1163 3303 1234 τεθρήνηται
3324 1163 3402 1232 τῷ
3422 1163 3565 1233 λόγῳ
3582 1178 3600 1193 ο

2029 1248 2092 1305 '0
2123 1249 2347 1322 κράτωρ
2374 1250 2431 1303 δὲ
2459 1251 2741 1315 Βασίλειος
2768 1252 2870 1323 ήδη
2902 1253 3246 1323 κατανοήσας

2017 1342 2112 1404 Είς
2150 1340 2302 1409 γόνυ,
2327 1341 2467 1410 φεῦί
2503 1341 2817 1395 όκλάσασαν
2858 1342 2956 1413 τὴν
2982 1342 3092 1396 τῶν
3127 1342 3414 1412 Ῥωμαίων
3432 1341 3601 1412 τύχην

2016 1433 2129 1485 Kal
2148 1433 2566 1488 κινδυνεύουσαν
2595 1437 2784 1486 πεσεῖν
2813 1433 3014 1496 ἀθλίως
3039 1434 3132 1487 ἐπὶ
3158 1434 3353 1503 στόμα,

2016 1522 2231 1577 Μᾶλλον
2251 1524 2295 1577 δ’
2312 1524 2487 1578 εἰπεῖν
2507 1526 2865 1577 ἐκλείπουσαν
2896 1527 2988 1579 καὶ
3013 1525 3281 1578 πνέουσαν
3301 1526 3370 1577 τὰ
3388 1523 3597 1589 λοῖσθα,

2015 1614 2135 1665 Δεῖν
2160 1613 2302 1682 ἔγνω
2331 1616 2431 1685 τὴν
2460 1614 2730 1685 βασίλειον
2775 1615 3065 1668 ἀναλαϐεῖν
3098 1615 3289 1684 σοφίαν

2018 1706 2131 1759 Kal
2155 1706 2326 1761 σῶσαι
2347 1707 2446 1779 τὴν
2463 1707 2617 1778 παρὰ
2634 1706 2831 1779 μικρὸν
2855 1708 2900 1740 ⁸⁷
2917 1709 3117 1778 νεκράν
3132 1725 3190 1760 τε
3212 1708 3306 1762 καὶ
3320 1708 3598 1778 τυμϐήρη.

2032 1796 2312 1852 Ἐντεῦθεν
2345 1798 2582 1869 κάματοι
2608 1800 2805 1854 πυκνοὶ
2831 1801 2925 1854 καὶ
2950 1801 3214 1872 μέριμναι
3244 1800 3339 1854 καὶ
3386 1801 3600 1870 μόχθοι,

2018 1889 2129 1943 Kal
2151 1888 2335 1960 θώραξ
2365 1890 2736 1962 περιστέρνιος
2769 1891 2865 1946 καὶ
2900 1892 3276 1965 σιδηροφορία,

2018 1974 2128 2028 Kal
2158 1975 2385 2046 πόλεμοι
2417 1978 2735 2049 φιλαίματοι
2766 1979 2862 2033 καὶ
2891 1982 3134 2051 συνεχεῖς
3155 1982 3457 2052 φροντίδες,

2018 2066 2129 2120 Kal
2156 2066 2269 2137 βίος
2290 2068 2615 2131 ύπασπίδιος
2637 2069 2683 2102 ⁸⁸
2710 2070 2806 2125 καὶ
2838 2070 3068 2141 κόρυθες
3093 2073 3187 2126 καὶ
3220 2072 3433 2143 λόγχαι,

2020 2158 2127 2210 Kal
2152 2157 2420 2229 βλέφαρον
2448 2158 2736 2229 ώμόῦπνον
2758 2161 2909 2216 σπῶν
2930 2161 3032 2216 οὐκ
3060 2163 3141 2227 είς
3176 2163 3339 2234 κόρον
3388 2163 3577 2219 ὕπνον.

2018 2245 2312 2302 Ἐντεῦθεν
2339 2247 2655 2303 ἀνεσώσατο
2698 2249 2768 2304 τά
2805 2251 3106 2324 πράγματα
3142 2252 3456 2323 Ῥωμαίοις,

2017 2339 2130 2393 Kal
2160 2340 2333 2413 τύχην
2361 2341 2461 2412 τὴν
2490 2342 2813 2413 γηράσασαν
2855 2344 2956 2416 τὴν
2980 2346 3437 2417 ἐκρυτιὸωθείσαν

2017 2430 2206 2501 Καλὴν
2233 2435 2701 2504 τρυφεροπάρειον
2749 2435 3048 2506 εἰργάσατο
3075 2438 3355 2508 κορίσκην.

2023 2523 2309 2592 Ἐγνωσαν
2331 2523 2455 2577 τότε
2497 2524 2776 2598 Βάρόαροι
2797 2526 2939 2603 θῆρα
2968 2526 3061 2581 τὸν
3096 2528 3223 2599 πρὶν
3247 2527 3516 2584 ύπνυῦντα

2018 2614 2288 2680 Γενναίως
2312 2616 2678 2687 ἀνεγρόμενον
2700 2617 2843 2673 κατὰ
2866 2619 2975 2673 τῶν
3000 2619 3352 2683 ἀδικούντων,

2019 2706 2131 2760 Kal
2159 2707 2359 2771 πάντες
2390 2708 2789 2778 ὑποτρέσαντες
2820 2707 3016 2764 ἔδυσαν
3044 2711 3124 2773 είς
3151 2710 3250 2773 τὰς
3281 2710 3488 2781 λόχμας
3506 2711 3576 2777 ⁸⁸,

2019 2796 2129 2850 Kal
2155 2797 2317 2851 πάλιν
2348 2796 2712 2869 ὑπερίσχυσεν
2746 2800 2780 2869 ἠ
2810 2799 2919 2852 τῶν
2957 2800 3243 2869 Ῥωμαίων
3278 2801 3493 2872 ράϐδο;.

2103 2888 2257 2943 Ἐπεὶ
2287 2889 2343 2944 δὲ
2374 2888 2651 2953 κλύδωνας
2682 2888 2871 2961 φυγὼν
2916 2889 3172 2959 Ἰγνάτιος
3197 2892 3288 2945 τοῦ
3317 2892 3432 2962 βίου

3270 3035 3425 3093 Vers.
3462 3038 3600 3092 5309

2022 3155 2259 3226 quodam
2292 3155 2554 3228 Syrorum
2583 3157 2770 3228 copias
2798 3157 2963 3215 domo
3012 3159 3287 3230 profectas
3313 3176 3435 3216 esse
3468 3178 3595 3215 cum

2023 3246 2232 3317 impetu
2282 3246 2434 3318 gravi
2482 3257 2648 3319 atque
2679 3248 3032 3305 vehemente.
3059 3249 3175 3316 Qua
3209 3266 3267 3305 re
3303 3250 3602 3306 Michaclus

2020 3336 2229 3400 audita,
2265 3335 2474 3391 veritus
2513 3351 2584 3391 ne
2624 3334 2920 3391 multitudo
2966 3337 3282 3406 perturbata
3315 3335 3419 3390 hoc
3452 3351 3599 3389 nun-

2022 3427 2098 3482 tio
2158 3427 2437 3483 theatrum
2496 3426 2818 3493 desereret,
2875 3443 3001 3483 mox
3060 3428 3234 3497 ipsam
3289 3427 3599 3482 machinam

2021 3516 2293 3589 confringi
2346 3517 2532 3588 jussit.
2593 3518 2713 3574 Heu
2770 3528 2977 3589 quanta
3030 3518 3136 3574 fuit
3173 3519 3291 3573 haec
3327 3519 3601 3588 imperitia

1990 3617 2338 3678 ,quantaque
2375 3607 2691 3664 dementia!
2743 3608 2883 3679 proh
2924 3609 3140 3678 qualem
3178 3607 3443 3662 Romanis
3481 3607 3603 3661 the-

2022 3710 2246 3750 saurum
2320 3695 2561 3766 perdidit
2641 3696 2898 3766 impurus
2958 3695 3161 3761 homo,
3231 3695 3435 3762 bibax,
3500 3711 3600 3765 pc-

2023 3787 2259 3842 cuinusl

2093 3876 2163 3930 Et
2194 3876 2313 3931 haec
2337 3875 2565 3946 quidem
2593 3874 2727 3930 satis
2755 3875 2866 3947 jam
2895 3874 3176 3946 deplorata
3205 3885 3392 3931 sunto.
3423 3875 3599 3931 Caete-

2024 3983 2147 4022 rum
2196 3966 2430 4022 Basilius
2491 3967 2812 4037 imperator,
2874 3966 3261 4022 animadverso
3318 3966 3599 4021 fortunam

2022 4059 2324 4114 Romanam
2357 4058 2533 4129 (heu)
2566 4058 2909 4128 pervolutam
2961 4057 3019 4111 in
3070 4071 3248 4126 genua
3296 4056 3598 4122 labascere,

2017 4150 2240 4219 jamque
2270 4148 2366 4203 illo
2394 4147 2451 4202 in
2484 4146 2731 4218 periculo
2755 4146 2963 4202 versari
2987 4154 3049 4200 ut
3081 4145 3138 4199 in
3164 4159 3227 4200 os
3258 4146 3455 4198 misere
3486 4147 3600 4199 col-

2024 4240 2320 4306 laberetur,
2353 4240 2514 4310 108
2541 4238 2626 4293 vel
2663 4237 2868 4292 rectius
2897 4245 2957 4291 ut
2984 4236 3198 4305 loquar,
3225 4235 3408 4289 animo
3441 4236 3598 4303 quasi

2024 4331 2294 4387 defectam
2317 4330 2546 4400 spiritus
2572 4335 2851 4383 extremos
2873 4326 3101 4389 ducere,
3128 4325 3273 4394 regia
3308 4324 3415 4379 sibi
3445 4335 3602 4379 uten-

336 4421 380 4473 si
436 4420 653 4489 linguas
686 4420 837 4474 vivas
871 4418 1160 4485 haberent,
1209 4419 1558 4474 auditoribus
1608 4418 1677 4473 ad
1728 4433 1918 4473 carum
1950 4457 1997 4515 Β
2023 4422 2153 4476 dum
2185 4419 2453 4491 sapientia
2479 4417 2691 4481 statuit,
2734 4425 2791 4472 et
2822 4418 2942 4488 ejus
2979 4416 3144 4471 saluti
3194 4415 3598 4469 consulendum

338 4525 502 4564 voces
526 4509 1048 4579 ohstupescentibus
1079 4508 1497 4577 machinamque
1524 4521 1721 4563 novam
1752 4517 1810 4561 et
1834 4506 1918 4560 in-

340 4604 595 4657 usitatam
623 4602 1051 4657 admirantibus.
1086 4601 1246 4657 Libet
1275 4604 1439 4657 etiam
1470 4600 1620 4655 aliud
1654 4599 1917 4670 quiddam

336 4693 597 4765 lacrymis
637 4701 695 4749 et
740 4692 1131 4748 lamentatione
1163 4692 1388 4763 dignum
1418 4706 1717 4761 exponere.
1750 4690 1913 4745 Prin-

338 4800 471 4855 ceps
501 4784 595 4840 ille
635 4784 1088 4855 philosophorum
1118 4792 1176 4839 et
1206 4783 1437 4838 inﬁnitis
1461 4783 1716 4838 eruditus
1743 4782 1915 4838 disci-

336 4877 507 4945 plinis
531 4874 644 4931 Leo
675 4875 982 4946 Theophilo
1036 4876 1388 4946 imperatori,
1440 4874 1691 4930 Michaeli
1751 4875 1914 4945 patri,

336 4969 503 5036 plane
526 4966 854 5022 inusitatum
881 4965 1197 5023 confecerat
1240 4967 1668 5022 instrumentum
1696 4966 1918 5020 horolo-

335 5057 432 5128 gii,
481 5072 581 5127 per
605 5057 755 5127 quod
787 5057 1107 5128 imperatori
1155 5056 1339 5128 agenti
1385 5057 1440 5111 in
1492 5057 1639 5127 regia
1687 5056 1918 5127 singulis

338 5151 494 5205 boris
541 5149 903 5220 spectandum
951 5149 1249 5205 exhibebat
1309 5148 1578 5219 quidquid
1640 5147 1766 5202 novi
1831 5146 1918 5201 vel

339 5244 484 5314 apud
514 5244 729 5299 Arabes
760 5243 846 5298 vel
896 5243 1040 5314 apud
1091 5242 1259 5313 Syros
1311 5249 1573 5296 tentatur.
1614 5240 1774 5295 Forte
1817 5231 1916 5293 Mi-

337 5335 532 5392 chaelo
572 5333 801 5390 curules
846 5333 1007 5388 ludos
1055 5330 1336 5403 peragenti
1371 5329 1737 5401 signiﬁcatum
1767 5337 1853 5383 est
1888 5341 1919 5380 a

2021 4528 2145 4582 quae
2193 4519 2404 4566 tantum
2452 4526 2560 4565 non
2609 4518 2756 4565 esset
2804 4515 3021 4564 mortua
3072 4509 3289 4577 iamque
3341 4506 3599 4576 sepulcro

2021 4602 2329 4658 condenda.
2363 4601 2710 4672 Quapmpter
2734 4615 2802 4656 ex
2832 4615 2900 4655 eo
2940 4607 3187 4668 tempore
3227 4598 3303 4651 nil
3332 4596 3437 4651 uisi
3470 4612 3600 4668 per—

2019 4695 2172 4766 petui
2222 4696 2469 4761 labores,
2522 4693 2954 4757 sollicitudines,
3011 4690 3296 4753 molestize,
3348 4690 3631 4773 thoraces.

2017 4786 2163 4840 circa
2209 4796 2422 4855 pectus,
2468 4800 2618 4839 arma
2670 4785 2873 4848 ferrea,
2927 4782 3068 4837 bella
3117 4788 3372 4844 cruenta,
3409 4780 3597 4849 galeze,

2019 4875 2208 4939 hastae,
2243 4875 2389 4930 oculi
2424 4874 2492 4929 ad
2522 4876 2828 4930 satietatem
2855 4888 3049 4927 somno
3086 4871 3311 4925 minime
3339 4870 3594 4929 recreati.

2019 4967 2197 5037 Atque
2227 4967 2332 5022 hoc
2359 4966 2521 5021 modo
2548 4982 2662 5019 rem
2701 4964 3001 5019 Rcmanam
3032 4963 3294 5024 restituit,
3324 4969 3381 5015 et
3416 4960 3598 5015 furtu-

2018 5071 2146 5110 nam
2180 5055 2394 5124 imperii
2427 5055 2539 5125 jam
2568 5063 2948 5109 senescentem
2975 5069 3041 5107 ac
3078 5066 3241 5122 rugas
3263 5050 3597 5105 contrahen—

2023 5156 2131 5203 tem
2176 5163 2368 5202 rursus
2400 5147 2571 5201 instar
2611 5145 2805 5216 puellae
2832 5154 3078 5216 vegetam
3109 5154 3166 5199 et
3194 5152 3482 5198 venustam
3513 5142 3598 5195 ef-

2020 5239 2172 5294 fecit.
2200 5240 2484 5310 Agnovere
2514 5247 2628 5291 tum
2657 5237 2878 5292 barbari
2911 5237 3107 5303 feram,
3136 5253 3259 5307 qum
3307 5237 3460 5305 prius
3508 5249 3600 5289 so-

2022 5332 2136 5388 oita
2184 5340 2410 5388 strenue
2462 5347 2611 5388 nunc
2657 5330 2926 5387 adversus
2969 5331 3299 5403 iniuriarum
3346 5338 3598 5385 auctores

1680 5486 1891 5549 Varias
1924 5483 2256 5549 lectiones.

409 5659 452 5689 "
489 5653 1003 5728 χρυσιοφόρουςᾴΑ.
1071 5654 1121 5728 “_
1143 5652 1355 5728 άντλων
1381 5650 1486 5728 Β..
1526 5652 1573 5684 ⁸⁸
1602 5651 1864 5722 ὲμηχάνει
1894 5650 2008 5706 AR.
2087 5653 2131 5685 ⁸⁵
2163 5650 2417 5721 γλώσσης
2441 5648 2644 5722 ζώσης.
2676 5649 2746 5705 R.
2823 5648 2868 5683 “
2893 5648 3066 5704 δεινὸν
3100 5646 3168 5701 R.
3245 5645 3290 5678 "
3323 5639 3503 5716 μικρῷ
3524 5640 3590 5693 Δ.

346 5731 388 5759 ⁸⁸
422 5721 751 5788 ἐπΞσπίδιος
770 5721 855 5778 Ἀ.
877 5724 922 5756 ⁸⁸
959 5726 1035 5789 είς
1070 5725 1167 5787 τὰς
1188 5721 1437 5791 τρώγλας
1459 5721 1524 5775 A.
