4072 6478
422 359 530 426 419
1587 346 2096 413 CONSTANTINI
2144 342 2521 407 MANASSIS
3565 339 3673 401 462“

429 475 554 534 Τοῖς
576 468 892 540 εὐγαλὴνοις
924 465 1155 537 οὐρανοῦ
1192 462 1526 534 προσώκειλε
1554 462 1770 531 λιμέσιν
1794 459 1862 524 ’⁸,
2035 466 2078 520 Α
2110 455 2216 507 Καὶ
2232 455 2369 523 πρὸς
2400 450 2634 521 στοργῆν
2665 449 2761 520 τὴν
2798 445 3028 519 φυδικὴν
3065 447 3220 510 ἄλλος
3282 446 3511 518 σκληρὸς
3548 449 3678 503 ἀδά-

438 563 498 614 Ὁ
530 559 901 631 βαθυγνώμων
926 556 1148 618 Φὼτιος,
1176 556 1263 607 ἀεὶ
1290 553 1456 623 διψῶν
1484 552 1577 606 τοῦ
1603 550 1791 621 θρόνου
3449 541 3604 614 [μᾶς.

431 654 538 704 Kal
567 649 809 702 σπεύδων
832 644 1274 709 ὲπιτειύίξασθαι⁷η
1312 643 1475 695 πάλιν
1501 642 1599 711 τῆς
1651 636 2001 708 Ἐκκλησίας,
2105 632 2287 689 Ἦσαν
2314 636 2431 688 ἐκεῖ
2458 634 2781 707 θρηνήτριαι
2810 637 2902 689 καὶ
2931 636 3160 705 μονῳδοὶ
3188 637 3444 703 γυναῖκες

429 740 641 791 Τοιὸνδε
667 756 718 790 τι
746 736 1080 807 βαθύτροπον
1109 736 1200 788 καλ.
1231 733 1442 788 σκολιὸν
1476 732 1733 801 τεχνᾶται
1772 745 1788 761 ο
2108 727 2325 797 Πικρῶς
2348 726 2771 795 άνακλαιόμεναι
2802 728 2902 798 τὴν
2933 726 3220 798 συμφοράν
3250 726 3490 790 ἐκείνην.

428 830 550 882 Τῶν
576 829 853 897 ὀνομάτων
880 827 980 890 τὰς
1024 826 1198 896 ἀρχὰς
1231 824 1604 895 ἀπολαμϐάνει
1639 823 1804 892 μόνας
2106 816 2269 880 Οἶκος
2291 819 2492 881 ἐκεῖνος
2528 818 2757 881 πένθους
2787 814 2854 889 ἦν
2896 819 2993 872 καὶ
3025 819 3413 889 στεναγμάτων
3439 815 3608 881 οἰκος.

426 918 537 970 Τοῦ
557 916 840 987 βασιλέως,
875 916 983 968 τῶν
1007 918 1159 981 υίῶν,
1189 916 1324 970 άλλὰ
1350 916 1443 967 καὶ
1474 914 1571 984 τῆς
1601 909 1934 980 Αὐγούστης,
2105 906 2215 962 Ἦν
2238 909 2331 963 ml
2366 911 2645 979 στρουθίον
2679 910 2936 978 μουσικὸν
2969 913 3084 964 ἐκεῖ
3124 911 3268 965 κατὰ
3295 912 3387 963 τὸν
3416 905 3585 974 οἶκον,

432 1007 542 1057 Καὶ
567 1004 628 1057 τὸ
651 1004 848 1074 βεκλὰς
879 1004 1182 1074 συντίθησι,
1215 1004 1311 1058 καὶ
1346 1006 1506 1057 τοῦτο
1540 1000 1864 1070 σαφηνίσας,
2112 1001 2281 1055 Ἔνθα
2305 1002 2497 1070 πικρὸς
2534 1000 2838 1071 ὀλοφυρμὸς
2872 1004 2963 1056 καὶ
2998 1003 3122 1070 γόος
3148 1003 3414 1074 ὲξηχείτο,

432 1095 556 1156 Τοῖς
584 1096 705 1147 τότε
733 1095 1115 1163 σοφιστεύουσι
1144 1097 1445 1166 πράγματα
1473 1093 1830 1164 προξενῆσαν,
2113 1091 2289 1160 Ὅπερ
2310 1090 2505 1144 ἀκοῦον
2534 1093 2771 1161 συνεχῶς
2804 1093 2997 1161 φωνῶν
3026 1092 3407 1164 θρηνητηρίων

434 1184 653 1250 Ἐδοξεν
683 1182 821 1239 εἶναι
841 1186 1051 1256 βασιλεῖ
1081 1188 1255 1257 μέγας
1284 1188 1376 1240 ἐπὶ
1402 1187 1584 1257 σοφίᾳ,
2112 1183 2222 1236 Kal
2245 1181 2343 1245 τὰς
2372 1168 2836 1253 βοὰξὲκδιδαχθὲν
2861 1185 2958 1247 τὰς
2995 1185 3192 1255 γοερὰς
3217 1186 3428 1248 ὲκείνας

435 1275 547 1329 Kal
575 1275 738 1328 πάλιν
775 1276 866 1329 τὸν
896 1275 1196 1346 πολύζηλον
1223 1276 1662 1346 κατακληροῦται
1692 1274 1901 1346 θρόνον.
2111 1272 2551 1337 Συνανωλόλυζεν
2572 1275 2761 1337 αὑταῖς
2794 1276 2921 1345 περὶ
2949 1276 3043 1329 τοῦ
3076 1278 3285 1329 νεανίου

518 1369 656 1422 Ἀλλ’
682 1366 788 1439 ἄρα
825 1366 946 1431 νοῦς
989 1368 1340 1439 άκροσφαλὴς
1375 1371 1511 1422 πᾶσι
1540 1370 1654 1432 τοῖς
1680 1367 1936 1438 γηγενέσι
1956 1406 1973 1433 ,
2115 1364 2224 1416 Kal
2257 1362 2531 1432 προῦφερε
2562 1365 2654 1416 τὸν
2678 1364 2883 1418 Λέοντα
2910 1367 3006 1419 καὶ
3037 1367 3352 1437 συνθρηνεϊν
3378 1367 3561 1437 ἐῴκει.

438 1459 548 1511 Καὶ
574 1457 743 1528 κῆρες
776 1459 1047 1528 συμφυτοί
1073 1475 1217 1521 τινες
1247 1458 1452 1512 σύνεισι
1480 1462 1592 1522 τοῖς
1624 1458 1953 1530 ἀνθρώποις.
2113 1454 2316 1508 Τούτου
2344 1454 2474 1508 ποτὲ
2498 1454 2778 1519 Βασίλειος
2803 1455 3042 1520 ἀκούσας
3079 1458 3173 1511 τοῦ
3197 1459 3479 1527 στρουθίου

446 1550 506 1601 ’0
532 1550 639 1620 γάρ
665 1548 829 1613 πολὺς
874 1553 974 1620 τὴν
1018 1550 1233 1604 σύνεσιν
1260 1545 1413 1615 οὗτος
1468 1555 1526 1605 ὲν
1563 1551 1873 1622 βασιλεῦσιν
2114 1546 2416 1609 Λαλοῦντος
2439 1547 2532 1599 καὶ
2559 1547 2649 1599 τὸν
2676 1547 2881 1601 Λέοντα
2922 1549 3178 1618 φέροντος
3208 1550 3312 1603 ἀνᾶ
3331 1550 3379 1582 ⁷⁸
3420 1551 3617 1618 στόμα,

446 1640 582 1693 Ὑπό
610 1659 770 1694 τινων
798 1642 1150 1705 ἀναπεισθεὶς
1185 1642 1396 1713 ἀνδρῶν
1423 1644 1764 1713 δφιοτρὸτ-ων
1787 1644 1858 1709 τ’,
2115 1637 2227 1691 Καὶ
2272 1636 2397 1699 τοὺς
2439 1636 2710 1703 παρόντας
2752 1635 3015 1708 ἔνθερμον
3065 1639 3363 1703 στάξαντας
3415 1640 3611 1709 βλέψας
3646 1640 3691 1673 ⁷⁸

437 1731 502 1783 Οἳ
527 1731 710 1795 δόλους
733 1732 1147 1802 ύπορῤάπτουσι
1182 1735 1274 1786 καὶ
1308 1731 1785 1803 μηχανοπλοκοῦσι
2047 1797 2085 1803 _
3425 1730 3620 1803 [δάκρυ

439 1823 547 1877 Kal
573 1822 803 1893 φίλτατα
829 1797 1139 1892 διγάζουσιν
1172 1824 1281 1878 ἀπὸ
1461 1841 1570 1893 ρων
1581 1825 1783 1886 τέκνα.
2046 1797 2090 1854 Β
2119 1816 2249 1893 (Ἱιν
2268 1820 2326 1873 δὲ
2347 1820 2815 1891 λιπαροτράπεζον
2860 1821 3054 1893 εΰοψον
3090 1823 3305 1877 δεῖπνον
3341 1797 3511 1893 τότ-ε),

452 1913 585 1963 Ἀπὸ
620 1911 824 1982 μητρὸς
859 1912 1174 1982 θυγάτριον,
1205 1912 1314 1965 ἀπὸ
1341 1914 1575 1982 νυμφίου
1606 1912 1847 1982 νύμφην,
2132 1912 2423 1978 Ἐνδίδωσι,
2455 1915 2790 1983 μαλάσσεται
2818 1913 2918 1984 τῆς
2942 1914 3474 1986 σκληρογνωμοσύνη
3514 1956 3529 1981 ,

439 1999 566 2066 (lio;
592 2004 621 2055 ὁ
652 2001 1067 2071 Σανταϐαρηνὺς
1084 2005 1291 2066 ἐκεῖνος
1317 2005 1347 2055 ὁ
1382 2004 1714 2075 δυσδαίμων,
2118 2003 2462 2074 Δίδούμενος,
2489 2004 2563 2068 ὡς
2597 2004 2764 2069 ἔοικε,
2797 2006 2872 2077 μή
2903 2023 3017 2069 πως
3045 2006 3174 2076 περὶ
3197 2008 3295 2075 τὴν
3324 2004 3487 2075 φύσιν

441 2091 808 2162 Καθείργνυσι
838 2093 930 2146 τὸν
959 2094 1162 2148 Λέοντα
1190 2095 1285 2147 τὸν
1307 2095 1473 2148 παῖδα
1502 2097 1593 2150 τὸν
1612 2099 1812 2150 οἰκεῖον
2133 2098 2640 2170 ’Δσυμπαθέστερος
2670 2100 2836 2153 αὑτοῦ
2865 2101 3105 2170 φαίνοιτο
3133 2099 3229 2154 τοῦ
3261 2100 3568 2170 στρουθίου.

449 2182 542 2244 Ὦς
566 2181 729 2251 δῆθεν
757 2183 900 2237 κατὰ
923 2182 1027 2236 τοῦ
1053 2185 1257 2254 πατρὸς
1302 2185 1528 2256 βρόχους
1570 2187 1792 2241 ἱστάντα
1829 2189 2017 2259 φόνου,
2135 2190 2352 2259 Ἐξάγει
2375 2191 2661 2262 τοίνυντῆς
2677 2192 2920 2262 εἱρκτῆς,
2949 2192 3042 2246 καὶ
3063 2191 3327 2263 πατρικὸν
3343 2192 3701 2265 προσϐλέπει.

440 2271 650 2341 ’Ἄνδρα
673 2271 1136 2342 φιλοσοφώτατον,
1171 2274 1427 2342 γνώσεως
1459 2275 1638 2344 πάσης
1670 2276 1855 2347 πλήρη
2122 2281 2231 2335 Kal
2262 2282 2442 2334 τοίνυν
2484 2282 2662 2335 ἔτεσιν
2693 2283 2836 2336 ὀκτὼ
2867 2281 3156 2353 Ῥωμαίων
3187 2281 3512 2352 βασιλεύσας
3544 2282 3614 2346 ’⁸,

441 2362 554 2416 Kal
582 2364 715 2416 πᾶσι
736 2366 850 2427 τοίς
888 2364 1205 2435 μαθήμασιν
1243 2366 1830 2436 ὲμπαιδοτριϐηθέντα,
2123 2373 2232 2426 Kal
2263 2373 2472 2444 μέλλων
2498 2373 2598 2444 ἢδη
2624 2375 2879 2445 τελευτᾷν
2913 2377 3005 2428 καὶ
3035 2374 3308 2444 καταντᾷν
3346 2375 3429 2437 είς
3471 2371 3650 2443 τύμδο

448 2453 546 2505 Ὃν
575 2455 869 2524 συμφορῶν
895 2456 937 2487 τ’
966 2458 998 2525 ἡ
1027 2458 1256 2525 κάμινος
1292 2460 1396 2509 καὶ
1427 2459 1536 2511 τῶν
1582 2459 1770 2512 κακῶν
1823 2460 2023 2530 χωνεία
2122 2467 2217 2530 Εἰς
2242 2466 2429 2520 τοῦτον
2455 2468 2514 2520 τὸ
2540 2466 2810 2539 βασίλειον
2830 2467 3028 2536 κράτος
3063 2464 3436 2536 μεταϐιϐάζει.

442 2542 657 2611 Χρυσὸν
685 2544 966 2611 ἀπέδειξεν
999 2547 1165 2616 μηδὲν
1194 2546 1504 2618 ὑπόχαλκον
1527 2548 1784 2619 ἠχοῦντα.
2194 2557 2382 2629 Τούτῳ
2412 2558 2542 2611 ποτὲ
2572 2557 2650 2629 τῷ
2688 2557 2898 2628 βασιλεῖ
2930 2558 3155 2628 πρόοδον
3195 2559 3509 2629 ποιουμένῳ

455 2634 721 2690 Ἐνταῦθα
740 2636 856 2704 γόοι
881 2638 975 2691 καὶ
1005 2638 1278 2709 κλαυθμοὶ
1306 2642 1512 2711 μητρὸς
1555 2642 1929 2712 ποτνιωμένης
2124 2650 2243 2703 Κάν
2271 2648 2349 2718 τῷ
2364 2648 2478 2719 ναῷ
2505 2647 2598 2702 τοῦ
2636 2649 2912 2720 μάρτυρος
2945 2649 3169 2704 Μωκίου
3198 2648 3476 2720 γενομένῳ

443 2730 554 2781 Kal
581 2728 841 2799 δεομένης
865 2728 959 2782 τοῦ
993 2732 1200 2802 πατρὸς
1229 2732 1370 2801 ὑπὲρ
1412 2732 1530 2785 υίοῦ
1565 2733 1863 2804 δυστήνουο
2137 2740 2408 2811 Ἐπιπηδᾷ
2434 2757 2515 2802 τις
2543 2740 2733 2809 άγριος
2762 2740 2905 2793 κατὰ
2938 2741 3064 2803 τοὺς
3100 2739 3491 2810 δαιμονῶντας,

458 2819 598 2874 Ἀλλ’
629 2817 698 2892 ἦν
712 2823 918 2886 ἐκεῖνος
940 2823 1206 2893 ἄτεγκτος
1238 2825 1553 2897 ἀμάλακτος
1597 2826 1674 2890 ὡς
1706 2828 1880 2899 πέτρα
1899 2864 1915 2891 ,
2128 2833 2447 2905 ’Ἄνθρωπος
2476 2834 2878 2905 ἁστατούμενος
2911 2836 2974 2888 τὸ
3008 2834 3195 2905 σχῆμα
3234 2834 3410 2888 καὶτὸ
3442 2833 3683 2905 βλέμμα,

3376 2977 3534 3034 Vcrs.
3567 2979 3711 3034 556i

448 3096 751 3168 evigilarat.
789 3098 1002 3154 ldcirco
1047 3100 1220 3154 territi
1252 3100 1494 3157 latebras
1532 3101 1790 3166 subiere,
1834 3110 2028 3173 poten-
2056 3126 2098 3185 ο
2131 3110 2245 3155 tum
2274 3101 2468 3156 fornax
2491 3112 2548 3157 et
2574 3105 2845 3157 malorum
2896 3101 3278 3157 conﬂatorium
3304 3102 3545 3157 Leonem
3580 3118 3720 3173 pro-

451 3192 528 3241 tia
567 3186 811 3242 Romana
840 3203 1037 3243 rursus
1070 3190 1464 3245 invalesceute.
2136 3195 2337 3249 barunt
2364 3210 2498 3249 auro
2527 3195 2766 3251 similem
2794 3211 2938 3262 esse,
2983 3196 3072 3250 cui
3119 3196 3254 3250 nihil
3288 3195 3410 3250 teris
3436 3196 3721 3251 subesset.

529 3281 666 3335 Cum
714 3289 898 3334 autem
942 3281 1209 3337 liberatus
1243 3282 1371 3336 vitae
1409 3282 1670 3352 procellis
1695 3283 1938 3353 lgnatius
1968 3284 2032 3339 ad
2136 3287 2277 3343 Hinc
2302 3287 2408 3343 orti
2440 3289 2685 3358 ploratus
2711 3296 2767 3342 et
2797 3290 3127 3361 ejulationes
3153 3289 3343 3344 matris
3374 3299 3578 3344 sortem
3615 3288 3729 3345 [illi

453 3372 701 3441 placidos
729 3372 840 3440 jam
883 3371 1011 3426 caeli
1066 3379 1261 3441 portus
1311 3371 1636 3442 appulisset,
1687 3381 1903 3428 astutus
1943 3375 2035 3429 ille
2136 3379 2491 3435 lamentantis
2537 3393 2593 3436 et
2640 3381 2783 3451 apud
2832 3392 3039 3451 patrem
3092 3397 3190 3449 pro
3234 3397 3301 3435 eo
3341 3380 3720 3451 deprecantis.

459 3462 710 3525 l’ltotius,
746 3478 1025 3531 nunquam
1064 3478 1181 3516 non
1214 3464 1395 3520 throni
1436 3464 1691 3534 cupidus,
1732 3467 1785 3520 in
1820 3467 1925 3521 hoc
1958 3475 2039 3520 to-
2139 3468 2243 3522 Sed
2275 3479 2395 3521 erat
2424 3468 2615 3533 durus,
2650 3482 2703 3523 et
2733 3470 2905 3523 instar
2939 3471 3052 3523 saxi
3084 3469 3286 3523 molliri
3320 3485 3429 3524 non
3461 3478 3723 3539 poterat;

460 3562 548 3607 tus
581 3553 907 3609 incumbens
932 3564 991 3608 ut
1012 3555 1267 3609 Ecclesia
1287 3572 1505 3611 rursum
1539 3557 1832 3626 potiretur,
1856 3559 2041 3630 hujus-
2142 3556 2249 3609 imo
2274 3572 2427 3626 teque
2459 3573 2648 3626 parum
2673 3574 2737 3611 ac
2766 3558 2988 3612 adamas
3014 3560 3079 3611 ab
3108 3574 3293 3613 amore
3324 3558 3557 3612 naturali
3585 3574 3727 3628 erga

460 3644 606 3701 modi
637 3644 899 3713 quiddam
932 3662 1063 3702 sane
1096 3659 1381 3702 versutum
1428 3663 1491 3703 ac
1526 3664 1751 3719 pravum
1793 3651 2037 3704 molitur.
2143 3645 2313 3699 ﬁlium
2374 3645 2718 3700 ﬂectebatur.
2776 3646 3195 3701 Adhibebamur
3253 3647 3587 3701 muliercula:
3637 3646 3728 3701 la-

459 3734 617 3788 Selas
646 3735 850 3803 primas
879 3737 1099 3791 litteras
1135 3737 1420 3791 nominum
1468 3738 1844 3807 imperatoris,
1902 3738 2042 3792 libe-
2142 3735 2536 3800 mentatriccs,
2571 3751 2692 3805 qua:
2744 3735 3089 3805 prmﬁcarum
3143 3734 3199 3788 in
3248 3751 3458 3791 morem
3511 3735 3729 3790 naanias

460 3841 645 3880 rerum
693 3828 813 3897 ejus
857 3836 913 3882 et
957 3828 1214 3899 Augustae
1261 3830 1467 3895 sumit,
1498 3838 1662 3899 atque
1694 3830 1820 3884 inde
1854 3830 2043 3885 Beclas
2143 3825 2405 3894 quasdam
2431 3826 2739 3895 lugubriter
2758 3826 3078 3880 accinerent
3106 3834 3162 3880 et
3189 3826 3554 3880 calamitatem
3579 3825 3729 3879 Leo-

460 3918 762 3987 r-omponit,
797 3934 975 3988 eoque
1008 3920 1308 3984 declarato,
1347 3936 1471 3974 cum
1501 3921 1620 3991 ejus
1648 3921 1826 3975 anatis
1860 3921 2041 3975 homi—
2144 3917 2231 3969 nis
2264 3915 2461 3970 acerbe
2504 3916 2877 3985 deplorarent.
2910 3916 3116 3971 Domus
3145 3917 3400 3971 universa
3429 3917 3565 3971 nihil
3598 3927 3729 3971 erat

462 4008 628 4063 nibus
652 4008 910 4064 litteratis
940 4009 1146 4080 negotii
1186 4024 1299 4063 non
1333 4024 1524 4079 parum
1556 4010 1930 4074 exhibuisset,
1964 4010 2045 4063 vi-
2145 4006 2294 4059 aliud
2328 4021 2492 4076 quam
2524 4007 2963 4072 luctus._Aderat
2994 4015 3053 4061 et
3081 4022 3283 4060 canora
3315 4006 3560 4075 quzedam
3601 4006 3727 4060 avi-

410 4120 413 4121 ν
461 4117 559 4155 sus
607 4110 692 4155 est
749 4100 1069 4171 imperatori
1123 4101 1204 4155 vir
1253 4117 1375 4156 esse
1426 4116 1634 4171 magum
1682 4103 1949 4156 doctrinm
1981 4119 2045 4158 ac
2145 4097 2289 4161 cula,
2323 4112 2445 4166 qua:
2476 4096 2795 4166 frequenter
2824 4112 2986 4151 voces
3023 4097 3145 4151 illas
3197 4096 3577 4151 lamentabiles
3620 4113 3729 4150 au-

462 4189 781 4257 sapientiae;
826 4190 1060 4258 ideoque
1106 4190 1302 4244 solium
1354 4191 1404 4243 ei
1450 4192 1879 4260 patriarchicum
1916 4191 2044 4246 red-
2147 4191 2304 4247 diens
2336 4192 2495 4263 109
2526 4201 2581 4248 et
2610 4208 2704 4247 eas
2728 4191 2945 4254 edocta,
2980 4207 3106 4246 cum
3154 4192 3495 4247 mulierculis
3531 4191 3728 4245 adole-

465 4280 641 4333 ditur.
2147 4292 2428 4347 seentem,
2489 4298 2753 4353 expresso
2806 4282 3009 4337 Leonis
3061 4284 3321 4349 nomine,
3375 4282 3728 4351 deplorabat.

544 4372 651 4427 Sed
677 4372 827 4427 enim
860 4375 1173 4429 mortalium
1224 4382 1439 4429 mentes
1488 4375 1781 4445 plurimum
1833 4384 2042 4439 errant,
2152 4373 2302 4427 Hanc
2332 4373 2602 4427 aviculam
2632 4388 2755 4427 cum
2787 4371 3085 4441 aliquando
3117 4371 3353 4427 Basilius
3403 4373 3727 4442 loquentem

466 4477 527 4519 et
588 4464 864 4518 naturalia
917 4463 1026 4518 fata
1084 4465 1332 4534 quaedam
1385 4466 1636 4521 homines
1686 4469 2043 4521 comitantur.
2079 4463 2120 4515 D
2149 4464 2362 4518 audiret
2394 4478 2459 4517 ac
2502 4463 2557 4517 in
2597 4478 2693 4518 ore
2740 4478 2941 4517 nomen
2972 4461 3175 4517 Leonis
3209 4463 3498 4527 ferentem,
3533 4463 3733 4517 simul-

472 4558 612 4614 Nam
644 4558 943 4627 imperator
972 4557 1065 4612 hic
1091 4558 1389 4627 cmteroqui
1417 4558 1925 4626 prudentissimus.a
1956 4576 2050 4613 va-
2153 4574 2261 4627 que
2293 4555 2508 4611 videret
2533 4570 2631 4610 eos
2667 4555 2761 4625 qui
2800 4554 3031 4609 aderant
3072 4556 3338 4626 lacrymas
3366 4552 3727 4623 profundere,

473 4649 576 4703 fris
625 4647 953 4717 quibusdam
990 4647 1309 4703 hominibus
1342 4664 1660 4718 persuasus,
1706 4651 1800 4719 qui
1832 4651 2053 4705 fraudes
2152 4648 2299 4702 illico
2345 4647 2413 4701 de
2464 4647 2544 4701 ira
2594 4646 2845 4700 nonnihil
2901 4646 3169 4714 remittit,
3222 4646 3424 4700 durum
3477 4630 3732 4701 animum

472 4748 725 4807 nectunt,
773 4748 831 4793 et
861 4740 1298 4816 machinationes
1337 4750 1560 4795 struunt
1589 4741 2052 4811 charissimosque
2150 4742 2387 4798 emolliri
2418 4742 2644 4812 patitur,
2686 4742 2977 4805 reveritus,
3012 4742 3089 4795 uti
3118 4739 3343 4810 quidem
3374 4749 3623 4809 apparet,
3656 4755 3732 4794 ne

474 4831 680 4887 liberos
722 4848 754 4886 a
786 4832 1109 4902 parentibus
1159 4831 1513 4904 disjungunt;
1560 4848 1591 4886 a
1640 4841 1816 4886 matre
1863 4831 2049 4898 ﬁliam,
2152 4835 2293 4889 forte
2341 4843 2536 4888 natura
2583 4833 2755 4902 magis
2800 4846 2996 4901 expers
3054 4848 3176 4887 esse
3229 4830 3734 4886 commiserationis

476 4938 736 4992 sponsum
782 4939 812 4977 a
852 4939 1085 4994 sponsa,
1120 4939 1353 4993 quorum
1385 4931 1566 4979 crate
1602 4938 1831 4978 numero
1862 4924 2051 4978 infelix
2098 4922 2117 4929 “
2156 4940 2319 4993 quam
2377 4922 2589 4976 avicula
2647 4919 2955 4975 videretur.
3018 4919 3361 4989 Quapmpter
3418 4932 3449 4972 e
3507 4932 3734 4972 carcere

477 5015 571 5069 ille
598 5016 1001 5072 Santabarenus
1026 5034 1041 5080 ;
1069 5016 1308 5072 Leonem
1360 5015 1531 5070 lilium
1566 5031 1723 5070 suum
1775 5020 1828 5069 in
1861 5032 2050 5070 carce-
2159 5015 2329 5067 lilium
2358 5013 2543 5067 educit
2570 5021 2626 5065 et
2654 5020 2881 5082 paterno
2909 5011 3136 5080 mitique
3160 5011 3314 5066 vultu
3352 5008 3568 5078 aspicit.
3613 5009 3736 5062 Mo-

481 5122 595 5159 rem
621 5108 940 5178 eompiugit,
976 5110 1128 5178 quasi
1159 5110 1249 5179 qui
1291 5109 1485 5163 mortis
1531 5109 1760 5178 laqueos
1791 5108 1931 5177 patri
1970 5123 2050 5162 te-
2158 5107 2367 5159 riturus
2398 5114 2580 5157 aulcm
2612 5104 2760 5158 hunc
2788 5104 2969 5174 ipsum
3003 5102 3235 5173 imperio
3264 5101 3514 5173 przeflcit.

482 5207 655 5261 xeret,
681 5186 803 5251 cum
833 5200 879 5253 is
909 5217 1100 5254 revera
1128 5201 1390 5255 doctrina:
1419 5199 1854 5255 studiosissimus
1882 5206 2048 5263 esset,
2227 5198 2365 5253 Cum
2392 5197 2502 5251 Leo
2531 5197 2767 5266 quodam
2801 5208 3046 5267 tempore
3076 5212 3392 5266 processum
3419 5196 3738 5251 institueret

481 5285 632 5337 omni
684 5286 913 5341 scientia
964 5289 1182 5357 copiose
1231 5291 1553 5352 instructus,
1594 5289 1850 5344 omnibus
1880 5287 2048 5341 disci-
2155 5288 2379 5357 jamque
2408 5286 2750 5354 pervenisset
2790 5292 2863 5340 ad
2911 5285 3070 5340 Mocii
3121 5286 3378 5357 martyris
3419 5285 3616 5349 aedem,
3646 5285 3736 5337 vir

485 5376 651 5445 plinis
684 5392 714 5431 a
744 5392 916 5447 puero
944 5379 1213 5434 excultus.
1246 5380 1425 5450 Atque
1456 5380 1573 5434 haec
1606 5394 1737 5434 sane
1766 5377 2048 5432 calamita-
2161 5380 2386 5449 quidam
2416 5379 2691 5443 immanis,
2725 5378 2792 5434 iis
2820 5378 3015 5435 similis
3044 5381 3139 5450 qui
3166 5379 3327 5434 malis
3356 5394 3386 5433 a
3413 5377 3590 5450 geniis
3617 5376 3738 5447 agi-

1835 5514 2042 5575 ἴτω-ἰῶ
2083 5515 2412 5576 lectiones.

598 5661 647 5731 7°
686 5659 949 5731 λειμῶσιν
975 5661 1045 5715 R.
1124 5660 1166 5693 '"
1198 5661 1603 5716 ἐπισπάσασθαι
1632 5668 1695 5714 Α.
1772 5663 1817 5695 ’⁸
1852 5656 2198 5729 δερεοτρόπων
2231 5657 2344 5712 ΑΒ.
2421 5658 2468 5691 ⁷⁸
2501 5659 2801 5730 συμφοραῖς
2846 5660 2909 5713 Α.
2985 5657 3035 5691 ’⁸
3066 5658 3160 5713 ἐπὶ
3186 5657 3250 5715 R.
3326 5658 3373 5692 ⁷⁸
3412 5655 3631 5727 βλέπειν
3661 5653 3729 5710 R.

496 5728 540 5760 ⁷⁸
565 5729 718 5787 Hunc
746 5728 962 5787 versum
994 5747 1103 5786 om.
1144 5732 1208 5785 ll.
