4072 6440
334 335 433 405 ιὲῙ

338 458 450 511 Kal
479 455 666 529 ῥάϐδῳ
693 458 836 514 κατὰ
861 461 1103 534 κεφαλῆς
1120 462 1345 535 πλήττει
1371 462 1588 534 πληγὴν
1610 465 1851 536 καιρίαν.

340 550 453 601 Kal
482 549 813 621 συλληφθεὶς
843 554 939 606 καὶ
973 553 1214 624 βιασθεὶς
1242 555 1418 608 εἰπεῖν
1463 556 1588 619 τοὺς
1618 555 1924 618 συνειδότας

344 639 459 693 Οὐκ
488 636 631 709 εἶχεν
668 640 773 693 ὅτι
809 640 1136 712 φθέγξαιτο’
1182 644 1343 698 πάθει
1375 644 1469 697 καὶ
1500 644 1609 715 γὰρ
1649 644 1894 714 ὠχλεϊτο.

347 731 673 801 Ἀνθρωπος
708 732 768 785 δέ
791 749 876 797 τις
898 734 1043 806 ἱερὸς
1077 735 1351 806 πνεύματι
1387 734 1519 805 θείῳ
1556 736 1789 806 λάμπων

350 821 463 874 Καὶ
498 822 687 892 χάρισι
719 825 1033 895 κατάκομος
1058 824 1253 897 (ὄνομα
1272 825 1449 897 τούτῳ
1476 826 1747 898 Μάρκος),

359 911 509 964 Ἰδὼν
540 912 1004 987 βαρυθυμήσαντα
1030 916 1221 980 δεινῶς
1240 918 1333 970 τὸν
1357 916 1585 988 βασιλέα

348 1002 461 1055 Καί
487 1021 538 1056 τι
569 1005 663 1058 καὶ
687 1005 975 1060 πείσεσθαι
994 1007 1168 1060 δεινὸν
1184 1007 1229 1039 ⁷⁷
1259 1007 1512 1062 ἐντεῦθεν
1535 1008 1811 1080 οἰηθέντα,

342 1096 644 1168 Φάρμακον
674 1096 1014 1150 άκεσώδυνον
1034 1097 1159 1160 τοὺς
1187 1098 1381 1165 λόγους
1408 1096 1726 1152 ἐπιπάττων

345 1185 1009 1257 Προφητικῶςὰνέκραγε
1059 1188 1287 1256 στόματι
1326 1187 1741 1261 καλλιγλώττῳσ

353 1300 371 1327 ι
417 1272 490 1329 '0
525 1275 769 1347 βασιλεῦ,
791 1276 1021 1346 μηδέπω
1044 1294 1135 1346 μοι
1153 1276 1253 1348 τήν
1268 1278 1528 1347 τελευτὴν
1546 1280 1595 1313 ⁷⁸
1621 1281 1916 1355 προσδόκα,

344 1368 500 1438 Μηδέ
532 1384 616 1421 σοι
632 1367 967 1438 καταθύμιος
990 1369 1021 1421 6
1039 1367 1269 1433 θάνατος
1291 1369 1566 1438 γενέσθω·

344 1461 491 1512 Δὲκα
520 1459 616 1513 καὶ
644 1459 759 1527 γὰρ
782 1459 1021 1513 ἐνιαυτοὶ
1049 1458 1195 1531 ζωῆς
1229 1462 1324 1514 καὶ
1347 1459 1627 1530 βασιλείας

346 1552 508 1622 Παρὰ
531 1552 632 1622 τῆς
660 1551 866 1606 ἀνωθεν
891 1552 1075 1623 χειρὸς
1109 1551 1567 1624 πεφιλοτίμηνταί
1589 1571 1691 1608 σοι.
1729 1572 1750 1608 ι

359 1643 422 1695 '0
450 1643 550 1713 μὲν
576 1640 749 1696 εἰπὼν
778 1642 1055 1712 ἐσίγησεν,
1082 1644 1112 1697 6
1146 1642 1398 1713 βασιλεὺς
1432 1646 1481 1698 δ’
1500 1644 1705 1708 εὐθέως

346 1735 460 1788 Kal
482 1734 581 1804 τῆς
607 1733 821 1804 πληγῆς
843 1734 1069 1806 ὲρράἳσε
1096 1735 1192 1789 καὶ
1220 1736 1319 1804 τῆς
1345 1735 1717 1809 βαρυθυμίας.

354 1828 425 1880 Ἦ
443 1826 502 1880 δὲ
534 1826 628 1881 τοῦ
650 1827 882 1899 Μάρκου
911 1827 1219 1900 πρόρρησις
1245 1829 1467 1899 γέγονεν
1491 1832 1592 1885 οὐκ
1614 1833 1695 1896 είς
1720 1832 1917 1906 μάτην.

418 1908 591 1980 Οὗτος
624 1915 840 1987 ἀλόχοις
866 1918 1163 1989 τέσσαρσιν
1194 1919 1224 1972 6
1255 1921 1406 1973 Λέων
1434 1921 1725 1992 συνεζύγη,

284 2068 293 2083 δ
342 2003 459 2073 οὐχ
485 2003 649 2075 ήδονῇ
667 2006 713 2037 ⁷⁸
743 2005 1075 2075 νικώμενος..
1094 2006 1230 2061 άλλά
1253 2008 1423 2078 διψῶν
1453 2010 1723 2066 τεκνῶσαι

344 2095 459 2149 Καὶ
483 2096 682 2160 παῖδας
706 2095 902 2167 βλέψαι
932 2097 1033 2168 τῆς
1060 2098 1229 2153 αὐτοῦ
1257 2099 1668 2172 βλαστήσαντας
1693 2103 1915 2172 ὀσφύος.

357 2186 454 2240 Ἐκ
473 2187 574 2257 τῆς
593 2187 867 2258 τετάρτης
895 2188 1188 2260 τοιγαροῦν
1217 2192 1313 2246 καὶ
1338 2192 1659 2258 τελευταίας
1688 2195 1809 2249 κύει

343 2280 523 2335 nam
553 2283 1108 2354 πορφυροσλάστητον
1129 2285 1368 2358 τοῦνομα
1394 2290 1828 2347 Κωνσταντένον.

357 2371 522 2426 Ἀλλὰ
547 2374 657 2445 γὰρ
693 2375 1045 2435 ἀτοταῦτατον
1076 2380 1188 2443 τοῖς
1216 2380 1309 2434 τοῦ
1337 2381 1477 2435 Θεοῦ
1497 2383 1826 2454 προσπόλοις

358 2462 567 2518 Ἐδόκει
592 2466 654 2519 τὸ
685 2467 973 2538 γινόμενον
1001 2469 1157 2538 παρὰ
1183 2469 1278 2524 τοῦ
1309 2455 1625 2543 βασιλέως

346 2556 453 2610 Τὸν
481 2556 661 2626 γάμον
679 2558 1081 2630 ἐπεισαγαγεῖν
1115 2561 1396 2633 τέταρτον,
1423 2566 1518 2620 καὶ
1544 2566 1772 2636 μολῦναι

347 2645 461 2717 Τὴν
472 2647 752 2721 ἄφθαρτον
767 2651 915 2704 καὶ⁸⁰
933 2651 1183 2723 καθαρὰν
1201 2653 1423 2725 νύμφην
1438 2656 1540 2726 τὴν
1568 2654 1914 2729 Ἐκκλησίαν.

347 2735 459 2789 Kal
484 2735 664 2791 τοίνυν
695 2739 726 2790 6
754 2738 1043 2805 Νικόλαος,
1073 2740 1289 2809 πρῶτος
1310 2740 1387 2797 ὢν
1410 2745 1761 2815 ἀρχιποίμην·

344 2825 459 2880 Καὶ
482 2826 587 2898 τὴν
613 2829 1190 2886 Κωνσταντινούπολιν
1211 2832 1415 2889 διέπων
1434 2834 1758 2899 ττινικαῦτα,

1471 336 1967 408 COMPENDIUM
2013 346 2489 414 CHRONICUM.

3489 360 3605 425 422'

1952 466 1998 526 Α
2029 465 2214 532 Λαλεί,
2243 467 2700 539 παρρησιάζεται,
2738 470 2838 543 πλη
2850 474 2932 542 poi
2953 471 3013 527 τὸ
3036 474 3127 529 τοῦ
3153 478 3457 550 προφήτου,

2027 557 2221 610 Λαλῶν
2243 558 2379 611 Θεοῦ
2415 561 2718 632 μαρτύριον
2747 563 2928 618 ἔναντι
2954 564 3243 637 βασιλέων,

2025 650 2137 702 Kal
2166 650 2266 713 τὰς
2291 651 2502 706 ἐκεῖθεν
2532 654 2758 719 ἀπειλὰς
2786 657 2846 709 οὐ
2875 661 3131 728 πτήσσων
3158 661 3276 715 οὐδὲ
3296 663 3543 734 τρέμων,

2024 738 2212 802 υῦτως
2240 742 2269 793 6
2295 742 2460 809 φόϐος
2491 744 2585 815 τοῦ
2611 745 2748 799 Θεοῦ
2781 746 2968 818 βάλλει
3004 752 3222 821 μακρὰν
3246 753 3336 808 τὸν
3359 756 3530 825 φόϐον

2023 827 2128 881 Τδν
2160 828 2221 894 ἐξ
2263 829 2567 902 άνθρωπων
2596 834 2838 889 δυνατῶν
2859 837 2903 869 ⁸¹
2942 839 3037 892 καὶ
3066 841 3158 895 τὸν
3190 843 3255 896 ἐκ
3300 843 3408 897 τῶν
3455 863 3593 916 κρα-

3311 933 3589 1007 [τούντων.

2034 1011 2314 1069 Ἐντεῦθεν
2341 1015 2663 1071 ὲκδιώκεται
2693 1019 2790 1088 τῆς
2818 1023 3050 1092 ποίμνης
3075 1023 3171 1077 καὶ
3210 1024 3301 1078 τοῦ
3340 1026 3558 1098 θρόνου,

2020 1107 2132 1161 Kal
2159 1108 2223 1178 δὴ
2256 1109 2352 1162 καὶ
2379 1113 2765 1183 κατακρίνεται
2794 1117 2862 1168 τά
2886 1118 2984 1185 τῆς
3014 1119 3335 1188 ὑπερορίας.

2020 1197 2247 1271 Ἕτερος
2269 1200 2318 1252 δ’
2343 1201 2748 1272 ἀντεισάγεται,
2783 1206 2949 1270 πολὺς
2978 1209 3120 1280 ἀνὴρ
3155 1210 3223 1264 τά
3248 1209 3393 1277 θεῖα,

1973 1324 1985 1335 ο
2023 1290 2122 1352 Ὃς
2161 1289 2221 1355 ἐξ
2239 1291 2447 1362 ὀνύχων
2480 1293 2706 1349 ἁπαλῶν
2728 1298 2836 1350 κάκ
2858 1297 3080 1369 πρώτης
3110 1300 3326 1370 ἡλικίας

2019 1375 2183 1446 ζυγὸν
2205 1379 2297 1433 τὸν
2324 1379 2468 1434 θεῖον
2498 1381 2745 1436 ὑπελθὼν
2767 1384 2858 1438 τὸν
2886 1385 2979 1439 τοῦ
3005 1389 3277 1459 μονήρους
3309 1389 3433 1462 βίου-

1914 1550 1917 1553 ν
2016 1469 2250 1541 Οῖκησιν
2286 1470 2446 1544 ἔσχεν
2474 1474 2755 1545 Ὄλυμπον
2780 1478 2873 1532 τὸν
2899 1480 3040 1535 κατὰ
3061 1482 3162 1552 τὴν
3190 1484 3429 1550 Μυσίαν,

2017 1569 2131 1621 Kal
2155 1568 2375 1639 χάρισιν
2396 1570 2668 1642 ἐξέλαμψε
2699 1574 2760 1626 τὸ
2793 1574 2984 1644 μέλλον
3014 1577 3437 1648 προδηλούσαις.

2016 1653 2183 1723 Οὗτος
2202 1660 2339 1714 Θεοῦ
2368 1662 2726 1727 κελεύσαντος
2757 1667 2871 1718 ἑνοῖ
2890 1667 2990 1737 τὴν
3028 1668 3377 1739 Ἐκκλησίαν,

1945 1794 1993 1853 Β
2019 1751 2493 1853 Κατρισχισθεῖσαν
2532 1755 2613 1816 είς
2640 1754 2843 1820 πολλὰς
2863 1758 3036 1827 τομὰς
3066 1759 3160 1812 καὶ
3200 1759 3499 1832 διαιρέσεις

2035 1838 2160 1892 Ἐπὶ
2193 1838 2620 1912 παρανομήματι
2650 1842 2728 1914 τῷ
2756 1845 2855 1915 τῆς
2893 1848 3289 1919 τετραγαμίας.

2104 1931 2163 1982 '0
2185 1930 2242 1983 δὲ
2271 1932 2710 2000 φιλοσοφώτατος
2746 1936 2804 1987 ἐν
2837 1935 3118 2005 βασιλεῦσι
3141 1940 3295 1994 Λέων

2020 2021 2340 2090 Περιπεσὼν
2357 2024 2479 2086 ταῖς
2512 2028 2770 2091 φυσικαῖς
2794 2025 2888 2079 τοῦ
2923 2026 3175 2098 σώματος
3215 2030 3484 2101 ἀνάγκαις

2018 2112 2128 2166 Kal
2154 2113 2294 2184 νόσῳ
2321 2114 2718 2185 χειμαζόμενος
2744 2117 2988 2171 κίνδυνον
3018 2119 3342 2193 άπειλούσῃ,

2022 2202 2160 2273 Ἤδη
2195 2210 2335 2276 πρὸς
2356 2205 2474 2268 ἔτος
2498 2203 2741 2260 είκοστὸν
2769 2208 2867 2261 σὺν
2895 2208 3038 2280 ἕκτῳ
3076 2210 3319 2276 διιθύνας
3347 2213 3400 2245 ⁸¹

2018 2293 2093 2349 Τὸ
2119 2297 2327 2367 κράτος
2354 2296 2416 2350 τὸ
2447 2296 2720 2367 βασίλειον
2751 2301 2847 2353 καὶ
2870 2299 2968 2372 τήν
3008 2303 3297 2373 Ῥωμαίων
3327 2305 3519 2378 τύχην,

2018 2386 2129 2441 Kal
2156 2386 2385 2441 συνιδὼν
2405 2388 2500 2441 τὸν
2533 2387 2767 2444 Θάνατον
2788 2391 2880 2444 καὶ
2904 2392 3004 2463 τὴν
3033 2393 3126 2448 τοῦ
3151 2397 3385 2468 σκήνους
3414 2398 3599 2469 λύσιν,

2018 2481 2306 2552 Κράτορας
2338 2481 2718 2536 ἀναδείκνυσιν
2748 2483 3092 2549 αύτάνακτας
3119 2487 3427 2563 αὐτάρχους

2031 2571 2387 2642 Ἀλέξανδρον
2407 2571 2500 2626 τὸν
2521 2572 2751 2642 ἀδελφὸν
2781 2576 2876 2629 καὶ
2897 2577 3061 2631 παῖδα
3093 2580 3533 2647 Κωνσταντῖνον,

2016 2660 2189 2713 Τοῦτο
2212 2662 2308 2713 καὶ
2331 2661 2493 2731 μόνον
2518 2662 2797 2732 προειπὼν
2829 2668 3018 2727 πνοαῖς
3045 2669 3103 2720 ὲν
3119 2668 3239 2732 ταῖς
3265 2670 3518 2740 ἐσχάταις
3551 2689 3564 2705 ο

2024 2767 2042 2799 ι
2085 2748 2276 2802 Βλέπω
2302 2752 2399 2804 καὶ
2433 2750 2526 2805 τὸν
2566 2752 2918 2824 Ἀλέξανδρον
2940 2755 3015 2818 ὡς
3047 2757 3345 2828 κακοδότην
3372 2762 3569 2830 χρόνον

2017 2839 2176 2894 Κατὰ
2198 2841 2551 2910 τρισκαίδεκα
2584 2844 2789 2914 μηνῶν,
2817 2863 2836 2896 ι
2880 2845 3139 2918 ἄντικρυς
3164 2847 3324 2903 τοῦτο
3348 2850 3563 2920 λέγων,.ξ

3258 2973 3413 3033 νεεδ.
3449 2977 3594 3034 5414

344 3093 555 3152 tantur,
599 3093 708 3147 tam
757 3089 1002 3161 gestibus
1050 3106 1213 3161 quam
1261 3092 1412 3147 vultu
1465 3094 1801 3158 inconstans,
1856 3095 1914 3151 in
1945 3122 1992 3187 ο
2279 3075 3037 3187 ἓξξῗξξῖεῃθρμξιξρξξθξνι’ἐξ
3082 3079 3593 3187 ίηοοςξυριθηὶηῐδιι·

342 3176 734 3246 imperatorem
763 3178 1077 3248 prosiliens,
1108 3183 1260 3236 clava
1311 3183 1364 3236 in
1391 3192 1556 3253 caput
1587 3184 1707 3255 ejus
1740 3184 1918 3255 impa-

341 3276 434 3320 cta
478 3265 683 3322 letbale
718 3270 921 3325 vulnus
974 3270 1189 3327 inﬂixit.
1239 3271 1683 3343 Comprehensus
1733 3283 1919 3330 autem

342 3365 679 3427 coactusque
713 3362 1000 3416 tormentis
1031 3362 1099 3417 ad
1137 3363 1528 3419 iudicationem
1556 3380 1747 3421 eorum
1777 3382 1921 3438 quos

342 3445 601 3504 facinoris
643 3450 894 3506 conscios
947 3452 1213 3515 haberet,
1259 3454 1401 3507 nihil
1446 3454 1631 3510 dicere
1680 3465 1916 3526 poterat,

342 3537 543 3591 morbo
588 3539 828 3609 graviter
876 3541 1159 3596 hominem
1211 3553 1462 3598 vexante.
1518 3543 1620 3600 Hic
1669 3560 1794 3601 cum
1830 3549 1919 3603 vir

342 3625 571 3696 quidam
618 3638 862 3695 sanctus,
889 3629 1096 3700 quique
1128 3630 1316 3686 divino
1342 3633 1539 3701 spiritu
1574 3633 1757 3689 futura
1788 3650 1920 3705 pro-

341 3716 583 3785 spiceret
636 3731 701 3771 ac
752 3717 922 3773 variis
977 3719 1138 3773 donis
1182 3730 1412 3774 ornatus
1460 3730 1642 3787 esset,
1692 3723 1918 3778 nomine

342 3806 594 3872 Marcus,
637 3808 1022 3878 imperatorem
1056 3811 1206 3881 gravi
1235 3811 1425 3866 dolore
1453 3821 1766 3882 correptum
1796 3829 1919 3869 cer-

343 3904 525 3960 neret,
556 3896 960 3952 existimantem
984 3898 1195 3969 aliquid
1229 3902 1464 3969 amplius
1490 3901 1616 3955 mali
1652 3917 1920 3958 consecu-

344 3996 557 4054 turum,
585 3988 771 4044 verbis
812 3989 1143 4046 medicinam
1168 3990 1221 4047 ei
1251 3990 1477 4059 faciens,
1515 4003 1770 4063 tanquam
1810 3996 1921 4050 mi-

343 4081 555 4149 tigante
579 4080 826 4136 dolorem
860 4081 1179 4151 pharmace,
1225 4084 1553 4139 vaticinium
1600 4085 1917 4157 huiusmodi

340 4169 560 4224 edidit:
594 4188 615 4220 ι
643 4169 789 4235 Noli,
838 4185 1046 4240 quaeso,
1094 4172 1421 4241 imperator,
1467 4174 1763 4243 appetiisse
1816 4175 1924 4230 tibi

342 4262 473 4316 vita:
499 4259 666 4316 linem
697 4261 978 4328 arbitrari,
1021 4276 1123 4317 nec
1158 4262 1403 4316 animum
1454 4272 1611 4318 tuum
1660 4266 1918 4336 cogitatio

342 4350 413 4406 de
443 4359 619 4405 morte
646 4352 861 4407 subeat.
901 4352 1038 4407 Nam
1066 4352 1165 4408 tibi
1197 4362 1306 4408 tam
1331 4355 1459 4409 vitae
1501 4370 1667 4425 quam
1698 4357 1914 4427 imperii

2022 3179 2248 3234 ramque
2278 3164 2485 3220 Christi
2518 3182 2775 3237 sponsam
2812 3168 3114 3225 Ecclesiam
3144 3172 3413 3240 polluere.
3451 3173 3591 3240 Qua-

2018 3257 2267 3312 mo‘brem
2300 3265 2586 3328 pastorum
2614 3259 2873 3330 princeps
2923 3259 3183 3335 Nicolaus
3210 3277 3275 3317 os
3293 3265 3495 3334 aperit,
3519 3266 3591 3320 li-

2019 3347 2289 3403 bertatem
2337 3349 2599 3419 loquendi
2635 3358 2883 3419 usurpat,
2935 3352 3078 3406 vatis
3108 3352 3336 3407 verbum
3377 3354 3590 3425 implet.

2017 3439 2115 3494 Dei
2151 3440 2524 3495 testimonium
2557 3455 2740 3495 coram
2771 3442 2996 3511 regibus
3032 3459 3313 3514 exponens
3352 3461 3454 3502 uec
3494 3446 3597 3501 mi-

2017 3544 2119 3584 nas
2143 3529 2286 3585 ullas
2309 3544 2379 3585 eo
2432 3531 2659 3586 nomine
2717 3532 3103 3590 reformidans.
3146 3536 3306 3605 llo
3356 3536 3448 3592 Sic
3496 3538 3593 3593 Dei

2017 3628 2205 3674 metus
2242 3621 2404 3691 longe
2428 3621 2687 3676 timorem
2721 3622 2894 3693 abigit
2925 3639 2959 3678 a
3001 3624 3138 3680 viris
3170 3626 3416 3695 potentia
3448 3643 3596 3697 prae-

2017 3710 2150 3765 ditis
2176 3718 2236 3765 et
2266 3726 2450 3766 rerum
2486 3713 2830 3781 patientibus
2878 3716 3185 3770 incussum.
3209 3718 3396 3787 Itaque
3425 3720 3593 3775 Nicon

2019 3803 2143 3857 laus
2164 3816 2329 3873 grege
2370 3818 2475 3857 suo
2496 3811 2555 3857 et
2584 3803 2846 3858 cathedra
2888 3806 3119 3875 pellitur
3156 3818 3213 3862 et
3260 3812 3437 3864 solum
3468 3827 3597 3866 ver—

2018 3904 2135 3950 tere
2154 3895 2380 3966 iubetur
2410 3910 2426 3950 :
2471 3894 2831 3949 substituitur
2868 3903 3050 3951 autem
3110 3897 3284 3967 ipsius
3312 3900 3436 3956 loco
3463 3905 3592 3972 qui-

2016 3985 2142 4040 dam
2176 3986 2336 4050 alius,
2370 3999 2648 4040 sacrarum
2686 4000 2869 4040 rerum
2892 3986 3053 4058 longe
3079 3989 3470 4057 peritissimus,
3495 3995 3598 4063 qui

2017 4090 2057 4131 a-
2077 4076 2286 4130 teneris
2330 4074 2642 4144 unguiculis
2684 4084 2740 4130 et
2771 4084 2930 4131 aetate
2969 4078 3143 4145 prima
3187 4079 3484 4134 solitariam
3536 4084 3599 4138 in

2017 4166 2246 4236 Olympo
2269 4165 2449 4236 Mysia:
2477 4173 2662 4219 monte
2696 4167 2863 4220 vitam
2899 4175 3086 4237 egerat
3122 4179 3181 4222 et
3218 4169 3363 4223 dono
3390 4172 3593 4226 vatici-

2020 4259 2186 4313 nandi
2222 4257 2487 4327 praeditus
2506 4265 2646 4311 erat.
2679 4257 2779 4311 llic
2808 4258 2877 4313 de
2908 4259 3166 4315 mandato
3187 4259 3374 4315 divino
3398 4261 3599 4319 Eccle-

2019 4351 2155 4406 siam
2196 4349 2265 4404 ad
2298 4350 2565 4404 unitatem
2589 4350 2832 4415 reduxit,
2871 4352 3357 4423 multipliciterque
3393 4355 3598 4412 distra-

342 4441 536 4496 decem
561 4441 742 4497 adhuc
767 4442 897 4497 anni
928 4443 1137 4498 caelesti
1165 4459 1195 4498 a
1223 4459 1389 4499 manu
1422 4445 1671 4501 concessi
1705 4456 1854 4502 sunt.
1887 4467 1908 4500 ι
1948 4453 1988 4506 D
2017 4449 2159 4494 ctam
2190 4453 2255 4493 ac
2282 4438 2338 4492 ίῐι
2363 4445 2549 4507 Panes
2576 4437 2810 4494 (“Visam
2839 4449 3068 4510 propter
3099 4439 3362 4496 deum“)
3389 4442 3601 4501 Ῑ-ιθοῐιίεν

341 4529 470 4586 Haec
499 4530 591 4586 ille
613 4531 780 4597 fatus,
804 4531 1058 4587 obticuit.
1085 4532 1274 4603 Neque
1302 4535 1474 4590 multo
1511 4546 1633 4605 post
1670 4536 1921 4606 impera-

343 4630 432 4675 tor
456 4629 519 4676 et
540 4622 707 4677 animi
739 4622 930 4679 dolore
954 4623 1219 4680 liberatus
1246 4633 1332 4680 est
1357 4634 1414 4680 et
1439 4639 1506 4681 ex
1531 4625 1759 4684 vulnere
1783 4643 1915 4684 con—

342 4710 537 4766 valuit.
594 4711 760 4767 Marci
811 4712 1038 4785 quidem
1084 4714 1411 4770 vaticinium
1461 4715 1687 4772 minime
1743 4717 1914 4773 fuisse

342 4820 544 4861 vanum
578 4815 812 4861 eventus
849 4805 1243 4876 comprobavit.

414 4893 591 4949 Fuere
620 4893 791 4950 Leoni
825 4909 1025 4951 uxores
1072 4896 1297 4950 omnino
1333 4906 1590 4966 quatuor,
1642 4913 1782 4969 quas
1823 4914 1918 4953 or-

343 4986 476 5041 dine
512 4985 690 5053 duxit,
723 5001 833 5041 non
859 5001 890 5041 a
923 4987 1153 5043 libidine
1180 4989 1379 5054 victus,
1406 4990 1501 5045 sed
1534 4990 1742 5060 ingenti
1788 5006 1917 5061 pro-

343 5075 599 5130 creanda:
627 5075 836 5132 sobolis
864 5077 1164 5142 desiderio,
1197 5094 1309 5148 quo
1335 5079 1541 5135 liberos
1570 5096 1637 5136 ex
1673 5083 1731 5135 se
1759 5090 1919 5135 natos

343 5169 714 5237 conspiceret.
767 5167 1010 5223 Tandem
1062 5183 1130 5224 ex
1164 5178 1361 5240 quarta
1401 5180 1458 5226 et
1505 5172 1694 5226 ultima
1742 5170 1918 5226 lilium

346 5259 782 5328 purpurigenam
811 5259 1020 5329 genuit,
1075 5261 1165 5315 cui
1207 5274 1406 5314 nomen
1436 5260 1785 5317 Constantini
1822 5262 1921 5316 da—

347 5360 487 5405 tum.
523 5351 630 5405 Sed
665 5351 814 5406 enim
845 5351 951 5406 hoc
989 5351 1192 5407 Leonis
1237 5352 1442 5406 factum
1500 5352 1598 5407 Dei
1645 5353 1920 5411 ministris

345 5442 812 5498 absurdissimum
836 5443 1147 5510 videbatur,
1178 5444 1430 5515 progredi
1453 5444 1711 5500 videlicet
1740 5446 1915 5515 impe-

2018 4540 2239 4601 quartas
2256 4530 2324 4584 ad
2353 4530 2572 4599 nuptias
2597 4530 2893 4600 progressi.

2088 4623 2227 4679 Cum
2268 4630 2453 4676 autem
2494 4620 2605 4676 Leo
2644 4621 2994 4678 doctissimus
3032 4622 3179 4679 inter
3234 4623 3603 4695 imperatores

2022 4716 2215 4771 morbo
2245 4723 2534 4784 correptus
2564 4713 2872 4784 periculum
2899 4715 3026 4769 vitae
3063 4715 3371 4782 minitante,
3410 4716 3594 4770 admi-

2022 4808 2254 4862 nistrato
2275 4808 2385 4878 jam
2408 4822 2506 4876 per
2533 4805 2724 4877 viginti
2754 4819 2851 4860 sex
2871 4819 3044 4859 annos
3077 4805 3448 4860 Romanorum
3482 4806 3597 4859 im-

2021 4898 2199 4967 perio,
2231 4905 2462 4951 mortem
2488 4895 2776 4950 imminere
2805 4893 2910 4949 sibi
2941 4893 3424 4960 animadverteret,
3465 4894 3598 4949 Alc-

2024 4990 2290 5043 xandrum
2320 4987 2545 5042 fratrem
2569 4996 2626 5040 et
2650 4983 3069 5040 Constantinum
3098 4984 3272 5039 ﬁlium
3298 4985 3595 5055 imperato-

2023 5096 2113 5135 res
2138 5087 2312 5144 creat,
2365 5081 2469 5132 hoc
2515 5078 2633 5132 solo
2705 5076 2762 5130 in
2826 5074 3087 5130 extremis
3134 5075 3598 5147 respirationibus

2020 5172 2240 5242 jamque
2267 5169 2597 5224 eo-animam
2629 5175 2822 5239 agente
2858 5166 3213 5237 pronuntiato
3247 5183 3261 5222 :
3298 5186 3317 5221 ι
3353 5168 3594 5223 Alexau-

2025 5260 2187 5315 drum
2221 5258 2383 5314 etiam
2416 5257 2576 5327 (proh
2623 5271 2852 5326 parcum
2905 5255 3317 5327 malignumque
3352 5256 3595 5333 tempus)

2023 5364 2150 5424 post
2188 5352 2456 5408 tredecim
2486 5366 2704 5407 menses
2720 5361 2943 5407 exactos
2969 5351 3152 5408 video.
3182 5370 3201 5403 ι

2094 5446 2323 5502 Volebat
2342 5457 2525 5501 autem
2554 5441 2862 5516 signiﬁcare
2893 5458 3122 5515 regnum
3152 5444 3447 5502 Alexandri
3472 5453 3598 5500 tan-

1692 5564 1900 5627 Varim
1935 5561 2269 5625 lectiones.

430 5685 476 5715 τ’
511 5685 682 5759 κακὸν
703 5684 775 5738 Β.
794 5752 826 5759 η
849 5684 895 5718 ⁷⁸
926 5686 1169 5759 κεφαλὴν
1190 5686 1255 5740 Β.
1335 5688 1382 5720 τ’
1423 5687 1614 5757 ἡδονῆς
1632 5687 1697 5740 R-
1778 5688 1825 5722 ⁸⁸
1855 5688 1917 5757 τὴ

2017 5702 2080 5743 ro
2099 5686 2194 5739 καὶ
2221 5687 2287 5739 A.
2364 5683 2409 5717 ⁸¹
2443 5681 2726 5755 δυναστῶν
2758 5683 2888 5742 Mil.
2964 5682 3010 5718 θ’
3051 5682 3207 5741 llunc
3228 5693 3443 5739 versum
3462 5691 3589 5734 cum

346 5756 600 5823 sequenti
642 5771 756 5809 om.
791 5752 860 5810 ll.
