4072 6418
487 423 612 478 Ὅτι
643 423 895 477 τοσοῦτον
920 423 1136 476 ἔσσεται
1177 421 1238 474 τὸ
1282 421 1482 492 κράτος
1534 421 1913 493 Ἀλεξάνδρου.

575 515 684 566 Καὶ
720 514 849 582 γοῦν
879 516 938 565 οὐ
969 513 1349 566 διαπέπτωκεν
1371 514 1398 566 ὁ
1426 512 1604 581 λόγος,
1636 515 1746 566 οὐδ’
1772 513 2005 582 ἐσφάλη.

499 605 560 657 Ὀ
582 606 691 675 γάρ
727 604 1070 672 Ἀλέξανδρος
1097 604 1333 672 τρυφαῖς
1364 602 1674 672 ὲσχολακὼς
1707 605 1801 656 καὶ
1833 604 2018 666 πότοις

490 697 601 748 Καὶ
635 696 790 765 μόνον
812 695 904 747 τὸν
930 693 1310 764 γαργαλισμδν
1340 694 1432 747 τοῦ
1468 695 1718 763 σώματος
1742 695 2056 765 φροντίσας,

495 787 656 840 Ἄλλο
684 787 729 838 δ’
751 786 902 839 οὐδὲν
933 786 1188 849 κατάξων
1223 785 1318 838 τοῦ
1350 786 1671 856 τηλικούτου
1696 789 1931 857 κράτους

491 879 566 930 Οὐ
593 877 818 948 δράσας,
843 880 902 930 οὗ
934 879 1330 950 φθεγξάμενος,
1350 880 1410 933 οὐ
1429 879 1570 950 σχὼν
1587 882 1727 933 κατά
1754 881 2057 949 καρδίανθ,

501 968 590 1031 Ὠς
626 970 787 1032 ἄνθος
820 970 1077 1040 ἓρῤευσεν
1107 971 1275 1040 ὑγρὸν
1307 972 1656 1042 ἐκμαρανθὲν
1685 972 1843 1042 ἡλίῳ,

491 1061 600 1113 Καὶ
631 1064 816 1132 τάχιον
845 1060 1057 1126 ἐξέλιπε
1083 1063 1257 1125 νόσοις
1287 1063 1473 1126 τακεὶς
1497 1063 1738 1131 φθινάσι.

491 1154 598 1204 Καὶ
621 1155 1034 1215 Κωνσταντῖνος
1066 1154 1271 1221 γίνεται
1297 1153 1564 1223 μόναρχος
1594 1153 1971 1224 μονοκράτωρ,

491 1243 614 1295 Ἔτι
649 1244 934 1305 παιδίσκος
972 1243 1179 1306 ἁπαλὸς
1208 1244 1302 1294 καὶ
1334 1245 1605 1312 τρυφερὸς
1643 1244 1904 1314 ὑπάρχων

489 1335 600 1386 Καὶ
628 1333 900 1402 βασιλείας
930 1333 1200 1404 κυϐερνᾷν
1226 1332 1284 1384 τὸ
1317 1333 1522 1401 σκάφος
1555 1331 1709 1385 οὔπω
1733 1333 1778 1364 ⁸³
1819 1333 2018 1386 σθένων
2043 1348 2056 1362 ⁸

488 1426 600 1494 Τῆς
639 1427 746 1493 γάρ
775 1423 1108 1492 ήλικιώσεως
1138 1423 1364 1491 ἕϐδομον
1391 1419 1524 1494 ἦγεν
1549 1424 1686 1486 ἔτος.

493 1518 560 1567 Ὀ
588 1515 684 1568 καὶ
710 1515 920 1568 πολλῶν
945 1515 1236 1584 παραίτιον
1262 1514 1454 1582 γέγονε
1481 1517 1820 1584 κακοτήτων,

415 1591 424 1597 ἡ
489 1607 599 1659 Καὶ
633 1605 864 1676 θλίψεων
889 1606 1138 1658 ἐπότισεν
1175 1605 1356 1674 ἆλμην
1387 1605 1476 1656 τὸν
1505 1605 1750 1674 βασιλέα,

493 1701 553 1752 Εἰ
583 1699 676 1751 καὶ
714 1699 775 1750 τὸ
803 1697 956 1759 τέλος
990 1699 1166 1750 αίσιον
1191 1699 1300 1751 τῶν
1334 1698 1652 1766 πειρασμῶν
1683 1696 1881 1766 ἀπέϐη.

490 1791 558 1845 Ὠ
571 1808 700 1860 map
724 1789 831 1859 γὰρ
855 1791 1247 1860 νεομόσχευτον
1282 1792 1577 1862 ἀρτίφυτον
1598 1790 1857 1860 δενδρίον,

490 1883 647 1952 Μήτε
674 1880 917 1950 χειμῶνα
961 1882 1196 1950 κρυερὸν
1228 1883 1549 1951 ὑπενεγκεῖν
1576 1881 1760 1951 ίσχῦον

488 1975 644 2042 Μὴτε
671 1973 999 2042 πνευμάτων
1027 1971 1330 2040 προσϐολάς
1364 1974 1571 2046 ἀγρίων
1600 1974 1920 2045 δυσανέμων

486 2064 640 2132 Μήτε
667 2061 956 2132 ῥαγδαίους
991 2061 1182 2123 ὑετοὺς
1221 2065 1358 2133 μήτε
1381 2063 1638 2135 καυσώδη
1669 2064 1882 2136 θάλψιν,

486 2155 579 2224 Μὴ
603 2151 850 2223 χαλαζῶν
870 2151 1239 2222 σφαιρὼματα
1269 2155 1403 2225 μηδὲ
1425 2156 1470 2186 ⁸⁸
1488 2157 1827 2226 κρυστάλλου
1865 2159 2049 2228 πῆξιν,

486 2244 654 2298 Πνοαί
687 2243 852 2296 ποθεν
884 2244 1181 2314 βαρυηχεῖς
1203 2261 1348 2308 τινες
1378 2246 1776 2316 ὲκφυσηθεῖσαι

489 2337 560 2388 Ἦ
589 2334 839 2405 χαλαζῶν
875 2334 1210 2407 πετρώματα
1230 2337 1456 2405 νεφόθεν
1479 2337 1834 2393 δισκευθέντα
1860 2339 1907 2371 ⁸⁸

487 2425 828 2494 Χειμάζουσι
859 2425 953 2478 καὶ
984 2426 1298 2494 κάμπτουσι
1330 2427 1423 2479 καὶ
1453 2425 1730 2479 κλίνουσιν
1759 2429 1839 2490 είς
1873 2428 2026 2497 γόνυ,

487 2517 597 2569 Καὶ
624 2515 1188 2585 καταμωλωπίζουσιν
1208 2517 1371 2570 αὑτοῦ
1397 2519 1494 2586 τὴν
1524 2519 1848 2590 τρυφερίαν,

489 2607 598 2659 Καὶ
631 2605 894 2660 πάντοθεν
931 2607 1363 2677 προσϐάλλουσιν
1385 2609 1460 2672 ὡς
1487 2612 1546 2662 ὲν
1579 2609 1890 2681 πολιορκίᾳ,

487 2695 895 2748 Φιλονεικοῦσαι
930 2697 992 2749 τὸ
1017 2697 1182 2764 φυτὸν
1207 2696 1253 2730 ⁸⁷
1288 2698 1665 2769 προθέλυμνον
1694 2701 1972 2772 ἐκτρῖψαι.

494 2791 591 2843 Ἂν
620 2792 676 2844 δὲ
707 2794 804 2856 τὰς
834 2793 1002 2857 ζάλας
1032 2793 1233 2865 δυνηθῇ
1269 2797 1462 2864 φυγεῖν
1483 2797 1580 2859 τὰς
1611 2797 1945 2862 κακοπνόους

490 2884 600 2936 Καὶ
626 2884 716 2937 τὸν
742 2885 987 2956 χειμῶνα
1017 2886 1110 2940 τὸν
1140 2887 1312 2958 βαρὺν
1341 2888 1436 2941 καὶ
1457 2888 1556 2959 τὴν
1579 2889 1790 2944 ἐκεῖθεν
1822 2889 1966 2960 βίαν,

488 2974 698 3029 Γίνεται
719 2976 1086 3050 δοκιμώτερον
1114 2977 1208 3032 ἆτε
1240 2978 1412 3032 πολλὰ
1438 2980 1710 3034 παλαῖσαν

489 3208 668 3262 tillum
703 3209 964 3278 temporis
1014 3209 1374 3276 duraturum;
1407 3225 1529 3280 qua:
1571 3226 1702 3268 sane
1729 3211 1928 3269 Leonis
1958 3231 2062 3272 vox

489 3300 718 3356 minime
764 3316 902 3353 vana
959 3310 1056 3355 aut
1126 3301 1288 3355 fallax
1357 3300 1479 3356 fuit.
1555 3303 1689 3357 Nam
1755 3305 2064 3362 Alexander

491 3392 867 3462 voluptatibus
897 3400 1159 3446 avocatus
1204 3401 1262 3447 et
1291 3393 1792 3462 compotationibus
1832 3396 2060 3453 nimium

493 3485 806 3554 indulgens,
823 3485 1138 3553 etcorporis
1166 3494 1373 3538 tantum
1394 3485 1798 3542 titillationibus
1817 3488 2059 3556 deditus,

494 3593 595 3633 nec
627 3579 734 3631 ulla
772 3592 831 3631 re
869 3586 1019 3631 tanto
1055 3577 1285 3648 imperio
1323 3577 1487 3648 digna
1515 3579 1600 3633 vel
1623 3595 1786 3648 Opere
1819 3584 1905 3638 vel
1937 3599 2062 3638 ver-

489 3668 577 3722 bis
613 3669 872 3738 perfecta,
899 3670 984 3723 vel
1011 3670 1195 3722 animo
1225 3669 1464 3739 denique
1495 3681 1784 3742 concepta,
1827 3689 1926 3729 ceu
1961 3675 2063 3732 ﬂos

490 3760 621 3814 solis
668 3759 988 3814 elﬁcacitate
1046 3775 1393 3816 marcescens
1434 3762 1738 3821 exstinctus
1775 3774 1859 3821 est
1919 3777 1976 3821 et
2030 3783 2062 3822 a

493 3849 701 3903 morbis
732 3849 988 3903 celeriter
1024 3849 1365 3918 absumptus.
1403 3849 1592 3920 Itaque
1645 3855 1795 3908 solus
1845 3867 2062 3912 mortuo

491 3935 674 3991 Leone
696 3937 985 4006 imperium
1005 3937 1397 3993 Constantinus
1414 3940 1675 4006 obtinuit,
1696 3943 2064 4001 aetatisadhuc

491 4037 693 4082 tenerae
751 4044 927 4097 puer,
981 4029 1074 4098 qui
1135 4030 1350 4098 imperii
1400 4032 1784 4101 gubernationi
1858 4052 2051 4105 parum

495 4127 658 4184 aptus
700 4127 867 4179 esset,
923 4120 1082 4174 annis
1133 4121 1483 4184 immaturus,
1540 4137 1714 4178 annos
1760 4125 1972 4182 scilicet
2006 4128 2062 4183 id

499 4209 759 4276 temporis
777 4219 984 4277 septem
1010 4211 1172 4264 modo
1202 4222 1395 4275 natus;
1417 4229 1538 4280 quae
1581 4231 1667 4269 res
1692 4218 1878 4272 multis
1895 4219 2060 4274 etiam

497 4299 654 4351 malis
683 4299 1024 4354 occasionem
1046 4301 1281 4369 praebuit
1303 4303 1638 4376 mirificeque
1671 4307 2060 4377 imperatorem

495 4387 706 4451 afflixit,
739 4389 1024 4444 tamenetsi
1053 4390 1267 4445 felicem
1293 4393 1498 4446 exitum
1548 4397 1881 4464 procedente
1918 4411 2061 4456 tem-

496 4494 630 4546 pore
657 4479 934 4534 habuerit.
985 4481 1461 4546 Quemadmodum
1485 4486 1630 4539 enim
1663 4487 1828 4542 arbor
1871 4507 2064 4549 recens

1647 303 2148 364 CONSTANTINI
2192 303 2571 366 MANASSIS

3626 297 3730 362 424

2086 422 2134 481 Α
2163 424 2272 477 Καὶ
2308 422 2607 494 χειμασθὲν
2635 421 2977 492 πικροποιοῖς
3007 419 3100 473 καὶ
3129 417 3464 490 κακωτρίαις
3499 417 3686 488 ὥραις·

2159 514 2327 568 Φυτὺν
2361 514 2468 584 γὰρ
2503 513 2876 582 ἀνεμοτρεφὲς
2900 513 2994 564 καὶ
3016 510 3326 580 γυμνασθὲν
3356 509 3580 579 ἀνέμοις

2161 606 2302 660 Πολύ
2326 625 2377 659 τι
2411 607 2470 659 τὸ
2501 607 2840 675 στερέμνιον,
2877 603 2952 666 ὦς
2976 620 3131 672 φασι,
3157 603 3320 670 φύσει
3345 603 3525 672 φέρει.

2161 697 2317 750 Οὕτω
2346 699 2596 760 κακεῖνος
2618 697 2646 748 ὁ
2687 696 2892 767 βραχὺς
2911 695 3009 766 τὴν
3045 694 3262 764 ἡλικίαν
3295 693 3453 759 ἄναξ,

2171 791 2233 843 '0
2267 794 2395 851 παῖς
2423 793 2450 843 ὁ
2478 790 2891 860 πορφυρόφυτος
2917 787 3143 850 Λέοντος
3176 785 3592 848 Κωνσταντϊνος

2161 882 2332 944 Μόλις
2366 881 2500 933 ποτὲ
2535 882 2672 949 μετὰ
2707 880 2950 948 μακροὺς
2977 878 3025 909 ⁸³
3064 876 3215 947 ἡλίου
3249 876 3616 946 περιδρόμους

2161 973 2282 1025 Τῶν
2317 972 2610 1040 συμφορῶν
2643 968 2940 1038 ἀποφυγὼν
2971 968 3070 1030 τὰς
3090 967 3523 1038 άλλεπαλληλίας

2163 1065 2274 1118 Καὶ
2302 1061 2628 1132 πειρασμῶν
2660 1061 2954 1127 ἐπαγωγὰς
2977 1060 3073 1112 καὶ
3101 1057 3311 1128 θλίψεις
3337 1058 3702 1128 δακεθύμους,

2161 1153 2383 1205 Σύνεσιν
2409 1151 2770 1221 ἐκαρπώσατο
2799 1149 2978 1218 πολλῷ
3004 1149 3378 1219 παγιωτέραν,

2108 1297 2114 1302 ,
2166 1245 2376 1313 Ὥσπερ
2405 1242 2679 1311 ναυϐάτης
2707 1241 2969 1310 ιυκηθεὶς
2990 1241 3035 1273 ⁸³
3066 1239 3416 1310 πολυκυμίας
3437 1242 3484 1273 ⁹⁰
3517 1239 3709 1305 ζάλαις

2164 1335 2274 1390 Καὶ
2309 1335 2461 1404 μόλις
2489 1337 2566 1397 είς
2589 1335 2887 1404 εὐγάληνον
2912 1333 3108 1404 λιμένα
3131 1335 3500 1404 καταντήσας.

2164 1427 2364 1497 Πρῶτα
2400 1429 2496 1497 μὲν
2517 1427 2626 1495 γάρ
2655 1430 2682 1480 ὁ
2715 1428 2984 1497 καρτερὸς
3012 1427 3220 1488 ἐκεῖνος
3242 1428 3670 1490 Κωνσταντῖνος,

2170 1515 2267 1568 Ὃν
2299 1518 2445 1583 σχεῖν
2474 1515 2700 1583 γενέτην
2722 1515 2970 1581 λέγουσιν
3015 1513 3353 1584 Ἀνδρόνικον
3389 1514 3482 1568 τὸν
3503 1515 3735 1583 Λοῦκαν,

2162 1605 2336 1674 Χεῖρα
2370 1603 2570 1673 πολλὴν
2604 1603 2931 1672 συναγαγὼν
2958 1603 3191 1657 εὔοπλον
3231 1605 3570 1676 ἑσταλμένην

2177 1697 2400 1767 Ἀθρόον
2438 1696 2743 1750 ἐπιτίθεται
2771 1696 2850 1764 τῷ
2874 1697 3436 1768 πορφυροϐλαστήτῳ,

2169 1787 2280 1855 Τῆς
2300 1787 2628 1857 νηπιότητος
2664 1787 2830 1841 αὐτοῦ
2872 1789 3089 1850 πάντως
3117 1789 3551 1858 καταφρονήσας.

2093 1909 2140 1968 Β
2177 1877 2342 1956 ᾍλλὰ
2361 1879 2584 1947 ψευδὴς,
2616 1879 2690 1940 ὡς
2728 1882 2756 1932 ὁ
2786 1879 2952 1932 Δαϐὶδ
2981 1879 3196 1947 ψάλλει,
3219 1879 3355 1949 πρὸς
3379 1879 3658 1951 σωτηρίαν

2168 1969 2362 2031 Ἵππος
2375 1969 2641 2039 ὑψαύχην,
2657 1967 3024 2040 εῠσκαρθμος,
3039 1971 3345 2040 πτηνόπους
3360 1972 3742 2040 φρυακτίαςυ.

2164 2061 2434 2125 Κάκεῖνος
2459 2061 2554 2114 οὖν
2577 2061 2994 2132 ὲκσφαιρισθεὶς
3021 2063 3121 2132 τῆς
3154 2062 3316 2133 ἔδρας
3351 2066 3450 2133 τῆς
3484 2064 3712 2127 ἱππείας

2165 2153 2362 2204 Πίπτει
2395 2153 2530 2224 πρὸς
2554 2153 2661 2222 γῆν
2693 2154 3062 2223 κατενεχθεὶς,
3097 2155 3197 2208 καὶ
3215 2155 3462 2226 παρευθὺ
3491 2157 3552 2208 τὸ
3583 2155 3741 2224 ξίφος

2164 2243 2390 2297 Γεύεται
2416 2244 2608 2297 τούτου
2633 2245 2740 2298 τῶν
2767 2243 2988 2315 σαρκῶν
3019 2246 3113 2299 καὶ
3142 2244 3411 2315 βάπτεται
3442 2245 3521 2317 τῷ
3545 2247 3694 2317 φόνῳ

2168 2337 2329 2405 Ἀρτι
2359 2334 2414 2388 δὲ
2447 2335 2637 2389 τούτου
2664 2334 2757 2389 τοῦ
2795 2335 2968 2389 δεινοῦ
2991 2336 3262 2407 χειμῶνος
3295 2337 3659 2408 παρελθόντος

2167 2425 2392 2496 ’Έτερος
2417 2425 2763 2496 ἐπεγείρεται
2801 2426 3102 2497 βαρύτερος
3133 2426 3365 2490 ἐκείνου,

2165 2517 2352 2589 Πολλῷ
2372 2519 2466 2572 τοῦ
2496 2520 2627 2589 πρὶν
2655 2519 2980 2590 πικρότερος
3008 2519 3102 2574 καὶ
3127 2521 3224 2590 τῆς
3247 2519 3522 2590 προτέρας
3545 2517 3738 2587 ζάλης.

2174 2609 2233 2662 '0
2259 2609 2365 2678 γὰρ
2385 2611 2580 2674 Φωκᾶς
2613 2612 2915 2680 μάγιστρος
2935 2613 2981 2644 ⁸³
3009 2610 3203 2681 (ὄνομα
3219 2611 3394 2681 τούτῳ
3416 2612 3462 2644 ⁸³
3481 2611 3677 2681 Λέων),

2177 2701 2342 2772 Ἀνὴρ
2377 2702 2600 2771 μεγέθει
2631 2702 2883 2772 σώματος
2907 2703 3003 2756 καὶ
3033 2701 3197 2775 ῥώμῃ
3232 2702 3552 2772 διαπρέπων

2163 2790 2276 2844 Καὶ
2308 2791 2488 2843 πᾶσαν
2520 2791 2638 2844 τότε
2674 2790 2988 2852 πιστευθεὶς
3028 2789 3317 2858 Ῥωμαίων
3349 2787 3741 2858 στραταρχίαν,

2177 2882 2321 2935 Ἰδὼν
2352 2882 2912 2954 προσλαμϐανόμενον
2945 2881 3097 2952 παρὰ
3134 2879 3230 2934 τοῦ
3267 2879 3532 2948 βασιλέως

2163 2974 2258 3029 τὸν
2285 2975 2518 3045 γέροντα
2537 2975 2628 3029 τὸν
2667 2974 2948 3046 Ῥωμανὸν
2975 2974 3064 3028 τὸν
3099 2972 3209 3027 ἀπὸ
3237 2972 3337 3044 τῆς
3369 2971 3663 3040 Δακάπης,

3413 3097 3570 3153 Vers.
3601 3097 3750 3151 5472

2167 3209 2249 3266 sic
2277 3208 2443 3264 etiam
2467 3206 2862 3263 Censtantinus
2894 3205 3001 3272 hic,
3025 3204 3227 3260 Leonis
3270 3204 3434 3269 filius,
3475 3203 3530 3258 in
3564 3204 3754 3274 prima

2171 3299 2405 3371 pueritia
2465 3309 2795 3352 consecutus
2871 3296 3188 3366 imperium,
3238 3304 3594 3365 posteaquam
3652 3297 3753 3351 vix

2169 3390 2358 3446 multis
2416 3389 2616 3458 elapsis
2675 3386 2835 3441 annis
2889 3385 2958 3440 de
3009 3384 3290 3440 continuis
3339 3383 3757 3440 calamitatibus

2167 3481 2431 3538 aerumnis
2456 3479 2846 3535 afﬂictionibus
2881 3477 3168 3538 evasisset,
3207 3475 3556 3544 prudentiam
3582 3476 3757 3545 longe

2169 3574 2484 3630 solidiorem
2556 3586 2655 3625 ceu
2716 3570 2953 3624 fructum
3001 3566 3294 3637 quemdam
3365 3575 3558 3621 nactus
3613 3575 3756 3632 est,

2169 3665 2344 3719 instar
2394 3671 2577 3716 nautae
2611 3659 2868 3730 gravibus
2901 3656 3160 3726 procellis
3188 3655 3376 3726 jactati
3405 3666 3459 3710 et
3489 3655 3579 3709 vix
3627 3665 3757 3710 tan-

2170 3756 2292 3811 dem
2323 3752 2678 3823 tranquillum
2731 3751 2784 3804 in
2837 3758 3055 3820 portum
3090 3747 3280 3802 delati.
3335 3747 3470 3802 Nam
3506 3747 3755 3817 primum

2169 3851 2506 3907 fortissimus
2561 3848 2650 3902 ille
2690 3845 3108 3910 Constantinus,
3143 3859 3307 3914 quem
3357 3852 3548 3898 natum
3594 3843 3758 3898 aiunt

2170 3940 2488 3998 Andronico
2507 3939 2654 3993 Duca
2670 3947 2855 4012 patre,
2875 3951 3068 4006 magna
3089 3950 3254 3988 manu
3272 3943 3460 3988 coacta
3487 3935 3757 4003 prmclare

2169 4041 2508 4089 armatorum
2540 4029 2824 4084 hominum
2866 4027 3258 4097 imperatorem
3302 4026 3488 4081 subito
3522 4026 3754 4092 invasit,

2170 4122 2369 4194 puerili
2395 4120 2654 4175 nimirum
2673 4118 2793 4188 ejus
2811 4124 2973 4171 aetate
2998 4124 3335 4184 contempta.
3350 4114 3554 4169 Verum
3567 4114 3722 4169 enim
3737 4142 3756 4155 -

2170 4227 2304 4266 vero
2334 4210 2497 4264 fallax
2531 4223 2621 4262 res
2647 4216 2752 4268 est,
2791 4205 2870 4258 uti
2915 4203 3152 4257 Davidcs
3181 4203 3353 4266 canit,
3395 4201 3463 4256 ad
3511 4203 3756 4258 salutem

2170 4317 2347 4373 equus
2373 4304 2548 4363 ferox,
2573 4297 2750 4369 agilis,
2781 4296 3024 4358 volucer,
3052 4295 3312 4348 fremens.
3357 4292 3572 4362 Quippe
3600 4292 3758 4347 Con-

2172 4396 2448 4452 stantinus
2464 4393 2630 4448 etiam
2649 4392 2720 4447 de
2745 4389 2878 4445 sella
2895 4388 3140 4456 equestri
3162 4402 3428 4442 excussus
3461 4387 3515 4439 in
3541 4396 3757 4442 terram

2171 4499 2417 4555 praeceps
2447 4481 2680 4543 corruit,
2711 4487 2766 4532 et
2806 4476 2986 4546 gladio
3023 4476 3276 4546 protinus
3314 4473 3604 4529 confossus
3641 4484 3755 4530 est.

491 4570 757 4639 plantata,
788 4587 910 4640 qua:
940 4582 1166 4641 propter
1200 4580 1417 4628 teneras
1445 4574 1626 4630 adhuc
1673 4579 1885 4636 radices
1913 4583 2066 4655 frigi-
2091 4596 2145 4657 ι)
2175 4577 2281 4633 Ubi
2325 4576 2414 4628 vix
2472 4573 2654 4657 gravis
2717 4569 2808 4623 illa
2872 4577 3171 4657 tempestas
3216 4568 3591 4657 praeteriisset,
3641 4569 3758 4623 alia

489 4657 614 4710 dam
655 4657 891 4711 hiemem
925 4657 1170 4727 perferre
1203 4659 1448 4716 nondum
1477 4672 1680 4731 potest,
1724 4681 1905 4736 neque
1934 4685 2069 4726 ven-

492 4753 672 4798 torum
709 4745 1043 4800 saevissimos
1071 4745 1312 4814 impetus
1335 4763 1517 4818 neque
1539 4750 1744 4807 imbres
1765 4756 2068 4812 vehemen-

495 4821 663 4887 tiores
699 4849 802 4888 nec
842 4842 1009 4890 aestus
1037 4834 1278 4890 fervidos
1333 4852 1436 4893 nec
1493 4839 1816 4908 grandinem
1858 4854 2066 4915 tempe-

491 4928 770 4989 statesque
797 4922 1045 4976 volantes
1092 4923 1351 4988 tolerare,
1413 4924 1458 4978 si
1495 4925 1562 4979 ab
1617 4927 1754 4982 ortis
1811 4931 2066 4989 alicunde

490 5011 672 5063 ventis
704 5023 799 5064 aut
823 5013 1088 5082 grandine
1115 5023 1304 5068 vexata
1347 5014 1708 5072 nihilominus
1735 5020 1843 5073 vim
1871 5036 2062 5077 eorum

492 5091 800 5169 graviorem
828 5103 1053 5174 effugiat
1086 5114 1142 5159 et
1165 5106 1358 5160 evadat
1387 5107 1575 5173 illzesa,
1614 5109 1767 5178 ιιι
1801 5111 1974 5166 multo
2008 5115 2068 5166 lit

493 5191 848 5259 exploratior,
894 5211 1018 5250 cum
1073 5197 1239 5252 arbor
1269 5214 1296 5251 a
1341 5201 1522 5255 ventis
1571 5209 1627 5255 et
1671 5202 1787 5256 sole
1827 5203 2069 5260 exercita

496 5281 793 5350 plurimum
843 5301 874 5338 a
926 5295 1121 5341 natura
1171 5289 1387 5344 roboris
1421 5291 1626 5346 habere
1657 5293 2054 5362 perhibeatur:

2171 4661 2331 4730 longe
2381 4654 2600 4728 gravior
2653 4661 2844 4706 exorta
2899 4651 3025 4705 fuit.
3083 4651 3300 4704 Etenim
3361 4649 3474 4703 Leo
3514 4650 3754 4714 Phocas,

2173 4747 2438 4818 dignitate
2492 4737 2919 4822 magister,_vir
2971 4737 3307 4807 proceritate
3375 4737 3626 4806 corporis
3685 4754 3759 4793 ac

2170 4838 2370 4892 robore
2404 4833 2655 4902 insignis,
2677 4829 2766 4885 cui
2797 4827 3030 4882 Romani
3061 4828 3340 4882 exercitus
3368 4842 3563 4882 omnes
3589 4839 3758 4883 erant

2171 4929 2411 4994 crediti,
2477 4940 2602 4980 cum
2662 4933 2944 4992 receptum
3000 4922 3069 4976 ab
3145 4923 3476 4992 imperatore
3533 4921 3760 4977 videret

2177 5023 2481 5076 Romanum
2515 5018 2859 5086 Lacapenum
2908 5014 3202 5079 seniorem,
3229 5015 3307 5068 rei
3340 5015 3548 5068 navalis
3577 5013 3758 5068 drun-

2169 5114 2405 5185 garium,
2434 5112 2543 5182 jam
2575 5109 2704 5162 olim
2751 5107 3098 5179 tyrannidem
3130 5106 3464 5176 parturiens,
3509 5107 3757 5174 impetu-
3865 5115 3871 5122 '

2170 5221 2278 5276 que
2311 5212 2606 5275 propterea
2663 5214 2914 5270 represso
2951 5197 3099 5266 quod
3141 5198 3376 5252 necdum
3432 5212 3490 5252 se
3523 5197 3755 5251 offerret

2171 5294 2413 5355 occasio,
2443 5304 2558 5347 tum
2611 5291 2832 5346 demum
2873 5288 3345 5358 opportunitatem
3402 5295 3618 5352 nactus,
3668 5287 3756 5342 uti

1855 5475 2061 5536 Variaa
2093 5475 2425 5537 lectiones.

569 5629 616 5702 εξ
654 5631 879 5702 καρδίας
907 5630 1021 5686 ΛΒ.
1076 5629 1140 5702 7⁸⁸
1170 5629 1322 5702 οίξπω
1357 5634 1413 5686 τὸ
1444 5635 1646 5702 σκάφος
1681 5638 1747 5690 Λ.
1823 5639 1868 5670 ⁸⁵

605 5637 617 5714 ς
654 5637 880 5728 κῇρδῐαές
907 5637 1021 5686 Ali.
1068 5637 1142 5728 (ὶδῖ
1170 5637 1322 5728 agrum
1345 5637 1413 5728 “tot;
1444 5637 1646 5728 σκάφος
1901 5642 2037 5710 μήτε
2080 5641 2146 5694 Β.
2221 5643 2266 5673 ⁸⁸
2297 5639 2462 5728 ποθὲν
2510 5637 3019 5728 ἐκδισκεμθένταιη.
3071 5637 3142 5728 ,ξ’
3166 5637 3242 5722 τῷ
3264 5638 3418 5728 φυτῷ
3440 5641 3505 5694 Α.
3579 5639 3627 5675 ⁸⁸
3655 5656 3754 5712 μι-

499 5700 662 5770 κροὺς
697 5699 760 5752 ιι.
835 5702 880 5732 ⁸*
910 5701 1178 5766 κυκωθεὶς
1206 5701 1267 5756 R.
1345 5705 1390 5736 ”
1424 5699 1785 5776 πολυκυμίαις
1821 5699 1912 5765 Ιὶ.’
1959 5699 2001 5742 ⁵³
2031 5711 2379 5783 φρυγματίας
2403 5715 2465 5764 Λ.

2572 5712 2616 5745 θ’
2653 5712 2911 5780 μάῖστρος
2934 5711 2994 5760 Λ.
3071 5710 3117 5740 ’³
3151 5709 3339 5762 τούτου
3367 5709 3433 5764 Α.
