4072 6426
495 372 597 440 όΞἹ

499 490 656 542 Εἴποι
683 502 765 549 τις
799 484 864 538 iv
896 484 995 538 οὐκ
1017 481 1229 554 ἀφυῶς,
1254 482 1369 537 ἀλλ’
1403 480 1510 536 οὐδ’
1535 480 1914 552 ἀχαριτώτως,

494 578 758 651 Τροχίλον
792 577 821 629 ό
853 575 1221 648 κροκόδειλος,
1247 575 1281 644 ἡ
1314 573 1477 628 πίννα
1506 573 1595 627 τὸν
1633 574 1915 643 καρκίνον.

505 672 568 725 Ὀ
594 666 778 724 τοίνυν
819 669 972 722 Λέων
994 669 1023 721 ό
1060 666 1277 729 Φωκας,
1307 659 1370 719 οὗ
1398 664 1665 736 πρότερον
1685 658 1986 733 ἐμνήσθην,

494 763 597 816 Τδν
644 758 926 829 Ῥωμανὸν
956 757 1306 828 κατάρχοντα
1333 754 1521 826 μαθὼν
1543 755 1637 807 τοῦ
1661 752 1931 824 βασιλέως

495 854 606 908 Kal
630 851 867 922 φέροντα
890 849 987 903 καὶ
1006 850 1313 921 στρέφοντα
1346 846 1481 918 πρὸς
1492 846 1551 900 τὸ
1574 846 1766 900 δοκοῦν
1787 846 1862 910 ὡς
1888 845 2075 900 δοῦλον

491 945 598 998 Τὸν
635 944 851 999 ἄνακτα
881 943 974 995 τὸν
1005 940 1212 996 άπαλὺν
1234 942 1456 1011 ὅρπηκα
1479 938 1577 1009 τῆς
1602 938 1910 1009 πορφύρας,

504 1037 847 1107 Ἐσκήπτετο
877 1034 1244 1089 παθαίνεσθαι
1276 1033 1437 1105 δῆθεν
1458 1032 1601 1102 ὑπὲρ
1625 1031 1837 1085 ἐκείνου

494 1131 605 1184 Kal
634 1130 728 1183 τὸν
753 1129 986 1200 στρατόν
1022 1129 1102 1191 είς
1130 1127 1349 1198 ἄμυναν
1381 1124 1540 1193 ἄγειν
1570 1125 1787 1189 εὐνοίας
1822 1124 1993 1195 νόμῳ,

491 1222 566 1278 Τὸ
585 1223 630 1277 δ’
659 1221 860 1295 ἀληθὲς
888 1222 969 1285 είς
996 1220 1193 1275 ἑαυτὸν
1211 1217 1493 1288 ἐφείλκετο
1516 1218 1576 1271 τ’)
1605 1219 1828 1290 κράτος.

504 1316 645 1369 Ἀλλ’
677 1315 706 1368 ό
735 1313 1105 1386 δρασσόμενος
1141 1311 1341 1382 σοφοὺς
1372 1312 1465 1364 ἐπὶ
1502 1312 1623 1374 ταῖς
1640 1312 2033 1382 πανουργίαις,

492 1406 604 1461 Kal
630 1404 883 1475 στρέφων
903 1401 1187 1456 διεϐούλια
1222 1401 1320 1454 καὶ
1364 1399 1434 1454 τὰ
1460 1400 1681 1473 κρυπτὰ
1710 1403 2000 1470 γινώσκων

492 1500 609 1561 Τάς
640 1496 895 1569 μηχανὰς
923 1493 1018 1549 τοῦ
1053 1494 1285 1559 Λέοντος
1322 1494 1403 1558 είς
1432 1495 1744 1549 τούναντίον
1770 1495 1987 1567 τρέπει,

493 1588 603 1642 Kal
635 1588 800 1651 λύκος
833 1586 1014 1657 μάτην
1036 1584 1288 1657 ἐγχανὼν
1322 1586 1352 1638 6
1385 1586 1540 1639 Λέων
1572 1586 1905 1657 ἐγνωρίσθη.

492 1678 628 1751 Ταῖς
655 1678 1009 1749 γάρβουλαῖς
1028 1676 1121 1730 τοῦ
1144 1676 1431 1749 Ῥωμανοῦ
1458 1679 1779 1748 πειθόμενος
1803 1681 1831 1731 ό
1852 1679 2073 1750 κράτωρ

494 1775 719 1847 Γραφὴν
747 1773 1017 1845 ὲρυθροσή
1029 1789 1231 1843 μαντον
1251 1773 1388 1842 πρὸς
1410 1771 1503 1827 τὸν
1516 1772 1747 1846 στρατὸν
1768 1774 2068 1843 ἐκπέμπει,

494 1866 938 1938 Κατηγοροῦσαν
970 1864 1048 1935 τῷ
1075 1865 1241 1937 Φωκᾷ
1262 1864 1533 1936 πρόδηλον
1559 1866 1874 1936 τυραννίδα,

495 1957 586 2029 Τῷ
622 1955 893 2027 Ῥωμανῷ
925 1956 981 2009 δὲ
1022 1955 1238 2024 τάγαθὰ
1262 1957 1917 2029 προσεπιμαρτυροῦσαν.
1992 1982 1997 1987 ο

507 2049 791 2105 Ἐντεῦθεν
821 2048 1021 2121 φύρσις
1047 2047 1126 2118 τῷ
1144 2049 1360 2120 στρατῷ
1390 2050 1735 2122 κακόχαρτος
1766 2054 1863 2104 καὶ
1889 2051 2045 2122 ζάλη,

494 2145 606 2198 Kal
631 2142 843 2205 κολοιὸς
873 2141 1096 2205 ξενόπτε
1108 2156 1198 2210 ρος
1220 2134 1289 2210 ἦν
1315 2140 1345 2192 ό
1374 2141 1567 2204 Φωκᾶς
1596 2143 1624 2195 6
1645 2142 1796 2195 Λέων
1824 2159 1838 2173 ·

494 2234 607 2304 Τὴν
632 2233 742 2303 γὰρ
768 2228 988 2302 γραφὴν
1014 2229 1109 2283 τού
1129 2229 1419 2301 κράτορος,
1447 2224 1627 2299 οἶμαι,
1653 2230 2071 2302 δυσωπηθέντες

498 2326 741 2394 Ἔφυγον
767 2321 989 2386 πάντες,
1022 2316 1229 2391 ἔρημον
1261 2321 1352 2373 τὸν
1373 2319 1559 2373 ἄθλιον
1588 2319 1855 2386 λιπόντες.

494 2412 799 2483 Ζωγρεῖται
834 2412 1013 2464 τοίνυν
1034 2411 1064 2463 6
1082 2411 1278 2474 Φωκᾶς
1302 2412 1396 2464 καὶ
1422 2411 1708 2466 σϐέννυται
1731 2415 1837 2476 τὰς
1876 2415 2041 2483 κόρας

424 2560 431 2565 ,
493 2506 607 2562 Kal
621 2504 847 2577 λύχνους
878 2504 1006 2567 τοὺς
1034 2502 1144 2556 τῶν
1164 2502 1460 2574 όφθαλμων
1483 2503 2070 2577 τυφλότητιζοφοῦται,

493 2598 604 2653 Kal
635 2597 798 2650 πάλιν
824 2591 894 2666 ἦν
925 2595 954 2647 6
991 2592 1272 2664 Ῥωμανδς
1295 2593 1445 2664 άγων
1475 2594 1571 2647 καὶ
1600 2594 1781 2667 φέρων
1799 2597 2001 2653 πάντα.

566 2688 713 2759 Πλὴν
744 2686 859 2741 ἀλλ’
889 2684 964 2750 ὡς
1011 2686 1197 2756 μήτηρ
1222 2684 1531 2749 πιστευθεὶς
1551 2684 1649 2757 τὴν
1695 2686 1942 2759 φυλακὴν
1975 2689 2070 2742 τοῦ

1853 2781 2000 2846 [νέου

494 2876 702 2946 Αιιφνης
724 2873 900 2944 ἐφάνη
931 2870 1173 2944 μητρυιά
1199 2869 1426 2933 δύσνους
1456 2870 1571 2924 ἀντ’
1593 2869 1907 2937 εὐνοούσης,

497 2970 607 3024 Kal.
627 2967 789 3022 τοῦτο
803 2967 864 3020 τδ
891 2966 1211 3037 λεγόμενον,
1248 2963 1539 3019 ἀποσοὸὥν
1561 2965 1685 3029 τοὺς
1720 2965 1943 3029 λύκους,

497 3210 606 3256 tam
625 3198 752 3254 vitae
775 3213 943 3269 quam
961 3194 1179 3267 imperii
1209 3196 1296 3251 sui
1326 3193 1609 3252 custodem
1637 3209 1702 3251 ac
1721 3194 2070 3252 defensorem
2096 3174 2141 3236 (ἶ

495 3290 798 3356 renuntiat,
873 3288 1188 3343 crocodilus
1237 3285 1450 3342 scilicet
1514 3287 1842 3354 trochilum,
1904 3288 2073 3357 pinna

494 3401 755 3442 cancrum
797 3404 809 3439 :
836 3400 963 3439 nam
993 3384 1067 3438 ita
1090 3399 1199 3437 non
1231 3382 1416 3452 inepte
1449 3396 1552 3436 nec
1590 3382 1925 3453 ineleganter
1949 3384 2075 3455 quis

495 3478 565 3533 de
597 3477 703 3531 hoc
757 3474 900 3529 facto
962 3472 1429 3543 pronuntiaverit.
1473 3472 1663 3544 Itaque
1691 3473 1801 3529 Leo
1841 3476 2073 3543 Pbocas,

496 3570 655 3640 cujus
693 3565 1031 3622 mentionem
1065 3564 1227 3618 modo
1256 3563 1615 3629 faciebamus,
1654 3564 1935 3621 intellecto
1969 3567 2079 3621 im~

497 3669 811 3733 peratorcm
834 3674 863 3713 a
895 3655 1143 3712 Romano
1173 3656 1285 3727 regi
1302 3671 1402 3711 ceu
1426 3657 1759 3726 mancipium
1773 3658 2072 3728 quoddam,

497 3768 610 3823 prae
634 3765 692 3805 se
720 3749 930 3805 ferebat
954 3747 1109 3819 quasi
1132 3761 1252 3802 eam
1272 3762 1386 3800 rem
1410 3747 1643 3802 moleste
1671 3746 1839 3803 ferret
1865 3748 2077 3804 animo-

497 3856 607 3909 que
652 3838 921 3893 bencvolo
946 3839 1135 3907 copias
1168 3838 1287 3907 ejus
1321 3836 1653 3892 defendendi
1694 3852 1856 3893 causa
1885 3853 2072 3894 secum

496 3932 815 3996 adduceret,
848 3946 971 3984 cum
1021 3944 1213 4000 reapse
1266 3929 1559 4000 imperium
1624 3929 1731 3983 sibi
1778 3940 2070 4000 quaereret.

496 4020 603 4077 Sed
630 4020 779 4077 enim
828 4020 874 4075 is
896 4020 990 4090 qui
1029 4019 1259 4075 callidos
1306 4020 1361 4074 in
1396 4020 1639 4075 versutia
1672 4035 1772 4076 sua
1812 4022 1960 4091 capit
2017 4032 2074 4077 et

497 4112 724 4166 consilia
772 4110 996 4164 invertit
1028 4118 1353 4180 secretaque
1394 4109 1697 4181 cognoscit,
1761 4110 2075 4168 molitiones

500 4201 702 4256 Leonis
737 4200 791 4253 in
848 4200 1130 4255 contraria
1180 4200 1372 4266 vertit,
1414 4201 1650 4272 ideoque
1711 4200 1823 4255 Leo
1869 4200 2071 4257 frustra

500 4305 613 4343 rem
637 4302 922 4358 aggressus
956 4287 1129 4341 hianti
1172 4288 1302 4356 lupo
1334 4286 1531 4342 similis
1576 4288 1751 4343 factus
1780 4299 1883 4343 cst.
1915 4289 2072 4360 113

497 4380 630 4433 Nam
669 4379 898 4433 Romani
931 4379 1180 4434 consiliis
1210 4379 1597 4448 obtemperans
1642 4380 1943 4449 imperator
1985 4383 2073 4435 lit-

1657 372 2169 436 CONSTANTINI
2213 378 2588 439 MANASSIS

3640 382 3753 448 49.8

2096 494 2137 547 Α
2175 488 2290 541 Ἱνα
2317 492 2378 541 τδ
2400 491 2674 559 πρόϐατον
2695 489 2857 553 αὐτὸς
2893 490 3195 560 σπαράττοι
3225 491 3321 545 καί
3350 490 3593 562 θεινῷτο.

2187 579 2246 631 ’0
2287 578 2390 648 μὲν
2419 580 2527 649 γὰρ
2557 577 2692 642 ἄναξ
2727 579 3008 649 Ῥωμανδν
3042 578 3232 633 εὔνουν
3266 580 3497 651 νομίσας
3527 575 3669 633 εἶναι

2176 670 2289 722 Kal
2325 669 2603 741 κηδεμόνα
2636 669 2736 738 τῆς
2788 670 2935 739 ζωῆς
2971 671 3067 723 καὶ
3114 669 3360 740 τηρητὴν
3390 670 3486 724 τοῦ
3517 671 3757 741 κράτους

2178 761 2377 832 Πρῶτα
2414 761 2515 830 μὲν
2547 761 2850 831 μάγιστρον
2885 762 2906 794 ⁸
2933 762 3091 831 τιμᾷ,
3136 762 3310 832 μέγαν
3340 763 3755 831 έταιρειάρχην,

2176 851 2311 908 Εἶτα
2340 851 2407 925 τῇ
2446 852 2571 924 δόξῃ
2617 851 2937 922 προστιθεὶς
2977 851 3145 921 ἄλλην
3189 851 3418 922 μείζονα
3454 852 3614 916 δόξαν

2178 946 2289 1001 Kal
2329 944 2466 1029 προς
2510 944 2824 1015 ἀκρώρειαν
2867 942 3015 1014 ὑψῶν
3061 945 3125 995 ὲκ
3167 944 3275 996 τῶν
3310 944 3760 1017 χθαμαλωτέρων

2177 1034 2399 1106 Πατέρα
2436 1033 2529 1087 καὶ
2557 1033 2887 1105 προφύλακα
2917 1035 3063 1085 ποιεῖ
3093 1034 3188 1101 τῆς
3217 1032 3519 1103 βασιλείας.

2176 1126 2287 1179 Καὶ
2317 1124 2479 1178 πλέον
2507 1124 2874 1194 ἐφελκόμενος
2907 1122 2999 1175 τὸν
3032 1122 3312 1191 Ῥωμανδν
3352 1124 3431 1186 είς
3462 1124 3686 1194 φίλτρον

2188 1216 2460 1289 Ἐχέγγυα
2492 1217 2778 1288 προγάμια
2817 1217 2969 1286 νέμει
3018 1218 3083 1286 τῇ
3117 1215 3310 1269 τούτου
3347 1218 3505 1289 κόρῃ.

2181 1311 2321 1381 Ἤδη
2344 1310 2400 1363 δὲ
2431 1310 2765 1379 γαμοδαίσια
2804 1307 3014 1378 μέλλων
3044 1308 3142 1377 τῆς
3179 1307 3402 1378 νύμφης
3438 1307 3613 1372 θύειν,

2177 1403 2289 1457 Kal
2308 1402 2399 1455 τὸν
2430 1402 2872 1472 γυναικοπάτορα
2897 1399 3164 1470 κράτορος
3198 1400 3387 1468 στέφει
3427 1401 3610 1469 στέφει
3640 1404 3687 1454 ⁸.

2175 1495 2364 1549 Ταῦτα
2398 1495 2497 1565 μὲν
2540 1492 2631 1548 οὖν
2664 1495 2693 1546 6
2723 1491 2975 1564 βασιλεὺς
3014 1493 3093 1554 εἰς
3132 1490 3410 1561 Ὶδωμανδν
3436 1492 3632 1558 ἐποίει,

2189 1585 2427 1639 Ἐκεῖνον
2459 1584 2841 1653 ἐφελκόμενος,
2877 1583 2952 1647 ὼς
2973 1581 3132 1651 ᾣετο,
3178 1583 3313 1653 πρὸς
3348 1582 3593 1653 φίλτρον.

2191 1676 2250 1731 Ὀ
2283 1675 2340 1729 δὲ
2366 1676 2631 1746 βαθύνους
2674 1673 2951 1744 Ῥωμανὸς
2990 1672 3162 1725 πολλὰ
3186 1672 3628 1742 βυσσοδομεύσας

2179 1765 2288 1816 Καὶ
2316 1764 2729 1833 κρατυνάμενος
2763 1761 2914 1833 αύτῷ
2948 1761 3214 1816 πάντοθεν
3251 1764 3321 1814 τὰ
3358 1761 3454 1814 τοῦ
3494 1763 3760 1832 κράτους,

2104 1835 2150 1889 Β
2189 1854 2276 1916 Ὡς
2304 1852 2516 1922 βασιλεῖ
2547 1854 2566 1883 τ
2604 1851 2679 1915 ὠς
2717 1852 2911 1908 ἄνακτι
2957 1848 3151 1915 ζεύξας
3184 1850 3284 1921 τὴν
3313 1848 3608 1921 θυγατέρα,

2186 1945 2279 1997 Ἐκ
2305 1943 2400 1999 τοῦ
2433 1942 2711 2014 τετρώρου
2740 1944 2843 2013 τῆς
2874 1945 3047 2017 ἀρχῆς
3081 1942 3221 2014 φεῦί
3256 1941 3355 2012 τῆς
3379 1942 3401 1973 ⁸
3441 1958 3746 1994 nan-noxa-

3478 2034 3682 2106 [τρῴας

2173 2135 2278 2186 Τὸν
2309 2132 2793 2205 πορφυρόσλαστον
2827 2132 3078 2203 γαμσρὸν
3113 2129 3396 2200 κύμϐαχον
3426 2128 3756 2198 ἐκδιφρίξει,

2172 2228 2283 2281 Kal
2315 2227 2480 2296 μόνον
2510 2225 2884 2297 χαρισάμενος
2915 2225 3088 2293 ὄνομα
3119 2222 3399 2292 βασιλείας

2175 2318 2264 2387 Τῷ
2292 2319 2547 2388 δυστυχεῖ
2573 2323 2664 2372 καὶ
2694 2316 3167 2387 δυστυχῶςαύτὺν
3200 2299 3636 2385 προσλαϐομένῳ

2172 2413 2348 2475 Αὐτὸς
2377 2408 2816 2481 ὲπῦ.αμ6άνεται
2846 2411 2945 2478 τῆς
2981 2408 3395 2481 ἡνιοστροφίας,

2173 2502 2283 2558 Kal
2314 2503 2568 2575 βασιλεὺς
2602 2505 2629 2557 6
2674 2503 2955 2574 Ῥωμανὸς
2986 2504 3089 2556 κάν
3116 2502 3238 2565 ταῖς
3273 2501 3530 2555 ἁπάντων
3566 2498 3753 2568 γλώσ-

3512 2591 3678 2664 [σαις.

2183 2690 2241 2743 ὐ
2283 2691 2691 2752 κωνσταντῖνος
2721 2687 2765 2740 δ’
2796 2685 3057 2758 οὐδαμοῦ*
3092 2685 3229 2756 τύχη
3258 2685 3367 2757 γὰρ
3392 2685 3638 2738 ὲνεκότει

2173 2785 2285 2837 Kal.
2331 2782 2744 2837 κατεκάλυπτεν
2774 2779 2940 2832 αὑτὸν
2965 2777 3156 2847 ὥσπερ
3193 2778 3402 2848 ἀστέρα
3424 2776 3605 2845 νέφος.

2172 2877 2284 2930 Nal.
2316 2874 2422 2945 μὴν
2457 2874 2536 2936 είς
2571 2872 2734 2944 κόρον
2759 2872 3043 2941 μετασχὼν
3072 2868 3329 2939 τοιαύτης
3351 2868 3655 2939 ἀμϐροσίας

2172 2968 2249 3020 05
2282 2968 2444 3037 μέχρι
2466 2962 2672 3018 τούτων
2706 2961 2903 3034 ἔστησε
2924 2961 2988 3015 τὸ
3008 2960 3324 3031 λαίμαργον
3361 2957 3462 3027 τῆς
3500 2956 3749 3027 γνώμης.

3423 3085 3577 3143 Vers.
3608 3087 3754 3140 5586

2178 3199 2479 3272 probabat;
2507 3198 2733 3270 etquod
2766 3198 3061 3269 proverbio
3096 3195 3203 3252 dici
3254 3194 3556 3259 consuevit,
3592 3193 3755 3264 lupos

2181 3286 2422 3348 terrebat
2451 3301 2506 3346 et
2536 3291 2808 3361 abigebat,
2840 3301 2901 3346 ut
2924 3306 3080 3345 ovem
3101 3289 3217 3360 ipse
3247 3288 3541 3343 dilaniaret
3560 3301 3624 3339 ac
3651 3285 3756 3339 dc-

2176 3393 2415 3439 voraret.
2453 3382 2757 3453 Imperator
2791 3381 2938 3436 enim
2990 3391 3143 3436 ratus
3172 3395 3376 3450 cupere
3414 3378 3520 3433 sibi
3550 3378 3754 3433 Roma-

2176 3490 2307 3528 num
2333 3489 2495 3544 quam
2520 3473 2926 3538 honestissime,
2966 3474 3215 3542 adeoque
3238 3473 3417 3524 virum
3446 3469 3597 3524 illum
3641 3467 3753 3521 im-

2176 3564 2316 3635 perii
2364 3566 2446 3619 sui
2477 3574 2767 3634 patronum
2799 3573 2855 3617 et
2904 3573 3347 3618 conservatorem
3393 3575 3537 3625 esse,
3571 3558 3756 3628 primo

2178 3658 2501 3728 magistrum
2528 3665 2681 3712 creat
2718 3665 2773 3712 et
2820 3671 3076 3726 magnum
3119 3653 3398 3709 societatis
3438 3650 3749 3722 praesidem.

2177 3749 2386 3805 Deinde
2420 3748 2549 3804 huic
2573 3748 2827 3819 dignitati
2854 3748 3119 3818 majorem
3151 3746 3314 3801 aliam
3344 3745 3629 3816 Njiciens,
3650 3742 3752 3796 de-

2174 3857 2282 3913 que
2322 3840 2514 3895 humili
2561 3840 2875 3895 conditione
2926 3839 3231 3892 Romanum
3269 3836 3335 3891 ad
3374 3836 3633 3890 verticem
3666 3849 3757 3888 rc-

2177 3952 2297 3991 rum
2336 3936 2578 3991 evehens
2610 3973 2626 3999 ,
2683 3942 2895 4004 patrem
2934 3941 2992 3988 et
3058 3930 3341 3987 custodem
3401 3928 3753 3999 imperatoris

2175 4038 2477 4101 nuncupat.
2507 4030 2754 4099 Denique
2792 4028 2984 4083 artiori
3028 4026 3234 4081 amoris
3260 4025 3481 4080 vinculo
3524 4022 3627 4078 sibi
3653 4023 3755 4076 ho-

2177 4123 2380 4177 minem
2399 4122 2725 4192 adjungens.
2747 4119 3023 4189 sponsalia
3041 4134 3165 4173 cum
3177 4120 3296 4190 ejus
3314 4116 3422 4170 [ilia
3437 4113 3748 4177 contrahit;

2171 4214 2391 4284 jamque
2416 4211 2639 4282 nuptias
2670 4210 3055 4264 celebraturus
3089 4223 3343 4263 socerum
3394 4206 3748 4275 imperatoria

2177 4320 2378 4361 corona
2430 4303 2670 4359 redimit.
2721 4301 2847 4357 Hinc
2876 4300 3227 4371 imperatoris
3255 4308 3414 4354 erant
3458 4298 3513 4352 in
3547 4297 3749 4351 Bouia-

2176 4412 2306 4449 num
2334 4396 2621 4458 beneﬁcia,
2651 4392 2854 4463 quibus
2896 4408 3021 4447 eum
3056 4407 3115 4446 sc
3150 4391 3378 4461 putabat
3404 4390 3472 4445 ad
3507 4405 3749 4443 amorem

500 4483 645 4525 teras
671 4469 887 4551 rubrica
910 4468 1249 4537 subscriptas
1272 4469 1339 4521 ad
1374 4469 1675 4523 exercitum
1730 4470 1917 4535 mittat,
1951 4470 2071 4539 qui-

2177 4488 2262 4542 sui
2290 4488 2677 4541 excitaturum.
2705 4484 2773 4538 At
2797 4484 3014 4537 e'ccullo
3044 4484 3315 4553 praeditus
3339 4483 3522 4536 animo
3548 4482 3750 4535 Roma-

500 4563 605 4617 bus
632 4570 876 4632 apertam
906 4563 1102 4616 i’hoca:
1134 4560 1477 4631 tyrannidem
1515 4561 1808 4615 accusabat
1835 4571 1891 4616 et
1917 4577 2075 4631 egre-

494 4654 644 4726 gium
680 4654 924 4708 llomano
959 4652 1337 4707 testimonium
1379 4652 1725 4722 perhibebat.
1754 4651 1892 4707 Tum
1940 4669 2072 4707 vero

497 4762 689 4818 magna
721 4745 866 4800 inter
894 4745 1097 4800 milites
1141 4744 1280 4799 oriri.
1313 4744 1677 4815 perturbatio,
1708 4753 1764 4799 et
1790 4744 1901 4799 Leo
1931 4744 2075 4800 Pho-

501 4855 594 4896 cas
624 4855 748 4895 mox
772 4839 1027 4910 graculus
1068 4837 1157 4892 illc
1191 4837 1393 4907 plumis
1435 4836 1631 4892 alienis
1672 4845 1901 4891 ornatus
1931 4836 2070 4891 ﬁeri.

496 4934 708 5002 Quippe
731 4932 974 4985 universi
1008 4930 1221 4985 litteras
1268 4929 1675 4999 imperatorias,
1722 4938 1781 4983 ut
1814 4929 2071 4995 arbitror,

497 5021 745 5084 reveriti,
782 5021 983 5075 misero
1029 5019 1209 5073 Pboca
1237 5019 1477 5084 deserto,
1508 5016 1883 5087 aufugiebaut.
1919 5016 2076 5072 Venit

497 5127 629 5180 ergo
656 5110 814 5164 vivus
842 5110 894 5163 in
927 5108 1166 5163 hostium
1193 5115 1544 5178 potestatem,
1571 5116 1627 5163 et
1660 5107 1837 5161 oculis
1871 5108 2076 5175 spolia-

498 5213 605 5257 tur.

569 5294 648 5348 Ex
707 5308 774 5347 co
811 5302 1054 5363 tempore
1103 5305 1299 5351 cuncta
1346 5311 1443 5365 per
1477 5295 1783 5349 Romanum
1835 5293 2072 5346 admini-

497 5386 681 5448 Strari,
715 5385 807 5453 qui
840 5395 1061 5454 recepta
1095 5387 1151 5440 in
1174 5403 1232 5441 se
1270 5388 1489 5457 juvenis
1511 5388 1779 5449 custodia,
1816 5397 2071 5455 tanquam

498 5481 541 5536 si
582 5487 753 5535 mater
775 5479 893 5552 ejus
923 5490 1088 5543 esset,
1123 5480 1306 5535 subito
1352 5498 1411 5537 se
1467 5497 1762 5538 novercam
1817 5483 2070 5536 hostilem

2171 4594 2296 4644 nus,
2330 4579 2500 4631 multa
2533 4591 2634 4630 suo
2659 4575 2826 4631 corde
2856 4583 3046 4646 tegens
3067 4584 3120 4632 et
3146 4575 3215 4630 ab
3246 4575 3394 4629 omni
3429 4581 3585 4643 parte
3616 4572 3752 4626 sibi—

2172 4679 2285 4725 met
2341 4667 2631 4738 imperium
2685 4662 2996 4731 sfabilicns,
3056 4676 3117 4721 ut
3170 4666 3264 4737 qui
3289 4667 3401 4737 jam
3450 4666 3753 4734 imperator

2172 4771 2319 4817 esset
2344 4777 2408 4816 ac
2437 4761 2787 4831 imperatoris
2826 4776 3006 4824 socer,
3038 4770 3226 4815 uatum
3278 4759 3334 4814 in
3382 4772 3626 4828 purpura
3658 4772 3749 4827 ge-

2174 4870 2369 4909 nerum
2408 4853 2626 4907 tandem
2657 4852 2804 4907 avito
2829 4855 3140 4923 patritoque
3186 4849 3421 4920 imperio
3452 4848 3658 4917 dejicit,
3694 4858 3749 4901 et

2173 4946 2294 5001 solo
2323 4945 2671 5015 imperatoris
2702 4945 2778 4999 illi
2809 4945 3032 5000 nomine
3073 4944 3264 4999 relicto
3292 4941 3747 5014 gubernationem

2174 5037 2489 5092 universam
2524 5037 2577 5091 in
2606 5053 2666 5091 se
2708 5037 2990 5092 transfert.
3032 5036 3222 5105 itaque
3253 5037 3534 5090 ilomanus
3562 5034 3750 5102 impe-

2175 5140 2324 5184 rator
2353 5130 2613 5185 omnibus
2642 5141 2762 5185 erat
2806 5132 2860 5185 in
2891 5144 2987 5186 ore
3018 5171 3032 5195 ,
3068 5128 3464 5184 Constantinus
3506 5126 3752 5187 nemini;

2177 5221 2265 5274 cui
2319 5220 2532 5275 scilicet
2575 5222 2961 5286 adversaretur
2998 5222 3239 5283 fortuna,
3306 5234 3583 5289 quemque
3640 5232 3748 5270 ιιοιι

2174 5314 2338 5368 aliter
2361 5314 2684 5371 obscuraret
2731 5326 2895 5385 atque
2924 5316 3101 5369 nubes
3126 5315 3337 5369 stellam
3371 5313 3625 5366 occulere
3657 5328 3749 5363 so—

2174 5404 2268 5457 let.
2314 5403 2457 5469 Quin
2489 5404 2654 5459 etiam
2695 5406 2973 5461 Romanus
3014 5406 3116 5461 hac
3154 5404 3433 5459 ambrosia
3464 5404 3652 5457 fruens
3682 5401 3749 5453 ad

2174 5494 2483 5550 satietatem
2517 5508 2689 5567 uSque
2725 5512 3070 5567 nequaquam
3103 5498 3192 5553 hic
3217 5495 3385 5551 animi
3414 5494 3499 5548 sui
3531 5492 3751 5547 libidini

1855 5658 2062 5719 Varia)
2099 5658 2432 5722 lectiones.

569 5799 591 5829 ⁸
620 5799 879 5870 μάῐστρον
906 5799 967 5850 Δ.
1047 5800 1065 5829 ⁸
1097 5798 1286 5867 στέφος
1317 5798 1500 5866 σςέφ;ι
1532 5807 1593 5852 Α.

1672 5801 1688 5827 ⁷
1719 5799 1964 5867 ﬂamini);
1994 5799 2105 5853 AR.
2185 5803 2203 5831 ⁸
2235 5803 2326 5864 τὰς
2358 5804 2421 5855 Α.
