4072 6482
433 397 537 463 εει

436 510 565 564 Υίὸν
603 507 649 563 δ’
697 507 827 564 ἰδεῖν
869 507 1191 580 εύτυχηκὼς
1233 504 1368 571 ἰδίας
1397 503 1457 571 ἐξ
1483 504 1707 575 ὀσφύος,

446 603 544 665 Ὃς
576 599 637 667 ἐξ
676 599 904 670 Ἑλένης
944 596 1232 669 Ῥωμανοῦ
1260 596 1360 667 τῆς
1386 594 1659 666 θυγατρὸς
1689 594 1876 665 ἐξέφυ,

439 696 823 767 Κατονομάξει
867 691 1170 763 Ῥωμανόν.
1221 691 1524 746 Ἐλάσαντα
1549 689 1595 745 δ’
1632 692 1713 755 εἰς
1741 689 1884 761 ἥϐην

438 791 553 846 Kal
583 788 799 859 γαμετῇ
829 783 1181 853 συζεύγνυσι,
1216 785 1312 838 καὶ
1342 782 1546 854 βλάψας
1567 781 1687 835 υίοῦ
1720 782 1882 850 γόνον

437 879 716 934 Βασίλειον
754 876 848 930 τὸν
880 862 1139 945 μέγιστον
1193 876 1288 929 ἐπὶ
1339 875 1783 947 προπαιουχίαις,

438 973 550 1025 Kal
580 968 781 1041 βρέφος
820 966 1160 1035 ἓπαγκάλιον
1208 968 1255 1000 ⁸⁸
1306 966 1582 1037 βαστάσας
1617 966 1709 1018 τὸν
1741 965 2018 1033 τοσοῦτον,

439 1065 551 1119 Kal
610 1063 773 1118 πέντε
803 1059 1032 1133 χρόνους
1084 1058 1375 1131 μετασχὼν
1416 1059 1512 1114 τοῦ
1543 1058 1782 1130 κράτους
1815 1057 2022 1113 aeole-

1638 1182 1652 1218 ,
1729 1146 1845 1219 [του
1878 1149 1949 1212 ³³,

437 1246 549 1300 Καὶ
576 1245 785 1317 μέλλων
819 1246 1150 1302 ἀπολύεσθαι
1178 1243 1290 1299 τῶν
1335 1241 1581 1313 φυσικῶν
1616 1242 1948 1312 συνδέσμων,

446 1338 776 1394 Λύτάνακτα
815 1341 1106 1411 καθίστησι
1130 1337 1222 1392 τὸν
1262 1335 1545 1406 Ῥωμανὺν
1566 1334 1660 1389 τὸν
1683 1335 1874 1389 παῖδα.

523 1429 663 1484 Ἀλλ’
690 1423 845 1496 οὗτος
876 1429 1099 1485 ἃπασαν
1120 1427 1301 1498 ἰσχὺν,
1337 1426 1563 1481 ἀπασαν
1590 1424 1916 1479 δυναστείαν

445 1523 652 1586 Κακοίς
685 1522 780 1575 καὶ
823 1519 1273 1594 μικρογνώμοσιν
1303 1518 1582 1589 εὐνούχοις
1623 1518 1953 1587 ἐπιτρέψας,

439 1611 623 1681 Θήρας
666 1611 828 1674 αὐτὸς
861 1610 1152 1682 ἐφρόντιζε
1197 1608 1298 1663 καὶ
1336 1608 1810 1678 κυνηγετημάτων

440 1703 553 1757 Καὶ
583 1702 878 1773 δαιμονίως
906 1702 1110 1774 ἐχασκε
1133 1699 1271 1773 πρὸς
1300 1700 1399 1765 τάς
1423 1701 1806 1772 κυνοδρομίας.

439 1794 575 1848 Τότε
604 1795 701 1867 τὴν
738 1795 968 1866 Κρήτην
993 1793 1280 1865 δυσμενῶν
1323 1793 1609 1864 ’Δῤῥάϐων
1634 1793 2017 1863 κατασχόντων

439 1886 551 1939 Kal
578 1885 844 1956 κραταιὸν
878 1883 1263 1957 κρησφύγετον
1287 1882 1531 1954 θεμένων
1560 1884 1629 1937 τά
1658 1884 1757 1955 τῆς
1782 1888 1948 1953 νήσου

440 1976 551 2031 Καὶ
581 1975 1041 2047 κακουργούντων
1070 1974 1171 2047 τὴν
1204 1973 1380 2045 ύγράν
1404 1976 1498 2029 καὶ
1524 1975 1700 2029 πάντα
1733 1972 2020 2046 λῃστευόν-

1793 2064 1947 2137 [των.

449 2162 509 2215 '0
547 2159 863 2231 Νικηφόρος
891 2158 921 2212 ὁ
944 2159 1139 2223 Φωκᾶς
1170 2155 1262 2232 (ἦν
1292 2161 1402 2231 γάρ
1430 2158 1558 2224 ὀξὺς
1582 2159 1641 2211 ιν
1671 2157 1878 2229 μάχαις

437 2252 550 2305 Kal
580 2254 679 2322 τὴν
712 2250 894 2323 ὁρμὴν
920 2250 1192 2321 ἐμπύριος
1231 2252 1325 2304 καὶ
1345 2249 1638 2314 δραστικὸς
1670 2249 1770 2313 τὰς
1805 2247 2016 2319 χεῖρας)

439 2342 748 2413 Στολάρχης
781 2340 1195 2406 ἀναδείκνυται,
1233 2342 1556 2396 πιατεύεται
1594 2339 1695 2411 τὴν
1744 2341 1946 2409 μάχην,

439 2435 650 2505 Πληροί
691 2433 790 2505 τὴν
815 2433 1096 2488 θάλασσαν
1134 2433 1363 2503 σκαφῶν
1393 2432 1665 2488 εὐστόλων
1710 2429 2023 2503 καλλιπρώ-

1792 2520 1948 2593 iam,

344 2680 347 2683 ν
439 2619 599 2675 Κατά
629 2619 837 2691 Θηρίων
873 2616 1155 2673 στέλλεται
1184 2616 1392 2672 τούτων
1424 2617 1533 2671 τῶν
1567 2617 1947 2687 ύγροχέρσων,

440 2711 638 2783 Μάχην
668 2709 936 2763 συνάπτει
969 2708 1267 2782 καρτεράν,
1306 2709 1449 2779 ηττᾷ
1497 2709 1625 2771 τοὺς
1661 2706 2019 2777 ἁντιμάχιιυς,

440 2802 658 2866 Βυθίζει
689 2800 789 2865 τὰς
825 2798 1157 2873 πειραυκάς
1198 2801 1434 2863 ἀκάτους
1463 2800 1573 2851 τῶν
1608 2798 1913 2869 Ἀρῤἀϐων,

438 2892 735 2964 Χειροῦται
765 2893 858 2946 καὶ
880 2891 980 2947 τὸν
995 2890 1301 2963 λῂσταρχον
1332 2890 1422 2943 τὸν
1451 2888 1761 2958 πάντολμον
1786 2888 2018 2952 ἐκεῖνον,

438 2982 552 3038 Kal
576 2982 668 3036 τὸν
696 2981 1182 3052 γιγαντοπάλαμον
1213 2980 1292 3045 ὡς
1319 2979 1523 3052 βριφος
1553 2977 1947 3048 συλλαμϐάνει.

449 3075 692 3128 Ἐκεῖθεν
720 3070 1026 3139 ἀναζεύξας
1148 3074 1289 3144 μετά
1330 3072 1601 3144 λαμπρῶν
1627 3069 1908 3143 τροπαίων

436 3307 504 3349 ex
533 3305 592 3348 se
619 3297 783 3362 atque
806 3287 1016 3346 Helena
1036 3289 1268 3347 Romani
1292 3289 1401 3345 illia
1428 3298 1616 3344 natum
1641 3287 1873 3352 videret,
1890 3302 2016 3343 eum

438 3385 617 3456 ipsum
669 3383 981 3439 Romanum
1027 3381 1343 3452 appellavit.
1392 3380 1497 3436 Ubi
1533 3381 1644 3449 jam
1694 3379 2023 3434 adolevisset

436 3491 502 3532 ac
550 3476 727 3547 pubes
772 3474 954 3531 factus
999 3482 1182 3540 esset,
1224 3488 1452 3528 uxorem
1488 3473 1537 3527 ei
1582 3472 1772 3545 dedit;
1808 3486 1877 3526 ex
1909 3484 2029 3541 quo

441 3569 540 3624 ﬁlii
590 3568 851 3641 coniugio
905 3577 1163 3638 nepotem
1207 3566 1347 3620 vidit
1386 3565 1669 3630 Basilium,
1713 3564 2021 3634 principem

440 3662 603 3731 longe
648 3658 1186 3729 victoriosissimum.
1224 3656 1382 3728 115
1416 3656 1657 3711 Tandem
1703 3657 1912 3711 exactis
1964 3656 2020 3710 in

441 3753 671 3824 imperio
709 3753 957 3823 quinque
997 3750 1159 3806 annis
1188 3750 1397 3819 absque
1431 3751 1583 3805 socio
1628 3760 1685 3804 et
1728 3749 2023 3819 perturba-

442 3841 617 3905 tione,
651 3841 775 3896 vilic
810 3839 975 3895 ﬁnem
1023 3839 1270 3895 facturus
1300 3839 1605 3893 Romanum
1639 3839 1813 3893 lilium
1847 3838 2023 3908 impe-

442 3942 679 3988 ratorem
710 3933 1007 3989 renuntiat.

509 4023 561 4079 ιε
589 4037 723 4078 vero
743 4021 1401 4093 potestatemuniversam
1429 4022 1589 4076 malis
1619 4031 1677 4076 et
1708 4020 2024 4077 imbellibus

438 4113 713 4169 eunuchis
755 4112 976 4168 tradens
1006 4111 1291 4182 capiendis
1321 4110 1454 4167 feris
1482 4122 1538 4166 et
1577 4112 1828 4167 venando
1856 4112 2023 4168 mise-

442 4203 648 4259 randus
681 4210 1003 4272 occupatur.
1041 4201 1153 4258 Hoc
1183 4201 1486 4271 imperante
1516 4200 1736 4258 Cretam
1786 4203 2021 4258 insulam

436 4295 654 4349 Arabes
690 4303 978 4363 ceperunt,
1016 4301 1070 4347 et
1102 4294 1452 4363 receptaculo
1480 4294 1535 4348 iu
1561 4308 1625 4348 ea
1658 4294 1817 4349 ﬁrmo
1848 4296 2020 4350 collo-

443 4394 567 4438 cato
601 4397 750 4435 mare
775 4381 978 4461 passim
1017 4380 1275 4436 infestum
1310 4381 1511 4451 pradis
1556 4383 1781 4454 agendis
1823 4383 2020 4438 redde-

445 4473 596 4527 bant.
626 4469 973 4540 Quapropter
1017 4470 1367 4542 Nicephorus
1410 4471 1642 4538 Pliocas,
1680 4475 1763 4527 vir
1798 4489 1927 4529 acer
1963 4474 2019 4529 in

1566 388 2075 453 CUNSTANTINI
2117 387 2499 448 MANASSIS

2043 505 2095 565 Α
2125 503 2445 556 Πολυτελέσι
2471 503 2562 556 καὶ
2581 502 2830 574 φαιδροῖς
2853 505 2900 537 “
2918 504 3212 576 θριάμϐοις
3233 505 3283 538 ⁸³
3297 504 3621 577 ὲπομπεύθη
3637 510 3706 554 ’⁸.

3595 391 3707 456 ωε

2196 595 2239 646 Τ
2242 595 2331 648 ότε
2362 595 2457 647 καὶ
2488 594 2646 648 πόλιν
2676 595 2775 665 τὴν
2808 594 3002 666 καλὴν,
3027 597 3128 665 τὴν
3152 596 3309 650 πόλιν
3353 597 3635 667 Ἀντιόχου

2124 686 2236 756 Τὴν
2266 685 2493 756 εὐγενῆ,
2533 686 2633 757 τὴν
2669 687 2942 757 εὐπρεπῆ,
2992 688 3090 759 τὴν
3124 690 3702 761 νυμφοκοσμουμένην

2136 776 2475 847 Ἴσμαηλῖται
2500 775 2714 846 φονικοὶ
2740 777 3074 849 δορύκτητον
3095 779 3352 843 λαϐόντες

2134 868 2224 931 Ὠς
2251 867 2531 939 τρίδουλον
2561 867 2932 939 κατῄσχυναν,
2956 868 3032 932 ῶς
3069 869 3327 939 τριοδίτιν
3352 871 3582 939 πόρνην.

2124 964 2235 1015 Kal
2262 961 2426 1015 πάλιν
2454 964 2482 1013 ό
2521 960 2908 1033 τρισαριστεὺς
2937 964 3143 1015 σπᾶται
3171 963 3367 1025 ama;
3405 963 3706 1032 ῥομφαίαν,

2124 1052 2295 1107 Πάλιν
2322 1053 2560 1106 κινεῖται
2592 1053 2717 1107 κατ’
2747 1052 2957 1123 ἐχθρῶν
2983 1054 3307 1124 αίμοχαρῶν
3334 1054 3605 1121 ὲκφύλων.

2123 1144 2263 1208 Τοὺς
2290 1143 2625 1213 ἀλλοφύλους
2654 1145 2909 1213 ῥήγνυσι,
2943 1145 2988 1176 ⁸⁸
3023 1146 3339 1215 ὑπερμαχεῖ
3385 1144 3709 1214 συμφύλων,

2124 1237 2231 1290 Καὶ
2269 1235 2436 1289 πάλιν
2465 1236 2567 1307 τὴν
2598 1235 2916 1306 εὐσχήμονα
2952 1236 3053 1305 τὴν
3082 1236 3496 1307 εύχρουστάτην
3533 1237 3710 1307 κόρην

2136 1326 2509 1391 Ἐπανασώζει
2534 1329 2601 1397 τῇ
2635 1329 2804 1397 μητρὶ
2824 1330 2891 1397 τῇ
2922 1327 3419 1399 καλλιτεκνωτάτη.

2197 1421 2317 1474 Ἔτι
2345 1420 2407 1473 δὲ
2429 1421 2551 1474 τότε
2593 1418 2687 1472 τοῦ
2719 1419 2886 1473 Quid
2928 1420 3029 1489 τὴν
3057 1420 3239 1490 μάχην
3272 1421 3710 1489 συγκροτοῦντος

2133 1514 2230 1566 ἰὸν
2257 1512 2502 1583 κράτορα
2529 1512 2619 1565 τὸν
2662 1510 2943 1582 Ῥωμανδν
2973 1510 3205 1575 θάνατος
3231 1511 3563 1581 ἀναρπάζει,

2123 1608 2201 1678 Τῇ
2233 1608 2447 1676 γαμετῇ
2472 1604 2736 1675 Θεοφανοί
2754 1604 2816 1657 τὸ
2843 1605 3044 1675 κράτος
3066 1603 3354 1657 λελοιπότα

2124 1696 2234 1749 Kal
2266 1700 2380 1760 τοις
2410 1698 2568 1750 παισὶ
2599 1698 2713 1759 τοῖς
2745 1696 2804 1763 ἐξ
2835 1696 3006 1767 αὐτῆς
3040 1696 3087 1729 ³⁸
3115 1695 3426 1765 νεογενέσιν
3453 1693 3626 1761 οὖσιν,

2124 1790 2523 1861 Κεκρατηκότα
2552 1790 2698 1843 ἔτεσι
2722 1789 2987 1861 τέσσαρσι
3029 1788 3166 1859 πρὸς
3199 1790 3312 1852 τοῖς
3338 1789 3474 1843 δέκα
3504 1790 3577 1843 ’⁷.

2053 1854 2095 1908 Β
2136 1854 2349 1936 Ἀκούει
2372 1854 2551 1937 ταῦτα
2582 1884 2678 1937 καὶ
2702 1854 2917 1946 Φωκεῖς,
2946 1854 3163 1935 ἐκεῖθεν
3185 1881 3482 1951 ἀποτρέχει

2123 1975 2233 2030 Kal
2258 1973 2397 2044 πρὸς
2418 1975 2520 2046 τὴν
2549 1973 2914 2045 μεγαλόπολιν
2955 1975 3349 2044 καταταχήσας
3380 1974 3595 2043 φθάνει,

2124 2071 2233 2123 Kal
2259 2069 2422 2123 πάλιν
2444 2066 2829 2121 ἀναδείκνυται
2866 2067 2965 2137 τῆς
3001 2066 3115 2120 Ἕω
3141 2068 3562 2139 ταγματάρχης.

2125 2161 2354 2232 Ὀρκοις
2382 2161 2634 2232 φρικτοῖς
2666 2158 2986 2223 καταδεθεὶς
3022 2159 3130 2212 ὑπὸ
3154 2158 3256 2228 τῆς
3281 2158 3604 2228 βασιλίσσης

2137 2252 2225 2315 Ὠς
2245 2250 2345 2304 οὐκ
2370 2249 2780 2304 ἐπιϐουλεύσειε
2807 2249 2900 2303 τοῦ
2940 2249 3226 2317 Ῥωμανοῦ
3256 2252 3371 2311 τοῖς
3397 2250 3635 2313 τέκνοις,

2124 2346 2245 2398 Kal.
2261 2344 2427 2396 πάλιν
2459 2343 2851 2413 ἀνα-πόμπιμος
2883 2343 3097 2411 γίνεται
3130 2341 3266 2411 πρὸς
3303 2342 3530 2411 Συρίαν.

2136 2439 2295 2492 Ἀλλά
2323 2438 2432 2509 γάρ
2463 2437 2564 2491 οὐκ
2588 2436 2839 2507 ἠρέμησε
2871 2437 2935 2489 τδ
2962 2436 3198 2506 χαλεπὸν
3230 2435 3423 2506 θηρίον

2135 2534 2194 2586 Ὀ
2214 2531 2429 2599 φθόνος,
2452 2531 2487 2599 η
2516 2529 2626 2582 τῶν
2669 2526 2923 2598 γηγενῶν
2962 2527 3332 2598 καρδιοφάγος
3362 2527 3585 2598 ἄρκτος.

2125 2626 2243 2677 Καὶ
2256 2622 2440 2676 τοίνυν
2468 2639 2554 2685 τις
2582 2620 2865 2682 ἀπόκοιτος
2893 2619 2999 2673 τῶν
3043 2621 3102 2672 ἐν
3149 2622 3257 2682 τοῖς
3286 2620 3631 2690 ἀνακτόροις,

2133 2715 2194 2767 Ὁ
2220 2714 2339 2765 τότε
2375 2714 2556 2765 πᾶσαν
2582 2711 2678 2780 τὴν
2705 2710 2879 2780 ἀρχὴν
2908 2710 3020 2763 ἀνω
3056 2711 3146 2763 καὶ
3179 2711 3331 2764 κάτω
3359 2710 3630 2779 στρέφων,

2136 2806 2370 2879 ’Δκάνθῃ
2400 2805 2597 2873 φθόνου
2631 2802 2919 2873 κεντηθε“ις
2944 2802 3084 2856 κατά
3126 2802 3221 2855 τοῦ
3252 2802 3628 2871 στρατηλάτου

2124 2901 2233 2953 Kal
2263 2895 2601 2969 τηλικαύτην
2628 2894 2885 2949 εὖπνοιαν
2910 2894 3078 2965 τύχης
3102 2896 3163 2948 οὐ
3198 2896 3380 2965 φέρων
3414 2895 3634 2964 βλέπειν

2123 2990 2228 3044 Τὸν
2263 2987 2580 3058 Νικηφόρον
2616 2985 2709 3038 τὸν
2738 2985 2934 3037 Φωκᾶν
2973 2984 3172 3054 ούρίως
3205 2983 3603 3038 ναυστολοῦσαν
3635 2984 3719 3045 ν..

2124 3080 2347 3152 Γραφάς
2369 3080 2462 3133 ἐπὶ
2501 3078 2592 3131 τὸν
2621 3076 2932 3147 Τζιμισχῆν
2966 3074 3267 3146 εὐπτέρους
3294 3075 3627 3146 ὲγχαράσσει
3662 3076 3712 3109 η

3369 3182 3521 3240 Vers.
3566 3183 3725 3240 5693

2123 3310 2331 3352 morem
2351 3292 2548 3363 puella:
2565 3299 2815 3347 ornatam
2845 3288 3245 3344 Antiochenam
3276 3288 3568 3344 lsmaeltta:
3597 3287 3707 3342 bo-

2124 3388 2341 3445 micidae
2372 3392 2642 3454 ceperunt
2685 3391 2742 3437 et
2792 3382 2850 3436 in
2896 3382 3227 3436 servitutem
3278 3380 3614 3451 redegerunt
3643 3396 3715 3436 ac

2122 3481 2274 3537 velut
2297 3477 2643 3534 meretricem
2668 3475 2722 3528 in
2753 3474 2913 3529 trivio
2934 3483 3169 3529 stantem
3196 3472 3530 3527 habuerunt.
3557 3472 3717 3539 Qua-

2122 3579 2347 3642 propter
2373 3583 2595 3623 rursum
2624 3567 2837 3622 Phocas
2865 3565 2954 3620 ille
2977 3565 3468 3621 victoriosissimus
3490 3564 3715 3620 hostem

2124 3671 2328 3725 movet,
2368 3662 2704 3732 alienigenas
2736 3657 2959 3729 frangit,
2991 3666 3199 3728 pugnat
3241 3672 3343 3727 pro
3392 3657 3532 3723 suis,
3582 3674 3731 3711 rur-

2123 3769 2246 3810 sn-m
2291 3752 2577 3807 honestam
2619 3761 2677 3804 et
2718 3750 2849 3804 boni
2880 3748 3081 3804 coloris
3118 3747 3354 3817 puellam
3389 3748 3555 3802 matri
3587 3748 3716 3818 pul-

2124 3846 2384 3901 cbrorum
2408 3843 2707 3898 liberorum
2739 3841 2974 3911 parenti,
2996 3840 3051 3894 id
3084 3850 3169 3895 est
3192 3840 3440 3895 Romano
3468 3840 3710 3910 imperio

2124 3932 2800 3996 Antiochiamkrestituit.

2194 4029 2334 4084 Dum
2376 4027 2500 4081 istic
2546 4024 2749 4079 bellum
2795 4022 2954 4092 gerit,
2992 4022 3275 4077 Romanus
3325 4021 3628 4091 imperator
3675 4036 3727 4077 α

2123 4119 2264 4174 vivis
2294 4116 2551 4179 excessit,
2585 4115 2742 4170 uxori
2787 4113 3186 4182 Tbeophanoni
3229 4122 3285 4167 et
3326 4112 3537 4175 liberis,
3570 4129 3727 4183 ηυίιι

2123 4226 2190 4264 ex
2235 4224 2299 4263 ea
2348 4215 2693 4275 susceperat,
2724 4205 2964 4275 imperio
2998 4203 3212 4259 relicto.
3249 4202 3420 4273 Cujus
3446 4204 3525 4258 rei
3565 4205 3711 4258 fama

2124 4303 2334 4356 Pbocas
2367 4300 2432 4354 ad
2463 4314 2522 4354 se
2555 4297 2763 4367 perlata
2791 4298 2991 4351 itinere
3022 4296 3191 4351 celeri
3230 4295 3423 4365 Cpolin
3459 4298 3714 4366 proﬁcis-

2123 4393 2285 4455 citur,
2311 4391 2498 4459 ibique
2527 4403 2720 4443 rursus
2748 4387 3094 4442 exercituum
3122 4386 3501 4442 Orientis/dux
3527 4388 3729 4442 decla-

2125 4490 2298 4544 ratur,
2328 4480 2690 4535 sacramentis
2719 4478 3081 4534 borribilibus
3114 4479 3450 4548 imperatrici
3492 4480 3713 4550 pollici-

445 4562 590 4616 bello
632 4571 685 4615 et
725 4572 832 4616 tam
871 4562 1055 4615 animo
1090 4577 1255 4632 quam
1288 4578 1450 4618 manu
1482 4578 1789 4635 promptus,
1828 4567 2021 4622 classis
2052 4553 2094 4605 ί)
2127 4582 2215 4627 tus
2244 4585 2523 4639 nunquam
2554 4585 2613 4625 se
2644 4569 2875 4623 Romani
2902 4570 3093 4626 liberis
3128 4569 3553 4636 insidiaturum;
3597 4586 3715 4639 quo

447 4655 750 4724 imperator
766 4663 823 4709 et
850 4653 979 4707 belli
1001 4652 1111 4708 dus
1132 4654 1509 4721 constituitur;
1532 4660 1623 4725 qui
1648 4672 1769 4710 mox
1795 4658 2039 4713 navibus-

446 4747 767 4801 nniversum
804 4761 953 4801 mare
986 4745 1247 4817 complet,
1292 4755 1349 4824 et
1387 4758 1583 4801 contra
1610 4748 1820 4804 belluas
1860 4750 2024 4819 pede-

445 4846 586 4893 stres
625 4838 836 4911 pariter
875 4852 940 4892 ac
985 4837 1228 4893 marinas
1266 4837 1571 4908 ablegatur.
1607 4838 1849 4909 Pugnam
1895 4841 2022 4896 inde

446 4945 568 4982 eum
601 4930 758 4984 hoste
782 4929 1047 4993 conserit,
1084 4944 1325 4998 eumque
1359 4944 1557 5000 magno
1588 4931 1777 5000 pnnlio
1809 4932 1979 4986 vincit
2007 4951 2020 4984 :

450 5022 706 5090 piraticas
742 5022 981 5075 Arabum
1013 5036 1182 5076 naves
1203 5021 1498 5092 demergit,
1525 5023 1561 5091 ig
1584 5037 1704 5076 sum
1719 5022 2029 5093 principem

449 5112 789 5181 prtedonum,
838 5113 1114 5167 hominem
1148 5113 1575 5168 audacissimum
1620 5122 1678 5168 et
1712 5114 2024 5184 giganteum

450 5201 789 5267 bellatorem,
817 5203 966 5258 v‘elut
989 5219 1217 5271 puerum
1245 5206 1410 5274 capit.
1434 5204 1570 5259 Hinc
1588 5222 1616 5258 c
1651 5205 1810 5260 Creta
1838 5206 2029 5275 splen-

451 5291 754 5345 tiitlissimis
780 5309 904 5346 cum
938 5296 1158 5362 tropaeis
1191 5296 1408 5350 solvens
1443 5298 1751 5366 triumphos
1781 5297 2026 5366 magniti-

454 5400 549 5439 cos
579 5390 634 5439 ct
667 5384 865 5439 laetitia:
898 5386 1088 5453 plenos
1116 5389 1348 5457 peragit.

525 5473 730 5530 Eodem
763 5481 1005 5543 tempore
1037 5476 1271 5529 nobilem
1310 5491 1372 5531 ac
1409 5460 1693 5545 pulchram
1736 5479 1930 5533 urbem
1969 5480 2023 5533 in

2123 4664 2266 4719 facto
2300 4679 2459 4719 suum
2484 4663 2551 4717 ad
2575 4677 2925 4718 munus-sese
2957 4661 3190 4717 confert.
3217 4662 3325 4717 Sed
3350 4661 3497 4716 enim
3521 4661 3712 4731 quies-

2125 4772 2251 4812 cere
2309 4770 2419 4809 non
2462 4763 2680 4824 poterat
2710 4754 2939 4818 invidia,
2967 4755 3148 4811 bellua
3193 4754 3367 4817 ferox,
3409 4769 3539 4807 urso
3579 4768 3729 4807 con--

2122 4844 2341 4908 similis,
2369 4844 2653 4897 hominum
2680 4843 2846 4897 corda
2872 4842 3206 4913 depascenti.
3231 4843 3366 4897 Nam
3395 4842 3618 4911 quidam
3642 4856 3714 4899 ex

2123 4935 2399 4990 eunuchis
2428 4934 2644 5001 aulicis,
2676 4934 2771 5004 qui
2798 4950 2866 4989 eo
2898 4946 3145 5005 tempore
3182 4949 3272 4988 res
3299 4934 3516 5003 imperii
3559 4933 3713 4987 solus

2131 5028 2402 5082 arbitratu
2431 5044 2533 5082 suo
2572 5027 2864 5094 tractabat,
2905 5028 3171 5082 adversus
3212 5027 3453 5081 l’bocam
3488 5025 3729 5080 invidias

2131 5122 2291 5189 spina
2330 5120 2489 5189 quasi
2530 5120 2770 5189 quadam
2822 5131 3081 5190 punctus,
3130 5120 3277 5190 quod
3331 5119 3713 5173 celebritatem

2131 5212 2371 5265 nominis
2413 5214 2532 5283 ejus
2563 5223 2728 5282 atque
2771 5213 3087 5267 felicitatem
3132 5229 3291 5281 avquo
3331 5214 3517 5265 animo
3564 5210 3715 5264 ferre

2131 5316 2240 5354 non
2270 5311 2477 5370 posset,
2504 5302 2714 5356 litteras
2745 5304 2810 5355 ad
2834 5304 3100 5357 Joannem
3145 5310 3513 5371 cegnomcnto
3542 5298 3715 5352 limi-

2130 5393 2319 5447 scbam
2353 5408 2530 5462 penna
2560 5410 2668 5448 non
2717 5404 2968 5449 cxaratas
3003 5395 3188 5457 mittit,
3219 5393 3379 5462 116
3405 5393 3581 5461 iisque
3615 5407 3714 5444 eo-

2131 5482 2491 5553 hortatur_ut
2541 5485 2827 5541 interiecto
2865 5487 3057 5540 [Phoca
3102 5484 3445 5555 Byzantium,
3495 5482 3715 5535 futui-cs

1803 5616 2008 5677 Variae
2046 5618 2375 5680 lectiones.

524 5739 570 5770 "
603 5737 941 5807 ὑπαγκάλιον
990 5735 1101 5807 ΑΒ.
1205 5736 1247 5766 ’⁸
1280 5734 1432 5790 Hunc
1480 5755 1695 5793 versum
1767 5758 1877 5794 om.
1913 5741 1978 5794 ll.

2093 5743 2137 5772 ²¹
2172 5742 2445 5811 λαμπροῖς
2483 5747 2547 5797 Λ.

456 5809 501 5840 ’⁸
529 5809 642 5861 ἀλλ’
666 5810 731 5862 ll.
808 5810 853 5840 ³⁸
877 5806 1041 5860 αὐτοῦ
1071 5810 1134 5860 Λ.
1212 5808 1255 5839 ⁸⁷
1285 5807 1438 5862 llunc
1470 5825 1685 5864 versum
1725 5828 1834 5865 nlll.
1870 5809 1931 5862 Β.
2012 5814 2019 5842 ⁵

2124 5806 2371 5865 morbidi
2382 5831 2477 5882 της
2505 5814 2565 5866 ll.

2657 5747 2701 5776 ⁸³
2728 5746 2974 5812 θεάτρεις
3008 5748 3073 5799 Α.

2646 5819 2689 5847 ²⁹
2718 5819 3026 5887 ἐγχαράξτς
3049 5820 3109 5870 Δ.

3180 5748 3228 5780 ⁸⁷⁵
3276 5744 3615 5816 ὲκπομπεύει
3644 5747 3707 5798 Α.
