4072 6436
306 402 407 468 ιη
1415 409 1915 471 COMPENDIUM
1958 412 2074 469 CII.
2094 409 2434 468 iONlCUM.
3440 393 3573 454 I433

312 517 422 572 Kal
452 516 509 570 τὸ
545 517 717 571 κακὸν
762 519 1020 574 ἰάσασθαι
1044 519 1203 590 δῆθεν
1228 520 1639 592 παραζηλώτας
1924 529 1963 582 Α
2000 520 2107 573 Kal
2134 519 2309 572 τοίνυν
2336 518 2737 589 καρδιότρωτος
2764 513 3078 569 ἐπανελθὼν
3112 514 3327 574 ἐκεῖνος

314 606 427 671 Τὰς
448 606 718 677 δημοσίας
751 608 1052 663 ἀπαντλεϊν
1081 609 1297 662 κελεύει
1325 610 1641 679 σιτοθὴκας,
2007 613 2115 666 Kal
2143 611 2324 682 φέρων
2350 611 2816 682 τραυματίσματα
2845 608 2989 662 κατὰ
3021 607 3203 678 ψυχῆς
3236 604 3470 668 ὕπουλα,

315 697 427 751 Kal
448 697 543 751 δύο
569 698 666 751 τοῦ
698 699 1044 771 νομίσματος
1068 701 1393 754 σιτοπωλεῖν
1427 703 1744 772 μεδίμνους.
2002 705 2247 774 Σχήματι
2282 704 2382 773 μὲν
2417 703 2508 756 τὸν
2537 702 2724 772 ἀπαθῆ
2747 702 2840 755 καὶ
2870 700 2945 771 μὴ
2976 697 3405 772 βαρυθυμοῦντα

316 787 478 842 Οὕτω
509 790 705 853 Φωκᾶς
741 791 1139 861 μικροπρεπιῖκ
1167 792 1228 844 τὸ
1253 794 1489 864 πρᾶγμα
1522 793 1771 857 διετίθει,
2002 794 2315 865 Πανοῦργος
2347 796 2672 866 ὑπεκρίνετο
2712 793 2805 846 καὶ
2833 792 3148 864 φαιδρωπὸς
3175 792 3379 862 ὡρᾶτο,

317 882 429 933 Καὶ
464 881 639 934 ταῦτα
662 881 936 953 χιλιόσιτα
967 883 1215 937 πλουτῶν
1242 885 1540 955 σιτοδοχεῖα
2003 885 2151 938 Ἔσω
2173 885 2217 937 δ’
2247 885 2525 954 ἐπὸρμρυρε
2556 883 2705 937 δεινὰ
2738 883 2831 936 καὶ
2856 882 2998 935 κατὰ
3024 880 3227 953 βάθους
3260 880 3417 950 ὤργα

320 970 661 1042 Κατάφορτα
691 973 806 1034 τοῖς
834 970 1029 1043 βάρεσι
1053 974 1148 1027 καὶ
1170 975 1340 1035 σίτοις
1375 974 1685 1045 βεϐυσμένα
2000 976 2107 1029 Καὶ
2141 975 2319 1038 πάσας
2357 974 2693 1044 ὑπεόόθρευε
2724 972 3131 1045 δολομηχὰνους
3164 972 3406 1039 σκέψεις.

327 1061 420 1126 Ἐξ
444 1059 521 1115 ὧν
545 1061 998 1134 ἀπεθησαύρισαν
1022 1067 1080 1119 ai
1115 1067 1246 1138 πρὶν
1269 1068 1575 1139 εὐετηρίαι,
2011 1068 2072 1119 Ὀ
2100 1067 2157 1120 δὲ
2180 1067 2375 1130 Φωκᾶς
2403 1067 2431 1118 ὁ
2466 1066 2724 1137 βασιλεὺς
2755 1065 2816 1118 οὗ
2846 1064 3110 1128 κατειδὼς
3139 1062 3188 1095 ⁸⁷⁵
3220 1062 3321 1126 τὰς
3348 1061 3528 1130 πάγας

312 1155 408 1224 Μὴ
436 1155 528 1207 τὸν
560 1155 725 1208 πολὺν
759 1156 1044 1212 Βασίλειον
1068 1157 1363 1229 ἐζηλωκὼς
1388 1161 1449 1213 ἐν
1480 1161 1678 1232 τούτῳ,
2003 1161 2111 1214 Καὶ
2142 1161 2241 1224 τὰς
2270 1161 2527 1233 βροχίδας
2556 1159 2663 1213 τῶν
2695 1158 2903 1229 βουλῶν
2924 1157 3036 1212 τῶν
3061 1157 3524 1228 ὑπορυσσομὲνων

313 1244 423 1297 Τὸν
446 1246 615 1307 ὅντως
649 1244 1058 1316 βασιλεύτατον,
1088 1249 1180 1302 τὸν
1218 1251 1285 1303 ἐκ
1321 1250 1688 1315 Μακεδονίας,
2011 1252 2102 1313 Ὦς
2128 1252 2288 1316 ἀετὸς
2312 1253 2540 1322 ἐφέρετο
2564 1253 2788 1323 πτεροῖς
2811 1249 3219 1323 αἰθεροπὸροις,

313 1338 512 1399 Ὅστις
545 1334 670 1389 tam
690 1336 1005 1393 κατώδυνον
1033 1340 1094 1393 τὸ
1125 1340 1436 1404 Βυζαντίων
1469 1341 1672 1412 πλῆθος
2002 1344 2113 1396 Kal
2145 1342 2365 1410 κούφως
2397 1332 2734 1415 ὴλαφρίζετο
2764 1342 2905 1413 πρὸς
2924 1342 3126 1413 ἀρετῆς
3155 1340 3317 1413 ἀέρα.

314 1429 430 1481 Καὶ
459 1430 553 1483 τὸν
577 1430 733 1500 λιμὸν
761 1432 1054 1504 παραίτιον
1080 1429 1222 1486 εἶναι
1255 1432 1444 1502 μαθὼν
1465 1433 1562 1487 τοῦ
1596 1433 1825 1497 πένθους
2012 1435 2297 1490 Ἐντεῦθεν
2327 1437 2420 1489 ἐπὶ
2453 1436 2723 1507 στόματος
2755 1437 2920 1498 Δαόὶδ
2950 1438 2978 1490 ὁ
3005 1434 3294 1507 μελιτόεις,

324 1522 626 1591 Ἐντέχνως
660 1524 992 1589 ἀντετάξατο
1014 1524 1181 1578 πάθει
1212 1523 1289 1595 τῷ
1312 1524 1720 1596 δυσπαλαίστῳ,
2000 1529 2112 1583 Kal
2140 1528 2416 1599 κοίτασμα
2446 1528 2895 1600 σκληρόστρωτον
2930 1520 3165 1599 ἀχρείων
3184 1524 3536 1597 χαμευνίων·

325 1611 955 1683 Ἀντιπαλαμησάμενος
992 1615 1263 1683 γενναίως
1298 1616 1376 1685 τῷ
1410 1617 1669 1686 γενναίῳ,
2000 1622 2177 1686 Εὐνὰς
2202 1621 2603 1692 μαλακοεύνους
2624 1621 2681 1675 δὲ
2708 1620 3108 1692 πορφυραντῶν
3142 1620 3379 1691 δεμνίων

312 1702 426 1754 καὶ
454 1702 683 1774 φθείρας
716 1702 862 1773 θῆρα
907 1704 1000 1758 τὸν
1029 1706 1201 1775 βαρὺν
1230 1708 1489 1776 πνιγμοῖς
1527 1706 1856 1778 βιαιοτέρως
1878 1724 1893 1747 ε
2000 1713 2114 1766 Kal
2149 1712 2323 1783 μίξεις
2345 1713 2447 1777 τὰς
2474 1713 2796 1783 σωματικὰς
2821 1711 2918 1766 καὶ
2948 1712 3014 1765 τὰ
3047 1712 3176 1781 περὶ
3204 1712 3305 1773 τὰς
3329 1711 3505 1782 μίξεις

309 1790 537 1846 Δώδεκα
556 1792 666 1864 γὰρ
687 1795 751 1846 τὸ
769 1794 1014 1865 νόμισμα
1033 1795 1097 1848 τὸ
1132 1795 1369 1867 χρύσεον
1404 1796 1683 1866 μεδίμνων
2002 1804 2128 1860 Οὐδ’
2155 1806 2287 1878 ὄναρ
2319 1806 2672 1874 ὲφαντάζετο,
2707 1805 2847 1860 κατὰ
2876 1803 2933 1859 δὲ
2966 1805 3058 1858 τὸν
3087 1805 3315 1858 εἰπόντα

323 1882 653 1946 Ἐκέλευσεν
684 1885 939 1953 ἀντάξιον
968 1883 1110 1941 εἶναι
1139 1889 1255 1952 τοῖς
1285 1887 1597 1943 σιτωνοῧσι.
1923 1885 1971 1944 Β
2013 1897 2101 1960 Ὠς
2128 1896 2349 1967 ἄστροις
2370 1898 2731 1969 ἐτεκμαίρετο
2763 1898 2942 1951 πᾶσαν
2975 1896 3375 1968 γλυκυθυμίαν.

384 1975 500 2031 Καὶ
522 1975 695 2031 ταῦτα
714 1977 815 2046 μὲν
851 1978 899 2010 ’ί
932 1977 1165 2043 ἕκαστος
1199 1979 1275 2042 ὡς
1298 1978 1546 2050 βούλοιτο
1572 1979 1892 2047 λογιζέσθω·
1997 1986 2307 2058 Μακρύνων
2329 1981 2423 2044 οὖν
2464 1988 2715 2059 ἐμάκρυν
2729 2005 2819 2053 εν,
2837 1986 3005 2057 ἔῳυγε
3031 1986 3373 2056 φυγαδεύων,

321 2068 383 2119 ὐ
412 2067 472 2121 δὲ
499 2068 692 2132 Φωκεῖς
722 2068 1075 2134 ὑποκνισθεὶς
1103 2070 1165 2122 ἐκ
1194 2087 1337 2134 τινος
1363 2071 1601 2140 ὑποψίας
1900 2084 1903 2087 ’
1999 2079 2254 2143 Μονάξον
2286 2079 2382 2141 ἐπὶ
2417 2076 2667 2151 δώματος
2706 2081 2917 2148 ἐγίνετο
2950 2081 3234 2152 στρουθίον

319 2161 423 2223 Ὧς,
449 2160 562 2230 ἄρα
594 2160 732 2231 πρὸς
763 2161 857 2215 τὸν
891 2159 1200 2233 Τζιμισχῆν
1235 2162 1618 2234 ἐρωτοδέσμην
1642 2161 1755 2231 ἔχοι
1999 2169 2110 2224 Kal
2142 2170 2468 2243 νυκτικόραξ
2490 2172 2692 2236 ἄϋπνος
2715 2173 2760 2206 ⁸⁸
2789 2172 2882 2225 ἐπὶ
2914 2173 3021 2225 τῶν
3054 2173 3375 2226 οἰκοπέδων.

318 2252 389 2305 Ἥ
424 2252 634 2323 βασιλὶς
667 2255 761 2308 καὶ
808 2255 1012 2323 γίνοιτο
1044 2254 1257 2318 τούτοις
1289 2256 1355 2308 τὶ
1375 2254 1487 2308 τῶν
1516 2254 1788 2325 ἐρώντων,
2013 2260 2157 2314 Ἀλλ’
2186 2256 2330 2333 ἦσαν
2358 2261 2458 2317 οὐκ
2488 2262 2793 2335 ἀρέσκοντα
2815 2261 2991 2317 ταῦτα
3020 2264 3088 2332 τῇ
3123 2260 3356 2332 βασιλίδι
3386 2277 3401 2292 ·

310 2343 521 2398 Μαθὼν
547 2346 604 2399 δὲ
642 2348 737 2400 καὶ
769 2347 863 2399 τὸν
903 2346 1219 2418 Τζιμισχῆν
1261 2347 1483 2419 θερμῶς
1509 2345 1894 2417 βασιλειῶντα,
2006 2354 2249 2424 Ἔχρῃςε
2280 2352 2391 2424 γὰρ
2421 2352 2776 2425 περιπλοκῶν
2803 2353 2901 2407 καὶ
2927 2352 3365 2423 σωματομιξίας.

314 2439 505 2508 “in:
529 2439 705 2509 ἀρχῆς
740 2440 1037 2511 ἀποστερεί
1062 2439 1249 2492 τοῦτον
1280 2440 1375 2493 καὶ
1400 2439 1750 2502 δυναστείας.
2001 2444 2429 2515 Προσλαόομὲνη
2458 2442 2753 2517 τοιγαροῦν
2778 2443 2868 2498 τὸν
2902 2442 3211 2523 Τςιμισχῆν
3248 2441 3546 2513 ἐγκαίρως,

312 2530 430 2583 Kal
459 2531 584 2582 καθῗ
613 2531 779 2584 αὑτὸν
797 2532 873 2593 ὼς
902 2530 1126 2601 θελητὸν
1156 2532 1202 2563 ⁵⁸
1232 2530 1486 2585 διαϐιοῦν
1513 2531 1727 2585 κελεύει
1752 2532 1824 2593 ⁸³,
2005 2537 2134 2588 "Ars
2168 2535 2463 2598 κατάδετος
2491 2534 2657 2592 αὐτοῦ
2679 2534 2757 2604 τῷ
2787 2533 2997 2606 φίλτρῳ
3025 2532 3298 2610 γενομένη

316 2622 550 2690 Ἕτερον
584 2622 752 2693 ἄχαρι
787 2622 958 2692 μηδὲν
985 2622 1115 2692 περὶ
1138 2622 1230 2675 τὸν
1261 2622 1433 2693 ἄνδρα
1453 2622 1682 2693 δράσας.
2008 2625 2142 2699 (Ἦν
2176 2628 2233 2682 δὲ
2267 2630 2520 2692 κάκεῖνος
2550 2626 3021 2682 δυσπαθῶνκατὰ
3049 2625 3142 2679 τοῦ
3171 2624 3486 2696 βασιλέως),

328 2714 474 2767 Ἀλλ’
507 2717 539 2784 ἦ
574 2714 862 2784 βασίλισσα
886 2712 1026 2783 βθιρὓ
1063 2713 1220 2767 τοῦτο
1254 2714 1614 2785 λογισαμένη.
2016 2722 2235 2792 ’Λνάγει
2254 2723 2303 2755 ⁵⁵
2329 2722 2519 2777 τοῦτον
2545 2723 2642 2776 σὺν
2671 2721 2889 2785 πολλοῖς
2917 2720 3094 2791 λάθρα
3130 2717 3587 2790 μαχαιροφόροις,

314 2804 423 2857 Τὸν
469 2805 777 2875 Τζιμισχῆν
808 2804 885 2876 μὴ
919 2804 1158 2876 καθορᾷν
1190 2804 1380 2868 αὐλαῖς
1409 2806 1467 2857 ὲν
1502 2804 1814 2873 βασιλείοις,
2019 2814 2338 2885 Ἐφίστησιν
2376 2814 2452 2878 ὡς
2489 2815 2762 2886 θηρευτὰς
2782 2812 2877 2867 τοῦ
2907 2812 3120 2876 λέοντος
3153 2813 3220 2883 τῇ
3262 2810 3444 2881 κοίτῃ.

319 2895 509 2949 Πείθει
535 2897 731 2950 Φωκᾶν
755 2896 1093 2967 μετάκλητον
1123 2896 1288 2950 πάλιν
1310 2896 1402 2949 τὸν
1424 2896 1594 2967 ἄνδρα
1626 2896 1814 2951 θέσθαι
2005 2906 2115 2959 Καὶ
2146 2904 2511 2976 παραδίδωσιν
2532 2904 2745 2976 ἐχθροῖς
2766 2906 2898 2975 φεῦι
2924 2905 3016 2958 τὸν
3037 2901 3434 2975 ὁμοζυγοῦντα,

322 2988 437 3042 Kal
467 2986 630 3041 πάλιν
649 2987 752 3059 τὴν
779 2987 1143 3059 λαμπρότητα
1166 2988 1268 3059 τὴν
1300 2987 1497 3057 πρώην
1517 2990 1831 3043 ἁποδῦναι.
2018 2996 2107 3058 Ὡς
2133 2995 2225 3050 τὸν
2259 2993 2499 3067 Σαμψὼν
2531 2996 2564 3066 ἡ
2590 2994 2821 3058 Δαλιδὰς
2854 2995 2888 3065 ἠ
2922 2993 3357 3065 μιαιφονωτάτη,

3259 3134 3413 3190 Vers.
3444 3134 3587 3190 5859

310 3262 436 3329 Qua
464 3260 534 3316 de
595 3276 653 3317 re
687 3262 930 3316 monitus
969 3261 1181 3318 Pbocas
1221 3261 1409 3318 dolere
1462 3278 1520 3318 se
1555 3263 1647 3318 illo
1678 3263 1902 3319 nomine
1930 3226 1975 3288 ε
2009 3259 2345 3317 restitueret.
2376 3259 2721 3333 Quapropter
2773 3261 2866 3318 ille
2907 3272 3197 3317 revertens
3226 3260 3410 3316 animo
3455 3259 3592 3315 laeso

316 3354 662 3425 significans,
712 3363 768 3409 et
831 3352 1170 3413 medicinam
1222 3354 1367 3409 malo
1418 3355 1598 3410 facere
1641 3356 1904 3420 studens,
2010 3359 2067 3405 et
2101 3353 2407 3417 vulnerato,
2440 3353 2628 3423 specie
2673 3353 2898 3422 quidem
2954 3362 3201 3409 tenusse
3236 3351 3590 3409 aﬂ'ectionum

318 3448 525 3502 horrea
558 3446 775 3516 publica
803 3446 961 3518 jubet
995 3447 1252 3501 evacuari
1296 3446 1546 3518 duosque
1599 3448 1908 3504 mcdimnos
2009 3453 2293 3514 expertem
2321 3453 2485 3515 atque
2518 3445 2729 3502 tristem
2755 3445 3131 3502 fraudulenter
3152 3445 3466 3509 simulabat,
3494 3445 3593 3501 sed

319 3552 434 3592 uno
462 3551 633 3592 aureo
678 3536 864 3592 vendi.
915 3536 1049 3592 Tam
1093 3536 1379 3592 sordidum
1431 3553 1493 3594 se
1540 3538 1596 3593 in
1647 3541 1906 3595 frumenti
2009 3532 2128 3589 dira
2159 3550 2348 3590 secum
2390 3535 2506 3606 ipse
2528 3536 2670 3592 mala
2708 3536 3128 3593 machinabatur
3156 3544 3214 3591 et
3245 3536 3433 3593 animo
3461 3551 3597 3592 suc-

317 3628 645 3684 venditione
677 3629 1029 3694 declarabat,
1061 3644 1188 3684 cum
1234 3629 1460 3700 quidem
1509 3630 1704 3685 horrea
1738 3632 1909 3687 multa
2010 3626 2291 3681 censebat.
2327 3626 2439 3682 Hos
2459 3627 2690 3697 laqueos
2718 3637 2776 3684 et
2804 3628 3018 3684 occulta
3060 3627 3418 3687 consiliorum
3454 3628 3595 3685 retia

323 3720 610 3773 frumento
640 3718 843 3777 referta
877 3718 1081 3789 passim
1118 3717 1384 3785 haberet,
1418 3717 1474 3773 in
1504 3733 1626 3788 qua:
1654 3721 1907 3790 superio-
2012 3717 2224 3774 Phocas
2253 3733 2363 3773 non
2390 3718 2855 3786 animadvertetis.
2886 3720 3060 3776 instar
3099 3720 3297 3790 aquilte
3328 3736 3429 3791 per
3461 3736 3595 3776 aera

320 3827 447 3867 rum
471 3827 769 3879 annorum,
818 3810 913 3883 qui
951 3809 1163 3867 fertiles
1199 3809 1444 3879 fuerant,
1509 3812 1695 3882 fruges
1752 3822 1912 3869 erant
2012 3806 2339 3862 subvolabat
2379 3817 2436 3864 et
2467 3809 2537 3865 ad
2579 3809 2839 3865 virtutem
2873 3809 3268 3866 contendebat.
3318 3809 3593 3865 Nimirum

321 3903 606 3975 repositae,
641 3920 989 3975 nequaquam
1038 3903 1306 3975 insignem
1357 3905 1513 3961 illum
1564 3906 1910 3976 maximeque
2012 3898 2069 3953 in
2130 3915 2230 3956 ore
2280 3901 2510 3958 melleos
2567 3900 2792 3957 Davidis
2842 3901 3073 3972 hymnos
3129 3899 3393 3967 habebat,
3430 3900 3589 3955 humi

321 3996 538 4066 regium
560 3996 953 4066 imperatorem
978 3995 1240 4051 Basilium
1269 3982 1618 4052 Macedonem
1639 3996 1907 4052 imitatus.
2011 3990 2168 4047 duris
2205 3992 2261 4047 in
2284 3993 2540 4065 stragulis
2568 3992 2830 4059 cubabat,
2866 3993 3038 4048 lectos
3058 4006 3374 4064 purpureos
3409 4006 3601 4062 asper-

319 4085 461 4143 Nam
495 4086 697 4142 cumis
728 4087 993 4157 populum
1016 4087 1367 4158 Cpolitanum
1414 4088 1557 4144 forte
1586 4089 1798 4143 tristem
1828 4091 1910 4145 vi-
2013 4085 2284 4155 nabaturj;
2337 4100 2368 4140 a
2409 4101 2469 4141 re
2493 4100 2753 4151 venerea,
2808 4084 3112 4155 praesertim
3158 4082 3434 4154 superﬂua
3460 4121 3476 4148 ,
3518 4082 3600 4138 sic

322 4177 503 4233 disset
533 4178 765 4250 ejusque
809 4179 1066 4235 maeroris
1100 4195 1322 4236 causam
1362 4179 1564 4235 famem
1612 4196 1735 4239 esse
1767 4182 1912 4237 didi-
2013 4185 2187 4231 semet
2214 4175 2531 4233 abstinebat
2556 4185 2618 4237 ut
2661 4192 2729 4231 ne
2754 4192 2851 4248 per
2889 4191 3144 4232 somnum
3183 4175 3406 4246 quidem
3441 4174 3511 4229 de
3535 4189 3601 4230 ea

323 4270 516 4335 cisset,
546 4270 675 4327 huic
704 4271 849 4327 malo
885 4273 1190 4328 remedium
1224 4274 1458 4328 solerter
1489 4273 1723 4339 invenit,
1755 4275 1909 4345 gravi
2015 4270 2317 4340 quidquam
2362 4270 2783 4341 imaginaretur,
2821 4266 2982 4345 119
3019 4269 3258 4340 denique
3312 4269 3459 4325 sicut
3507 4267 3602 4322 ille

325 4362 588 4419 violentis
605 4365 761 4434 quasi
774 4364 1238 4436 pugnisjcontusa.
1253 4366 1582 4436 Jussit,enim
1603 4367 1915 4425 medimnus

2015 4361 2114 4426 ait,
2175 4370 2499 4433 argumenta
2554 4362 2896 4432 voluptatum
2946 4362 3116 4419 animi
3166 4363 3321 4429 velut
3365 4362 3423 4416 in
3453 4359 3599 4417 cmlo

326 4454 626 4511 duodecim
658 4472 726 4511 ex
749 4456 964 4512 horreis
992 4457 1233 4528 publicis
1254 4473 1422 4512 aureo
1449 4474 1560 4513 uno
1585 4459 1769 4514 vendi.
2016 4451 2290 4521 capiebat.
2320 4453 2690 4520 Quamobrem
2721 4454 2792 4510 ab
2824 4455 3142 4511 hominibus
3168 4455 3327 4528 longe
3351 4468 3409 4510 se
3427 4468 3603 4509 remu-

403 4544 514 4600 Sed
541 4546 689 4600 enim
724 4546 794 4601 de
842 4546 931 4601 his
981 4546 1214 4617 quisque
1252 4562 1352 4616 pro
1408 4546 1579 4602 animi
1623 4548 1712 4604 sui
1749 4548 1913 4606 libitu
1947 4545 2204 4628 Dvebat,
2261 4544 2533 4616 quasique
2583 4545 2705 4617 fuga
2745 4548 2981 4617 quadam
3031 4548 3166 4602 inita
3227 4552 3406 4602 semet
3452 4543 3603 4600 domi

331 4645 560 4692 statuat.
612 4637 886 4693 Cteterum
931 4637 1145 4694 Phocas
1199 4639 1514 4709 suspicione
1560 4641 1799 4711 quadam
1855 4641 1924 4699 de
2016 4636 2355 4704 continebat,
2385 4636 2443 4693 in
2474 4653 2681 4694 morem
2708 4638 2941 4694 solitarii
2967 4638 3210 4709 passeris
3242 4645 3299 4691 et
3330 4634 3604 4691 insomnis

331 4728 689 4800 imperalrice
723 4739 1013 4802 concepta,
1044 4730 1193 4801 quod
1234 4742 1382 4790 esset
1409 4748 1597 4790 amore
1626 4733 1921 4791 Zimischis
2015 4727 2300 4799 cujusdam
2325 4728 2585 4795 eicumae;
2622 4744 2745 4799 quae
2768 4744 2856 4783 res
2875 4737 3038 4799 atque
3062 4726 3245 4783 studia
3275 4742 3385 4781 non
3416 4727 3602 4795 placeo

332 4830 497 4890 capta
516 4820 774 4894 quodque
805 4822 1150 4881 consuetudo
1179 4825 1427 4894 quaedam
1469 4825 1616 4879 inter
1638 4839 1736 4880 eos
1767 4825 1921 4884 clan-
2018 4819 2153 4875 bant
2202 4819 2567 4891 imperatrici,
2628 4835 2893 4877 venereos
2942 4819 3226 4890 amplexus
3266 4816 3598 4888 requirenti.

335 4913 558 4967 destina
610 4911 1003 4980 intercederet,
1061 4930 1128 4971 ac
1172 4926 1436 4987 praeterea
1487 4918 1707 4990 cognito
1754 4917 1924 4983 Zimi-
2020 4910 2366 4982 Quapropter
2414 4921 2727 4983 opportuno
2782 4920 3031 4981 tempore
3101 4909 3437 4964 Zimischem
3496 4907 3604 4965 sibi

334 5005 533 5060 schem
579 5005 846 5077 singulari
874 5005 1109 5064 libidine
1159 5007 1374 5078 imperii
1408 5008 1656 5081 flagrare,
1692 5018 1929 5079 potesta-

2023 5003 2350 5075 adjungens,
2407 5003 2566 5075 cuius
2617 5017 2807 5059 amore
2854 5010 2979 5059 tota.
3011 5000 3312 5074 flagrabat,
3367 5000 3607 5074 graviter

337 5107 451 5152 tem
482 5102 541 5149 et
570 5094 950 5164 magistratum
984 5098 1035 5151 ei
1068 5096 1297 5168 abrogat
1327 5099 1607 5169 vitamque
1651 5098 1922 5169 privatam
2023 5093 2768 5166 imperatorizsuccensentis,
2801 5094 2950 5149 clam
2988 5094 3268 5150 hominem
3295 5109 3422 5158 cum
3465 5096 3608 5148 ῐηυΙ·

336 5201 508 5256 agere
558 5186 737 5256 jubet,
789 5187 927 5243 nihil
961 5187 1114 5244 aliud
1165 5188 1226 5249 in
1250 5204 1377 5244 eum
1404 5189 1605 5246 durius
1647 5198 1921 5249 statuens.
2027 5186 2099 5242 tis
2126 5186 2352 5243 armatis
2379 5185 2437 5240 in
2479 5186 2660 5243 aulam
2689 5184 3027 5252 intromittit,
3049 5192 3106 5244 et
3133 5185 3291 5257 quasi
3313 5198 3609 5240 venatores
3660 5172 3671 5182 ’

342 5277 547 5334 Verum
586 5278 911 5349 imperatrix
959 5279 1201 5352 graviter
1232 5280 1573 5351 molesteque
1619 5279 1804 5336 ferens
1831 5278 1924 5334 Zi-
2026 5277 2394 5349 quosdamad
2417 5276 2734 5333 cubiculum
2758 5276 2937 5335 leonis
2963 5277 3206 5343 deducit,
3234 5276 3452 5348 torique
3473 5291 3611 5331 con-

338 5369 614 5426 miscbem
672 5369 743 5427 ab
799 5370 926 5427 aula
972 5386 1266 5437 remomm,
1316 5360 1613 5442 persuadet
1641 5371 1837 5431 Phoce
1867 5378 1927 5426 ut
2026 5379 2231 5425 sortem
2260 5366 2420 5437 (proh
2459 5365 2677 5423 facinus
2724 5366 3061 5438 improbum)
3109 5364 3362 5423 hostibus
3405 5363 3607 5434 prodit,

339 5461 629 5520 hominem
688 5470 979 5525 revocaret
1030 5463 1195 5535 eique
1253 5463 1576 5536 dignitatem
1635 5463 1924 5535 pristinam
2029 5466 2089 5515 ut
2118 5457 2206 5512 illa
2246 5454 2596 5528 sanguinaria
2635 5455 2824 5514 Dalida
2869 5454 3231 5520 Samsonem,
3289 5460 3351 5508 ut
3403 5450 3608 5506 Helena

1701 5622 1898 5688 Varia
1940 5619 2268 5681 lectiones.

342 5814 393 5847 εει
413 5741 797 5885 ΞὲξγῗέἷαΔμέιι
821 5741 915 5800 οὖν
942 5744 1057 5800 AR.
1187 5747 1236 5779 "
1278 5744 1538 5817 βουλητὸν
1584 5747 1655 5802 Α.
1751 5744 1796 5777 ⁸³
1832 5743 1982 5814 βιοῦν
2028 5741 2335 5801 διακελεύει
2364 5743 2424 5796 Α.
2528 5741 2572 5774 ³⁵
2604 5739 2679 5813 μὴ
2716 5739 2950 5795 κατιδὼν
2991 5746 3056 5791 Λ·
3164 5737 3207 5769 ⁸⁵
3231 5734 3507 5803 ἄγρυπντς
3543 5728 3609 5788 Β·
