4072 6418
383 367 485 433 441

402 484 707 558 Ἐξὴνθησε
741 489 1021 554 Βασίλειος
1050 490 1146 545 σὺν
1177 490 1294 559 ἅμα
1322 490 1745 558 Κωνσταντιεὶῳ,

397 582 458 633 0i
485 582 903 652 πορφυρόφυτοι
925 583 1147 654 βλαστοὶ
1163 582 1259 638 τοῦ
1305 580 1587 654 Ῥωμανοῦ
1628 582 1722 635 τοῦ
1746 579 1939 651 πρώην

406 674 696 743 Ῥωμαίων
718 674 1165 747 αὐταρχήσαντος
1199 676 1385 740 παιδὸς
1414 676 1510 730 τοῦ
1533 674 1972 730 Κωνσταντίνου.

397 765 607 828 Οἶτινες
635 766 739 837 τὴν
767 768 1170 840 παππόπατρον
1201 769 1247 801 ⁸⁸
1268 748 1567 838 κρυδεῖσαν
1590 766 1866 837 βασιλείαν

398 858 516 909 Κάν
545 862 657 920 τοῖς
686 859 854 913 Φωκᾶ
874 860 971 914 καὶ
998 859 1278 931 Τζιμισχῆ
1304 862 1667 916 διακοπεῖσαν
1687 857 1904 928 χρόνοις

399 948 570 1003 Πάλιν
597 949 897 1020 ἐξήνεγκαν
921 953 1002 1018 είς
1035 952 1171 1024 φῶς,
1202 954 1365 1008 πάλιν
1390 951 1751 1022 ὲπισυνῆψαν,

395 1041 643 1110 Χρυσῆν,
675 1041 742 1095 ἂν
760 1043 907 1096 εἴποι
932 1061 1037 1107 τις,
1069 1044 1263 1116 σειρὰν
1285 1044 1671 1107 ἁλυσιδοῦντες
1701 1043 1936 1108 ταύτην.

397 1132 652 1195 Τοιοῦτον
681 1134 789 1205 γάρ
822 1135 1024 1206 συνέϐη
1059 1154 1111 1189 τι
1146 1139 1259 1197 τοῖς
1302 1137 1878 1207 πορφυροϐλαστήτοις

406 1227 500 1291 Ὡς
517 1228 637 1281 εἴτι
664 1228 879 1299 δένδρον
910 1232 1159 1301 μαρανθῇ
1193 1232 1461 1301 χειμῶνος
1484 1230 1827 1297 ἐπελθόντος,

395 1320 509 1371 Kal.
544 1319 707 1373 πάλιν
728 1321 1049 1390 ἐκθηλάσειε
1082 1323 1176 1376 καὶ⁵
1213 1322 1375 1377 πάλιν
1403 1323 1690 1394 ὲξανθήσει

398 1410 514 1480 τῆς
539 1413 701 1483 ἔαρος
729 1412 1088 1485 φαιδρότητος
1112 1415 1335 1482 γλύκιον
1362 1415 1698 1487 γελασάσης,

400 1503 471 1554 Ἦ
495 1502 587 1554 καὶ
611 1502 866 1574 καθάπερ
894 1503 960 1557 ἂν
983 1504 1159 1574 ἀστὴρ
1188 1505 1525 1575 καλλιφανὴς
1557 1501 1790 1575 κρυϐείη
1819 1504 1865 1536 ⁸³

398 1595 508 1646 Kal.
528 1594 733 1666 θολωθῇ
771 1595 864 1649 καὶ
895 1595 1142 1668 καλυφθῇ
1168 1597 1246 1668 τῷ
1267 1598 1431 1667 πάχει
1452 1596 1530 1668 τῷ
1547 1596 1643 1649 τοῦ
1678 1596 1895 1665 νέφους,

401 1686 510 1738 Καὶ
538 1686 701 1740 πάλιν
728 1685 1073 1756 ἀναλάμψειε
1101 1686 1350 1751 λυθέντος
1376 1687 1470 1742 τοῦ
1499 1686 1840 1750 σκοποῦντος.

468 1777 579 1829 Καὶ
631 1776 813 1832 τοίνυν
865 1779 894 1832 ὁ
938 1779 1296 1850 πρωτόφυτος
1352 1779 1460 1833 τῶν
1520 1779 1620 1849 τῆς
1681 1777 1967 1847 πορφύρας

1627 1868 1861 1941 [κλάδων
1872 1909 1887 1932 ,

396 1959 656 2030 Ζηλώσας
675 1959 766 2015 τὸν
793 1962 1205 2032 πρωτόπαππον
1222 1962 1392 2016 αὐτοῦ
1421 1964 1512 2016 τὸν
1534 1962 1826 2017 Μακεδόνα
1843 1963 1890 1993 ⁸⁸

394 2050 506 2101 Καὶ
536 2049 627 2102 τὸν
657 2049 1139 2122 καρτερικώτατον
1162 2051 1284 2122 ἥρω
1308 2051 1403 2105 τὸν
1445 2051 1746 2122 Ἡρακλέα,

393 2139 507 2205 Τὶις
535 2141 635 2209 μὲν
656 2141 869 2214 τρυφὰς
895 2141 1177 2196 ἀπέπτυσε
1202 2143 1415 2207 καὶτὰς
1445 2142 1804 2214 ἡδυπαθείας,

394 2233 507 2283 Καὶ
536 2231 649 2301 βίον
664 2232 756 2285 τὸν
783 2232 1046 2304 ἀνέσιμον
1075 2233 1344 2299 ἀπέστυξε
1368 2235 1466 2288 καὶ
1487 2232 1707 2303 χαῦνον,

393 2321 469 2377 Τὸ
498 2322 556 2376 δὲ
585 2325 756 2395 τραχὺ
784 2325 881 2379 καὶ
908 2327 970 2379 τὸ
999 2325 1235 2396 σκληρὸν
1260 2326 1370 2381 τῶν
1401 2324 1761 2397 ὲργομόχθων
1784 2324 1967 2380 ὃπλων

396 2415 504 2468 Καὶ
538 2414 795 2487 θώρακας
819 2419 912 2470 καὶ
942 2417 1183 2488 κόρυθας
1210 2417 1308 2471 καὶ
1346 2418 1602 2488 φάσγανα
1631 2417 1729 2470 καὶ
1763 2416 1894 2485 βέλη

395 2509 585 2563 Εἵλετο
625 2510 824 2579 μᾶλλον
848 2511 1111 2580 νέκταρος
1137 2510 1529 2580 γλυκαεουσῶν
1566 2510 1843 2578 ψεκάδων.

405 2598 688 2654 Ἐντεῦθεν
717 2601 1168 2672 τρυφερόπεπλον
1194 2602 1490 2674 περιϐολὴν
1523 2602 1744 2668 ἐστύγει

392 2692 505 2746 Καὶ
527 2690 807 2764 τράπεζαν
828 2693 1116 2766 ἁϐρόσιτον
1148 2695 1591 2765 φλεγμαίνουσαν
1615 2698 1728 2758 τοῖς
1744 2695 1895 2762 ὄψοις
1918 2694 1962 2727 ⁸⁷

394 2785 506 2838 Καὶ
532 2785 719 2851 κλίνην
740 2788 1242 2859 πορφυρόστρωτον
1268 2789 1362 2843 καὶ
1381 2788 1857 2860 μαργαροφορῖαςν

389 2876 664 2932 ’Λσπίδων
690 2879 748 2933 δι
777 2879 1104 2951 δουπήματα
1131 2884 1227 2935 καὶ
1255 2881 1507 2949 πάταγον
1531 2880 1798 2951 ἁρμάτων

401 2966 580 3041 ’Υπὲρ
606 2970 858 3043 ὀργάνων
889 2972 1087 3043 ίυγγας
1123 2973 1455 3044 θελξιμελῶν
1478 2974 1686 3045 ἠγεῖτο.

404 3059 687 3116 Ἐντεῦθεν
714 3063 1053 3137 περισφύρια
1072 3065 1168 3119 καὶ
1187 3066 1408 3136 σιδηραῖ
1431 3066 1694 3137 κνημῖδες

390 3298 538 3355 mani
576 3298 695 3364 ﬁlii,
722 3299 819 3369 qui
847 3300 1061 3370 pridem
1105 3301 1273 3357 rebus
1316 3300 1608 3372 praefuerat
1631 3310 1787 3372 patre
1817 3304 1964 3359 Con-

387 3391 632 3446 stantino
661 3399 841 3446 natus.
880 3389 947 3446 Hi
995 3392 1258 3463 patritum
1309 3401 1365 3447 et
1412 3392 1620 3447 avitum
1670 3393 1963 3464 imperium

385 3480 711 3550 aliquandiu
769 3495 1000 3551 prorsus
1050 3480 1444 3545 obscuratum,
1494 3489 1553 3539 ct
1611 3491 1717 3536 tam
1769 3482 1965 3539 Plumae

384 3588 552 3643 quam
588 3570 878 3626 Zimiscba:
909 3570 1070 3625 annis
1103 3571 1475 3641 interruptum
1501 3612 1515 3635 ,
1553 3588 1745 3627 rursus
1789 3574 1842 3627 in
1881 3574 1964 3628 lu-

384 3678 506 3717 cem
547 3662 867 3719 extulerunt
912 3660 1181 3732 quasique
1234 3661 1624 3730 interpolatum
1675 3663 1964 3721 continua-

385 3764 541 3820 runt,
573 3770 742 3810 aurea
791 3761 985 3810 catena
1032 3753 1269 3825 quadam
1316 3753 1654 3824 colligatum.
1687 3755 1960 3813 Nimirum

385 3850 590 3907 accidit
619 3849 769 3904 bisce
802 3846 1189 3917 purpurigeuis
1228 3845 1497 3917 ejusmodi
1529 3845 1789 3914 quiddam
1822 3862 1887 3902 ac
1916 3848 1962 3907 si

386 3945 575 4003 arbor,
604 3958 728 4011 qum
759 3941 989 3995 hiberno
1033 3947 1278 4007 tempore
1308 3939 1545 3992 marcuit
1565 3978 1579 4003 ,
1617 3953 1835 3993 rursum
1868 3954 1963 3995 vc-

384 4043 607 4091 “state
636 4033 784 4087 veris
820 4029 1162 4102 periucunda
1197 4029 1355 4099 quasi
1395 4027 1673 4084 arridente
1724 4029 1963 4084 reflore-

384 4134 526 4188 ειη,
561 4124 644 4177 vel
680 4120 1036 4192 pulcherrimi
1065 4118 1378 4189 splendoris
1403 4119 1557 4172 sidus
1588 4119 1897 4173 occultetur
1931 4135 1963 4174 a

384 4216 561 4279 nube,
595 4231 660 4269 ac
692 4229 912 4268 rursum
939 4212 1204 4281 dissipata
1242 4228 1323 4275 re,
1355 4226 1476 4280 qua:
1521 4211 1821 4267 luminibus
1847 4213 1965 4281 ejus

382 4306 680 4372 adliciebat,
701 4306 1041 4376 effulgescat.
1073 4303 1122 4364 bl
1157 4303 1244 4374 jor
1270 4312 1450 4358 autem
1479 4318 1509 4357 e
1536 4302 1801 4358 fratribus
1831 4316 1962 4359 natu

383 4398 625 4453 Basilius
662 4397 899 4452 abavum
945 4410 1107 4450 suum
1137 4395 1396 4450 Basiliam
1431 4393 1784 4449 Macedonem
1811 4394 1967 4450 labo-

1483 371 1987 435 COMPENDIUM
2019 371 2494 443 CHRONICUM’.

1989 3159 2036 3224 ο

3545 382 3654 446 442

2005 489 2051 543 Δ
2080 491 2191 545 Καὶ
2219 492 2347 564 δόρυ
2372 497 2776 567 πολεμόχαρτον
2797 492 2938 567 ἦσαν
2961 496 3112 561 αὖτῷ
3146 495 3433 567 στερκτέα.

2078 584 2223 652 Πλὴν
2252 585 2369 639 ἀλλ’
2401 588 2435 657 ἡ
2468 587 2609 657 τύχη
2640 587 2912 659 βάσκανον
2939 587 3063 657 ὃῲιν
3086 588 3422 642 ἐπιϐαλοῦσα

2088 678 2462 742 ’Λντὲπιπτεν,
2504 678 2847 748 ἀντέπραττε
2870 683 2935 751 τῇ
2966 680 3268 751 τηλικαύτῃ
3297 682 3475 752 θέρμῃ
3501 683 3548 717 ’⁸

2076 771 2184 823 Καὶ
2208 771 2300 823 τὸν
2327 770 2569 839 φλογμὸν
2595 770 2864 840 ἐμάραινε
2900 773 2994 826 καὶ
3016 772 3118 841 τὴν
3140 772 3319 842 ὁρμὴν
3352 773 3561 843 ἐπεῖχε.

2077 863 2185 915 Καὶ
2224 860 2331 931 γάρ
2352 862 2737 929 άνακινήσασα
2766 861 2903 932 πρὸς
2928 860 3027 930 τὴν
3055 862 3401 915 ἀποστασίαν
3440 846 3443 849 ’

2075 953 2287 1023 Βάρδαν
2319 953 2524 1005 ἐκεῖνον
2550 950 2643 1005 τὸν
2674 952 2937 1022 σκληρὸν.
2969 952 3060 1004 τὸν
3092 953 3271 1021 μέγαν
3302 954 3360 1005 ὲν
3400 953 3567 1022 ἰσχύϊ,

2078 1044 2280 1111 ’Ἄνδρα
2320 1044 2784 1112 πολεμικώτατον,
2821 1040 3104 1112 εὔτολμον,
3144 1044 3473 1113 φρυακτίαν,

2073 1134 2329 1204 Αίμάτων
2355 1152 2413 1190 τε
2440 1134 2781 1200 ταυτογενῶν
2800 1134 2878 1205 τῷ
2909 1133 3122 1205 βασιλεῖ
3149 1134 3397 1203 παγέντα
3418 1176 3433 1197 ,

2087 1224 2399 1297 Ἐξήγειρεν
2426 1228 2501 1290 ὡς
2529 1226 2718 1296 ἕτερον
2751 1227 2875 1281 ’Δδε
2884 1243 2917 1295 ρ
2942 1227 3034 1280 τὸν
3063 1225 3425 1295 παλαμναῖον,

2074 1319 2187 1373 Kal.
2216 1319 2315 1389 τὴν
2352 1318 2498 1389 ζωὴν
2533 1318 2771 1389 ἐκύκησε
2798 1319 2889 1373 τοῦ
2914 1320 3183 1391 κράτορος
3209 1318 3286 1381 ὡς
3314 1319 3499 1373 πλοῖον

2073 1410 2288 1478 Νέφθυς
2318 1410 2481 1463 ποθὲν
2514 1411 2853 1484 ἀπορῤαγεὶς
2882 1412 3083 1479 ἄνεμος
3109 1408 3437 1479 θυελλὼδης.

2085 1502 2209 1554 Ἐπὶ
2248 1501 2385 1553 πολὺ
2416 1499 2474 1555 δὲ
2496 1502 2575 1572 τῷ
2604 1500 2826 1574 σκληρῷ
2853 1501 2954 1570 τῆς
2988 1502 3168 1571 μάχης
3194 1500 3529 1571 τριϐομένης

2073 1592 2183 1646 Καὶ
2214 1592 2553 1663 κατεχόντων
2573 1592 2675 1661 τὴν
2698 1591 2872 1663 ἀρχὴν
2908 1592 3170 1645 κινδύνων
3199 1591 3487 1659 ἐφεστίων,

2083 1684 2237 1738 Ἀσία
2263 1685 2365 1755 μὲν
2393 1685 2659 1753 ἠφάνιστο
2690 1686 2756 1753 τῇ
2794 1682 3227 1754 τῶνῘἋρῥάὸων
3258 1680 3443 1754 σπάθῃ

2073 1778 2184 1831 Καὶ
2211 1779 2278 1830 τά
2319 1777 2607 1847 Ῥωμαίων
2630 1778 2754 1845 ὅρια
2779 1778 2892 1838 τοῖς
2922 1775 3117 1842 Σύροις
3143 1772 3480 1835 ὲστενοῦντο,

2004 1838 2043 1893 Β
2075 1871 2139 1925 Οἱ
2162 1838 2462 1937 Βούλγαρσι
2484 1868 2530 1921 δ’
2556 1838 2861 1938 ἐπήλαυνον
2884 1838 3026 1920 κατά
3053 1866 3162 1921 τῶν
3189 1864 3529 1938 παριστρίων

2072 1964 2182 2016 Καὶ
2201 1962 2426 2032 θρᾲκην
2450 1960 2730 2031 ἐληΐζοντο
2753 1961 2851 2014 τὴν
2875 1959 3397 2031 ὰγχιτερμονοῦσαν.

2083 2054 2173 2105 Ἐν
2203 2053 2391 2121 μέσοις
2412 2052 2457 2104 δ’
2481 2049 2549 2123 ἦν
2582 2054 2611 2106 ὁ
2639 2052 2890 2122 βασιλεὺς
2923 2054 2999 2115 ὡς
3043 2054 3102 2105 ἐν
3144 2051 3377 2117 πελάγει
3415 2050 3646 2119 σκάφος,

2085 2145 2142 2198 Ὤ
2154 2146 2231 2197 rei
2258 2143 2522 2214 στρουθοῦ
2553 2144 2790 2198 νεόττιον
2816 2146 2875 2197 ὲν
2903 2144 3133 2213 στόματι
3153 2145 3197 2176 ⁸⁸
3221 2142 3559 2213 δρακόντιον.

2081 2236 2222 2292 Ἀλλ’
2255 2238 2451 2305 αἴφνης
2466 2237 2514 2269 ¹¹⁰
2539 2235 2954 2306 ἁντεπηύγασεν
2982 2235 3089 2288 ἀπὸ
3117 2235 3387 2305 χειμῶνος
3417 2234 3538 2303 ἔαρ,

2083 2329 2232 2384 Ἀντλ⁵
2263 2331 2364 2400 τῆς
2393 2330 2562 2399 ζάλης
2589 2328 2822 2383 ἔπνευσε
2852 2330 2956 2398 τῆς
2974 2327 3332 2398 κυματώδους
3367 2323 3512 2397 αὖρα

2083 2422 2211 2476 Ἦδύ
2224 2439 2403 2489 πνοος,
2429 2423 2715 2491 ἐπάγουσα
2735 2423 2848 2484 τοῖς
2879 2422 3207 2490 πράγμασιν
3238 2418 3445 2472 εὐδίαν.

2071 2516 2181 2569 Καὶ
2217 2515 2423 2585 Βάρδας
2447 2515 2549 2584 μὲν
2569 2514 2814 2583 ὑπέκυψε
2847 2516 2914 2584 τῇ
2945 2512 3040 2566 τοῦ
3074 2512 3408 2582 κρατοῦντος
3443 2508 3648 2583 ῥάϐδῳ,

2070 2607 2180 2660 Καὶ
2211 2607 2410 2668 πάντες
2443 2605 2825 2675 ὑπεστάλησαν
2852 2593 3029 2675 λάθρᾶ
3061 2602 3466 2673 βασιλειῶντες,

2071 2692 2197 2768 Εἶχε
2218 2698 2261 2749 δ’
2284 2697 2447 2760 εὐθὺς
2476 2696 2754 2750 Βασίλειον
2788 2696 3077 2766 ’Δρῤάϐων
3106 2694 3370 2764 ὲθναρχία

2071 2791 2182 2843 Καὶ
2204 2789 2432 2852 Φάσιδος
2463 2789 2525 2841 τὸ
2545 2789 2777 2857 πότιμον
2821 2787 3207 2857 ’Ῑὸηροτρόφον
3241 2788 3456 2858 ῥεῖθρον

2070 2881 2181 2935 Kal.
2229 2881 2299 2949 γῆ
2351 2879 2614 2933 Φοινίκων
2644 2878 2887 2947 βλέψασα
2917 2877 3117 2930 ταυτὸν
3146 2876 3281 2931 ὡσεὶ
3330 2878 3648 2947 πρηστῆρα.

2072 2971 2340 3043 Ἐφριξαν
2365 2970 2559 3025 τοῦτον
2590 2970 2829 3039 Ἴϐηρες,
2855 2967 3100 3038 ἔπτηξαν
3129 2966 3547 3036 Ταυροσκύθαι·

2080 3065 2141 3117 '0
2176 3063 2381 3135 γαῦρος
2410 3063 2770 3134 ἐδραπέτευεν
2794 3061 3005 3123 ἐκεῖνος
3047 3059 3397 3132 Ἰϐηράρχης.

3307 3187 3461 3241 Vera.
3500 3185 3648 3242 5968

2063 3300 2286 3355 fortuna
2310 3295 2515 3359 invidis
2538 3310 2664 3351 eum
2695 3302 2964 3350 contuens
2986 3291 3165 3349 oculis
3190 3292 3462 3347 fervorem
3491 3291 3639 3344 hunc

2068 3395 2445 3462 impetumque
2493 3390 2748 3445 restinxit
2796 3398 2854 3445 et
2903 3386 3166 3442 inhibuit.
3223 3383 3377 3452 121
3427 3381 3642 3451 Quippe

2066 3487 2342 3543 concitato
2372 3484 2441 3539 ad
2469 3482 2836 3538 defectionem
2882 3478 3056 3535 Barda
3095 3477 3263 3541 Doro,
3301 3488 3511 3543 magnae
3542 3489 3643 3543 po-

2068 3580 2253 3636 tentize
2278 3579 2420 3642 viro,
2454 3575 2741 3638 bellicoso,
2773 3570 3005 3636 audaci,
3052 3576 3379 3637 arrogante,
3412 3576 3647 3637 cognato

2066 3667 2436 3741 imperatoris,
2463 3666 2615 3721 velut
2644 3665 2879 3719 alterum
2908 3660 3207 3732 quemdam
3227 3658 3471 3713 Aderum
3498 3670 3649 3711 eom-

2067 3764 2273 3821 movit.
2307 3771 2471 3830 atque
2505 3759 2579 3812 ita
2606 3758 2776 3812 vitam
2820 3752 3174 3825 imperatoris
3203 3750 3556 3806 conturbavit
3586 3757 3651 3802 ut

2065 3864 2266 3911 ventus
2306 3851 2651 3923 procellosus
2676 3862 2741 3903 ex
2772 3846 2920 3900 nube
2953 3855 3322 3913 prorumpens
3367 3838 3649 3909 navigium

2066 3956 2359 4005 suceutere
2386 3944 2549 4000 solet.
2584 3942 2723 3996 Dum
2767 3938 2875 3992 hoc
2904 3935 3108 3990 bellum
3139 3931 3351 3986 diutius
3378 3929 3541 3983 durat
3579 3944 3644 3981 ae

2067 4042 2139 4096 de
2166 4036 2437 4094 industria
2461 4031 2805 4104 protrahitur
2831 4042 2861 4081 a
2892 4027 3062 4089 Dure,
3084 4020 3347 4094 periculis
3370 4018 3650 4075 intestinis

2068 4128 2362 4200 imperium
2412 4119 2854 4194 exagitantibus,
2906 4114 3033 4169 Asia
3068 4127 3166 4183 per
3197 4111 3407 4165 Arabes
3432 4116 3645 4163 vastata

2066 4232 2173 4287 est,
2202 4220 2341 4275 fines
2369 4214 2601 4272 Romani
2634 4228 2664 4267 a
2692 4210 2847 4282 Syris
2872 4205 3130 4268 coartati,
3166 4202 3361 4258 viciam
3395 4201 3533 4255 Istro
3561 4215 3648 4252 re-

2067 4314 2260 4384 giones
2291 4324 2416 4365 cum
2449 4303 2681 4361 Thracia
2714 4300 2945 4356 ﬁnitima
2972 4296 3329 4364 Bulgarorum
3360 4289 3647 4346 excursio:

2067 4403 2235 4461 nibus
2256 4408 2472 4455 vexata.
2496 4394 2706 4461 Medius
2739 4391 2884 4445 inter
2909 4388 3010 4442 hos
3040 4387 3358 4454 imperatur,
3385 4388 3649 4447 tanquam

384 4492 575 4563 risque
606 4487 1090 4545 tolerantissimum
1128 4485 1416 4550 Herculem
1460 4487 1743 4550 imitatus,
1773 4502 1839 4541 ac
1868 4502 1960 4542 vo-
1996 4505 2040 4561 ι)
2072 4498 2129 4551 in
2160 4493 2297 4549 mari
2327 4488 2602 4550 navicula,
2634 4483 2954 4542 lluetuabat,
2986 4475 3213 4533 avicula:
3251 4473 3402 4543 pullo
3451 4470 3509 4525 in
3547 4484 3651 4521 ore

382 4582 693 4653 luptatibus
721 4580 1025 4651 repudiatis
1048 4578 1285 4655 otiosam
1315 4579 1644 4648 mollemque
1670 4578 1835 4633 vitam
1868 4595 1962 4649 pe-

386 4688 577 4736 rosus,
610 4670 964 4741 asperitatem
998 4684 1063 4723 ac
1091 4668 1351 4722 duritiem
1390 4683 1669 4722 armorum
1691 4711 1706 4733 ,
1740 4669 1959 4736 loricas,

382 4762 588 4834 galeas,
617 4775 800 4825 enses,
835 4760 940 4815 tela
981 4758 1154 4815 cuivis
1202 4758 1409 4813 uectari
1464 4757 1812 4827 pmfertebat.
1846 4757 1962 4814 lloc

381 4854 571 4910 studio
601 4854 805 4909 ductus
833 4850 1093 4907 vestitum
1135 4850 1380 4915 mollem,
1412 4865 1635 4905 mensas
1672 4850 1957 4915 delicatas,

380 4948 619 5016 lectulos
663 4961 910 5016 purpura
952 4952 1295 5008 constratos,
1325 4942 1594 4997 unionum
1624 4943 1960 5013 gestationes

380 5040 607 5105 oderat;
651 5053 684 5094 e
730 5035 1008 5093 contrario
1038 5041 1323 5093 scutorum
1353 5032 1667 5088 eollisienes
1695 5043 1751 5087 et
1777 5047 1963 5087 armo-

381 5146 509 5185 rum
540 5129 801 5199 strepitus
835 5126 1058 5198 majoris
1086 5141 1253 5196 quam
1282 5124 1605 5194 quorumvis
1636 5124 1967 5179 instrumen-

384 5230 570 5275 torum
596 5219 813 5275 melicis
841 5217 1089 5280 numeris
1112 5217 1328 5271 animos
1362 5215 1756 5286 oblectantiutu
1783 5215 1964 5271 illece'

382 5312 516 5367 bras
542 5311 882 5374 aestimabat,
929 5309 1176 5380 adeoque
1223 5304 1530 5362 calcaribus
1578 5315 1637 5361 et
1680 5304 1963 5363 tibialibus

380 5404 580 5462 ferreis
629 5412 687 5465 et
736 5402 954 5461 bellicis
1004 5402 1178 5456 hastis
1229 5398 1521 5469 gaudebat.
1572 5397 1963 5461 Verumtamen

2068 4587 2370 4641 draconum
2407 4576 2623 4635 similis.
2660 4574 2862 4629 Verum
2893 4583 3021 4623 mox
3048 4565 3249 4621 hiemis
3286 4565 3404 4617 loco
3437 4575 3531 4614 ver
3559 4558 3645 4611 cf.

2065 4675 2240 4739 fulsit,
2268 4683 2327 4728 et
2353 4686 2453 4741 pro
2483 4674 2810 4737 tempestate
2858 4659 3166 4732 procellosa
3216 4654 3428 4723 Spirare
3472 4649 3647 4716 ρωρξι

2065 4783 2198 4823 aura
2219 4761 2486 4836 jucunda,
2517 4755 2968 4826 tranquillitatem
3022 4763 3208 4836 rerum
3263 4743 3511 4798 omnium
3555 4755 3645 4793 se-

2065 4874 2192 4915 cum
2221 4833 2425 4911 fercns.
2451 4851 2587 4907 Nam
2611 4846 2817 4905 Bardas
2848 4833 3196 4912 imperatoris
3216 4851 3276 4890 se
3298 4835 3465 4902 virgae
3494 4846 3646 4885 sum-

2066 4946 2237 5010 misit,
2267 4950 2324 4998 et
2344 4954 2537 4996 omnes
2562 4937 2703 4992 clam
2730 4945 2959 5002 regnum
2987 4927 3310 4983 ati‘ectantes
3335 4937 3396 4977 se
3427 4935 3644 4988 repres-

2066 5043 2279 5095 serunt.
2313 5032 2394 5087 Ab
2426 5046 2494 5085 eo
2521 5040 2768 5097 tempore
2789 5039 2914 5077 mox
2944 5021 3246 5089 imperator
3281 5014 3522 5071 Arabum
3558 5012 3645 5066 di-

2068 5128 2300 5186 tionem.
2330 5119 2550 5176 Pbasidi
2602 5116 2839 5171 vicinam
2892 5122 3117 5173 terram,
3145 5105 3465 5162 Phoenicem
3515 5119 3683 5173 pre—_

2065 5216 2232 5273 stcris
2255 5214 2310 5269 in
2343 5225 2549 5267 morem
2581 5204 2812 5268 invasit;
2838 5217 2951 5272 quo
2977 5200 3179 5255 factum
3209 5206 3271 5253 ut
3302 5193 3444 5251 Iberi
3480 5203 3647 5261 atque

2064 5302 2452 5374 Tauroseythte
2494 5298 2852 5354 vehementer
2899 5292 3352 5359 expavescerent.
3385 5284 3465 5341 ita
3495 5282 3644 5374 celes

2065 5398 2199 5453 riter
2237 5372 2548 5453 universam
2576 5388 2758 5445 Asiam
2785 5380 3084 5454 percurrit,
3121 5393 3301 5449 neque
3327 5376 3445 5437 suis
3466 5372 3652 5436 oculis

1744 5553 1943 5615 Varia:
1973 5549 2298 5612 lectiones.

453 5731 499 5763 “
537 5729 944 5802 πατρόπαππον
973 5726 1083 5802 Ali.
1109 5748 1119 5756 -
1161 5724 1392 5802 "duque
1416 5740 1629 5802 versum
1657 5724 1777 5779 add.
1808 5723 1849 5777 li
1940 5723 1957 5754 ‘

2067 5722 2104 5774 tl.
2134 5698 2276 5775 Μακ.
2311 5719 2376 5775 Α.
2413 5719 2454 5754 ⁸⁷
2486 5718 2579 5783 τὰς
2603 5717 2753 5788 ὄψεις
2776 5714 2890 5770 AR.
2927 5712 2971 5744 ⁸⁸
3004 5710 3106 5781 τὴν
3131 5699 3465 5779 τηλικαύτην
3495 5697 3641 5767 γνιῖιτΔ

694 5799 742 5832 θ’
777 5798 1008 5869 στόματι
1054 5798 1116 5852 Α.
1194 5797 1238 5827 7°
1264 5795 1414 5859 αὖθις
1444 5797 1507 5847 Λ.

379 5818 491 5888 μην
518 5800 582 5859 Α.
