4072 6460
407 527 593 587 nam
629 522 793 586 ὀξέως
820 519 1037 574 ἃπασαν
1068 516 1380 585 ἐπέδραμεν
1427 513 1636 566 Ἀσίαν.

411 620 526 672 Οὐκ
550 617 751 669 ἔδωκεν
782 613 1092 666 ἀνάπαυσιν
1114 609 1227 671 τοῖς
1254 605 1448 660 ἑαυτοῦ
1470 604 1788 676 κροτάφοις.

410 710 548 762 Οὐδὲ
577 705 867 777 βλεφάροις
897 699 1230 769 νυσταγμὸν,
1266 698 1386 751 οὐδὲ
1417 701 1538 758 ταῖς
1577 695 1767 767 κόραις
1792 692 1983 756 ὕπνον,

414 801 559 861 Ἕως
584 798 708 858 τοὺς
739 794 935 856 λύκους
965 792 1138 862 ἦλασε
1165 792 1294 854 τοὺς
1324 788 1912 857 προδατοσπαράκτας.

424 870 701 953 Ἐπέγνων
742 884 936 938 τούτου
975 884 1075 954 τὴν
1120 883 1273 953 ίσχὺν
1296 882 1345 933 oi
1378 880 1595 934 δυνατοὶ
1628 877 1952 947 Βουλγάρων
1973 892 1988 908 ο

428 981 742 1048 Ἐὃάφησαν
773 980 885 1039 τοῖς
918 977 1145 1043 αἴμασιν
1178 974 1405 1026 ἐκείνων
1433 972 1705 1035 πεδιάδες,

416 1072 631 1141 Κορμοὶ
658 1069 839 1139 δρυῶν
875 1069 1125 1134 ἐγένοντο
1151 1067 1218 1118 τὰ
1246 1067 1451 1118 τούτων
1477 1062 1779 1132 θνησιμαῖα

418 1163 558 1232 Ἕλη
594 1164 824 1230 συνέστη
858 1159 1127 1227 πολλαχοῦ
1153 1160 1265 1219 τοῖς
1293 1158 1536 1225 ἐκρυείσι
1568 1154 1778 1222 φόνοις.

419 1256 559 1307 Τότε
595 1252 827 1322 στρατὸς
857 1250 1174 1309 Δύσονικὸς,
1207 1247 1457 1315 ὁπλίτης,
1484 1244 1582 1313 ούχ
1611 1244 1864 1311 ὁπλίτης,

421 1347 534 1414 Τῆς
558 1345 782 1414 Θρᾴκης
812 1341 1140 1410 κατεχόρευε
1175 1337 1415 1407 βήμασιν
1446 1334 1751 1405 ἐλευθέροις
1771 1349 1786 1365 ⁸

436 1436 755 1506 Ἀπανταχῆ
776 1435 882 1504 γὰρ
907 1432 1199 1501 Experto"
1228 1432 1298 1482 τὰ
1320 1427 1428 1481 τῶν
1450 1426 1774 1496 Βουλγὰρων
1804 1425 1999 1493 σκήνη,

428 1529 540 1595 Οὐχ
591 1523 753 1591 ἦττον
796 1525 829 1594 ἦ
877 1524 948 1575 τά
983 1521 1255 1589 πτώματα
1290 1519 1458 1571 πάλαι
1486 1519 1554 1569 τά
1578 1516 1686 1568 τῶν
1715 1515 2004 1586 Δαρδάνων

428 1616 629 1687 Τροίαν
656 1612 1198 1683 Σκαμανδρογείτονα
1226 1610 1504 1679 κείροντος
1537 1606 1850 1675 Ἀχιλλέως.

442 1707 709 1777 Ἐπέσχεν
757 1701 852 1757 οὖν
890 1706 916 1755 6
955 1700 1242 1771 Βάρόαρος
1271 1700 1315 1730 ⁷⁸
1360 1695 1454 1749 τοῦ
1509 1696 1746 1766 θράσους
1777 1694 1823 1725 ⁷³
1873 1692 2005 1763 πρὸς

1701 1784 1904 1854 [ὀλίγον
1920 1800 1935 1815 ·

434 1890 548 1960 Τὴν
574 1888 683 1959 γάρ
712 1886 1114 1957 στρατεύσιμον
1142 1882 1329 1953 ἀκμὴν
1362 1877 1503 1934 εἶδεν
1529 1876 1939 1949 ἐρημωθεῖσαν.

438 1984 550 2036 Kal
582 1981 744 2034 πάλιν
773 1978 1078 2048 ἀνηλάλαξε
1109 1975 1361 2046 κραυγὰς
1382 1972 1663 2033 ἐνυαλίους
1682 2013 1698 2036 ν

438 2075 551 2129 Καὶ
582 2071 744 2125 πάλιν
766 2069 930 2141 θροῦν
962 2069 1226 2123 ἐσάλπισε
1254 2067 1302 2097 ⁷⁸
1338 2067 1657 2136 σημάντορα
1676 2063 1775 2132 τῆς
1801 2062 2014 2130 μάχης,

441 2163 555 2216 Καὶ
593 2162 755 2215 πάλιν
782 2165 809 2213 6
847 2160 1126 2222 Βασίλειος
1158 2158 1442 2227 ἀμφέθετο
1467 2158 1527 2210 τὸ
1557 2155 1715 2223 ξίφος

445 2254 553 2304 Καὶ
581 2251 898 2321 πάγχαλκον
928 2251 1193 2319 ἐδούπησε
1226 2246 1579 2317 βαρύκτυπον
1605 2243 1807 2297 ἀσπίδα
1827 2282 1842 2305 ,

444 2342 713 2411 Καθάπερ
744 2340 1143 2410 πολεμόκλονος
1171 2337 1632 2407 τειχεσιπλήκτης
1658 2337 1855 2403 Ἀρης,

445 2436 554 2486 Καὶ
588 2434 697 2489 πᾶν
728 2431 888 2495 εὐθὺς
912 2429 1263 2499 κατάχαλκον
1292 2428 1507 2497 ἐγίνετο
1534 2428 1737 2481 πεδίον.

444 2525 579 2577 Οὐδὲ
611 2525 720 2594 γάρ
749 2521 1062 2593 ὲνηυλίζετο
1087 2521 1353 2590 θαλάμοις
1387 2519 1706 2588 βασιλείοις,

457 2615 543 2676 Ὠς
567 2614 840 2684 τρυςιερδν
869 2614 1128 2684 κοράσιον
1163 2612 1316 2681 ὄψεις
1346 2611 1597 2682 ἀρρένων
1624 2609 1863 2678 φεύγων,

458 2705 598 2758 Ἀλλ’
627 2705 849 2771 ἔτεγγον
879 2704 1102 2757 έωθιναὶ
1135 2703 1328 2755 τούτου
1360 2701 1694 2771 βοστρύχους
1730 2700 1932 2767 δρόσοι,

445 2796 554 2859 Οὒς
588 2796 755 2850 πάλαι
795 2794 1238 2864 ὲκηπεύσαντο⁷⁸
1272 2794 1342 2846 τά
1372 2794 1473 2862 τῆς
1512 2792 1798 2863 πορφύρας
1856 2792 2023 2863 μύρα.

447 2889 558 2940 Καὶ
584 2888 743 2941 πάλιν
768 2888 936 2957 μάχαι
966 2886 1255 2955 δύσμαχοι,
1284 2884 1447 2939 πάλιν
1477 2884 1885 2955 ἀνδροκτασίαι,

451 2978 560 3031 Kal
592 2977 789 3046 θράσος
821 2974 1243 3047 θυμοόάρὸαρον
1275 2977 1304 3029 6
1329 2975 1615 3045 Βάρϐαρος
1649 2974 1884 3035 ἐδείκνυ,

462 3063 552 3130 Ὧς
586 3066 797 3137 κάπρος
826 3066 1049 3138 δόρατος
1080 3065 1288 3135 αἰχμὴν
1318 3064 1477 3117 ὠθῶν
1512 3066 1569 3118 ἐν
1604 3065 1717 3125 τοῖς
1753 3064 2025 3132 ὲγκάτοις.

454 3300 697 3370 quietem
728 3314 1052 3354 somnumvc
1083 3298 1359 3353 concessit
1393 3297 1588 3362 ullum,
1622 3296 1799 3351 donec
1831 3298 2036 3352 lacera-

459 3403 608 3446 tores
633 3391 819 3445 ovium
849 3390 1010 3459 lupos
1040 3389 1480 3443 exterminasset.
1510 3387 1812 3444 Senserunt
1837 3400 1893 3444 et
1915 3390 2038 3444 Bul-

459 3497 717 3552 garorum
740 3482 1029 3550 optimates
1055 3480 1356 3550 potentiam
1389 3480 1580 3550 ipsius.
1604 3483 1815 3551 campis
1842 3497 2035 3537 eorum

459 3573 727 3643 sanguine
761 3574 964 3636 tinctis,
992 3582 1049 3628 et
1094 3572 1456 3627 cadaveribus
1500 3573 1701 3642 passim
1734 3574 2036 3643 qucrcino-

463 3683 584 3720 rum
640 3677 965 3721 truncorum
1026 3681 1180 3721 more
1236 3665 1444 3733 sparsis
1507 3666 1777 3734 quasique
1842 3666 2036 3721 silvam

463 3759 758 3828 quamdam
794 3756 1180 3813 efﬁcientibus.
1205 3756 1407 3810 Milites
1448 3756 1677 3810 Romani
1717 3767 1824 3812 tam
1857 3760 2039 3829 gravis

465 3867 628 3921 quam
657 3851 794 3906 levis
825 3859 1118 3905 armaturae
1156 3865 1253 3917 per
1279 3849 1569 3903 Thraciam
1600 3849 1884 3905 liberrime
1920 3861 2039 3906 tum

465 3945 827 4015 vagabantur,
857 3941 1209 3998 examinatim
1243 3942 1531 4009 prostratis
1562 3958 1669 3995 non
1704 3942 1885 3997 minus
1920 3944 2043 3998 ubi-

466 4054 574 4107 que
608 4038 856 4108 Bulgaris
885 4046 1049 4105 atque
1080 4035 1214 4088 olim
1245 4033 1465 4103 Trojaui
1506 4035 1709 4103 passim
1738 4035 1863 4089 caesi
1892 4037 2043 4105 jace-

472 4130 623 4193 bant,
656 4130 865 4184 Achille
896 4131 1044 4199 ipsos
1071 4131 1402 4185 trueidante.
1435 4133 1780 4201 Quapmpter
1807 4131 1876 4185 de
1906 4131 2047 4186 fero-

471 4221 558 4274 cia
588 4236 686 4274 sua
713 4221 963 4275 nonnihil
994 4220 1207 4276 remisit
1236 4222 1530 4287 Barbarus,
1565 4223 1658 4291 qui
1691 4236 1913 4277 suorum
1943 4223 2046 4276 mi-

472 4311 628 4364 litum
664 4311 837 4365 robur
873 4312 1210 4366 exstinctum
1261 4322 1535 4368 cerneret.
1585 4315 1655 4368 At
1696 4314 1891 4369 eddom
1922 4330 2048 4369 mox

472 4403 744 4457 clamores
793 4401 1021 4457 bellicos
1066 4405 1265 4458 edente
1320 4406 1723 4475 classicumque
1779 4408 2044 4471 tollente,

1551 397 2056 461 CONSTAN'I‘INI
2105 396 2478 455 MANASSIS

3564 395 3668 459 414

2013 509 2054 563 Α
2092 505 2353 557 Ὢπλιστο
2388 504 2487 573 μὲν
2516 503 2576 556 τὸ
2618 504 2932 573 στράτευμα
2968 505 3151 575 μερῶν
3188 502 3245 569 ἐξ
3266 504 3561 575 ἑκατέρων,

2096 597 2203 647 Καὶ
2228 596 2425 657 πάντες
2460 592 2601 666 ἦσαν
2627 596 2884 659 πνέοντες
2917 596 3074 666 μένος
3119 596 3295 665 θυμοῦ
3336 598 3429 649 καὶ
3472 598 3671 669 μάχης,

2098 688 2300 748 nam;
2329 687 2758 757 σιδηροχίτωνες,
2797 688 3185 758 χαλκάσπιδες,
3221 690 3466 758 λογχῖται
3489 705 3505 720 ·

2095 780 2300 840 Μελίας
2336 779 2670 849 ἐπεφέροντο
2715 780 2917 842 πάντες
2944 779 3365 849 χαλκοϐαρείας.

2111 872 2173 923 Ἢ
2201 872 2434 939 σάλπιγξ
2467 870 2710 924 ἐνυάλιον
2734 873 2825 924 καὶ
2854 872 3094 942 μάχιμον
3125 873 3350 942 ὑπήχει,

2099 964 2210 1016 Kal.
2242 962 2473 1031 πόλεμος
2497 961 2890 1030 φθισίμϐροτος
2920 960 3108 1032 ἔφριξε
3142 965 3262 1023 ταῖς
3292 964 3533 1033 ἐγχείαις
3556 1005 3571 1025 ,

2103 1056 2210 1109 Καὶ
2245 1054 2405 1124 θροῦς
2452 1055 2549 1108 καὶ
2599 1056 3057 1125 παρακελευσμός
3092 1057 3295 1126 ἀμςςοῖν
3346 1058 3458 1109 τοῖν
3514 1074 3683 1127 στραο

3279 1146 3537 1220 [τευμάτο
3560 1167 3609 1199 ν.

2115 1237 2205 1300 Ὣς
2234 1237 2278 1289 δ’
2305 1238 2384 1300 είς
2412 1235 2580 1290 ταυτδ
2613 1239 2879 1309 συνῄεσαν
2923 1237 3227 1310 Βούλγαροι
3258 1240 3353 1292 καὶ
3399 1240 3686 1309 Ῥωμαῖοι,

2107 1330 2411 1383 Συνέπεσον
2432 1329 2507 1391 ὡς
2535 1329 2769 1394 λέοντες,
2791 1329 2978 1400 ὥσπερ
3004 1330 3268 1401 ἀφρισταὶ
3300 1331 3521 1399 κάπροι,

2110 1422 2218 1473 Kal
2243 1421 2393 1489 ξίφος
2426 1421 2534 1474 πᾶν
2569 1421 2845 1490 ἐμαίνετο,
2884 1423 2980 1475 καὶ
3004 1424 3188 1493 χεῖρες
3215 1423 3315 1475 οὐκ
3349 1422 3615 1491 ἠρέμουν,

2112 1512 2264 1565 Παλ-ά
2272 1530 2369 1582 μαι
2395 1512 2441 1565 δ’
2465 1512 2834 1567 ἑπαλάσσοντο
2852 1516 2965 1577 τοῖς
2986 1513 3095 1567 τῶν
3122 1512 3428 1566 πιπτόντων
3446 1511 3695 1582 λύθροις,

2115 1606 2221 1657 Kal.
2239 1604 2353 1657 τῶν
2368 1604 2608 1658 ἀσπίδων
2639 1607 2666 1657 6
2699 1604 2938 1674 θλασμδς
2955 1604 3176 1659 καὶτῶν
3205 1604 3449 1674 δοράτων
3464 1604 3697 1675 θραῦσις

2114 1697 2216 1749 Τὸν
2238 1697 2483 1763 πάταγον
2502 1698 2819 1765 ἀνέπεμπεν
2835 1698 2881 1729 ⁷⁸
2909 1697 3238 1767 βαρύθρουν,
3264 1697 3455 1766 άγριὸθ
3466 1714 3612 1766 ρουν.

2116 1791 2227 1844 Καὶ
2256 1789 2510 1859 βασιλεὺς
2538 1790 2667 1851 τοὺς
2693 1788 2832 1859 ἀμφ’
2859 1788 3021 1842 αὐτὸν
3049 1787 3123 1852 ὡς
3146 1789 3273 1858 ἴρηξ
3304 1788 3594 1855 ὠκυπέτης

2041 1849 2087 1904 Β
2119 1879 2530 1949 Παρεπορεύετο
2552 1878 2716 1932 κινῶν
2742 1878 2885 1933 κατά
2911 1879 3020 1931 τῶν
3053 1878 3431 1948 βαρυιρρὸνων.

2116 1972 2282 2033 Τέλος
2313 1971 2638 2041 Ιίουλγάρων
2667 1974 2694 2024 6
2722 1971 2952 2039 στρατὸς
2978 1970 3150 2041 ᾤχετο
3177 1970 3368 2033 κλίνας
3388 1970 3556 2033 νῶτα,

2119 2068 2181 2116 Δί
2217 2066 2271 2117 δὲ
2308 2064 2596 2132 Ῥωμαίων
2627 2063 2905 2130 φάλαγγες
2934 2062 3150 2115 εἵποντο
3178 2063 3321 2116 κατά
3352 2062 3523 2115 νώτου
3544 2104 3558 2124 ,

2120 2152 2414 2207 Κτιννῦσαι
2439 2153 2531 2205 τὸν
2553 2152 2875 2217 ὀπίστατον,
2900 2152 3197 2216 πίπτοντας
3230 2150 3634 2221 συμπατοῦσαι,

2120 2247 2425 2298 Διὼκουσαι
2452 2244 2544 2297 τὸν
2574 2243 2873 2313 φύλαρχον.
2904 2243 3106 2305 ἵππους
3133 2242 3564 2313 νευροκοποῦσαι
3585 2282 3601 2305 ,

2128 2337 2236 2390 Kal
2258 2335 2356 2396 τὰς
2380 2337 2583 2403 σκηνάς
2607 2334 2954 2403 άρπάζουσαι
2975 2333 3069 2385 καὶ
3091 2332 3307 2395 σκύλοις
3335 2332 3712 2400 ὲντρυφῶσαι.

2195 2428 2381 2491 Οὕτως
2427 2430 2456 2481 6
2507 2428 2733 2497 κράτωρ
2765 2426 3035 2497 φρύαγμα
3073 2428 3346 2496 παρέλυσε
3382 2428 3715 2497 Βουλγάρων

2127 2523 2235 2574 Καὶ
2268 2523 2366 2587 τὴν
2399 2520 2572 2589 ὀφρὺν
2603 2520 2918 2573 κατέσπασε
2946 2519 3045 2588 τὴν
3077 2518 3569 2589 ύπερεπηρμένην.

2128 2613 2317 2676 Οὕτως
2351 2612 2477 2673 τοὺς
2511 2611 2682 2674 κύνας
2709 2611 2878 2681 ήλασε
2904 2611 3034 2673 τοὺς
3066 2610 3537 2679 κηρεσιφορήτους

2139 2704 2235 2756 Ἐκ
2268 2701 2704 2771 μανδρευμάτων
2738 2699 2848 2751 τῶν
2884 2699 3051 2752 αὑτοῦ
3085 2699 3180 2752 καὶ
3210 2700 3310 2767 τῆς
3351 2697 3717 2768 ἀγελαρχίας.

2128 2795 2316 2858 Οὕτως
2360 2796 2613 2864 οἰκτροὺς
2665 2793 2794 2855 τοὺς
2840 2790 3297 2863 σοϐαροὺς,οὖτω
3336 2789 3547 2853 δειλοὺς
3588 2792 3722 2854 τοὺς

3376 2880 3639 2954 [Υαῦρουω

2132 2980 2323 3041 Πῦνοις
2374 2980 2587 3047 συχνοῖς
2626 2976 2956 3047 είργάσατο,
2986 2975 3209 3039 δούλους
3238 2976 3354 3027 ἀντ’
3393 2975 3721 3044 ἐλευθέρων.

2215 3071 2368 3124 Ἐπεὶ
2390 3068 2435 3123 δ’
2465 3069 2528 3121 ού
2563 3069 2803 3139 φείδεται
2833 3085 2976 3132 τινος
3011 3067 3178 3140 ’ᾼδης
3224 3069 3252 3122 6
3300 3069 3650 3136 παντοφάγος
3671 3107 3687 3131 ,

3390 3192 3546 3249 νει-ί.
3579 3193 3730 3249 6025

2140 3306 2266 3360 lites
2300 3304 2365 3358 ad
2415 3303 2659 3373 prmlium
2693 3303 2935 3368 armari;
2971 3317 3164 3356 omnes
3199 3302 3333 3355 iram
3369 3316 3730 3371 pugnamque

2144 3398 2381 3467 Spirarc,
2414 3410 2608 3449 omnes
2645 3394 2835 3449 loricis
2882 3395 3097 3458 ferreis,
3127 3395 3301 3449 scutis
3326 3394 3516 3457 aereis,
3555 3393 3733 3448 hastis

2142 3488 2404 3559 gravibus
2430 3501 2552 3542 sese
2588 3486 2841 3549 munire;
2890 3485 3022 3539 tuba
3074 3486 3403 3539 mavortium
3453 3499 3517 3538 ac
3564 3483 3733 3537 belli-

2144 3596 2269 3635 cum
2319 3578 2579 3648 quiddam
2616 3593 2845 3642 sonare;
2902 3576 3071 3631 hastae
3114 3575 3334 3632 densari
3374 3591 3436 3629 ac
3468 3576 3733 3629 inhorre-

2145 3685 2329 3735 scere;
2362 3671 2635 3724 clamores
2660 3668 2816 3733 tolli;
2861 3677 3059 3722 cuncta
3108 3667 3164 3721 in
3214 3675 3447 3736 utroque
3478 3666 3732 3720 exercitu

2147 3761 2425 3832 apparari.
2451 3761 2587 3816 Cum
2621 3761 2687 3815 ad
2725 3775 2919 3815 manus
2945 3766 3170 3814 ventum
3202 3767 3386 3820 esset,
3420 3760 3641 3812 leonum
3674 3766 3735 3811 et

2148 3855 2521 3924 spumantium
2577 3868 2836 3922 aprorum
2883 3868 3037 3907 more
3086 3850 3530 3911 concurrebant;
3566 3864 3736 3903 enses

2151 3945 2445 4009 furebant;
2489 3957 2685 3997 manus
2731 3942 2878 3996 haud
2926 3941 3239 4005 cessabant,
3283 3940 3379 3995 sed
3415 3938 3734 3995 cadentium

2151 4054 2349 4092 cruore
2381 4035 2806 4106 polluebantur;
2838 4042 2989 4089 scuta
3021 4050 3147 4088 cum
3184 4033 3359 4087 hastis
3389 4029 3739 4085 comminue-

2153 4131 2358 4185 bantur
2396 4128 2814 4196 terribilemque
2863 4127 3154 4196 strepitum
3209 4125 3539 4181 excitabant.
3594 4121 3742 4176 lute—

2154 4222 2257 4275 rim
2293 4235 2422 4275 suos
2454 4221 2754 4289 imperator
2783 4217 2935 4273 obire
2963 4226 3221 4287 tanquam
3252 4217 3510 4272 celeriter
3541 4211 3736 4267 volans

2155 4314 2438 4382 accipiter,
2467 4321 2523 4367 et
2551 4312 2817 4367 adversus
2844 4311 3033 4367 hostes
3067 4312 3303 4365 irritare.
3329 4308 3571 4363 Tandem
3606 4306 3737 4359 Bul-

2156 4421 2412 4476 garorum
2463 4404 2636 4473 copiis
2681 4411 2828 4473 terga
2856 4403 3135 4467 dantibus,
3183 4400 3414 4457 Romani
3463 4399 3737 4467 fugientes

474 4493 706 4547 Basilius
733 4508 954 4562 quoque
986 4495 1165 4563 gladio
1189 4509 1247 4549 se
1278 4497 1599 4564 accingebat
1620 4534 1636 4560 ,
1662 4497 2048 4568 aheneumque
2083 4540 2128 4599 υ
2160 4494 2434 4566 persequi,
2474 4503 2811 4564 postremum
2857 4509 3131 4563 quemque
3175 4492 3415 4558 caedere,
3447 4490 3737 4545 cadentem

475 4593 691 4638 scutum
725 4586 899 4639 instar
926 4585 1112 4641 Martis
1141 4586 1321 4640 bellici
1361 4589 1629 4641 tumultus
1654 4589 1802 4657 pleni
1832 4598 1888 4643 et
1914 4605 2037 4644 mu-

479 4692 662 4730 rorum
699 4680 1094 4748 expugnatoris
1135 4680 1450 4749 quatiebat,
1478 4681 1688 4749 campis
1715 4691 2053 4737 armatorum

480 4767 833 4822 multitudine
863 4769 1173 4840 completis.
1214 4770 1330 4824 Non
1368 4769 1515 4825 enim
1554 4769 1768 4824 solebat
1803 4770 1967 4839 regiis
1999 4770 2056 4824 in

481 4859 735 4914 thalamis
767 4852 996 4926 cubare,
1029 4878 1179 4916 more
1211 4861 1462 4916 delicatae
1500 4876 1565 4915 ac
1606 4869 1809 4914 tenerae
1837 4860 2055 4929 puellae,

479 4962 602 5015 qua:
626 4950 865 5004 virorum
897 4960 1251 5021 conspectum
1282 4950 1450 5021 fugit;
1494 4950 1589 5005 sed
1617 4948 1872 5003 matutini
1902 4963 2059 5002 rores

483 5037 769 5095 cincinnos
826 5042 1002 5110 ipsius
1060 5043 1386 5111 plerumque
1443 5040 1910 5102 madcfaciebant,
1960 5041 2057 5108 qui

485 5127 615 5181 olim
645 5132 939 5199 unguentis
977 5133 1348 5202 imperatoriis
1382 5132 1873 5203 perfundebantur.
1912 5130 2061 5184 Rur-

486 5233 582 5273 sus
611 5235 742 5290 ergo
770 5238 963 5291 pugna:
999 5225 1271 5294 ancipites
1300 5234 1466 5294 atque
1499 5225 1678 5280 caedes
1707 5223 2064 5293 occipieban-

491 5321 602 5377 tur,
661 5313 817 5381 122
863 5322 919 5366 et
973 5315 1189 5369 barbari
1243 5317 1413 5370 animi
1468 5316 1729 5372 ferociam
1787 5314 2062 5370 Barbarus

488 5403 800 5458 ostentabat
830 5402 1002 5458 instar
1031 5405 1181 5474 apri,
1218 5408 1310 5476 qui
1342 5408 1512 5463 basta:
1535 5406 1819 5477 cuspidem
1850 5421 1949 5460 sua
1977 5406 2061 5459 in-

492 5501 574 5548 tra
602 5497 814 5552 viscera
840 5494 1031 5551 furens
1059 5497 1246 5567 adigit.
1273 5498 1392 5554 Jam
1416 5500 1485 5554 ab
1518 5508 1749 5567 utraque
1779 5506 1933 5570 parte
1967 5499 2065 5552 mi-

2155 4587 2392 4658 pedibus
2442 4586 3171 4657 proculcare,.principem
3223 4586 3400 4655 gentis
3452 4583 3741 4652 indagare,

2158 4694 2358 4733 nervos
2390 4693 2660 4747 equorum
2696 4677 2961 4744 incidere,
2992 4688 3170 4732 castra
3202 4678 3443 4732 hostium
3468 4674 3745 4744 diripere,

2158 4768 2350 4839 Spoliis
2384 4767 2586 4836 opimis
2622 4766 2807 4837 potiri.
3476 4827 3484 4833 .

2231 4859 2324 4915 Sic
2377 4858 2736 4929 Bulgarorum
2782 4858 2985 4913 fastum
3027 4858 3329 4928 imperator
3379 4856 3631 4912 coercuit
3686 4864 3747 4911 et

2160 4950 2518 5019 supercilium
2565 4949 2701 5004 illud
2751 4950 2954 5006 elatum
3001 4951 3311 5020 depressit;
3372 4951 3455 5004 sic
3507 4948 3751 5018 agitatus

2155 5040 2269 5095 fato
2296 5039 2534 5109 quodam
2568 5054 2735 5095 canes
2765 5041 2880 5096 suis
2919 5056 2949 5095 a
2992 5040 3165 5095 caulis
3210 5048 3266 5094 et
3313 5038 3579 5110 gregibus
3606 5037 3747 5091 abe-

2158 5131 2267 5201 git;
2301 5132 2381 5184 sic
2412 5131 2685 5200 superbos
2726 5132 2978 5193 miseros,
3013 5132 3093 5187 sic
3138 5131 3349 5186 feroces
3381 5129 3627 5195 timidos,
3662 5128 3751 5184 sic

2169 5237 2237 5277 ex
2264 5221 2457 5276 liberis
2488 5236 2679 5277 servos
2708 5237 2805 5291 per
2838 5223 3018 5278 varias
3049 5238 3326 5278 aerumnas
3358 5222 3564 5278 eﬂ‘ecit.

2241 5313 2347 5369 Sed
2382 5314 2603 5384 quando
2633 5314 2836 5368 nemini
2869 5315 3045 5385 parcit
3073 5314 3251 5370 Orcus
3273 5355 3286 5378 ,
3315 5314 3482 5369 etiam
3514 5312 3752 5368 Basilius

2170 5404 2235 5459 ad
2271 5405 2465 5459 mortis
2510 5404 2729 5461 delatus
2772 5413 2857 5460 est
2905 5416 3121 5474 portas,
3155 5421 3278 5476 qua:
3321 5406 3557 5460 fulcrum
3610 5404 3749 5459 illud

2170 5495 2545 5551 Romanorum
2601 5499 2776 5553 instar
2819 5496 3081 5552 frumenti
3131 5496 3483 5553 triturarunt.
3530 5493 3750 5556 Accidit

1871 5642 2064 5703 Variae
2095 5642 2425 5705 lectiones.

570 5746 609 5775 ⁷¹
642 5742 913 5812 ἑστρωντο
942 5744 1004 5797 Δ.

1112 5743 1157 5775 7’
1197 5742 1451 5814 δᾶρδανος
1488 5742 1555 5795 Β.

504 5814 548 5845 ⁷⁵
581 5814 791 5884 ἁπέπερ
805 5831 904 5869 πον
941 5816 1004 5868 Λ.

1682 5743 1725 5775 ’³
1760 5744 1816 5797 τὸ
1873 5742 2072 5813 θράσος
2120 5743 2182 5795 Δ.

2287 5741 2608 5805 τίὲσάλπιζε
2658 5741 2720 5797 Λ.
2835 5742 2880 5773 ’⁸
2918 5740 3064 5795 πόλλ’
3105 5739 3420 5812 ἑκήπευσάν
3453 5754 3581 5792 ποτε
3633 5738 3747 5800 AR,
