4072 6420
373 396 483 462 λεδ

378 517 644 583 Συνέσχον
688 515 780 568 καὶ
804 516 1084 570 Βασίλειον
1115 520 1170 570 αἱ
1205 519 1371 588 μύλαι
1401 519 1494 571 τοῦ
1523 521 1777 582 θανάτου,

383 611 490 663 Καὶ.
521 610 614 660 τὸν
647 607 944 677 ’Ῥωμαίων
975 611 1245 680 ὲδρασμδν
1273 611 1515 681 ὴλόησαν
1547 611 1622 674 ὡς
1656 614 1822 672 σῖτον,

384 704 525 772 Πλὴν
553 703 612 753 ὲν
637 701 796 770 βαθεῖ
827 703 921 753 καὶ
949 701 1168 771 λιπαρῷ
1203 703 1296 754 καὶ
1327 703 1688 770 μακροχρὸνῳ
1719 705 1885 771 γήρᾳ,

392 792 482 842 ’ἓν
509 790 656 841 ἔτεσι
699 790 1037 858 πεντήκοντα
1064 792 1415 858 κρατήσαντα
1457 792 1824 860 Ῥωμαίωνπ.

389 884 454 934 'iI
491 883 546 934 δὲ
581 882 850 950 βασίλειος
887 881 1040 949 ἰσχὺς
1072 883 1167 933 καὶ
1195 881 1262 934 τα
1301 881 1589 950 Ῥωμαίων
1623 882 1878 950 σκῆπτρα

385 974 522 1041 Πρὸς
543 972 991 1042 τὸνίαὺθόμαιμον
1007 972 1172 1024 αὑτοῦ
1198 973 1288 1024 τὸν
1319 974 1728 1025 Κωνσταντῖνον
1750 971 1961 1042 τρέχει.

394 1066 532 1116 Ἀλλ’
561 1061 631 1133 ῆν
657 1064 1070 1130 ἐπαληθεύουσα
1100 1064 1318 1126 πάντως
1348 1065 1382 1134 ἡ
1417 1063 1684 1134 παροιμία
1712 1079 1726 1095 ο

387 1156 726 1225 ι’ῐοόονιπτὴρ
755 1156 854 1208 καὶ
885 1155 1156 1209 κύπελλον
1208 1158 1273 1208 ὲκ
1317 1155 1424 1208 τῶν
1458 1157 1638 1209 αὐτῶν
1671 1156 1962 1224 χωμάτων,

383 1245 788 1312 Ζωμήρυστρον
802 1244 849 1274 ’⁸
879 1246 975 1296 καὶ
998 1243 1277 1314 σαρωτρδν
1299 1245 1363 1296 ἐκ
1403 1244 1502 1312 τῆς
1526 1245 1697 1314 αὐτῆς
1729 1243 1961 1309 ξυλείας.

386 1335 447 1384 υἱ
485 1334 586 1402 βίοι
622 1333 730 1402 γὰρ
747 1337 863 1386 τοῖν
893 1334 1141 1403 ἀδελφοῖν
1174 1331 1314 1403 ῆσαν
1347 1337 1409 1387 ἐκ
1432 1335 1727 1404 διαμέτρου

399 1429 480 1478 Ἀἰ
493 1427 671 1496 λήλων
688 1429 1155 1497 παραλλάττοντες
1173 1430 1590 1500 ἁπειρομέτροις
1615 1431 1857 1500 μέτροις.

390 1518 556 1570 Ὅσον
589 1522 616 1569 ὁ
645 1519 745 1585 μὲν
774 1517 1056 1581 Βασίλειος
1077 1520 1177 1582 τὰς
1208 1519 1403 1588 ἡδονὰς
1434 1520 1704 1588 φαυλίσας

388 1610 636 1678 Μελέτην
668 1609 777 1662 τῶν
807 1611 1124 1680 πολεμικῶν
1155 1613 1362 1666 ἐτίθετο
1385 1615 1476 1668 τὸν
1505 1614 1640 1684 βίον,

390 1700 624 1769 Ἀνδρας
649 1700 734 1752 ἀεὶ
767 1700 1106 1770 φυλοκρινῶν
1133 1705 1424 1769 εὐΐππους,
1450 1706 1808 1777 ὁπλοφόρους,

389 1791 500 1843 Καὶ
527 1792 654 1854 τοὺς
687 1792 1152 1862 χαλκεοθὼρακας
1179 1796 1274 1848 καὶ
1296 1797 1842 1864 πολεμοστολίστους,

397 1886 457 1940 Ὀ
514 1888 925 1954 Κωνστανεῖνος
989 1892 1032 1946 δ’
1092 1891 1364 1960 ἔμπαλιν·
1425 1894 1545 1946 οὐδὲ
1610 1894 1721 1963 γὰρ
1785 1895 1968 1965 φέρων

1651 1991 1900 2063 [βλέπειν

387 2075 680 2145 Κνημίδων
714 2077 1052 2148 περισφύρια
1083 2080 1180 2132 καὶ
1207 2081 1464 2152 σιδηροῦς
1497 2083 1753 2150 χιτῶνας.

388 2169 461 2234 Οὐ
493 2168 688 2220 δοῦπον
715 2169 1138 2238 ἁρματόκτυπον
1161 2169 1379 2224 ἀκούειν
1416 2171 1515 2224 κᾶν
1539 2173 1597 2226 ἐν
1631 2171 1844 2234 ὕπνοις,

388 2257 525 2310 Οὐδὲ
550 2259 648 2326 τῆς
670 2259 716 2288 τ’
751 2259 1050 2326 σάλπιγγος
1083 2259 1210 2323 βοὰς
1237 2261 1337 2328 τῆς
1375 2261 1827 2333 πολεμιστηρίας,

390 2347 465 2399 Οὐ
501 2348 744 2414 board:
773 2350 1025 2418 ἀρεῖκὰς,
1067 2351 1127 2402 οὐ
1160 2351 1381 2405 κέλαδον
1415 2354 1744 2424 κακόθρουν.

390 2441 434 2491 Τ
441 2443 635 2509 ρυφαῖς
668 2439 960 2509 ἐσχόλαζεν
992 2443 1077 2494 ἀεὶ
1108 2446 1202 2496 καὶ
1225 2445 1484 2515 λιπαραῖς
1515 2447 1837 2517 τραπέζαις,

393 2532 502 2585 Καὶ
525 2532 768 2598 γυναιξὶν
807 2533 1098 2602 ἐπέχαιρεν
1130 2535 1389 2604 ἀσέμνοις
1409 2577 1424 2598 ,
1449 2538 1791 2608 ὀρχηστρίσι,

393 2622 697 2687 Φιλαύλοις,
732 2623 1156 2691 φιλοπαίγμοσι,
1179 2626 1728 2699 φιλοκιθαριστρίαις,

396 2717 508 2768 Καὶ
531 2714 703 2767 ταῦτα
731 2715 1126 2787 παλαιόχρονος
1160 2719 1438 2787 πέμπελος
1460 2721 1538 2773 ὢν
1565 2721 1860 2792 τριγέρων.

395 2805 588 2876 Ψυχὴν
623 2807 677 2859 δὲ
703 2808 1064 2878 δειλοκάρδιον
1091 2809 1185 2860 καὶ
1221 2810 1529 2880 τρομαλέαν
1553 2811 1693 2880 ἔχων

406 2901 539 2951 Ἀπὸ
565 2899 728 2969 ψιλῆς
753 2900 1008 2970 διαϐολῆς
1039 2902 1164 2963 τοὺς
1194 2903 1410 2964 πλείους
1443 2904 1775 2970 ἀπετύφλου,

406 2989 498 3052 Ὠς
524 2989 684 3056 δῆθεν
727 2989 1136 3058 ὑπορύττοντας
1165 2991 1348 3053 δόλους
1379 2991 1742 3054 ἀποστασίας.

394 3081 522 3134 Ἐπὶ
545 3081 664 3134 δυσὶ
690 3080 782 3135 τὸν
816 3081 929 3152 βίον
959 3081 1016 3135 δὲ
1051 3081 1292 3136 σαλεύων
1325 3082 1654 3153 θυγατράσι,

398 3323 580 3370 tamen
613 3316 714 3369 hoc
741 3314 819 3368 illi
847 3322 1056 3369 matura
1086 3325 1458 3388 provectaque
1487 3320 1597 3390 jam
1628 3329 1810 3387 aetate,
1847 3339 1973 3379 cum

397 3407 636 3476 imperio
676 3406 1076 3476 quinquaginta
1121 3408 1246 3461 totis
1289 3410 1449 3463 annis
1489 3413 1812 3479 praefuisset.
1849 3417 1978 3471 Post

396 3516 526 3562 eum
564 3499 710 3569 regia
740 3507 980 3567 potestas
1011 3499 1077 3552 ad
1105 3498 1328 3555 fratrem
1363 3501 1534 3570 ipsius
1553 3503 1975 3561 Constantinum

394 3595 640 3648 devenit.
676 3592 780 3647 Sed
825 3607 1016 3645 verum
1066 3601 1186 3646 erat.
1238 3593 1291 3646 in
1342 3593 1448 3659 hoe.
1491 3597 1718 3649 omnino
1747 3601 1976 3654 verbum

396 3687 532 3742 illud
562 3686 726 3755 vulgo
754 3686 1017 3754 iactatum
1053 3701 1066 3736 :
1115 3686 1187 3737 Ex
1228 3685 1418 3738 eadem
1450 3688 1641 3754 argilla
1679 3691 1976 3758 pellnvium

395 3791 451 3835 et
483 3779 765 3849 poculum,
805 3792 871 3831 ex
915 3777 1108 3830 eodem
1162 3778 1312 3846 ligno
1359 3793 1453 3831 vas
1507 3782 1888 3848 coquinarium
1924 3792 1980 3837 et

396 3887 598 3942 scopze.
631 3871 765 3924 Nam
807 3869 1002 3923 horum
1044 3868 1274 3922 fratrum
1303 3870 1427 3922 vitae
1457 3872 1636 3925 modis
1668 3873 1896 3929 iutinilis
1925 3886 1982 3930 et

397 3981 464 4018 ex
497 3963 767 4016 diametro
814 3959 1151 4028 pugnabant.
1184 3958 1416 4012 Basilius
1455 3963 1654 4028 spretis
1685 3964 1980 4032 voluptati-

398 4055 528 4117 bus,
557 4064 774 4105 omnem
801 4049 968 4102 vitam
1020 4048 1076 4100 in
1123 4064 1309 4102 rerum
1345 4048 1662 4103 bellicarum
1711 4055 1981 4106 exercita-

397 4146 550 4196 tione
594 4139 974 4202 consumebat,
1021 4139 1170 4192 viros
1207 4148 1512 4207 equestres,
1550 4151 1812 4206 armatos,
1848 4145 1980 4198 lori-

396 4245 573 4298 catos,
595 4232 662 4286 ad
689 4231 893 4285 bellqu
920 4237 1263 4297 comparatos
1291 4231 1469 4299 magni
1494 4245 1711 4300 semper
1739 4233 1980 4298 faciens;

398 4340 468 4379 ex
498 4325 716 4374 diverso
747 4319 1142 4375 Constantinus
1176 4317 1449 4372 tibialium
1479 4319 1714 4372 calcaria
1747 4337 1869 4374 eum
1904 4331 1986 4375 tu-

400 4414 544 4468 nicis
573 4428 640 4466 ne
669 4411 920 4480 aspicere
946 4409 1166 4478 quidem
1191 4409 1522 4474 sustinebat,
1547 4425 1811 4465 curruum
1844 4424 1986 4467 stre-

1479 409 1983 470 COMPENDIUM
2027 410 2503 474 CHRONICUM.

3537 407 3643 469 446

1991 525 2034 576 Α
2071 523 2178 574 Καὶ
2201 526 2337 590 πρός
2365 543 2526 578 τινων
2554 523 2887 594 ἐκδιδαχθεὶς
2916 526 2991 587 ὡς
3028 525 3147 592 μετ’
3173 525 3336 576 αὐτὸν
3363 522 3422 573 τὸ
3446 522 3646 588 κράτος

2063 615 2155 676 Εἰς
2202 615 2481 686 Ῥωμανὸν
2520 619 2850 686 φοιτήσειεν,
2881 616 2978 668 ἕνα
3026 615 3133 667 τῶν
3176 615 3276 684 τῆς
3307 612 3641 682 συγκλήτου,

2062 707 2322 777 Ἐπίκλην
2351 710 2810 779 Ἀργυρόπουλον,
2843 707 3085 779 βιάζεται
3111 707 3202 759 τὸν
3235 705 3404 773 ἄνδρα

2062 801 2176 869 Τὴν
2207 800 2398 869 ἄλοχον
2432 801 2526 856 καὶ
2559 802 2806 870 γαμετὴν
2828 801 2928 869 τὴν
2953 801 3083 870 πρὶν
3111 796 3484 851 ἀποϐαλέσθαι

2063 895 2175 947 Καὶ
2207 895 2505 962 συξυγῆναι
2553 896 2620 962 τῇ
2674 896 2795 965 Ζωῇ
2827 895 2892 962 τῇ
2943 891 3502 962 πορφυροόλαστήτῳ.

2067 987 2176 1037 Καὶ
2213 985 2384 1037 ταῦτα
2409 985 2726 1052 διαθέμενος
2760 984 3080 1052 μεθίσταται
3118 980 3214 1033 τοῦ
3249 981 3362 1051 βίου
3385 1022 3398 1043 ,

2074 1077 2264 1146 Βραχὺ
2297 1079 2397 1143 τῆς
2433 1076 2835 1144 αὐτοκράτορος
2867 1073 3044 1142 ἀρχῆς
3091 1073 3545 1140 παραπολαῦσαςς

2064 1167 2176 1220 Καὶ
2224 1167 2448 1236 χρόνους
2492 1165 2586 1218 δύο
2635 1165 2901 1234 μόναρχος
2927 1163 3153 1231 δειχθεὶς
3190 1162 3645 1230 Αὖσονοκράτωρ.

2138 1261 2248 1311 Καὶ
2285 1258 2563 1327 Ῥωμανδς
2597 1256 2898 1324 ἐγκάθηται
2928 1257 3040 1314 τοῖς
3073 1253 3364 1323 βασιλείοις
3415 1253 3644 1323 θρόνοις,

2080 1350 2247 1416 Ἀνὴρ
2277 1348 2462 1416 σοφὸς,
2495 1347 2774 1417 θεοσεϐὴς,
2797 1343 3114 1414 ἐμμελετῶν
3143 1347 3255 1406 τοῖς
3289 1343 3454 1406 θείοις

2071 1442 2180 1495 Καὶ
2199 1440 2403 1510 βίϐλοις
2430 1441 2637 1510 χαίρων
2672 1440 2737 1492 τὰ
2759 1438 2928 1491 πολλὰ
2957 1439 3047 1490 καὶ
3067 1437 3287 1488 στάσεσι
3317 1434 3611 1503 παννύχοις
3631 1450 3645 1465 ο

2075 1533 2171 1594 “Oc
2200 1532 2340 1599 ἄγειν
2375 1529 2804 1600 μεγαλοπρεπῶς
2834 1530 2899 1598 τῇ
2935 1527 3180 1595 θεοτδκῳ
3217 1527 3372 1596 Κόρῃ

2070 1622 2470 1692 Ἀνεδομήσατο
2513 1620 2681 1689 μονὴν
2783 1619 3148 1687 Περίῦλεπτος
3191 1617 3403 1685 κλῆσις.

2071 1713 2182 1766 Καὶ
2208 1712 2388 1765 τοίνυν
2421 1713 2454 1779 ἡ
2494 1711 2781 1781 βασίλισσα
2812 1708 3026 1778 νεότητι
3053 1706 3340 1776 σφριγῶσα

2073 1805 2182 1859 Καὶ
2221 1804 2558 1872 σφαδασμοῖς
2582 1803 2916 1870 σωματικοῖς
2947 1797 3508 1869 περιθερμαινομένη,

2075 1900 2185 1952 Καὶ
2211 1899 2483 1968 βλέπουσα
2513 1896 2602 1948 τὸν
2643 1895 2923 1963 Ῥωμανδν
2948 1893 3071 1946 καθ’
3107 1892 3295 1944 ἑαυτὸν
3326 1891 3546 1961 βιοῦντα

2075 1990 2189 2044 Καὶ
2221 1989 2355 2060 μηδὲ
2394 1987 2834 2058 μιμνησκόμενον
2874 1985 2948 2048 ὡς
2971 1985 3177 2037 δέδεται
3201 1983 3404 2053 γυναίῳ

2077 2086 2187 2138 Καὶ
2219 2081 2490 2151 συνοικοίη
2525 2080 2768 2147 γυναικὶ,
2799 2077 3093 2131 καὶταῦτα
3119 2077 3409 2146 νεαζούσῃ,

2075 2176 2313 2238 Φαύλαις
2341 2174 2452 2226 τισὶ
2478 2171 2573 2224 καὶ
2604 2170 2861 2238 σοϐαροῖς
2875 2170 2919 2200 ⁸ο
2979 2169 3210 2231 ἐννοίαις
3250 2167 3510 2223 ἐσοϐεἴτο.

2077 2262 2184 2319 Ἦν
2207 2266 2261 2318 δέ
2293 2282 2374 2326 τις
2411 2260 2838 2330 καλοπρόσωπος
2870 2257 3098 2318 εῠοπτος
3124 2257 3346 2317 νεανίας
3369 2275 3383 2288 ·

2082 2360 2296 2426 Ὀνομα
2324 2354 2498 2423 τούτῳ
2534 2353 2774 2422 Μιχαὴλ,
2806 2351 2960 2419 γένος
2984 2351 3047 2401 ἐκ
3072 2347 3465 2414 Παφλαγόνων.

2078 2447 2303 2514 Ἐκείνῳ
2334 2444 2398 2515 δὴ
2430 2444 2509 2514 τῷ
2542 2443 2763 2511 Μιχαὴλ
2792 2441 2870 2510 τῷ
2902 2439 3374 2510 χαριτοελεφάρῳ,
3479 2425 3486 2432 ’

2079 2539 2201 2592 Τῶν
2228 2537 2543 2604 ἀνακτόρων
2570 2537 2689 2596 ταῖς
2722 2533 2911 2595 αὐλαῖς
2943 2528 3527 2599 ὲμπεριστρεφομένιι),

2090 2633 2154 2683 'Il
2191 2630 2399 2698 βασιλὶς
2425 2626 2686 2696 ἐρωτικὸν
2709 2623 3047 2677 ἐπιϐαλοῦσα
3090 2623 3306 2692 βλέμμα
3589 2677 3602 2700 ι

2082 2725 2194 2776 Καὶ
2226 2721 2317 2774 τοῦ
2349 2719 2644 2790 προσώπου
2682 2719 2781 2776 τὰς
2815 2718 2990 2783 αὐγὰς
3025 2715 3208 2768 ἰδοῦσα
3251 2717 3344 2768 καὶ
3374 2715 3434 2766 eo
3463 2714 3658 2774 κάλλος

2083 2811 2215 2880 (Ἶιν
2240 2812 2348 2881 γὰρ
2390 2810 2883 2880 τρυφεροπὰρειος,
2935 2806 3364 2877 εὖχρούστατος,
3420 2804 3653 2875 χαρίεις,

2083 2903 2456 2966 Κατὰλευκος,
2494 2901 2806 2970 ὲξὲρυθρος,
2837 2900 3038 2969 ἔρωτος
3072 2897 3284 2958 στάζων
3316 2896 3562 2968 δρῦσους)

2082 2996 2398 3068 Ἐρωτικῶς
2433 2995 2712 3065 ἐμίγνυτο,
2745 2995 2839 3044 καὶ
2880 2989 3120 3061 συνεχῶς
3152 2989 3354 3060 ἐτρύγα

2096 3092 2193 3144 Ἐκ
2218 3090 2326 3142 τῶν
2351 3087 2662 3160 προσώπων
2688 3084 2905 3156 Μιχαὴλ
2928 3083 2994 3136 τὰ
3015 3084 3122 3135 τῶν
3152 3081 3388 3152 χαρῖτων
3412 3079 3558 3150 ῥόδα.

3340 3205 3496 3259 Vers.
3523 3204 3665 3258 61³80

2085 3323 2379 3396 quemdam
2412 3318 2624 3376 ordinis
2659 3315 2924 3373 senatorii
2956 3316 3159 3378 virum,
3183 3312 3270 3366 eui
3298 3327 3496 3366 nomen
3523 3321 3667 3365 esset

2087 3420 2402 3480 Romanus,
2450 3420 2872 3483 cognomentum
2908 3407 3304 3478 Argyropulus,
3338 3405 3665 3473 potiturum,

2087 3507 2140 3560 vi
2167 3506 2440 3560 hominem
2476 3501 2656 3572 adegit
2681 3511 2740 3556 ut
2775 3513 2942 3553 uxore
2966 3498 3141 3568 prima
3176 3495 3488 3564 repudiata,
3521 3493 3665 3546 Zoeu

2089 3599 2257 3652 ﬁliam
2308 3611 2462 3650 suam
2521 3595 2574 3646 in
2626 3607 2870 3662 purpura
2921 3597 3104 3642 natam
3157 3587 3513 3640 matrimonio
3561 3583 3667 3637 sibi

2082 3695 2356 3764 jungerct.
2399 3689 2580 3773 Atque
2611 3686 2698 3740 his
2728 3686 2798 3739 ita
2835 3682 3146 3739 constitutis
3162 3691 3217 3735 et
3252 3678 3548 3741 ordinatis,
3587 3677 3670 3730 vi-

2091 3795 2198 3840 tam
2232 3799 2357 3838 cum
2405 3772 2582 3834 morte
2628 3776 3004 3840 commutavit,
3039 3789 3163 3830 cum
3199 3772 3500 3842 perpusillo
3532 3778 3672 3825 lem—

2086 3892 2245 3946 pore,
2280 3875 2396 3928 solo
2427 3871 2688 3925 nimirum
2716 3867 2964 3931 biennio,
2997 3865 3162 3918 rebus
3195 3863 3526 3932 prmfulsset.

2160 3967 2291 4021 lude
2331 3965 2610 4018 Romanus
2656 3961 2708 4012 in
2759 3957 2896 4011 solio
2933 3954 3082 4025 regio
3111 3955 3436 4016 collocatur,
3468 3952 3550 4004 vir
3584 3966 3669 4005 sa-

2090 4059 2266 4128 piens,
2293 4055 2600 4123 religiosus,
2636 4049 2848 4103 divinas
2878 4062 2964 4100 res
2995 4044 3239 4104 studiose
3272 4041 3668 4111 pervestigaus,

2090 4149 2249 4204 libris
2287 4147 2609 4216 plerumque
2639 4156 2696 4195 se
2728 4138 3030 4201 oblectans,
3071 4144 3127 4189 et
3160 4131 3448 4188 nocturnis
3478 4131 3670 4186 statio-

2092 4241 2276 4294 nibus.
2307 4235 2516 4305 Virgini
2567 4234 2815 4300 Deiparaa
2854 4229 3144 4285 delubrum
3192 4223 3669 4295 magniﬁcentissi-

2093 4346 2242 4384 mum
2271 4326 2561 4388 exstruxit,
2592 4322 2738 4393 quod
2759 4321 3082 4390 Periblepta:
3116 4318 3230 4372 sive
3262 4314 3673 4386 spectatissima:

2096 4424 2360 4491 terriplum
2412 4426 2758 4486 nuncupant.
2810 4414 3082 4468 Cmterum
3137 4408 3460 4480 imperatrlx
3511 4414 3674 4460 mtate

403 4508 554 4602 pilus
589 4519 656 4558 ne
682 4519 778 4573 per
805 4517 1059 4557 somnum
1091 4501 1564 4602 quidem-audire.
1595 4502 1804 4558 bellica:
1840 4505 1985 4560 tubae
2019 4547 2062 4602 υ
2095 4518 2285 4586 vigens
2332 4523 2387 4568 et
2435 4509 2832 4566 tentationibus
2879 4505 3162 4572 corporeis
3215 4502 3576 4559 incalesceus,
3610 4513 3674 4552 ac

403 4600 714 4666 clangores,
747 4609 911 4648 voces
939 4603 995 4647 et
1023 4593 1290 4647 tumultus
1316 4593 1539 4647 Martios
1574 4594 1718 4649 ferre
1751 4612 1858 4649 non
1896 4613 1988 4665 po-

404 4699 563 4751 terat,
588 4687 745 4756 123
785 4685 1161 4754 voluptatibus
1186 4685 1461 4753 lautisque
1491 4687 1698 4740 mensis
1724 4698 1989 4756 perpetuo

403 4782 646 4845 deditus,
675 4795 738 4842 ac
775 4777 1198 4833 delectationem
1233 4777 1458 4844 capiens
1486 4791 1554 4829 ex
1582 4777 1986 4834 consuetudine

406 4873 809 4944 impudiearum
858 4869 1334 4930 muliercularum,
1388 4871 1754 4936 saltatricum,
1811 4871 1988 4926 tibici-

406 4980 624 5024 uarum,
661 4962 1047 5021 ridicularum,
1077 4957 1564 5020 citharistriarum,
1617 4962 1833 5014 tametsi
1876 4963 1987 5031 jam

404 5055 725 5125 decrepitus
771 5069 940 5108 senex
995 5051 1155 5105 foret.
1203 5051 1353 5104 Idem
1405 5049 1768 5107 formidoloso
1817 5053 1986 5108 corde

410 5149 676 5222 prmditus
705 5145 853 5201 nuda
886 5151 942 5198 et
977 5143 1081 5196 levi
1115 5141 1440 5210 plerumque
1466 5143 1742 5196 calumnia
1777 5146 1990 5213 perpel-

408 5243 629 5297 lebatnr
683 5247 744 5292 ut
790 5236 1101 5305 complures
1154 5233 1335 5287 oculis
1401 5233 1664 5301 spoliaret
1727 5244 1984 5305 tanquam

405 5331 631 5386 fraudes
681 5327 1008 5383 defectionis
1053 5323 1268 5378 occulte
1322 5331 1619 5378 struentes.
1654 5323 1794 5378 Cum
1847 5325 1985 5379 tilias

407 5433 623 5479 tantum
656 5421 796 5476 duas
829 5418 1056 5473 haberet
1079 5416 1259 5484 deque
1289 5415 1396 5468 illis
1423 5414 1694 5470 sollicitus
1721 5426 1891 5482 esset,
1921 5433 1985 5473 ac

404 5516 652 5592 monitus
698 5527 729 5566 τι
774 5509 1102 5580 quibusdam
1155 5506 1303 5560 foret-
1344 5505 1579 5574 imperio
1630 5517 1759 5576 post:
1808 5509 1987 5577 ipsum

2093 4609 2398 4662 Ronmuum
2444 4603 2652 4670 interea
2679 4601 2872 4654 videns
2907 4598 3022 4651 suis
3066 4597 3336 4648 intentum
3373 4591 3538 4644 rebus
3590 4588 3672 4640 vi-

2087 4716 2242 4760 vere,
2274 4697 2368 4767 qui
2403 4695 2622 4750 mulieri
2659 4710 2717 4748 se
2743 4695 2996 4762 junctum
3031 4704 3138 4740 nou
3173 4683 3585 4742 recordarctur,
3617 4690 3674 4732 et

2087 4791 2310 4860 quidem
2354 4786 2566 4857 juvenl,
2602 4784 2788 4854 pravis
2817 4790 2872 4835 et
2903 4779 3172 4847 improbis
3203 4773 3534 4844 quibusdam
3582 4787 3675 4824 co-

2085 4879 2444 4951 gitationibus
2472 4877 2608 4929 mire
2644 4870 3100 4926 discruciabatnr.
3142 4867 3271 4920 Erat
3317 4874 3500 4917 autem
3551 4861 3676 4930 qui-

2086 4973 2210 5043 dam
2239 4969 2558 5023 adolescens
2589 4964 2762 5018 forma
2792 4967 3021 5014 venusta
3051 4968 3106 5012 et
3136 4947 3667 5025 elegante,'nomiue

2090 5061 2413 5121 Michaelus,
2453 5054 2628 5126 patria
2652 5051 2950 5121 Paphlago,
2982 5049 3036 5102 in
3067 5062 3229 5117 quem
3266 5054 3575 5098 versantem
3609 5047 3664 5096 in

2090 5153 2213 5206 aula
2253 5147 2517 5220 conjectis
2574 5143 2895 5214 impcratrix
2947 5140 3145 5204 oculis,
3182 5137 3678 5204 animadversoquc

2090 5242 2275 5294 vultus
2302 5237 2594 5308 splendore
2623 5249 2686 5287 ac
2714 5231 2888 5301 gratia
2921 5229 3126 5297 (genas
3175 5225 3322 5279 enim
3352 5222 3680 5277 delicatulas

2087 5341 2142 5387 et
2173 5341 2388 5386 teneras
2416 5327 2675 5388 habebat,
2706 5323 2888 5376 colore
2924 5319 3184 5389 praeditus
3227 5315 3457 5386 optimo,
3503 5328 3681 5366 venu-

2090 5433 2228 5484 stus,
2255 5430 2379 5476 cute
2407 5418 2660 5480 candida,
2692 5412 3054 5475 rubicundus,
3090 5425 3276 5464 meros
3325 5406 3529 5462 amoris
3581 5418 3672 5454 ro-

2094 5531 2182 5569 res
2212 5513 2445 5584 stillans)
2477 5527 2585 5566 non
2616 5511 2794 5565 solum
2843 5503 3256 5567 cxardescehat,
3288 5512 3479 5556 verum
3513 5494 3677 5549 etiam

1761 5669 1960 5730 Varia-
2016 5669 2345 5731 lectiones.

487 5823 535 5856 "
567 5821 726 5879 Hunc
750 5839 961 5879 t'ersttm
987 5840 1095 5878 om.
1123 5824 1184 5890 ιι.
1264 5825 1308 5855 ⁷⁸
1348 5821 1664 5890 imam-na;
1695 5819 1758 5873 ll.

1838 5823 1878 5850 ⁷⁵
1907 5820 1999 5883 τὶς
2031 5821 2095 5876 li.

2195 5821 2244 5866 ⁸ο.
2276 5819 2408 5887 μοί]
2426 5821 2568 5884 apol,
2602 5815 2661 5868 li.
