4072 6472
386 433 491 495 M7

390 552 501 604 Καὶ
530 550 595 619 δή
628 563 758 600 ποτε
794 545 870 615 τῷ
907 540 1170 612 Ῥωμανῴ
1196 539 1273 608 τῷ
1300 535 1511 607 βασιλεῖ
1539 536 1637 606 τὴν
1663 535 1842 604 σάρκα

394 639 824 710 Ψυχαγωγοῦντι
853 638 967 699 τοῖς
994 634 1240 702 λουτροῖς
1274 630 1368 683 καὶ
1398 626 1889 696 παραμυθουμένῳ

394 732 623 800 ’Ἄνδρες
651 729 796 791 τινὲς
823 726 1175 797 χαιρομυσείς
1195 723 1239 754 ⁸¹
1271 723 1468 789 φονίως
1496 718 1827 800 ἐμπεσόντες

405 797 773 892 Ἀπάγχουσιν
820 820 895 882 ὡς
937 818 1232 888 δράκοντες
1266 815 1537 885 ιμφύντες
1577 797 1656 882 te];
1682 807 1961 878 τραχήλῳ,

396 918 509 968 Οὐκ
533 912 651 967 οἶδα
682 912 799 974 πῶς
827 912 908 974 εἰς
938 912 1000 963 τὸ
1034 907 1259 978 κακὸνῆ
1297 907 1466 960 πόθεν
1501 901 1892 973 προαχθέντες,

397 1007 529 1071 Εἶθ’,
562 1005 637 1067 ὥς
684 1020 840 1072 φασι,
866 1002 962 1055 καὶ
1016 1002 1115 1071 τῆς
1147 1000 1302 1069 Ζωῆς
1354 999 1433 1059 είς
1465 997 1624 1050 τοῦτο
1678 992 1969 1061 συμπρατέ

1577 1084 1795 1157 [τούσης
1825 1084 1895 1147 δ’,

399 1185 467 1238 ἸΙ
504 1185 808 1248 συνειδυίας
842 1182 1108 1253 μηδαμῶς
1139 1180 1282 1253 (οὐδὲ
1305 1179 1415 1248 γὰρ
1441 1177 1551 1245 ἔχω
1580 1175 1806 1241 λέγειν),

404 1280 540 1347 Ἐτη
566 1279 625 1332 δὲ
656 1277 816 1330 πέντε
847 1277 1021 1345 ἥμισυ
1058 1273 1411 1344 κρατήσαντα
1456 1266 1825 1337 Ῥωμαίων⁸³.

399 1370 639 1439 Τοιούτῳ
667 1368 851 1438 τρόπῳ
888 1368 987 1428 τῆς
1014 1365 1191 1434 ἀρχῆς
1223 1362 1547 1433 μεθίσταται
1582 1360 1679 1412 καὶ
1708 1357 1850 1426 βίον.

470 1462 514 1514 Τ
515 1461 579 1513 οὖ
618 1456 899 1528 Ῥωμανοῦ
924 1457 980 1509 δὲ
1009 1457 1109 1525 τὴν
1131 1454 1277 1523 ζωὴν
1300 1455 1397 1522 τὴν
1421 1452 1572 1505 κάτω
1594 1447 1903 1509 λελοιπότος

411 1553 473 1605 '0
497 1549 716 1620 Μιχαὴλ
741 1548 1039 1618 ἀρχηγετεῖ
1074 1544 1169 1599 καὶ
1192 1544 1484 1612 δράττεται
1522 1540 1631 1594 τῶν
1656 1539 1973 1608 σκήπτρων,

411 1641 472 1693 'U
502 1640 605 1711 πρὸ
639 1637 870 1709 βραχέος
902 1635 1141 1703 ἀφανὴς,
1170 1633 1200 1685 ὁ
1235 1631 1489 1693 ταπεινὸς
1517 1628 1595 1698 τῷ
1619 1628 1801 1696 γένει,

403 1731 604 1783 Τοῦτον
641 1728 832 1796 μισθὸν
862 1724 1164 1794 εὑράμενος
1190 1723 1301 1776 τῶν
1333 1722 1610 1791 μοιχιδίων
1640 1720 1903 1788 λέκτρων.

402 1816 512 1872 Ἷιν
533 1819 589 1871 δὲ
618 1818 776 1879 καλὸς
803 1818 831 1869 ὁ
851 1814 1071 1884 Μιχαὴλ
1102 1814 1163 1865 οὐ
1199 1812 1359 1881 μόνον
1390 1812 1467 1879 τῷ
1497 1808 1800 1881 προσώπῳ,

405 1906 548 1961 Ἀλλ’
580 1906 791 1976 ἔλαμπε
830 1905 923 1957 καὶ
955 1905 1173 1973 χάρισιν
1202 1901 1269 1964 ἃς
1293 1899 1493 1970 ἀρεταὶ
1515 1898 1766 1966 γεννῶσι,

406 2001 472 2051 Ai
502 1998 603 2064 τῆς
623 1997 801 2066 ψυχῆς
833 1995 1168 2064 στολίστριαι
1200 1994 1296 2046 καὶ
1323 1991 1418 2045 τοῦ
1446 1993 1565 2053 νοὸς
1590 1987 1895 2057 λαμπάδες.

408 2088 587 2140 Συνίει
614 2087 722 2157 γὰρ
744 2085 819 2149 ὡς
846 2084 1068 2148 συνετὸς
1098 2085 1194 2137 καὶ
1222 2083 1345 2138 καθ’
1374 2082 1538 2136 αὑτὸν
1566 2080 1791 2134 ἐσκόπει

408 2176 499 2242 Ἐξ
518 2178 635 2241 οἵας
667 2178 1051 2245 ταπειννὲτητος
1081 2176 1220 2245 ἐπτη
1248 2175 1383 2242 πρὸς
1415 2172 1716 2243 βασιλείαν,

408 2272 502 2334 Ἐξ
524 2272 644 2333 οἵας
675 2270 772 2339 τῆς
801 2268 1137 2337 φαυλότητος
1162 2269 1242 2330 εἰς
1265 2262 1376 2321 οἷον
1403 2265 1533 2334 ὕψος
1564 2264 1706 2336 ἧρθη
1723 2262 1790 2329 ⁸⁸,

422 2359 703 2414 ἙντεῦΊεν
731 2355 800 2429 ἦν
822 2359 1189 2420 εὐέντευκτος.
1222 2356 1447 2424 ἄτυφος,
1481 2356 1845 2426 μετριόφρων,

415 2448 814 2517 Καμπτόμενος
861 2449 941 2511 είς
988 2446 1162 2512 ἔλεον,
1195 2444 1482 2512 οἰκτείρων
1518 2443 1986 2515 δυσπραγοῦντας,

414 2538 778 2605 Ψυγαγωγῶν
803 2539 928 2600 τοὺς
960 2537 1176 2598 ἐνδεεῖς,
1211 2535 1438 2599 ὀλϐίζων
1473 2535 1599 2598 τοὺς
1622 2536 1885 2606 άπρρονς,

415 2631 527 2683 Καὶ⁵
555 2631 680 2693 τοὺς
709 2630 881 2700 ψυγέν
893 2649 980 2694 τας
1010 2630 1089 2700 τῷ
1117 2629 1275 2698 κακῷ
1311 2629 1386 2698 τῷ
1407 2628 1505 2698 τῆς
1537 2628 1888 2698 ἀχρηματίας

427 2719 715 2784 Ἀναζωῶν
749 2724 842 2774 καὶ
866 2722 1136 2792 ζωπυρῶν
1170 2722 1260 2775 καὶ⁵
1295 2720 1578 2790 συντηρῶν
1605 2719 1701 2772 καὶ
1749 2718 1989 2786 θάλπων,

416 2812 527 2866 Καὶ
554 2814 966 2883 χρυσορείθροις
997 2813 1235 2882 νάμασιν
1265 2813 1508 2883 ἀρδεύων
1536 2810 1657 2870 τοὺς
1697 2810 1992 2880 διψῶντας.

416 2902 607 2964 Οὐδεὶς
636 2901 798 2955 αὑτὸν
831 2902 1104 2972 θεώμενος
1131 2900 1300 2972 ἀπῄει
1343 2900 1680 2970 δακρυχέων,

416 2993 606 3055 Οὐδεὶς
626 2992 682 3045 δὲ
707 2991 1053 3062 λιτκζὸμενος
1072 2990 1244 3063 ᾤχετο
1260 2992 1613 3064 σχετλιάζων.

430 3081 594 3138 Ἀλλὰ
613 3083 720 3155 γὰρ
748 3083 1118 3156 ἑσπαράττετο
1146 3083 1287 3153 νόσῳ
1316 3082 1731 3154 δυσφορωτάτῃ,

423 3330 549 3371 cum
598 3327 666 3367 eo
712 3309 1169 3367 consuetudinem
1225 3310 1480 3373 habebat,
1529 3319 1585 3364 et
1633 3311 1825 3367 oculos
1870 3328 1998 3369 suos

422 3406 713 3475 frequente
740 3402 990 3458 Michaeli
1025 3404 1272 3457 contuitu
1306 3418 1531 3473 pascere
1576 3404 1810 3460 solebat.
1853 3405 1998 3460 Tan-

423 3498 548 3553 dem
581 3494 879 3565 aliquando
910 3494 1217 3549 Romanum
1268 3496 1657 3565 imperatorem
1698 3495 1911 3552 balneis
1940 3512 1999 3553 se

425 3596 773 3644 recreantem
800 3602 865 3641 ac
894 3586 1168 3641 foventem
1200 3585 1379 3641 adorti
1405 3588 1507 3641 viri
1535 3587 1759 3659 quidam
1793 3588 2000 3644 facino-

425 3680 562 3741 rosi,
590 3677 915 3732 ’draconum
961 3675 1069 3731 ritu
1113 3675 1315 3731 collum
1368 3676 1488 3747 ejus
1539 3676 1997 3748 constringentes,

426 3768 793 3833 sull‘ocarunt,
816 3770 1086 3824 incertum
1115 3783 1227 3837 quo
1260 3778 1419 3838 pacto
1443 3781 1498 3824 et
1522 3771 1618 3837 per
1642 3784 1781 3838 quos
1801 3769 1868 3823 ad
1896 3769 2001 3825 hoc

426 3862 608 3918 scelus
638 3860 879 3931 impulsi,
912 3853 998 3940 vel
1027 3845 1327 3925 annuente,
1360 3876 1465 3916 ceu
1486 3862 1649 3932 vulgo
1683 3862 1998 3931 perhibent,

425 3951 557 4020 Zoe,
586 3952 673 4007 vel
722 3968 949 4022 prorsus
986 3953 1213 4020 ignara;
1270 3952 1408 4008 nihil
1428 3940 1583 4007 enim
1617 3953 1707 4008 hic
1736 3953 1882 4023 quod
1916 3953 2002 4008 di-

427 4059 547 4098 cam
598 4044 798 4101 habeo.
847 4044 941 4101 Sic
986 4045 1075 4100 ille
1104 4044 1273 4099 vitam
1314 4053 1372 4099 et
1419 4043 1710 4114 imperium
1757 4045 2002 4115 reliquit,

429 4137 593 4192 annis
621 4151 689 4191 eo
721 4135 968 4207 quinque
998 4151 1123 4191 cum
1152 4152 1247 4191 sex
1277 4135 1563 4191 mensibus
1596 4136 1826 4205 potitus.

496 4227 780 4282 Exstincto
810 4227 1083 4292 Romano,
1114 4226 1413 4282 hlicbaelus
1458 4227 1730 4296 imperare
1766 4227 2002 4298 occepit,

428 4319 591 4388 paulo
619 4324 745 4370 ante
775 4316 1045 4371 obscurus
1073 4315 1143 4370 ob
1177 4316 1396 4386 generis
1426 4316 1821 4380 humilitatem,
1855 4332 2005 4371 mer-

428 4409 619 4461 cedem
668 4407 811 4461 ltanc
862 4406 1078 4461 furtiva:
1127 4407 1544 4461 consuetudinis
1593 4416 1807 4463 nactus.
1846 4407 2007 4480 124

1521 413 2032 479 CONSTANTINI
2073 406 2452 472 MANASSIS

1991 535 2038 589 Α
2077 527 2165 590 Ὠς
2194 528 2221 578 ὁ
2246 520 2418 578 Σαοὺλ
2450 517 2528 588 τῷ
2556 513 2778 584 πονηρῷ
2814 507 3034 578 πνιγμῇ
3065 505 3160 558 τοῦ
3194 500 3499 571 δαιμονίου.

2022 3188 2069 3250 σ

3534 379 3638 443 448

2066 619 2174 674 Καὶ
2199 612 2467 686 τὴνξζωὴν
2494 607 2799 664 κατὼδυνον
2830 600 2947 672 εἶχε
2982 600 3078 654 καὶ
3103 592 3431 686 κινδυνώδη.

2065 706 2175 761 Εἶτ’
2210 678 2527 758 οθνῄὑλαγίων
2555 699 2620 752 εκ
2647 692 2909 766 βρασμῶν
2929 687 3085 744 Θολού
3095 701 3257 758 μενος
3286 683 3384 738 καὶ
3411 678 3647 735 πίπτων.

2066 794 2190 848 Εἴτε
2224 792 2382 862 βιαίῳ
2411 788 2644 855 κολαστῇ
2672 783 2889 853 δαίμονι
2919 774 3342 850 προσπαλαίων.

2068 884 2334 946 Πολλάκις
2360 882 2470 950 γάρ
2500 894 2584 931 τοι
2616 874 2756 930 κατὰ
2778 874 2880 943 γῆς
2915 871 3133 940 ἄφωνος
3170 865 3504 940 ἑρριπτεῐτο,

2079 976 2277 1047 ’Δφρδν
2305 972 2453 1043 ἱμῶν
2479 968 2575 1023 τοῦ
2616 968 2906 1038 στόματος,
2946 962 3124 1016 σίιλον
3144 960 3191 992 ⁸⁵
3224 957 3573 1021 ἀποϐλύζων,

2069 1070 2151 1122 Τὰ
2177 1067 2330 1139 χείλη
2365 1054 2776 1135 μελαινόμενος,
2811 1056 2911 1119 τὶς
2951 1054 3119 1125 κόρας
3150 1050 3520 1120 διαστρέφων,

2069 1161 2314 1229 asa-ns;
2330 1155 2507 1227 προπᾶ
2515 1170 2671 1224 μπων
2685 1152 2746 1204 δυ
2755 1150 2959 1220 ηχεῖς,
2974 1146 3241 1216 ἀσήμους,
3260 1138 3655 1213 προῦατώδεις,

2070 1251 2188 1307 Κᾶν
2232 1249 2306 1320 μή
2329 1264 2469 1301 τινες
2495 1244 2766 1313 ἐντύχοιεν
2787 1235 3146 1308 ἀρήγοντες⁸⁶
3179 1233 3258 1303 τῷ
3288 1232 3472 1295 πάθει,

2073 1335 2517 1410 Τειχοκρουστῶν
2548 1335 2650 1402 τὴν
2674 1328 2922 1398 κεφαλὴν
2947 1327 3204 1395 καθάπερ
3232 1321 3547 1393 ἀλλοτρίαν.

2087 1430 2222 1485 Ἀπὸ
2246 1426 2486 1483 τοιούτου
2514 1424 2806 1492 πτώματος
2833 1418 3094 1480 πολλάκις
3120 1413 3441 1484 ἀνασφήλας

2075 1521 2420 1592 Θερμότερος
2451 1517 2668 1584 ἐγένετο
2694 1513 2796 1582 τῆς
2824 1510 3027 1580 ἀρετῆς
3055 1508 3317 1579 ἐργάτης,

2076 1613 2188 1666 Καὶ
2224 1610 2384 1662 πλέον
2407 1605 2707 1676 ἐπεμέλετο
2726 1602 2825 1670 τῆς
2860 1600 3008 1653 ἔνδον
3037 1596 3278 1661 εὐεξίας,

2075 1706 2192 1763 Καὶ
2218 1707 2317 1779 τὴν
2348 1703 2681 1775 μονάστριαν
2718 1696 2865 1767 ζωὴν
2897 1694 3100 1765 μᾶλλον
3130 1690 3454 1762 ὑπερεδίψα.

2077 1817 2262 1876 ἾῙσαν
2284 1818 2332 1871 δ’
2355 1814 2505 1884 αὐτῷ
2524 1809 2849 1878 ταυτόαιμοι
2871 1807 2977 1860 κάκ
2997 1803 3107 1859 τῶν
3123 1803 3304 1857 αὐτῶν
3328 1801 3662 1871 σπερμάτων

2085 1908 2309 1978 ’Ἄνδρες
2334 1899 2701 1974 φαυλότροποί
2729 1912 2907 1980 τινες,
2934 1894 3177 1964 κηφῆνες
3206 1891 3589 1962 ἁρπακτῆρες,

2084 1998 2397 2069 Ἄνθρωποι
2425 1993 2827 2059 δυσανάγωγοι,
2860 1986 3179 2058 κτηνὼδεις,
3213 1984 3535 2052 κακοήθεις,

2082 2092 2192 2146 Καὶ
2214 2090 2267 2143 τί
2304 2088 2409 2158 γὰρ
2431 2087 2482 2139 οἱ
2510 2084 2934 2155 βουθρέμμονες,
2960 2077 3224 2148 χοιρόῆιοι
3244 2116 3259 2139 ,
3291 2073 3556 2145 βονζύγαι
3575 2113 3592 2137 ,

2088 2183 2315 2252 Ἄνδρες
2360 2176 2939 2250 προῦατοθρέμμονςς,
2969 2170 3268 2234 ἀπάξοντες
3296 2166 3392 2221 τοῦ
3432 2166 3665 2235 γράσον,

2086 2274 2200 2329 Καὶ
2229 2272 2621 2343 πρινοκάρπων
2642 2265 2965 2337 φροντισταὶ
2989 2264 3086 2316 καὶ
3111 2261 3220 2314 τῶν
3247 2258 3626 2331 δρυοϐαλάνων
3649 2273 3667 2322 ;

2089 2362 2359 2419 Τοιούτων
2376 2358 2472 2414 οὖν
2495 2358 2605 2411 τῶν
2630 2354 2876 2424 ἀδελφῶν
2908 2353 3082 2406 ὄντων
3105 2351 3202 2404 τοῦ
3234 2349 3502 2420 βασιλέως

2088 2458 2209 2512 Κάν
2237 2456 2352 2516 τοῖς
2379 2452 2569 2514 κακοῖς
2599 2446 2915 2518 ἐπρώτευεν
2943 2447 2973 2500 δ
3007 2444 3103 2499 καλ⁵
3138 2442 3218 2515 τῷ
3245 2442 3393 2512 γένει
3428 2442 3671 2510 πρῶτος,

2104 2542 2543 2614 Ἐκτετμημένος
2575 2540 2683 2611 πρὸ
2726 2534 2940 2609 μακροῦ
2993 2535 3121 2599 τοὺς
3167 2532 3533 2600 παιδουργοὺς
3575 2546 3676 2581 xu-

3311 2621 3599 2695 (λίνδρους,

2098 2726 2419 2798 ’Ἄνθρωπος
2492 2720 2974 2793 κακουργότροπος
2992 2716 3077 2785 ⁸⁷,
3140 2715 3330 2779 σκαιὸς
3359 2753 3374 2779 ,
3428 2717 3677 2783 ῥυπαρο-

3324 2803 3336 2875 |
3347 2803 3461 2873 γνῶ
3469 2820 3608 2873 μων,

2101 2911 2197 2972 ’ος
2222 2907 2366 2978 σχὼν
2391 2907 2491 2977 τὴν
2512 2903 2831 2975 ἐπιμέλειαν
2856 2900 2965 2955 τῶν
2995 2914 3317 2971 γηροκομου
3327 2898 3510 2966 μένων

2098 3000 2209 3054 Καὶ
2240 2994 2413 3052 τᾶλλα
2440 2997 2618 3050 πάντα
2651 2995 2749 3060 τῆς
2776 2992 2953 3065 ἀρχῆς
2975 2987 3111 3063 ἦγεν
3144 2990 3259 3044 ἄνω
3292 2989 3386 3042 καὶ
3416 2989 3576 3042 κάτω

2102 3092 2210 3146 καὶ
2239 3090 2334 3145 τοῦ
2374 3089 2700 3163 κρατοῦντος
2730 3088 2990 3157 ἄντικρυς
3018 3077 3170 3138 ὦπτο
3189 3080 3570 3149 λεοντοκδμος.

3344 3206 3500 3263 Vers.
3531 3204 3679 3259 6l'55

2100 3332 2290 3395 petens
2337 3320 2545 3391 aliquid
2590 3332 2737 3387 aegro
2783 3313 3105 3371 discedebat
3153 3314 3357 3380 animo.
3391 3311 3497 3367 Sed
3530 3311 3680 3365 enim

2099 3414 2426 3486 gravissimo
2471 3409 2710 3481 quodam
2761 3406 2955 3462 morbo
3005 3404 3326 3467 laborabat,
3376 3412 3437 3456 ut
3480 3401 3684 3456 Saulus

2102 3506 2255 3570 olim,
2298 3520 2327 3559 a
2372 3503 2535 3574 genio
2580 3500 2722 3556 malo
2751 3508 3013 3563 vexatus;
3064 3511 3177 3565 quo
3225 3494 3390 3549 ﬁebat
3424 3502 3483 3546 ut
3511 3491 3681 3545 vitam

2103 3596 2474 3655 calamitosam
2501 3605 2557 3649 et
2588 3590 2846 3661 periculis
2877 3588 3170 3644 obnoxiam
3199 3593 3405 3655 ageret,
3437 3584 3522 3637 vel
3553 3598 3687 3637 cor-

2103 3689 2255 3759 poris
2297 3684 2752 3742 succussionibus
2799 3680 3079 3734 hominem
3124 3675 3582 3747 perturbantibus
3627 3683 3686 3727 ct

2103 3776 2610 3851 prosternentibus,
2657 3774 2741 3829 vel
2774 3772 2925 3843 gravi
2972 3770 3243 3825 scelerum
3270 3766 3491 3821 vindice
3518 3766 3685 3835 genio

2105 3884 2232 3924 eum
2281 3867 2400 3937 ipso
2451 3865 2801 3921 colluctante.
2851 3862 3063 3931 Quippe
3112 3859 3434 3930 frequenter
3480 3858 3682 3912 amissa

2104 3975 2260 4022 voce,
2285 3956 2443 4012 humi
2487 3955 2886 4017 collabchatur,
2922 3968 3018 4007 ore
3051 3965 3301 4020 spumam
3345 3949 3685 4017 salivamquc

2106 4050 2385 4119 copiosam
2423 4046 2709 4117 rejieiens,
2737 4053 2796 4099 et
2832 4043 3004 4098 labris
3036 4041 3476 4111 nigricautibus.
3511 4039 3689 4094 oculis

2106 4138 2377 4202 distortis,
2411 4152 2578 4192 sonos
2628 4135 2892 4206 quosdam
2944 4133 3262 4195 horribiles,
3306 4132 3571 4187 obscuros
3623 4146 3690 4184 ac

2107 4231 2299 4286 brutos
2329 4229 2611 4286 emittens.
2635 4227 2844 4295 Quodsi
2873 4227 3045 4296 aliqui
3071 4239 3233 4294 opem
3259 4224 3535 4279 laboranti
3569 4238 3685 4276 non

2110 4323 2351 4388 ferrent,
2398 4330 2563 4390 caput
2617 4335 2778 4375 suum
2816 4328 3074 4387 tanquam
3109 4317 3349 4371 alienum
3382 4314 3691 4385 pariclibus

2110 4410 2389 4465 allidebat.
2413 4407 2643 4474 Quoties
2666 4407 2870 4462 malum
2890 4406 3143 4460 nonnihil
3173 4404 3506 4468 remittebat,
3527 4405 3689 4469 longe

428 4500 564 4557 Erat
603 4507 789 4553 autem
814 4497 1114 4553 Michaelus
1144 4513 1252 4552 non
1281 4498 1457 4552 forma
1483 4499 1659 4553 solum
1690 4508 2002 4567 praestante,
2034 4523 2088 4584 Ι)
2115 4502 2299 4557 acrius
2327 4510 2385 4556 et
2415 4500 2703 4555 ardentius
2745 4498 2934 4553 virtuti
2981 4497 3260 4559 studebat,
3307 4497 3688 4563 internamque

429 4604 622 4644 verum
649 4587 815 4643 etiam
850 4587 1119 4641 virtutum
1167 4586 1328 4641 donis
1373 4586 1651 4656 fulgebat,
1679 4602 1801 4657 qua:
1833 4588 2005 4641 animi

429 4690 561 4737 sunt
606 4681 983 4736 exornatrices
1027 4695 1093 4735 ac
1139 4679 1342 4735 mentis
1387 4679 1554 4735 faces.
1604 4679 1740 4734 Nam
1792 4679 1870 4733 uti
1922 4680 2009 4733 vir

431 4770 676 4842 prudens
712 4768 1053 4840 intelligebat
1098 4783 1164 4823 ac
1214 4783 1402 4823 secum
1453 4769 1570 4838 ipse
1622 4768 2010 4824 considerabat

429 4878 496 4916 ex
527 4878 690 4932 quam
725 4861 920 4916 humili
964 4867 1113 4916 sorte
1155 4860 1447 4917 maximam
1493 4859 1561 4915 ad
1611 4860 2005 4915 sublimitatem

434 4958 789 5027 pervenisset.
835 4958 1133 5027 Propterea
1163 4954 1336 5010 facilis
1364 4955 1432 5009 ad
1467 4970 1594 5009 eum
1641 4955 1860 5025 patebat
1886 4954 2007 5008 adi-

436 5057 542 5108 tus,
571 5047 849 5103 hominem
874 5047 1046 5102 fastus
1080 5054 1395 5116 expertem,
1423 5044 1731 5107 modestum
1753 5084 1767 5109 ,
1800 5044 1868 5099 ad
1902 5043 2008 5098 nii-

436 5137 789 5193 scricordiam
847 5139 1169 5207 proclivem,
1229 5137 1579 5192 miserantem
1636 5135 2013 5202 calamitosos,

437 5241 638 5297 egenos
670 5228 1072 5295 sublevantem,
1106 5244 1377 5299 pauperes
1408 5228 1684 5292 beantem,
1711 5228 1781 5282 ab
1809 5227 2011 5297 inopia:

436 5316 571 5385 gelu.
609 5316 768 5371 laesos
801 5318 1044 5374 vicissim
1084 5321 1242 5389 quasi
1272 5321 1684 5377 calefacientem
1728 5331 1787 5376 et
1818 5322 2009 5374 fovea-

441 5416 572 5472 tem,
604 5407 856 5463 sitientes
882 5424 1050 5465 aureo
1094 5419 1225 5479 potu
1274 5412 1562 5482 rigantem.
1591 5411 1763 5468 Nemo
1794 5411 1850 5466 in
1879 5424 2012 5465 con-

440 5510 688 5570 spectutn
745 5501 866 5573 ejus
906 5501 1179 5558 admissus
1223 5504 1526 5574 lacrymans
1576 5505 1794 5570 abibat;
1848 5517 2012 5558 nemo

2113 4592 2483 4649 valetudinem
2515 4591 2764 4655 curabat,
2814 4590 3074 4647 solitariae
3111 4590 3237 4646 vitae
3273 4588 3688 4659 cupidissimus.

2114 4686 2363 4743 Habebat
2394 4693 2579 4740 autem
2613 4684 2813 4739 fratres
2837 4684 2990 4738 viros
3014 4683 3315 4753 improbos,
3351 4681 3507 4737 fucos
3543 4696 3694 4751 rapa.

2115 4792 2227 4841 ces,
2264 4775 2663 4837 intractabiles,
2709 4775 3003 4840 belluinos,
3044 4774 3383 4840 insolentes;
3418 4774 3511 4843 qui
3545 4773 3691 4841 apud

2115 4880 2311 4935 porcos
2339 4873 2554 4920 aetatem
2588 4872 2886 4933 exegerant
2928 4872 2986 4918 et
3032 4864 3259 4919 bubulci
3308 4864 3692 4933 opilionesque

2113 4954 2353 5019 fuerant,
2387 4954 2603 5008 hircum
2636 4953 2985 5016 redolentes,
3031 4953 3311 5023 glandium
3355 4961 3423 5027 et.
3456 4954 3693 5008 aliorum

2116 5046 2449 5102 silvestrium
2486 5047 2768 5101 fructuum
2815 5046 3161 5101 collectores.
3198 5046 3267 5100 Et
3309 5046 3507 5101 horum
3542 5046 3697 5115 prin-

2118 5153 2249 5208 ceps
2281 5138 2583 5193 sceleribus
2625 5145 2744 5191 erat
2796 5137 2844 5192 is
2886 5138 2984 5207 qui
3031 5137 3199 5191 etiam
3246 5144 3409 5191 aetate
3452 5136 3697 5205 reliquos

2117 5229 2502 5296 antecedebat,
2541 5230 2864 5300 jamdudum
2886 5237 3179 5292 castratus,
3208 5229 3297 5284 vir
3322 5228 3572 5282 nitoribus
3598 5242 3694 5280 ne-

2118 5321 2423 5392 quissimis,
2451 5321 2627 5395 ferox,
2662 5320 2945 5385 sordidus,
2976 5321 3266 5390 praefectus
3294 5319 3363 5375 iis
3389 5318 3604 5374 aedibus
3640 5319 3697 5373 ir.

2117 5413 2320 5484 quibus
2345 5413 2500 5468 senio
2524 5411 2758 5468 confecti
2785 5411 3156 5477 eurabantur;
3188 5411 3285 5482 qui
3315 5424 3449 5465 sane
3477 5408 3695 5479 imperii

2120 5504 2339 5576 negotia
2381 5520 2600 5560 sursum
2637 5504 2899 5559 deorsum
2939 5503 3243 5568 volutabat,
3291 5509 3351 5557 et
3400 5501 3675 5570 imperato

1760 5634 1958 5696 Variae
2010 5634 2341 5697 lectiones.

519 5757 562 5788 at
592 5760 904 5825 κερομεσεῖς
938 5755 1003 5818 Β,
1034 5758 1374 5825 χαιρομισείς
1409 5759 1471 5811 Λ.

628 5760 904 5837 τρομεσεῖς
928 5755 1374 5837 ηῐξκχαι-ρομισεζς
1409 5759 1512 5837 Λ..-
1550 5758 1594 5790 ³³
1623 5756 1991 5827 συννευσάσης

2154 5758 2197 5790 ⁸³
2221 5755 2375 5813 llunc
2407 5772 2623 5813 versum
2664 5772 2774 5811 om.
2800 5754 2864 5809 ιι.
2944 5754 2987 5787 ⁸⁸
3020 5753 3177 5810 llunc
3229 5768 3443 5809 versum
3476 5766 3588 5808 om.
3629 5751 3696 5805 lt.

443 5827 488 5874 l“
531 5828 715 5891 συέλες
737 5829 849 5887 All.
928 5828 973 5860 ⁸⁸
1004 5827 1291 5897 ἀρήξοντες
1333 5826 1396 5880 ll.
1470 5828 1512 5859 ⁸⁷
1548 5826 1966 5897 κακεργήτατος.
2010 5830 2075 5883 Α.
