4072 6426
392 411 501 478 449

396 516 567 586 Οὗτος
595 521 691 578 οὖν
717 524 899 579 πείθει
928 524 1149 598 Μιχαὴλ
1175 528 1492 602 εἰσποίητον
1521 535 1778 604 γενέσθαι

398 617 525 668 Υίὸν
555 616 650 669 τὸν
682 618 1061 686 ἀδελφόπαιδα
1091 622 1210 692 Ζωῇ
1246 626 1310 694 τῇ
1354 624 1665 699 βασιλίσσῃ.

395 704 510 760 Ἤν
536 707 712 761 ταῦτα
740 711 835 763 καὶ
859 710 1085 766 τοιαῦτα
1115 713 1212 782 μὲν
1233 714 1298 780 ⁸⁸,
1327 717 1394 768 τὰ
1421 717 1466 770 δ’
1497 720 1696 790 ἑφεξῆς
1715 724 1908 789 ὀποῖα;

404 797 466 851 '0
493 798 753 868 βασιλεὺς
787 802 880 854 τὸν
905 803 1126 873 Μιχαὴλ
1151 803 1316 875 (οὕτω
1339 807 1448 876 γὰρ
1474 810 1745 879 ἐκαλεῖτο)

394 891 475 961 Τῇ
508 895 724 963 γαμετῇ
761 894 1098 959 παιδοθετεῖ,
1133 898 1227 950 καὶ
1252 898 1529 970 Καίσαρος
1562 903 1817 975 στεφάνῳ

391 982 498 1034 Τὸν
528 983 972 1053 κτηνωδέστατον
998 991 1216 1058 κοσμεῖ,
1255 989 1348 1042 τὸν
1379 991 1644 1064 ἄντικρυς
1673 996 1973 1068 χοιρόνουν.

388 1074 563 1138 Αὐτὸς
589 1075 646 1128 δὲ
672 1079 1120 1148 συμπνιγόμενος
1157 1079 1235 1149 τῷ
1261 1081 1423 1135 πάθει
1453 1083 1532 1154 τῷ
1560 1088 1826 1158 συμφύτῳ

388 1167 746 1238 Καταστολὴν
771 1169 1026 1224 ἐνδύεται
1054 1165 1337 1242 κρείττονα
1364 1180 1717 1248 πορφυρίδος,

386 1257 496 1310 Τοῦ
525 1257 837 1328 πνεύματος
856 1261 934 1331 τῷ
968 1263 1164 1332 μέλανι
1194 1265 1322 1328 τοὺς
1351 1267 1591 1331 πέπλους
1629 1271 1968 1342 μεταὸἀψας,

387 1350 498 1400 Καὶ
527 1352 592 1418 τῇ
625 1351 835 1424 γαλήνῃ
865 1353 1244 1424 προσδραμὼν
1272 1357 1337 1408 ἐκ
1367 1358 1669 1412 πολυσάλου
1693 1361 1832 1432 βίου,

397 1439 516 1508 Ἐφ’
551 1442 692 1504 ὅλοις
716 1441 897 1495 ἐτεσιν
933 1445 1073 1498 ἑπτὰ
1101 1446 1200 1515 τῆς
1236 1447 1518 1515 βασιλείας
1551 1451 1723 1520 ἄρξας
1753 1454 1822 1507 ⁸⁸.

465 1530 751 1585 Ἐντεῦθεν
776 1534 808 1602 ἡ
844 1532 1133 1602 βασίλισσα
1156 1538 1428 1606 φροντίζει
1460 1542 1568 1594 τῶν
1587 1543 1680 1596 τοῦ
1709 1547 1963 1616 κράτους,

386 1613 500 1669 Kal.
539 1617 632 1670 τὸν
668 1618 1174 1690 ἀνδραδελφύπαιδα
1205 1626 1296 1678 τὸν
1335 1629 1554 1700 Μιχαὴλ
1582 1613 1791 1686 ἐκεῖνον

380 1706 506 1769 Τοῖς
519 1706 627 1762 τῶν
647 1709 899 1764 ἀνάκτων
922 1713 984 1765 οὐ
1009 1715 1192 1780 καλῶς
1204 1723 1548 1790 κατακοσμεῖ
1577 1739 1640 1775 συ
1650 1724 1887 1793 μὸὁλοις,

383 1797 706 1869 ’Ἄνθρωπον
741 1802 1115 1873 κακοδαίμονα
1131 1805 1198 1874 ⁹⁰,
1227 1809 1483 1880 χοιρώδη,
1519 1815 1906 1884 προόατὸνούν,

375 1888 489 1942 Καὶ
515 1890 679 1959 φύσει
712 1893 813 1962 μὲν
833 1895 1157 1967 εἰσφέροντα
1186 1901 1517 1971 σκαιότητας
1547 1907 1860 1977 συμφύτους
1891 1913 1958 1976 ⁹¹,
1995 1894 2035 1948 Β

375 1980 492 2050 Τῆς
523 1949 579 2034 δὲ
602 1949 854 2056 νεότητος
883 1949 1048 2041 wit-bu
1085 1989 1131 2020 θ’
1151 1993 1230 2054 είς
1257 1949 1416 2046 πλέον
1441 1949 1820 2074 ἐκτρεέιῖύσης
1837 1949 1858 1974 ⁵

383 2070 814 2145 ’Δποπτυστῆρα
843 2077 1066 2147 χαλινοῦ
1105 2080 1289 2134 πῶλον
1320 2087 1761 2158 παραζηλοῦντα,

372 2162 486 2214 Καὶ
517 2164 735 2218 πωλικὰ
795 2172 1146 2240 σκιρτήματα
1186 2176 1280 2228 καὶ
1323 2173 1661 2249 λακτισμοὺς
1687 2183 1956 2252 ἀτάκτους

382 2252 993 2328 Ἀντιφιλοτιμούμενον
1018 2264 1084 2332 τῇ
1112 2262 1398 2338 θηλασάσῃ
1421 2268 1671 2342 θρέπτρα

368 2344 527 2398 Μετὰ
543 2345 602 2398 τὸ
616 2348 826 2402 σπάσαι
843 2350 941 2420 τῆς
965 2351 1134 2423 οηλῆς
1155 2357 1250 2410 καὶ
1267 2358 1365 2428 τῆς
1392 2365 1598 2434 τροφῆς
1613 2365 1751 2430 "ei;
1770 2371 1950 2442 κόρον.

368 2437 669 2492 Κάνταῦθα
700 2440 861 2511 μόνον
891 2444 924 2513 ή
952 2445 1098 2513 Ζωὴ,
1124 2445 1186 2499 τὸ
1210 2451 1310 2518 τῆς
1339 2454 1625 2525 πορφύρας
1646 2457 1820 2529 ἔρνος,

379 2528 680 2600 Ἠγνὸησεν
708 2533 966 2606 ἀγνόημα
996 2536 1206 2606 θλίψεις
1229 2541 1433 2607 πολλὰς
1455 2528 1717 2617 κεράσαν,

369 2620 494 2674 Ὀτι
520 2621 612 2675 τὸν
640 2623 765 2692 ὅφιν
796 2625 1029 2681 ἐθαλπεν
1059 2631 1390 2706 ἐγγάστριον
1415 2638 1627 2692 τιθεῖσα

367 2713 482 2766 Καὶ
498 2713 777 2782 βασιλείας
805 2719 899 2773 τὸν
929 2725 1139 2790 μαστὸν
1163 2725 1241 2795 τῷ
1269 2726 1524 2796 δράκοντι
1556 2737 1838 2805 παρεῖχεν.

380 2801 533 2855 Ἐπεὶ
556 2804 664 2873 γὰρ
691 2807 996 2869 ἐπελάϐετο
1020 2815 1366 2884 πραγμάτων
1394 2801 1736 2889 τηλικούτων

367 2893 694 2963 Ἀνθρωπος
728 2897 870 2962 νέος,
907 2901 1155 2968 ἄϐουλος,
1189 2905 1494 2977 ἀγέρωχος,
1526 2911 1784 2984 αὐθάδης,

371 2984 462 3050 Ὧς
484 2981 624 3050 οἶνος
654 2990 987 3062 νεοπάτητος
1012 2994 1248 3066 ὑϐρίζων
1271 3000 1366 3052 καὶ
1391 3001 1698 3071 καχλάζων,

357 3247 476 3286 rem
511 3233 586 3288 ita
619 3238 888 3295 tractabat
917 3251 974 3295 ut
1004 3239 1215 3298 belluas
1242 3229 1369 3301 suas
1402 3247 1625 3305 leonum
1653 3266 1937 3312 curatores
1961 3220 2006 3282 Ο

354 3323 552 3380 solent.
582 3325 679 3382 llic
710 3331 876 3385 etiam
913 3345 1107 3391 auctor
1131 3338 1234 3394 fuit
1266 3349 1324 3394 ut
1357 3341 1660 3399 Michaelus
1689 3347 1933 3416 quidam,

354 3416 709 3486 imperatoris
753 3440 820 3478 ex
867 3442 1058 3483 sorore
1106 3447 1312 3500 nepos,
1352 3435 1418 3487 ab
1451 3435 1797 3506 imperatrice
1826 3442 1933 3496 Zoa

351 3508 729 3578 adoptaretur.
780 3515 952 3585 Igitur
999 3521 1300 3590 imperator
1339 3523 1488 3579 hunc
1533 3529 1759 3596 quidem
1800 3533 1931 3585 ado-

348 3599 622 3666 ptandum
655 3603 748 3659 dat
777 3609 1018 3679 conjugi,
1046 3620 1102 3664 et
1129 3611 1404 3669 hominem
1435 3617 1596 3684 plane
1625 3619 1846 3674 brutum
1870 3639 1932 3677 ac

348 3705 526 3759 porco
573 3694 808 3751 similem
849 3698 1084 3757 Caesaris
1127 3719 1330 3758 corona
1383 3708 1598 3778 cingit:
1654 3713 1767 3782 ipse
1801 3731 1931 3769 vero

347 3784 546 3840 inorbo
573 3800 836 3844 consueto
869 3807 1092 3861 pressus
1127 3795 1508 3853 indumentum
1544 3818 1787 3872 purpura
1818 3823 1931 3862 me-

345 3872 478 3938 lius,
517 3875 674 3945 125
701 3881 960 3935 vestitum
992 3885 1203 3940 scilicet
1229 3888 1446 3958 nigrum
1476 3907 1537 3946 ac
1564 3895 1929 3964 spiritualcm,

342 3980 448 4032 pro
479 3967 796 4024 turbulenta
833 3975 945 4026 vita
977 3977 1430 4044 trampiillitatem
1476 3985 1795 4054 amplexus,
1833 4006 1926 4045 su-

343 4057 467 4120 mit,
497 4073 622 4113 cum
655 4060 711 4114 in
751 4063 987 4133 imperio
1017 4078 1226 4137 septem
1261 4087 1435 4128 annos
1469 4079 1761 4147 exegisset.

415 4151 728 4208 Secundum
753 4156 869 4209 haec
901 4157 1319 4226 gubernationis
1357 4181 1546 4221 curam
1577 4169 1632 4223 in
1667 4187 1726 4226 se
1753 4183 1920 4229 trans-

339 4238 451 4292 fert
512 4239 856 4308 impcratrix,
907 4253 963 4297 et
1013 4249 1196 4300 mariti
1228 4252 1309 4303 sui
1356 4265 1611 4323 nepotem
1641 4274 1706 4312 ex
1735 4277 1923 4316 sorore

337 4326 671 4383 Michaelum
723 4347 834 4387 non
877 4342 1026 4389 recte
1071 4337 1243 4406 signis
1273 4339 1648 4412 imperatoriis
1672 4362 1920 4419 exornat,

337 4419 621 4474 hominem
640 4421 993 4491 diabolicum,
1013 4426 1340 4497 belluinum,
1357 4450 1386 4487 a
1406 4447 1602 4490 natura
1622 4444 1918 4509 proclivem

335 4509 409 4564 ad
459 4512 665 4580 quaevis
712 4513 980 4576 facinora.
1013 4529 1068 4572 et
1106 4521 1176 4575 ob
1221 4523 1531 4591 juventutis
1575 4530 1916 4590 insolentiam

335 4601 494 4671 pullo
528 4603 874 4658 consimilem
915 4607 1134 4663 frenum
1170 4617 1477 4683 respuenti,
1508 4629 1562 4674 et
1589 4620 1835 4680 insultus
1857 4644 1920 4682 ac

337 4692 814 4750 recalcitrationcs
833 4699 1144 4768 petulantes
1163 4705 1212 4757 ei
1234 4720 1334 4774 pro
1355 4711 1749 4770 nutricationis
1779 4735 1921 4787 pra:-

336 4786 452 4837 mio
473 4785 725 4841 reddenti
746 4805 867 4857 quae
890 4791 1068 4859 ipsum
1092 4794 1243 4849 velut
1267 4801 1660 4860 uberibussuis
1682 4810 1916 4877 aluerat,

335 4885 696 4946 posteaquam
734 4881 950 4936 scilicet
991 4899 1285 4941 mammam
1327 4892 1447 4962 ejus
1491 4900 1729 4953 suxisset
1767 4912 1820 4956 et
1849 4906 1915 4958 ad

335 4968 646 5022 satietatem
687 4973 754 5024 ab
789 4988 853 5025 ea
885 4985 1078 5043 pastus
1120 4977 1334 5035 fuisset.
1367 4983 1546 5054 Atque
1573 4988 1674 5044 hac
1695 4993 1914 5060 quidem

333 5057 392 5110 in
421 5070 576 5127 parte
602 5070 728 5116 nata
757 5062 812 5116 in
844 5080 1086 5135 purpura
1120 5069 1228 5125 Zoe
1271 5077 1548 5133 commisit
1588 5097 1655 5136 ex
1695 5083 1913 5154 ignora-

334 5158 486 5202 UOIIC
518 5151 784 5218 quiddam
811 5157 956 5223 quod
985 5174 1355 5218 :nrumnarum
1385 5168 1434 5221 ei
1460 5171 1734 5226 variarum
1759 5178 1914 5246 origo

326 5238 472 5304 fuit;
499 5256 622 5308 qua:
667 5243 932 5298 nimirum
988 5262 1304 5318 serpentem
1350 5257 1402 5309 in
1431 5261 1552 5314 sinu
1584 5278 1686 5318 suo
1715 5265 1916 5324 foverit

325 5342 388 5384 et
441 5334 663 5402 imperii
727 5353 1018 5393 ntalnmatn
1067 5341 1298 5401 draconi
1334 5350 1655 5417 przebuerit.
1690 5357 1912 5414 Etenim

1503 423 1654 487 CUM
1665 428 2014 492 PENDIUM
2053 437 2527 508 CIIRONICUM.

3554 459 3662 527 4ὅο

2011 553 2053 607 Α
2087 547 2197 618 Τῆς
2222 551 2394 621 τύχης
2425 555 2523 624 τὴν
2553 557 2842 618 εὐμένειαν
2866 563 2963 616 ούκ
3003 565 3187 635 ἴσχυσε
3213 568 3504 638 βαστάσαι,

2083 640 2398 696 Κάντεῦθεν
2420 648 2499 711 είς
2523 648 2912 722 βαθύκρημνον
2946 657 3267 732 ἐξεκυλίσθη
3297 665 3427 732 χάος
3452 684 3468 697 ο

2079 731 2347 797 Μόλιϐδος
2384 737 2492 806 γὰρ
2518 739 2858 813 βαρύφορτος
2889 747 2952 812 νδ,
2975 755 3160 816 φασὶν,
3185 731 3479 825 εὐημερία,

2079 819 2198 895 Κᾶν
2225 823 2324 876 οὐκ
2345 827 2542 900 ἐντύχῃ
2571 834 2820 904 κραταιῷ
2847 835 2922 906 τῷ
2955 840 3175 908 φέροντι
3204 845 3263 896 τὸ
3301 845 3490 916 βάρος,

2078 913 2378 986 Κύμὸαχον
2407 921 2589 987 ῥίπτει
2614 925 2757 976 κατὰ
2782 925 2885 997 γῆς
2912 930 3117 982 ἐκεῖνον
3137 935 3230 986 καὶ
3265 941 3562 1005 συμπνίγει
3585 944 3652 994 ³³.

2074 1006 2186 1059 Kal
2211 1008 2403 1072 πρῶτα
2431 1012 2530 1082 μὲν
2559 1015 2604 1047 ⁹⁶
2623 1017 2749 1080 τοὺς
2769 1019 2863 1090 τῆς
2882 1022 3057 1092 ἀρχῆς
3075 1027 3384 1097 προάρχους
3411 1034 3501 1085 καὶ
3519 1052 3653 1103 προ-

3327 1120 3577 1192 [δούλους

2073 1191 2431 1266 Βαρθαρικῶς
2458 1200 2681 1266 ἐκόλαζε
2710 1204 2780 1257 τὰ
2814 1207 3108 1281 παιδογόνα
3131 1191 3367 1281 τέμνων,

2073 1285 2236 1338 Ὥστε
2275 1289 2505 1356 πολλοὺς
2539 1280 2881 1364 ἀμείψαντας
2925 1305 3022 1372 τὴν
3055 1305 3163 1356 τῶν
3197 1307 3444 1378 άῤῥένων
3488 1313 3648 1381 φύσιν

2079 1374 2539 1450 Ἥμιανθρώπους
2557 1387 2804 1453 γίνεσθαι
2827 1393 2920 1444 καὶ
2935 1393 3008 1464 μὴ
3027 1400 3299 1463 γνωστοὺς
3315 1405 3376 1471 τῇ
3399 1403 3557 1472 φύσει
3581 1409 3647 1461 ³⁷.

2069 1468 2256 1534 Οὕτως
2287 1473 2447 1537 εὐθὺς
2477 1476 2584 1530 ἀπὸ
2619 1483 2887 1552 γραμμῆς
2917 1486 3136 1560 πρώτης
3164 1494 3331 1555 κακὸς
3351 1468 3531 1565 ⁷ἐφάνη
3559 1515 3573 1528 ·

2069 1563 2205 1625 Τοὺς
2245 1564 2352 1635 γὰρ
2389 1573 2881 1640 πονηρογνώμονας
2934 1577 3029 1631 καὶ
3077 1589 3641 1654 κακεντρεχεστάτους

2078 1653 2201 1706 Ἐπὶ
2235 1654 2280 1685 ⁹⁸
2316 1659 2471 1724 μιᾶς,
2503 1660 2577 1720 ὡς
2602 1659 2878 1729 λέγουσιν,
2904 1668 3118 1736 ἡμέρας
3149 1672 3418 1739 γνώσεταί
3443 1695 3545 1741 τις.

2070 1741 2300 1796 Ἔπειτα
2330 1748 2776 1821 προσλαϐόμενος
2814 1759 3205 1826 νηπιοὸούλους
3235 1765 3431 1828 παῖδας

2067 1833 2175 1886 Καὶ
2212 1839 2614 1906 πρωτοϐούλοις
2639 1845 2921 1916 χρώμενος
2953 1852 3146 1919 νήπιος
3176 1858 3284 1918 τοῖς
3322 1859 3554 1927 νηπίοις,

2065 1924 2330 1998 Καθάπερ
2355 1934 2485 2000 πρὶν
2505 1933 2534 1984 ὁ
2584 1934 2834 2007 Ῥωόοὰμ
2871 1942 2898 1992 ὁ
2925 1941 3272 2012 Σολομῶντος
3303 1924 3480 2015 γόνος,

2064 2015 2172 2079 Τὰς
2203 2018 2523 2088 βασιλίσσας
2546 2025 2736 2090 ἐξωθεί
2766 2031 2920 2100 Ζωὴν
2956 2036 3048 2086 καὶ
3073 2036 3376 2106 Θεοδώραν,

2062 2107 2173 2160 Καὶ
2196 2111 2522 2179 νησιώτιδας
2545 2115 2714 2179 αὐτὰς
2748 2117 2972 2188 θέμενος
2999 2124 3302 2195 ἀποκείρει.

2063 2197 2243 2270 Ὅπερ
2288 2202 2496 2268 δεινοὺς
2534 2206 2791 2280 ἐξήγειρε
2841 2212 3128 2280 φλοίσϐους
3162 2217 3238 2286 τῷ
3277 2219 3638 2293 ταλαιπώρῳ,-

2069 2289 2158 2352 Ὧς
2193 2291 2396 2364 ἄνεμος
2428 2297 2707 2353 ἐπιπεσὼν
2741 2301 2983 2376 θαλάσσῃ
3011 2310 3347 2380 σκαφηπλόῳ
3377 2312 3422 2343 ⁹⁰

2026 2452 2029 2455 _
2057 2379 2168 2432 Καὶ
2199 2381 2448 2436 κάτωθεν
2475 2386 2582 2439 ἀπὸ
2607 2390 2820 2459 μοχλῶν
2844 2393 3015 2464 αὐτὴν
3053 2379 3495 2468 ἀναμοχλεύσας.

2056 2471 2186 2524 Τότε
2217 2476 2397 2544 παρῆν
2423 2483 2708 2534 κατανοεῖν
2743 2483 2802 2549 ἐξ
2834 2486 3079 2554 ἐναργῶν
3120 2491 3462 2560 πραγμάτων

2071 2562 2286 2618 ὐποῖον
2311 2568 2550 2637 πλήθους
2573 2571 2755 2625 εὔνοια
2791 2582 2920 2645 περὶ
2952 2578 3043 2630 τὸν
3071 2580 3369 2650 εὐεργέτην
3389 2588 3426 2649 ¹,
3467 2585 3637 2658 [mim-

2056 2655 2165 2708 Καὶ
2203 2659 2343 2714 πόσα
2368 2659 2543 2714 σθένει
2570 2665 2817 2734 κοίρανος
2836 2668 3036 2738 ἄρχων,
3065 2677 3408 2744 στρατάρχης
3427 2655 3626 2750 ’,Ῠκράέ

2053 2748 2264 2817 Πατρὺς
2292 2754 2526 2823 στοργὴν
2546 2760 2939 2811 καταπλουτῶν
2957 2761 2977 2792 ³
2997 2781 3060 2814 πε
3070 2764 3122 2832 pl.
3147 2768 3270 2829 τοὺς
3307 2772 3410 2822 ὑπὸ
3431 2775 3586 2842 χεῖρα
3607 2776 3627 2805 ⁸

2051 2840 2160 2891 Καὶ
2193 2842 2325 2910 παρ’
2369 2845 2550 2897 αὐτῶν
2587 2847 2914 2918 φιλούμενος
2956 2856 3206 2926 καθάπερ
3247 2860 3351 2912 ὑπὸ
3393 2864 3620 2918 τέκνων.

2063 2930 2218 2982 Ἐπεὶ
2261 2934 2367 3001 γὰρ
2399 2936 2704 3000 ὴνωτίσατο
2738 2940 2797 2992 τὸ
2834 2943 3034 3012 πλῆθος
3069 2948 3134 2999 τὰ
3167 2952 3412 3016 τοιαῦτα,

2059 3021 2146 3085 Ὠς
2173 3023 2272 3086 τὰς
2295 3027 2532 3091 ἀνάσσας
2561 3030 2588 3080 ὁ
2616 3033 2834 3102 κρατῶν
2859 3035 3184 3108 ὑπερορίους
3212 3041 3328 3114 θείη
3359 3047 3402 3111 ⁸,

3289 3171 3442 3230 \‘ers.
3477 3175 3626 3231 6190·

2041 3283 2398 3347 posteaquam
2469 3287 2746 3336 tantarum
2810 3299 2994 3340 rerum
3073 3289 3621 3354 administrationem

2039 3381 2329 3437 aggressus
2361 3380 2446 3425 est
2479 3372 2645 3427 homo
2665 3375 2905 3444 juvenis,
2931 3394 3130 3449 expers
3161 3385 3399 3453 consilii,
3435 3389 3611 3448 ferox.

2038 3469 2355 3524 Contumax,
2404 3463 2567 3516 musti
2633 3468 2872 3522 recentis
2925 3469 2979 3523 in
3029 3486 3236 3528 morem
3292 3477 3512 3536 fervens
3557 3495 3612 3538 et

2036 3548 2326 3612 ebulliens,
2359 3551 2592 3608 fortuna:
2619 3557 2867 3625 propitiae
2900 3560 3291 3632 benignitatem
3319 3567 3463 3626 ferre
3500 3589 3619 3627 non-

2037 3640 2235 3707 potuit,
2273 3644 2506 3711 ideoque
2530 3645 2818 3702 confusum
2857 3665 2920 3704 ac
2958 3654 3292 3720 profundum
3326 3659 3381 3712 in
3415 3665 3606 3729 pratci-

2036 3731 2228 3799 pitium
2263 3735 2548 3804 prolapsus
2577 3747 2679 3792 cst.
2701 3740 2836 3794 Nam
2870 3748 3205 3814 prosperitas
3226 3760 3330 3815 est,
3352 3759 3411 3806 ut
3429 3753 3606 3818 aiunt,

2033 3825 2318 3879 consimile
2358 3827 2618 3895 quiddam
2664 3833 2814 3900 gravi
2858 3835 3115 3904 plumbo;
3151 3849 3206 3893 et
3253 3844 3294 3895 si
3325 3843 3603 3901 hominem

2035 3915 2320 3970 robustum
2358 3934 2464 3972 non
2501 3921 2870 3990 nanciscatur,
2905 3927 2999 3994 qui
3049 3930 3204 3984 oneri
3246 3933 3475 3989 ferendo
3509 3948 3620 4007 p:.r‘

2031 4006 2129 4070 sit,
2161 4022 2396 4074 pronum
2443 4009 2497 4064 in
2532 4021 2730 4065 terram
2771 4017 3076 4084 praecipitat
3105 4027 3160 4073 et
3193 4023 3446 4090 proterit.
3483 4006 3610 4080 Pri-

2032 4109 2179 4149 mum
2198 4098 2900 4185 igiturMichaelusimpcrii
2920 4122 3176 4173 proceres
3189 4123 3242 4166 et
3260 4115 3611 4172 consiliarius

2027 4187 2306 4255 principes
2332 4189 2676 4247 barbaricum
2702 4196 2756 4249 in
2781 4213 2988 4252 morem
3012 4203 3338 4271 genitalibus
3367 4213 3615 4265 exsectis

2030 4276 2300 4338 multavit,
2337 4296 2448 4348 quo
2495 4283 2641 4338 facto
2665 4303 2694 4339 a
2733 4288 2910 4356 prima
2950 4293 3106 4360 quasi
3142 4294 3288 4349 linea
3314 4312 3372 4351 se
3397 4299 3613 4369 impra-

2029 4363 2159 4417 bum
2193 4365 2490 4423 declaravit
2523 4389 2534 4424 :
2565 4373 2769 4443 quippe
2799 4378 3097 4436 sceleratos
3144 4382 3396 4440 homines
3431 4363 3488 4442 et
3529 4390 3598 4443 ad

2028 4456 2291 4510 malitiam
2330 4461 2561 4517 solertes
2606 4466 2693 4520 vel
2739 4483 2848 4522 uno
2895 4470 3018 4539 quis
3048 4472 3158 4538 die,
3195 4490 3298 4530 ceu
3333 4477 3439 4532 dici
3465 4495 3596 4534 con-

1957 4575 1995 4626 υ
2029 4550 2228 4611 suevit,
2247 4553 2549 4619 agnoverit.
2571 4556 2776 4614 Deinde
2805 4561 3102 4630 juvenibus
3119 4568 3348 4634 puerilia
3364 4571 3606 4626 consilia

2025 4643 2448 4709 suggerentibus
2472 4646 2743 4717 adjunrtls
2765 4651 2866 4706 sibi
2888 4669 2951 4708 ac
2981 4655 3283 4724 primorum
3316 4660 3372 4713 in
3408 4665 3605 4714 consi-r

2021 4731 2304 4787 liariorum
2345 4751 2636 4792 numerum
2684 4742 2888 4807 relatis,
2932 4747 3161 4812 perinde
3185 4763 3250 4803 ac
3278 4750 3607 4806 [iubeamus

1959 4866 1964 4871 .
2017 4822 2145 4875 olim
2167 4824 2480 4883 Solomonis
2505 4831 2648 4885 ﬁlius
2671 4847 2790 4886 sese
2817 4836 3062 4903 gerebat,
3088 4838 3235 4893 Zoen
3257 4851 3314 4895 et
3339 4841 3604 4898 Theodo-r

2015 4928 2130 4966 ram
2167 4917 2384 4984 reginas
2419 4920 2584 4988 ejeeit
2627 4931 2682 4976 et
2725 4939 2877 4978 rasas
2929 4931 3223 4996 quamdam
3258 4932 3314 4986 in
3351 4933 3600 4990 insulamv

2017 5004 2299 5074 relegavit.
2330 5009 2404 5062 Ea
2453 5026 2543 5066 res
2577 5015 2925 5083 gravissimas
2954 5021 3157 5076 misero
3183 5024 3374 5080 turbas
3408 5026 3600 5092 dedit,

2016 5111 2123 5149 non
2159 5099 2317 5153 aliter
2349 5110 2514 5171 atque
2537 5104 2581 5158 si
2602 5116 2796 5162 ventus
2817 5107 2870 5162 in
2893 5126 3042 5167 mare
3068 5113 3392 5172 incumbens
3416 5129 3603 5174 totunr

2014 5185 2084 5238 ab
2118 5186 2228 5241 imo
2277 5203 2640 5248 commoveat.
2686 5195 3139 5258 Animadvertere
3187 5214 3302 5260 tum
3357 5220 3476 5264 erat
3521 5229 3602 5267 ωε

2017 5279 2185 5332 certis
2202 5296 2387 5336 rerum
2409 5290 2748 5356 argumentis
2765 5304 2968 5360 quanta
2998 5310 3087 5350 res
3109 5296 3181 5352 sit
3203 5297 3602 5357 benevolentia

2014 5369 2190 5436 plebis
2223 5387 2350 5443 erga
2379 5376 2780 5449 principcm,et
2802 5395 3018 5453 quanta:
3044 5388 3154 5441 sint
3177 5391 3297 5462 ejus
3319 5395 3404 5447 vel
3442 5398 3604 5463 regis

1698 5501 1902 5564 Varia)
1943 5505 2270 5577 lectiones.

401 5601 445 5630 ⁸³
482 5599 657 5653 ταῦτα
691 5603 784 5656 καὶ
827 5605 892 5656 τὰ
921 5607 1146 5661 τοιαῦτα
1168 5609 1282 5665 AR.

322 5671 389 5722 Δ.
463 5673 509 5702 ⁹³
535 5673 634 5739 τῆς
685 5676 891 5749 τροφῆς
926 5681 1140 5748 καὶτῆς
1169 5681 1336 5749 θηλῆς
1373 5685 1434 5737 Β.

324 5742 487 5808 φύσιν
523 5745 589 5794 Δ.
657 5744 703 5774 ⁸⁸
725 5742 926 5798 ἁπὸἈ.

321 5815 430 5862 των
453 5812 518 5866 ιι.
599 5812 620 5841 ⁸
657 5814 979 5878 ύποχείρους
1006 5816 1067 5871 li.
1149 5821 1167 5851 ⁵
1202 5812 1314 5874 023;:
1345 5812 1405 5878 lii.

657 5814 979 5885 ὑποκείρους
1006 5816 1067 5871 li.

1361 5613 1405 5686 ἕο
1443 5616 1598 5674 Hunc
1629 5638 1845 5678 versum
1880 5645 1988 5684 om.
2017 5632 2082 5686 Β.

1513 5690 1557 5720 ⁰¹⁵
1589 5691 1922 5764 βαθύφορτος
1971 5706 2033 5755 li.

1022 5751 1064 5838 ξε
1102 5754 1428 5838 σκαιφοπὶιύῳ
1458 5758 1520 5823 li,
1546 5751 1927 5838 σκαφοπὶὶὺτῴ
1961 5773 2021 5824 Α.

2150 5637 2204 5734 ἕο
2237 5640 2619 5711 κακομήχανον
2651 5645 2713 5701 Β.

2125 5707 2141 5735 ς
2201 5711 2468 5735 -..υ-..ίαν
2519 5715 2573 5735 A,
2647 5719 2689 5735 οε

2199 5711 2472 5776 συντρίϐει
2508 5715 2574 5766 Λ;

2162 5778 2174 5807 ¹
2205 5781 2518 5852 ἀρχηγέτην
2551 5781 2618 5840 Β.

2789 5649 2832 5721 ’ξ
2868 5655 3179 5721 συμφύλους
3203 5658 3265 5708 Α.
3335 5657 3383 5688 ⁹¹
3410 5657 3584 5710 αὐτοῦ

2647 5719 2690 5748 9"
2721 5719 2912 5795 πρῷτα
2938 5719 3036 5788 μὲν
3072 5723 3166 5796 σύν
3195 5728 3302 5796 All.
3407 5731 3448 5759 "
3483 5733 3581 5796 τὴν

2714 5791 2732 5818 ²
2765 5787 3078 5862 κρατάρχης
3110 5793 3173 5846 li.
3274 5795 3293 5826 ³
3325 5787 3584 5851 καταπαία

3387 5994 3411 6012 ο
