4072 6436
524 514 616 580 Ὠς
644 515 838 585 τρίχας
877 510 1025 581 σφῶν
1059 508 1339 564 ἀεκουσῶν
1372 505 1686 576 ἁποθερὶσοι
1724 506 1834 575 βῗα,

526 605 615 667 Ὠς
640 603 739 665 τὰς
769 601 1000 669 ἐσθῆτας
1027 598 1125 658 τὰς
1157 596 1339 651 αὐτῶν
1377 598 1457 657 εἰς
1497 594 1670 664 μέλαν
1719 590 2086 662 μεταχρώσει,

513 692 701 763 Θυμοῦ
731 688 989 759 καχλάζει
1026 690 1093 757 τῇ
1121 688 1292 758 πυρᾷ,
1331 686 1508 748 λίθους
1536 683 1696 746 εὐθὺς
1724 681 1985 752 ἁρπάζει.

514 784 657 837 Ξύλα
689 782 784 836 καὶ
808 783 916 833 πᾶν
942 778 1005 831 τὸ
1031 778 1357 848 προστυχὸν,
1400 776 1627 848 βώλους,
1657 772 1912 843 κορύνας,
1937 771 2087 839 ξίφη.

516 872 779 926 Ὥπλιστο
804 870 901 924 καὶ
931 870 1002 923 τὰ
1024 869 1222 937 γύναια
1248 871 1498 938 κερκίσιν
1540 865 1728 934 ῶσπερ
1774 865 2018 933 λόγχαις,

515 959 624 1010 Καὶ
641 959 736 1010 σὺν
749 959 966 1027 κραυγῇ
979 957 1076 1009 καὶ
1089 956 1300 1025 λαλαγῇ
1319 954 1451 1024 πρὸς
1464 954 1556 1006 τὸν
1567 951 1872 1023 κρατοῦντα
1885 952 2041 1022 τρέχε
2051 967 2088 1015 ι,

515 1048 625 1112 Τάς
653 1048 973 1119 βασιλίσσας
1015 1048 1278 1115 ἐκζητοῦν
1317 1048 1467 1109 ὅλαις
1512 1041 1670 1116 χερσὶ
1699 1046 1795 1097 καὶ
1815 1044 2086 1112 γνώμαις,

517 1141 629 1193 Καὶ
655 1139 1013 1211 βλασφημοῦν
1049 1140 1138 1192 τὸν
1161 1137 1380 1207 Μιχαὴλ
1410 1136 1559 1206 βοαῖς
1586 1137 1606 1167 ⁸
1642 1134 2007 1205 ἁγριοθρόοις.

517 1232 651 1284 Τότε
681 1232 746 1301 δὴ
782 1232 906 1284 τότε
944 1230 1190 1301 τρομερὰ
1214 1229 1408 1296 λαγίνα
1434 1227 1723 1297 καθωρᾶτο

517 1323 747 1391 Δράκων
778 1324 806 1375 ὁ
842 1323 971 1391 πρὶν
1002 1320 1367 1391 βλοσυρωπὸς,
1402 1320 1431 1370 ὁ
1456 1318 1594 1370 λέων
1617 1314 1951 1386 χαμαιλέων.

516 1412 627 1465 Τοῦ
659 1412 895 1482 θράσους
930 1410 1230 1478 καθυφίησι
1262 1408 1355 1461 καὶ
1384 1410 1481 1478 τῆς
1510 1404 1851 1469 ἀλαζονείας,

522 1504 630 1556 Καὶ
662 1502 1015 1572 γοργοπλόοις
1054 1501 1320 1569 σκάφεσιν
1349 1498 1472 1567 ἄγει
1504 1498 1602 1561 τὰς
1626 1496 1969 1567 βασιλίσσας,

519 1595 631 1646 Καὶ
659 1594 824 1647 πάλιν
856 1592 1182 1646 ἀποδίδωσιν
1219 1591 1413 1653 αὑταῖς
1445 1588 1546 1659 τῆν
1576 1587 1878 1657 κρατορίαν

519 1684 632 1752 Τὴν
666 1684 729 1736 ὲκ
748 1684 1030 1753 προγόνων
1056 1681 1355 1753 προσγενῆ,
1374 1679 1473 1750 τὴν
1504 1682 1568 1731 ὲκ
1596 1679 1704 1731 τῶν
1736 1678 2094 1731 ἑπιπάππων.

520 1774 667 1843 Πλὴν
708 1773 844 1826 ἀλλὰ
868 1774 1034 1827 πάλιν
1073 1774 1107 1843 ἠ
1142 1772 1289 1843 πυρὰ
1317 1770 1417 1840 τῆς
1456 1770 1703 1831 στάσεως
1732 1767 1964 1835 ἀνῆπτο,

526 1866 694 1918 Πάλιν
725 1863 1107 1935 ἀνερριπίζετο
1133 1862 1274 1916 κατὰ
1306 1862 1402 1915 τοῦ
1431 1860 1837 1915 καταπτύστου.

526 1959 635 2009 Καὶ
663 1957 847 2009 τοίνυν
877 1957 1121 2025 ἄφυκτον
1157 1955 1282 2008 ἰδὼν
1316 1956 1343 2008 ό
1366 1954 1625 2015 κάκιστος
1655 1952 1755 2021 τὴν
1786 1950 1931 2020 βίαν,

527 2049 635 2101 Kal.
665 2047 930 2100 πάντοθεν
962 2046 1331 2115 κυκλούμενος
1374 2044 1449 2108 ὡς
1484 2046 1684 2114 ἄρκτος
1719 2041 1814 2096 ὑπ’
1855 2039 2098 2113 ἀρκύων,

527 2140 789 2207 ιιειρᾶται
816 2138 959 2209 τάχα
999 2137 1096 2208 τὴν
1129 2136 1274 2208 ζωὴν
1306 2136 1501 2205 κλέψαι
1526 2139 1654 2188 ποσὶ
1679 2135 1909 2203 φυγάσι,

532 2230 641 2280 Καὶ
671 2228 993 2299 δραπετεύει
1027 2227 1261 2297 λαγωδς,
1280 2227 1423 2281 είποι
1451 2243 1533 2289 τις
1559 2226 1646 2290 ἂν,
1669 2227 1747 2287 είς
1785 2224 1988 2292 πέτραν
2015 2224 2065 2289 ⁷,

530 2320 639 2372 Καὶ
667 2317 949 2388 τράπεζαν
970 2320 1067 2390 τῆν
1104 2319 1371 2389 μυστικὴν
1411 2319 1736 2389 καταφυγὴν
1775 2319 2031 2370 ποιεῖται.

543 2411 701 2462 Ἀλλὰ
724 2411 785 2463 τὸ
818 2411 1019 2480 πλῆθος
1052 2411 1322 2463 ὲκκαυθὲν
1348 2410 1607 2475 καθάπαξ
1641 2413 1717 2472 είς
1755 2416 1957 2481 μανίαν

528 2502 671 2554 Αὐτὸ
701 2502 761 2555 τδ
785 2502 920 2573 πῦρ,
950 2500 1026 2565 ὡς
1046 2501 1245 2568 ἔοικεν,
1285 2502 1555 2574 ύπερνικᾷ
1576 2503 1636 2556 τὸ
1667 2503 1874 2575 βρέμον
1895 2523 1908 2536 ·

533 2591 723 2646 Ἔνδον
749 2593 842 2645 καὶ
877 2593 987 2662 γὰρ
1026 2591 1133 2643 τῶν
1173 2592 1334 2657 ἱερῶν
1374 2590 1583 2645 ἀδύτων
1610 2596 1997 2665 εἰσδραμόντες

542 2679 788 2736 Ἐκεῖθεν
818 2680 1206 2751 άφαρπάζουσι
1226 2681 1315 2733 τὸν
1350 2683 1556 2736 τάλανα
1584 2684 1794 2754 βοῶντα

532 2773 638 2827 Σὺν
666 2775 992 2842 στεναγμοῖς
1024 2772 1357 2844 καρδιακοῖς,
1385 2776 1481 2828 σὺν
1505 2775 1765 2846 δάκρυσιν
1794 2776 2104 2849 ὲνθέρμοις,

532 2991 617 3045 vel
660 2990 1011 3061 magistratus
1041 2989 1127 3045 vel
1160 2989 1344 3045 bellici
1384 2989 1545 3046 ducis
1588 2990 1758 3055 vires,
1797 2991 1890 3060 qui
1924 2994 2107 3047 animo

530 3097 661 3151 erga
703 3082 958 3136 subditos
999 3089 1231 3151 paterno
1279 3081 1511 3135 allectus
1548 3092 1634 3135 est
1677 3090 1733 3136 et
1765 3083 2004 3137 vicissim
2039 3086 2107 3138 ab

1651 390 2160 453 CONSTANTINI
2208 388 2585 450 M.\NASSIS

3645 388 3742 455 ιεε

2121 505 2167 561 Α
2201 502 2309 553 Καὶ
2344 501 2510 569 κόρας
2539 499 2920 568 ὲξορύττουσιν
2951 498 3116 553 αὐτοῦ
3148 500 3267 562 ταῖς
3303 502 3601 570 μαχαιρίσι.

2198 593 2306 643 Καὶ
2332 590 2427 642 σὺν
2463 590 2613 659 αύτῷ
2648 591 2740 643 τὸν
2785 591 3025 659 δυσσεϐῆ
3074 590 3449 660 πατραδελφον
3480 592 3741 659 τυφλοῦσι,

2197 683 2515 751 Ἄνθρωπον
2525 682 2844 751 δύστροπον,
2861 682 3069 745 σκαιὸν,
3084 682 3361 744 κάκιστον,
3375 686 3743 755 παπορέκτην,

2192 775 2383 843 Μῆνας
2412 776 2474 827 οὐ
2498 776 2659 829 πλέον
2689 776 2963 845 τέσσαρας
2980 775 3323 843 γευσάμενον
3347 775 3441 827 τοῦ
3461 778 3684 845 κράτους
3705 780 3743 830 ⁸.

2193 866 2304 917 Καὶ
2328 865 2490 917 πάλιν
2521 866 2577 917 αἱ
2609 863 2921 933 βασίλισσαι
2940 863 3001 915 τὸ
3032 862 3230 930 στέφος
3265 862 3600 923 ἀναδοῦνται,

2193 958 2304 1011 Καὶ
2325 958 2487 1011 πάλιν
2502 956 2600 1025 τὴν
2623 958 3031 1025 πατρόπαππον
3058 956 3165 1025 άρχ
3177 957 3239 1023 ῆν
3268 955 3744 1025 κατακληροῦνται.

2195 1048 2306 1110 Τῆς
2327 1046 2496 1117 ζάλης
2512 1047 2570 1099 δὲ
2586 1049 2607 1079 ⁸
2624 1046 2733 1100 τῶν
2750 1046 3072 1116 πειρασμῶν
3085 1044 3481 1114 ἀπελασθείσης
3500 1047 3541 1076 ⁸⁸
3553 1046 3747 1114 πόρῤω.

2198 1135 2467 1188 Ἔπνευσε
2499 1132 2736 1203 ζέφυρος
2769 1134 2920 1204 ἡδὺς,
2953 1134 3217 1202 ἐγέλασεν
3244 1133 3419 1188 εὐδία.

2278 1226 2419 1279 Ἀλλ’
2451 1229 2484 1296 ἡ
2527 1226 2819 1296 βασίλισσα
2852 1226 2976 1296 Ζωὴ
3011 1225 3071 1277 τὸ
3100 1225 3210 1279 τῶν
3254 1225 3539 1294 Ῥωμαίων
3568 1228 3751 1294 κράτος

2195 1318 2241 1370 Κ
2251 1319 2482 1389 ράτορος
2506 1317 2905 1388 ἀρῤενόφρονος
2946 1316 3170 1387 χρῄζειν
3189 1315 3539 1383 διεγνωκυῖα,

2197 1411 2308 1463 Καὶ
2341 1408 2549 1462 παίδων
2580 1408 2638 1461 ὁὶ
2669 1408 2919 1477 διαδοχῆς
2953 1409 3047 1461 καὶ
3075 1406 3300 1460 τοκετοῦ
3330 1406 3537 1475 διψῶσα

2198 1502 2309 1553 Καὶ
2347 1500 2647 1569 γλιχομένη
2674 1500 3004 1569 τεκνουργὸς
3035 1497 3269 1552 ἀκοῦσαι
3298 1498 3640 1566 παιδομήτωρ

2199 1590 2372 1659 (Ὑπδ
2389 1593 2431 1623 ¹¹
2456 1592 2601 1644 δυοῖν
2621 1594 2731 1661 γάρ
2763 1593 3015 1643 κοπετοῖν
3053 1592 3095 1622 ⁸⁸
3121 1591 3196 1654 ὡς
3219 1590 3436 1660 δένδρον
3463 1585 3757 1641 ποτισθεῖσα

2203 1681 2428 1751 Ἀχλοος
2448 1682 2810 1748 ἐκινδύνευεν,
2840 1681 3056 1748 ἄφιλος,
3088 1679 3221 1742 αῦος
3260 1676 3491 1749 μένειν),

2206 1774 2411 1843 ’Δνδρα
2433 1774 2559 1826 τινὰ
2581 1774 2845 1845 χαρίεντα
2865 1772 3105 1842 τοῦνομα
3134 1774 3483 1825 Κωνσταντῖν

2135 1838 2173 1892 Β
2204 1838 2473 1918 Λεσϐόθεν
2506 1838 2926 1934 μεταπέμπεται
2947 1838 3180 1932 σκάφεσι
3201 1863 3608 1934 λαιφοπτέρυις,

2209 1955 2308 2011 ’ον
2344 1957 2666 2026 Μονομὰχον
2702 1956 2889 2023 ἔλεγον
2912 1958 2977 2008 ἐκ
3007 1954 3497 2025 πατρεπωνυμίας.

2203 2048 2313 2101 Καὶ
2341 2046 2451 2117 γὰρ
2484 2047 2910 2100 καταδεδίκαστο
2928 2045 3133 2114 ταύτην
3156 2047 3333 2099 οἰκεῖν
3362 2047 3460 2115 τὴν
3479 2045 3636 2112 νῆσον

2216 2140 2354 2193 ’Υπδ
2390 2140 2487 2193 τοῦ
2520 2141 2741 2210 πρώτου
2773 2138 2994 2209 Μιχαὴλ
3026 2138 3119 2192 τοῦ
3156 2137 3619 2208 βεϐασιλευκότος.

2204 2232 2343 2283 Κατ’
2375 2230 2566 2294 ἄλλους
2591 2231 2690 2300 μὲν
2709 2230 2785 2293 ὡς
2814 2231 2915 2301 τὴν
2945 2230 3120 2300 ἀρχὴν
3145 2228 3487 2301 πειρώμενος
3518 2227 3765 2298 ἁρπάζειν

2206 2323 2455 2395 (Ἀνδιχα
2483 2323 2591 2393 γὰρ
2626 2322 2941 2393 ἐκράτησαν
2964 2323 3022 2376 αἱ
3062 2321 3193 2390 περὶ
3229 2320 3425 2374 τούτου
3456 2320 3672 2390 φῆμαι),

2219 2417 2305 2479 Ὠς
2337 2415 2484 2468 ἄλλοι
2511 2415 2570 2468 δέ
2606 2416 2750 2477 τινές
2787 2432 2976 2484 φασιν,
2999 2408 3081 2477 οἷς
3113 2412 3358 2484 ἀψευδὴς
3389 2415 3421 2483 ὴ
3455 2413 3688 2480 γλῶσσα,

2219 2506 2307 2568 Ὠς
2343 2504 2687 2575 συμφθαρεὶς
2722 2504 3001 2574 ἐρωτικῶς
3023 2506 3146 2574 Ζωῇ
3173 2505 3242 2573 τῇ
3267 2502 3577 2576 βασιλίσσῃ.

2208 2598 2319 2667 Τὴν
2338 2597 2543 2651 Λέσϐον
2565 2592 2658 2649 οὖν
2679 2596 3035 2663 κατακριθεὶς
3057 2597 3229 2647 οἰκεῖν
3248 2597 3276 2646 ό
3291 2595 3336 2625 ¹⁹
3359 2594 3767 2652 Κουντιιταντῖνος¹

2210 2690 2319 2742 Kal.
2351 2688 2700 2751 κινδυνεύσας
2727 2688 2858 2757 παρ’
2879 2687 3032 2740 οὐδὲν
3054 2685 3356 2753 σϐεσθῆναι
3371 2686 3467 2738 καὶ
3481 2685 3578 2748 τὰς
3597 2684 3773 2753 κόρας.

2208 2781 2415 2849 Δῐφνης
2450 2779 2707 2841 πεσόντος
2737 2778 2972 2848 ἔμπαλιν
2994 2775 3090 2831 τοῦ
3114 2776 3282 2830 κύϐου
3306 2776 3403 2830 τοῦ
3426 2777 3522 2843 τῆς
3551 2776 3710 2844 τύχης

3466 2883 3621 2940 Vers.
3648 2881 3777 2937 614i

2211 2996 2534 3070 lacrymanti
2587 2997 2779 3051 oculos
2820 2995 3107 3050 novaculis
3139 3002 3373 3060 eruunt,
3408 2993 3597 3049 eadem
3631 3004 3775 3061 patina

2215 3089 2381 3143 etiam
2417 3096 2615 3157 patruo
2648 3084 2821 3155 ipsius
2851 3085 3113 3155 irrogata,
3148 3085 3242 3154 qui
3280 3085 3371 3139 vir
3396 3093 3517 3138 erat
3547 3079 3778 3135 moribus

532 3176 616 3231 eis
649 3184 906 3245 tanquam
931 3174 1118 3228 liberis
1141 3173 1257 3227 suis
1281 3172 1547 3242 diligitur.
1574 3172 1935 3242 Posteaquam
1958 3175 2105 3229 enim
2140 3185 2182 3243 ο
2220 3178 2509 3249 improbis,
2535 3191 2794 3246 nequam,
2842 3178 3168 3242 sceleratus,
3207 3176 3459 3230 omnium
3508 3181 3775 3244 appetens.

533 3266 822 3322 auditione
852 3265 1091 3336 populus
1118 3278 1182 3317 ea
1209 3279 1330 3332 qua:
1359 3276 1511 3332 gesta
1530 3263 2104 3333 fuissentaccepisset,

534 3356 798 3411 nimirum
858 3356 1074 3423 reginas
1130 3353 1199 3406 ab
1266 3352 1594 3421 imperatore
1652 3354 1830 3407 solum
1891 3363 2108 3410 vertere

530 3449 737 3518 jussas,
770 3446 932 3516 126
962 3445 1131 3498 invite
1159 3458 1329 3509 rasas,
1361 3443 1533 3515 nigris
1586 3444 1831 3500 vestibus
1847 3446 2107 3513 indutas,

537 3538 750 3609 ingenti
786 3537 975 3590 furore
1013 3535 1257 3605 percitus
1296 3552 1420 3591 mox
1444 3536 1677 3607 lapides,
1700 3538 1862 3609 ligna,
1882 3540 2104 3608 quasvis

539 3643 632 3684 res
654 3638 831 3683 semet
880 3628 1202 3692 otl‘erentes,
1249 3628 1458 3698 glebas,
1501 3629 1706 3693 clavas,
1742 3629 1951 3699 gladios
1986 3646 2112 3684 cor-

540 3723 693 3792 ripit,
711 3720 845 3791 ipsis
876 3720 1041 3776 etiam
1067 3721 1403 3776 mulierculis
1425 3721 1609 3775 radios
1627 3721 1906 3774 hastarum
1932 3736 2114 3776 arum-

542 3816 775 3883 ru‘mque
824 3813 948 3866 loco
997 3812 1409 3882 usurpantibus.
1456 3811 1666 3866 Deinde
1732 3827 1928 3882 magno
1984 3827 2111 3866 cum

540 3901 777 3955 clamore
810 3902 877 3955 ad
914 3902 1303 3971 imperatorem
1339 3911 1592 3967 currtmt,
1620 3902 1875 3955 manibus
1902 3910 1956 3956 et
1990 3903 2113 3955 ani-

542 3994 648 4047 mis
683 3994 897 4065 reginas
927 3994 997 4048 ab
1025 4008 1092 4047 eo
1134 4003 1467 4063 repetentes,
1491 4002 1547 4048 et
1579 3994 1756 4063 ipsum
1785 3994 2111 4047 Micliaelum

541 4088 774 4143 vocibus
817 4089 1229 4143 immanissimis
1265 4088 1628 4143 conviciando
1674 4088 2112 4163 proscindcntes.

543 4180 641 4234 llle
675 4195 807 4234 vero
847 4181 1002 4248 prius
1055 4179 1281 4234 draconi
1331 4179 1566 4234 terribili
1610 4187 1668 4233 et
1713 4180 1857 4233 leoni
1897 4179 2113 4243 similis,

545 4287 697 4327 nune.
720 4271 892 4325 instar
916 4272 1119 4340 leporis
1146 4271 1361 4326 femina
1392 4271 1477 4325 vel
1507 4271 1913 4325 cliamrcleontis
1931 4271 2119 4324 formi-

547 4361 774 4416 dolosus
819 4362 1086 4431 conspici,
1122 4362 1190 4416 de
1242 4363 1447 4416 ferocia
1497 4363 1801 4426 remittere,
1841 4363 2118 4417 celeribus

2215 3268 2434 3338 Imperii
2463 3277 2681 3339 gustum
2701 3282 2806 3322 non
2837 3267 2978 3322 ultra
3002 3267 3034 3322 ι
3060 3281 3278 3321 menses
3302 3265 3569 3336 percepit.
3586 3261 3781 3317 Secun-

2217 3362 2348 3416 dum
2401 3361 2517 3415 lucc
2571 3374 2764 3414 rursus
2816 3357 3197 3428 imperatriecs
3260 3354 3781 3411 administrationem

2219 3468 2406 3509 rerum
2461 3453 2517 3507 in
2549 3467 2669 3506 sese
2716 3451 3014 3521 recipiunt,
3048 3460 3105 3504 et
3138 3449 3404 3503 traditum
3440 3465 3470 3502 a
3502 3444 3785 3517 majoribus

2222 3544 2515 3614 imperium
2577 3552 2868 3611 usurpant.
2897 3543 3079 3607 Quare
3135 3540 3330 3609 procul
3364 3537 3592 3609 expulsa
3633 3550 3784 3587 vexa-

2222 3636 2431 3689 tionum
2480 3639 2804 3703 tempestate
2830 3672 2843 3696 ,
2883 3632 2994 3703 jam
3029 3629 3206 3685 dulcis
3245 3630 3505 3684 favonius
3537 3618 3785 3697 spirabat,

2224 3738 2280 3782 et
2309 3727 2578 3782 serenitas
2606 3725 2852 3794 quaedam
2886 3723 3131 3779 suaviter
3158 3722 3466 3777 arridebat.

2291 3817 2561 3873 Caeterum
2612 3815 2802 3885 regina
2851 3813 2959 3868 Zoe
2998 3829 3123 3868 cum
3180 3814 3473 3867 statuisset
3512 3807 3787 3880 imperium

2226 3911 2531 3965 Romanum
2556 3907 2729 3960 virilis
2760 3904 3107 3974 imperatoris
3130 3919 3296 3973 opera
3318 3903 3590 3973 indigere,
3617 3896 3789 3953 simu!-

2223 4017 2330 4072 que
2383 4012 2734 4055 successores
2791 4012 2858 4051 ex
2915 4011 2972 4049 sc
3041 4003 3200 4049 natos
3252 3993 3522 4062 consequi
3579 3994 3791 4058 cuperet

2226 4094 2452 4164 (quippe
2495 4089 2710 4144 tametsi
2743 4087 3027 4158 cujusdam
3056 4086 3269 4140 arboris
3309 4085 3491 4139 instar
3521 4099 3552 4137 a
3592 4079 3796 4136 duobus

2226 4184 2535 4240 lmrtulanis
2572 4182 2743 4251 rigata
2769 4180 2967 4244 fuerat,
3002 4189 3185 4233 tamen
3211 4177 3524 4247 periculum
3572 4183 3688 4228 erat
3733 4185 3795 4222 ne

2226 4277 2433 4345 absque
2451 4272 2792 4345 germinibus
2818 4280 2874 4325 et
2908 4270 3052 4323 foliis
3087 4269 3237 4323 arida
3259 4266 3559 4336 maneret),
3586 4265 3750 4332 elegat
3772 4284 3798 4301 -

2232 4379 2338 4423 tem
2357 4366 2653 4437 quemdam
2680 4366 2882 4427 virum,
2916 4361 3003 4416 cui
3023 4361 3386 4417 Constantino
3415 4374 3614 4415 nomen
3641 4364 3797 4412 esset,

550 4454 785 4520 navigiis
815 4452 1033 4522 reginas
1078 4453 1376 4519 adducere,
1424 4454 1875 4522 gubernationem
1912 4462 1967 4509 et
2018 4455 2120 4507 im-
2156 4478 2197 4530 ῃ
2233 4457 2531 4512 Duellatori
2580 4461 3002 4523 cognomentum
3043 4460 3356 4520 paternum,
3379 4466 3409 4505 e
3448 4450 3627 4505 Lesbo
3665 4444 3801 4498 cclc-

552 4546 768 4614 perium
805 4545 924 4614 ejus
952 4545 1156 4598 avitum
1198 4546 1547 4614 patriumque
1569 4546 1881 4599 restituere.
1914 4547 2125 4602 Nihilo—

551 4636 737 4690 minus
800 4637 869 4689 de
943 4637 1157 4707 integro
1217 4636 1305 4689 fax
1373 4637 1663 4689 seditionis
1727 4652 1957 4691 accensa
2021 4637 2125 4693 fuit

550 4726 817 4780 adversus
842 4726 1121 4781 hominem
1154 4726 1605 4781 abominandum.
1638 4727 1982 4796 Quapropter
2009 4729 2126 4780 inc~

552 4821 761 4874 vitabili
811 4821 865 4873 vi
908 4829 1228 4889 perspecta,
1268 4834 1394 4873 cum
1436 4819 1611 4871 instar
1652 4819 1765 4871 ursi
1819 4834 1846 4871 a
1898 4819 2126 4873 canibus

553 4913 719 4967 cincti
747 4929 804 4967 se
825 4912 1065 4982 undique
1085 4913 1488 4967 circumdatum
1511 4922 1786 4975 cerneret,
1808 4914 1972 4965 vitum
2004 4911 2127 4981 fuga

555 5019 882 5057 conservare
912 5004 1129 5067 nititur,
1172 5012 1250 5068 et,
1288 5003 1435 5072 quod
1469 5004 1633 5073 vulgo
1680 5003 1787 5056 dici
1820 5003 2127 5062 consuevit,

556 5094 715 5161 lepus
743 5094 809 5146 ad
838 5109 1027 5161 rupem
1055 5109 1172 5148 sese
1207 5093 1542 5163 proripit,ad
1572 5108 1813 5147 mensam
1842 5092 2123 5162 mysticam

560 5185 791 5253 perfugii
822 5185 946 5237 loco
976 5185 1226 5239 tendens.
1248 5186 1450 5240 Verum
1486 5185 1723 5255 populus
1750 5199 2129 5252 saepenumero

558 5275 624 5328 ad
659 5274 899 5328 furorem
941 5291 1112 5344 usque
1156 5292 1421 5331 accensus
1458 5277 1639 5345 ignem
1681 5276 1857 5345 ipsum
1909 5274 2131 5327 vincere

557 5368 718 5423 solet.
753 5366 889 5420 Nam
920 5382 1044 5420 cum
1065 5367 1205 5419 intra
1228 5367 1342 5434 ipsa
1370 5368 1530 5436 adyta
1556 5382 1713 5420 sacra
1742 5381 1905 5420 cursu
1935 5380 2135 5434 perru~

558 5457 792 5529 pissent,
814 5456 939 5510 inde
946 5457 1210 5535 jniscrum
1223 5458 1484 5522 avellunt,
1500 5465 1555 5510 ct
1571 5456 1850 5519 clamanti,
1869 5455 2132 5524 gementi,

2229 4550 2384 4603 ribus
2445 4546 2680 4616 navigiis
2730 4543 3042 4597 arcessivit.
3080 4542 3213 4595 Nam
3254 4544 3537 4613 relegatus
3572 4540 3625 4593 in
3670 4537 3801 4589 hanc

2232 4641 2465 4695 insulam
2520 4634 2702 4691 fuerat
2757 4651 2788 4688 a
2857 4635 3140 4699 llichaelo,
3174 4634 3266 4704 qui
3328 4651 3442 4690 non
3496 4637 3569 4686 ita
3604 4628 3800 4701 pridem

2237 4734 2582 4799 regnaverat,
2622 4726 2846 4795 propter
2891 4723 3106 4791 imperii
3133 4723 3520 4792 cupidtatern.
3562 4717 3704 4790 quod
3741 4714 3801 4767 ad

2232 4838 2290 4876 se
2348 4832 2541 4888 rapere
2599 4826 2830 4871 conatus
2878 4815 3075 4879 fuerat,
3128 4816 3205 4868 uti
3266 4814 3522 4867 nonnulli
3592 4808 3803 4864 tradunt

2237 4910 2463 4982 (diversi
2495 4911 2640 4962 enim
2669 4909 2769 4960 hac
2794 4907 2861 4959 de
2895 4923 2951 4959 re
2981 4922 3230 4959 rumores
3257 4901 3637 4970 emanarunt),
3661 4896 3806 4953 aftir-

2235 5001 2514 5054 mantibus
2536 4999 2681 5057 aliis,
2720 5014 2954 5068 quorum
2987 4998 3164 5051 aliena
3194 5006 3422 5065 putatur
3456 5012 3484 5048 a
3512 4989 3807 5047 mendaciis

2234 5094 2439 5162 lingua,
2461 5103 2685 5161 prepter
2705 5090 2974 5144 occultam
3008 5107 3132 5142 eum
3169 5088 3523 5158 imperalriee
3554 5086 3661 5138 Zoe
3687 5097 3810 5136 con-

2236 5184 2587 5239 suetudinem
2625 5183 2930 5236 exsulatum
2962 5182 3116 5234 aliire
3149 5180 3363 5248 jnssum
3411 5180 3465 5231 in
3503 5194 3625 5231 eam
3657 5188 3811 5243 quam

2239 5277 2479 5329 diximus
2500 5275 2756 5338 insulam,
2782 5290 2906 5327 cum
2943 5290 3136 5342 parum
3162 5274 3431 5326 abfuisset
3463 5272 3597 5341 quin
3632 5268 3812 5322 oculos

2238 5370 2406 5424 etiam
2441 5366 2741 5420 amitteret.
2790 5366 2944 5434 127
2987 5366 3143 5419 Nunc
3177 5376 3360 5418 autem
3393 5360 3730 5417 coritrariam
3763 5356 3812 5408 in

2241 5470 2452 5531 partem
2504 5460 2653 5528 lapsa
2699 5458 2931 5513 fortuna:
2964 5468 3192 5521 tessera,
3225 5467 3281 5510 ct
3325 5455 3493 5509 aliter
3543 5448 3817 5506 conversis

1914 5548 2115 5607 Variae
2144 5547 2475 5612 lectiones.

640 5654 980 5752 “awvaiql’A.
1102 5651 1121 5681 "'
1168 5650 1257 5731 Ἐν
1306 5651 1554 5752 πέτρῗῖις

1530 5746 1546 5771 )

567 5722 606 5753 ⁸³
634 5719 861 5776 τοκετῶν
894 5724 958 5787 li,
998 5722 1285 5791 κηπευτῶν
1317 5723 1378 5773 Λ.
1415 5719 1424 5721 -
1457 5719 1669 5783 Ηοὗτος
1691 5723 1804 5775 All.

1682 5652 1702 5682 ⁸
1730 5649 1881 5705 llum'
1914 5668 2133 5707 versum
2168 5669 2280 5705 (Im.
2336 5651 2400 5703 R.

2494 5652 2512 5681 ’
2550 5651 2656 5720 γὰρ
2681 5651 2794 5704 ΑΒ.
2904 5649 2945 5679 ¹⁰
2972 5648 3335 5717 ἀπελαθεὶσςς
3395 5646 3460 5697 Α.
3546 5646 3582 5675 ¹¹
3619 5641 3720 5694 ἀπὸ
3757 5637 3814 5689 ιι.
