4072 6438
406 410 517 475 453

1510 421 2019 483 COMPENDlUM
2056 424 2538 488 CHRONICUM.

3580 437 3684 501 ΔΜ

414 530 522 619 βαι
545 522 666 619 ’τῶν
690 524 986 619 ὀστράκων
1008 526 1111 579 τῶν
1139 528 1308 619 αὐτῆς
1338 527 1514 592 άλλως
1549 530 2001 603 μεττρριφὲυτων
2032 537 2077 588 Α
2112 535 2231 588 Κᾶν
2253 542 2457 604 γνῶναι
2480 540 2607 611 θέλῃ
2639 558 2722 605 τις
2760 543 2925 596 αὐτοῦ
2948 545 3017 598 τά
3042 547 3139 616 τῆς
3169 546 3613 619 λαμπροψυχίας.

415 613 667 679 Αὲτάναξ
701 615 1089 669 ἀναδείκνυται
1112 617 1185 681 ⁴⁸,
1215 618 1484 690 δεσπότης
1506 622 1534 673 6
1563 622 1694 692 πρὶν
1722 622 1930 686 δοῦλος,

414 702 698 775 Δῦταρχος
724 707 754 758 6
782 706 1118 777 κατάκριτος
1146 708 1242 760 καὶ
1279 709 1503 778 κράτωρ
1526 712 1555 763 ὁ
1580 711 1893 781 δεσμώτης,

413 793 532 847 Καὶ
547 793 645 866 τὴν
673 794 998 864 βασίλισσαν
1017 797 1171 866 Ζωὴν
1200 798 1536 867 νυμφεύεται
1566 802 1703 871 πρὸς
1729 803 1927 872 γάμον.

416 885 609 948 Οὕτως
643 886 994 957 ἀστάθμητός
1028 890 1147 942 ἐστι
1169 891 1280 944 τῶν
1307 893 1558 961 γηγενῶν
1585 895 1614 946 ό
1641 892 1786 964 βίοςο

415 977 578 1031 Οὕτω
602 981 944 1050 πραγμάτων
973 983 1001 1034 6
1030 983 1222 1052 τροχὸς
1255 985 1369 1040 άνω
1395 986 1490 1040 καὶ
1512 986 1664 1039 κάτω
1687 990 1898 1057 τρέχων

417 1071 673 1125 Κυλίνδει
709 1072 893 1127 πάντα
922 1073 990 1127 τὰ
1037 1074 1211 1145 θνητὰ
1266 1079 1360 1130 καὶ
1401 1077 1606 1147 φύρδην
1641 1078 1998 1148 μετατρέπει.

416 1161 489 1213 Δί
518 1161 701 1232 φῆμαι
717 1162 774 1214 δὲ
811 1165 1157 1233 μορφάζουσι
1183 1166 1372 1220 τοῦτον
1396 1167 1488 1220 τὸν
1519 1168 1846 1237 Μονομάχον

417 1251 544 1308 Τῶν
575 1253 673 1322 μὲν
706 1255 965 1324 μαχίμων
1000 1256 1137 1327 ἀδαῆ
1164 1257 1261 1311 καὶ
1291 1258 1389 1327 τῆς
1422 1259 1780 1328 όπλοφορίας,

406 1342 503 1413 7Τά
525 1342 572 1394 δ’
602 1343 735 1397 ἄλλα
767 1344 1190 1416 μεγαλοπρεπῆ,
1221 1332 1538 1416 φιλόδωρον,
1572 1349 1808 1410 ἀστεῖον,

417 1434 857 1506 Δαμπρόψυχον,
888 1437 1241 1509 φιλόκοσμον,
1274 1440 1495 1508 ἐπιεικῆ
1517 1440 1646 1503 τοὺς
1671 1442 1928 1512 τρόπους,

418 1525 747 1596 Φιλοδωρίας
783 1527 1081 1593 Θάλασσαν,
1107 1529 1305 1600 λίμνην
1335 1531 1744 1602 ποτιμωτάτην,

434 1619 526 1681 Ἐξ
552 1612 626 1671 ὧν
650 1620 974 1690 ἀπήλαυσαν
1017 1622 1204 1676 πολλοὶ
1241 1623 1532 1694 χευμάτων
1569 1624 1998 1695 καλλικρούνων,

435 1709 530 1774 Ἐξ
555 1703 629 1762 ὧν
658 1711 1014 1782 άπήντλησαν
1044 1713 1228 1767 πολλοὶ
1254 1715 1473 1785 νάματα
1508 1715 1797 1787 ζωοτρόφα
1818 1730 1831 1745 ⁸

421 1801 537 1864 Τὰς
564 1801 769 1870 φλέϐας
801 1802 841 1835 ⁸⁵
874 1804 985 1875 γὰρ
1015 1805 1309 1876 ἅπανταχῆ
1339 1806 1725 1877 διακρουνίσας
1748 1806 1927 1879 ὤφθη,

418 1894 468 1945 Χ
479 1894 792 1966 ρυσεοδίνης
824 1892 1141 1961 Πακτωλὸς,
1177 1897 1370 1961 Νεῖλος
1409 1899 1865 1970 ἀργυροχεύμων.

432 1986 713 2053 Ἐπέγνων
746 1986 940 2040 τούτου
965 1988 1058 2040 καὶ
1087 1988 1208 2041 λαοὶ
1237 1988 1498 2059 παλάμας
1536 1989 1890 2059 φιλοδώρους,

431 2078 714 2147 Ἐπέγνων
740 2079 937 2133 τούτου
963 2079 1057 2134 καὶ
1094 2081 1239 2135 ναοὶ.
1259 2080 1756 2152 τὰςυφιλοκόσμους
1786 2083 1995 2153 χεῖρας.

418 2169 490 2220 0i
521 2168 752 2237 πένητες
788 2169 1023 2237 ἐξέπιον,
1045 2171 1335 2243 ήντλησαν,
1368 2173 1485 2226 ἀλλ’
1510 2174 1590 2236 είς
1616 2176 1776 2243 κόρον
1799 2189 1811 2203 ·

422 2262 543 2316 Πᾶν
574 2263 803 2332 τέμενος
831 2264 1146 2329 ἀπήλαυσεν
1172 2264 1392 2335 ἀρδείας
1423 2266 1815 2337 χρυσορείθρου
1846 2266 1911 2320 ³⁸.

420 2352 583 2407 οὕτω
629 2354 806 2418 κοινὸς
845 2351 913 2425 ἦν
946 2357 1215 2425 ποταμὸς,
1252 2357 1567 2427 ἁπανταχοῦ
1608 2358 1649 2389 ¹⁷
1678 2357 1955 2427 λιμνὰζων
1980 2374 1993 2387 ⁸

435 2445 655 2497 Ἐκένου
687 2446 794 2517 γὰρ
824 2444 934 2498 τῶν
965 2445 1186 2517 δωρεῶν
1218 2446 1616 2517 ἀφθονοχύτους
1640 2447 1826 2520 χύσεις

435 2533 525 2596 Ὡς
556 2535 634 2595 εἰς
663 2535 931 2605 ἀτρήτους
963 2535 1213 2602 ἀγωγοὺς
1237 2536 1360 2597 τοὺς
1388 2538 1925 2607 καταπονουμένους.

422 2624 533 2676 Καὶ
565 2624 770 2693 Ξέρξης
804 2626 902 2693 μὲν
930 2628 957 2678 6
1001 2624 1233 2695 σοϐαρὸς
1265 2629 1470 2689 ἐκεῖνος
1505 2629 1533 2678 ὁ
1568 2629 1892 2699 Περσάρχης

433 2714 573 2767 Ὑπὸ
602 2715 770 2787 καλὴν
805 2717 845 2748 ⁸⁸
878 2716 1243 2772 πλατάνιστον
1269 2718 1584 2782 ἀνακλιθεὶς
1614 2721 1670 2772 ἐν
1697 2719 1846 2790 θέρει

426 2807 667 2876 Κόσμοις
702 2807 931 2878 ἀψύχοις
953 2810 1015 2861 τὸ
1042 2810 1206 2878 φυτὸν
1228 2811 1699 2880 ἀντεφιλοτιμεῖτο
1715 2827 1729 2841 ·

429 2898 536 2951 Τοῦ
564 2899 619 2951 δὲ
632 2902 724 2953 καὶ
746 2902 945 2973 πέτραι
969 2902 1066 2955 καὶ
1086 2902 1230 2969 φυτά
1252 2904 1344 2956 καὶ
1372 2903 1525 2974 νῆσοι
1553 2904 1650 2956 καὶ
1675 2902 1998 2974 λειμῶνεςίθ

424 2991 658 3062 Χάρισιν
697 2992 1035 3062 ὲπιάνθησαν
1063 2994 1362 3065 εὐδρόσοις,
1397 2994 1695 3065 ἀειρύτοις.

424 3083 582 3139 ῡῦτω
608 3085 849 3157 μεγάλην
881 3086 979 3158 τὴν
1007 3086 1206 3158 ψυχὴν,
1231 3085 1374 3141 οὕτω
1400 3088 1661 3143 πλουσίαν
1684 3085 1823 3160 εἶχε.

422 3330 585 3402 quasi
620 3330 774 3386 testis
806 3330 978 3394 illius,
1004 3323 1306 3402 imperator
1335 3342 1391 3389 et
1418 3348 1604 3388 rerum
1631 3331 1890 3388 dominus
1912 3344 2003 3387 re-

423 3425 713 3478 nuntiatus
750 3431 854 3489 est,
880 3425 973 3494 qui
1014 3435 1173 3481 antea
1212 3426 1531 3482 conditione
1566 3440 1760 3482 servus
1784 3434 1902 3481 erat
1945 3432 2002 3481 et

423 3515 622 3571 exsilio
654 3515 919 3571 multatus
938 3526 995 3572 et
1019 3517 1074 3571 in
1104 3518 1408 3573 custodiam
1427 3518 1608 3573 datus.
1626 3518 1815 3589 Neque
1829 3520 2003 3575 multo

422 3617 549 3677 post
578 3603 727 3662 Zoen
775 3608 1178 3679 imperatricem
1228 3609 1584 3664 matrimonio
1635 3610 1743 3665 sibi
1794 3612 1998 3681 junxit.

423 3700 505 3755 lta
543 3702 806 3755 nimirum
841 3710 1096 3756 versatur
1131 3703 1186 3756 in
1233 3704 1443 3757 incerto
1480 3702 1594 3757 vita
1637 3703 1998 3771 mortalium;

424 3793 501 3846 ita
535 3809 718 3846 rerum
759 3793 1120 3847 humanarum
1178 3802 1295 3849 rota
1351 3810 1570 3850 sursum
1632 3795 2001 3864 deorsumque

423 3899 659 3938 currens
691 3885 874 3939 omnia
910 3886 1141 3950 volutat,
1176 3895 1231 3942 et
1267 3886 1492 3942 confuse
1536 3888 1781 3942 invertit.
1832 3889 2000 3942 Acce-

423 3976 610 4045 pimus
632 3986 813 4029 autem
839 3974 982 4030 fama
1004 3963 1543 4032 Duellatorem‘hune
1565 3995 1748 4032 rerum
1775 3978 2000 4047 quidem

426 4062 754 4116 militarium
810 4062 979 4119 fuisse
1024 4079 1254 4132 prorsus
1305 4065 1643 4135 imperitum,
1702 4066 2001 4134 caaleroqui

422 4165 560 4205 vero
607 4149 957 4221 magniﬁcum
984 4191 999 4216 ,
1040 4151 1342 4215 liberalem,
1384 4153 1677 4217 urbanum,
1724 4154 2005 4223 magnani-

424 4256 605 4311 mum,
664 4245 1064 4301 moderationis
1113 4255 1169 4302 et
1215 4246 1492 4316 aequitatis
1543 4248 1878 4311 studiosum,
1938 4264 2003 4303 ac

426 4335 735 4408 pnesertim
764 4337 837 4391 ita
871 4337 1194 4393 muniﬁcum
1216 4348 1277 4392 ut
1305 4353 1427 4394 esse
1455 4338 1802 4393 liberalitatis
1825 4339 2001 4408 quod—

425 4431 553 4483 dam
579 4430 737 4500 quasi
766 4445 919 4485 mare
945 4430 1425 4501 videretur,eujus
1457 4430 1639 4485 lructu
1665 4431 1857 4486 multis
1889 4430 2000 4485 frui

2117 627 2178 679 Ἠ
2216 628 2673 703 λαμπροδόμητος
2701 635 2836 706 μονὴ
2868 637 3201 692 πιστῶσεται
3234 641 3294 693 τὸ
3320 644 3576 712 πρᾶγμα,

2111 718 2213 771 Ἦν
2234 721 2298 772 ἐκ
2331 719 2612 787 θεμέθλων
2640 727 2684 756 ²⁰
2730 725 2974 797 ἤγειρεν,
3015 729 3123 782 ἀπὸ
3159 730 3328 802 ῥιζῶν
3360 734 3604 802 ἐσχάτων
3638 736 3678 764 ²¹

2102 808 2193 878 Τῷ
2219 810 2351 880 θείῳ
2376 812 2830 886 Χριστομάρτυρι
2849 818 2926 887 τῷ
2943 824 3455 893 τροπαιοφοροῦντιι

2116 900 2401 975 Ἀλλὰγὰρ
2420 904 2569 960 οὕτω
2587 910 2698 970 τοῖς
2717 909 2905 972 καλοῖς
2926 910 3136 966 θάλλων
3154 914 3295 985 ὑπὲρ
3309 915 3407 978 τὰς
3429 917 3679 986 κέδρους,

2102 994 2261 1048 Οὕτω
2286 997 2475 1065 κομῶν
2506 1002 2627 1061 ταῖς
2653 1001 2878 1070 ἀρεταῖς
2928 1003 3214 1071 ἀείφυλλος
3242 1006 3316 1069 ὡς
3341 1007 3539 1075 φοῖνιξ,

2106 1088 2282 1154 Ἀγαν
2318 1088 2573 1158 πονηρῶς
2615 1091 2715 1159 τῆς
2746 1092 2948 1160 σαρκὸς
2978 1090 3088 1164 εἶχε
3126 1097 3224 1167 τῆς
3261 1099 3599 1170 χωματίνης,

2104 1179 2392 1249 Ποδάγρας
2427 1185 2552 1244 ταῖς
2587 1183 2890 1253 βαρύτησιν
2915 1187 3210 1257 ὲσφίγγετο
3238 1192 3364 1252 τοὺς
3396 1193 3565 1254 πόδας

2114 1269 2203 1332 Ὠς
2232 1272 2562 1336 ποδοκάκαις
2590 1277 2858 1345 ἰσχυραῖς,
2893 1276 3085 1349 ῶσπερ
3121 1280 3518 1344 ἀλυκτοπέδαις

2102 1362 2216 1415 Καὶ
2248 1364 2431 1417 τοίνυν
2467 1365 2796 1437 διημέρευεν
2818 1369 2875 1421 ὲν
2902 1370 3170 1439 μαλακοῖς
3194 1371 3436 1441 δεμνίοις

2103 1454 2606 1525 Παραμυθούμενος
2632 1457 2785 1528 αὐτῷ
2806 1459 2932 1522 τοὺς
2958 1462 3306 1525 κατακόπους
3337 1463 3526 1525 πόδας.

2114 1546 2397 1600 Ἐντεῦθεν
2424 1548 2817 1620 ἀνερράγησαν
2853 1550 3002 1621 αὑτῷ
3037 1552 3376 1623 πολυκυμίαι

2101 1639 2211 1692 Καὶ
2240 1640 2538 1710 συμφορῶν
2567 1642 2663 1694 καὶ
2689 1644 3015 1712 πειρασμῶν
3044 1645 3237 1714 ἄνεμοι
3266 1646 3554 1716 κυματίαι.

2105 1731 2409 1784 Ἤκουσται
2437 1733 2655 1796 πάντως
2681 1735 2708 1785 ὁ
2739 1733 2911 1796 δεινὸς
2942 1736 3149 1798 ἐκεῖνος
3178 1737 3493 1807 Μανώχης,

2113 1821 2279 1892 Ἀνὴρ
2313 1825 2823 1894 γιγαντοπάλαμος,
2847 1826 3088 1896 ὀξύχειρ,
3114 1827 3504 1897 ἁνδροφόντης.

2105 1915 2632 1986 Θρασύσπλαγχνος,
2662 1918 2975 1989 εὐκάρδιος,
3003 1921 3182 1972 πνέων
3216 1920 3387 1989 ὀργῆς
3419 1918 3682 1990 ὲκθύμου.

2117 2006 2357 2069 Ἐκεῖνος
2386 2007 2568 2059 τοίνυν
2591 2007 2863 2077 ἠθροικὼς
2884 2009 3087 2077 ἄνδρας
3116 2011 3550 2080 ἀγχεσιμάχους.

2105 2098 2541 2169 Κορυνοφόρουνῖ,
2562 2100 2860 2171 αἰχμητὲς,
2888 2100 3095 2166 ἄνδρας
3109 2101 3579 2173 γιγαντοσώμου-ς,

2110 2191 2417 2261 Εὑαύξητον
2448 2192 2760 2262 ἀναδρομὴν
2795 2194 3059 2264 φέροντας
3088 2195 3198 2247 τῶν
3233 2196 3522 2264 σωμάτων,

2119 2281 2252 2333 ’Υπὲ
2262 2299 2292 2352 ρ
2323 2281 2430 2334 πὶεα
2445 2283 2610 2337 τάνων
2635 2284 2881 2354 ὐδρηλῶν
2901 2286 3075 2355 μῆκος
3097 2286 3520 2358 ῶργυιωμένους
3537 2328 3553 2353 ,

2116 2374 2202 2436 Ὡς
2232 2377 2393 2442 νέφος
2422 2377 2564 2448 ὑπὲρ
2596 2378 2839 2447 κεφαλῆς
2869 2377 3001 2449 ἔστη
3026 2379 3120 2433 τοῦ
3147 2380 3413 2450 βασιλέως

2107 2465 2284 2534 Παχὺ,
2309 2468 2846 2541 ζοφῶδες,θολερὸν,
2887 2471 3216 2540 μελάντερον
3246 2473 3344 2526 καὶ
3374 2472 3601 2543 πίσσης,

2108 2557 2390 2626 Ὀμϐρους
2405 2559 2696 2628 ῥαγδαίους
2708 2559 2969 2625 ἀπειλῶν,
2985 2561 3083 2632 οὐχ
3097 2561 3346 2624 ὑδατίους
3362 2562 3408 2593 ’⁸
3421 2560 3680 2632 ὄμϐρους,

2118 2648 2278 2702 Ἀλλὰ
2308 2651 2438 2720 ῥοὰς
2470 2652 2807 2722 αἰματηρίῑς,
2842 2653 2978 2706 ἀλλὰ
2999 2652 3212 2720 φονίους
3237 2654 3447 2723 χύσειςι

2105 2739 2394 2793 Κατέλαϐε
2417 2740 2484 2792 τὰ
2515 2741 2774 2810 φρούρια,
2800 2741 3068 2795 κατέλαϐε
3100 2741 3200 2805 τὰς
3223 2742 3428 2805 πόλεις.

2054 2840 2079 2877 ι
2118 2829 2311 2900 Ἐπῄει
2340 2831 2563 2901 βρέμων
2588 2833 2667 2903 τῷ
2703 2832 2882 2903 θυμῷ,
2923 2834 3111 2899 φυσῶν
3142 2834 3284 2903 ὑπὲρ
3314 2834 3680 2904 Κενταύρους,

2116 2924 2204 2987 Ὧς
2233 2926 2527 2986 Καπανεὺς
2559 2925 2940 2995 μεγαλαυχῶν,
2976 2927 3280 2993 κομπάζων
3302 2927 3378 2989 ὡς
3419 2927 3677 2990 Ἀνταῖος.

2107 3016 2220 3070 Καὶ
2249 3016 2335 3079 τίς
2362 3017 2428 3070 ἂν
2452 3017 2648 3087 ἤλπισε
2681 3021 2874 3087 φυγεῖν
2904 3020 3012 3071 ἀπὸ
3036 3018 3214 3071 κακοῦ
3249 3018 3537 3082 τοσούτου;

2119 3101 2261 3157 Ἀλλ’
2296 3105 2325 3157 6
2347 3107 2888 3177 περιφρουρούμενος
2916 3107 2962 3139 ³³
2978 3111 3095 3172 ταῖς
3119 3107 3214 3160 τοῦ
3246 3107 3382 3162 Θεοῦ
3402 3109 3683 3179 παλάμαις

3346 3232 3501 3289 Vers.
3539 3233 3689 3290 6500‘

2107 3351 2331 3410 tamque
2373 3340 2702 3411 locupletem
2731 3340 2890 3397 habet
2914 3351 2989 3396 at.
3014 3339 3223 3407 Quodsi
3259 3339 3384 3411 quis
3414 3340 3534 3410 ejus
3563 3356 3682 3395 mau-

2103 3433 2435 3504 gnili-centiae
2484 3432 2639 3502 cupit
2679 3445 3063 3503 argumentum
3116 3433 3345 3495 habere,
3399 3431 3559 3487 ﬁdem
3602 3432 3677 3486 illi

2103 3524 2269 3579 faciet
2300 3523 2497 3578 domus
2517 3524 2607 3578 illa
2632 3523 3077 3593 splendidissime
3106 3529 3424 3577 constructa
3453 3522 3521 3576 de
3550 3521 3680 3576 fun‘

2103 3615 2362 3669 damento
2393 3615 2447 3668 in
2490 3614 2756 3669 honorem
2787 3614 3071 3669 victoriosi
3123 3613 3278 3668 testis
3294 3612 3497 3668 Christi
3541 3612 3681 3669 Gre-

2102 3707 2262 3779 gorii.
2279 3705 2384 3761 Sed
2407 3707 2554 3761 enim
2570 3706 2664 3775 qui
2686 3705 2824 3760 adeo
2847 3706 3087 3775 fulgebat
3103 3705 3263 3759 bonis
3282 3720 3445 3774 supra
3464 3704 3685 3769 eedros,

2103 3808 2161 3853 et
2183 3798 2277 3869 qui
2306 3797 2610 3851 virtutibus
2641 3796 2873 3850 ﬂorebat
2898 3805 3157 3865 tanquam
3183 3795 3445 3849 omnibus
3472 3795 3680 3851 durans

2101 3889 2359 3944 aetatibus
2411 3888 2658 3957 phoenix,
2689 3901 2919 3954 corpore
2953 3884 3248 3940 admodum
3270 3892 3391 3939 erat
3424 3885 3692 3955 languido

2103 3988 2160 4036 et
2180 3980 2400 4046 allecto;
2441 3994 2568 4032 nam
2598 3978 2839 4047 podagra
2860 3976 3164 4040 laborabat,
3185 3964 3503 4029 constrictis
3526 3978 3686 4043 quasi

2103 4086 2202 4140 per
2249 4070 2544 4139 compedes
2590 4071 2853 4138 quosdam
2901 4068 3153 4137 pedibus.
3197 4066 3567 4133 Quamobrem
3626 4068 3680 4120 in

2103 4161 2249 4215 lecto
2266 4159 2597 4215 decumbere
2611 4167 2832 4213 coactus
2851 4173 3026 4227 aegros
3046 4166 3102 4212 et
3130 4157 3498 4213 discruciatos
3514 4158 3684 4227 pedes

2104 4251 2355 4307 curabat.
2381 4250 2518 4303 llinc
2545 4258 2624 4303 tot
2651 4250 2704 4302 in
2736 4250 2920 4319 ipsum
2955 4256 3306 4318 tempestates
3330 4256 3387 4303 et
3414 4263 3676 4302 aerumnae

2104 4351 2234 4398 sunt
2266 4341 2568 4396 concitatae.
2608 4340 2782 4394 Notus
2815 4350 2902 4395 est
2931 4340 3233 4395 acerrimus
3267 4339 3357 4393 ille
3387 4339 3688 4399 Maniaces,

2104 4433 2418 4503 giganteum
2464 4432 2518 4484 in
2564 4444 2775 4484 morem
2820 4428 3141 4494 bellicosus,
3173 4444 3337 4483 manu
3371 4438 3676 4498 promptus,

426 4525 723 4595 contingit,
749 4523 1056 4579 emittentis
1080 4524 1343 4595 quasdam
1374 4525 1530 4594 quasi
1554 4539 1721 4579 venas
1742 4533 1798 4579 et
1817 4534 2002 4580 seatu-
2031 4553 2083 4611 υ
2116 4523 2367 4579 caedibus
2412 4523 2684 4593 gaudens,
2722 4520 2920 4587 audax,
2971 4520 3155 4585 fortis,
3195 4520 3446 4575 animoso
3496 4520 3682 4574 cordis

427 4619 628 4673 rientis
652 4619 706 4672 in
732 4633 942 4673 morem
962 4617 1187 4673 auriferi
1200 4617 1405 4673 Pactoli
1426 4617 1643 4687 Nilique
1667 4617 2004 4687 argentillui.

426 4710 645 4778 Quippe
680 4709 970 4764 munilicas
1010 4707 1186 4778 ipsius
1217 4723 1415 4763 manus
1464 4717 1705 4776 expertae
1739 4715 1868 4761 sunt
1905 4722 2005 4760 na-

429 4798 610 4851 tiones
638 4798 883 4867 integrat,
917 4797 1139 4868 templa,
1164 4812 1455 4868 pauperes.
1481 4797 1612 4851 Erat
1636 4797 1782 4851 enim
1809 4796 2007 4852 ﬂuvius

430 4887 638 4957 ubique
676 4897 851 4943 semet
883 4888 1199 4955 eﬂ‘undens,
1244 4898 1301 4945 et
1348 4903 1579 4943 munera
1628 4884 2007 4958 copiOsissime

427 4980 799 5036 distribuebat
828 4983 884 5035 in
911 4996 1259 5036 aerumnosos
1308 4990 1563 5052 tanquam
1606 4981 1661 5035 in
1698 4980 1923 5035 tubulos
1950 4976 2005 5035 et

424 5074 651 5128 canales
717 5072 864 5127 haud
921 5074 1220 5144 perfossus.
1284 5072 1570 5143 Superbus
1622 5073 1843 5144 quidem
1912 5074 2003 5128 ille

426 5165 664 5229 Xerxes,
698 5167 987 5221 Persarum
1030 5182 1150 5232 rex,
1183 5181 1310 5219 eum
1366 5167 1553 5221 aestivo
1610 5174 1853 5236 tempore
1902 5167 2004 5221 sub

2106 4622 2312 4689 impetu
2364 4618 2629 4672 fervidus.
2656 4617 2705 4671 Is
2738 4615 2907 4686 igitur
2956 4631 3082 4670 eum
3140 4615 3390 4685 egregias
3441 4613 3676 4667 militum

2103 4711 2528 4767 fortissimorum
2569 4707 2757 4776 copias
2793 4705 3085 4775 coegisset,
3121 4705 3281 4773 128
3310 4701 3465 4772 quasi
3508 4704 3685 4754 nules

2107 4804 2358 4875 qumdam
2408 4800 2634 4856 horrida
2680 4808 2845 4867 caput
2887 4796 3241 4865 imperatoris
3299 4794 3537 4863 operuit,
3560 4808 3682 4862 quae

2103 4898 2319 4968 pluvias
2350 4894 2728 4954 vehementes,
2757 4903 2867 4942 non
2911 4901 3173 4956 aquosas,
3197 4885 3291 4940 sed
3342 4883 3520 4938 ﬂuxus
3554 4898 3681 4937 san-

2110 4987 2292 5058 guinis
2316 4984 2637 5039 minaretur.
2661 4978 2799 5033 Hinc
2827 4978 3064 5033 castellis
3086 4986 3143 5032 et
3163 4974 3380 5045 oppidis
3401 4974 3579 5043 captis
3607 4973 3682 5025 ita

2110 5082 2331 5136 fervens
2357 5073 2836 5147 progrediebatur,
2857 5069 3162 5126 Centauros
3191 5066 3485 5123 insolentia
3519 5081 3689 5135 supe-

2112 5189 2258 5234 rans,
2290 5179 2346 5224 ut
2373 5168 2657 5238 Capaneus
2685 5162 2972 5234 magniﬁce
2997 5177 3055 5217 se
3078 5160 3338 5224 ell‘erens,
3377 5166 3439 5213 ut
3459 5159 3692 5214 Antaeus

426 5258 654 5326 platano
706 5257 1084 5327 pulcherrima
1130 5257 1497 5322 recubuisset,
1546 5259 1809 5317 arborem.
1846 5274 2010 5313 orna-
2107 5282 2232 5322 cum
2264 5263 2408 5318 fasm
2438 5277 2497 5316 se
2522 5267 2827 5314 ostentans.
2854 5258 2919 5310 Et
2939 5254 3062 5325 quis
3089 5253 3357 5325 ejusmodi
3386 5268 3445 5307 se
3478 5252 3681 5307 malum

428 5350 636 5405 mentis
676 5350 938 5405 inanimis
989 5351 1230 5405 vicissim
1274 5351 1653 5405 cohonestavit
1694 5368 1708 5405 :
1747 5360 1801 5405 at
1845 5351 2007 5422 hujus

428 5443 785 5510 imperatoris
845 5442 1127 5497 beneﬁciis
1186 5441 1464 5496 continuis
1496 5444 1727 5511 scapuli,
1757 5443 2002 5507 arbores,

427 5534 645 5593 insulae.
690 5545 850 5605 prata
887 5535 1057 5605 rigata
1092 5543 1243 5591 sunt.
1280 5533 1414 5589 Tam
1459 5550 1714 5605 maguum
1759 5535 2004 5589 animum

2112 5355 2450 5411 evitaturum
2476 5349 2787 5421 sperasset?
2823 5347 3124 5403 Enimvero
3155 5345 3407 5416 quisquis
3441 5343 3535 5397 Dei
3570 5360 3683 5397 ma.-

2105 5448 2267 5502 nihus
2303 5443 2632 5509 custoditur,
2671 5442 2917 5513 gigantes
2942 5436 3440 5499 nonl‘ormidabit,
3471 5434 3688 5488 belluas

2107 5555 2216 5593 non
2246 5545 2473 5603 metuet,
2514 5549 2624 5588 non
2670 5532 2902 5597 ferrum,
2931 5546 3044 5586 non
3091 5544 3155 5585 os
3200 5526 3446 5583 ardentis
3478 5525 3683 5578 camini

1799 5649 2002 5709 Varize
2027 5650 2354 5712 lectiones.

500 5758 956 5812 ’δάποδεεκνιται
987 5753 1050 5806 ll.
1129 5755 1170 5785 ’³
1201 5754 1259 5805 τδ
1291 5742 1509 5821 βλέμμα
1538 5757 1601 5805 Λ.

422 5832 538 5887 AR.
621 5831 665 5862 ’°
698 5828 809 5882 ἀπὸ
833 5825 1047 5895 βάθρων
1080 5824 1143 5877 Β.

1738 5753 1779 5783 to
1807 5753 2178 5821 χρυπορῥύτου
2214 5751 2324 5803 All.

1256 5826 1298 5854 ¹¹¹
1328 5824 1430 5877 τῶν
1489 5824 1721 5893 πρώτων
1756 5825 1818 5876 Α.
1889 5827 1930 5854 ³³
1960 5824 2237 5884 ἱδατίνους
2270 5821 2331 5872 [ἶ.

2418 5750 2462 5830 Ῐῖ
2484 5746 2868 5830 δξπανταχῆ,Αο
2951 5746 2993 5778 ’⁸
3023 5743 3187 5830 rem
3218 5742 3281 5795 Α·
3386 5740 3428 5772 ¹⁹
3460 5737 3683 5809 λιμένες

2419 5822 2462 5852 ’³
2495 5813 2960 5890 δορυφορολέμενος
3008 5813 3121 5867 ΑΒ.
