4072 6432
403 313 510 378 459

406 430 513 482 Καὶ
534 423 1056 494 συναντιλαῦόμενον
1081 422 1177 491 τῆς
1209 419 1402 491 πρώην
1435 419 1767 490 τυραννίδος,

406 522 574 582 Αὐτὸς
606 519 664 572 δὲ
693 519 754 572 τὸ
777 516 1071 588 τραχύϐιον
1101 513 1194 566 τοῦ
1219 513 1360 566 κατὰ.
1388 511 1520 565 Θεὸν
1544 511 1588 541 δ”
1620 513 1737 580 βίου

414 614 702 682 Ἐλόμενος
727 609 1002 680 ἀμφέθετο
1028 606 1263 676 χιτῶνας
1294 603 1696 675 μελαγχρόους,

409 706 516 758 Καὶ
549 702 864 768 δαπανήσας
896 699 1088 751 ἑαυτὸν
1123 698 1305 768 ἔργοις
1341 697 1792 766 μακροκαμῶοις

411 790 836 863 Πολυζηλὼτῳ⁵⁸
877 791 1111 860 τέρματι
1139 791 1230 842 τὸν
1263 789 1377 859 βίον
1408 785 1698 842 καταλύει·

405 885 496 937 Διὸ
525 885 616 936 καὶ
643 882 848 953 εὕρηκε
879 881 1023 948 ζωὴν
1053 881 1230 948 ἧνπερ
1259 879 1351 931 καὶ
1383 879 1640 932 έπεπὸθει
1662 879 1730 930 δ’.

491 976 549 1028 '0
589 973 798 1035 Δοῦκας
821 972 878 1023 δὲ
915 971 1246 1039 παραλαϐὼν
1285 969 1380 1024 τοῦ
1406 973 1637 1039 κράτους
1670 969 1766 1032 τὰς
1796 968 1952 1038 ἡνίας

407 1063 479 1118 Τὸ
508 1063 780 1133 τέτρωρον
812 1061 872 1113 τὸ
908 1059 1142 1130 χρύσεον
1169 1058 1347 1112 ἴθυνεν
1378 1058 1748 1128 ἀγχωμάλως,

409 1157 516 1210 Kal.
545 1153 826 1226 χρώμενος
869 1151 1235 1223 βηματισμοίς
1275 1149 1566 1219 σχολαίοις,
1595 1148 1986 1220 βραδυπόροις,

408 1248 548 1316 Μήτ’
576 1241 730 1305 αὖθις
764 1243 910 1296 ἅπαν
944 1240 1179 1302 ἐνδιδοὺς
1205 1239 1300 1292 καὶ⁵
1334 1238 1657 1309 παραϐόλως
1686 1237 1845 1302 θέων,

422 1337 584 1390 Ἀλλὰ
620 1338 716 1390 καὶ
743 1335 973 1405 θράσους
996 1333 1087 1385 τὸν
1119 1331 1367 1402 βρασμὸν
1395 1330 1591 1402 ὥσπερ
1612 1328 1991 1400 ἁνασειράζων

413 1431 523 1484 (al.
560 1429 772 1497 φεύγων
790 1429 850 1480 τὸ
877 1426 1020 1480 κατὰ
1043 1424 1365 1496 κρημνῶν³⁰
1384 1423 1635 1477 ἐλαύνειν
1665 1423 1992 1490 ἀπροόπτως

414 1521 522 1574 Καὶ
545 1520 671 1582 τοὺς
710 1518 814 1569 τῶν
847 1517 1240 1586 ἀμαξοτροχῶν
1275 1515 1555 1578 κινδύνους
1591 1514 1954 1567 ὕπεκκλίνων.

425 1614 513 1666 Ἐν
539 1610 900 1681 έπταρίθμοις
932 1610 988 1662 δὲ
1019 1610 1180 1662 παισὶ
1214 1609 1305 1662 τὸν
1339 1603 1487 1660 οἷκον
1521 1607 1816 1678 ὑπερείσας

415 1706 626 1772 Ὥσπερ
664 1705 719 1754 ὲν
757 1703 930 1753 κίοσιν
961 1701 1102 1753 ἑπτὰ.
1132 1700 1345 1768 παγίως
1378 1700 1634 1771 ἁραρόσι.

415 1799 520 1849 Κα“ι
551 1796 760 1865 μέλλων
787 1793 1187 1846 ἀπανίστασθαι
1217 1791 1310 1845 τοῦ
1344 1792 1460 1860 βίου
1496 1792 1587 1844 καὶ
1615 1789 1722 1844 τῶν
1754 1788 1888 1859 βίου,

353 1941 356 1944 ,
415 1887 618 1941 Κλόνον
648 1884 1114 1955 ἁπειρομὲριμνον
1137 1877 1254 1952 εἶχε
1283 1882 1426 1935 κατᾶ
1457 1881 1660 1951 καρδία

420 1981 531 2034 Καὶ
555 1979 821 2033 κλύδωσιν
863 1978 1090 2047 ἐφέρετο
1119 1976 1418 2046 φροντίδων
1443 1974 1764 2044 ἐπαλλήλων

421 2075 687 2146 Ἐστεργε
717 2072 816 2143 τὴν
855 2071 1196 2142 βασίλισσαν,
1232 2069 1392 2140 ἦθελε
1422 2070 1628 2139 ταύτην
1661 2070 1845 2138 μένειν

417 2167 539 2222 Τῶν
566 2165 770 2220 παίδων
795 2181 853 2218 τε
881 2162 1269 2234 φροντίστριαν
1294 2160 1389 2214 καὶ
1417 2159 1518 2227 τῆς
1551 2159 1726 2228 ἀρχῆς
1759 2156 2000 2226 μερῖτιν,

429 2260 760 2311 ’Υπὼπτευε
788 2256 850 2307 τὸ
873 2253 1148 2325 τρυφερὸν
1181 2252 1342 2305 πάλιν
1376 2252 1476 2320 τῆς
1512 2249 1724 2319 ἡλικίας
1743 2249 1785 2279 ⁸¹
1808 2262 1822 2276 ·

1541 302 2056 364 CONSTANTINI
2098 305 2474 365 MANASSIS

3556 305 3662 370 4Εο

2018 422 2055 478 Λ
2088 420 2363 487 Μετᾶγειν
2390 422 2490 490 τὴν
2516 421 2834 491 βασίλισσαν
2868 422 3078 474 ἐκεῖθεν
3102 423 3360 492 ἐπειρᾶτο

2087 513 2196 564 Καὶ
2226 513 2337 574 τοῖς
2366 514 2520 564 παισὶ
2548 512 2872 566 καταλιπεῖν
2905 512 3188 581 ἐλεύθερον
3219 512 3280 565 τὸ
3307 513 3532 582 κράτος,

2094 604 2320 666 ’Λλλους
2358 604 2544 666 αὐτοῖς
2573 604 2853 675 διοικητὰς
2881 605 3110 674 θέμενος
3141 605 3218 667 ὡς
3258 605 3495 674 νηπίοις.

2103 694 2262 746 Ἀλλὰ
2290 695 2350 745 τὸ
2375 694 2568 763 μέλλον
2595 696 2740 747 ἔοικε
2773 695 2990 747 πάντων
3016 694 3391 764 ὑπερισχύειν,

2086 785 2561 855 Κατακαυχᾶσθαι
2589 784 2888 856 λογισμῶν,
2919 787 3221 855 ύπερνικᾷν
3250 784 3476 853 καρδίας
3495 784 3567 838 δ’.

2091 879 2200 931 Καὶ
2222 878 2401 930 τοίνυν
2426 881 2457 946 ἠ
2488 878 2776 947 βασίλισσα
2797 878 3002 931 τούτων
3026 877 3396 946 ἐπαισθομένη

2092 971 2198 1022 Καὶ
2232 972 2340 1023 πᾶν
2370 971 2429 1021 τὸ
2455 971 2756 1023 διαΰούλιον
2795 970 3040 1040 μαθοῦσα
3074 971 3168 1022 τοῦ
3207 971 3536 1039 συλλέκτρου

2092 1064 2319 1133 Ὀρκοις
2346 1065 2513 1134 αὐτὴν
2545 1065 2872 1134 φρικώδεσιν
2910 1059 2998 1119 οἷα
3024 1066 3242 1134 δεσμοῖς
3276 1067 3570 1135 συσφίγγει

2090 1157 2305 1226 Μηκέτι
2345 1159 2697 1226 παστοπήγια
2733 1157 2930 1225 στῆσαι
2965 1158 3221 1227 δευτέρου
3256 1160 3460 1227 γαμου,

2097 1249 2325 1312 Ἄλλους
2360 1250 2558 1320 μηκέτι
2589 1248 2896 1316 γνώσεσθαι
2929 1249 3206 1318 θαλάμους
3237 1249 3568 1319 γαμηλίους,

2106 1342 2264 1395 Ἀλλὰ
2291 1345 2402 1405 τοῖς
2431 1342 2644 1404 τέκνοις
2668 1343 2778 1403 τοῖς
2809 1342 2976 1394 αὑτοῦ
3001 1342 3060 1393 τὸ
3084 1343 3284 1410 κράτος
3316 1345 3678 1412 συντηρῆσαι.

2139 1436 2201 1492 Ὀ
2213 1433 2314 1504 μὲν
2333 1433 2423 1488 οὖν
2439 1434 2645 1496 Δοῠκας
2657 1435 2766 1494 τοῖς
2785 1431 3055 1503 θεσμοίς⁸³
3073 1435 3180 1496 τοῖς
3199 1436 3442 1502 φυσικοῖς
3463 1435 3491 1486 ύ
3504 1433 3640 1504 πήχθ
3653 1453 3682 1502 η

2099 1529 2204 1582 Καὶ
2238 1528 2296 1580 τὸ
2327 1527 2517 1596 θνητὸν
2556 1529 2650 1580 καὶ
2687 1528 2916 1596 γηγενὲς
2955 1527 3334 1596 ἀπεφορτίσθη
3371 1525 3536 1596 βάρος

2109 1620 2196 1671 Ἐν
2225 1619 2586 1688 ἑπταρίθμοις
2609 1619 2756 1670 ἔτεσι
2796 1618 3088 1687 Ῥωμαίων
3120 1616 3444 1686 βασιλεύσας
3466 1618 3535 1648 ’δ’

2112 1711 2176 1763 Ἥ
2206 1711 2250 1763 δ’
2292 1709 2524 1762 Εὑδοκία
2557 1709 2832 1778 σύμπλοος
2871 1710 3082 1776 ὲγίνετο
3113 1713 3226 1772 τοῖς
3258 1708 3472 1770 τέκνοις

2033 1773 2073 1829 θ
2104 1801 2380 1864 Ναυϐἁτις
2410 1773 2828 1874 χρηματίζουσα
2857 1773 2949 1854 τοῦ
2981 1799 3369 1871 καλλιπρετιρου
3416 1797 3683 1866 σκάφους,

2115 1894 2251 1945 Ἀλλ’
2275 1894 2474 1961 αἴφνης
2499 1893 2836 1962 ἀγριανασαι
2864 1893 3066 1957 σαρκὸς
3099 1894 3156 1946 ai
3184 1889 3498 1958 καταιγίδες

2115 1987 2434 2058 Ἐξήγειραν
2459 1987 2797 2055 δυσταραχον
2825 1985 3027 2055 ἄνεμον
3060 1985 3362 2054 κυματίαν.

2113 2080 2425 2148 Ἐπὴγαγον
2458 2077 2852 2146 ναυτιασμοὺς,
2877 2077 3126 2146 ἐμέτους,
3153 2073 3459 2135 σκοτοδίνας
3475 2073 3543 2133 ⁵³,

2116 2171 2452 2238 Ίιπείλησαν
2485 2172 2612 2232 τοὺς
2647 2169 2908 2231 πλέοντας
2941 2167 3128 2221 θέσθαι
3161 2166 3642 2236 κυματοκλύστους
3670 2178 3685 2192 ·

2107 2260 2346 2328 Πέλαγος
2375 2261 2484 2330 γὰρ
2511 2260 2870 2329 δυσχείμερον
2896 2259 3156 2327 ὑπήνοιγε
3184 2256 3247 2308 τὸ
3275 2257 3471 2324 στόμα.

421 2351 547 2414 Τοῖς
579 2350 688 2421 γὰρ
716 2349 982 2418 βρασμοῖς
1011 2349 1105 2400 καὶ
1137 2345 1476 2415 σφαδασμοῖς
1512 2345 1625 2407 τοῖς
1659 2343 1758 2412 τῆς
1799 2339 2003 2407 σαρκὸς
2103 2351 2168 2405 Τί
2191 2351 2247 2406 δι
2280 2350 2377 2406 καὶ
2402 2353 2551 2403 ποῖον
2575 2352 2636 2403 τὸ
2664 2351 2904 2420 συμϐάνς
2937 2350 3072 2418 Ἀγε
3103 2366 3212 2419 μοι,
3247 2348 3393 2416 λόγε,
3423 2346 3686 2416 φθέγγου,

1715 2431 2002 2504 ιὲσφρίγα.

435 2535 761 2588 ’Υπώπτευε
805 2533 880 2604 μὴ
917 2530 1165 2603 δεύτερον
1190 2531 1322 2602 πρὸς
1355 2530 1508 2600 λέχος
1543 2526 1828 2596 ἀνακλίνῃ,

424 2628 516 2698 Μὴ
554 2627 718 2678 πᾶλιν
759 2626 946 2696 μήτηρ
971 2622 1192 2693 γένηται
1225 2620 1428 2676 παίδων
1458 2617 1931 2687 ἁλλοὸλαστήτων,

425 2717 736 2772 Κάντεῦθεν
765 2718 818 2771 οἱ
853 2716 952 2788 μὶν
982 2715 1041 2780 ἐξ
1070 2714 1234 2770 αὑτοῦ
1262 2713 1490 2784 φυέντος
1523 2709 1871 2782 μαρανθείεν,

426 2810 568 2878 ΠρΣς
595 2809 652 2862 δὲ
677 2809 800 2872 τοὺς
825 2805 1164 2880 ὲτεροθαλετς
1195 2804 1257 2857 τὸ
1294 2803 1494 2875 κράτος
1529 2800 1826 2873 μεταδαίη.

427 2902 712 2966 ’τοιαύταις
741 2900 1154 2971 κυματούμενος
1186 2898 1293 2952 τῶν
1330 2895 1609 2966 λογισμῶν
1653 2896 1773 2956 ταῖς
1804 2893 1999 2957 ζάλαις

2102 2443 2195 2513 Μὴ
2224 2442 2374 2512 παρὰ
2407 2442 2562 2512 μέλος
2588 2441 2686 2513 τὴν
2719 2441 2920 2511 νευρὴν
2947 2440 3049 2510 τὴν
3075 2439 3342 2510 μουσικὴν
3371 2437 3686 2508 ψαλάττων.

2173 2531 2284 2589 Ἦν
2322 2535 2601 2604 Ῥωμανός
2633 2551 2717 2598 τις
2742 2535 3109 2604 στράταρχος,
3142 2531 3372 2600 ὲπίκλην
3404 2530 3689 2599 Διογένης,

2118 2629 2420 2700 Ἰὶπίχαρις,
2452 2627 2829 2698 εὐπρόσωπος,
2853 2625 2916 2678 τὸ
2947 2627 3101 2692 γένος
3131 2623 3523 2691 Καππαδόκης,

2109 2716 2180 2772 Εὖ
2223 2719 2361 2789 ἔχων
2388 2717 2618 2780 κάλλους
2647 2716 2922 2784 σώματος,
2955 2716 3013 2770 εὗ
3040 2715 3097 2768 δὶ
3124 2716 3216 2769 καὶ
3257 2713 3586 2784 βραχιόνων,

2108 2807 2260 2874 Εἶδος
2295 2806 2543 2862 πλουτῶν
2572 2807 2856 2878 ἐράσμιον,
2887 2804 3037 2871 ἄξιον
3071 2805 3402 2876 τυραννίδος.

2108 2898 2276 2964 Οὗτος
2307 2899 2430 2953 ίδὼν
2473 2900 2543 2952 τα
2572 2900 2875 2969 πράγματα
2904 2899 2999 2952 καὶ
3028 2898 3124 2968 τὴν
3160 2897 3312 2968 ἰσχὺν
3362 2894 3652 2966 Ῥωμαίων

3368 3020 3522 3077 Vers.
3552 3019 3695 3074 οισι)

429 3155 594 3210 minis
642 3153 958 3216 ﬂoruisset,
998 3150 1270 3220 pauloque
1323 3157 1450 3218 post
1499 3161 1565 3201 ex
1616 3147 1755 3200 dirls
1804 3146 2008 3200 morbis

2114 3153 2265 3206 velut
2293 3160 2707 3216 evanescercnt,
2745 3151 2976 3220 imperio
3006 3149 3073 3204 ad
3112 3149 3234 3204 illos
3275 3147 3478 3202 alteros
3515 3156 3696 3200 trans-

429 3243 828 3304 cmarcuisset,
864 3241 1069 3294 Ducam
1107 3238 1397 3307 quemdam
1435 3236 1743 3307 insignibus
1785 3245 2014 3290 exm'nat

433 3332 679 3403 imperii,
709 3333 802 3399 qui
840 3346 972 3384 suos
1009 3331 1058 3384 ei
1107 3330 1393 3384 thesauros
1424 3329 1726 3398 aperuisset
1755 3344 1818 3383 ac
1857 3331 2011 3383 inva-

430 3422 625 3476 dendte
678 3418 982 3488 tyrannidis
1023 3427 1282 3471 conatum
1333 3418 1676 3489 adjuvisset:
1715 3418 1834 3488 ipse
1880 3432 2012 3473 vero

431 3517 596 3567 vitam
618 3525 866 3580 asperam
887 3519 944 3563 et
969 3510 1077 3564 Deo
1100 3511 1401 3579 placentem
1425 3510 1727 3580 amplexus,
1754 3512 2011 3565 vestitum

434 3606 651 3676 nigrant
692 3603 894 3666 induit,
929 3614 985 3657 et
1008 3603 1172 3656 variis
1198 3603 1584 3672 diuturnisqne
1615 3604 1900 3659 laboribus
1925 3620 2016 3658 ex-

433 3696 667 3750 haustus
688 3709 818 3748 sane
847 3707 1010 3762 quam
1053 3692 1312 3747 laudabili
1358 3693 1462 3748 llde
1509 3694 1678 3748 vitam
1732 3695 1786 3748 in
1843 3695 2007 3751 terris

433 3801 586 3841 suam
614 3785 833 3848 clausit,
869 3787 1051 3854 itaque
1077 3785 1242 3838 vitam
1274 3800 1435 3854 quam
1469 3796 1681 3856 optarat
1713 3787 1942 3841 invenit.

504 3878 633 3932 Post
659 3892 785 3930 eum
813 3877 992 3930 Ducas
1023 3885 1252 3946 accepto
1286 3877 1518 3946 imperio
1551 3885 1699 3931 tanta
1740 3877 1794 3931 id
1826 3894 2014 3948 aaqua-

437 3967 651 4022 bilitate
698 3965 1020 4022 moderatus
1053 3976 1170 4031 est.
1209 3977 1268 4020 ut
1307 3982 1486 4036 neque
1529 3968 1901 4023 necessarium
1960 3969 2014 4023 in

437 4059 606 4116 rebus
659 4059 918 4130 gerendis
972 4059 1240 4127 impetum
1291 4076 1520 4129 prorsus
1573 4061 1866 4125 inhiberet,
1921 4061 2018 4116 sed

435 4152 700 4222 gradatim
726 4166 788 4206 ac
813 4151 1150 4222 pedetentim
1185 4151 1626 4221 progrederetur,
1669 4168 1847 4222 neque
1880 4159 2044 4222 pr.e-'

435 4259 570 4313 ceps
607 4253 811 4304 rueret,
836 4243 932 4298 sed
973 4243 1237 4297 audacem
1270 4243 1610 4298 iracundiam
1643 4254 1835 4298 catena
1861 4243 2018 4313 quasi

436 4336 672 4405 quadam
721 4335 1156 4405 constringeret,
1184 4351 1288 4390 nec
1326 4335 1565 4405 opinatis
1601 4336 1918 4406 praecipitiis
1965 4343 2023 4390 et

437 4425 698 4511 periculis
719 4426 956 4479 evitatis.
984 4426 1122 4484 Cum
1154 4426 1378 4481 domum
1413 4442 1568 4480 suam
1597 4437 1806 4496 septem
1831 4425 2020 4481 liberis

2117 3253 2306 3299 eunte.
2362 3243 2684 3312 llujusmodi
2718 3241 3110 3311 cogitationum
3150 3239 3417 3294 ﬂuctibus
3459 3239 3698 3308 agitatus

2119 3334 2523 3404 impcratrieem
2555 3332 2624 3387 ab
2660 3332 2765 3388 hoc
2815 3332 3066 3386 instituto
3097 3347 3352 3385 revocare
3393 3329 3699 3383 conabatur

2115 3435 2171 3482 et
2209 3425 2443 3479 liberum
2475 3423 2590 3478 suis
2615 3422 2904 3492 imperium
2941 3422 3272 3487 relinquere,
3307 3420 3582 3474 tutoribus
3614 3420 3698 3473 eis

2116 3525 2170 3569 et
2193 3513 2544 3570 curatoribus
2575 3512 2698 3566 aliis
2722 3522 2977 3582 tanquam
3016 3510 3398 3582 impuberibus
3423 3511 3694 3565 constitu-

2118 3608 2208 3662 tis.
2245 3605 2352 3660 Sed
2382 3605 2530 3659 enim
2574 3604 2720 3673 quod
2757 3605 3002 3658 futurum
3036 3613 3149 3666 est,
3185 3604 3379 3672 quavis
3416 3618 3475 3657 re
3509 3601 3697 3672 potius

2117 3706 2174 3752 et
2216 3697 2487 3751 valentius
2529 3711 2651 3750 esse
2693 3711 2756 3749 ac
2792 3695 3102 3749 mortalium
3155 3693 3600 3749 ratiocinationes
3641 3703 3700 3747 et

2119 3789 2285 3845 corda
2311 3790 2531 3844 vincere
2563 3787 2797 3841 videtur.
2830 3788 3042 3856 Quippe
3073 3803 3195 3840 cum
3233 3787 3348 3840 htec
3377 3786 3700 3854 imperatrlx

2121 3882 2451 3936 odoraretur
2483 3890 2540 3934 et
2580 3888 2754 3934 totum
2786 3879 2967 3933 mariti
3019 3878 3310 3931 consilium
3355 3874 3699 3930 animadver-

2123 3974 2299 4038 tisset,
2333 3973 2486 4043 131
2535 3986 2594 4026 se
2645 3973 2762 4042 ipsa
2791 3972 3128 4025 terribilibus
3159 3970 3516 4025 sacramentis
3541 3970 3700 4038 quasi

2123 4066 2456 4137 quibusdam
2489 4065 2726 4118 vinculis
2757 4065 3011 4118 astrinxit
3047 4072 3103 4117 et
3145 4062 3425 4133 obligavit,
3458 4060 3702 4131 pollicita

2124 4171 2403 4226 nunquam
2446 4171 2506 4210 se
2536 4155 2600 4209 ad
2642 4156 2844 4210 alteras
2884 4156 3104 4224 nuptias
3137 4169 3568 4224 progressuram,
3601 4152 3700 4206 sed

2123 4247 2317 4302 liberis
2353 4247 2739 4301 communibus
2770 4247 3060 4316 imperium
3089 4254 3557 4300 conservaturum.
3665 4231 3672 4242 ’

2197 4339 2513 4394 Secundum
2545 4338 2661 4393 htec
2695 4337 2872 4392 Ducas
2898 4339 2952 4392 in
2992 4338 3097 4391 fata
3127 4337 3422 4401 concessit,
3447 4347 3504 4390 et
3527 4345 3703 4393 terre-

2125 4451 2248 4490 nam
2279 4436 2674 4504 mortalemque
2694 4435 2894 4488 molem
2927 4432 3200 4502 deposuit,
3231 4429 3464 4499 imperio
3488 4438 3702 4498 septem

439 4532 538 4570 ceu
581 4496 855 4569 col-munis
884 4515 1173 4579 fulciisset,
1209 4516 1430 4585 jamque
1472 4517 1642 4570 vitam
1685 4524 1742 4570 et
1785 4532 1874 4571 res
1915 4516 2008 4570 Itu-

2124 4530 2285 4582 annis
2337 4527 2736 4581 administrate.
2784 4525 3062 4579 Successit
3113 4524 3163 4577 ei
3206 4523 3405 4592 Cunjux
3458 4520 3704 4575 Eudoria

439 4621 628 4660 mauas
661 4605 954 4660 relicturus
983 4613 1152 4670 esset,
1184 4605 1416 4660 inﬁnitis
1453 4614 1512 4661 et
1559 4604 1837 4660 continuis
1876 4604 2026 4660 euris

2125 4634 2250 4674 cum
2275 4618 2486 4681 liberis,
2517 4619 2569 4672 in
2600 4633 2706 4687 qua
2741 4618 2922 4671 statim
2957 4618 3026 4670 ab
3057 4616 3202 4670 illius
3235 4615 3388 4669 obitu
3416 4612 3708 4668 saevientes

439 4700 688 4754 animum
727 4697 1194 4756 discruciabatur.
1225 4699 1462 4766 Amabat
1507 4698 1932 4768 imperatricem,
1970 4713 2008 4752 e‘

2129 4713 2312 4767 carnis
2355 4711 2614 4766 libidines
2655 4711 2944 4778 procellam
2979 4711 3134 4779 quasi
3167 4707 3458 4778 quamdam
3490 4706 3703 4760 excita-

439 4791 892 4861 volebatquidem
917 4791 1066 4846 illam
1091 4806 1314 4847 manere
1344 4791 1646 4847 liberorum
1680 4806 1904 4846 suorum
1935 4805 2008 4844 cu-

2126 4811 2273 4858 runt.
2308 4802 2448 4868 Quid
2479 4811 2660 4856 autem
2689 4802 2765 4856 rei
2800 4801 3096 4866 acciderit,
3133 4802 3375 4856 indicare
3406 4815 3537 4854 vera
3569 4813 3705 4852 nar-

442 4883 695 4938 ratricem
722 4885 987 4954 regnique
1014 4883 1338 4953 participem
1369 4900 1382 4936 :
1417 4885 1510 4938 sed
1539 4883 1782 4938 vicissim
1819 4881 2026 4937 delica-
2128 4897 2340 4950 ηιίοηε
2368 4895 2520 4949 mm,

443 4964 549 5030 ιέιιὶ
586 4985 644 5028 et
682 4985 928 5032 teneram
975 4977 1095 5046 ejus
1138 4985 1370 5031 aetatem.
1407 4985 1718 5046 suspectam
1770 4973 2030 5038 habebat,
2203 4985 2332 5038 Erat,
2381 4984 2490 5038 dux
2531 4983 2756 5054 quidam
2807 4985 3112 5053 copiarum,
3155 4986 3456 5052 Romanus,
3501 4997 3708 5054 cogno—

441 5077 802 5137 puurumque
835 5070 1120 5124 metuebat
1147 5081 1208 5125 ut
1240 5069 1330 5123 illa
1380 5068 1651 5123 secundas
1699 5066 1766 5120 ad
1807 5065 2008 5136 nuptia:

2134 5084 2318 5130 mento
2347 5076 2632 5145 Diogenes,
2674 5077 2894 5131 natione
2926 5075 3238 5145 Cappadox,
3263 5079 3417 5131 vultu
3453 5090 3708 5139 venusno,

445 5157 706 5211 transiret
734 5157 858 5226 (nec
885 5159 1032 5214 enim
1062 5160 1402 5216 ﬂammarum
1429 5171 1490 5216 et
1519 5160 1884 5215 tentationunt
1907 5172 2008 5211 car-

2131 5169 2361 5238 pulchro
2397 5182 2648 5237 corpore,
2673 5168 2894 5224 lacertis
2931 5169 3193 5234 robustis,
3240 5170 3413 5224 forma
3455 5168 3710 5238 corporis

446 5248 533 5302 nis
560 5263 756 5317 expers
782 5251 922 5320 erat)
948 5267 1011 5306 ac
1039 5261 1162 5321 post
1181 5253 1390 5308 obitum
1417 5267 1668 5312 suumcx
1691 5251 1802 5305 alio
1826 5250 2030 5304 liberos
2133 5257 2467 5324 amplissima
2519 5259 3000 5329 pulclicrrimaque
3047 5276 3110 5315 ac
3153 5277 3320 5332 regno
3366 5261 3550 5332 digna.
3609 5259 3711 5313 llic

448 5338 732 5410 gigneret;
771 5340 916 5397 unde
943 5340 1145 5398 forsan.
1179 5354 1611 5413 consequeretur
1642 5350 1701 5397 ut
1727 5357 1794 5397 ex
1827 5356 1884 5395 se
1915 5339 2028 5393 nati
2133 5363 2257 5401 oum
2287 5364 2402 5402 rem
2434 5351 2707 5420 publicam
2738 5351 3111 5407 administrari
3144 5362 3396 5408 cerneret
3423 5369 3455 5408 a
3484 5352 3712 5409 mulier-

1815 5509 2013 5571 Varite
2073 5511 2397 5574 lecliones.

520 5642 562 5674 ⁸⁷
594 5647 732 5700 κατὰ
771 5646 904 5703 Θεὸν
937 5647 1027 5702 τοῦ
1058 5648 1123 5702 R.
1212 5650 1280 5730 ﬁ“
1311 5652 1597 5724 πολυζήλῳ
1625 5655 1703 5724 τῷ
1733 5658 1796 5710 Α.
1926 5659 1970 5692 "’
1999 5658 2008 5710 Ι

2114 5675 2151 5715 ιο
2181 5675 2398 5714 versum
2451 5678 2563 5717 om.
2597 5661 2660 5715 [ἰ.
2761 5661 2807 5692 ⁵⁰
2839 5663 3082 5730 κρημνδν
3109 5664 3220 5716 ΑΒ.
3327 5664 3368 5696 ⁸·
3403 5662 3559 5718 llunc
3584 5682 3708 5719 ver-

447 5729 568 5769 sum
619 5727 673 5772 et
718 5728 1034 5787 sequentem
1064 5735 1174 5774 om.
1211 5719 1275 5775 ll.
1355 5724 1399 5753 ⁸⁸
1436 5719 1530 5777 καὶ
1570 5719 1848 5796 θυμῶνῐί.
1924 5728 1968 5760 ⁵³
2003 5751 2008 5776 4

2114 5733 2220 5794 toi;
2251 5733 2313 5784 Α.
2392 5732 2437 5764 ³⁸
2461 5733 2614 5788 Hunc
2647 5719 3004 5789 versum'oin.
3042 5735 3106 5786 li.
3185 5736 3228 5766 "
3264 5737 3597 5800 σκοτοδινους
3641 5734 3708 5789 li.
