4072 6444
438 326 545 391 463

1573 322 2090 387 CONSTANTINI
2133 319 2509 382 MANASSIS

3598 319 3700 385 4ῦὶ

449 440 737 496 Ἐντεῦθεν
768 442 922 511 μῖσος
952 437 1185 508 ἔκφυλον
1221 438 1315 491 καὶ
1349 437 1597 510 Θήρατρα
1626 437 1721 491 καὶ
1751 436 1945 505 πάγαι.
2046 440 2097 499 Α
2130 436 2389 506 Ἐχοντος
2409 436 2534 494 τοὺς
2561 432 2948 504 ἐχθραίνοντας
2968 432 3203 497 οἰκείους
3227 435 3617 503 ταυτοστέγους
3638 438 3701 491 ⁵⁸.
3790 418 3795 423 θ

439 534 549 591 Καὶ
569 536 681 596 τοῖς
698 532 912 604 ἐχθροῖς
935 532 1262 583 ἐσκέπτοντο
1282 531 1328 561 ⁶¹
1348 529 1439 583 τὸν
1455 531 1699 601 κράτορα
1728 527 2017 599 προδοῦναι

440 627 508 679 Ἀ
522 641 698 690 πονον,
724 621 1205 695 ἀπραγμάτευτον,
1240 620 1416 692 θήραν
1442 621 1818 691 ἑτοιμοτάτην.

451 717 674 787 Ἐκίρνα
700 715 755 769 δὲ
780 716 843 768 τὸ
867 714 1125 785 κέρασμα
1158 711 1319 766 τοῦτο
1347 713 1447 782 τῆς
1478 712 1768 783 προδοσῖας

449 811 510 863 Ὀ
541 811 759 881 Καῖσαρ
782 809 810 862 ὁ
837 807 1210 873 ταυτὸσπορος
1241 802 1337 857 τοῦ
1366 803 1543 857 Δούκα
1575 805 1982 866 Κωνσταντῖίος
2003 817 2018 832 ο

440 903 643 958 Τούτου
666 903 776 972 γὰρ
804 902 932 964 παῖς
954 897 1300 970 Ἀνδρόνικος
1323 892 1390 967 ἦν
1413 895 1534 948 τότε
1559 895 1950 965 στρατιάρχτος.

441 994 734 1051 Κοινοῦται
776 991 910 1062 γοῦν
957 993 1072 1055 τοῖς
1121 989 1450 1061 στρατηγοῖς
1498 989 1593 1041 καὶ
1639 985 1718 1057 τῷ
1766 985 1917 1038 παιδῖ
1961 984 2023 1037 τὸ

1735 1077 2020 1149 [σκέμμα.

439 1183 552 1237 Καὶ
580 1181 799 1235 δίκτυον
826 1176 1089 1231 ἐπλέκετο
1120 1173 1369 1228 κινδύνου
1401 1171 1480 1242 τῷ
1509 1170 1731 1241 δειλαίῳ
1750 1212 1764 1233 ,

440 1280 548 1331 Καὶ
582 1274 849 1343 στόλισμα
889 1266 1281 1342 μελάμπεπλον
1312 1265 1567 1334 ύφαίνετο
1591 1264 1850 1317 θανάτου.

439 1364 567 1439 Εἶχε
599 1368 701 1437 μὲν
728 1359 822 1417 οὖν
854 1362 945 1415 τὸν
986 1358 1266 1429 Ῥωμανδν
1298 1356 1501 1427 περαεα
1536 1352 1833 1418 Βυζαντίου

438 1457 797 1531 θηροκτονεῖν
823 1449 1149 1524 ὁρμώμενον
1181 1447 1279 1502 καὶ
1309 1444 1674 1516 κατατρέχειν
1705 1443 1888 1496 λύκων

438 1547 865 1618 Ἐπιπηδώντων
896 1545 1071 1613 ἱεραῖς
1109 1536 1614 1612 προϐατοφρούροις
1651 1535 1937 1607 μάνδραις.

439 1644 635 1715 Πτηνὴ·
658 1641 714 1696 δὲ
747 1638 943 1694 πέλειά
969 1637 1134 1689 ποθεν
1157 1635 1203 1666 ⁸³
1230 1629 1711 1701 ὲπιπτερυξαμένη

450 1735 709 1805 Ἐφίζησε
746 1733 858 1793 τοῖς
887 1729 1110 1798 γόνασιν
1144 1725 1203 1777 ὲν
1234 1723 1535 1792 πετασμοῖς
1567 1720 1797 1790 ἀψόφοες
1817 1759 1832 1783 ν

2129 526 2230 580 "Av
2260 525 2412 579 ἔνδον
2441 524 2574 595 ἔχῃς
2601 526 2728 587 τοὺς
2753 525 3007 596 ἐχθροὺς,
3042 525 3110 579 ἂν
3144 526 3429 595 ἐφεστίους
3467 526 3639 599 τρέξῃ
3688 568 3705 596 ν

2123 619 2202 673 Οὐ
2235 619 2493 689 ρύσονται
2528 616 2804 671 κινδύνων.
2829 635 2887 671 σε
2922 617 2990 672 τά
3028 617 3350 682 Βαϐυλῶνος
3376 618 3529 689 τείχη
3551 661 3568 685 ,

2125 712 2204 765 Ού
2234 710 2436 781 πύργοι
2471 709 2872 781 Σεμιράμιδος,
2907 710 2969 763 οὗ
3005 709 3331 780 πυραμίδων
3364 710 3557 781 πάχος.

2126 802 2226 854 Ἂν
2247 801 2347 872 τὴν
2372 800 2700 872 προδοτριαν
2726 799 2906 869 ψυχὴν
2932 797 3180 853 σύνοικον
3203 800 3247 831 ⁶⁷
3272 799 3637 872 δυστυχήσῃςο

2126 893 2223 947 Ἂν
2249 891 2557 958 συνοικοίης
2591 890 2709 961 μετ’
2742 891 2910 961 αὐτῆς
2942 893 3002 944 ὲν
3032 892 3272 964 άρραγεῖ
3303 891 3570 962 φρουρίῳ,

2134 984 2441 1055 Ἀλώσιμον
2470 985 2530 1037 τὸ
2558 983 2818 1055 φρούριον
2837 1025 2852 1048 ,
2886 984 3198 1054 ἀφύλακτος
3227 986 3272 1017 ⁸⁸
3304 987 3338 1056 ή
3375 986 3553 1047 πόλις.

2210 1076 2373 1130 Ἀλλά
2402 1075 2691 1146 διηγητέον
2725 1093 2815 1143 μοι
2842 1076 2908 1129 τὰ
2947 1094 3008 1129 πε
3018 1078 3075 1146 pi.
3104 1077 3410 1144 Διογένους.

2126 1169 2305 1240 Βαρὺς
2341 1169 2442 1237 μὲν
2473 1168 2814 1240 ἑκατέρωθεν
2842 1168 3079 1240 πολεμος
3113 1170 3396 1242 ἀνερράγη

2126 1262 2308 1315 Μέσον
2351 1260 2639 1330 Ῥωμαίων
2671 1262 2765 1315 καὶ
2805 1261 3067 1333 Περσῶν,
3104 1262 3296 1333 ἄγριος
3327 1263 3488 1334 Ope-3;
3521 1263 3711 1335 dmi-"1;.

2125 1351 2316 1421 Μέγας
2340 1352 2386 1385 ⁸⁸
2408 1352 2683 1421 ὲφώπλιζε
2712 1353 2885 1424 θυμὸς
2916 1354 3087 1426 ἄμφω
3116 1354 3218 1419 τὰς
3247 1358 3639 1428 στραταρχίας,

2127 1444 2237 1497 Καὶ
2268 1444 2448 1516 πάντη
2481 1446 2832 1516 περιέτρεχεν
2866 1444 3269 1519 άνδροδιώκτης
3306 1449 3501 1519 Ἀρης,

2127 1535 2254 1599 Τοῖς
2282 1535 2481 1606 αἵμασι
2509 1536 2900 1603 κατάόαπτος,
2934 1539 3270 1608 φονολουτῶν
3299 1540 3398 1604 τάς
3420 1544 3608 1613 χεῖρας
3625 1581 3643 1607 ,

2129 1627 2299 1691 Ὄλας
2334 1628 2614 1693 θαλάσσας
2644 1631 2899 1703 ἒκροψεῖν
2924 1630 3246 1702 γλιχόμενος
3280 1634 3552 1703 αίμάτων.

2142 1721 2200 1775 Ὀ
2230 1721 2488 1790 βασιλεὺς
2516 1722 2561 1775 δ’
2588 1722 2814 1775 ὲπέτετο
2846 1722 3239 1792 πλευροκοπῶν
3257 1765 3270 1789 ,
3304 1720 3520 1776 διώκων

691 1783 958 1893 -πρὶνττῆς
984 1813 1221 1871 κιϐωτοῦ
1253 1783 1579 1897 προσπτᾶσα
1604 1783 2026 1882 τῷτστεγὰστρῳ
2055 1783 2098 1840 Β
2128 1783 2242 1867 Ka‘t
2270 1783 2573 1883 δορατεῖοις
2603 1814 2845 1885 νύγμασι
2877 1783 3019 1886 χέων
3045 1783 3267 1886 ἐχθρῶν⁷
3292 1815 3525 1886 χολάδας
3548 1857 3567 1880 ,

439 1894 555 1973 καῖ
573 1915 730 1970 λύσιν
755 1909 1181 1980 ’ἀπαγγέλλουσα
1211 1894 1529 1976 καταφορᾶς
1556 1904 1788 1967 ὑδάτων,

440 2011 549 2065 Καὶ
575 2006 795 2077 δένδρου
824 2002 1021 2072 φύλλον
1053 1998 1320 2068 φέρουσα,
1353 1998 1448 2049 καὶ
1480 1991 1956 2065 παραμυθουμένη

438 2100 563 2155 Νῶε
592 2097 686 2151 τὸν
716 2094 1188 2162 κιΰωτόκρυπτον,
1220 2087 1312 2142 τὸν
1338 2085 1594 2157 δεύτερον
1625 2084 1924 2154 γενάρχην,

451 2189 592 2247 Ἀλλ’
623 2186 813 2251 οίωνδς
844 2185 1101 2239 ἀπαίσιοε
1125 2222 1139 2245 ,
1165 2179 1301 2234 ἀλλὰ
1331 2180 1519 2232 κακῶν
1551 2179 1881 2247 σημάντωρ,

438 2276 783 2352 Δυσάγγελος
814 2278 1145 2348 φοισάστρια
1169 2315 1185 2341 ,
1219 2271 1559 2341 κακόμαντις
1592 2271 1884 2341 προφῆτις.

451 2379 515 2432 ὐ
552 2375 651 2446 μὲν
677 2372 772 2426 οὖν
801 2369 1026 2441 κράτωρ
1058 2367 1119 2420 τὸ
1162 2364 1366 2434 πτηνὸν
1400 2363 1611 2432 πέμπει
1641 2363 1706 2431 τῇ
1755 2359 2024 2431 βασιλίδι,

442 2462 751 2534 Εὗὰγγελον
782 2461 1209 2529 προσήμαντρον
1250 2457 1599 2524 ύποτοπήσα,
1625 2453 1667 2489 θ’·
1700 2452 1881 2507 τοῦτο,

439 2554 542 2613 Ἦν
569 2559 677 2628 γάρ
706 2573 786 2618 τις
812 2552 1059 2621 γλίχεται
1092 2550 1296 2618 τυχεῖν,
1331 2548 1516 2600 ἐκεῖνα
1554 2545 1650 2598 καλ⁸
1674 2543 1884 2610 δοξάζει
1902 2558 1916 2573 '

439 2652 554 2707 Καὶ
581 2648 753 2702 ταῦτα
781 2647 916 2698 πᾶσι
938 2643 983 2675 ⁸⁸
1008 2641 1148 2695 κατά
1169 2640 1315 2703 νοῦν,
1341 2640 1445 2693 ὅσα
1480 2638 1575 2692 καὶ
1606 2637 1751 2691 κατὰ
1775 2636 2025 2709 γνώμην.

452 2741 595 2798 Ἀλλ’
630 2739 739 2811 ἄρα
767 2734 1206 2806 δυσποτμὸτερον
1228 2731 1382 2787 οὐδέν
1409 2733 1560 2786 ἐστιν
1590 2730 1881 2803 ἀνθρώπου

443 2955 862 3013 insidiarentur.
897 2949 1006 3006 llas
1026 2948 1098 3005 ob
1124 2962 1322 3004 causas
1355 2946 1539 3020 gravis
1558 2955 1616 3003 et
1642 2944 1879 3004 acerbus
1904 2962 2028 3005 esse

441 3046 735 3104 videbatur
779 3058 891 3098 non
926 3039 1294 3111 optimatibus
1325 3038 1511 3105 modo,
1540 3038 1638 3093 sed
1691 3038 1860 3094 etiam
1894 3054 2029 3095 con-

2129 1906 2595 1977 Στρουθιοερόντης
2614 1949 2628 1969 ,
2666 1909 2810 1961 εἴποι
2844 1926 2957 1974 τις,
2992 1908 3145 1977 ἱέραξ
3174 1908 3467 1980 ὠκυπέτης
3488 1950 3503 1972 ,

2128 1996 2418 2068 Στρουοοῖς
2448 1998 2894 2068 άπαλοπτέρυξιν
2924 1998 3258 2071 ἐπιρροιςῶν
3292 1999 3358 2053 τά
3392 2002 3585 2059 πτίλα.

2130 2089 2394 2162 Πρηστὴρ
2421 2090 2596 2144 ὲδὸκει
2624 2093 2737 2153 τοῖς
2768 2091 3003 2163 ἐχθροῖς,
3034 2091 3279 2164 1ἔμπυρος
3310 2094 3654 2166 καταεάῖης,

2140 2180 2370 2250 Ὑψὸθεν
2400 2181 2815 2245 άποδισκευθεὶς
2838 2222 2852 2246 ,
2886 2183 3227 2254 άπορῤαγεὶς
3262 2185 3324 2236 ὲκ
3355 2184 3580 2254 νέφους.

2142 2274 2426 2343 Ἐγένοντο
2450 2276 2776 2329 κατάλουτοι
2806 2275 3024 2347 λύθροις
3057 2277 3207 2348 αύτῷ
3232 2277 3281 2309 ⁷⁸
3306 2277 3590 2349 παλάμαι,

2084 2412 2089 2415 .
2127 2364 2472 2435 Φονοσταγὴς
2507 2365 2540 2435 ή
2572 2363 2720 2431 δεξιά
2742 2404 2756 2427 ,
2802 2366 3140 2436 φονόφυρτος
3167 2367 3200 2435 ὴ
3237 2365 3442 2437 σπάθη.

2141 2453 2467 2525 Ἐξέρυθρον
2496 2453 2711 2523 ἱμάτιον
2742 2455 3003 2524 ὲιρὸρεσεν
3030 2457 3093 2507 ὲκ
3122 2454 3322 2523 φόνων,

2140 2546 2229 2608 Ὠς
2259 2546 2311 2598 εἴ
2340 2562 2425 2606 τις
2451 2543 2590 2597 λέων
2622 2544 2860 2616 ἐντυχὼν
2889 2545 2942 2598 δε
2954 2544 3242 2617 ιλοκαρδίῳ
3274 2546 3399 2618 ζώῳ

2143 2633 2321 2706 Ῥήξει
2380 2635 2621 2706 πλευρὰν
2644 2637 2690 2669 ⁷⁸
2726 2638 2840 2700 τοῖς
2888 2635 3039 2701 ὄνυξι
3069 2637 3164 2692 καὶ
3218 2638 3377 2708 λάῖίει
3399 2639 3445 2672 ⁷¹
3479 2639 3592 2693 τῶν
3627 2643 3718 2709 ἐτ’

3511 2732 3717 2806 [κάτων

3382 2836 3549 2896 Vera.
3581 2840 3717 2897 6577

2132 2942 2263 2999 tecti
2313 2942 2605 3015 participes
2636 2942 2822 2999 habet.
2873 2941 2931 2999 Si
2984 2942 3134 2999 domi
3188 2942 3542 3000 adversarios
3581 2945 3715 3008 alas,

2131 3051 2243 3090 non
2301 3045 2354 3090 te
2390 3035 2654 3105 periculis
2702 3035 2921 3106 eripere
2970 3036 3114 3090 muri
3156 3035 3440 3107 Babylonii
3487 3047 3716 3108 queant,

440 3139 556 3215 jngi
590 3139 860 3207 Ducasque
903 3133 1116 3189 liberis.
1158 3130 1301 3186 Hinc
1342 3132 1518 3186 secuti
1549 3130 1880 3186 clandestini
1929 3147 2027 3186 su-
2056 3127 2098 3185 C
2131 3144 2240 3183 non
2284 3127 2667 3183 Semiramidis
2712 3137 2918 3195 turres,
2949 3142 3062 3182 non
3111 3128 3460 3199 pyramidum
3513 3130 3721 3185 crassi-

443 3230 612 3297 snrri,
640 3226 978 3290 molitioncs,
1009 3222 1145 3286 doli,
1167 3235 1398 3282 suorum
1425 3220 1575 3285 odia,
1606 3235 1812 3287 casses,
1840 3221 2022 3291 laquei

444 3319 832 3378 meditantium
872 3329 986 3386 quo
1039 3322 1200 3385 pacto
1230 3312 1374 3367 citra
1419 3311 1668 3367 laborem
1708 3327 1930 3369 onmem
1971 3321 2030 3368 ct

443 3412 754 3486 periculum
796 3409 1189 3477 imperatorem
1222 3404 1478 3460 hostibus
1513 3404 1833 3476 proderent.
1895 3405 2030 3477 Ejus

444 3499 776 3573 proditionis
794 3496 1053 3569 poculum
1078 3494 1261 3551 (ἔρδοι-
1280 3493 1625 3551 Constantini
1652 3494 1813 3550 Ducte
1838 3495 2028 3562 frater,

446 3594 608 3664 cuius
636 3590 780 3645 Illius
810 3587 1158 3644 Andronicus
1176 3585 1229 3640 id
1260 3586 1523 3657 temporis
1542 3585 1890 3641 exercituum
1917 3586 2031 3641 dux

446 3697 587 3749 erat,
618 3683 905 3740 miscebat.
924 3680 1095 3752 Igitur
1113 3696 1238 3735 cum
1264 3679 1379 3734 lilio
1402 3678 2028 3750 caeterisque‘copiarum

449 3778 687 3835 ducibus
716 3774 1009 3832 consilium
1040 3788 1200 3828 suum
1232 3772 1609 3841 communicat
1629 3811 1644 3836 ,
1679 3786 1792 3843 quo
1816 3772 2034 3842 pericu-

448 3874 627 3928 losum
671 3874 790 3925 rete
832 3865 1041 3921 misero
1100 3862 1427 3918 nectebatur
1475 3870 1533 3918 et
1575 3864 1746 3917 vestis
1780 3860 2032 3915 lethil‘era

451 3960 762 4018 texebatur.
827 3956 948 4013 .lam
999 3953 1271 4026 Diogenes
1322 3953 1379 4007 in
1428 3952 1720 4007 adversum
1772 3950 2033 4021 Byzantio

448 4056 609 4110 littus
634 4042 951 4121 traiecerat,
987 4047 1118 4102 totis
1166 4045 1382 4100 viribus
1416 4044 1712 4099 invasurus
1740 4051 1798 4098 et
1828 4052 2036 4097 macta-

452 4155 615 4201 turus
646 4144 808 4213 lupos
843 4140 899 4195 in
946 4151 1231 4194 sacrarum
1263 4144 1321 4192 et
1357 4135 1799 4192 Christianarum
1848 4134 2033 4190 ovium

451 4236 640 4293 caulas
694 4231 1047 4304 prosilientes
1105 4242 1171 4283 ac
1217 4237 1552 4298 grassantes,
1599 4242 1725 4282 cum
1781 4226 2036 4283 columba

2129 3221 2250 3276 ties.
2280 3219 2338 3277 Si
2374 3220 2620 3292 proditor
2643 3220 2859 3274 animus
2880 3235 3076 3291 magno
3097 3236 3222 3275 cum
3250 3220 3393 3275 malo
3419 3230 3519 3276 tuo
3544 3230 3719 3280 tecum

2128 3312 2305 3377 vivat,
2342 3311 2562 3367 etiamsi
2610 3326 2738 3366 cum
2770 3311 2866 3365 illo
2894 3312 3062 3382 degas
3100 3310 3155 3366 in
3186 3312 3416 3369 castello
3455 3314 3719 3384 quopiam

2131 3402 2568 3475 inexpugnabili,
2617 3403 2793 3457 nihilo
2855 3413 3035 3459 tamen
3089 3403 3274 3458 minus
3306 3412 3364 3460 et
3402 3406 3724 3460 munimen-

2132 3506 2249 3553 tum
2276 3494 2411 3551 illud
2440 3495 2808 3566 occupabitur
2826 3503 2883 3552 et
2905 3495 3039 3552 urbs
3067 3498 3427 3567 quantumvis
3450 3498 3722 3554 instructa

2129 3585 2353 3644 defendi
2382 3602 2494 3643 non
2526 3587 2749 3658 poterit.

2203 3678 2364 3734 Nunc
2408 3677 2666 3747 Diogenis
2711 3693 2871 3734 casus
2909 3678 3229 3736 narratione
3265 3681 3720 3753 complectamur.

2131 3768 2310 3825 Grave
2340 3784 2406 3824 ac
2440 3770 2633 3841 ingens
2675 3770 2924 3839 praelium
2956 3770 3219 3841 utrinque
3251 3758 3607 3839 movebatur,
3643 3775 3725 3830 ni-

2135 3862 2339 3917 mirum
2364 3862 2510 3917 inlcr
2544 3862 2824 3918 Romanos
2851 3871 2910 3919 et
2943 3863 3139 3919 Persas
3195 3882 3207 3918 :
3252 3864 3423 3927 duces
3461 3868 3726 3937 utrinque

2137 3969 2335 4026 magna
2366 3954 2449 4008 ira
2500 3952 2764 4008 concitati
2812 3954 3192 4025 proruebant;
3248 3954 3392 4012 Mars
3432 3955 3725 4012 hominum

2136 4046 2416 4117 pernicies
2444 4044 2961 4100 circumcursitabat
2983 4044 3249 4116 undique,
3282 4061 3478 4101 cruore
3518 4063 3727 4118 resper-

2137 4151 2233 4192 sus
2275 4146 2331 4191 ct
2362 4138 2417 4191 in
2459 4151 2527 4192 eo
2553 4152 2749 4192 manus
2774 4137 3028 4203 abluens,
3060 4152 3184 4192 cum
3231 4138 3456 4209 quidem
3510 4141 3725 4212 integra

2138 4228 2423 4299 sanguinis
2455 4229 2626 4284 maria
2659 4238 2890 4301 cuperet
2933 4232 3251 4288 exsorbere.
3284 4232 3342 4287 ln
3386 4232 3492 4289 hoc
3543 4248 3725 4289 rerum

452 4326 704 4399 qua-dam
728 4322 982 4379 alicunde
1003 4320 1266 4376 advolans
1296 4318 1512 4388 placido
1544 4318 1755 4375 alarum
1792 4329 1945 4375 motu
1970 4319 2038 4374 ad
2140 4329 2287 4377 statu
2334 4322 2521 4379 hostes
2568 4322 2867 4393 imperator
2906 4324 3221 4392 invadebat,
3271 4327 3444 4382 latera
3485 4329 3724 4395 cadens,

454 4418 631 4490 ipsius
666 4428 848 4487 genua
879 4426 1003 4470 sese
1059 4411 1301 4476 demisit,
1332 4425 1443 4466 non
1475 4411 1655 4481 qualis
1682 4411 1750 4466 ad
1781 4425 1923 4466 arcte
1955 4419 2040 4467 te-
2065 4486 2102 4490 _
2142 4410 2499 4481 persequens,
2532 4410 2815 4467 hastarum
2867 4413 3070 4471 ictibus
3111 4431 3308 4470 eorum
3347 4417 3565 4473 viscera
3607 4433 3727 4486 pas-

405 4576 409 4581 .
459 4486 610 4564 ctum
641 4486 920 4575 quondam
964 4502 1267 4559 eouvolans
1298 4501 1464 4556 linem
1508 4503 1811 4573 appetiisse
1841 4501 2036 4558 diluvii
2064 4486 2118 4547 Ῑ)
2144 4503 2249 4559 sim
2273 4503 2567 4560 effundens
2593 4522 2609 4562 :
2640 4504 2871 4560 dixisset
2895 4506 3098 4576 aliquis
3125 4508 3373 4565 velocem
3402 4509 3724 4581 accipitrem

454 4599 748 4656 nuntiabat
793 4606 852 4653 et
907 4596 1073 4652 allato
1128 4596 1263 4651 olea!
1316 4609 1470 4649 ramo
1512 4593 1763 4649 abditum
1806 4595 1860 4650 in
1910 4609 2035 4649 arca
2145 4602 2204 4650 et
2252 4593 2377 4649 vita:
2420 4596 2764 4651 avieularum
2803 4596 3065 4653 infestum
3121 4599 3303 4670 pullos
3359 4602 3568 4658 teneris
3626 4600 3727 4674 alia

457 4694 653 4759 Neam,
687 4691 922 4746 alterum
953 4687 1179 4743 humani
1222 4687 1445 4759 generis
1475 4693 1781 4752 auctorem,
1818 4685 2038 4740 solabao

458 4796 571 4850 tur,
608 4784 705 4840 sed
763 4781 1056 4854 augurium
1103 4763 1332 4850 prorsus
1384 4777 1706 4840 infaustum,
1764 4776 2037 4831 malorum

460 4877 776 4943 iudicatrix,
810 4873 1005 4931 numla
1044 4872 1292 4937 sinistra,
1325 4879 1481 4925 vates
1505 4867 1723 4924 adversi
1759 4883 1921 4925 casus
1954 4869 2039 4923 in-

459 4969 609 5026 felix.
639 4968 772 5023 Eam
801 4967 989 5024 alitem
1018 4966 1321 5035 imperator
1343 4970 1498 5017 ratus
1527 4962 1822 5033 augurium
1852 4959 2037 5015 latum

457 5076 583 5118 esse
611 5061 682 5116 ad
728 5060 1133 5131 imperatricem
1179 5057 1368 5113 mittit.
1417 5055 1573 5126 133
1611 5054 1745 5109 Nam
1785 5069 1910 5125 quae
1938 5053 2041 5108 sibi

460 5151 686 5208 evenire
719 5151 956 5222 quisque
981 5150 1281 5215 desiderat,
1317 5149 1387 5204 iis
1420 5163 1478 5203 se
1508 5147 1813 5218 potiturum
1843 5145 2041 5216 opina-

2148 4686 2407 4758 pmditos
2457 4703 2654 4759 magno
2707 4703 2833 4744 cum
2886 4690 3099 4746 alarum
3162 4694 3397 4763 strepitu
3457 4692 3726 4749 involare.

2147 4779 2423 4834 Nimirum
2472 4779 2722 4836 ardentis
2771 4783 3041 4851 presteris
3103 4782 3159 4837 in
3203 4798 3437 4851 morem,
3488 4800 3559 4840 ex
3605 4799 3729 4840 aere

2150 4871 2408 4940 nubeque
2469 4871 2727 4942 delapsi,
2790 4873 2846 4927 in
2906 4871 3094 4930 hostes
3150 4874 3442 4930 videbatur
3496 4877 3732 4935 irruere.

2151 4961 2345 5019 Manus
2371 4963 2640 5034 sanguine
2674 4963 2874 5021 tinctas
2905 4965 3176 5033 habebat;
3209 4966 3399 5022 dextra
3428 4978 3483 5023 et
3516 4967 3731 5039 gladius

2148 5056 2326 5111 credes
2350 5055 2669 5123 stillabant;
2700 5044 3110 5115 vestes'cruore
3150 5073 3420 5114 cassorum
3451 5074 3731 5129 respersas

2145 5158 2204 5203 et
2234 5148 2498 5204 rubentes
2546 5148 2814 5219 gestabat,
2851 5150 3081 5220 perinde
3128 5165 3193 5205 ac
3226 5152 3273 5205 si
3315 5151 3402 5205 leo
3444 5150 3717 5220 quispiam

466 5255 592 5306 tur;
646 5242 894 5311 adeoque
950 5240 1134 5295 cuncti
1190 5247 1376 5294 mente
1428 5238 1751 5308 concipiunt
1804 5250 1868 5292 ea
1922 5252 2045 5306 quae
2149 5240 2404 5295 timidum
2447 5250 2644 5296 nactus
2674 5243 2879 5296 animal
2931 5243 3053 5313 ejus
3093 5242 3266 5297 latera
3310 5242 3583 5312 discerpat
3626 5255 3731 5293 un-

466 5336 751 5391 voluntate
780 5341 1064 5405 appetunt.
1104 5332 1211 5388 Sed
1259 5332 1408 5387 enim
1449 5346 1515 5386 eo
1549 5330 1684 5385 nihil
1717 5339 1802 5385 est
1844 5344 2046 5385 aerum-

2148 5333 2349 5404 guibus
2377 5340 2435 5388 et
2459 5332 2783 5403 sanguinem
2813 5344 3228 5404 promanantem
3256 5334 3473 5390 hauriat
3492 5334 3731 5403 indeque

468 5429 659 5486 nosius
703 5427 926 5481 homine
969 5425 1063 5494 qui
1092 5423 1297 5494 hostes
1325 5422 1657 5478 domesticos
1699 5431 1757 5478 et
1798 5422 2045 5493 ejusdem
2149 5433 2435 5479 cruentata
2465 5424 2616 5479 labra
2644 5434 2904 5481 ostentet.
2933 5425 3056 5482 Non
3084 5427 3430 5482 centimanus
3459 5424 3548 5482 me
3579 5425 3725 5480 Bria-

1825 5537 2025 5599 νοτία)
2078 5538 2407 5602 lectiones.

540 5669 587 5700 ⁶²
623 5667 920 5720 ἐσκέπτετο
944 5663 1013 5718 R.
1092 5664 1137 5697 ⁵³
1172 5679 1301 5716 ποτε
1331 5665 1395 5716 Α.
1471 5663 1518 5695 ⁸³
1550 5663 1904 5727 ὑποτοπάσας
1943 5662 2009 5718 Β.

471 5754 625 5808 ρονον
659 5739 727 5795 Β.
802 5736 848 5769 θ’
882 5735 1149 5798 εὐάλωτος
1187 5732 1254 5786 Β.
1332 5735 1375 5766 ⁸³
1414 5735 1578 5804 μέλας
1611 5733 1676 5787 Β.

2119 5662 2164 5739 ﬁ“
2204 5664 2405 5739 πάσχει
2432 5663 2501 5729 R,
2520 5666 2721 5739 péosn
2746 5669 2812 5739 Α.
2868 5665 2933 5739 ,⁸⁸
2962 5666 3330 5739 αύτοστὲγους
3356 5666 3421 5725 [ι.
3500 5664 3544 5698 ⁸⁷
3570 5664 3728 5731 δύσφ-

1785 5735 1829 5767 ⁷⁰
1860 5732 2026 5788 αὑτοῦ
2060 5732 2173 5787 AR.
2253 5736 2296 5766 '”
2324 5732 2549 5806 πλευρὲί
2572 5737 2639 5793 Β.
2694 5732 2760 5770 "1'
2783 5735 2970 5789 λαύσει
2998 5736 3065 5790 R.
