4072 6424
376 462 485 534 485
622 505 651 519 ε

1486 474 1869 537 COMPENDI
1883 475 1989 539 ΗΜ
2027 474 2507 538 CIIRONICUM.

3540 468 3648 531 466

382 585 494 639 Kal
521 583 692 650 δείξει
724 584 1127 655 ἐγκατὰϐαπτα
1149 586 1267 619 "'7‘
1295 588 1406 652 τοῖς
1437 588 1634 661 αἵμασι
1665 590 1733 645 τὰ
1759 590 1936 662 χείλη.
1991 588 2044 649 Α
2080 590 2326 669 Ἐλέγχει
2348 591 2478 654 τοὺς
2501 590 2845 657 ταυτογενεῖς
2873 586 2950 657 τῷ
2982 584 3189 657 βασιλεί
3219 580 3482 655 προδότας

395 675 569 749 ’Υπὲρ
597 676 768 731 αὐτὸν
796 677 1082 748 Βριάρεων
1108 677 1305 743 ἔδειξεν
1333 679 1686 751 ἑκατόγχειρ,

396 768 573 840 ’Υπὲρ
603 768 773 822 αὐτὸν
814 768 1165 837 Ἐγκέλαδον,
1206 769 1349 841 ὑπὲρ
1382 769 1641 839 Τυφῶνος
1670 769 1896 842 θράσος,

388 860 572 922 οᾶνιος
591 901 608 925 ,
632 859 1071 932 ὀμϐριμόεργός,
1096 859 1317 931 ἀκάμας
1347 861 1423 927 ὡς
1455 861 1709 932 ἀδάμας.»

428 947 541 1006 Ἦν
557 952 754 1014 ταῦτα,
773 953 869 1006 καὶ
884 952 1252 1024 προσέϐλεψεν
1266 954 1299 1024 ἡ
1315 952 1440 1023 νίκη
1450 954 1576 1018 τοὺς
1591 953 1968 1024 Ῥωμαίουςπ⁹

389 1046 507 1100 Καὶ
527 1041 771 1117 χαροπδν
800 1044 1052 1113 ιγέλασε,
1087 1044 1187 1099 συν
1211 1044 1389 1115 χρόνῳ
1416 1043 1645 1108 τούτους
1675 1044 1902 1115 γνοῦσα.

399 1136 569 1190 ’Λλλά
596 1137 707 1208 γὰρ
734 1137 768 1207 ἡ
800 1135 1169 1209 τριϐάρϐαρος
1196 1137 1380 1207 ἐκείνη
1416 1135 1698 1193 Βασκανία

388 1229 507 1284 Καὶ
540 1229 639 1298 τῆς
670 1229 869 1292 κακίας
891 1229 952 1282 τὸ
983 1228 1213 1297 στυγνὸν
1239 1229 1335 1283 καὶ⁵
1364 1229 1424 1283 τδ
1448 1228 1545 1283 τοῦ
1580 1229 1776 1300 φθόνου
1809 1229 1985 1301 νέφος

388 1320 665 1392 Τοιαύτην
689 1321 1192 1391 λαμπροστόλιστον
1220 1321 1556 1392 ἠμαύρωσεν
1591 1323 1833 1394 ἡμέραν.

401 1410 497 1476 Ὠς
516 1410 626 1480 γὰρ
646 1411 674 1463 6
707 1412 921 1481 Καίσαρ
958 1408 1052 1464 τοῦ
1077 1409 1326 1481 δρασμοῦ
1356 1411 1451 1465 καὶ
1483 1411 1582 1484 τῆς
1616 1412 1794 1482 φυγῆς
1839 1420 1977 1468 κατ-

1760 1501 1977 1576 [ἧρξεν.

394 1593 625 1663 ᾮχοντο
650 1594 850 1657 πάντες
879 1593 1157 1658 ἐκποδὼν,
1186 1592 1280 1648 τὸν
1303 1594 1547 1667 κράτορα
1574 1593 1848 1659 λιπόντες.

393 1685 509 1738 καὶ
540 1683 795 1754 β²σιλεῖθς
819 1686 895 1746 ὡς
923 1684 1131 1749 κολοιὸς
1160 1681 1229 1758 ἦν
1258 1686 1677 1756 ἀπεψιλωμένος
1697 1726 1715 1755 ,

394 1774 510 1827 Καὶ
537 1774 665 1845 τῇδε
695 1773 1022 1845 περιέϐλεπε
1053 1776 1217 1830 κάκεῖ
1247 1778 1600 1846 περιεσκὸπει
1623 1816 1640 1842 ,

394 1866 509 1918 Καὶ
541 1864 705 1933 μόνον
730 1865 962 1919 ἔϐλεπεν
992 1867 1156 1921 αὐτὸν
1187 1868 1245 1922 ὲν
1280 1868 1497 1940 βρόχοις
1527 1869 1904 1935 δυσεκϐάτοις.

401 1951 689 2009 Ἐντεῦθεν
719 1956 1072 2028 ἐπεπήδησαν
1102 1959 1447 2030 πρωτόαρχοι
1480 1960 1805 2032 Βαρϐάρων,

390 2040 1230 2121 Συπρέχοντες,προτρέχοντες,
1276 2053 1550 2123 ἐρίζοντες
1583 2053 1833 2125 ἀλλήλοις

393 2141 491 2194 Τίς
522 2140 591 2195 ἂν
623 2141 878 2196 συλλάϐοι
924 2142 1208 2213 Ῥωμανδν
1248 2144 1450 2210 ζῶντα.
1486 2147 1595 2200 Καὶ
1628 2146 1945 2201 τελευταῖον

390 2232 700 2302 Ζωγρείται
736 2232 873 2301 φεῦὶ
903 2236 929 2287 6
963 2232 1217 2304 βασιλεὺς
1250 2234 1613 2307 βαρδαρικαῖῗ
1643 2237 1945 2310 “aulum

402 2320 463 2375 Ὀ
493 2322 634 2375 λέων
663 2322 1043 2393 θήρα-γίνεται
1074 2324 1373 2397 πανθήρων
1402 2327 1798 2401 λυσσητήρων,

390 2414 528 2478 Ταῖς
554 2415 870 2483 νυκτερίσιν
901 2416 1058 2481 ἀετὸς
1088 2422 1375 2487 κρατεῖται
1407 2421 1810 2494 χρυσοπτέρυξ.

395 2505 470 2558 T6
496 2506 638 2574 μετὰ
661 2504 836 2559 ταῦτα
868 2507 922 2558 τί
954 2494 1053 2560 καί
1079 2508 1195 2573 πῶς
1229 2510 1324 2563 καὶ
1355 2512 1520 2582 μέχρι
1544 2511 1638 2567 τοῦ
1673 2514 1978 2586 προῆλθενς

403 2595 467 2650 Ὅ
493 2594 775 2668 βάρϐαρος
808 2600 836 2651 6
863 2590 1140 2670 φύλαρχος
1175 2600 1384 2665 ἐκεῖνος
1413 2604 1442 2656 6
1467 2603 1763 2673 ζωγρήσας

390 2686 509 2757 Τῆν
540 2688 962 2760 βαρϐαρόθυμον
987 2690 1167 2762 ψυχὴν
1194 2691 1445 2758 ἀέλπτως
1476 2696 1817 2766 ἡμεροῦται,

399 2779 598 2835 num
630 2781 1147 2855 φιλανθρωπότερον
1177 2786 1304 2858 περὶ
1337 2786 1429 2840 τὸν
1463 2786 1722 2857 βασιλέα·

406 2872 673 2943 οἰκτεξρει
695 2873 807 2943 γὰρ
842 2874 939 2928 καὶ
968 2875 1253 2949 Βάρϐαρος
1289 2877 1502 2933 ἄνακτα
1538 2879 1982 2952 δυσπραγοῦντα.

394 3116 524 3158 rens
553 3101 868 3175 hujusmodi
904 3106 1148 3163 facinora
1179 3106 1509 3181 designavit,
1543 3110 1802 3168 Sirenum
1845 3131 1980 3170 can-

393 3199 487 3245 tus
535 3196 856 3264 superantia
903 3206 962 3251 et
1005 3197 1286 3269 Typhonis
1338 3201 1647 3258 audaciam.
1703 3205 1976 3262 Nimirum

392 3282 574 3339 caedes
615 3284 918 3355 imperator
962 3288 1206 3344 caedibus
1246 3291 1585 3355 cumulabat.
1621 3293 1789 3350 fortia
1836 3295 1977 3354 facta

392 3377 672 3446 patrabat.
713 3378 1024 3435 indefessus
1052 3381 1359 3437 adamantis
1386 3383 1440 3436 in
1476 3400 1686 3439 morem
1717 3395 1856 3442 erat.

467 3469 608 3523 Dum
658 3470 774 3526 lucc
810 3470 881 3527 ita
916 3482 1263 3542 gererentur,
1302 3473 1371 3530 ad
1425 3475 1703 3531 Romanos
1746 3479 1977 3536 victoria

389 3569 520 3630 post
570 3569 790 3632 tempus
840 3562 985 3618 haud
1026 3565 1284 3636 exiguum
1334 3576 1583 3636 pugnata:
1622 3568 1732 3641 jam
1786 3586 1980 3642 pugna:

391 3652 703 3722 spectabat,
756 3656 948 3725 e’sque
994 3655 1119 3712 laeto
1156 3666 1213 3712 et
1259 3655 1419 3711 hilari
1466 3659 1621 3714 vultu
1676 3662 1978 3728 arridebat,

388 3758 522 3796 cum
554 3757 685 3797 ecce
719 3742 1145 3801 barbarissimus
1178 3745 1268 3802 ille
1312 3746 1456 3802 livor
1486 3756 1543 3801 et
1579 3750 1844 3805 scelerata
1875 3751 1981 3806 im-

393 3834 647 3905 probitas
674 3845 732 3891 et
762 3836 939 3892 nubes
960 3838 1117 3908 quasi
1150 3839 1398 3910 quaedam
1430 3841 1650 3896 invidiae
1693 3843 1837 3898 diem
1871 3852 1979 3898 tam

394 3926 750 3996 splendidum
786 3927 1046 3998 deturpat
1075 3938 1131 3984 et
1161 3930 1443 3986 obscurat.
1490 3930 1624 3987 Nam
1657 3931 1750 3987 ubi
1788 3932 1973 3989 Caesar

394 4018 616 4087 primus
659 4018 877 4073 initium
911 4019 1050 4091 fugae
1083 4021 1325 4087 fecisset,
1355 4022 1598 4079 universi
1641 4023 1833 4080 relicto
1878 4025 1980 4079 im-

397 4120 656 4180 peratore
695 4120 870 4167 semet
903 4112 958 4167 in
1005 4114 1173 4181 pedes
1215 4114 1608 4185 conjiciehant.
1665 4116 1780 4172 Hoc
1817 4118 1982 4173 modo

396 4203 702 4273 imperator
726 4203 1002 4260 denudato
1030 4207 1250 4275 graculo
1288 4207 1596 4264 consimilis
1650 4208 1828 4265 factus
1877 4210 1982 4267 hac

392 4297 525 4351 illac
571 4296 1093 4368 circumspectabat,
1145 4314 1315 4369 seque
1365 4299 1541 4354 solum
1575 4301 1716 4356 intra
1754 4301 1983 4371 laqueos

395 4386 815 4443 inextricabiles
876 4388 1119 4443 delatum
1183 4391 1421 4447 videbat.
1478 4392 1792 4446 Secundum
1863 4394 1978 4448 haec

398 4478 662 4549 praecipui
718 4478 1086 4536 Barbaronrm
1128 4497 1382 4552 proceres
1432 4482 1488 4536 in
1542 4499 1668 4538 eum
1721 4483 1982 4539 ferociter

2084 682 2386 754 Ῥωμαίους
2410 683 2442 735 6
2468 680 2863 753 τριϐάρϐαρος,
2889 678 3187 747 ἀλλόφυλος
3218 671 3534 747 συμφύλους
3555 687 3571 703 ο

2071 776 2288 830 Γίνεται
2318 775 2767 847 προμηθέστερος
2796 772 2945 844 αὐτῷ
2973 773 3069 828 καὶ⁵
3093 770 3204 825 τῶν
3228 766 3481 831 οἰκείων,

2074 868 2186 922 Καὶ
2213 866 2714 938 κηδεμονικώτερος
2754 864 2937 919 αὐτῶν
2965 863 3074 918 τῶν
3108 858 3400 933 ὁμογνίων.

2074 955 2365 1011 Σπένδεται
2383 994 2400 1020 ,
2432 954 2861 1010 καταλλάττεται
2880 993 2897 1018 ,
2928 952 3219 1023 σύμμαχον
3245 948 3400 1020 νέμει
3424 944 3619 1018 χεῖρα,

2086 1047 2552 1119 ’Λνακτησὸμενον
2576 1045 2727 1119 αὐτῷ
2760 1045 2968 1117 πέμπει
3000 1043 3100 1115 τὴν
3131 1038 3451 1113 κρατορίαν.

2078 1138 2313 1207 Ἰὶλυξεν
2336 1134 2430 1194 οῦν
2458 1140 2487 1192 6
2521 1137 2801 1210 Ῥωμανδς
2829 1137 2906 1201 ὡς
2933 1135 3041 1208 θὴρ
3069 1139 3133 1189 ὲκ
3162 1131 3506 1201 γαλεάγρα-ῖο

2084 1228 2263 1294 Ὦς..ὲκ
2289 1229 2551 1302 βροχίδων
2577 1229 2755 1292 ἀετὸς.
2784 1228 2860 1292 ὡς
2884 1226 3047 1298 ἔλλοψ
3071 1225 3168 1279 ἀπ’
3192 1220 3516 1292 άικῖστρου,

2076 1323 2189 1379 Καὶ
2216 1322 2378 1377 πάλιν
2404 1316 2475 1392 ἦν
2509 1319 2765 1390 ἑπίσιμος
2785 1319 2831 1351 ⁷⁵
2855 1318 3091 1389 ἀρθῆναι
3120 1314 3258 1384 πρὸς
3300 1312 3362 1364 τὸ
3392 1308 3615 1378 κράτος.

2088 1414 2247 1470 Ἀλλά
2283 1413 2536 1483 συνέχεεν
2562 1412 2712 1482 αὐτῷ
2744 1410 2841 1466 καὶ
2872 1407 2973 1473 τὰς
3000 1407 3222 1470 ἐλπίδας
3248 1403 3443 1475 φθόνος
3466 1418 3481 1434 ⁸

2074 1504 2116 1558 Γ
2120 1503 2386 1575 ράμματα
2413 1502 2523 1573 γὰρ
2553 1504 2870 1571 κατάπτερα
2903 1499 3098 1569 πάντα
3114 1496 3484 1568 περιεφοίτων

2076 1594 2264 1659 Πάσας
2297 1591 2713 1663 ἀποτειχίζοντα
2741 1590 2821 1663 τῷ
2863 1590 3131 1659 Ῥωμανῷ
3163 1588 3262 1651 τὰς
3294 1586 3500 1647 πόλεις.

2088 1684 2366 1738 Ἐντεῦθεν
2391 1685 2419 1738 6
2439 1683 2788 1755 ταλαίπωρος
2813 1681 3020 1752 ἔρημος
3049 1678 3266 1751 περιῄει
3283 1718 3302 1745 ,

2080 1777 2307 1848 Ἀφιλος
2327 1818 2341 1842 ,
2370 1776 2677 1846 ἀϐοήθητος
2697 1817 2713 1843 ,
2747 1775 2905 1839 ἄλλος
2936 1772 3407 1845 Βελλεροφόντης,

2076 1868 2186 1922 Τοῦ
2221 1869 2454 1942 κράτους
2482 1866 2938 1939 άποσφαιρισοεὶς
2962 1863 3153 1934 ὥσπερ
3193 1862 3303 1916 ἀπὸ
3335 1858 3633 1932 Πηγάσους

2082 1960 2267 2014 Ἐτεσι
2300 1960 2481 2030 μόνοις
2511 1960 2571 2014 ὲν
2602 1960 2752 2030 τρισὶ
2792 1958 2886 2014 τοῦ
2921 1957 3158 2029 κράτους
3188 1953 3501 2015 ἀπολαύσας
3519 1954 3594 2006 ⁷⁷.

2154 2053 2296 2107 Ἀλλ’
2336 2052 2458 2106 οὐδὲ
2488 2051 2651 2106 πάλιν
2679 2053 2713 2122 ἡ
2744 2050 2893 2122 πυρά
2918 2050 3015 2105 τοῦ
3050 2047 3244 2119 φθόνου
3271 2044 3616 2111 κατεσϐέσθη
3637 2058 3653 2075 ⁸

2089 2144 2151 2199 ⁸0
2170 2146 2278 2217 γάρ
2307 2161 2391 2199 τοι
2418 2143 2629 2208 Δοῦκας
2652 2143 2874 2214 Μιχαὴλ
2899 2143 2929 2196 6
2964 2144 3091 2207 παῖς
3120 2142 3216 2198 τοῦ
3241 2137 3655 2195 Κωνσταντίνου

2079 2238 2224 2309 Πρὸς
2256 2236 2357 2309 τὴν
2389 2234 2575 2305 ἀκμὴν
2604 2234 2884 2297 ἐπαναϐὰς
2916 2234 3018 2304 ἢδη
3047 2232 3156 2286 τῶν
3181 2232 3483 2286 νεανίσκων

2079 2328 2191 2380 Καὶ
2222 2324 2384 2396 χνοῦν
2415 2322 2889 2395 ἐπαγγελλόμενος
2920 2320 3097 2375 ἰούλου
3123 2321 3237 2383 τοῖς
3267 2318 3593 2388 κροτάφοις,

2080 2419 2171 2490 Τῷ
2195 2418 2437 2489 Καίσαρι
2463 2415 2812 2487 χρησάμενος
2842 2414 2921 2485 τῷ
2945 2412 3075 2485 θείῳ
3105 2410 3371 2482 συῖθερίθῳ

2082 2512 2193 2566 Καὶ
2216 2512 2332 2573 τοῖς
2362 2505 2759 2579 ὑπερισχύουσι
2784 2507 2882 2561 καὶ
2908 2507 3020 2568 τοῖς
3046 2506 3104 2557 ὲν
3135 2498 3524 2572 στραταρχίαις
3546 2496 3622 2563 ⁷⁸,
3706 2518 3737 2538 ~

2092 2602 2474 2672 Ἐγκαθιζάνει
2508 2602 2608 2673 μὲν
2635 2600 2800 2665 εὐθὺς
2828 2600 2940 2664 τοῖς
2972 2598 3185 2670 θρόνοις
3212 2598 3325 2659 τοῖς
3360 2591 3666 2665 πατρῴοις,

2081 2696 2193 2749 Καὶ
2221 2694 2322 2765 τὴν
2354 2692 2623 2748 τεκοῦσαν
2650 2692 2946 2746 στένουσαν
2976 2690 3149 2744 πολλά
3183 2689 3279 2743 καὶ
3303 2687 3588 2757 γοωμένην

2081 2784 2203 2838 Τῶν
2233 2783 2537 2856 περιϐόλων
2562 2782 2664 2852 τῆς
2688 2782 2864 2853 ἀρχῆς
2889 2778 3128 2835 ἄκουσαν
3153 2776 3451 2831 ἀπελαύνει

2084 2879 2194 2933 Καὶ
2221 2878 2405 2949 τίθησι
2446 2877 2777 2948 μονάστριαν
2799 2915 2814 2939 ,
2846 2873 2941 2926 καὶ
2975 2871 3153 2943 κείρει
3181 2870 3308 2933 τοὺς
3343 2866 3664 2937 πλοκάμους

3334 2993 3487 3050 Vers.
3521 2991 3663 3047 6628

2084 3104 2332 3165 adversis
2378 3104 2902 3177 jactatum'casibus
2947 3099 3433 3159 commiseratione
3478 3095 3656 3167 tangi-
3718 3084 3723 3092 ’

2089 3207 2198 3253 tur.
2233 3197 2422 3268 Itaque
2448 3197 2533 3253 vir
2561 3196 2855 3264 cmteroqui
2884 3193 3238 3251 terbarbarus
3269 3198 3529 3261 cognatos
3561 3188 3664 3243 im-

2084 3290 2353 3364 peratoris
2381 3300 2437 3345 et
2459 3292 2759 3355 Romanos.
2800 3297 3097 3346 extraneus
3132 3289 3281 3343 cives
3321 3295 3379 3342 et
3422 3283 3658 3357 gentiles

2080 3382 2412 3454 proditionis
2438 3384 2720 3455 coarguit;
2759 3383 3022 3454 majorem
3065 3381 3185 3452 ejus
3217 3376 3444 3433 curandi
3475 3376 3664 3430 foven-

2080 3473 2246 3545 dique
2296 3489 2463 3529 causa
2496 3473 2926 3530 sollicitudinem
2982 3472 3213 3543 suscipit
3244 3486 3406 3542 quam
3441 3469 3664 3541 ipsimet

2080 3563 2381 3622 familiares
2409 3574 2465 3620 et
2496 3566 2823 3635 propinqui;
2857 3564 3038 3622 fceJus
3063 3579 3188 3619 cum
3229 3579 3296 3619 eo
3332 3562 3494 3630 ferit,
3532 3578 3662 3633 gra-

2082 3658 2212 3713 tiam
2247 3666 2493 3713 mutuam
2522 3658 2799 3722 conciliat,
2836 3673 3030 3713 manus
3057 3657 3353 3712 auxiliares
3408 3654 3661 3724 porrigit.

2079 3767 2204 3805 cum
2245 3751 2357 3805 Suis
2378 3750 2446 3803 ad
2472 3748 2910 3819 recuperandum
2944 3748 3236 3820 imperium
3268 3748 3501 3817 ablegat.
3545 3746 3660 3802 [ioc

2084 3851 2242 3911 pacto
2276 3841 2557 3896 Romanus
2588 3839 2787 3894 bellare
2812 3838 3046 3908 alicujus
3073 3838 3126 3892 in
3160 3851 3369 3892 morem
3401 3852 3432 3892 e
3471 3852 3664 3893 carce-

2083 3934 2258 3999 ribus,
2288 3943 2347 3988 ut
2375 3948 2405 3988 e
2434 3931 2644 4002 laqueis
2674 3930 2854 4003 aquila
2880 3931 3072 3994 evasit,
3102 3939 3162 3985 ut
3184 3929 3472 3998 acipenser
3505 3929 3666 3983 hamo

2082 4033 2257 4079 semet
2289 4023 2586 4092 expedivit.
2628 4037 2823 4077 rursus
2866 4021 3080 4092 imperii
3112 4020 3329 4092 fastigio
3363 4033 3422 4075 se
3457 4019 3664 4089 potitu-

2084 4131 2206 4169 rum
2242 4129 2493 4184 sperans.
2543 4113 2741 4169 Verum
2799 4113 2897 4168 has
2944 4127 3166 4183 quoque
3205 4128 3332 4183 spes
3377 4111 3565 4168 irritas
3611 4113 3663 4167 ei

2085 4206 2216 4262 fecit
2263 4205 2492 4260 invidia.
2552 4204 2690 4260 Nam
2742 4205 2936 4259 litterre
2982 4204 3291 4260 celerrimis
3334 4204 3542 4260 nuntiis
3594 4204 3665 4258 ad

2083 4297 2306 4368 quasvis
2342 4297 2594 4368 regiones
2623 4307 2783 4353 crant
2824 4296 3022 4362 missae,
3053 4297 3258 4366 quibus
3294 4296 3663 4352 denuntiaba-

2084 4398 2173 4445 tur
2207 4400 2267 4445 nt
2315 4391 2597 4446 Romanus
2644 4390 2922 4446 universis
2964 4390 3198 4447 urbibus
3246 4390 3662 4446 excluderetur.

2083 4485 2223 4540 liinc
2259 4484 2468 4540 factum
2500 4492 2561 4539 ut
2588 4483 2758 4539 miser
2784 4485 2875 4540 ille
2905 4487 3160 4540 desertus
3198 4499 3264 4539 ac
3304 4484 3454 4539 solus
3490 4484 3666 4538 obva-

395 4574 642 4637 irruunt,
686 4589 792 4627 una
843 4583 1150 4639 currentes,
1186 4577 1325 4629 alter
1358 4574 1594 4630 alterum
1629 4581 1983 4631 anteverten-
2013 4600 2056 4654 ο
2085 4584 2333 4647 garetur,
2354 4575 2423 4630 ab
2452 4576 2643 4632 amicis
2671 4574 2992 4641 destitutus,
3022 4592 3192 4648 egens
3218 4577 3340 4645 opis
3360 4588 3417 4631 et
3447 4576 3663 4639 auxilii.

400 4676 505 4729 les,
540 4665 685 4718 inter
719 4680 778 4719 se
809 4665 1158 4721 decertantes
1189 4667 1442 4735 quisnam
1469 4682 1538 4722 ex
1561 4668 1821 4723 omnibus
1853 4667 1981 4722 Dio-

398 4770 597 4821 genem
648 4754 833 4809 vivum
868 4770 1024 4810 suam
1081 4754 1136 4809 in
1190 4764 1517 4827 potestatem
1560 4757 1856 4829 redigeret.
1897 4758 1981 4813 Ad

390 4851 706 4901 extremum
751 4844 905 4916 (heu)
953 4844 1322 4901 Barbarorum
1358 4847 1415 4902 in
1460 4863 1655 4903 manus
1685 4849 1985 4918 imperator

398 4936 584 5003 venit;
621 4936 709 4991 leo
743 4937 1043 4992 furentium
1096 4938 1487 5008 pantherarum
1518 4940 1699 5010 praeda
1746 4940 1846 5006 lit;
1878 4956 1982 4996 au-

394 5039 551 5085 ratas
591 5029 709 5084 alas
742 5028 952 5086 habens
978 5030 1162 5099 aquila
1216 5030 1433 5102 capitur
1468 5047 1499 5086 a
1545 5034 1787 5087 noctuis.
1826 5030 1988 5104 134

396 5121 544 5187 Quid
573 5120 837 5192 deinceps
868 5122 1100 5176 evenit?
1125 5137 1236 5192 quo
1269 5131 1430 5192 pacto
1471 5140 1569 5179 rex
1595 5133 1746 5195 gesta
1765 5124 1795 5179 ?
1820 5140 1986 5194 quem

398 5214 610 5267 exitum
644 5212 873 5269 habuit?
934 5213 1209 5269 Barbarus
1237 5213 1327 5269 ille
1369 5216 1548 5285 gentis
1581 5217 1862 5288 princeps,
1891 5217 1985 5287 qui

394 5305 694 5377 Diogenem
734 5307 924 5361 vivum
986 5315 1232 5376 ceperat,
1284 5317 1483 5377 prteter
1535 5309 1784 5363 omnium
1831 5324 1983 5378 spem

399 5398 647 5451 animum
678 5398 1007 5454 insolentem
1052 5414 1119 5452 ac
1145 5398 1447 5453 barbarum
1484 5414 1608 5455 cum
1649 5402 1768 5454 miti
1823 5417 1979 5456 com-

402 5498 580 5544 mutat
612 5532 629 5556 ,
678 5499 736 5545 et
803 5491 1192 5559 imperatorem
1248 5490 1661 5561 perhumaniter
1713 5493 1980 5548 intuetur.

394 5583 610 5652 Quippe
639 5580 882 5637 hominis
932 5580 1098 5636 etiam
1148 5582 1371 5638 barbari
1420 5597 1576 5638 mens
1621 5598 1751 5656 erga
1796 5600 1982 5656 regem

424 5708 453 5735 δ

2080 4686 2260 4729 novus
2291 4671 2448 4743 quasi
2484 4671 2709 4741 quidam
2750 4670 3227 4740 Bellerophontes,
3275 4670 3357 4724 sic
3400 4668 3667 4722 nimirum

2083 4756 2317 4830 imperio
2347 4758 2595 4829 deiectus
2642 4766 2698 4813 et
2729 4772 2995 4813 excussus
3031 4765 3092 4810 ut
3131 4755 3223 4809 ille
3262 4754 3490 4823 Pegaso,
3520 4767 3653 4807 cum

2082 4869 2149 4907 eo
2187 4851 2366 4907 tribus
2397 4859 2612 4906 tantum
2656 4849 2819 4903 annis
2848 4847 2953 4902 frui
2993 4848 3338 4916 contigisset.

2156 4945 2359 5001 Verum
2416 4958 2487 4998 ne
2548 4943 2629 4998 sic
2676 4941 2902 5010 quidem
2954 4940 3176 4995 invidiae
3228 4939 3445 4994 flamma
3484 4938 3668 5009 potuit

2087 5034 2384 5104 exstingui.
2464 5032 2601 5088 Nam
2667 5030 2971 5086 Michaelus
3039 5030 3252 5093 Ducas.
3311 5028 3668 5083 Constantini

2088 5126 2251 5190 filius,
2285 5125 2381 5195 qui
2409 5125 2523 5195 jam
2551 5122 2884 5178 adolevisset
2913 5137 2981 5176 ac
3017 5122 3250 5191 primam
3287 5120 3470 5177 barbae
3508 5123 3667 5176 lanu.

2085 5221 2271 5290 ginem
2321 5219 2376 5272 in
2414 5217 2573 5271 malis
2623 5225 2961 5277 ostentaret.
2997 5230 3167 5284 opera
3211 5216 3395 5284 patrui
3433 5214 3670 5269 Cresaris

2086 5327 2237 5374 usus.
2273 5312 2515 5381 itemque
2551 5310 2892 5379 reliquorum
2915 5322 3204 5378 procerum
3244 5318 3299 5363 et
3330 5307 3532 5363 dueum
3563 5311 3667 5362 mi-

2083 5404 2349 5466 litarinm.
2386 5413 2618 5472 paterno
2651 5416 2708 5455 se
2740 5400 2794 5453 in
2825 5401 2963 5454 solio
2984 5399 3295 5459 collocavit.
3331 5408 3388 5455 et
3428 5410 3660 5455 matrem

2090 5493 2411 5565 gravissime
2466 5493 2777 5564 plorantem
2820 5506 3058 5561 suasque
3085 5492 3234 5547 vices
3276 5492 3569 5546 deﬂentem
3604 5499 3662 5543 et

2092 5586 2449 5641 reluctantem
2476 5583 2728 5656 angustis
2744 5581 2954 5640 aedibus
2975 5583 3205 5654 expulit,
3224 5583 3457 5651 vitaeque
3479 5582 3670 5635 solita-

1759 5714 1959 5777 Variae
1983 5715 2314 5780 lectiones.

467 5835 595 5915 ἡδὶ
620 5834 848 5900 δείξειεν
885 5837 1212 5894 κατάϐαπτα
1240 5838 1305 5909 Α,
1391 5840 1445 5874 ⁷⁸·
1470 5842 1580 5904 τοῖς
1622 5840 1915 5912 Ῥωμαιοις
1942 5843 1978 5895 Α

2096 5844 2139 5876 ⁷⁸
2173 5844 2484 5915 ἐπίσημοςῖ
2555 5844 2598 5877 ⁷⁷
2631 5840 2786 5900 llunc
2812 5856 3027 5901 versum
3053 5855 3165 5898 om.
3195 5836 3262 5891 Β.
3304 5835 3362 5908 ,⁷⁸
3392 5852 3665 5910 στρατερ-

431 5910 531 5979 χες.
558 5907 625 5965 Β.
