4072 6420
438 489 547 555 Οὓς
574 489 794 563 χάριτες
824 490 1123 561 ἑμόσχευόν
1158 507 1288 546 ποτε
1324 491 1692 564 μυραλοιφίας
1712 535 1730 561 ,

436 582 551 636 Kal
573 581 1033 636 σκοτεινόπεπλον
1055 582 1157 654 τὴν
1177 583 1311 653 πρὶν
1341 585 1728 655 χρυσόπεπλον
1760 584 2019 639 δεικνύει.

436 674 644 729 Μαθὼν
673 675 730 728 δὲ
760 676 855 729 καὶ
885 674 977 730 τὸν
1022 676 1305 747 Ῥωμανδν
1331 677 1498 732 πάλιν
1530 677 1912 749 βασιλειῶντα,

436 766 547 819 Kal
577 766 739 820 πάλιν
767 760 836 837 ἦς
859 765 1220 821 ἐκπέπτωκεν
1248 769 1425 839 ἀρχῆς
1451 770 1808 840 ὀρεκτιῶντα,

433 858 546 912 Kal
580 859 823 928 μάχιμον
850 859 1138 931 ἐγείροντα
1163 860 1413 931 κεντρίον
1441 862 1519 926 ὡς
1547 862 1809 934 σκορπίον

433 950 652 1021 Πέμπει
693 953 824 1016 τοὺς
881 953 1300 1026 πολεμήσοντας
1347 956 1445 1010 καὶ
1499 957 1628 1020 τοὺς
1678 955 2023 1026 συλληψομὺ

1785 1050 1931 1124 [νους
1948 1052 2017 1106 τ’.

431 1138 548 1193 Kal
579 1139 745 1195 πάλιν
771 1140 873 1209 φεῦ
901 1141 917 1195 l
947 1144 976 1197 ό
1010 1143 1281 1214 δυστυχὴς
1312 1143 1607 1215 θηράτροις
1637 1141 1984 1215 περιπίπτει,

432 1234 739 1305 Ζωγρείται
780 1235 874 1288 καὶ
914 1235 1023 1288 τῶν
1057 1235 1354 1308 ὀφθαλμῶν
1395 1238 1526 1305 τοὺς
1574 1236 1812 1299 κύκλους
1847 1236 2019 1289 ἀσϐο-

1784 1325 2017 1399 [λοῦται.

444 1414 535 1469 Ἐν
560 1414 879 1491 λυπρογαίῳ
902 1418 999 1471 καὶ
1028 1417 1251 1491 σκληρῷ
1278 1420 1552 1490 ριπτεϊται
1577 1419 1826 1491 νησιδὶῳ.

430 1505 800 1585 Ἀπαλλαγεὶς
826 1510 884 1564 δὲ
915 1512 1139 1582 Μιχαὴλ
1171 1513 1279 1565 τῶν
1307 1509 1680 1581 παρεστώτων
1705 1510 1910 1580 φόϐων,

442 1597 802 1669 Ἀχείμαστόν
829 1602 1018 1675 τετῆς
1049 1603 1224 1673 ἀρχῆς
1251 1601 1586 1674 παραλαϐὼν
1619 1602 1680 1655 τὸ
1707 1604 1915 1671 σκάφος
1934 1642 1948 1663 ,

427 1691 707 1763 Θορὺϐους
737 1694 835 1771 μὲν
866 1695 1126 1773 ἀρεῖκοὺς
1161 1697 1252 1747 καὶ
1285 1694 1708 1767 θωρακοερορίας

429 1784 544 1837 Kal
573 1783 736 1857 θροῦν
766 1786 859 1838 τον
891 1785 1139 1850 ἐνυάλιον
1176 1786 1270 1842 καὶ
1303 1787 1537 1857 μόχθους
1571 1788 1664 1841 καὶ
1701 1786 1985 1850 κινδύνους

430 1876 555 1930 Οὐδ’
583 1877 676 1931 δνα
687 1893 717 1951 ρ
749 1878 1112 1950 ἒφαντάζετο,
1151 1879 1426 1950 σχολάζων
1455 1881 1513 1934 δὲ
1540 1883 1658 1944 ταῖς
1688 1880 1895 1951 βίϐλοις

429 1968 654 2033 Νύκτας
683 1970 927 2053 ἀΰπνους
959 1971 1111 2031 ἴαυεν
1133 2012 1147 2035 ,
1184 1972 1344 2037 ἄλλος
1377 1968 1444 2053 ἦν
1475 1973 1828 2045 Δημοσθένης

431 2063 503 2115 Ἢ
534 2063 767 2133 Δίδυμος
792 2048 1175 2138 χαλκεντερος,
1222 2048 1613 2137 Ἀλεξανδρεὺς
1641 2068 1702 2120 τὸ
1733 2069 1913 2135 γένος,

436 2153 536 2210 Ὃν
570 2153 745 2219 οὕτως
777 2140 1144 2227 ἐπωνόμασαν
1174 2159 1249 2222 ὡς
1277 2161 1334 2213 ἐν
1368 2158 1443 2230 τῷ
1468 2160 1681 2231 χαίρειν
1710 2159 1890 2228 λόγοις

446 2246 730 2302 Ἀπόσιτοι)
763 2249 1056 2318 γενόμενον
1091 2251 1306 2321 ἡμέρας
1340 2252 1431 2307 ἐπὶ
1467 2252 1707 2315 πλείους.

447 2337 732 2392 Ἐντεῦθεν
763 2341 1150 2419 ἀνερράγησαν
1186 2344 1466 2416 ἐπίρῤοιαι
1496 2344 1803 2416 Βαρϐάρων
1824 2384 1840 2410 ,

431 2430 543 2489 Καὶ
572 2430 736 2486 πάλιν
769 2433 1122 2513 ὲφυσήθησαν
1148 2436 1410 2501 λαίλαπες
1440 2437 1776 2509 πανταχόθεν
1796 2478 1811 2503 ,

430 2519 543 2574 Kal
572 2522 860 2595 φλοίσϐους
892 2527 1200 2595 ἀνωρύοντο
1228 2530 1323 2583 καὶ
1360 2529 1724 2601 παφλασμοὺς
1756 2530 1975 2590 ἐποίουν
2002 2546 2015 2560 ⁸

429 2612 509 2665 Οὐ
539 2612 649 2684 γὰρ
686 2616 868 2689 παρῆν
892 2620 920 2671 ὁ
947 2620 1221 2690 ναύαρχος
1250 2620 1278 2673 ό
1306 2619 1511 2684 ταύτας
1542 2621 1820 2697 ἀλεξήσων
1836 2622 1908 2688 ⁸ο,

428 2706 541 2760 Kal
565 2707 734 2778 γῆθεν
764 2710 1080 2780 ἅνεφύησαν
1109 2711 1437 2784 βλαστήσεις
1468 2713 1816 2785 ἀχερδὼδεις.

442 2794 504 2849 '0
544 2798 655 2869 γὰρ
685 2797 786 2872 τῆς
820 2797 1005 2874 χώρας
1038 2803 1286 2875 γεωργὸς
1320 2803 1417 2875 ἔζη
1451 2804 1670 2875 κοχλίου
1709 2804 1825 2876 βίον
1847 2844 1863 2868 ,

430 3038 527 3097 riae
545 3037 720 3103 tonsis
744 3038 979 3112 capillis,
994 3055 1134 3111 quos
1153 3048 1313 3096 antea
1339 3040 1591 3097 Charites
1610 3040 1742 3112 ipsa:
1764 3057 2016 3113 unguen-

1569 381 2082 446 CONSTANTINI
2124 384 2502 449 MANASSIS

3605 393 3716 473 ΜΒ

2044 490 2099 551 Δ
2135 491 2319 562 ὀλίγα
2348 496 2755 567 προερχόμενος
2785 499 2881 554 καὶ
2910 498 3075 553 πάλιν
3104 500 3434 572 ὑποφεύγων

2126 587 2237 639 Kal
2272 587 2439 641 πάλιν
2479 589 2873 660 ἑλυτρούμενος
2904 595 3019 654 τοῖς
3050 593 3239 663 δόμοις
3268 594 3347 659 ὡς
3381 596 3677 667 ὀστράκοις
3697 639 3716 664 ,

2124 680 2192 734 ’ll
2229 681 2430 751 μᾶλλον
2460 683 2536 745 ὡς
2568 682 2903 761 βυθότροφος
2938 685 3103 739 πίννα
3133 687 3575 757 χωματοφάγος,
3704 668 3710 677 ’

2122 774 2391 849 Δεόμενος
2419 775 2515 827 τοῦ
2547 774 2798 841 νύξοντος
2828 778 2909 840 είς
2949 776 3262 846 βασιλείους
3292 779 3523 851 πράξεις

2123 866 2232 918 Kal
2261 863 2479 936 χρῄζων
2505 866 2913 943 ὑπομνήσοντας
2939 870 3022 923 ὅτι
3062 869 3355 941 Ῥωμαίων
3388 872 3570 945 ἄρχει.

2136 957 2415 1012 Ἐντεῦθεν
2448 959 2613 1013 πάλιν
2642 959 2911 1030 εἴρπυσαν
2943 962 3241 1041 δράκοντες
3272 965 3604 1043 χασματίαι,

2124 1052 2233 1105 Kal
2270 1053 2381 1105 πᾶν
2420 1051 2710 1122 Ῥωμαίων
2738 1054 2890 1123 ὅριον
2919 1054 3192 1126 ὲρῤόφουν
3210 1055 3258 1088 ⁸⁸
3285 1055 3362 1118 ὡς
3393 1055 3630 1111 νοσσίον.

2122 1138 2229 1196 Ἦν
2259 1138 2354 1197 οὖν
2383 1144 2556 1214 βαρὺς
2585 1144 2948 1216 σχετλιασμδς
2977 1147 3124 1200 κατά
3150 1145 3245 1201 τοῦ
3278 1145 3569 1218 βασιλέως,

2121 1237 2232 1292 Kal
2262 1238 2464 1301 πάντες
2494 1236 2850 1291 ἔπαθαίνοντο
2881 1237 3171 1310 βλέποντες
3198 1239 3269 1293 τὰ
3310 1239 3603 1311 Ῥωμαίων

2121 1330 2236 1385 Οὐκ
2263 1332 2353 1384 ἐπὶ
2380 1330 2511 1399 γόνυ
2539 1332 2769 1402 κείμενα
2801 1331 2964 1403 μόνον
2993 1332 3101 1387 οὐδ’
3128 1333 3224 1387 ἐπὶ
3254 1334 3431 1403 στόμα
3454 1374 3471 1401 ,

2119 1423 2264 1478 Ἀλλ’
2289 1423 2389 1495 ἤδη
2410 1423 2813 1496 διαρρεύσαντα
2838 1427 2930 1479 καὶ
2961 1426 3478 1497 καταμαρανθῂιτα.

2121 1508 2216 1580 Εἷς
2240 1516 2298 1569 δέ
2323 1532 2409 1580 τις
2441 1515 2816 1587 μεγαλογενὴς
2848 1517 2941 1570 καὶ
2967 1518 3077 1570 τῶν
3110 1521 3174 1571 ἐκ
3203 1518 3428 1589 πρῶτος
3454 1518 3615 1590 ῥίζης
3620 1559 3637 1586 ν

2120 1608 2468 1679 Γεραίτερος,
2501 1607 2819 1679 μακρόϐιος,
2848 1608 3044 1677 Πύλιος
3070 1608 3230 1673 ἄλλος
3257 1610 3487 1681 Νέστωρ

2121 1696 2525 1767 (Βοτανειάτην
2558 1698 2745 1766 ελεγον
2775 1698 2983 1752 ἐκεῖνον
3013 1698 3392 1772 Νικηφόρον),

2132 1790 2638 1861 Ἐμπειροπόλεμος
2663 1791 2824 1862 ἀνὴρ,
2860 1791 3163 1862 καταϐελὴς
3185 1793 3231 1825 ⁶¹
3258 1796 3358 1855 τὰς
3392 1793 3603 1864 σάρκας

2052 1852 2095 1921 B-
2125 1852 2257 1936 ’Λτε
2292 1852 2512 1947 πολλαῖς
2540 1852 2866 1954 melius,
2899 1855 3099 1954 μάχαις
3122 1852 3271 1948 East.
3304 1852 3539 1954 βρέφὲυς

2127 1976 2234 2029 Καὶ
2266 1975 2506 2044 γεγονὼς
2533 1974 2774 2046 ἀρεῖκῶν
2808 1975 3003 2045 μεστὸς
3044 1974 3449 2045 Ὀλυμπιάδων,

2122 2067 2295 2141 Χεῖρα
2322 2067 2802 2138 προσεταιρίζεται
2835 2066 3039 2141 μυρίαν
3068 2067 3415 2139 συμμαχίδα,

2123 2158 2551 2227 Καταλαμϐἀνει
2589 2157 2849 2226 Νίκαιαν,
2878 2158 3087 2225 πέμπει
3115 2160 3255 2233 πρὸς
3282 2160 3374 2212 τὸν
3400 2156 3711 2230 κρατοῦνταΔ

2123 2250 2364 2322 Γράμμα
2398 2251 2831 2321 παραινετήριον
2860 2250 3023 2320 δῆθεν
3044 2292 3060 2313 ,
3086 2250 3249 2304 αὖτδν
3277 2250 3584 2321 συμπεῖθον

2123 2342 2426 2413 Ἀναιμωτὶ
2457 2341 2536 2414 τῷ
2562 2343 2777 2414 γέροντι
2804 2342 2913 2397 τῶν
2946 2345 3245 2415 σκήπτρων
3277 2343 3640 2412 ὑπεκστῆναι,

2120 2432 2294 2487 Αὑτὸν
2327 2433 2372 2485 δ’
2400 2431 2475 2496 ὡς
2509 2434 2884 2505 ἀπειρόμαχον
2911 2430 3013 2501 ζῇν
3049 2433 3107 2485 ὲν
3138 2431 3568 2505 ἀπραγμοσύνῃ.

2123 2527 2235 2581 Kal
2265 2527 2315 2579 τί
2351 2527 2524 2581 πολλὰ
2558 2528 2653 2580 xal
2691 2528 2959 2598 περιττά;
2991 2527 3189 2581 Φθάνει
3226 2530 3327 2599 τὴν
3368 2525 3617 2599 βασιλίδα
3639 2526 3711 2594 ³³,

2122 2622 2234 2675 Kal
2260 2621 2553 2693 πορφυρίδι
2594 2620 2694 2691 μὲν
2726 2622 2888 2685 αὐτὸς
2920 2624 3209 2691 κοσμεῖται
3238 2622 3637 2694 χρυσοπάστῳ,

2134 2712 2194 2767 '0
2224 2712 2355 2783 πρὶν
2384 2712 2439 2766 δὲ
2469 2711 2942 2784 κράτωρΜιχαὴλ
2974 2711 3187 2781 γίνεται
3218 2712 3598 2784 μελαμφόρος.

2125 2805 2344 2861 ’Έτεσιν
2368 2804 2427 2873 ἒξ
2456 2806 2794 2878 γευσάμενος
2818 2806 2912 2860 τοῦ
2946 2803 3218 2876 βασιλείου
3245 2807 3481 2877 κράτους
3505 2806 3573 2861 ⁸⁵.

3376 2934 3534 2990 Vera.
3566 2933 3711 2991 667d

2119 3052 2326 3121 ageret,
2363 3058 2488 3099 raro
2519 3042 2573 3101 in
2607 3041 2889 3114 publicum
2916 3040 3188 3112 prodiret,
3216 3056 3343 3101 mox
3372 3056 3431 3097 se
3462 3041 3709 3100 vicissim

431 3133 503 3199 tis
530 3132 809 3193 delibatos
840 3133 1135 3205 irrigarattt
1182 3143 1239 3188 et
1267 3150 1437 3188 aureo
1464 3133 1666 3188 vestitu
1700 3149 1825 3188 cum
1856 3135 2014 3207 nigro
2050 3201 2084 3211 _
2119 3153 2185 3193 ex
2217 3135 2504 3195 hominum
2534 3142 2832 3206 conspectu
2865 3132 3223 3200 subduceret,
3253 3132 3401 3188 domi
3441 3142 3705 3211 tanquam

429 3234 773 3285 commutato
805 3201 1037 3283 atltlisit.
1074 3228 1343 3285 l‘rreterea
1388 3237 1675 3298 comperto
1702 3201 2010 3282 Romanum
2042 3201 2088 3260 θ’
2124 3230 2272 3285 intra
2325 3238 2492 3285 testas
2534 3201 2845 3284 occultatus
2890 3226 3110 3293 lateret,
3145 3241 3371 3297 prorsus
3410 3227 3490 3282 uti
3540 3201 3715 3302 pinna

430 3318 502 3385 de
549 3308 767 3397 integro
809 3333 1038 3389 regnum
1081 3318 1363 3384 aﬂ‘ectare,
1398 3318 1577 3391 deque
1627 3320 1870 3393 imperii,
1909 3337 2019 3391 quo

432 3413 603 3475 semel
627 3410 945 3477 excidisset,
971 3412 1395 3485 recuperatioue
1424 3413 1687 3485 cogitare,
1720 3428 1783 3469 ac
1807 3430 2020 3487 pugna-

432 3520 556 3571 rem
588 3504 745 3564 illum
786 3503 1069 3563 stimulum
1109 3505 1162 3560 in
1192 3520 1401 3563 morem
1434 3507 1638 3576 scorpii
1671 3522 1866 3567 rursus
1905 3508 2020 3562 eri-

433 3608 582 3679 gere,
629 3593 778 3650 misit
828 3595 921 3669 qui
977 3594 1182 3649 bellum
1237 3594 1289 3651 ei
1342 3595 1586 3653 facerent
1619 3596 2018 3670 hominemque

433 3682 994 3753 comprehenderent.
1049 3682 1164 3740 lloc
1215 3685 1378 3739 modo
1426 3686 1771 3744 miserrimus
1819 3688 2018 3745 iterum

433 3776 490 3845 in
534 3777 761 3846 laqueos
797 3774 1009 3838 incidit,
1055 3777 1212 3833 vivus
1245 3779 1480 3848 capitur,
1511 3781 1687 3839 oculis
1720 3783 2015 3853 spoliatur,

433 3868 490 3925 in
514 3870 758 3931 sterilem
787 3885 851 3925 ac
886 3870 1082 3935 duram
1111 3871 1341 3929 insulam
1371 3873 1719 3943 deportatur.

504 3961 775 4023 Cancrum
807 3962 1109 4029 Michaelus
1144 3964 1453 4021 terroribus
1491 3975 1547 4021 et
1575 3966 1841 4035 periculis
1875 3968 2017 4024 libe-

433 4066 588 4127 ratus
622 4056 1006 4126 prmsentibus,
1055 4056 1401 4129 imperioque
1437 4059 1553 4131 jam
1584 4060 1883 4131 tranquillo
1922 4077 2020 4132 po-

435 4149 833 4210 titus.bellicos
859 4149 1149 4215 tumultus,
1175 4165 1456 4209 armorum
1485 4153 1843 4224 gestationes,
1873 4155 2020 4213 clas-

322 4250 327 4255 '
434 4242 549 4307 sica
598 4241 881 4304 militaria,
916 4240 1158 4305 labores,
1196 4243 1464 4312 pericula,
1497 4259 1566 4300 ne
1610 4261 1711 4315 per
1762 4262 2016 4305 somnum

433 4334 655 4404 quidem
698 4333 1103 4403 imaginabatur
1147 4343 1244 4388 aut
1290 4335 1578 4399 tractabat,
1617 4337 1715 4397 scd
1742 4338 1901 4395 libris
1934 4340 2019 4396 in-

433 4424 704 4481 cumbens
750 4430 899 4483 totas.
944 4437 1139 4480 noctes
1190 4425 1471 4485 insomnes
1524 4428 1799 4497 exigebat.
1860 4431 2017 4489 Alius

434 4518 650 4573 scilicet
696 4515 1095 4583 Demosthenes
1129 4516 1352 4587 quidam
1400 4528 1541 4583 erat,
1594 4520 1751 4601 135
1806 4524 2017 4581 aliusve

433 4611 698 4682 Didymus
721 4608 1149 4674 Alexandrinus,
1204 4619 1570 4679 cognomento
1594 4611 2014 4683 Chalcenterus,

432 4706 514 4773 sic
570 4702 798 4759 alteneis
839 4701 913 4773 ab
957 4702 1234 4763 intestinis
1280 4715 1666 4774 nuncupatus.
1725 4719 2014 4778 propterea

430 4796 580 4865 quod
641 4794 932 4871 mirificam
982 4809 1014 4848 e
1064 4795 1375 4853 litterarum
1429 4796 1629 4859 studiis
1677 4798 2015 4869 voluptatem

432 4890 664 4961 rapiens
688 4891 741 4945 in
775 4888 979 4947 multos
1009 4888 1127 4943 dies
1170 4889 1311 4946 cibis
1337 4890 1600 4947 caruerit.
1640 4890 1773 4949 Eam
1798 4891 1868 4947 ob
1899 4908 2013 4947 rem

433 4984 635 5041 accidit
689 4994 751 5038 ut
793 4982 1025 5038 Barbari
1066 4983 1273 5051 passim
1315 4982 1614 5047 irruerent,
1661 4999 1726 5038 ac
1768 4985 2013 5054 undique

436 5091 657 5130 rursum
685 5076 940 5145 procella:
960 5092 1018 5132 se
1045 5083 1457 5133 commoveret“
1489 5091 1792 5146 gravesque
1822 5078 2011 5133 turbas

435 5176 490 5222 ct
513 5167 777 5234 strepitus
806 5167 1129 5223 excitarent.
1164 5165 1279 5222 Nec
1305 5167 1455 5223 enim
1480 5166 1770 5235 praefectus
1809 5168 2011 5238 aliquis

437 5259 658 5315 navium
695 5257 763 5313 ad
801 5275 1023 5314 manum
1062 5268 1211 5323 erat,
1248 5259 1344 5330 qui
1384 5260 1437 5314 in
1478 5260 1630 5321 bisce
1670 5261 2013 5331 tempestati-

434 5353 543 5411 bus
573 5366 800 5409 suorum
829 5351 991 5405 saluti
1026 5352 1339 5406 consuleret
1366 5366 1572 5421 easque
1608 5360 2012 5422 compesceret.

430 5443 631 5513 itidem
664 5458 695 5498 e
732 5452 879 5501 terra
923 5444 1170 5513 germina
1210 5443 1463 5512 qumdam
1513 5444 1810 5516 herbasque
1858 5445 2016 5503 malae

432 5536 869 5609 proveniebant,
920 5533 1075 5606 quod
1118 5535 1299 5595 cultor
1339 5537 1461 5611 agri
1500 5537 1797 5593 testudinis
1842 5535 2014 5597 vitam

1788 5656 1991 5720 Varius
2025 5654 2358 5717 lectiones.

1378 5758 1425 5790 ⁸ο
1459 5756 1731 5827 ναύαρχος
1754 5759 1955 5823 ταύτας
2008 5755 2371 5827 ἀπαλεξήσων
2410 5753 2524 5808 All.

414 5762 427 5767 “
505 5762 553 5793 ⁷⁸
592 5759 748 5815 llunc
780 5772 997 5813 versum
1048 5772 1159 5811 om.
1217 5754 1281 5810 ﬂ.

436 5830 482 5864 ’³
509 5829 809 5895 Βυζαντίόα
847 5829 962 5883 Alt.
1038 5826 1269 5883 “Hunc
1301 5842 1519 5885 versum
1554 5826 1752 5884 omn.

2122 3323 2328 3392 degens
2365 3321 2420 3376 in
2467 3319 2660 3385 fundo,
2714 3317 2961 3374 hominis
2996 3333 3167 3393 egens
3206 3334 3373 3390 opera
3410 3320 3711 3392 pungendo

2122 3414 2187 3470 ad
2258 3411 2603 3487 negotiorum
2650 3410 2866 3482 imperii
2930 3409 3379 3487 procurationem
3444 3412 3718 3467 exstimu-

2122 3504 2310 3569 lautis,
2345 3511 2403 3558 et
2430 3501 2485 3558 in
2522 3499 2847 3555 memoriam
2887 3500 2936 3554 ei
2982 3498 3296 3555 revocantis
3325 3498 3472 3571 quod
3506 3498 3716 3554 Roma-

2120 3596 2209 3650 nis
2237 3610 2360 3650 cum
2390 3602 2662 3663 potestate
2694 3601 2973 3665 praeesset.
3010 3590 3150 3646 llinc
3173 3606 3392 3646 rursum
3435 3592 3712 3649 dracones

2122 3688 2340 3743 biantes
2376 3686 2656 3758 prodiere,
2703 3685 2796 3757 qui
2834 3684 2973 3739 ﬁnes
3008 3685 3384 3742 Romanorum
3419 3701 3522 3741 ceu
3553 3685 3716 3741 volu-

2121 3782 2232 3839 cris
2258 3780 2465 3857 pullum
2508 3776 2911 3850 degluticbant.
2953 3776 3125 3832 Erant
3149 3793 3283 3851 ergo
3312 3777 3552 3850 querela:
3585 3793 3717 3849 gra-

2120 3890 2217 3929 ves
2246 3873 2313 3929 de
2358 3872 2711 3942 imperatore,
2758 3870 2974 3926 cunctis
3015 3884 3141 3924 eum
3173 3869 3365 3926 dolore
3390 3870 3714 3927 videntibus

2121 3982 2213 4023 res
2240 3964 2519 4020 Romanas
2548 3979 2658 4018 non
2689 3971 2900 4017 tantum
2935 3963 2989 4017 in
3021 3978 3200 4033 genua
3223 3963 3307 4017 vel
3342 3964 3521 4034 ipsum
3551 3963 3606 4019 in
3639 3979 3705 4020 os

2120 4059 2406 4131 collapsas,
2437 4071 2628 4117 verum
2656 4055 2821 4111 etiam
2854 4054 3014 4125 plane
3048 4053 3361 4134 dimuentes
3402 4070 3467 4110 ac
3497 4071 3714 4111 marce-

2120 4162 2357 4213 scentes.
2389 4146 2633 4204 Tandem
2683 4161 2881 4219 magno
2930 4145 3154 4217 quidam
3188 4145 3548 4219 principeque
3583 4144 3712 4201 loco

2119 4254 2304 4309 natus,
2334 4245 2445 4316 jam
2480 4250 2740 4314 provecta
2788 4250 2969 4303 astate,
3004 4239 3225 4299 Nestori
3261 4239 3417 4311 Pylio
3454 4240 3710 4312 aequalis,

2120 4340 2208 4403 cui
2238 4354 2438 4394 nomen
2485 4346 2607 4393 erat
2630 4334 2974 4405 Nicephorius
2998 4331 3336 4397 Botaniates,
3375 4333 3460 4387 vir
3482 4332 3702 4389 bellicis

2122 4434 2177 4493 in
2229 4434 2398 4488 rebus
2442 4429 2955 4500 experientissimus
2988 4469 3002 4490 ,
3052 4434 3169 4487 toto
3214 4425 3416 4497 passim
3468 4440 3709 4496 corpore

2050 4559 2098 4619 Β
2125 4525 2413 4583 cicatrices
2438 4522 2642 4586 ferens,
2681 4521 2759 4575 uti
2791 4520 2884 4589 qui
2921 4535 2950 4573 a
2986 4533 3160 4588 puero
3196 4516 3385 4571 multis
3416 4515 3469 4569 in
3503 4515 3711 4585 prmliis

2123 4621 2338 4677 fortiter
2391 4631 2518 4671 cum
2568 4614 2725 4675 hoste
2769 4619 3091 4682 pugnasset,
3149 4610 3370 4679 jamque
3416 4608 3713 4663 Mavortius

2122 4708 2462 4782 olympiach
2498 4705 2813 4774 complures
2860 4702 3153 4774 attigisset,
3187 4700 3277 4755 hic
3319 4714 3453 4769 ergo
3485 4697 3710 4752 tandem

2123 4818 2345 4860 manum
2378 4799 2483 4855 sibi
2513 4797 2806 4870 quamdam
2832 4794 3236 4865 opitulatr'tcem
3273 4790 3581 4861 adjungens
3608 4788 3709 4844 Ni-

2121 4909 2288 4948 ca-am
2321 4898 2576 4959 occupat,
2616 4898 2671 4944 et
2718 4885 2919 4943 litteris
2946 4885 3012 4945 ad
3048 4885 3438 4952 imperatorem
3474 4879 3716 4948 perscri-

2120 4986 2230 5057 ptis
2258 4985 2511 5038 hortatur
2543 4990 2603 5033 ut
2625 4978 2814 5037 volens
2841 4977 3073 5047 imperio
3101 4975 3205 5031 sibi
3237 4973 3458 5028 cederet
3496 4972 3711 5041 absque

2118 5076 2403 5149 sanguinis
2431 5073 2722 5136 cﬂusione,
2768 5087 2831 5133 ac
2880 5070 3057 5129 vitam
3097 5067 3213 5137 ipse
3258 5064 3527 5121 bellorum
3564 5078 3713 5133 prte-

2118 5169 2427 5236 liorumque
2473 5164 2626 5221 rudis
2672 5163 2911 5233 quietam
2959 5170 3014 5215 ct
3050 5173 3081 5213 a
3136 5156 3709 5229 ucgmiisimmunetn

2122 5269 2329 5331 ageret.
2348 5257 2487 5326 Quid
2507 5255 2696 5317 multis
2718 5269 2834 5319 rem
2859 5264 3289 5311 commemorem
3307 5250 3328 5301 ?
3349 5246 3710 5318 Byzantinam

2124 5353 2316 5412 urbem
2354 5346 2669 5411 Botaniates
2702 5352 2957 5414 occupat,
2983 5353 3037 5398 et
3062 5356 3303 5413 purpura
3338 5338 3561 5410 quidem
3589 5337 3710 5409 ipse

2124 5460 2259 5501 auro
2292 5445 2587 5499 intertexta
2636 5447 2692 5497 et
2742 5438 2999 5499 distincta
3032 5444 3373 5511 exornatur,
3404 5429 3711 5491 Mieltaelus

2123 5543 2327 5595 autem.
2361 5547 2470 5591 non
2521 5529 2597 5589 ita
2624 5527 2839 5601 pridem
2866 5525 3187 5596 imperator,
3221 5524 3275 5579 in
3307 5519 3708 5578 monasterium

2627 5752 2667 5786 ⁸¹
2704 5749 2936 5826 ίςὸφουν
2996 5749 3065 5805 R.
3186 5750 3232 5783 "
3268 5746 3587 5818 καταμελὴς
