4072 6418
395 452 508 517 46ῢ

1548 451 2057 518 COMPEN‘DIUM
2099 449 2578 512 CHRONICUM.

3567 444 3681 507 470

413 565 580 622 Ἀλλὰ
604 563 714 638 γὰρ
745 563 1111 637 ἐκλαθόμενος
1140 567 1304 621 αὑτοῦ
1333 585 1391 622 τε
1427 570 1636 623 καὶτοῦ
1666 573 1849 643 γήρως
1876 569 1927 602 ⁸⁸
2022 569 2072 626 Α
2099 565 2270 628 Αὐτὸς
2305 563 2348 617 δ’
2381 559 2855 634 ἐπιπορπούμενος
2886 559 3340 631 χρυσεοστίλόους
3370 559 3607 627 πέπλους

415 661 479 713 '0
508 658 694 729 γέρων
720 659 749 711 ό
774 657 878 712 πα)
891 659 1114 730 αιγενὴς
1137 654 1292 724 οὗτος
1323 661 1350 713 ό
1383 661 1698 735 Νικηφόρος

408 750 492 822 Τῇ
518 753 738 822 γαμετῇ
761 751 858 805 τοῦ
890 750 1111 822 Μιχαὴλ
1140 751 1430 822 ζεύγνυται
1463 754 1612 825 νόμῳ
1642 755 1855 823 γάμου,

413 845 526 896 Καὶ
554 841 735 896 ταῦτα
759 843 937 914 γέρων
969 845 1239 915 τρυφερᾷ,
1275 845 1553 915 πέμπε).ος
1582 847 1852 918 νεαζούσῃ
1876 863 1891 877 ⁸

414 934 588 988 nam
615 931 675 985 δὲ
703 931 1077 1004 βαρυνόμενον
1109 935 1202 987 καὶ
1234 934 1738 1006 δυσανασχετοῦντα

416 1025 532 1092 Τῆς
569 1024 835 1092 Ἐφεσίων
863 1024 1073 1089 πόλεως
1108 1026 1339 1096 ποιμένα
1366 1027 1702 1083 καθιστάνει.

419 1116 704 1183 Καμάτων
735 1115 780 1168 δ’
809 1115 1148 1186 ἀπεχόμενος
1171 1118 1218 1150 ⁸⁸
1245 1119 1354 1171 τῶν
1389 1119 1534 1172 κατά
1563 1120 1692 1182 τοὺς
1732 1122 2004 1192 πολέμους

431 1207 704 1275 Ἐκάθητο
729 1210 1116 1280 χρυσοφορὼν,
1147 1209 1522 1282 κοσμούμενος
1552 1212 1780 1282 ἀμφίοις

433 1298 687 1360 Ἀκτίνας
714 1297 1096 1368 ἀπαυγάζουσι
1119 1302 1491 1373 πυρῤἀζοντος
1522 1304 1770 1374 χρυσίου,

421 1393 689 1462 Λουτροῖς
710 1391 804 1462 καὶ
834 1391 1020 1457 πότοις
1043 1395 1138 1449 καὶ
1157 1397 1390 1466 τρυφαῖς
1415 1396 1674 1469 εὐδαῐμον
1701 1398 1881 1470 γῆρας
1910 1398 2006 1469 βό-

1808 1489 2002 1562 [σκων.

423 1574 832 1644 Χρυσόπτερος,
867 1575 932 1629 ἂν
957 1575 1102 1632 εἴποι
1129 1595 1236 1643 τις,
1271 1579 1470 1643 κύκνος
1501 1581 1876 1652 ἁγαλματίας,

434 1664 636 1717 Ὁπότε
663 1664 836 1717 δύνειν
869 1664 1062 1734 ἔμελλε
1093 1667 1185 1719 καὶ
1213 1668 1556 1738 κρύπτεσθαι
1580 1669 1660 1740 τῷ
1688 1670 1866 1742 τάφῳ,

445 1758 759 1827 Αρχόμενος
786 1757 1076 1829 ἡδύνεσθαι
1108 1743 1534 1828 κεύφραίνεσθαι
1562 1763 1638 1832 τῷ
1671 1763 1772 1834 βίῳ

425 1848 714 1920 Τριγέρων
742 1849 1058 1917 ἀπαλόϐιος,
1087 1853 1383 1918 σπάταλος,
1413 1855 1739 1924 τρυφητίας.

427 1938 543 1989 Καὶ
572 1937 638 1989 τά
674 1937 771 2005 μὲν
802 1938 1106 2006 πράγματα
1154 1943 1342 2010 χερσὶν
1375 1943 1656 1997 ἐπίστευεν
1696 1946 2002 2017 ἀνθρώπων

425 2025 881 2098 Βαρόαριζόντων
908 2029 1004 2099 τὴν
1043 2033 1227 2102 φωνὴν
1260 2032 1388 2103 μηδ’
1417 2035 1969 2107 όρθορῤημονούντων
1988 2079 2002 2106 ,

427 2119 701 2187 Κρατῆρα
728 2121 1067 2190 πανημέριον
1097 2125 1358 2179 ἱστάντων
1388 2128 1479 2180 καὶ
1511 2129 1794 2193 πινόντων,

426 2201 524 2268 Οἷς
555 2203 624 2276 ἦν
653 2207 716 2260 τὸ
743 2209 896 2276 γένος
925 2212 1199 2280 τρίδουλον
1219 2255 1233 2277 ,
1266 2215 1360 2268 καὶ
1391 2217 1607 2270 πάπποι
1637 2218 1733 2272 καὶ
1774 2223 2010 2291 πατέρες

427 2297 838 2372 Τρισ-ἀρὸαροι,
865 2302 960 2356 καὶ
989 2304 1088 2372 τὴν
1109 2304 1284 2375 ψυχὴν
1321 2305 1593 2380 Βάρϐαροι
1626 2310 1720 2364 καὶ
1742 2311 1840 2380 τὴν
1869 2311 2008 2380 γνώ-

1879 2421 2006 2469 μην.

1919 2423 2006 2468 τν,

431 2484 540 2537 Καὶ
567 2482 1027 2553 Σκυθογλὼσσους
1049 2485 1240 2549 λαλιὰς
1262 2489 1618 2560 δυσφρέιστως
1641 2493 1687 2525 ⁸⁷
1711 2403 2009 2560 Ismarii;-

1871 2584 2006 2657 [τες,

446 2665 536 2729 Ὠς
568 2666 730 2732 εἴτις
762 2670 1167 2743 μεγαλόφορτον
1204 2675 1509 2729 πιστεύσειε
1542 2678 1764 2746 φορτίὸα

448 2758 895 2831 ’Δ-ιεπιστήμοσι,
927 2765 1158 2828 σκαιοῖς,
1193 2764 1440 2836 ἀχρείοις
1474 2767 1862 2838 κυϐερνήταις.

439 3013 694 3070 detrusus
725 3016 926 3071 vestitu
975 3017 1131 3088 nigro
1169 3017 1438 3079 induitur,
1467 3034 1590 3073 cum
1629 3019 1678 3074 ei
1724 3035 1817 3076 sex
1853 3031 2011 3076 annis

439 3107 671 3175 imperio
705 3107 855 3177 regio
886 3106 995 3162 frui
1023 3109 1357 3179 contigisset.
1392 3109 1496 3163 Sed
1528 3110 1674 3163 enim
1701 3110 2043 3176 Butaniatcs,

436 3200 530 3254 ille
553 3200 727 3254 multo
749 3201 904 3255 scuio
925 3201 1121 3271 gravis,
1142 3217 1248 3254 non
1272 3201 1353 3255 sui
1376 3211 1608 3264 tantum,
1635 3217 1823 3256 verum
1839 3201 2008 3257 etiam

436 3300 714 3359 provectae
741 3292 918 3345 aetatis
947 3291 1169 3355 oblitus,
1202 3292 1567 3346 antecesseris
1602 3291 1852 3347 Michaeli
1877 3308 2010 3349 cou-

428 3384 618 3453 jngcm
679 3382 922 3452 legitimo
968 3383 1072 3438 sibi
1140 3383 1488 3440 matrimonio
1545 3384 1785 3454 copulat,
1846 3399 2013 3438 senex

435 3475 729 3528 mulierem
767 3485 1008 3529 teneram
1042 3483 1100 3528 et
1123 3474 1434 3540 delicatam,
1486 3475 1761 3545 capularis
1803 3482 1863 3531 'et
1923 3475 2014 3530 fu-

435 3567 558 3619 neri
593 3564 900 3619 destinatus
939 3575 1184 3634 vegetam
1232 3575 1398 3634 atque
1437 3567 1718 3636 juvenem.
1762 3565 2013 3636 Cumque

434 3667 645 3710 sortcm
675 3671 829 3710 suam
862 3671 1004 3726 aegre
1034 3656 1370 3724 molesteque
1401 3656 1572 3711 ferret
1603 3673 1667 3712 ac
1699 3657 2014 3726 deplorarct

433 3749 763 3812 Michaelus,
805 3748 1092 3818 Ephesium
1127 3749 1280 3805 urbis
1329 3759 1514 3820 pastor
1557 3749 1628 3805 ab
1683 3750 2018 3820 imperatore

435 3841 780 3897 constitutus
799 3850 905 3894 est.
931 3839 1244 3894 Secundum
1263 3841 1379 3895 hanc
1404 3840 1765 3910 Nicephorus,
1798 3841 2017 3896 omissis

436 3934 731 3990 laboribus
756 3932 992 3996 bellicis,
1021 3948 1154 3987 auro
1179 3931 1362 4002 gravis
1392 3931 1640 3996 sedebat,
1662 3941 1890 3986 ornatus
1917 3947 2016 3986 ve-

437 4024 720 4081 stimentis
761 4037 882 4092 quae
907 4037 1106 4078 aureos
1123 4022 1277 4092 quasi
1312 4023 1577 4092 quosdam
1615 4023 2022 4092 rutilantesque

437 4117 630 4172 radios
665 4117 732 4170 de
765 4131 825 4170 se
857 4114 1204 4184 spargebant,
1232 4113 1447 4168 felicem
1482 4115 1809 4182 beatamque
1849 4129 2014 4169 sene-

438 4218 585 4262 ctam
621 4205 855 4260 lavacris
885 4214 942 4260 et
969 4205 1234 4260 conviviis
1285 4215 1342 4260 et
1379 4205 1752 4274 voluptatibus
1799 4205 2011 4260 fovens.

435 4300 561 4355 Non
587 4299 690 4354 abs
722 4315 781 4352 re
813 4298 938 4368 quis
975 4297 1178 4352 dixerit
1215 4297 1374 4368 136
1399 4313 1524 4352 eum
1551 4297 1718 4352 fuisse
1750 4295 2018 4352 consimi4

437 4394 549 4446 lem
582 4406 757 4463 cygno
788 4390 888 4445 alis
933 4389 1118 4444 aureis
1160 4401 1424 4442 exornato
1463 4397 1520 4443 et
1557 4389 1764 4443 atlabre
1801 4389 2012 4460 pictum

439 4483 728 4544 referenti,
759 4484 852 4552 qui
883 4483 993 4554 jam
1012 4481 1314 4536 moriturus
1334 4489 1390 4535 et
1415 4480 1736 4536 obruendos
1761 4483 2020 4551 sepulcro

2040 1901 2082 1954 B

2037 3247 2080 3301 ϐ

2103 657 2212 710 Καὶ
2242 656 2494 725 βύσσινα,
2525 654 2834 725 χρυσοϋφῆ,
2867 653 3264 725 μαργαροφόρα
3293 653 3466 727 φάρη,

2101 749 2212 804 Καὶ
2242 749 2489 819 βάμματι
2517 746 2891 817 πορφυρανθεῖ
2915 746 3198 816 λάμποντα
3227 746 3319 799 καὶ
3343 747 3574 817 χρυσίῳ,

2103 843 2212 896 καὶ
2241 843 2520 913 χρώμενος
2546 842 2604 910 ἐξ
2645 840 2880 911 ἀμοιϐῆς
2913 839 3137 909 ἀμφίοις
3167 839 3497 910 ἐπαλλήλοις
3518 881 3533 903 ,

2117 936 2229 1005 Ἐφ’
2260 934 2480 1006 ὑψηλῶν
2507 935 2742 1004 ἐκάθητο
2772 933 2978 1005 θρόνων
3008 934 3366 1004 ἀργυροὴλων
3391 933 3461 998 κε,

2107 1028 2342 1099 Κοσμῶν
2370 1029 2486 1089 τοῖς
2517 1027 2796 1098 ἀξιώμασι
2831 1025 3042 1089 πάντας
3071 1026 3196 1090 τοὺς
3225 1027 3572 1097 προσιόντας,

2103 1119 2364 1183 Χαλκείς,
2396 1119 2782 1190 δρυτόμους⁸⁹,
2813 1118 3148 1186 σκαφευτάς,
3189 1118 3488 1190 ἐμπόρους,
3526 1135 3680 1187 γαιο-

3494 1227 3623 1273 αχου
3630 1227 3677 1273 ς,

3494 1211 3539 1264 ἀ·
3564 1227 3677 1273 ους,

2105 1302 2543 1375 Κρηπιδοπώλας
2563 1302 2634 1368 οο,
2673 1299 3083 1372 σχοινουργοὺς,
3113 1299 3364 1368 κναφεῖς,
3399 1209 3680 1368 6311:329-

3460 1389 3678 1460 ξγὰτας,

2106 1484 2218 1537 Καὶ
2248 1481 2482 1554 χυδαιῶν
2509 1481 2576 1536 τὰ
2603 1482 2783 1552 τίμια,
2815 1485 2910 1538 καὶ
2941 1480 3008 1535 τὰ
3037 1479 3269 1552 λαμπρά
3302 1478 3606 1551 ῥυπαίνων,

2107 1577 2216 1629 Καὶ
2247 1574 2581 1648 τηλικαύτην
2608 1573 2858 1628 εὔκλειαν
2881 1574 3136 1641 κατάγων
3163 1574 3243 1635 εἰς
3269 1570 3601 1642 βαναύσους,

2114 1668 2215 1720 Ἦν
2242 1665 2476 1720 ἔπαθλον
2509 1667 2752 1720 ἐδίδοσαν
2782 1667 2830 1719 oi
2864 1665 3132 1737 κράτορες
3161 1664 3210 1716 οἱ
3236 1662 3427 1735 πρώην

2105 1762 2499 1834 Ἀνδραγαθίας
2530 1763 2624 1816 καὶ
2650 1759 2852 1832 χειρῶν
2887 1758 3266 1830 κατορθουσῶν
3303 1755 3537 1826 μεγάλα.

2113 1855 2219 1906 Καὶ
2246 1853 2418 1906 ταῦτα
2442 1856 2552 1916 τοῖς
2572 1851 2632 1916 ἐξ
2657 1853 2890 1922 αἵματος
2912 1853 3007 1904 καὶ
3020 1850 3210 1919 γένους
3227 1846 3680 1919 λαμπροσπόρου.

2110 1942 2387 2005 Τοιούτοις
2417 1943 2600 2014 ἔργοις
2630 1943 2838 2013 ἔχαιρε,
2881 1943 3144 2004 τοιούτοις
3170 1937 3541 2008 ἐπηγρύπνει,

2111 2034 2230 2088 Κᾶν
2261 2037 2333 2104 μὴ
2371 2053 2514 2098 τινες
2545 2036 2828 2106 αἱτὴσαιεν
2861 2033 3188 2101 ἀξιωμάτων
3218 2032 3349 2102 ὕψη,

2111 2127 2454 2182 Δεινοπαθὼν
2484 2127 2734 2196 ἐφαίνετο
2772 2128 2866 2182 καὶ
2910 2127 3111 2197 κρίνων
3143 2123 3492 2195 ζημιοῦσθαι.

2111 2222 2192 2274 Τά
2218 2222 2262 2274 δ’
2293 2221 2429 2275 ἄλλα
2457 2221 2635 2274 πάντα
2666 2219 2918 2289 πάρεργα
2953 2219 3049 2270 καὶ
3075 2218 3134 2271 τὸ
3166 2217 3332 2286 μηδὲν
3363 2217 3572 2286 ἠγεῖτο,

2111 2314 2231 2368 Κᾶν
2260 2314 2328 2367 τὰ
2372 2311 2662 2382 Ῥωμαίων
2688 2314 2811 2382 ὅρια
2841 2313 3110 2364 στενοῖντο
3140 2311 3252 2372 τοῖς
3282 2307 3614 2379 Βαρῦἀροις,

2113 2404 2228 2461 Κᾶν
2260 2403 2538 2457 ἐλεπόλεσι
2569 2402 2770 2456 πολλαὶ
2788 2401 2970 2465 πόλεις
2999 2402 3402 2471 κριοκοποϊντο.

2112 2494 2188 2548 Οὖ
2201 2512 2299 2559 τως
2334 2497 2391 2548 ἐν
2416 2494 2561 2548 ἔτεσι
2591 2493 2740 2565 τρισὶ
2773 2491 2866 2548 τοῦ
2900 2492 3133 2562 κράτους
3161 2490 3476 2552 ἀπολαύσας
3496 2490 3541 2523 ¹¹

2112 2590 2236 2643 Βίον
2274 2589 2461 2642 λοιπὸν
2491 2588 2814 2658 μεθίσταται
2845 2585 2938 2640 τοῦ
2977 2585 3247 2654 βασιλείου
3279 2585 3540 2656 κράτους.

2181 2680 2344 2734 Ἀλλὰ
2369 2679 2554 2734 λοιπὸν
2585 2679 2665 2740 εἰς
2689 2678 2902 2746 σιωπῆς
2927 2679 3098 2747 ὅρμον
3126 2679 3154 2730 ὁ
3178 2675 3336 2744 λόγος
3362 2677 3542 2746 στήτω
3565 2692 3581 2708 ο

2113 2769 2390 2836 Πελάγους
2417 2771 2528 2839 map
2559 2766 2906 2820 Ἀτλαντικοῦ
2949 2765 3104 2836 χύσις
3145 2766 3428 2838 ἀνέρρωγέ
3462 2782 3574 2832 μοι,

3361 2891 3515 2947 Vers.
3545 2890 3687 2947 6723

2113 3021 2241 3090 quis
2287 3021 2562 3091 ingentem
2624 3018 2804 3073 navim
2867 3017 3178 3073 onerariam
3219 3017 3681 3086 gubernatoribus

2114 3111 2402 3182 imperitis,
2459 3111 2679 3181 ineptis,
2740 3109 2948 3164 nullius
2995 3110 3116 3164 usui
3173 3111 3498 3166 committat.
3558 3111 3681 3181 ipse

2113 3221 2268 3269 vero,
2306 3219 2406 3260 ceu
2440 3203 2644 3259 dictum
2677 3203 2858 3267 modo,
2903 3201 3322 3257 delectationem
3365 3203 3588 3272 capiens
3617 3220 3684 3257 ex

2117 3297 2454 3368 fulgentibus
2483 3308 2620 3351 auro
2649 3293 2894 3351 vestibus
2921 3293 3097 3365 deque
3125 3295 3285 3366 bysso
3315 3295 3582 3350 confectis
3623 3307 3680 3350 et

2118 3398 2343 3459 propter
2403 3387 2669 3441 uuiounm
2718 3385 2930 3455 copiam
2985 3384 3246 3454 gravibus
3291 3400 3356 3440 ac
3405 3401 3684 3454 purpureo

2118 3480 2300 3534 colore
2332 3479 2520 3533 tinctis
2566 3477 2764 3548 palliis,
2788 3473 2992 3546 quibus
3032 3491 3131 3546 per
3161 3476 3309 3532 vices
3352 3477 3474 3532 aliis
3523 3485 3686 3547 atque

2118 3571 2241 3626 aliis
2283 3569 2562 3630 utebatur,
2617 3569 2948 3624 sublimibus
2995 3577 3053 3623 et
3105 3568 3380 3639 argenteis
3429 3567 3483 3623 iu
3531 3570 3687 3624 soliis

2119 3661 2462 3724 considebat,
2488 3663 2712 3732 quosvis
2755 3659 3080 3716 accedentes
3109 3661 3452 3732 praefecturis
3481 3671 3536 3717 et
3569 3662 3687 3716 otii—

2120 3753 2223 3809 ciis
2250 3753 2489 3823 publicis
2515 3767 2740 3816 ornans,
2787 3752 3048 3806 nimirum
3071 3766 3388 3817 excusores,
3423 3754 3686 3808 materia-

2119 3844 2255 3908 rios,
2287 3843 2546 3906 fossores,
2591 3851 2947 3909 mercatores,
3000 3842 3286 3913 agricolas,
3327 3843 3688 3912 crepidarios,

2117 3934 2387 4000 fuuarios,
2440 3932 2694 3997 fullones,
2738 3933 3024 3998 vinitores,
3056 3933 3218 4003 vulgo
3267 3933 3600 4002 prostituens
3634 3945 3691 3990 et

2117 4026 2259 4083 finde
2301 4025 2552 4097 pollueus
2579 4039 2664 4080 res
2693 4024 3044 4080 veneratione
3057 4023 3248 4094 dignas
3267 4033 3322 4081 et
3351 4025 3688 4095 splendidas,

2119 4133 2352 4187 eamque
2387 4115 2824 4170 benevolentiam
2855 4131 2980 4187 erga
3021 4115 3275 4170 sordidos
3316 4115 3543 4185 Opifices
3587 4116 3688 4170 de-

2119 4209 2332 4262 clarans
2356 4219 2518 4274 quam
2551 4203 2896 4274 superiomm
2926 4212 3145 4260 aetatum
3194 4205 3551 4274 imperatores
3590 4207 3692 4260 i-m-

2120 4296 2313 4369 pertiri
2378 4295 2626 4350 solebant
2678 4296 2835 4366 quasi
2895 4297 3179 4365 prasmium
3242 4297 3584 4353 fortitudinis
3634 4309 3692 4352 et

2123 4404 2304 4444 rerum
2325 4387 2583 4460 praeclare
2616 4397 2916 4458 gestarum,
2947 4403 3055 4441 non
3084 4388 3390 4458 quibusvis,
3421 4389 3513 4445 sed
3542 4390 3690 4445 claro

2121 4491 2334 4536 tantum
2354 4480 2624 4549 sanguine
2652 4480 2952 4550 prognatis.
2999 4478 3323 4552 liujusmodi
3355 4497 3487 4550 ergo
3522 4482 3689 4538 rebus

438 4579 706 4634 hilaritati
763 4591 882 4632 sese
933 4576 1048 4638 dat,
1102 4577 1230 4631 vita:
1284 4573 1470 4630 studio
1516 4582 1754 4629 tenetur.
1797 4577 2009 4645 Quippe
2046 4573 2088 4627 ι)
2118 4573 2492 4643 occupabatur
2522 4572 2790 4642 planeque
2835 4573 3079 4627 intentus
3103 4581 3241 4627 erat.
3275 4572 3430 4640 Quod
3469 4575 3516 4628 si
3549 4575 3684 4629 nulli

436 4669 663 4726 senecio
692 4669 937 4723 delicatae
964 4667 1093 4720 vitae
1120 4674 1294 4720 semet
1322 4663 1629 4730 addicebat,
1665 4664 1816 4719 lunai
1851 4665 2013 4719 dedi-
2109 4667 2451 4721 ventitarent
2495 4664 2589 4734 qui
2638 4663 2932 4735 dignitates
2989 4664 3354 4734 amplissimas
3411 4673 3685 4733 peterent,

438 4775 531 4816 tus
553 4777 618 4815 ac
651 4760 812 4828 plane
849 4757 1216 4827 voluptarius.
1270 4757 1495 4812 Interim
1533 4757 1881 4826 publicorum
1920 4773 2017 4812 ueh-

435 4858 714 4928 gotiorum
774 4851 1217 4922 procurationem
1267 4849 1647 4904 committebat
1695 4849 2014 4904 hominibus

436 4951 657 5018 l-uguas
691 4946 956 5000 barbaras
980 4942 1395 5012 usurpantibus,
1417 4950 1564 4996 recte
1582 4941 1730 5010 loqui
1761 4941 2010 4996 nescien-

438 5042 613 5104 tibus,
653 5047 794 5094 totos
824 5039 942 5091 dies
965 5037 1020 5089 in
1047 5035 1267 5105 crapula
1299 5043 1354 5088 et
1386 5034 1650 5088 ebrietate
1678 5033 2015 5088 contuenti-

437 5134 574 5197 bus;
605 5146 840 5201 quorum
870 5137 922 5182 et
955 5127 1172 5182 familia:
1205 5133 1260 5180 et
1288 5134 1541 5196 parentes
1567 5131 1621 5179 ct
1652 5123 1738 5178 avi
1771 5125 2011 5180 maxime

435 5224 671 5280 serviles
701 5229 880 5283 erant,
932 5229 1040 5273 tam
1079 5218 1262 5271 animo
1291 5232 1454 5285 quam
1486 5215 1704 5285 judicio
1726 5215 2010 5270 barbaris-

433 5317 584 5379 simi,
619 5315 822 5385 linguis
872 5310 1163 5382 Scythicis,
1196 5309 1478 5363 intellectu
1538 5308 2012 5378 pronuntiatoque

435 5407 754 5462 difﬁcilibus
793 5403 1120 5475 garrientes.
1162 5397 1374 5466 Quibus
1407 5413 1536 5452 sane
1568 5413 1684 5452 rem
1733 5399 2008 5468 publicam

433 5495 932 5557 administrandam
972 5491 1204 5548 credens
1254 5488 1570 5556 nonaliter
1614 5489 1810 5559 agebat
1855 5504 1920 5544 ac
1965 5487 2020 5544 si

2112 4771 2237 4811 cum
2309 4755 2642 4810 iudicatioue
2696 4756 2876 4824 magni
2954 4754 3160 4808 doloris
3214 4755 3480 4808 damnum
3530 4755 3684 4824 quasi

2114 4845 2388 4914 quoddam
2419 4844 2598 4899 facere
2632 4859 2690 4898 se
2721 4843 2968 4913 putabat.
3009 4843 3216 4898 Caetera
3249 4844 3397 4897 velut
3432 4859 3686 4899 accessu-

2119 4938 2198 4992 ria
2233 4953 2442 5007 proque
2482 4936 2656 4991 nihilo
2687 4935 2945 4998 ducebat,
2979 4936 3094 4989 sive
3145 4935 3280 4991 fiucs
3329 4936 3546 5008 imperii
3577 4939 3686 4992 Ro—

2113 5029 2261 5083 mani
2291 5046 2320 5083 a
2347 5027 2600 5083 Barbaris
2632 5027 2862 5082 artiores
2893 5025 3281 5091 redderentur,
3319 5029 3437 5083 sive
3465 5029 3686 5084 bellicis

2121 5119 2390 5174 machinis
2416 5119 2581 5173 urbes
2606 5127 2930 5188 oppugnatae
2955 5118 3349 5194 diriperentur.
3386 5121 3498 5176 Hoc
3523 5122 3688 5177 modo

2123 5209 2301 5264 tribus
2327 5208 2488 5263 anuis
2518 5207 2749 5274 imperio
2778 5207 2982 5277 potitus
3027 5208 3190 5262 vitam
3226 5223 3352 5263 cum
3395 5225 3566 5282 regno
3597 5227 3690 5269 re-

2121 5302 2301 5372 liquit.

2192 5393 2486 5449 Euimvero
2512 5391 2772 5461 deinceps
2798 5392 2972 5446 oratio
3004 5400 3192 5446 nostra
3225 5392 3279 5446 in
3310 5393 3514 5448 silentii
3549 5408 3683 5462 por-

2124 5496 2236 5542 tum
2266 5501 2385 5542 sese
2405 5483 2671 5542 conferat.
2703 5480 2841 5538 Nam
2867 5498 3019 5539 mare
3044 5483 3199 5553 quasi
3237 5485 3512 5554 quoddam
3549 5470 3714 5537 mihi"

1763 5625 1968 5688 Varia;
1999 5624 2326 5686 lectiones.

506 5775 556 5860 ξ’
586 5777 789 5860 τῄηρους
949 5773 1408 5860 ἢῗίἀφιστάμενος
1442 5770 1507 5826 Β.
1539 5770 1627 5860 ﬁ"
1654 5770 2182 5860 δυσφράστουςηΑιὶ.
2258 5772 2306 5807 ⁸⁸
2338 5769 2697 5844 ἀργυροΰλων
2726 5768 2794 5824 Β.
2873 5766 2916 5800 ⁸³
2943 5764 3309 5836 δἐὺστόμσυς
3335 5761 3397 5818 Β.

436 5840 780 5914 πιῖιοτέὡλους
805 5848 872 5901 Δ.
949 5847 991 5880 ’³
1026 5840 1188 5902 Hunc
1209 5840 1428 5902 versum
1449 5855 1572 5899 cum
1600 5840 1849 5914 sequeut.
1882 5858 1995 5899 om.
2033 5840 2099 5898 [ἰ.
