4072 6486
469 447 544 517 79
1497 450 1711 518 LUC/li
1746 450 2067 515 ABBATIS
2101 450 2713 517 CRYPTOFERRAT.
3106 495 3141 517 ο

437 564 637 621 Verum
692 560 809 621 haec
852 561 1079 635 proprio
1128 564 1181 620 in
1233 569 1482 637 tempore
1525 566 1802 637 dicentur.
1867 563 2018 622 Nunc

2132 567 2297 635 ιερεῖ,
2357 567 2450 620 καὶ
2517 565 2642 619 λίαν
2698 557 2767 637 ἦν
2814 561 3146 636 ἐπιπόθητος
3176 607 3191 631 ι

434 654 504 711 ad
548 671 614 711 ea
644 670 767 726 qua:
804 653 1213 727 tempestiviora
1255 664 1407 722 sunt,
1450 672 1633 712 sermo
1662 664 1850 711 noster
1891 669 2018 725 per-

433 757 546 819 gat.

506 1023 562 1079 ε.
593 1022 696 1079 ilic
734 1035 868 1095 ergo
914 1027 1078 1079 natus
1124 1031 1209 1080 est
1258 1023 1313 1080 in
1351 1019 1707 1080 Calabrorum
1753 1023 2019 1097 regione;

433 1124 492 1170 et
531 1115 651 1185 pios
689 1120 947 1184 parentes
970 1116 1224 1182 sortitus,
1281 1115 1351 1170 ab
1385 1116 1470 1170 his
1522 1116 1858 1172 monasterio
1904 1117 2018 1188 jam

433 1204 564 1262 inde
601 1220 631 1258 a
662 1205 870 1262 teneris
903 1204 1216 1276 unguiculis
1244 1203 1480 1259 traditur
1512 1220 1528 1257 :
1561 1202 1654 1273 qui
1685 1203 1892 1257 virtute
1935 1201 2021 1257 vi-

435 1307 505 1353 tae
538 1312 653 1356 sua:
696 1300 899 1357 comite
938 1308 1245 1369 assumpta,
1284 1298 1340 1353 in
1393 1295 1596 1367 puerili
1642 1295 1831 1368 vigore
1873 1291 2023 1351 seni-

431 1388 541 1445 lem
590 1400 828 1447 mentem
883 1406 997 1461 pra:
1042 1408 1101 1447 se
1143 1391 1375 1448 ferebat.
1424 1390 1548 1446 Non
1592 1390 1740 1446 enim
1774 1387 1916 1460 jocis
1964 1395 2023 1445 et

432 1481 646 1539 lusibus
706 1484 1045 1554 risibusque,
1083 1493 1142 1540 et
1186 1483 1443 1540 cursibus
1480 1490 1577 1538 aut
1614 1482 2020 1548 saltationibus,

430 1574 635 1643 quibus
664 1561 983 1645 plerumque
1009 1574 1275 1644 juventus
1291 1572 1555 1630 obiectari
1591 1574 1752 1638 solet,
1784 1576 1879 1631 sed
1902 1589 2023 1631 ora~

431 1667 569 1721 tioni
608 1661 829 1723 deditus
862 1677 983 1723 erat
1011 1674 1066 1723 et
1101 1664 1431 1722 lectionibus
1478 1682 1542 1723 ac
1591 1667 1815 1738 pietatis
1859 1681 2021 1724 exer-

431 1758 585 1823 citio,
625 1769 684 1815 et
716 1760 940 1816 virtutis
984 1756 1171 1816 studio
1221 1775 1594 1832 summopere.
1643 1757 1797 1816 Inter
1835 1761 2020 1816 omnia

3604 447 3730 514 430'

3240 562 3335 618 xui.
3384 561 3483 633 τῆς
3544 561 3716 617 αὐτοῦ

2122 657 2375 728 γλώσσης
2421 660 2707 730 ἐξήρτητο,
2740 657 2837 712 καὶ
2877 658 3058 713 πάντα
3108 659 3178 712 τά
3221 658 3356 728 παρ’
3403 655 3573 711 αὐτοῦ
3616 656 3712 709 λε-

2121 752 2331 821 γόμενα
2388 751 2560 822 ἡδέως
2620 751 2787 824 ἦκουέ
2836 769 2897 805 τε
2949 751 3044 806 καὶ
3107 750 3486 821 διεπράττετο.
3546 747 3713 803 Ἃ).λᾶ

2120 843 2293 897 ταῦτα
2318 843 2418 914 μὲν
2441 845 2499 897 ὲν
2530 843 2647 915 ἰδίῳ
2684 843 2865 916 καιρῷ
2916 842 3144 897 λεκτέον
3163 857 3179 873 ’
3210 840 3469 912 βαδιείτω
3514 841 3571 894 δὲ
3606 840 3705 894 νῦν

2121 935 2152 989 δ
2179 935 2361 1029 λόγος
2375 937 2469 989 ἐπὶ
2494 936 2562 991 τὰ
2583 936 2945 1008 καιριώτερα.
3506 1028 3511 1029 7
3644 1028 3663 1029 7
3725 956 3763 1029 γι

2190 1028 2253 1085 δ’.
2289 1024 2458 1095 Οὗτος
2503 1029 2604 1100 ἔφυ
2643 1031 2743 1101 μὲν
2785 1031 2887 1101 τῆς
2936 1029 3249 1102 καλαδρῶν
3286 1032 3428 1101 γῆς’
3462 1024 3767 1120 εὗσεδῶνίξ

2119 1121 2177 1176 δὲ
2211 1122 2413 1190 γονέων
2441 1122 2642 1194 τυχὼν,
2676 1120 2737 1190 ἐξ
2759 1120 2984 1176 ἁπαλῶν
3023 1120 3237 1194 ὀνύχων
3259 1122 3317 1175 ὲν
3350 1120 3711 1193 μοναστηρίῳ

2118 1212 2342 1268 δίδοται.
2385 1213 2498 1285 Τὴν
2549 1214 2753 1287 ἀρετὴν
2788 1214 2846 1269 δὲ
2885 1214 3206 1285 συμϐιώτην
3247 1211 3712 1285 προανελόμενος,

2122 1306 2180 1359 ὲν
2207 1304 2441 1375 παιδικῷ
2469 1306 2787 1377 φρυὲγματι
2813 1302 3000 1359 πολιὸν
3038 1304 3391 1358 έπεδείκνυτο
3424 1301 3715 1374 φρόνημα.

2122 1400 2198 1453 Οὐ
2235 1396 2348 1469 γὰρ
2371 1396 2613 1462 παιδιαῖς
2654 1393 2723 1468 ἦν
2757 1396 3057 1467 σχολάζων,
3092 1397 3185 1450 καὶ
3223 1394 3559 1469 ἀθύρμασιν,
3586 1389 3715 1446 οὐδὲ

2121 1492 2335 1556 τὼθοις,
2368 1489 2469 1544 καὶ
2519 1489 2764 1560 δρόμοις,
2793 1489 2885 1542 καὶ
2932 1487 3194 1560 ἅλμασιν,
3239 1481 3319 1550 οἷς
3355 1487 3423 1539 τά
3468 1485 3640 1539 πολλὰ
3674 1482 3712 1555 ἡ

2120 1584 2309 1655 νεότης
2348 1581 2494 1652 φιλεῖ
2535 1580 2857 1652 τέρπεσθαι,
2888 1580 3024 1634 ἀλλὰ
3077 1581 3354 1651 προσευχῇ
3396 1578 3707 1647 προκείμε-

2120 1689 2209 1736 νος
2270 1669 2337 1745 [Ῑ.
2393 1670 2617 1743 προσκ.]
2675 1671 2772 1725 καὶ
2828 1669 3247 1741 άναγνὼσμασι,
3298 1668 3612 1722 θεοσέϐειάν
3648 1685 3713 1721 τε

2124 1760 2546 1833 ὲξασκούμενος,
2571 1763 2667 1816 καὶ
2718 1762 2923 1832 ἀρετῆς
2968 1760 3216 1813 σπεύδων
3264 1758 3346 1822 είς
3375 1757 3436 1811 τὸ
3467 1757 3712 1827 ἀκρότα-

430 1858 617 1904 autem
664 1849 808 1906 bona
851 1851 971 1921 ejus
1013 1864 1182 1922 opera
1208 1849 1479 1923 jejunium
1525 1850 1837 1915 eminebat,
1871 1852 2018 1922 quod

2125 1869 2238 1909 τον.
2272 1853 2498 1908 Πάντων
2535 1855 2591 1909 δὲ
2628 1855 2739 1907 τῶν
2778 1852 2929 1923 αύτῷ
2980 1848 3437 1923 κατορθουμένων
3477 1848 3713 1920 νηστεία

432 1941 500 1996 ad
546 1951 856 1997 extremum
905 1958 1082 2014 usque
1119 1944 1377 2014 spiritum
1420 1944 1827 2000 observandum
1858 1959 2018 2001 cura-

2124 1942 2192 2019 ἦν
2227 1948 2288 2002 τὸ
2328 1946 2628 2018 ἐξαίρετον,
2660 1946 2728 2019 ἢν
2767 1947 2863 2000 καὶ
2900 1916 3383 2016 μέχριςψὲσχάτης
3431 1916 3712 2012 ἀναπνοῆς

432 2034 534 2087 vit.
575 2034 679 2089 Per
726 2034 861 2089 illud
898 2049 1030 2090 vero
1070 2044 1287 2105 tempus
1332 2050 1459 2091 cum
1505 2034 1689 2092 adhuc
1724 2034 2022 2092 admodum

432 2141 572 2197 puer
635 2136 816 2188 esset,
859 2141 891 2181 ο
942 2127 1263 2182 monasterii
1325 2127 1601 2197 pmfectis
1649 2128 1719 2182 ad
1778 2127 2022 2183 vicinum

2122 2040 2360 2111 τηρῆσαι
2386 2038 2710 2093 ἐσπούδασε.
2735 2037 2869 2092 Τότε
2901 2036 2959 2091 δὲ
3004 2037 3131 2099 παῖς
3172 2035 3369 2105 κομιδῇ
3418 2034 3711 2104 ὑπάρχων,

2124 2132 2182 2184 ὲν
2208 2132 2274 2203 τῇ
2317 2130 2690 2203 πλησιαζούσῃ
2735 2127 2898 2201 κώμῃ
2929 2129 3080 2196 παρὰ
3116 2127 3226 2181 τῶν
3270 2129 3329 2182 ἰν
3373 2130 3438 2197 τῇ
3467 2130 3603 2198 μονῇ
3638 2128 3712 2180 τὰ

431 2233 630 2289 pagum
696 2220 1045 2286 mittebatur,
1096 2234 1198 2276 ceu
1252 2235 1391 2290 puer
1457 2219 1700 2275 famulus
1764 2216 2018 2274 videlicet

2124 2222 2318 2293 πρῶτα
2350 2222 2624 2294 φερόντων
2657 2220 2959 2274 ἐστέλλετο.
3002 2219 3314 2275 Ἐστέλλετο
3361 2220 3462 2290 μὲν
3505 2218 3597 2272 οὖν
3629 2219 3713 2282 ὡς

434 2320 663 2379 propter
730 2311 1049 2366 monasterii
1122 2312 1503 2367 necessitates.
1558 2307 1641 2365 lbi
1692 2325 1815 2367 cum
1878 2325 2024 2380 sche

437 2400 773 2477 prandentes
803 2402 1275 2474 deprehenderet,
1307 2412 1363 2458 et
1403 2413 1465 2459 ut
1510 2418 1697 2458 secum
1727 2402 2025 2475 pranderet

435 2492 783 2558 invitaretur,
823 2509 933 2549 non
996 2495 1417 2561 assentiebatur,
1464 2492 1716 2550 credibili
1793 2509 2019 2549 excusa-

434 2584 582 2640 tione
617 2585 996 2641 invitationem
1037 2586 1323 2642 declinans
1357 2604 1371 2641 :
1419 2584 1555 2642 Esca
1595 2586 1766 2647 enim,
1812 2585 2017 2649 aiebat,

434 2675 490 2730 in
537 2676 872 2733 monasterio
920 2687 1251 2749 prazsumpta
1313 2684 1467 2733 satur
1492 2693 1635 2733 sum.
1669 2675 1760 2732 Sic
1790 2676 1897 2732 illis
1930 2691 2020 2731 re-

432 2768 627 2839 pulsis,
671 2768 895 2841 jejunus
950 2771 1018 2826 ad
1079 2771 1473 2827 monasterium
1533 2770 1794 2826 redibat:
1831 2769 2019 2842 ibique

434 2874 627 2914 rursus
675 2875 709 2915 a
762 2862 1048 2918 monachis
1098 2863 1166 2918 ad
1239 2861 1530 2933 prandium
1589 2871 1838 2927 vocatus,
1895 2858 2015 2933 pari

431 2962 578 3017 astu,
623 2951 817 3024 jejunii
853 2953 1061 3011 bonum
1108 2953 1363 3012 servabat
1404 2952 1701 3012 incolume.
1852 2938 1859 2951 ’

504 3137 560 3193 5.
595 3137 735 3194 Cum
774 3138 822 3195 is
862 3138 1030 3209 igitur
1064 3139 1118 3194 in
1152 3138 1261 3196 hoc
1306 3138 1644 3196 monasterio
1692 3139 1765 3194 ita
1796 3135 2017 3209 egregie

431 3228 719 3287 institutus
756 3241 924 3295 esset,
956 3230 1259 3287 beatissimi
1295 3231 1403 3287 Nili
1459 3232 1622 3294 fama,
1655 3245 1756 3285 ceu
1789 3229 2014 3300 quidam
2044 3269 2086 3328 ο

430 3320 528 3375 Dei
585 3320 845 3384 nuntius,
903 3336 1321 3394 quaquevcrsus
1382 3320 1729 3387 discurrens,
1786 3333 2018 3380 cunctos

432 3411 654 3466 virtutis
713 3411 992 3467 studiosos
1065 3410 1131 3465 ad
1202 3412 1352 3466 illum
1418 3414 1779 3468 convocabat.
1837 3414 2017 3471 Nilum

431 3502 558 3556 dico
604 3502 906 3572 juniorcm,
948 3501 1201 3557 Calabria
1255 3503 1573 3564 oriundum,
1619 3505 1712 3573 qui
1759 3505 2018 3560 solitudi-

429 3594 520 3649 nis
562 3599 748 3649 amere
786 3594 1018 3663 patriam
1060 3594 1455 3665 dereliquerat,
1486 3595 1763 3666 variisque
1793 3597 2019 3652 mutatis

431 3683 689 3748 sedibus,
727 3683 779 3738 in
826 3685 1031 3742 italiam
1083 3688 1381 3742 advenerat
1426 3705 1438 3741 :
1484 3688 1712 3758 gloriam
1770 3690 2015 3750 scilicet.

433 3789 690 3850 tanquam
718 3780 940 3836 virtutis
982 3781 1457 3849 impedimentum,
1498 3782 1713 3854 rugiens
1752 3781 2020 3838 desertio-

433 3869 586 3927 ribus
615 3871 749 3927 locis
781 3880 955 3929 semet
984 3873 1243 3930 ahdebat.
1282 3873 1387 3929 Sed
1413 3874 1566 3945 quia,
1607 3875 1764 3945 juxta
1798 3873 2013 3931 Domini

429 3962 740 4028 oraculum,
770 3979 882 4021 non
935 3974 1120 4035 potest
1151 3966 1341 4022 civitas
1369 3967 1628 4022 abscondi
1665 3983 1832 4038 super
1862 3984 2018 4023 mon-

427 4062 544 4109 tem
579 4055 777 4125 posita,
801 4072 872 4112 ne
903 4056 1015 4113 illic
1042 4058 1265 4128 quidem
1300 4059 1498 4127 latuit;
1533 4059 1772 4129 tubaque
1802 4061 2018 4116 acutius

429 4145 695 4201 virtutum
742 4148 865 4221 ejus
908 4147 1048 4204 fama
1100 4164 1397 4214 resonans,
1434 4150 1786 4207 manifestum
1828 4152 2016 4206 homi-

426 4250 556 4290 nem
625 4236 883 4293 l'aciebat.
938 4239 1234 4306 Propterea
1320 4240 1374 4293 in
1426 4240 1740 4310 Campania:
1792 4257 2015 4312 quoque

426 4325 678 4395 partibus
728 4328 1059 4383 monasterio
1095 4329 1418 4393 constituto,
1467 4332 1747 4402 sexaginta
1793 4332 2016 4387 circiter

431 4417 683 4472 monachi
731 4418 796 4472 ad
850 4418 1033 4489 ipsum
1073 4420 1491 4487 conﬂuxerunt,
1539 4439 1678 4493 quos
1730 4424 1875 4477 inter
1924 4424 2016 4480 hic

428 4509 635 4572 etiam,
684 4511 847 4583 cujus
899 4511 1186 4568 historiam
1252 4514 1578 4581 scribimus,
1646 4516 1756 4571 Deo
1809 4517 2013 4572 charus

2124 2316 2275 2379 παῖς,
2308 2313 2497 2386 χρείας
2523 2313 2589 2384 τῇ
2623 2312 2757 2384 μονῇ
2798 2310 3102 2381 γενομένης
3126 2327 3141 2342 ·
3172 2309 3455 2373 ἐσθίοντας
3482 2308 3539 2362 δὲ
3576 2308 3711 2363 πολ-

2117 2402 2276 2469 λάκις
2318 2405 2447 2470 τοὺς
2505 2404 2684 2457 ἐκεῖσε
2721 2403 3179 2475 παρατυγχάνων,
3214 2401 3310 2455 καὶ
3360 2399 3709 2454 συνεσθιέναι

2122 2492 2309 2559 αύτοϊς
2371 2493 2883 2566 παρακαλούμενος,
2938 2492 3040 2546 οὒκ
3106 2491 3376 2563 ἠνείχετο,
3435 2493 3715 2563 εὐπρεπεῖ

2121 2582 2390 2655 ἀπολογίᾳ
2431 2586 2534 2653 τὴν
2570 2582 2922 2657 παράκλησιν
2967 2583 3445 2655 άποκρουόμενος·
3493 2583 3713 2656 Βεϐρω-

2121 2677 2233 2742 κὼς
2267 2678 2376 2750 γὰρ
2399 2678 2457 2733 έν
2488 2680 2554 2750 τῇ
2604 2681 2762 2750 μονῇ,
2808 2677 3008 2747 λέγων,
3046 2677 3511 2747 ὲμπεφορημένος
3564 2676 3709 2748 εἰμί.

2120 2770 2279 2826 Οὕτω
2309 2769 2534 2833 τούτους
2562 2768 3033 2839 άποκρουόμενος,
3065 2766 3342 2839 νηστεύων
3372 2767 3432 2819 έν
3464 2767 3531 2836 τῇ
3569 2766 3710 2836 μονῇ

2119 2862 2533 2935 ἆνθυπέστρεφε
2557 2879 2574 2897 ο
2607 2863 2769 2916 κάκεῖ
2795 2861 2853 2915 δι
2880 2859 3043 2915 πάλιν
3072 2859 3179 2914 ὑπὸ
3207 2853 3317 2913 τῶν
3349 2860 3601 2931 μοναχῶν
3629 2860 3713 2923 εἰς

2119 2957 2342 3032 ἄριστον
2376 2953 2730 3027 καλούμενος,
2753 2952 2822 3008 τὰ
2854 2953 3016 3025 ὅμοια
3040 2950 3207 3024 δρῶν,
3237 2948 3300 3006 τδ
3327 2950 3428 3024 τῆς
3452 2949 3713 3021 νηστείας

2121 3048 2284 3104 καλὸν
2305 3047 2580 3117 ἀμείωτον
2607 3044 2872 3115 διετήρει.

2112 3164 2117 3167 <
2192 3136 2255 3194 ε’.
2296 3138 2485 3200 Οὕτως
2527 3138 2621 3191 οὖν
2652 3137 2819 3192 αὐτοῦ
2851 3139 2908 3191 ὲν
2950 3139 3014 3208 τῇ
3048 3136 3271 3208 τοιαύτῃ
3320 3138 3453 3205 μονῇ
3506 3136 3706 3206 ἄριστα

2119 3213 2604 3300 ἓκπαιδευομένου,
2628 3229 2660 3299 ἡ
2687 3226 2782 3283 τοῦ
2817 3230 3242 3300 μακαριωτάτου
3287 3228 3483 3283 Νείλου
3525 3229 3713 3300 φήμη,

2121 3320 2197 3384 ὼς
2224 3319 2457 3389 ἄγγελος
2502 3318 2639 3373 Θεοῦ
2690 3317 2937 3390 πανταχῆ
2971 3318 3285 3384 διαθέουσα,
3330 3319 3542 3379 πάντας
3579 3321 3710 3384 τοὺς

2121 3409 2327 3480 ἀρετὴν
2390 3409 2831 3480 μεταδιώκοντας
2889 3408 3027 3480 πρδς
3077 3408 3271 3462 έαυτδν
3324 3408 3707 3479 μετεκαλεῖτο.

2121 3503 2169 3556 Ν
2179 3504 2314 3557 ιϊλον
2354 3502 2413 3556 δὲ
2457 3502 2602 3570 λέγω
2629 3501 2721 3554 τὸν
2753 3497 2895 3564 νέον,
2930 3500 2994 3553 ὲκ
3041 3499 3362 3572 Καλασρίας
3397 3501 3496 3569 μὲν
3541 3499 3711 3553 αὑτὸν

2119 3595 2471 3667 ὡρμημένον,
2522 3592 2593 3649 δι’
2618 3593 2796 3666 ἔρωτα
2845 3593 2901 3648 δὲ
2950 3594 3205 3664 ἡσυχίας,
3257 3592 3358 3662 τὴν
3402 3592 3709 3662 ὲνεγκαμέυ

2118 3704 2218 3757 νην
2272 3686 2667 3749 καταλιπόντα,
2725 3687 2819 3741 καὶ
2875 3684 3074 3748 τόπους
3138 3685 3203 3738 ὲκ
3263 3684 3446 3739 τόπων
3506 3683 3708 3737 ἀναλα-

2119 3780 2302 3844 ϐόντα,
2334 3780 2435 3851 τὴν
2472 3779 2705 3834 Ἰταλίαν
2752 3777 3100 3833 καταλαϐεῖν.
3149 3776 3260 3847 Τὴν
3300 3776 3410 3848 γάρ
3451 3777 3562 3830 τῶν
3610 3777 3709 3829 dv-

2119 3871 2356 3945 θρὼπων
2407 3872 2565 3938 δόξαν
2617 3870 2692 3934 ὡς
2739 3869 2942 3942 ἀρετῆς
2984 3868 3244 3940 ἐμπόδιον
3299 3867 3541 3938 φεύγων,
3588 3872 3706 3932 τοῖς

2119 3963 2554 4035 ὲρημικωτέροις
2609 3963 2804 4017 ἑαυτὸν
2864 3960 3118 4027 ἐξεδίδου.
3167 3960 3310 4015 Ἀλλ’
3365 3961 3512 4023 ἐπεὶ,
3562 3960 3704 4013 κατά

2118 4058 2217 4126 τὴν
2250 4057 2342 4111 τοῦ
2375 4055 2586 4127 Κυρίου
2618 4056 2823 4126 φωνὴν,
2850 4055 2911 4108 οὐ
2962 4054 3191 4108 δύναται
3238 4054 3395 4117 πόλις
3430 4053 3704 4124 κρυϐῆναι

2119 4151 2305 4211 ἐπάνω
2354 4152 2514 4223 ὅρους
2550 4150 2802 4220 κειμένη.
2851 4148 3120 4219 οὐμενοῦν
3173 4147 3295 4202 οὐδὲ
3350 4146 3703 4202 διελάνθανε’

2117 4242 2420 4316 τορὼτερον
2450 4243 2505 4296 δὲ
2540 4242 2841 4310 σάλπιγγος
2870 4245 2901 4312 ἡ
2930 4242 3038 4294 τῶν
3063 4240 3257 4294 τούτου
3286 4241 3499 4309 ἀρετῶν
3543 4241 3701 4311 φήμη

2120 4335 2325 4406 ὴχοῦσα
2369 4334 2670 4404 κατάδηλον
2712 4335 2805 4389 τὸν
2846 4334 3014 4405 ἄνδρα
3043 4333 3244 4388 ἐποίει.
3280 4331 3571 4403 Τοιγάρτοι
3606 4330 3703 4384 καὶ¹

2116 4427 2177 4481 ὲν
2233 4429 2346 4490 τοῖς
2418 4427 2757 4498 Καμπανίας
2834 4428 3028 4497 μέρεσι
3097 4424 3464 4495 μοναστήριον
3526 4420 3699 4477 αὐτοῦ

2119 4519 2553 4592 συστησαμένου,
2582 4519 2843 4588 ἀφίκοντο
2893 4518 3031 4589 πρὸς
3082 4517 3245 4571 αὑτὸν
3294 4515 3521 4587 μοναχώ⁵
3568 4514 3703 4582 περὶ

425 4598 750 4657 adolescens
798 4601 1252 4659 Bartholomaeus.
1287 4605 1498 4660 Rursus
1538 4621 1669 4678 ergo
1709 4608 2010 4663 monastica

2119 4615 2244 4679 τοὺς
2292 4615 2556 4686 ἐξήκοντα
2580 4631 2595 4644 ·
2628 4611 2748 4681 μεθ’
2792 4605 2869 4665 ὧν
2906 4611 3001 4664 καὶ
3032 4612 3060 4663 ὁ
3103 4610 3201 4663 νῦν
3231 4610 3365 4681 ἡμῖν
3395 4610 3475 4671 εἰς
3509 4606 3702 4677 διήγη-

426 4691 570 4754 vita,
619 4702 675 4748 et
725 4694 969 4763 priorum
1023 4694 1273 4750 laborum
1325 4704 1490 4767 atque
1540 4700 1802 4753 sudorum
1854 4715 2013 4771 repeo

426 4783 570 4849 titio,
601 4782 804 4849 denuo,
840 4785 1083 4854 inquam,
1129 4785 1239 4841 Deo
1284 4796 1475 4857 gratus
1512 4788 1732 4858 juvenis
1773 4788 2015 4859 superio-

425 4874 582 4930 ribus
628 4875 909 4930 exercitiis
955 4885 1130 4932 semet
1176 4877 1553 4947 impendebat.
1612 4878 1744 4933 Nam
1789 4887 1845 4933 et
1885 4895 2010 4934 cum

422 4966 721 5036 aliquando
789 4967 955 5023 lectio
1020 4968 1209 5033 ﬁeret,
1262 4977 1319 5022 et
1371 4985 1561 5024 omnes
1613 4969 2008 5032 dormitarent,

423 5072 570 5111 unus
618 5057 707 5110 hic
751 5074 877 5112 cum
927 5060 1089 5114 Patre
1130 5060 1256 5130 vigil
1307 5061 1716 5129 perseverabat,
1759 5061 1828 5117 dc
1872 5062 2013 5117 diili—

422 5156 711 5210 cilioribus
739 5158 1036 5227 Scriptura:
1080 5158 1217 5213 locis
1268 5159 1632 5229 interrogans,
1668 5175 1873 5228 eosque
1904 5158 2007 5213 sibi

426 5265 455 5302 a
505 5265 700 5319 magno
760 5252 854 5305 illo
924 5252 1202 5305 enucleari
1264 5251 1593 5321 postulans:
1637 5250 1783 5321 quod
1850 5250 2011 5305 l‘ater

421 5341 741 5415 admirans,
792 5352 1116 5397 caeterorum
1179 5342 1447 5412 ignaviam
1508 5344 1863 5413 increpabat,
1913 5342 2007 5412 qui

421 5449 482 5489 se
524 5448 723 5489 somno
763 5442 1049 5501 tantopere
1081 5433 1222 5487 vinei
1272 5434 1546 5499 sinebant,
1599 5450 1698 5488 nec
1738 5450 1862 5487 cum
1917 5436 2008 5503 ju-

422 5526 656 5581 venculo
703 5526 932 5595 vigilare
977 5525 1253 5589 volebant,
1301 5541 1480 5595 neque
1528 5527 1648 5597 ejus
1693 5527 1995 5581 strcnnita-

425 5628 533 5673 tem
578 5626 634 5675 et
663 5618 731 5673 ad
787 5619 995 5673 bonum
1043 5618 1379 5673 alacritatem
1430 5627 1714 5688 appetere.

494 5892 547 5949 6.
582 5895 727 5962 Quid
781 5912 914 5954 vero
964 5894 1192 5967 postea?
1226 5892 1530 5964 Oportebat
1568 5907 1828 5964 magnum
1860 5912 1997 5966 quo-

2119 4721 2203 4757 σιν
2232 4702 2592 4774 προκείμενος
2614 4701 2904 4773 θεάρεστος
2929 4702 3054 4764 παῖς
3086 4698 3509 4768 Βαρθολομαῖος.
3530 4696 3703 4749 Πάλιν

2115 4792 2210 4849 οὖν
2267 4794 2362 4848 καὶ
2391 4792 2623 4847 ἐνταῦθα
2667 4776 3052 4862 μοναστήρίον,
3113 4790 3209 4843 καὶ
3254 4789 3365 4841 τῶν
3410 4787 3700 4857 προτέρων

2116 4887 2300 4939 κόπων
2354 4886 2445 4939 καὶ
2492 4883 2735 4955 ἱδρώτων
2790 4881 3155 4952 ἐπανάληψις,
3186 4880 3283 4933 καὶ
3339 4878 3503 4933 πάλιν
3550 4880 3579 4930 ὁ
3618 4876 3701 4946 τῷ

2113 4977 2233 5048 Θεῷ
2257 4976 2651 5047 κεχαρισμένος
2696 4973 2917 5036 νεανίας
2962 4976 3076 5035 τοῖς
3118 4971 3408 5043 προτέροις
3440 4968 3699 5022 ἐπεκτεί-

2114 5069 2299 5123 νεσθαι
2335 5067 2595 5119 ἔσπευδεν
2619 5082 2634 5098 υ
2666 5065 2740 5128 ὡς
2780 5064 2873 5117 καί
2906 5080 3034 5116 ποτε
3063 5059 3427 5128 ἀναγνώσεως
3460 5059 3700 5125 γενομέ-

2113 5180 2210 5231 νης
2244 5163 2338 5214 καὶ
2366 5160 2584 5213 πάντων
2611 5157 3081 5227 ἀφυπνωσᾶντων,
3102 5155 3264 5224 μόνον
3294 5154 3482 5205 τοῦτον
3512 5152 3697 5223 μεῖναι

2116 5253 2255 5324 μετᾶ
2298 5252 2392 5305 τοῦ
2423 5251 2633 5319 [ἰατρὸς
2664 5249 3098 5320 ἐγρηγοροῦντα,
3131 5247 3199 5300 τὰ
3230 5244 3471 5317 δυσχερῆ
3505 5260 3563 5297 τε
3591 5242 3699 5312 τῆς

2115 5347 2335 5415 Γραφῆς
2387 5344 2777 5412 ἐπιζητοῦντα,
2810 5343 2904 5395 καὶ
2947 5341 3101 5412 παρὰ
3142 5340 3236 5394 τοῦ
3281 5340 3521 5409 μεγάλου
3570 5340 3693 5389 ἐπε-

2111 5436 2545 5507 λυῦμενα·ὥστε
2601 5437 2692 5490 τὸν
2749 5435 2970 5504 Πατέρα
3026 5433 3408 5502 θαυμάσαντα,
3462 5428 3697 5492 ἐκείνοις

2112 5533 2211 5602 μὲν
2239 5529 2638 5601 προσονειδίσαι
2686 5528 2751 5579 τὰ
2797 5527 2899 5597 τῆς
2941 5525 3237 5597 ῥᾳθυμίας,
3274 5525 3368 5578 ἆτε
3417 5521 3497 5592 τῷ
3538 5521 3695 5592 ὕπνῳ

2107 5622 2296 5685 δεινῶς
2352 5619 2656 5691 ἡττηθεῖσι,
2686 5618 2779 5672 καὶ
2834 5617 2969 5688 μηδὲ
3022 5618 3113 5669 ἴσα
3168 5614 3441 5687 μειρακίῳ
3494 5614 3692 5684 νήφειν

2106 5712 2401 5775 ἐθέλουσιν,
2435 5711 2600 5765 αὑτοῦ
2658 5710 2713 5763 δὲ
2770 5710 2869 5778 τὴν
2902 5709 3141 5779 σπουδὴν
3189 5709 3284 5762 καὶ
3319 5709 3421 5777 τὴν
3462 5708 3590 5777 περὶ
3619 5706 3693 5760 τά

2106 5802 2247 5855 καλὰ
2275 5800 2582 5871 προθυμίαν
2605 5799 2989 5863 ἀποδέξασθαι.

2178 5900 2252 5959 ς’.
2288 5894 2354 5949 Ὑί
2380 5889 2792 5959 οὗνιὲντεῦθενς
2826 5891 2975 5947 Ἔδει
3003 5892 3098 5947 καὶ
3127 5890 3216 5947 τὸν
3259 5890 3433 5959 μέγαν
3462 5888 3690 5955 Πατέρα
