4072 6414
308 320 408 386 IiSl

1315 323 1498 384 VlTA
1537 323 1602 384 S.
1640 318 2216 382 BARTHOLOMIEI
2254 321 2645 386 JUNIORIS.

3490 326 3598 390 482

310 434 474 503 ἡμῶν
517 429 709 481 Νεῖλον
740 425 851 480 τῶν
894 424 1128 497 μακρῶν
1169 425 1346 479 πόνων
1377 427 1606 480 λυθέντα
1641 429 1738 490 τὰς
1780 430 1901 480 ἐπι-

2023 441 2113 494 μιο
2146 425 2363 482 l’atrem
2413 442 2661 486 nostrum
2708 432 2892 488 Nilum
2931 449 3165 506 corpore
3197 437 3439 493 solutum
3473 442 3596 494 diu-

310 522 562 594 καρπίας
617 517 977 590 κομίσασθαι,
1013 519 1107 572 καὶ
1165 519 1301 588 πρὸς
1346 517 1447 588 τὴν
1503 519 1715 589 ἀμείνω
1759 520 1904 591 ζωὴν

315 614 812 687 μεταχωρήσαντα,
835 613 935 682 τῆς
967 611 1250 683 ἀκηράτου
1280 611 1551 682 ἐντρυφᾷν
1582 611 1904 682 ἀῖδιότητος.

313 710 500 779 ’ὕπερ
528 706 623 760 καὶ
647 705 908 774 γέγονεν·
938 707 996 756 ἐν
1021 707 1169 774 γήρα
1202 704 1310 775 γὰρ
1343 703 1492 774 καλῴ
1522 704 1786 757 καταλύει
1812 704 1906 757 τὸν

317 800 455 869 βίον,
489 800 585 853 καὶ
617 799 750 867 πρὸς
789 797 850 850 ὃν
887 795 1144 865 ἠγάπησε
1189 795 1393 866 Κύριον
1441 795 1688 866 ὲκδημεῖ.
1721 795 1809 848 Διό
1845 811 1908 848 τε

321 891 464 961 μετα
515 890 726 951 τοῦτον,
751 891 852 956 τὴν
900 888 1009 938 τῶν
1053 885 1298 952 ἀδελφῶν
1323 887 1625 956 ἡγεμονίαν
1663 886 1904 952 διαδεξα-

320 983 530 1053 μένων,
559 979 742 1050 τρίτος
771 980 799 1032 ό
834 979 1136 1048 θαυμάσιος
1163 978 1569 1048 Βαρθολομαῖος
1593 981 1693 1048 τὴν
1733 977 1908 1048 ἀρχὴν

316 1072 418 1125 καὶ
446 1070 545 1140 τὴν
572 1069 870 1141 ἡγεμονίαν
893 1067 1226 1139 διαδέχεται·
1263 1069 1326 1122 οὐ
1349 1067 1544 1134 διώξας
1582 1069 1682 1138 τὴν
1709 1070 1906 1138 ἀρχὴν,

317 1160 438 1218 ἀλλ’
469 1159 575 1212 ὑπὸ
603 1159 702 1228 τῆς
725 1159 900 1228 ἀρχῆς
925 1156 1192 1227 διωχθεὶς,
1230 1159 1324 1211 καὶ
1351 1158 1532 1229 πολλῷ
1567 1159 1770 1228 μᾶλλον
1803 1159 1908 1211 ὑπὸ

320 1255 424 1321 τῆς
447 1251 588 1304 κατὰ
630 1250 766 1302 Θεὸν
805 1250 1048 1313 συνοδίας
1096 1249 1436 1318 βιαζόμενος,
1486 1249 1666 1302 καίτοι
1709 1249 1908 1320 ἀτελὴς

319 1351 385 1418 τῇ
426 1344 627 1418 ἡλικία.
663 1343 771 1396 Καὶ
815 1342 950 1411 προς
979 1343 1236 1412 τοιαύτην
1271 1341 1592 1413 ἐγχείρησιν
1636 1341 1906 1406 ἀποδέων,

315 1440 469 1507 ὅμως
511 1434 806 1489 κάντεῦθεν
836 1433 895 1486 τὸ
923 1433 1178 1487 ταπεινὸν
1218 1432 1482 1486 δεικνύων
1522 1434 1616 1486 καὶ
1657 1432 1904 1503 μέτριον,

314 1533 378 1585 οὐ
417 1530 579 1600 μόνος
602 1527 842 1590 τοιοῦτος
971 1525 1244 1598 τοιούτου]
1282 1527 1632 1596 συστήματος
1657 1525 1908 1597 ἡγεῖσθαι

316 1623 673 1688 κατεδέξατο,
701 1621 798 1674 ἕνα
827 1621 884 1673 δὲ
909 1618 1114 1673 τούτων
1159 1619 1377 1672 συνέσει
1421 1636 1480 1672 τε
1528 1619 1628 1672 καὶ
1658 1617 1909 1689 ἀγχινοίᾳ

310 1716 649 1786 διαφέροντα
692 1714 770 1775 εἰς
818 1711 1144 1764 ἐπιστασίαν
1203 1711 1656 1782 συμπαραλαδείν
1716 1709 1911 1782 ἐξῃτή-

2018 527 2306 574 turnorum
2363 521 2617 576 laborum
2675 525 2914 579 fructum
2968 528 3275 597 percipere,
3316 537 3480 598 atque
3531 532 3600 586 ad

2016 610 2304 664 meliorem
2339 612 2508 667 vitam
2555 615 2904 686 migrantem,
2940 619 3342 687 iucorruptibili
3376 621 3601 674 immor-

2020 702 2231 758 talitate
2260 702 2390 758 frui.
2432 705 2588 771 Quod
2623 716 2678 761 et
2717 710 2981 778 contigit;
3039 725 3275 780 namque
3341 711 3398 766 in
3455 713 3601 766 bona

2015 802 2301 849 senectute
2353 795 2522 850 vitam
2577 797 2835 862 absolvit,
2883 809 3048 870 atque
3073 801 3140 856 ad
3191 803 3454 858 dilectum
3489 805 3598 859 sibi

2019 883 2316 938 Dominum
2351 886 2593 940 transiit.
2637 888 2879 944 Proinde.
2913 899 3035 959 post
3079 890 3248 956 hunc,
3283 907 3350 946 ex
3403 894 3471 948 iis
3503 895 3598 964 qui

2019 974 2252 1029 fratrum
2315 978 2571 1048 regimini
2623 991 3031 1046 successerunt,
3062 983 3258 1038 tertius
3295 1000 3422 1038 eum
3471 1003 3600 1056 gra-

2018 1067 2149 1121 dum
2179 1071 2475 1138 occupavit
2527 1071 2876 1127 admirabilis
2934 1073 3388 1140 Baitliolomzens,
3453 1077 3600 1130 baud

2018 1159 2136 1228 ipse
2169 1161 2429 1230 equidem
2457 1163 2802 1218 dominatum
2830 1175 3116 1235 expetens,
3147 1167 3245 1222 sed
3289 1183 3320 1222 a
3348 1167 3602 1223 domina-

2020 1259 2076 1304 tu
2108 1253 2292 1320 potius
2340 1255 2653 1322 eXpetitus,
2713 1257 2998 1327 multoque
3053 1259 3228 1330 magis
3275 1275 3304 1314 a
3335 1261 3600 1331 religioso

2021 1351 2320 1407 conventu,
2351 1359 2668 1414 quanquam
2704 1345 3012 1402 immaturae
3046 1349 3228 1404 adhuc
3284 1352 3485 1417 aztatis,
3513 1367 3605 1405 co-

2019 1441 2198 1488 actus.
2226 1433 2344 1488 Jain
2390 1435 2519 1490 huic
2549 1437 2728 1490 ollicio
2756 1449 2932 1492 semet
2957 1440 3240 1504 addicens,
3271 1457 3384 1496 suae
3421 1453 3601 1497 tamen

2017 1523 2347 1580 humilitatis
2376 1537 2561 1596 atque
2591 1527 2875 1584 modestia:
2917 1532 3197 1600 specimen
3233 1533 3428 1598 edidit,
3467 1535 3599 1588 dum

2018 1615 2167 1670 haud
2205 1619 2356 1672 solus
2388 1620 2536 1674 illius
2581 1629 2759 1675 cretus
2792 1623 3033 1693 regimen
3069 1625 3246 1680 voluit
3295 1628 3599 1697 suscipere,

2016 1703 2111 1761 sed
2139 1708 2371 1763 alterum
2405 1711 2696 1779 prudentia
2739 1723 2794 1766 et
2831 1715 3127 1783 sagacitate
3153 1716 3452 1785 pollentem
3493 1719 3602 1774 sibi

316 1825 453 1861 σατο
477 1824 490 1836 ·
524 1809 572 1859 εἰ
596 1807 690 1859 καὶ
719 1807 746 1857 ὁ
772 1803 964 1874 φθόνος
986 1804 1080 1855 ἐπὶ
1104 1803 1236 1857 πολὺ
1265 1803 1419 1859 τοῦτο
1442 1802 1918 1874 παρεκτείνασθαιη

2023 1797 2132 1852 lari
2174 1799 2508 1868 praefecturae
2555 1803 2764 1856 socium
2798 1804 3093 1872 postulavit
3124 1822 3139 1861 :
3168 1823 3478 1876 quanquam
3513 1809 3600 1861 in-

311 1901 420 1954 οὒκ
452 1897 658 1952 εἴασεν.

390 1993 458 2056 ς’.
504 1990 656 2043 Ἐπεὶ
690 1990 748 2043 δὲ
802 1989 897 2042 ἐπὶ
950 1992 1016 2060 τῇ
1069 1989 1259 2060 λυχνία
1311 1988 1371 2042 τὸ
1429 1989 1546 2060 φῶς
1602 1989 1785 2058 ἐτέθη,
1818 1989 1911 2042 καὶ⁸

317 2085 539 2152 (ξαίνειν
591 2080 774 2143 καλῶς
833 2079 1335 2152 παρ[εσ]κευὰσθη,
1371 2081 1425 2134 τί
1459 2081 1542 2135 δεῖ
1585 2082 1679 2134 καὶ
1705 2081 1909 2149 λέγειν,

317 2172 429 2239 οἷος
453 2175 562 2246 μὲν
589 2169 658 2246 ἦν
695 2175 805 2238 τοῖς
843 2173 936 2226 ὑπ’
973 2173 1140 2228 αὑτοῦ
1177 2174 1631 2243 ποιμαινομένοις
1667 2173 1914 2226 ποθεινό-

317 2285 502 2333 τατος,
559 2260 672 2328 οἷος
727 2265 785 2320 δὲ
847 2268 961 2330 τοῖς
1029 2265 1202 2331 ξένοις
1253 2267 1603 2337 εὐπρόσιτος,
1656 2266 1914 2332 ἀξιοθαύ-

325 2379 529 2432 μαστος
575 2361 690 2422 τοῖς
737 2359 947 2432 πόρρω,
982 2361 1090 2421 τοῖς
1141 2359 1373 2430 πλησίον
1419 2360 1746 2428 ἐπέραστος,
1779 2360 1912 2428 ἡδὺς

322 2451 402 2522 τῷ
423 2452 594 2522 λόγῳ,
624 2451 788 2519 σοφὸς
812 2453 869 2504 ἐν
896 2449 1115 2518 γνώσει,
1152 2451 1246 2502 καὶ
1272 2451 1403 2520 περὶ
1442 2449 1542 2522 τὴν
1585 2451 1698 2503 τῶν
1729 2451 1912 2523 ᾀσμά-

319 2561 431 2594 των
483 2541 704 2611 ποίησιν
745 2541 931 2612 ἄκρως
985 2540 1350 2612 πονούμενοςς
1401 2543 1760 2614 ᾺΙαρτυροῦσι
1803 2543 1913 2616 γὰρ

317 2633 488 2688 αὑτοῦ
542 2639 610 2686 τι
661 2633 915 2703 πάνσυφα
957 2633 1345 2704 μελῳδήματα,
1385 2633 1420 2688 δι
1464 2635 1604 2706 πρός
1646 2653 1705 2688 τε
1737 2637 1913 2706 αὐτὴν

322 2727 426 2796 τὴν
483 2724 898 2796 ύπεράχραντον
947 2724 1041 2778 τοῦ
1103 2725 1236 2778 8εοῦ
1297 2727 1475 2796 Λόγου
1530 2728 1783 2798 Μητέρα,
1818 2728 1914 2781 καὶ

335 2817 476 2886 πρὸς
503 2817 623 2878 τοὺς
649 2816 872 2878 λοιποὺς
921 2815 1106 2884 ἁγίους
1139 2814 1374 2880 ἐξέθετο,
1410 2815 1594 2886 πάσης
1639 2817 1915 2887 γέμοντας

333 2905 409 2980 [Τ.
438 2936 506 2946 -
537 2905 623 2978 τα]
687 2905 944 2976 γνώσεως
996 2909 1090 2960 καὶ
1150 2906 1557 2976 εύαρμοστίας·
1597 2910 1694 2963 καὶ
1749 2908 1810 2962 τὸ
1848 2909 1914 2980 δὴ

335 3001 808 3072 θαυμασιώτατον,
837 3002 922 3055 ὅτι
952 3002 1046 3057 καὶ
1074 3003 1194 3066 ταῖς
1219 3003 1472 3073 φροντίσι
1504 3001 1612 3055 τῶν
1650 3005 1709 3057 ὲν
1756 3004 1915 3074 χερσὶ

329 3096 609 3168 σχολάζων
627 3091 696 3167 ἦν
728 3097 823 3150 καὶ
853 3094 1174 3167 κηδόμενος.
1205 3094 1394 3158 Οὖτως
1424 3092 1519 3149 οὖν
1553 3095 1704 3168 αὑτῷ
1734 3097 1914 3165 σοσῶς

2019 1891 2163 1946 vidia
2197 1893 2345 1947 haud
2384 1893 2484 1947 diu
2535 1894 2684 1949 hunc
2719 1896 2774 1950 in
2801 1912 2868 1952 co
2897 1899 3070 1967 gradu
3097 1915 3424 1968 permanere
3452 1902 3601 1956 sivit.

2090 1985 2142 2039 7.
2203 1985 2501 2057 Postquam
2556 1988 2741 2057 itaque
2836 2004 3005 2059 super
3071 1991 3468 2046 candelabrum
3517 1994 3602 2048 lu-

2015 2091 2142 2132 men
2180 2077 2422 2148 positum
2456 2078 2582 2144 fuit,
2616 2091 2672 2134 et
2707 2081 2772 2134 ad
2809 2081 2944 2135 bene
2977 2083 3336 2136 relucentium
3379 2100 3600 2154 comp..-

2015 2180 2221 2235 ratum,
2247 2170 2380 2240 quid
2428 2172 2615 2227 dicere
2661 2188 2802 2242 opus
2828 2183 2936 2236 est,
2961 2191 3124 2244 quam
3168 2186 3316 2231 esset
3366 2177 3604 2232 subditis

2015 2265 2133 2318 suis
2156 2271 2470 2335 pergratus,
2503 2282 2666 2335 quam
2705 2267 2983 2321 extraneis
3017 2267 3272 2330 aﬂ'abilis,
3311 2279 3515 2338 quanta
3546 2271 3603 2325 in

2015 2353 2387 2410 admiratione
2446 2355 2784 2427 longinquis,
2827 2373 2990 2428 quam
3052 2359 3322 2428 proximis
3363 2361 3603 2428 chartis,

2014 2460 2275 2502 sermone
2332 2447 2510 2503 dulcis
2538 2489 2553 2516 ,
2601 2458 2783 2504 mente
2805 2449 3024 2520 sapiens
3054 2490 3069 2516 ,
3123 2460 3181 2506 et
3219 2467 3383 2520 quam
3435 2452 3602 2508 etiam

2017 2540 2363 2594 canticorum
2389 2542 2782 2612 compositioni
2811 2558 3163 2614 summopere
3213 2544 3471 2600 deditus?
3501 2546 3607 2600 Te-

2019 2642 2141 2687 stes
2175 2643 2303 2687 sunt
2327 2633 2610 2688 scitissimi
2662 2634 2872 2704 bymui,
2900 2651 3040 2706 quos
3067 2636 3134 2690 de
3165 2636 3281 2706 ipsa
3311 2639 3604 2708 purissima

2015 2726 2114 2779 Dei
2155 2725 2317 2781 Verbi
2370 2713 2541 2781 Matre
2584 2727 2909 2797 eiciet-isque
2958 2728 3166 2781 sanctis
3198 2727 3392 2794 edidit,
3421 2728 3605 2785 omni-

2018 2818 2200 2872 modis
2253 2820 2546 2874 sententiis
2586 2820 2982 2890 barmoniaque
3014 2820 3184 2890 pleni.
3210 2821 3478 2891 Quodque
3504 2823 3607 2875 mi-

2017 2907 2251 2964 rabilius
2273 2917 2381 2973 est,
2417 2925 2677 2964 manuum
2703 2925 2924 2980 quoque
2957 2901 3245 2966 laboribus
3275 2928 3464 2966 curam
3496 2914 3598 2966 iiii-

2017 2993 2311 3063 pendebat.
2333 2997 2422 3050 Sic
2451 2996 2616 3067 igitur
2636 2998 2916 3068 sapienter
2948 3000 3041 3054 illo
3073 3016 3137 3055 ac
3165 3001 3486 3070 spiritaliter
3523 3021 3607 3058 rc—

2020 3086 2205 3157 gimen
2245 3087 2690 3155 administrante,
2722 3099 2779 3145 et
2826 3093 3144 3146 monasterii
3182 3093 3348 3148 rebus
3400 3094 3454 3148 in
3485 3111 3604 3151 inc-

322 3207 386 3243 τε
429 3189 526 3242 καὶ
559 3187 947 3258 πνευματικῶς
997 3190 1068 3242 τε
1108 3189 1206 3255 τῆς
1246 3189 1422 3260 ἀρχῆς
1459 3187 1915 3260 διακυϐερνῶντι,

2023 3177 2129 3232 lius
2165 3178 2604 3248 proﬁcientibus,
2636 3182 3035 3237 monachorum
3067 3201 3333 3240 numerus
3362 3186 3602 3258 augeba-

325 3281 423 3337 καὶ
454 3282 565 3334 τῶν
596 3282 694 3351 τῆς
726 3280 896 3352 μονῆς
929 3280 1012 3344 είς
1049 3279 1293 3334 ἐπίδοσιν
1330 3280 1543 3348 ἰόντων,
1576 3282 1673 3335 καὶ
1711 3282 1919 3353 πλῆθος

329 3373 717 3445 συνηθροίζετο
765 3367 1051 3442 μοναχῶν·
1101 3373 1194 3425 καὶ
1238 3370 1494 3426 τοσοῦτόν
1556 3374 1708 3446 αὐτῷ
1749 3377 1782 3446 ἡ
1825 3375 1918 3429 τοῦ

322 3465 468 3520 Θεοῦ
527 3465 690 3535 χάρις
736 3462 1076 3534 συνεργοῦσα
1120 3459 1210 3534 ἦν,
1248 3463 1342 3516 καὶ
1379 3465 1448 3518 τὸ.
1502 3465 1644 3519 κατὰ
1693 3464 1921 3536 γνώμην

325 3555 612 3619 εύοδοῦσα,
645 3556 721 3618 ὠς
753 3557 810 3608 ὲν
835 3553 1110 3625 ἀλλοδαπῇ
1153 3557 1225 3625 γῇ
1263 3553 1389 3607 ναὸν
1431 3554 1518 3607 ἐπ’
1553 3555 1782 3626 ὀνόματι
1815 3557 1920 3627 τῆς

325 3649 423 3703 τοῦ
456 3646 596 3702 θεοῦ
626 3647 848 3718 Μητρδς
884 3646 1165 3716 ἀνεγεῖραι
1194 3646 1454 3717 μέγιστόν
1505 3665 1564 3700 τε
1616 3649 1711 3702 καὶ
1761 3665 1921 3717 περι-

329 3741 510 3811 καλλῆ
536 3739 745 3809 (τοῦτον
771 3739 835 3810 δὴ
865 3737 1012 3805 λέγω
1039 3737 1131 3791 τὸν
1170 3739 1324 3808 παρὰ
1365 3739 1501 3792 πᾶσι
1532 3735 1703 3804 ξένοις
1734 3757 1794 3793 τε
1826 3739 1920 3794 καὶ

331 3835 654 3904 αὐτόχθοσιν
683 3832 980 3904 δρώμενον,
1017 3833 1110 3885 καὶ
1137 3833 1195 3884 ἐν
1329 3832 1430 3896 τὰς
1484 3834 1619 3904 πρὸς
1667 3833 1800 3886 Θεὸν
1837 3834 1924 3889 δο-

332 3927 586 3995 ξολογίας
637 3925 814 3978 ποιεῖν
873 3922 1348 3994 παρειλήφαμεν),
1401 3924 1574 3976 εἰκόσι
1622 3940 1680 3978 τε
1733 3921 1923 3978 τοῦτον

331 4016 778 4088 κατακοσμῆσαι,
833 4016 930 4068 καὶ
991 4016 1156 4086 ἱεροῖς
1237 4014 1458 4068 σκεύεσι
1531 4015 1625 4070 καὶ
1695 4016 1925 4081 πέπλοις

333 4107 658 4178 πολυτίμοις
681 4109 776 4162 καὶ
810 4107 1086 4176 τερπνοῖς.

401 4206 480 4270 η’.
515 4198 681 4252 Ἀλλὰ
707 4198 768 4250 τὸ
798 4196 940 4250 κατὰ
985 4195 1084 4267 τὴν
1113 4195 1406 4267 οἰκοδομὴν
1447 4195 1671 4265 γεγονὸς
1717 4195 1922 4266 θαῦμα,

330 4293 436 4346 οὐκ
464 4292 692 4360 ἄκαιρον
721 4291 909 4360 γραφῇ
951 4287 1323 4359 παραδοῦναι·
1371 4283 1482 4350 οἷος
1528 4289 1636 4360 γὰρ
1674 4289 1924 4360 ὑπῆρχεν

332 4389 364 4442 ὁ
418 4386 729 4456 μακάριος,
787 4380 1048 4444 τοιούτοις
1110 4381 1285 4449 δήπου
1333 4380 1428 4433 καὶ
1487 4379 1750 4451 ὑπηκόοις
1805 4379 1927 4433 ἐκέ-

2025 3277 2160 3323 tur:
2199 3280 2526 3343 tantumque
2573 3289 2700 3328 eum
2749 3275 2845 3329 Dei
2868 3277 3039 3346 gratia
3072 3277 3302 3346 adjuvit,
3334 3287 3389 3336 et
3429 3279 3611 3336 consi-

2023 3361 2112 3417 liis
2146 3363 2394 3434 ejusdem
2457 3365 2615 3430 favit,
2668 3378 2729 3422 ut
2781 3367 2836 3422 in
2886 3369 3172 3439 peregrina
3225 3371 3332 3429 sibi
3383 3372 3608 3442 regione

2025 3454 2288 3523 templum
2323 3454 2570 3527 Deipara:
2626 3457 2839 3512 nomini
2873 3459 3118 3514 dicatum
3141 3462 3466 3520 excitaverit
3493 3479 3612 3521 ma-

2023 3548 2230 3601 ximum
2265 3557 2321 3602 et
2356 3549 2816 3619 pulcherrimum.
2843 3551 2918 3606 De
2944 3553 3070 3619 hoc,
3105 3554 3352 3626 inquam,
3388 3555 3609 3626 loquor,

2023 3643 2172 3712 quod
2205 3659 2398 3700 omnes
2445 3645 2727 3714 peregrini
2777 3655 2834 3700 ct
2864 3646 3139 3718 indigena:
3174 3648 3384 3714 vident,
3413 3650 3468 3702 in
3499 3667 3610 3717 quo

2025 3735 2266 3790 divinam
2291 3736 2649 3805 psabnodiam
2680 3741 3045 3807 peragendam
3070 3742 3436 3810 suscepimus.
3458 3740 3609 3800 Idem

2025 3828 2191 3882 etiam
2231 3827 2393 3898 pictis
2423 3829 2625 3883 tabulis
2678 3829 2992 3894 exornavit,
3037 3837 3094 3885 et
3145 3831 3318 3888 sacris
3347 3831 3516 3898 vasis,
3547 3841 3606 3888 et

2024 3919 2272 3976 venustis
2301 3919 2670 3990 prctiosisque
2694 3921 2941 3977 vestibus
2963 3922 3250 3979 instruxit.

2099 4198 2154 4254 8.
2180 4199 2288 4255 Sed
2310 4199 2456 4255 enim
2485 4200 2812 4256 miraculum
2844 4216 3066 4272 quoque
3088 4204 3234 4274 quod
3264 4203 3410 4261 inter
3429 4205 3610 4262 aedili-

2027 4293 2266 4350 candum
2306 4294 2532 4360 accidit,
2588 4295 2797 4366 scripto
2838 4299 3231 4354 commendare
3267 4299 3614 4372 intempesti-

2028 4402 2158 4441 vum
2198 4402 2308 4442 non
2335 4387 2425 4442 sit.
2470 4388 2607 4444 Nam
2643 4373 2826 4458 qualis
2859 4389 2976 4460 ipse
3024 4391 3354 4448 eratbeatus
3394 4394 3504 4460 hic,
3532 4403 3615 4452 ta-

335 4492 534 4548 χρητο.
589 4474 791 4528 Τοῦτον
836 4473 903 4543 δὴ
928 4471 1020 4527 τὸν
1066 4472 1193 4526 ναὸν
1222 4472 1367 4526 κίοσι
1401 4473 1479 4544 (1)
1509 4471 1864 4542 στηρίζεσθαι
1897 4474 1918 4526 c’

2031 4480 2178 4535 libus
2210 4479 2475 4534 nimirum
2504 4489 2561 4534 et
2587 4479 2830 4536 subditis
2865 4481 3143 4537 utebatur.
3185 4481 3472 4552 'l‘euiplum
3511 4484 3616 4540 hoc

337 4570 603 4632 πανόσιος
623 4567 912 4638 ἐϐουλήθη.
955 4565 1106 4631 Ἐνὺς
1135 4565 1195 4620 δὲ
1222 4564 1426 4620 τούτων
1462 4567 1521 4619 ὲν
1549 4565 1744 4644 ὑψηλῴ
1774 4565 1927 4635 τόπῳ

337 4659 706 4729 ὑπάρχοντος,
737 4659 787 4710 oi
819 4657 1009 4710 τοῦτον
1041 4656 1412 4727 μετακομίσαι
1436 4657 1928 4727 ἐπιτετραμμένοι,

339 4753 435 4806 ἐπὶ
458 4751 522 4804 τὸ
549 4751 812 4813 κάταντες
848 4750 1198 4816 ἑλκύσαντες,
1237 4753 1367 4804 ἄνευ
1401 4747 1600 4820 χειρῶν
1646 4749 1932 4830 κατελθεῖν

343 4827 792 4916 παρεσκεύασαν.
818 4843 926 4896 Του
956 4842 1012 4896 δὲ
1038 4841 1177 4914 μετὰ
1209 4841 1442 4913 σφοδροῦ
1475 4841 1570 4894 τοῦ
1619 4840 1932 4912 πνεύματος

343 4936 780 5006 κατερχομένου,
806 4928 888 4998 εἷς
915 4933 1032 4987 ’τῶν
1059 4935 1156 5004 τῆς
1192 4936 1362 5005 μονῆς
1401 4932 1681 5004 μοναχῶν,
1707 4933 1808 5004 τὴν
1836 4934 1932 4988 τοῦ

347 5033 508 5087 λίθου
543 5031 754 5102 ἀγνοῶν
811 5028 1058 5094 κάθοδον,
1082 5031 1139 5082 ἐν
1165 5032 1231 5100 τῇ
1257 5029 1360 5100 ὁδῷ
1395 5027 1488 5085 τοῦ
1532 5028 1685 5082 λίθου
1722 5029 1932 5090 ἵστατο.

344 5125 482 5182 ἄλλο
506 5123 758 5193 θεωρῶν,
777 5125 870 5176 καὶ
890 5125 950 5176 τὸ
979 5123 1358 5193 πραττόμενον
1394 5121 1676 5186 παντελῶς
1696 5120 1930 5189 ἀγνοῶν.

358 5218 453 5280 Ὠς
513 5215 572 5268 δὲ
623 5216 673 5269 oi
729 5215 822 5268 τὸν
874 5214 1021 5268 λίθον
1075 5213 1549 5284 μετεωρίσαντες,
1614 5212 1778 5265 αὑτὸν
1837 5213 1935 5281 μὲν

351 5307 662 5370 saeuam»,-
711 5307 1119 5377 κατερχόμενον
1175 5305 1430 5371 ἔϐλεπον,
1459 5305 1550 5359 τὸν
1595 5304 1829 5376 μοναχὸν
1878 5301 1936 5356 δὲ

435 5486 804 5561 (l)_§umptas
842 5483 1013 5540 fuisse
1042 5485 1142 5561 bas
1167 5483 1452 5561 columnas
1481 5500 1548 5538 ex
1575 5484 1702 5538 villa
1730 5485 1937 5561 Tuscu-

358 5555 825 5618 laiia'Ciceroms,
863 5565 1012 5610 recte
1037 5555 1300 5610 admonet
1323 5556 1698 5609 Sciommarus
1728 5556 1785 5610 in
1816 5567 1934 5611 not.

356 5629 443 5693 25,
468 5644 634 5700 quam
662 5626 846 5700 villam
870 5626 924 5679 in
951 5625 1072 5700 loco
1095 5625 1382 5700 pmsentis
1407 5625 1723 5700 monasterii
1743 5627 1934 5700 fuisse,

358 5695 515 5755 docet
550 5699 698 5753 idem
730 5696 790 5751 in
820 5704 936 5749 not.
969 5695 1075 5760 55;
1115 5695 1456 5750 luculentius
1481 5703 1663 5749 autem
1691 5695 1749 5751 P.
1783 5697 1935 5751 Basi-

357 5771 460 5827 lius
490 5768 812 5826 Cardonius
843 5765 901 5819 in
934 5764 1333 5826 disceptatione
1357 5766 1421 5821 dc
1455 5775 1779 5826 argumento
1808 5768 1934 5822 hoc.

2032 4572 2120 4628 vir
2139 4571 2525 4628 sanctissimus
2573 4573 2851 4630 columnis
2884 4582 3194 4630 sustentare
3224 4575 3465 4630 volebat.
3501 4575 3611 4632 llo-

2035 4675 2158 4715 rum
2189 4675 2297 4716 una
2335 4660 2390 4715 in
2428 4661 2624 4716 altiore
2654 4663 2776 4717 loco
2804 4677 2928 4717 cum
2956 4672 3123 4728 esset,
3151 4663 3206 4717 bi
3235 4664 3439 4732 quibus
3468 4663 3616 4718 illius

2037 4747 2426 4803 transferendae
2480 4764 2613 4805 cura
2650 4750 2941 4804 commissa
2989 4759 3132 4811 erat,
3160 4749 3217 4804 in
3256 4749 3489 4804 arduum
3513 4750 3611 4804 de.

2035 4837 2344 4906 clivemque
2385 4837 2553 4892 situm
2608 4847 2966 4908 pertractam,
3011 4839 3131 4894 sine
3161 4854 3422 4894 manuum
3447 4855 3618 4910 opera

2037 4941 2135 4996 per
2168 4943 2227 4984 sc
2253 4927 2590 4998 praecipitem
2620 4929 2701 4982 ire
2747 4929 3000 4984 siverunt
3041 4946 3055 4984 :
3084 4931 3227 5001 qua!
3249 4931 3381 4986 dum
3414 4947 3614 5001 magno

2038 5020 2246 5090 impetu
2272 5029 2478 5086 rueret,
2506 5020 2813 5075 monachus
2840 5019 2909 5074 de
2944 5033 3223 5076 conventu
3255 5022 3502 5092 quidam,
3533 5025 3619 5078 la-

2036 5108 2183 5178 pidis
2203 5109 2531 5164 descensum
2564 5110 2844 5180 ignorans,
2875 5109 2928 5164 in
2959 5110 3078 5181 ipso
3100 5113 3299 5182 lapidis
3319 5116 3455 5169 calle
3483 5130 3620 5170 con-

2038 5198 2291 5260 sistebat,
2333 5199 2482 5253 aliud
2532 5211 2789 5269 spectans
2822 5209 2878 5255 et
2931 5215 3121 5272 agens,
3168 5213 3222 5256 et
3275 5203 3503 5257 omnino
3538 5205 3617 5259 rei

2037 5305 2159 5360 quae
2187 5291 2452 5361 agebatur
2481 5292 2724 5363 ignarus.
2756 5294 3002 5366 Cumque
3037 5295 3074 5349 ii
3105 5296 3198 5366 qui
3225 5295 3463 5367 lapidem
3489 5296 3621 5352 illuc

2037 5479 2214 5534 Aliam
2245 5477 2535 5533 Ciceronis
2565 5477 2856 5541 villamhin
2885 5492 2990 5548 qua
3018 5477 3134 5546 ipse
3153 5490 3345 5532 natum
3370 5492 3430 5532 se
3457 5476 3616 5548 dicit,

2043 5559 2320 5618 occupant
2349 5562 2670 5619 trappenses
2701 5547 2956 5619 monachi
2991 5548 3244 5619 asceterii
3272 5549 3326 5619 ὃἶ
3349 5547 3618 5619 Doiniaici

2040 5615 2214 5745 μεθῇ
2236 5615 2653 5760 ιμὺοιιίὲοτοιιι
2683 5617 2752 5674 ad
2776 5618 3073 5674 Fibrenum
3109 5618 3270 5689 (ϐία,
3307 5617 3380 5668 De
3412 5615 3511 5684 leg.
3551 5630 3613 5680 ii,

2102 5707 2131 5745 e
2187 5710 2236 5746 ο.

3466 5848 3580 5859 ..ο-...ια
