4072 6468
337 469 459 532 489

1362 471 1535 531 ΗΤΑ
1579 473 1638 531 S.
1682 467 2246 529 ΒΑΠΤΠΟΕὉΜᾸΞῘ
2286 463 2665 528 ΙΗΝΙὈΒΙΞ.

3521 465 3626 527 4θο

352 583 594 645 νὼτατος
626 583 884 638 ἐνταυθοῖ
905 582 1262 644 maduerunt;
1293 581 1350 634 '0
1381 581 1437 634 δὲ
1468 584 1564 636 σὺν
1598 582 1748 653 φόϐῳ
1787 583 1856 635 τά
1887 597 1945 633 τε

2070 589 2239 633 intem
2275 578 2483 648 absque
2529 589 2678 631 metu
2719 591 2810 631 res
2845 585 3001 630 actas
3027 583 3080 630 et
3119 592 3263 630 nunc
3302 576 3467 631 etiam
3501 595 3530 630 a
3572 594 3630 631 se
3694 559 3704 568 ’

355 674 672 745 πραχθέντα
702 677 796 728 καὶ
828 675 1220 746 συμϐησόμενα
1256 673 1611 744 ἀπήγγειλεν.
1637 675 1699 727 Οί
1760 674 1944 741 φαινό-

359 785 513 834 μενοι
545 768 600 819 δὲ
630 768 695 821 τὰ
723 771 827 837 τῆς
865 767 1123 830 ἀϐουλίας
1171 767 1318 836 αὐτῷ
1368 766 1445 829 ὡς
1473 767 1635 836 δῆθεν
1682 767 1943 820 ἐπονειδί-

359 860 544 921 ζοντες
581 858 766 926 ἔλεγον
797 875 812 889 ·
845 861 922 913 Οὐ
948 859 1126 921 καλῶς
1156 861 1221 929 τῇ
1256 858 1419 929 βουλῇ
1473 860 1692 929 ἐχρήσω
1724 876 1738 890 ο
1771 859 1860 911 διὰ
1891 860 1946 911 τί

357 950 472 1018 γὰρ
508 950 582 1018 μὴ
611 948 864 1003 ἀπελθὼν
887 951 1005 1013 ταῖς
1023 951 1210 1020 εὐχαῖς
1241 947 1336 1002 τοῦ
1364 951 1576 1019 Πατρὸς
1606 950 1947 1020 ἐφωδιάσθης

360 1039 806 1110 Βαρθολομαίου;
845 1041 1001 1095 Οὕτω
1023 1043 1134 1112 γὰρ
1157 1043 1256 1095 σὺν
1287 1044 1442 1112 τάχει
1469 1047 1562 1096 καὶ
1586 1045 1730 1114 χαρᾷ
1758 1046 1815 1096 ἐν
1836 1048 1947 1106 τοῖς

357 1133 585 1197 οἰκείοις
631 1135 1009 1200 ἐπέπλευσας;
1074 1137 1132 1188 Ὀ
1177 1137 1232 1188 δὲ
1293 1141 1429 1206 πρὸς
1474 1138 1536 1190 τὸ
1588 1137 1696 1190 τῶν
1732 1139 1946 1210 ἀνδρῶν

360 1224 760 1295 ὑπέρλαμπρον
788 1227 1184 1296 καταπλαγεὶς,
1225 1229 1414 1298 Ὑμεῖς
1468 1229 1523 1282 δὲ
1559 1229 1700 1292 τίνες
1729 1233 1870 1296 ἐστέ,
1903 1226 1948 1282 ὦ

360 1317 583 1386 κὺριοι;
618 1320 715 1371 σὺν
754 1319 905 1390 φὸὄῳ
929 1319 1112 1390 ἤρετο.
1165 1321 1341 1384 Εὐθὺς
1387 1321 1481 1374 οὖν
1539 1323 1566 1373 6
1614 1323 1711 1390 μὲν
1742 1318 1820 1385 εἷς
1851 1322 1948 1388 τὴν

358 1407 544 1473 δεξιὰν
575 1408 820 1470 ἐκτείνας
843 1412 1000 1479 χεῖρα
1027 1410 1117 1462 τὸν
1149 1410 1241 1463 τοῦ
1272 1410 1428 1478 ἁγίου
1463 1409 1760 1462 ἀποστόλου
1811 1408 1952 1462 Παύ-

360 1496 456 1548 λου
483 1497 611 1551 ναὸν
643 1498 1019 1563 ὑπεδείκνυεν,
1064 1500 1239 1568 Ἐμοὶ,
1293 1499 1490 1567 λέγων,
1538 1501 1747 1562 ἐκεῖνος
1801 1494 1949 1561 οἶκός

360 1589 551 1641 ἐστιν’
603 1587 790 1658 ἕτερος
840 1590 899 1642 δέ
949 1590 1082 1659 πρὸς
1119 1593 1184 1662 τῇ
1223 1591 1408 1663 Ῥώμῃ
1468 1591 1948 1654 δακτυλοδεικτῶν,

359 1678 452 1731 τὸν
469 1679 566 1732 τοῦ
599 1679 754 1747 ἁγίου
796 1681 1093 1735 ἀποστόλου
1149 1684 1354 1754 Πέτρου
1403 1684 1530 1736 ναὸν
1587 1685 1951 1753 ὑπεσήμαινε,

373 1771 554 1839 Ἐμοὶ,
586 1771 778 1838 λέγων,
809 1775 836 1826 6
860 1773 1032 1842 μέγας
1065 1776 1273 1836 ἐκεῖνος
1306 1775 1760 1845 ἀποκεκλήρωται
1779 1770 1948 1836 οἶκος.

359 1857 550 1924 Οὖτως
578 1862 845 1928 εἰπόντες,
878 1866 936 1930 ἐξ
981 1863 1276 1933 ὀφθαλμῶν
1332 1865 1500 1918 αὐτοῦ
1544 1868 1813 1932 ἐγένοντο.
1861 1867 1948 1927 Ὠς

2048 671 2378 726 deliberatas
2420 673 2695 738 exposuit.
2733 670 2834 734 Qui
2888 678 3071 723 autem
3113 679 3503 738 apparuerant,
3550 671 3634 724 in-

2050 763 2516 816 considerantiam
2541 762 2660 832 ejus
2680 770 2977 831 arguentes
3005 760 3263 814 dixerunt
3293 779 3304 813 :
3343 761 3462 816 Non
3487 777 3631 816 oono

2052 868 2182 908 usus
2204 869 2272 907 es
2319 854 2591 916 consilio;
2648 869 2747 908 cur
2795 857 2944 908 enim
3002 853 3335 913 discedens,
3401 869 3630 922 precnm

2051 945 2231 1000 Patris
2281 947 2666 1000 Bartholomaei
2715 947 2974 1000 viaticum
3024 963 3130 1000 non
3180 948 3480 1016 expetisti?
3541 949 3635 1002 Sic

2051 1038 2197 1091 enim
2232 1040 2490 1092 celeriter
2533 1049 2587 1092 et
2624 1055 2748 1092 eum
2789 1039 2992 1109 gaudio
3022 1040 3074 1092 in
3117 1040 3345 1108 patriam
3385 1056 3638 1094 reversu-

2055 1145 2148 1183 rus
2171 1147 2313 1183 eras.
2351 1131 2446 1184 ille
2482 1140 2662 1184 autem
2698 1131 2936 1184 virorum
2981 1129 3199 1184 illorum
3235 1133 3518 1200 majestate
3549 1142 3632 1186 at-

2059 1222 2287 1285 tonitus,
2316 1223 2420 1277 Vos
2448 1238 2600 1288 vero,
2632 1222 2832 1291 inquit,
2870 1223 3094 1291 quinam
3133 1223 3266 1276 estis
3287 1263 3301 1284 ,
3335 1224 3589 1278 odomini
3614 1226 3639 1276 ἲ

2055 1327 2164 1365 non
2229 1313 2344 1366 sine
2375 1326 2524 1367 metu
2558 1314 2873 1368 sciscitatus
2909 1325 3014 1368 est.
3057 1314 3252 1368 Statim
3285 1315 3466 1384 itaque
3494 1333 3638 1370 unus

2053 1419 2242 1455 eorum
2283 1403 2508 1457 dextera
2543 1415 2784 1470 extenta,
2822 1408 2993 1460 sancti
3040 1408 3270 1474 apostoli
3304 1409 3458 1462 Pauli
3493 1419 3636 1463 tem-

2056 1493 2204 1562 plum
2243 1493 2569 1547 ostendebat
2607 1514 2617 1546 :
2662 1495 2798 1558 Mea,
2829 1497 3102 1564 inquiens,
3151 1496 3240 1549 illa
3287 1497 3484 1552 domus
3531 1507 3635 1552 est.

2053 1584 2207 1636 Alter
2265 1599 2398 1638 vero
2454 1585 2681 1638 Romam
2746 1602 2939 1640 versus
3001 1587 3235 1653 digitum
3300 1589 3636 1652 intendens,

2056 1672 2232 1725 sancti
2268 1675 2502 1742 apostoli
2557 1675 2702 1728 t‘etri
2761 1677 3025 1745 templum
3074 1678 3505 1743 demonstrabat,
3557 1679 3638 1736 Ad

2057 1779 2166 1825 me,
2218 1765 2492 1833 inquiens,
2531 1782 2786 1837 magnum
2847 1767 2979 1821 illud
3035 1769 3272 1837 pertinet
3322 1771 3636 1826 aaditteium.

2058 1853 2147 1906 Sic
2170 1855 2287 1919 fati,
2315 1871 2383 1909 ex
2412 1857 2532 1926 ejus
2555 1859 2732 1911 oculis
2751 1869 3120 1915 evanuerunt.
3153 1861 3446 1932 Postquam
3474 1863 3644 1934 igitur

358 1947 452 2003 οὖν
485 1952 549 2004 ἐκ
577 1971 637 2004 τε
669 1953 764 2008 τοῦ
806 1956 1084 2026 σχήματος
1108 1957 1203 2009 καὶ
1232 1957 1340 2010 τῶν
1390 1956 1562 2025 λόγων
1609 1960 1737 2020 τοὺς
1787 1975 1947 2028 κορυ-

2070 1955 2105 1997 ·ι
2164 1947 2335 2016 ligura
2387 1959 2446 2002 et
2502 1950 2688 2003 verbis
2745 1950 3021 2021 principes
3086 1954 3461 2022 apostolorum
3518 1970 3642 2011 esse

359 2044 554 2108 φαὲους
583 2045 693 2098 τῶν
723 2047 1036 2101 ἀποστόλων
1058 2049 1293 2116 ἐπέγνω,
1325 2051 1381 2101 ἐν
1414 2048 1489 2118 νῷ
1519 2050 1589 2101 τὰ
1605 2050 1736 2119 παρ’
1767 2050 1948 2101 αὐτῶν

356 2133 562 2193 λαϐὼν.
592 2137 687 2188 καὶ
720 2137 770 2188 τί
799 2136 1049 2208 βούλεται
1071 2141 1137 2192 τὰ
1172 2138 1431 2208 λεχθέντα
1459 2140 1774 2210 συνεὶς-,τὴν
1810 2139 1946 2190 Ῥώ-

360 2244 469 2296 μην
494 2226 591 2278 καὶ
615 2224 770 2291 αὖθις
799 2230 1232 2299 καταλαμϐάνει,
1273 2231 1366 2284 καὶ
1414 2229 1491 2300 τῷ
1537 2231 1677 2301 ἁγίῳ
1732 2232 1950 2284 ἅπαντα

358 2314 642 2386 κατάδηλα
659 2316 746 2369 διὰ
771 2319 988 2387 γραφῆς
1021 2319 1303 2390 ἰδιοχείρου
1330 2322 1495 2386 ποιεῖ,
1521 2320 1851 2390 συγγνώμην
1891 2339 1948 2372 τε

357 2407 456 2474 τῆς
492 2407 792 2478 σφαλείσης
820 2411 1030 2472 ἐννοίας
1065 2410 1236 2480 ζητεῖ,
1273 2413 1365 2464 καὶ
1396 2412 1494 2482 τὴν
1517 2413 1654 2482 πρὸς
1680 2412 1748 2466 τὰ
1774 2415 1951 2465 οἰκεῖα

361 2498 482 2566 μετ’
525 2498 698 2568 εὐχῆς
733 2501 998 2555 ἐπάνοδον
1017 2501 1241 2568 ἐξαιτεῖ.
1282 2495 1380 2555 Ὧν
1407 2503 1501 2555 καὶ
1519 2502 1718 2572 τυχὼν,
1747 2505 1954 2574 χαίρων

360 2591 455 2642 καὶ
477 2590 798 2644 εὐθυπλοῶν
828 2595 963 2660 πρὸς
993 2596 1060 2645 τα
1083 2596 1256 2646 οἰκεῖα
1291 2592 1540 2662 ἐφέρετο.

441 2766 527 2820 ιε’.
559 2768 672 2836 Τῆς
701 2769 795 2821 οὖν
816 2767 910 2820 τοῦ
938 2766 1094 2836 ἁγίου
1132 2769 1320 2839 φήμης
1376 2772 1674 2840 πανταχόσε
1701 2771 1958 2822 διαδοθεί-

378 2873 500 2925 σης,
531 2861 619 2911 καὶ
652 2859 883 2928 ἀπείρου
915 2861 1152 2930 πλήθους
1179 2861 1299 2914 καθ’
1335 2863 1576 2932 ἑκάστην
1613 2865 1953 2934 συρρέοντος,

383 2953 478 2998 καὶ
505 2949 608 3002 τῶν
636 2951 735 3020 μὲν
771 2950 843 3020 τῷ
871 2951 1015 3022 λόγῳ
1058 2955 1158 3021 τῆς
1192 2954 1416 3023 χάριτος
1446 2955 1815 3022 τρεφομένων,
1850 2955 1958 3007 τῶν

373 3039 434 3092 δὲ
491 3043 581 3094 καὶ
633 3045 730 3106 τας
773 3044 1090 3114 σωματικὰς
1132 3047 1319 3114 χρείας
1352 3047 1602 3113 ἀφθόνως
1659 3046 1958 3116 ποριζομέ-

371 3149 512 3194 νων,
544 3134 874 3204 ἀμφοτέρων
916 3137 972 3188 δέ
1009 3135 1130 3189 κατ’
1159 3136 1326 3206 ἄμφω
1364 3137 1773 3207 στηριζομένων
1811 3154 1822 3166 ·
1853 3138 1960 3191 ἔδει

2053 2039 2295 2108 agnovit,
2346 2039 2545 2093 horum
2595 2041 2740 2097 dicta
2799 2055 2980 2097 mente
3041 2045 3353 2109 revolvens,
3399 2055 3456 2101 et
3506 2048 3642 2116 quid

2055 2132 2218 2185 verba
2259 2131 2559 2187 innuerent
2596 2133 2933 2204 intelligens,
2963 2136 3190 2190 Romam
3245 2153 3441 2192 rursus
3471 2139 3641 2203 venit,

2053 2230 2358 2291 Sanctoque
2385 2223 2505 2276 viro
2527 2223 2712 2278 omnia
2744 2225 2970 2294 scriptis
2998 2242 3161 2280 manu
3191 2229 3415 2296 propria
3444 2229 3645 2283 litteris

2056 2313 2338 2380 patefecit,
2393 2322 2448 2367 et
2499 2316 2716 2368 veniam
2770 2316 2985 2386 injustas
3038 2317 3392 2387 cogitationis
3447 2319 3643 2388 petiit;

2056 2420 2159 2458 nec
2187 2422 2295 2459 non
2330 2406 2568 2461 reditum
2597 2406 2651 2460 in
2681 2409 2912 2477 patriam
2939 2410 3198 2478 precibus
3223 2411 3343 2481 ejus
3370 2411 3644 2470 fortunari

2058 2498 2341 2567 peposcit:
2391 2500 2596 2569 quibus
2629 2499 2958 2570 impetratis,
2994 2503 3149 2555 hctus
3184 2518 3346 2557 cursu
3382 2520 3649 2574 prospero

2060 2591 2110 2642 ia
2147 2591 2378 2658 patriam
2415 2591 2631 2645 delatus
2659 2600 2762 2645 est.
2799 2605 2803 2609 ‘

2072 2811 2083 2825 .
2137 2773 2218 2826 13.
2265 2766 2436 2842 igitur
2472 2775 2644 2827 sancti
2681 2775 2780 2828 viri
2806 2775 2951 2829 fama
2979 2793 3396 2846 quaqueversus
3425 2779 3647 2843 diﬂusa,

2061 2873 2119 2915 et
2149 2864 2540 2918 innumerabili
2585 2866 2944 2920 multitudine
3007 2868 3257 2935 quotidie
3304 2870 3652 2938 conﬂuente,

2064 2968 2304 3024 quorum
2337 2953 2452 3032 :alii
2487 2954 2688 3008 divina:
2720 2955 2910 3025 gratia:
2946 2957 3115 3009 verbo
3164 2958 3475 3024 alebantur,
3521 2961 3652 3014 alio-

2067 3061 2189 3101 rum
2223 3047 2388 3102 etiam
2421 3049 2803 3116 corporalibus
2855 3049 3288 3104 necessitatibus
3317 3053 3649 3108 consuleba-

2065 3148 2199 3205 tur,
2245 3138 2356 3193 into
2417 3139 2638 3210 utrique
2690 3140 2743 3192 in
2793 3151 3026 3211 utraque
3075 3152 3227 3211 parte
3269 3143 3649 3213 juvabantur;

365 3226 652 3276 καὶαῦτὸν
702 3226 990 3294 ἄνθρωπον
1035 3227 1165 3280 ὄντα
1218 3229 1560 3300 ἐλεγχθῆναι.
1614 3231 1790 3299 Λιμοῦ
1850 3233 1958 3304 γάρ

2070 3229 2314 3298 oportuit
2342 3230 2523 3300 ipsum
2578 3247 2799 3301 quoque
2842 3240 3093 3287 sanctum
3131 3235 3310 3287 virum
3371 3235 3655 3292 hominem

363 3331 500 3366 ποτε
534 3317 853 3385 γενομένου,
880 3319 976 3370 καὶ
1011 3319 1147 3388 προς
1185 3314 1284 3390 τὴν
1317 3320 1485 3389 μονὴν
1507 3321 1726 3375 πάντων
1754 3323 1864 3376 τῶν
1893 3340 1952 3375 τε

366 3407 738 3477 αὐτοχθόνων,
755 3411 850 3464 καὶ
875 3411 983 3463 τῶν
1007 3411 1417 3481 ἐπιδημούντων
1447 3413 1838 3486 ξένων,ὥσπερ
1865 3419 1957 3469 ἐπὶ

365 3498 567 3567 λιμένα
597 3503 1074 3570 καταφευγόντων,
1098 3505 1204 3558 τῶν
1225 3505 1322 3575 τῆς
1371 3507 1536 3576 μονῆς
1574 3507 1630 3560 δὲ
1673 3508 1753 3570 είς
1791 3508 1960 3580 ἄκρον

367 3587 753 3641 στενωθέντων
807 3590 1040 3658 (γίνεται
1100 3593 1208 3662 γὰρ
1263 3593 1358 3647 καὶ
1411 3597 1524 3657 τοῖς
1581 3595 1808 3659 δικαίοις
1869 3599 1960 3663 ἑγ-

364 3680 718 3749 κατάλειψις,
746 3682 1011 3752 κρίμασιν
1029 3679 1108 3748 οἷς
1123 3683 1262 3738 οἶδεν
1278 3689 1303 3738 6
1322 3687 1502 3739 πάντα
1532 3689 1742 3756 ἐφορῶν
1765 3690 1962 3755 ὀφθαλ-

368 3773 592 3846 μοίςΙῙ.
621 3775 744 3846 μός]
775 3795 789 3807 ·
835 3778 1040 3848 πλῆθος
1071 3779 1201 3833 λαοῦ
1247 3779 1371 3835 ἰδὼν
1419 3781 1446 3833 6
1500 3783 1792 3854 μακάριος,
1837 3801 1962 3854 τρο-

371 3868 490 3935 φῶν
511 3869 568 3921 δὲ
626 3872 955 3938 σωματικῶν
982 3871 1080 3943 τὴν
1103 3873 1272 3945 μονὴν
1297 3873 1612 3945 ἀποροῦσαν
1644 3877 1714 3948 (οι
1745 3892 1802 3928 τε
1854 3879 1964 3946 γὰρ

373 3960 606 4021 σιτῶνες
632 3960 880 4022 ἐξέλιπον
906 3964 970 4031 τῇ
1009 3962 1380 4034 πολυπληθείᾳ
1425 3963 1533 4016 τῶν
1585 3966 1963 4034 προσερχομέ-

372 4041 505 4117 νων,
537 4051 648 4104 τῶν
682 4041 816 4121 πρὶς
839 4052 1042 4122 ὥνησιν
1065 4053 1119 4105 δὲ
1147 4056 1263 4123 ἅμα
1285 4056 1394 4117 τοῖς
1425 4055 1712 4124 γεωργίοις
1732 4055 1792 4124 [ί.
1825 4055 1963 4126 γοῖς]

371 4144 800 4210 ἐκλελοιπότων,
830 4144 938 4196 τῶν
979 4147 1148 4213 φίλων
1194 4163 1251 4197 τε
1308 4150 1768 4218 προσεπικουρείν
1824 4149 1962 4200 ἀπο-

373 4236 732 4304 κρουσάντων
789 4233 1205 4308 [ἀναγορευσ.2]
1240 4236 1284 4307 ),
1317 4239 1392 4307 μὴ
1433 4237 1617 4308 φέρων
1642 4241 1669 4290 6
1701 4238 1795 4290 τοῦ
1829 4239 1963 4291 Θεοῦ

372 4325 690 4396 ἄνθρωπος,
723 4325 900 4396 ψυχάς
929 4344 988 4380 τε
1013 4328 1377 4400 τεθλιμμένας
1402 4333 1466 4399 τῇ
1499 4330 1592 4382 τοῦ
1615 4331 1774 4400 λιμοῦ
1827 4332 1966 4400 ἐπη-

376 4421 506 4489 ρείᾳ
537 4421 691 4490 ὁρᾷν,
722 4423 914 4488 φυγεῖν
946 4405 1192 4490 βούλεται
1223 4437 1236 4449 ·
1269 4421 1297 4474 ὃ
1325 4421 1386 4492 δὴ
1420 4423 1511 4475 καὶ
1562 4423 1851 4492 πεποίηκε,
1873 4428 1968 4492 τὴν

376 4514 474 4566 ἐπὶ
538 4511 758 4582 Ῥώμην
801 4515 1077 4584 φέρουσαν
1139 4516 1257 4584 μεθ’
1308 4515 1510 4584 ἐτέρων
1565 4514 1658 4566 δύο
1719 4517 1969 4585 μοναχῶν

2071 3335 2195 3375 esse
2225 3322 2471 3392 coargui.
2519 3321 2683 3376 Fame
2727 3322 2878 3376 enim
2922 3323 3218 3394 aliquando
3248 3336 3458 3392 coorta,
3490 3337 3656 3398 atque

2074 3412 2140 3466 ad
2195 3414 2595 3468 monasterium
2651 3413 2926 3485 indigenis
2952 3415 3390 3486 Epe‘regrinisque
3442 3421 3658 3475 cunctis

2075 3517 2334 3577 tanquam
2384 3508 2452 3562 ad
2501 3517 2724 3576 portum
2775 3508 3266 3579 confugientibus,
3319 3510 3494 3581 ipsius
3524 3529 3658 3568 vero

2074 3600 2393 3655 monasterii
2445 3601 2639 3655 incolis
2664 3615 2936 3655 summam
2982 3601 3270 3672 penuriam
3318 3605 3659 3674 patientibus

2075 3692 2366 3763 (contingit
2394 3691 2542 3746 enim
2574 3691 2907 3761 quandoque
2946 3693 3112 3762 justis
3141 3693 3308 3747 etiam
3339 3695 3656 3762 derelictio,

2071 3784 2280 3854 judicio
2319 3786 2440 3853 ejus
2467 3784 2559 3853 qui
2587 3783 2772 3836 omnia
2807 3784 2983 3837 oculis
3002 3787 3256 3852 spectat),
3284 3787 3472 3855 p0puli
3511 3791 3658 3842 mul—

2081 3874 2374 3929 titudinem
2407 3889 2644 3928 cernens
2691 3873 2890 3927 beatus
2927 3873 3031 3935 vir,
3059 3883 3114 3927 et
3138 3875 3440 3943 corporalis
3471 3878 3662 3932 alimo-

2078 3967 2183 4019 niae
2206 3965 2432 4034 penuria
2488 3964 2883 4018 monasterium
2912 3964 3205 4029 laborans;
3254 3981 3494 4035 namque
3529 3967 3662 4021 hor-

2080 4074 2169 4112 rea
2190 4066 2415 4127 propter
2438 4056 2851 4110 accurrentium
2879 4054 3288 4109 multitudinem
3310 4055 3660 4122 defecerant;

2077 4157 2134 4202 et
2172 4149 2386 4202 venalia
2417 4147 2546 4199 item
2582 4160 2691 4198 una
2732 4160 2857 4198 cum
2889 4143 3146 4212 agricolis
3173 4145 3424 4216 deerant,
3467 4147 3664 4201 amicis

2078 4240 2304 4309 insuper
2333 4252 2492 4307 opem
2525 4235 2896 4306 negantibus;
2944 4250 3052 4288 non
3087 4235 3302 4304 patiens
3345 4237 3511 4292 homo
3543 4239 3662 4300 Dei,

2079 4332 2304 4385 aliiictas
2333 4329 2542 4384 animas
2574 4338 2629 4382 et
2681 4327 2838 4381 famis
2863 4328 3172 4382 calamitate
3205 4338 3509 4397 prostratas
3541 4346 3665 4384 eer-

2081 4435 2237 4485 nere,
2300 4419 2486 4488 fugcre
2521 4418 2788 4480 decrevit,
2817 4417 2965 4486 quod
3008 4430 3063 4471 et
3103 4417 3256 4482 fecit,
3295 4419 3400 4473 iter
3431 4421 3660 4473 Romam

2082 4527 2278 4567 versus
2315 4525 2441 4564 cum
2473 4509 2692 4565 duobus
2723 4511 2848 4563 aliis
2890 4511 3174 4565 monachis
3205 4528 3517 4582 aggressus.
3557 4513 3666 4568 Sed

377 4604 800 4674 ἐπιλαϐόμενος.
843 4603 1003 4656 Ἀλλὰ
1042 4608 1123 4669 τίς
1153 4623 1271 4669 σου,
1304 4606 1528 4673 Χριστέ,
1571 4608 1635 4657 τα
1691 4606 1958 4677 θαυμάσια

2079 4605 2227 4660 enim
2267 4604 2519 4673 quisnam
2573 4613 2686 4669 tua,
2748 4603 2988 4669 Christe,
3026 4603 3274 4674 prodigia
3321 4621 3431 4658 non
3473 4606 3668 4660 obstu-

372 4698 452 4768 μὴ
488 4697 812 4769 ἐκπλαγείη,
841 4701 936 4752 καὶ
976 4700 1076 4770 τὴν
1120 4701 1215 4752 ἐπὶ
1239 4698 1345 4749 τῶν
1380 4699 1601 4767 ἀπόρων
1629 4701 1768 4767 μετὰ
1789 4702 1956 4768 σοφῆς

368 4790 470 4861 τῆς
509 4789 765 4859 προνοίας
795 4791 949 4841 λύσιν
980 4805 1040 4840 τε
1068 4791 1161 4842 καὶ
1200 4790 1483 4853 ἐπίὸοσιν;
1540 4786 1808 4840 Ὀδευοντι
1850 4804 1960 4840 τοι·

369 4881 584 4952 γαροῦν
619 4881 699 4952 τῷ
730 4882 1013 4952 μακαρίῳ,
1045 4879 1346 4949 νυσταγμῷ
1363 4879 1581 4947 λέγεται
1612 4879 1961 4948 συσχεθῆναι,

371 4980 469 5031 καὶ
492 4980 605 5039 τοῖς
637 4974 779 5045 ἀμφ’
834 4975 1018 5037 αὑτὸν,
1054 4973 1268 5043 Μικρὸν
1312 4971 1413 5040 τῆς
1439 4971 1560 5024 ὁδοῦ
1591 4973 1962 5036 ἐκκλίναντες,

369 5067 552 5132 εἶπεν,
577 5066 825 5122 ὑπνῶσαί
850 5084 916 5137 με
937 5064 1417 5136 παρασκευάσατε.
1451 5057 1526 5116 Οὖ
1551 5063 1614 5132 δὴ
1650 5064 1966 5133 γενομένου,

374 5165 474 5216 καὶ
512 5160 611 5213 τοῦ
644 5161 922 5230 μακαρίου
955 5159 1040 5210 ἐπ’
1073 5159 1302 5225 ἐδάφους
1334 5157 1729 5218 ὑπνώττοντος,
1761 5155 1970 5224 ὄνειρος

374 5254 538 5325 αὑτῷ
568 5254 904 5321 παρίσταται
936 5251 1077 5314 θεῖος
1114 5267 1126 5280 ·
1157 5253 1183 5303 6
1225 5249 1280 5301 δέ
1312 5251 1518 5318 ὄνειρος
1548 5247 1808 5316 τοιαύτην
1858 5246 1971 5319 εἶχε

377 5352 484 5416 τὴν
529 5345 675 5414 ὅφιν.
725 5335 936 5395 Ἐδόκει
974 5342 1095 5394 τινὰ
1123 5339 1426 5411 ἱεροπρεπῆ
1493 5340 1647 5409 ὁρᾷν,
1674 5339 1868 5408 στολήν
1914 5357 1974 5392 τε

379 5437 671 5509 ἱερατικὴν
719 5432 1119 5504 ἠμφιεσμένον,
1151 5430 1485 5500 παριστᾶναί
1518 5429 1587 5500 U.
1627 5431 1885 5502 παρεστ.]
1911 5447 1970 5482 τε

379 5529 556 5601 αὐτῷ,
600 5531 697 5582 καὶ
726 5531 826 5598 την
860 5530 1039 5595 φυγην
1082 5523 1511 5592 ἐπεγκαλοῦντα,
1568 5525 1664 5575 καὶ
1712 5524 1978 5593 υποστρέ-

381 5643 508 5692 φειν
540 5625 601 5676 ἐν
635 5621 712 5692 τῷ
754 5620 1104 5691 μοναστηρίῳ
1139 5616 1688 5688 παρακελευόμενον,
1715 5619 1822 5678 τοῖς
1845 5615 1984 5683 ἀφά-

380 5735 494 5782 τοις
519 5718 615 5770 τοῦ
640 5713 778 5769 Θεοῦ
842 5711 1148 5781 οἰκτιρμοῖς
1201 5709 1524 5774 πεποιθότα,
1567 5713 1661 5761 καὶ
1703 5709 1778 5778 μὴ
1835 5724 1982 5780 παρ-

305 5855 314 5862 .
380 5812 596 5877 οςύνειν
624 5810 695 5862 δι’
722 5803 1077 5874 ὀλιγοψυχίας
1129 5801 1228 5872 τὴν
1269 5799 1636 5868 ὑπανοίγοντα
1679 5803 1859 5869 χεῖρα,
1889 5802 1983 5854 καὶ

383 5899 759 5975 ἐμπιπλῶντα
813 5896 925 5947 πᾶν
964 5894 1099 5958 ζῶον
1152 5893 1422 5951 εὐδοκίας.
1453 5889 1647 5960 Ἐᾠκει
1699 5891 1755 5943 δέ
1807 5891 1982 5960 μέγας

633 5996 916 6057 Ρλτιιοι.
945 5991 1059 6050 Gn,
1101 5985 1413 6050 CXXVII.

2082 4705 2294 4767 poscet,
2338 4696 2615 4764 simulque
2649 4697 3031 4764 angustiarum
3063 4696 3421 4765 providenter
3443 4697 3670 4750 solutio-

2077 4805 2202 4843 nem
2228 4789 2446 4853 factam,
2468 4805 2589 4842 cum
2616 4787 2871 4841 beneﬁcii
2897 4788 3278 4840 incremento?
3300 4772 3634 4857 Progredien
3661 4819 3666 4829 ι

2082 4890 2191 4936 tem
2235 4880 2418 4949 itaque
2463 4879 2683 4933 beatum
2726 4877 3092 4932 sonn'iolentia
3123 4857 3436 4946 corrc-pium
3469 4879 3664 4944 aiunt,

2083 4984 2142 5027 et
2169 4973 2389 5026 itineris
2419 4968 2717 5023 comitibus
2740 4967 2951 5022 dixisse
2991 4984 3004 5020 :
3036 4949 3576 5049 vosﬂali‘quantulum
3599 4970 3667 5025 de

2083 5065 2170 5118 via
2219 5062 2567 5118 declinantes
2592 5066 2616 5124 ,’
2652 5067 2842 5129 parate
2890 5048 3033 5111 mihi
3063 5041 3411 5113 dormitandi
3455 5060 3664 5116 locum.

2084 5158 2205 5224 Quo
2236 5155 2400 5220 facto,
2443 5161 2499 5208 et
2547 5153 2709 5207 beato
2741 5152 2859 5204 viro
2889 5139 3352 5212 humi'somnum
3393 5153 3668 5222 capiente,

2088 5247 2366 5303 somnium
2393 5245 2443 5299 ei
2463 5243 2733 5300 divinitus
2764 5242 3070 5314 immissum
3097 5242 3331 5313 obtigit;
3367 5243 3422 5296 in
3457 5246 3674 5302 somnio

2089 5348 2274 5394 autem
2306 5335 2627 5408 bujusmodi
2667 5333 2849 5389 visio:
2894 5317 3193 5408 Videbatur
3228 5334 3331 5388 sibi
3379 5335 3675 5404 quemdam

2092 5446 2322 5488 cernere
2353 5406 2724 5494 sacerdotem,
2761 5412 2932 5494 veluti
2966 5406 3122 5480 sacro
3161 5435 3360 5480 ornatu
3398 5427 3674 5492 indutum,

2089 5524 2308 5593 sibique
2367 5531 2638 5576 astantem
2693 5506 3172 5590 et'fuga'mIillam
3223 5516 3670 5585 esprobrantem,

2091 5624 2255 5684 atque
2308 5624 2368 5666 ut
2416 5611 2484 5665 ad
2521 5594 2941 5663 nionasteriuin'
2970 5599 3185 5668 rediret
3215 5606 3551 5669 hortantem,
3593 5604 3676 5657 in-

2093 5703 2303 5761 elIabili
2336 5702 2434 5756 Dei
2469 5699 2863 5755 misericordia:
2904 5687 3175 5753 "ﬁdentem
3211 5715 3224 5750 :
3263 5707 3429 5765 atque
3484 5706 3544 5748 ut
3583 5711 3676 5749 ca-

2096 5803 2252 5853 veret
2284 5793 2585 5866 quominus
2612 5793 2764 5846 illum
2802 5789 3256 5861 pusillanimitate
3284 5802 3380 5842 sua
3414 5786 3675 5848 irritaret,

2092 5890 2185 5960 qui
2226 5900 2447 5940 manum
2506 5897 2660 5937 suam
2716 5881 2913 5951 aperit,
2948 5889 3002 5933 et
3043 5878 3229 5947 implet
3265 5891 3428 5946 Oltllle
3473 5873 3672 5931 animal

3253 5971 3322 6030 16
