  <div class='ocr_page' id='page_1' title='image "/cluster/home/n/w/nwhite01/storage/ocr_20150623/127/coo.31924054870328/253.png"; bbox 0 0 4072 6422; ppageno 0'>
   <div class='ocr_carea' id='block_1_1' title="bbox 462 426 561 490">
    <p class='ocr_par' dir='ltr' id='par_1_1' title="bbox 462 426 561 490">
     <span class='ocr_line' id='line_1_1' title="bbox 462 426 561 490; baseline 0.02 -2"><span class='ocrx_word' id='word_1_1' title='bbox 462 426 561 490; x_wconf 63' lang='lat'><strong>491</strong></span> 
     </span>
    </p>
   </div>
   <div class='ocr_carea' id='block_1_2' title="bbox 1498 427 2723 489">
    <p class='ocr_par' dir='ltr' id='par_1_2' title="bbox 1498 427 2723 489">
     <span class='ocr_line' id='line_1_2' title="bbox 1498 427 2723 489; baseline -0.002 0"><span class='ocrx_word' id='word_1_2' title='bbox 1498 429 1711 489; x_wconf 46' lang='lat' dir='ltr'><strong>LUCiE</strong></span> <span class='ocrx_word' id='word_1_3' title='bbox 1753 431 2073 489; x_wconf 78' lang='lat' dir='ltr'><strong>ABBATIS</strong></span> <span class='ocrx_word' id='word_1_4' title='bbox 2111 427 2723 489; x_wconf 78' lang='lat' dir='ltr'><strong>CRYPTOFERRAT.</strong></span> 
     </span>
    </p>
   </div>
   <div class='ocr_carea' id='block_1_3' title="bbox 3620 430 3725 493">
    <p class='ocr_par' dir='ltr' id='par_1_3' title="bbox 3620 430 3725 493">
     <span class='ocr_line' id='line_1_3' title="bbox 3620 430 3725 493; baseline 0 -1"><span class='ocrx_word' id='word_1_5' title='bbox 3620 430 3725 493; x_wconf 70' lang='lat'><strong>492</strong></span> 
     </span>
    </p>
   </div>
   <div class='ocr_carea' id='block_1_4' title="bbox 392 530 2049 622">
    <p class='ocr_par' dir='ltr' id='par_1_4' title="bbox 392 536 2047 622">
     <span class='ocr_line' id='line_1_4' title="bbox 392 536 2047 622; baseline -0.002 -30"><span class='ocrx_word' id='word_1_6' title='bbox 392 608 406 622; x_wconf 42' lang='grc' dir='ltr'><strong>ο</strong></span> <span class='ocrx_word' id='word_1_7' title='bbox 462 537 841 592; x_wconf 78' lang='lat' dir='ltr'><strong>benediction</strong></span> <span class='ocrx_word' id='word_1_8' title='bbox 875 537 910 589; x_wconf 83' lang='grc'><strong>³.</strong></span> <span class='ocrx_word' id='word_1_9' title='bbox 950 536 1046 588; x_wconf 85' lang='lat' dir='ltr'><strong>llic</strong></span> <span class='ocrx_word' id='word_1_10' title='bbox 1087 542 1271 590; x_wconf 89' lang='lat' dir='ltr'><strong>autem</strong></span> <span class='ocrx_word' id='word_1_11' title='bbox 1319 551 1549 602; x_wconf 78' lang='lat' dir='ltr'><strong>magnus</strong></span> <span class='ocrx_word' id='word_1_12' title='bbox 1579 536 1869 589; x_wconf 86' lang='lat' dir='ltr'><strong>videbatur</strong></span> <span class='ocrx_word' id='word_1_13' title='bbox 1913 536 2047 589; x_wconf 83' lang='lat' dir='ltr'><strong>Gre-</strong></span> 
     </span>
    </p>
   </div>
   <div class='ocr_carea' id='block_1_5' title="bbox 2153 530 3727 622">
    <p class='ocr_par' dir='ltr' id='par_1_5' title="bbox 2153 530 3727 608">
     <span class='ocr_line' id='line_1_5' title="bbox 2153 530 3727 608; baseline 0.006 -22"><span class='ocrx_word' id='word_1_14' title='bbox 2153 535 2449 607; x_wconf 82' lang='grc' dir='ltr'>Γρηγόριος</span> <span class='ocrx_word' id='word_1_15' title='bbox 2482 531 2637 598; x_wconf 72' lang='grc' dir='ltr'>οὗτος</span> <span class='ocrx_word' id='word_1_16' title='bbox 2662 530 2805 586; x_wconf 79' lang='grc' dir='ltr'>εἶναι</span> <span class='ocrx_word' id='word_1_17' title='bbox 2831 534 2859 586; x_wconf 95' lang='lat'><strong>6</strong></span> <span class='ocrx_word' id='word_1_18' title='bbox 2892 534 3169 601; x_wconf 71' lang='grc' dir='ltr'>Διάλογος,</span> <span class='ocrx_word' id='word_1_19' title='bbox 3204 535 3261 597; x_wconf 83' lang='lat'>6;</span> <span class='ocrx_word' id='word_1_20' title='bbox 3304 538 3397 589; x_wconf 72' lang='grc' dir='ltr'><strong>καὶ</strong></span> <span class='ocrx_word' id='word_1_21' title='bbox 3433 537 3727 608; x_wconf 72' lang='grc' dir='ltr'>ὀτφράδιόν</span> 
     </span>
    </p>
   </div>
   <div class='ocr_carea' id='block_1_6' title="bbox 460 627 2045 699">
    <p class='ocr_par' dir='ltr' id='par_1_6' title="bbox 460 627 2045 699">
     <span class='ocr_line' id='line_1_6' title="bbox 460 627 2045 699; baseline -0.001 -18"><span class='ocrx_word' id='word_1_22' title='bbox 460 632 669 699; x_wconf 77' lang='lat' dir='ltr'><strong>gorins,</strong></span> <span class='ocrx_word' id='word_1_23' title='bbox 700 637 1067 698; x_wconf 81' lang='lat' dir='ltr'><strong>cognomento</strong></span> <span class='ocrx_word' id='word_1_24' title='bbox 1092 627 1369 697; x_wconf 75' lang='lat' dir='ltr'><strong>Dialogus,</strong></span> <span class='ocrx_word' id='word_1_25' title='bbox 1398 630 1491 696; x_wconf 87' lang='lat' dir='ltr'><strong>qui</strong></span> <span class='ocrx_word' id='word_1_26' title='bbox 1523 637 1579 681; x_wconf 90' lang='lat' dir='ltr'><strong>et</strong></span> <span class='ocrx_word' id='word_1_27' title='bbox 1606 628 1831 681; x_wconf 81' lang='lat' dir='ltr'><strong>oderam</strong></span> <span class='ocrx_word' id='word_1_28' title='bbox 1856 641 2045 695; x_wconf 88' lang='lat' dir='ltr'><strong>quam-</strong></span> 
     </span>
    </p>
   </div>
   <div class='ocr_carea' id='block_1_7' title="bbox 461 719 2043 791">
    <p class='ocr_par' dir='ltr' id='par_1_7' title="bbox 461 719 2043 791">
     <span class='ocr_line' id='line_1_7' title="bbox 461 719 2043 791; baseline 0 -20"><span class='ocrx_word' id='word_1_29' title='bbox 461 725 585 775; x_wconf 85' lang='lat' dir='ltr'><strong>dam</strong></span> <span class='ocrx_word' id='word_1_30' title='bbox 618 722 870 791; x_wconf 79' lang='lat' dir='ltr'><strong>pyxidem</strong></span> <span class='ocrx_word' id='word_1_31' title='bbox 911 719 1055 773; x_wconf 82' lang='lat' dir='ltr'><strong>beati</strong></span> <span class='ocrx_word' id='word_1_32' title='bbox 1087 720 1187 772; x_wconf 89' lang='lat' dir='ltr'><strong>viri</strong></span> <span class='ocrx_word' id='word_1_33' title='bbox 1227 721 1482 774; x_wconf 89' lang='lat' dir='ltr'><strong>manibus</strong></span> <span class='ocrx_word' id='word_1_34' title='bbox 1508 719 1755 782; x_wconf 88' lang='lat' dir='ltr'><strong>tradidit,</strong></span> <span class='ocrx_word' id='word_1_35' title='bbox 1794 719 2043 788; x_wconf 80' lang='lat' dir='ltr'><strong>pcregri-</strong></span> 
     </span>
    </p>
   </div>
   <div class='ocr_carea' id='block_1_8' title="bbox 464 810 2045 880">
    <p class='ocr_par' dir='ltr' id='par_1_8' title="bbox 464 810 2045 880">
     <span class='ocr_line' id='line_1_8' title="bbox 464 810 2045 880; baseline -0.002 -14"><span class='ocrx_word' id='word_1_36' title='bbox 464 829 592 866; x_wconf 87' lang='lat' dir='ltr'><strong>num</strong></span> <span class='ocrx_word' id='word_1_37' title='bbox 625 812 934 879; x_wconf 86' lang='lat' dir='ltr'><strong>quemdam</strong></span> <span class='ocrx_word' id='word_1_38' title='bbox 986 812 1212 866; x_wconf 91' lang='lat' dir='ltr'><strong>odorem</strong></span> <span class='ocrx_word' id='word_1_39' title='bbox 1263 812 1585 880; x_wconf 79' lang='lat' dir='ltr'><strong>spirantem.</strong></span> <span class='ocrx_word' id='word_1_40' title='bbox 1649 811 1853 865; x_wconf 84' lang='lat' dir='ltr'><strong>Somno</strong></span> <span class='ocrx_word' id='word_1_41' title='bbox 1883 810 2045 879; x_wconf 78' lang='lat' dir='ltr'><strong>igitur</strong></span> 
     </span>
    </p>
   </div>
   <div class='ocr_carea' id='block_1_9' title="bbox 464 900 2040 972">
    <p class='ocr_par' dir='ltr' id='par_1_9' title="bbox 464 900 2040 972">
     <span class='ocr_line' id='line_1_9' title="bbox 464 900 2040 972; baseline 0 -17"><span class='ocrx_word' id='word_1_42' title='bbox 464 918 570 956; x_wconf 89' lang='lat' dir='ltr'><strong>non</strong></span> <span class='ocrx_word' id='word_1_43' title='bbox 606 902 724 956; x_wconf 86' lang='lat' dir='ltr'><strong>sine</strong></span> <span class='ocrx_word' id='word_1_44' title='bbox 747 910 972 971; x_wconf 89' lang='lat' dir='ltr'><strong>stupore</strong></span> <span class='ocrx_word' id='word_1_45' title='bbox 1018 902 1255 964; x_wconf 89' lang='lat' dir='ltr'><strong>solutus,</strong></span> <span class='ocrx_word' id='word_1_46' title='bbox 1292 903 1507 972; x_wconf 75' lang='lat' dir='ltr'><strong>iussum</strong></span> <span class='ocrx_word' id='word_1_47' title='bbox 1544 901 1663 955; x_wconf 87' lang='lat' dir='ltr'><strong>sine</strong></span> <span class='ocrx_word' id='word_1_48' title='bbox 1692 900 2040 955; x_wconf 79' lang='lat' dir='ltr'><strong>dubitatione</strong></span> 
     </span>
    </p>
   </div>
   <div class='ocr_carea' id='block_1_10' title="bbox 465 992 2045 1064">
    <p class='ocr_par' dir='ltr' id='par_1_10' title="bbox 465 992 2045 1064">
     <span class='ocr_line' id='line_1_10' title="bbox 465 992 2045 1064; baseline 0 -19"><span class='ocrx_word' id='word_1_49' title='bbox 465 994 592 1049; x_wconf 89' lang='lat' dir='ltr'><strong>fecit</strong></span> <span class='ocrx_word' id='word_1_50' title='bbox 635 1004 802 1064; x_wconf 89' lang='lat' dir='ltr'><strong>atque</strong></span> <span class='ocrx_word' id='word_1_51' title='bbox 850 993 917 1047; x_wconf 91' lang='lat' dir='ltr'><strong>ad</strong></span> <span class='ocrx_word' id='word_1_52' title='bbox 959 996 1350 1047; x_wconf 73' lang='lat' dir='ltr'><strong>monasterium</strong></span> <span class='ocrx_word' id='word_1_53' title='bbox 1385 1009 1444 1046; x_wconf 84' lang='lat' dir='ltr'><strong>se</strong></span> <span class='ocrx_word' id='word_1_54' title='bbox 1497 993 1727 1061; x_wconf 89' lang='lat' dir='ltr'><strong>recepit,</strong></span> <span class='ocrx_word' id='word_1_55' title='bbox 1772 992 1915 1045; x_wconf 89' lang='lat' dir='ltr'><strong>bona</strong></span> <span class='ocrx_word' id='word_1_56' title='bbox 1950 1006 2045 1060; x_wconf 87' lang='lat' dir='ltr'><strong>spe</strong></span> 
     </span>
    </p>
   </div>
   <div class='ocr_carea' id='block_1_11' title="bbox 426 1080 2045 1153">
    <p class='ocr_par' dir='ltr' id='par_1_11' title="bbox 426 1080 2045 1153">
     <span class='ocr_line' id='line_1_11' title="bbox 426 1080 2045 1153; baseline -0.001 -18"><span class='ocrx_word' id='word_1_57' title='bbox 426 1084 729 1153; x_wconf 6' lang='lat' dir='ltr'><strong>qrepletus.</strong></span> <span class='ocrx_word' id='word_1_58' title='bbox 789 1083 1069 1137; x_wconf 75' lang='lat' dir='ltr'><strong>Reversus</strong></span> <span class='ocrx_word' id='word_1_59' title='bbox 1131 1093 1354 1141; x_wconf 88' lang='lat' dir='ltr'><strong>antem.</strong></span> <span class='ocrx_word' id='word_1_60' title='bbox 1421 1082 1714 1150; x_wconf 85' lang='lat' dir='ltr'><strong>quemdam</strong></span> <span class='ocrx_word' id='word_1_61' title='bbox 1774 1081 1913 1135; x_wconf 89' lang='lat' dir='ltr'><strong>vidit</strong></span> <span class='ocrx_word' id='word_1_62' title='bbox 1977 1080 2045 1135; x_wconf 89' lang='lat' dir='ltr'><strong>de</strong></span> 
     </span>
    </p>
   </div>
   <div class='ocr_carea' id='block_1_12' title="bbox 463 1173 2041 1237">
    <p class='ocr_par' dir='ltr' id='par_1_12' title="bbox 463 1173 2041 1237">
     <span class='ocr_line' id='line_1_12' title="bbox 463 1173 2041 1237; baseline -0.001 -10"><span class='ocrx_word' id='word_1_63' title='bbox 463 1173 773 1228; x_wconf 86' lang='lat' dir='ltr'><strong>Tusculana</strong></span> <span class='ocrx_word' id='word_1_64' title='bbox 822 1174 1046 1228; x_wconf 73' lang='lat' dir='ltr'><strong>civitate</strong></span> <span class='ocrx_word' id='word_1_65' title='bbox 1098 1173 1165 1226; x_wconf 88' lang='lat' dir='ltr'><strong>ad</strong></span> <span class='ocrx_word' id='word_1_66' title='bbox 1242 1174 1635 1226; x_wconf 71' lang='lat' dir='ltr'><strong>monaSti-rium</strong></span> <span class='ocrx_word' id='word_1_67' title='bbox 1685 1174 2041 1237; x_wconf 80' lang='lat' dir='ltr'><strong>venientem;</strong></span> 
     </span>
    </p>
   </div>
   <div class='ocr_carea' id='block_1_13' title="bbox 462 1263 2045 1334">
    <p class='ocr_par' dir='ltr' id='par_1_13' title="bbox 462 1263 2045 1334">
     <span class='ocr_line' id='line_1_13' title="bbox 462 1263 2045 1334; baseline -0.003 -16"><span class='ocrx_word' id='word_1_68' title='bbox 462 1281 624 1334; x_wconf 85' lang='lat' dir='ltr'><strong>quem</strong></span> <span class='ocrx_word' id='word_1_69' title='bbox 660 1274 937 1334; x_wconf 79' lang='lat' dir='ltr'><strong>spectans,</strong></span> <span class='ocrx_word' id='word_1_70' title='bbox 985 1264 1125 1318; x_wconf 78' lang='lat' dir='ltr'><strong>dixit</strong></span> <span class='ocrx_word' id='word_1_71' title='bbox 1163 1263 1229 1318; x_wconf 91' lang='lat' dir='ltr'><strong>ad</strong></span> <span class='ocrx_word' id='word_1_72' title='bbox 1267 1272 1511 1318; x_wconf 82' lang='lat' dir='ltr'><strong>astantes</strong></span> <span class='ocrx_word' id='word_1_73' title='bbox 1554 1264 1767 1333; x_wconf 88' lang='lat' dir='ltr'><strong>placide</strong></span> <span class='ocrx_word' id='word_1_74' title='bbox 1815 1277 2045 1316; x_wconf 82' lang='lat' dir='ltr'><strong>conver-</strong></span> 
     </span>
    </p>
   </div>
   <div class='ocr_carea' id='block_1_14' title="bbox 462 1354 2042 1423">
    <p class='ocr_par' dir='ltr' id='par_1_14' title="bbox 462 1354 2042 1423">
     <span class='ocr_line' id='line_1_14' title="bbox 462 1354 2042 1423; baseline 0 -16"><span class='ocrx_word' id='word_1_75' title='bbox 462 1371 558 1408; x_wconf 60' lang='lat' dir='ltr'><strong>sus</strong></span> <span class='ocrx_word' id='word_1_76' title='bbox 611 1373 623 1408; x_wconf 93' lang='lat'>:</span> <span class='ocrx_word' id='word_1_77' title='bbox 696 1354 793 1409; x_wconf 89' lang='lat' dir='ltr'><strong>Hic</strong></span> <span class='ocrx_word' id='word_1_78' title='bbox 863 1355 1066 1408; x_wconf 88' lang='lat' dir='ltr'><strong>bonum</strong></span> <span class='ocrx_word' id='word_1_79' title='bbox 1132 1354 1388 1408; x_wconf 90' lang='lat' dir='ltr'><strong>nuntium</strong></span> <span class='ocrx_word' id='word_1_80' title='bbox 1444 1354 1638 1420; x_wconf 68' lang='lat' dir='ltr'><strong>affert;</strong></span> <span class='ocrx_word' id='word_1_81' title='bbox 1698 1368 2042 1423; x_wconf 44' lang='lat' dir='ltr'><strong>requelvera</strong></span> 
     </span>
    </p>
   </div>
   <div class='ocr_carea' id='block_1_15' title="bbox 462 1444 2042 1501">
    <p class='ocr_par' dir='ltr' id='par_1_15' title="bbox 462 1444 2042 1501">
     <span class='ocr_line' id='line_1_15' title="bbox 462 1444 2042 1501; baseline -0.001 -2"><span class='ocrx_word' id='word_1_82' title='bbox 462 1459 683 1501; x_wconf 75' lang='lat' dir='ltr'><strong>rentum</strong></span> <span class='ocrx_word' id='word_1_83' title='bbox 761 1446 922 1499; x_wconf 84' lang='lat' dir='ltr'><strong>tritici</strong></span> <span class='ocrx_word' id='word_1_84' title='bbox 988 1446 1202 1499; x_wconf 88' lang='lat' dir='ltr'><strong>modios</strong></span> <span class='ocrx_word' id='word_1_85' title='bbox 1255 1446 1325 1499; x_wconf 85' lang='lat' dir='ltr'><strong>ab</strong></span> <span class='ocrx_word' id='word_1_86' title='bbox 1376 1445 1531 1499; x_wconf 82' lang='lat' dir='ltr'><strong>urbis</strong></span> <span class='ocrx_word' id='word_1_87' title='bbox 1581 1446 1806 1499; x_wconf 88' lang='lat' dir='ltr'><strong>domino</strong></span> <span class='ocrx_word' id='word_1_88' title='bbox 1851 1444 2042 1499; x_wconf 88' lang='lat' dir='ltr'><strong>donari</strong></span> 
     </span>
    </p>
   </div>
   <div class='ocr_carea' id='block_1_16' title="bbox 464 1535 2042 1605">
    <p class='ocr_par' dir='ltr' id='par_1_16' title="bbox 464 1535 2042 1605">
     <span class='ocr_line' id='line_1_16' title="bbox 464 1535 2042 1605; baseline -0.001 -16"><span class='ocrx_word' id='word_1_89' title='bbox 464 1541 622 1591; x_wconf 86' lang='lat' dir='ltr'><strong>beato</strong></span> <span class='ocrx_word' id='word_1_90' title='bbox 647 1539 763 1590; x_wconf 89' lang='lat' dir='ltr'><strong>viro</strong></span> <span class='ocrx_word' id='word_1_91' title='bbox 795 1538 1105 1591; x_wconf 81' lang='lat' dir='ltr'><strong>nuntiabat.</strong></span> <span class='ocrx_word' id='word_1_92' title='bbox 1137 1536 1372 1590; x_wconf 83' lang='lat' dir='ltr'><strong>Proinde</strong></span> <span class='ocrx_word' id='word_1_93' title='bbox 1399 1536 1546 1605; x_wconf 77' lang='lat' dir='ltr'><strong>larga</strong></span> <span class='ocrx_word' id='word_1_94' title='bbox 1569 1535 1829 1604; x_wconf 88' lang='lat' dir='ltr'><strong>deinceps</strong></span> <span class='ocrx_word' id='word_1_95' title='bbox 1878 1551 2042 1589; x_wconf 88' lang='lat' dir='ltr'><strong>manu</strong></span> 
     </span>
    </p>
   </div>
   <div class='ocr_carea' id='block_1_17' title="bbox 460 1626 2041 1697">
    <p class='ocr_par' dir='ltr' id='par_1_17' title="bbox 460 1626 2041 1697">
     <span class='ocr_line' id='line_1_17' title="bbox 460 1626 2041 1697; baseline 0.001 -17"><span class='ocrx_word' id='word_1_96' title='bbox 460 1628 809 1681; x_wconf 86' lang='lat' dir='ltr'><strong>abundanter</strong></span> <span class='ocrx_word' id='word_1_97' title='bbox 862 1626 1223 1697; x_wconf 78' lang='lat' dir='ltr'><strong>largiebatur,</strong></span> <span class='ocrx_word' id='word_1_98' title='bbox 1268 1627 1377 1681; x_wconf 89' lang='lat' dir='ltr'><strong>Deo</strong></span> <span class='ocrx_word' id='word_1_99' title='bbox 1414 1627 1610 1691; x_wconf 84' lang='lat' dir='ltr'><strong>fretus,</strong></span> <span class='ocrx_word' id='word_1_100' title='bbox 1662 1636 1718 1681; x_wconf 90' lang='lat' dir='ltr'><strong>et</strong></span> <span class='ocrx_word' id='word_1_101' title='bbox 1751 1643 1818 1680; x_wconf 93' lang='lat' dir='ltr'><strong>eo</strong></span> <span class='ocrx_word' id='word_1_102' title='bbox 1848 1628 1940 1695; x_wconf 88' lang='lat' dir='ltr'><strong>qui</strong></span> <span class='ocrx_word' id='word_1_103' title='bbox 1983 1642 2041 1681; x_wconf 81' lang='lat' dir='ltr'><strong>se</strong></span> 
     </span>
    </p>
   </div>
   <div class='ocr_carea' id='block_1_18' title="bbox 462 1716 2043 1785">
    <p class='ocr_par' dir='ltr' id='par_1_18' title="bbox 462 1716 2043 1785">
     <span class='ocr_line' id='line_1_18' title="bbox 462 1716 2043 1785; baseline 0.001 -16"><span class='ocrx_word' id='word_1_104' title='bbox 462 1733 558 1785; x_wconf 89' lang='lat' dir='ltr'><strong>per</strong></span> <span class='ocrx_word' id='word_1_105' title='bbox 608 1719 877 1773; x_wconf 80' lang='lat' dir='ltr'><strong>visionem</strong></span> <span class='ocrx_word' id='word_1_106' title='bbox 922 1718 1331 1772; x_wconf 82' lang='lat' dir='ltr'><strong>confortavetat</strong></span> <span class='ocrx_word' id='word_1_107' title='bbox 1360 1717 1619 1785; x_wconf 79' lang='lat' dir='ltr'><strong>pontifice</strong></span> <span class='ocrx_word' id='word_1_108' title='bbox 1646 1716 1810 1771; x_wconf 89' lang='lat' dir='ltr'><strong>illius.</strong></span> <span class='ocrx_word' id='word_1_109' title='bbox 1867 1719 2043 1781; x_wconf 86' lang='lat' dir='ltr'><strong>Atque</strong></span> 
     </span>
    </p>
   </div>
   <div class='ocr_carea' id='block_1_19' title="bbox 464 1806 2045 1876">
    <p class='ocr_par' dir='ltr' id='par_1_19' title="bbox 464 1806 2045 1876">
     <span class='ocr_line' id='line_1_19' title="bbox 464 1806 2045 1876; baseline -0.001 -16"><span class='ocrx_word' id='word_1_110' title='bbox 464 1810 576 1861; x_wconf 72' lang='lat' dir='ltr'><strong>haec</strong></span> <span class='ocrx_word' id='word_1_111' title='bbox 636 1807 915 1861; x_wconf 82' lang='lat' dir='ltr'><strong>sulliciunt</strong></span> <span class='ocrx_word' id='word_1_112' title='bbox 971 1807 1041 1859; x_wconf 89' lang='lat' dir='ltr'><strong>ob</strong></span> <span class='ocrx_word' id='word_1_113' title='bbox 1096 1806 1581 1860; x_wconf 84' lang='lat' dir='ltr'><strong>demonstrandam</strong></span> <span class='ocrx_word' id='word_1_114' title='bbox 1614 1806 1707 1859; x_wconf 89' lang='lat' dir='ltr'><strong>Dei</strong></span> <span class='ocrx_word' id='word_1_115' title='bbox 1745 1822 1871 1876; x_wconf 62' lang='lat' dir='ltr'><strong>erga</strong></span> <span class='ocrx_word' id='word_1_116' title='bbox 1912 1821 2045 1860; x_wconf 87' lang='lat' dir='ltr'><strong>san-</strong></span> 
     </span>
    </p>
   </div>
   <div class='ocr_carea' id='block_1_20' title="bbox 461 1885 2049 1990">
    <p class='ocr_par' dir='ltr' id='par_1_20' title="bbox 461 1896 2041 1966">
     <span class='ocr_line' id='line_1_20' title="bbox 461 1896 2041 1966; baseline -0.001 -16"><span class='ocrx_word' id='word_1_117' title='bbox 461 1909 610 1951; x_wconf 71' lang='lat' dir='ltr'><strong>ttnm</strong></span> <span class='ocrx_word' id='word_1_118' title='bbox 661 1900 838 1952; x_wconf 87' lang='lat' dir='ltr'><strong>virum</strong></span> <span class='ocrx_word' id='word_1_119' title='bbox 884 1896 1263 1963; x_wconf 84' lang='lat' dir='ltr'><strong>dilectionem,</strong></span> <span class='ocrx_word' id='word_1_120' title='bbox 1302 1896 1541 1964; x_wconf 88' lang='lat' dir='ltr'><strong>itemque</strong></span> <span class='ocrx_word' id='word_1_121' title='bbox 1578 1896 1807 1965; x_wconf 78' lang='lat' dir='ltr'><strong>gloriam</strong></span> <span class='ocrx_word' id='word_1_122' title='bbox 1838 1911 1944 1966; x_wconf 89' lang='lat' dir='ltr'><strong>qua</strong></span> <span class='ocrx_word' id='word_1_123' title='bbox 1973 1897 2041 1949; x_wconf 89' lang='lat' dir='ltr'><strong>ab</strong></span> 
     </span>
    </p>
   </div>
   <div class='ocr_carea' id='block_1_21' title="bbox 2153 1885 2921 1990">
    <p class='ocr_par' dir='ltr' id='par_1_21' title="bbox 2153 1885 2921 1990">
     <span class='ocr_line' id='line_1_21' title="bbox 2153 1885 2921 1990; baseline 0.008 -24"><span class='ocrx_word' id='word_1_124' title='bbox 2153 1885 2267 1969; x_wconf 59' lang='grc' dir='ltr'>οέαν</span> <span class='ocrx_word' id='word_1_125' title='bbox 2407 1921 2454 1970; x_wconf 76' lang='lat' dir='ltr'><strong>of</strong></span> <span class='ocrx_word' id='word_1_126' title='bbox 2484 1885 2634 1987; x_wconf 72' lang='grc' dir='ltr'>ἅγιοι</span> <span class='ocrx_word' id='word_1_127' title='bbox 2656 1885 2822 1990; x_wconf 38' lang='lat'><strong>7:96;.-</strong></span> <span class='ocrx_word' id='word_1_128' title='bbox 2854 1885 2921 1972; x_wconf 50' lang='lat'>6&#39;6</span> 
     </span>
    </p>
   </div>
   <div class='ocr_carea' id='block_1_22' title="bbox 459 1986 2043 2055">
    <p class='ocr_par' dir='ltr' id='par_1_22' title="bbox 459 1986 2043 2055">
     <span class='ocr_line' id='line_1_22' title="bbox 459 1986 2043 2055; baseline -0.001 -14"><span class='ocrx_word' id='word_1_129' title='bbox 459 1990 652 2041; x_wconf 88' lang='lat' dir='ltr'><strong>eodem</strong></span> <span class='ocrx_word' id='word_1_130' title='bbox 704 1996 933 2042; x_wconf 87' lang='lat' dir='ltr'><strong>ornatus</strong></span> <span class='ocrx_word' id='word_1_131' title='bbox 983 1986 1108 2046; x_wconf 88' lang='lat' dir='ltr'><strong>fuit,</strong></span> <span class='ocrx_word' id='word_1_132' title='bbox 1151 1994 1207 2039; x_wconf 90' lang='lat' dir='ltr'><strong>et</strong></span> <span class='ocrx_word' id='word_1_133' title='bbox 1253 1986 1491 2055; x_wconf 83' lang='lat' dir='ltr'><strong>denique</strong></span> <span class='ocrx_word' id='word_1_134' title='bbox 1546 1996 1810 2054; x_wconf 87' lang='lat' dir='ltr'><strong>quantam</strong></span> <span class='ocrx_word' id='word_1_135' title='bbox 1845 1987 2043 2053; x_wconf 53' lang='lat' dir='ltr'><strong>,sancti</strong></span> 
     </span>
    </p>
   </div>
   <div class='ocr_carea' id='block_1_23' title="bbox 460 2076 1561 2148">
    <p class='ocr_par' dir='ltr' id='par_1_23' title="bbox 460 2076 1561 2148">
     <span class='ocr_line' id='line_1_23' title="bbox 460 2076 1561 2148; baseline -0.004 -15"><span class='ocrx_word' id='word_1_136' title='bbox 460 2096 584 2133; x_wconf 86' lang='lat' dir='ltr'><strong>eum</strong></span> <span class='ocrx_word' id='word_1_137' title='bbox 622 2081 740 2148; x_wconf 86' lang='lat' dir='ltr'><strong>ipso</strong></span> <span class='ocrx_word' id='word_1_138' title='bbox 774 2078 1071 2133; x_wconf 88' lang='lat' dir='ltr'><strong>habuerint</strong></span> <span class='ocrx_word' id='word_1_139' title='bbox 1106 2076 1561 2132; x_wconf 78' lang='lat' dir='ltr'><strong>familiaritatem.</strong></span> 
     </span>
    </p>
   </div>
   <div class='ocr_carea' id='block_1_24' title="bbox 534 2169 2047 2241">
    <p class='ocr_par' dir='ltr' id='par_1_24' title="bbox 534 2169 2047 2241">
     <span class='ocr_line' id='line_1_24' title="bbox 534 2169 2047 2241; baseline -0.001 -16"><span class='ocrx_word' id='word_1_140' title='bbox 534 2175 615 2225; x_wconf 78' lang='grc'><strong>16.</strong></span> <span class='ocrx_word' id='word_1_141' title='bbox 637 2176 746 2241; x_wconf 76' lang='lat' dir='ltr'><strong>Age</strong></span> <span class='ocrx_word' id='word_1_142' title='bbox 778 2188 908 2225; x_wconf 89' lang='lat' dir='ltr'><strong>vero</strong></span> <span class='ocrx_word' id='word_1_143' title='bbox 947 2172 1185 2240; x_wconf 88' lang='lat' dir='ltr'><strong>postulat</strong></span> <span class='ocrx_word' id='word_1_144' title='bbox 1214 2171 1413 2232; x_wconf 85' lang='lat' dir='ltr'><strong>oratio,</strong></span> <span class='ocrx_word' id='word_1_145' title='bbox 1435 2180 1495 2222; x_wconf 90' lang='lat' dir='ltr'><strong>ut</strong></span> <span class='ocrx_word' id='word_1_146' title='bbox 1541 2169 1803 2222; x_wconf 88' lang='lat' dir='ltr'><strong>miracula</strong></span> <span class='ocrx_word' id='word_1_147' title='bbox 1829 2184 2047 2237; x_wconf 88' lang='lat' dir='ltr'><strong>quoque</strong></span> 
     </span>
    </p>
   </div>
   <div class='ocr_carea' id='block_1_25' title="bbox 462 2258 2051 2329">
    <p class='ocr_par' dir='ltr' id='par_1_25' title="bbox 462 2258 2051 2329">
     <span class='ocr_line' id='line_1_25' title="bbox 462 2258 2051 2329; baseline -0.003 -13"><span class='ocrx_word' id='word_1_148' title='bbox 462 2275 995 2329; x_wconf 81' lang='lat' dir='ltr'><strong>commemorentur,</strong></span> <span class='ocrx_word' id='word_1_149' title='bbox 1031 2278 1140 2315; x_wconf 84' lang='lat' dir='ltr'><strong>non</strong></span> <span class='ocrx_word' id='word_1_150' title='bbox 1188 2276 1251 2314; x_wconf 87' lang='lat' dir='ltr'><strong>ea</strong></span> <span class='ocrx_word' id='word_1_151' title='bbox 1299 2261 1502 2324; x_wconf 80' lang='lat' dir='ltr'><strong>solum,</strong></span> <span class='ocrx_word' id='word_1_152' title='bbox 1556 2275 1677 2328; x_wconf 66' lang='lat' dir='ltr'><strong>qtae</strong></span> <span class='ocrx_word' id='word_1_153' title='bbox 1724 2258 1886 2312; x_wconf 63' lang='lat' dir='ltr'><strong>beato</strong></span> <span class='ocrx_word' id='word_1_154' title='bbox 1931 2261 2051 2313; x_wconf 88' lang='lat' dir='ltr'><strong>viro</strong></span> 
     </span>
    </p>
   </div>
   <div class='ocr_carea' id='block_1_26' title="bbox 462 2349 2047 2421">
    <p class='ocr_par' dir='ltr' id='par_1_26' title="bbox 462 2349 2047 2421">
     <span class='ocr_line' id='line_1_26' title="bbox 462 2349 2047 2421; baseline -0.003 -15"><span class='ocrx_word' id='word_1_155' title='bbox 462 2352 642 2406; x_wconf 87' lang='lat' dir='ltr'><strong>adhuc</strong></span> <span class='ocrx_word' id='word_1_156' title='bbox 668 2351 962 2421; x_wconf 83' lang='lat' dir='ltr'><strong>superstite</strong></span> <span class='ocrx_word' id='word_1_157' title='bbox 989 2350 1135 2404; x_wconf 86' lang='lat' dir='ltr'><strong>Deus</strong></span> <span class='ocrx_word' id='word_1_158' title='bbox 1162 2364 1259 2418; x_wconf 88' lang='lat' dir='ltr'><strong>per</strong></span> <span class='ocrx_word' id='word_1_159' title='bbox 1278 2349 1431 2402; x_wconf 91' lang='lat' dir='ltr'><strong>illum</strong></span> <span class='ocrx_word' id='word_1_160' title='bbox 1454 2354 1830 2417; x_wconf 73' lang='lat' dir='ltr'><strong>operatnseSt,</strong></span> <span class='ocrx_word' id='word_1_161' title='bbox 1858 2363 2047 2401; x_wconf 90' lang='lat' dir='ltr'><strong>verum</strong></span> 
     </span>
    </p>
   </div>
   <div class='ocr_carea' id='block_1_27' title="bbox 461 2440 2046 2511">
    <p class='ocr_par' dir='ltr' id='par_1_27' title="bbox 461 2440 2046 2511">
     <span class='ocr_line' id='line_1_27' title="bbox 461 2440 2046 2511; baseline -0.001 -15"><span class='ocrx_word' id='word_1_162' title='bbox 461 2443 629 2496; x_wconf 86' lang='lat' dir='ltr'><strong>etiam</strong></span> <span class='ocrx_word' id='word_1_163' title='bbox 659 2456 782 2510; x_wconf 68' lang='lat' dir='ltr'><strong>qua:</strong></span> <span class='ocrx_word' id='word_1_164' title='bbox 814 2440 868 2494; x_wconf 93' lang='lat' dir='ltr'><strong>in</strong></span> <span class='ocrx_word' id='word_1_165' title='bbox 893 2442 1013 2511; x_wconf 90' lang='lat' dir='ltr'><strong>ejus</strong></span> <span class='ocrx_word' id='word_1_166' title='bbox 1041 2440 1109 2493; x_wconf 88' lang='lat' dir='ltr'><strong>ad</strong></span> <span class='ocrx_word' id='word_1_167' title='bbox 1141 2441 1311 2494; x_wconf 91' lang='lat' dir='ltr'><strong>Deum</strong></span> <span class='ocrx_word' id='word_1_168' title='bbox 1345 2440 1600 2503; x_wconf 90' lang='lat' dir='ltr'><strong>transitu,</strong></span> <span class='ocrx_word' id='word_1_169' title='bbox 1629 2450 1684 2493; x_wconf 92' lang='lat' dir='ltr'><strong>et</strong></span> <span class='ocrx_word' id='word_1_170' title='bbox 1719 2448 1841 2509; x_wconf 87' lang='lat' dir='ltr'><strong>post</strong></span> <span class='ocrx_word' id='word_1_171' title='bbox 1867 2449 2046 2495; x_wconf 84' lang='lat' dir='ltr'><strong>trans-</strong></span> 
     </span>
    </p>
   </div>
   <div class='ocr_carea' id='block_1_28' title="bbox 467 2530 2048 2600">
    <p class='ocr_par' dir='ltr' id='par_1_28' title="bbox 467 2530 2048 2600">
     <span class='ocr_line' id='line_1_28' title="bbox 467 2530 2048 2600; baseline -0.001 -15"><span class='ocrx_word' id='word_1_172' title='bbox 467 2533 605 2587; x_wconf 91' lang='lat' dir='ltr'><strong>itum</strong></span> <span class='ocrx_word' id='word_1_173' title='bbox 640 2531 911 2600; x_wconf 85' lang='lat' dir='ltr'><strong>stnpcnda</strong></span> <span class='ocrx_word' id='word_1_174' title='bbox 951 2532 1116 2585; x_wconf 90' lang='lat' dir='ltr'><strong>simul</strong></span> <span class='ocrx_word' id='word_1_175' title='bbox 1147 2540 1205 2583; x_wconf 91' lang='lat' dir='ltr'><strong>et</strong></span> <span class='ocrx_word' id='word_1_176' title='bbox 1246 2531 1473 2584; x_wconf 91' lang='lat' dir='ltr'><strong>omnino</strong></span> <span class='ocrx_word' id='word_1_177' title='bbox 1512 2530 1799 2585; x_wconf 84' lang='lat' dir='ltr'><strong>credibilia</strong></span> <span class='ocrx_word' id='word_1_178' title='bbox 1836 2531 2048 2584; x_wconf 82' lang='lat' dir='ltr'><strong>accide-</strong></span> 
     </span>
    </p>
   </div>
   <div class='ocr_carea' id='block_1_29' title="bbox 465 2609 2048 2676">
    <p class='ocr_par' dir='ltr' id='par_1_29' title="bbox 465 2609 2048 2676">
     <span class='ocr_line' id='line_1_29' title="bbox 465 2609 2048 2676; baseline 0.001 -3"><span class='ocrx_word' id='word_1_179' title='bbox 465 2631 587 2673; x_wconf 86' lang='lat' dir='ltr'><strong>runt</strong></span> <span class='ocrx_word' id='word_1_180' title='bbox 600 2620 883 2673; x_wconf 77' lang='lat' dir='ltr'><strong>.Miramur</strong></span> <span class='ocrx_word' id='word_1_181' title='bbox 897 2609 1026 2676; x_wconf 79' lang='lat' dir='ltr'><strong>sane</strong></span> <span class='ocrx_word' id='word_1_182' title='bbox 1043 2619 1213 2673; x_wconf 84' lang='lat' dir='ltr'><strong>Eliam</strong></span> <span class='ocrx_word' id='word_1_183' title='bbox 1235 2618 1552 2673; x_wconf 86' lang='lat' dir='ltr'><strong>Thesbitem</strong></span> <span class='ocrx_word' id='word_1_184' title='bbox 1575 2619 1741 2672; x_wconf 71' lang='lat' dir='ltr'><strong>caelos</strong></span> <span class='ocrx_word' id='word_1_185' title='bbox 1757 2618 2048 2675; x_wconf 86' lang='lat' dir='ltr'><strong>claudendi</strong></span> 
     </span>
    </p>
   </div>
   <div class='ocr_carea' id='block_1_30' title="bbox 461 2706 2037 2778">
    <p class='ocr_par' dir='ltr' id='par_1_30' title="bbox 461 2706 2037 2778">
     <span class='ocr_line' id='line_1_30' title="bbox 461 2706 2037 2778; baseline -0.002 -17"><span class='ocrx_word' id='word_1_186' title='bbox 461 2718 517 2762; x_wconf 81' lang='lat' dir='ltr'><strong>et</strong></span> <span class='ocrx_word' id='word_1_187' title='bbox 536 2708 815 2778; x_wconf 86' lang='lat' dir='ltr'><strong>aperiendi</strong></span> <span class='ocrx_word' id='word_1_188' title='bbox 833 2708 1089 2762; x_wconf 82' lang='lat' dir='ltr'><strong>facultate</strong></span> <span class='ocrx_word' id='word_1_189' title='bbox 1119 2707 1402 2762; x_wconf 90' lang='lat' dir='ltr'><strong>donatum.</strong></span> <span class='ocrx_word' id='word_1_190' title='bbox 1422 2706 1681 2761; x_wconf 83' lang='lat' dir='ltr'><strong>Miramur</strong></span> <span class='ocrx_word' id='word_1_191' title='bbox 1699 2706 2037 2773; x_wconf 79' lang='lat' dir='ltr'><strong>Gedeonem,</strong></span> 
     </span>
    </p>
   </div>
   <div class='ocr_carea' id='block_1_31' title="bbox 461 2796 2040 2865">
    <p class='ocr_par' dir='ltr' id='par_1_31' title="bbox 461 2796 2040 2865">
     <span class='ocr_line' id='line_1_31' title="bbox 461 2796 2040 2865; baseline 0.001 -16"><span class='ocrx_word' id='word_1_192' title='bbox 461 2799 549 2850; x_wconf 91' lang='lat' dir='ltr'><strong>cui</strong></span> <span class='ocrx_word' id='word_1_193' title='bbox 587 2812 908 2851; x_wconf 88' lang='lat' dir='ltr'><strong>concessum</strong></span> <span class='ocrx_word' id='word_1_194' title='bbox 938 2796 1043 2851; x_wconf 93' lang='lat' dir='ltr'><strong>fuit</strong></span> <span class='ocrx_word' id='word_1_195' title='bbox 1073 2796 1129 2852; x_wconf 89' lang='lat' dir='ltr'><strong>in</strong></span> <span class='ocrx_word' id='word_1_196' title='bbox 1149 2796 1351 2851; x_wconf 86' lang='lat' dir='ltr'><strong>vellere</strong></span> <span class='ocrx_word' id='word_1_197' title='bbox 1372 2806 1428 2851; x_wconf 90' lang='lat' dir='ltr'><strong>et</strong></span> <span class='ocrx_word' id='word_1_198' title='bbox 1449 2812 1573 2851; x_wconf 86' lang='lat' dir='ltr'><strong>area</strong></span> <span class='ocrx_word' id='word_1_199' title='bbox 1597 2796 2040 2865; x_wconf 79' lang='lat' dir='ltr'><strong>experimentum</strong></span> 
     </span>
    </p>
   </div>
   <div class='ocr_carea' id='block_1_32' title="bbox 429 2887 2051 2957">
    <p class='ocr_par' dir='ltr' id='par_1_32' title="bbox 429 2887 2051 2957">
     <span class='ocr_line' id='line_1_32' title="bbox 429 2887 2051 2957; baseline 0 -16"><span class='ocrx_word' id='word_1_200' title='bbox 429 2896 684 2957; x_wconf 70' lang='lat' dir='ltr'><strong>&#39;eapere.</strong></span> <span class='ocrx_word' id='word_1_201' title='bbox 712 2889 778 2941; x_wconf 88' lang='lat' dir='ltr'><strong>Et</strong></span> <span class='ocrx_word' id='word_1_202' title='bbox 808 2904 932 2942; x_wconf 90' lang='lat' dir='ltr'><strong>cum</strong></span> <span class='ocrx_word' id='word_1_203' title='bbox 977 2889 1160 2957; x_wconf 90' lang='lat' dir='ltr'><strong>priore</strong></span> <span class='ocrx_word' id='word_1_204' title='bbox 1196 2888 1419 2957; x_wconf 87' lang='lat' dir='ltr'><strong>quidem</strong></span> <span class='ocrx_word' id='word_1_205' title='bbox 1472 2887 1543 2941; x_wconf 91' lang='lat' dir='ltr'><strong>ob</strong></span> <span class='ocrx_word' id='word_1_206' title='bbox 1572 2889 1759 2957; x_wconf 90' lang='lat' dir='ltr'><strong>populi</strong></span> <span class='ocrx_word' id='word_1_207' title='bbox 1801 2889 2051 2941; x_wconf 87' lang='lat' dir='ltr'><strong>incredu-</strong></span> 
     </span>
    </p>
   </div>
   <div class='ocr_carea' id='block_1_33' title="bbox 438 2972 2045 3051">
    <p class='ocr_par' dir='ltr' id='par_1_33' title="bbox 438 2972 2045 3051">
     <span class='ocr_line' id='line_1_33' title="bbox 438 2972 2045 3051; baseline -0.001 -17"><span class='ocrx_word' id='word_1_208' title='bbox 438 2972 673 3035; x_wconf 73' lang='lat' dir='ltr'><strong>litatem</strong></span> <span class='ocrx_word' id='word_1_209' title='bbox 722 2981 1019 3051; x_wconf 89' lang='lat' dir='ltr'><strong>cordisque</strong></span> <span class='ocrx_word' id='word_1_210' title='bbox 1059 2980 1320 3035; x_wconf 88' lang='lat' dir='ltr'><strong>duritiem</strong></span> <span class='ocrx_word' id='word_1_211' title='bbox 1374 2978 1454 3032; x_wconf 86' lang='lat' dir='ltr'><strong>sic</strong></span> <span class='ocrx_word' id='word_1_212' title='bbox 1507 2991 1689 3032; x_wconf 89' lang='lat' dir='ltr'><strong>actum</strong></span> <span class='ocrx_word' id='word_1_213' title='bbox 1728 2979 1865 3043; x_wconf 87' lang='lat' dir='ltr'><strong>fuit;</strong></span> <span class='ocrx_word' id='word_1_214' title='bbox 1922 2995 2045 3032; x_wconf 88' lang='lat' dir='ltr'><strong>cum</strong></span> 
     </span>
    </p>
   </div>
   <div class='ocr_carea' id='block_1_34' title="bbox 464 3064 2052 3131">
    <p class='ocr_par' dir='ltr' id='par_1_34' title="bbox 464 3064 2052 3131">
     <span class='ocr_line' id='line_1_34' title="bbox 464 3064 2052 3131; baseline 0.001 -12"><span class='ocrx_word' id='word_1_215' title='bbox 464 3071 637 3121; x_wconf 87' lang='lat' dir='ltr'><strong>altero</strong></span> <span class='ocrx_word' id='word_1_216' title='bbox 671 3078 855 3121; x_wconf 85' lang='lat' dir='ltr'><strong>autem</strong></span> <span class='ocrx_word' id='word_1_217' title='bbox 886 3069 956 3121; x_wconf 91' lang='lat' dir='ltr'><strong>ob</strong></span> <span class='ocrx_word' id='word_1_218' title='bbox 984 3070 1259 3122; x_wconf 75' lang='lat' dir='ltr'><strong>exercitus</strong></span> <span class='ocrx_word' id='word_1_219' title='bbox 1292 3064 1639 3131; x_wconf 80' lang='lat' dir='ltr'><strong>tenuitatem,</strong></span> <span class='ocrx_word' id='word_1_220' title='bbox 1681 3069 1763 3121; x_wconf 88' lang='lat' dir='ltr'><strong>vel</strong></span> <span class='ocrx_word' id='word_1_221' title='bbox 1813 3069 2052 3121; x_wconf 88' lang='lat' dir='ltr'><strong>divinio-</strong></span> 
     </span>
    </p>
   </div>
   <div class='ocr_carea' id='block_1_35' title="bbox 468 3154 2047 3223">
    <p class='ocr_par' dir='ltr' id='par_1_35' title="bbox 468 3154 2047 3223">
     <span class='ocr_line' id='line_1_35' title="bbox 468 3154 2047 3223; baseline 0.001 -16"><span class='ocrx_word' id='word_1_222' title='bbox 468 3170 583 3207; x_wconf 86' lang='lat' dir='ltr'><strong>rem</strong></span> <span class='ocrx_word' id='word_1_223' title='bbox 611 3154 845 3208; x_wconf 82' lang='lat' dir='ltr'><strong>fortasse</strong></span> <span class='ocrx_word' id='word_1_224' title='bbox 866 3155 1105 3223; x_wconf 78' lang='lat' dir='ltr'><strong>aliquam</strong></span> <span class='ocrx_word' id='word_1_225' title='bbox 1132 3154 1621 3223; x_wconf 83' lang='lat' dir='ltr'><strong>dispensationem.</strong></span> <span class='ocrx_word' id='word_1_226' title='bbox 1641 3155 1829 3223; x_wconf 79' lang='lat' dir='ltr'><strong>Neque</strong></span> <span class='ocrx_word' id='word_1_227' title='bbox 1864 3165 2047 3209; x_wconf 88' lang='lat' dir='ltr'><strong>tamen</strong></span> 
     </span>
    </p>
   </div>
   <div class='ocr_carea' id='block_1_36' title="bbox 462 3245 2118 3315">
    <p class='ocr_par' dir='ltr' id='par_1_36' title="bbox 462 3245 2118 3315">
     <span class='ocr_line' id='line_1_36' title="bbox 462 3245 2118 3315; baseline 0.001 -13"><span class='ocrx_word' id='word_1_228' title='bbox 462 3248 622 3302; x_wconf 86' lang='lat' dir='ltr'><strong>abest</strong></span> <span class='ocrx_word' id='word_1_229' title='bbox 654 3246 722 3299; x_wconf 90' lang='lat' dir='ltr'><strong>ab</strong></span> <span class='ocrx_word' id='word_1_230' title='bbox 754 3247 950 3299; x_wconf 89' lang='lat' dir='ltr'><strong>horum</strong></span> <span class='ocrx_word' id='word_1_231' title='bbox 1001 3246 1364 3299; x_wconf 87' lang='lat' dir='ltr'><strong>similitudine</strong></span> <span class='ocrx_word' id='word_1_232' title='bbox 1400 3245 1451 3298; x_wconf 89' lang='lat' dir='ltr'><strong>id</strong></span> <span class='ocrx_word' id='word_1_233' title='bbox 1506 3245 1654 3315; x_wconf 88' lang='lat' dir='ltr'><strong>quod</strong></span> <span class='ocrx_word' id='word_1_234' title='bbox 1702 3247 1806 3300; x_wconf 90' lang='lat' dir='ltr'><strong>sub</strong></span> <span class='ocrx_word' id='word_1_235' title='bbox 1857 3257 2047 3301; x_wconf 89' lang='lat' dir='ltr'><strong>sancto</strong></span> <span class='ocrx_word' id='word_1_236' title='bbox 2078 3252 2118 3304; x_wconf 88' lang='lat' dir='ltr'><strong><em>C</em></strong></span> 
     </span>
    </p>
   </div>
   <div class='ocr_carea' id='block_1_37' title="bbox 466 3337 2043 3396">
    <p class='ocr_par' dir='ltr' id='par_1_37' title="bbox 466 3337 2043 3396">
     <span class='ocr_line' id='line_1_37' title="bbox 466 3337 2043 3396; baseline -0.001 -4"><span class='ocrx_word' id='word_1_237' title='bbox 466 3340 624 3392; x_wconf 81' lang='lat' dir='ltr'><strong>l’atre</strong></span> <span class='ocrx_word' id='word_1_238' title='bbox 671 3347 852 3391; x_wconf 88' lang='lat' dir='ltr'><strong>actum</strong></span> <span class='ocrx_word' id='word_1_239' title='bbox 894 3347 995 3396; x_wconf 89' lang='lat' dir='ltr'><strong>est,</strong></span> <span class='ocrx_word' id='word_1_240' title='bbox 1048 3347 1107 3391; x_wconf 92' lang='lat' dir='ltr'><strong>ut</strong></span> <span class='ocrx_word' id='word_1_241' title='bbox 1144 3350 1327 3390; x_wconf 88' lang='lat' dir='ltr'><strong>sermo</strong></span> <span class='ocrx_word' id='word_1_242' title='bbox 1384 3348 1570 3390; x_wconf 89' lang='lat' dir='ltr'><strong>noster</strong></span> <span class='ocrx_word' id='word_1_243' title='bbox 1621 3337 2043 3392; x_wconf 86' lang='lat' dir='ltr'><strong>demonstrabit.</strong></span> 
     </span>
    </p>
   </div>
   <div class='ocr_carea' id='block_1_38' title="bbox 460 3428 2044 3499">
    <p class='ocr_par' dir='ltr' id='par_1_38' title="bbox 460 3428 2044 3499">
     <span class='ocr_line' id='line_1_38' title="bbox 460 3428 2044 3499; baseline 0.001 -15"><span class='ocrx_word' id='word_1_244' title='bbox 460 3428 737 3484; x_wconf 60' lang='lat' dir='ltr'><strong>Estivum</strong></span> <span class='ocrx_word' id='word_1_245' title='bbox 780 3437 995 3497; x_wconf 88' lang='lat' dir='ltr'><strong>tempus</strong></span> <span class='ocrx_word' id='word_1_246' title='bbox 1037 3438 1176 3492; x_wconf 90' lang='lat' dir='ltr'><strong>erat,</strong></span> <span class='ocrx_word' id='word_1_247' title='bbox 1213 3438 1269 3483; x_wconf 90' lang='lat' dir='ltr'><strong>et</strong></span> <span class='ocrx_word' id='word_1_248' title='bbox 1317 3443 1441 3482; x_wconf 89' lang='lat' dir='ltr'><strong>area</strong></span> <span class='ocrx_word' id='word_1_249' title='bbox 1484 3429 1648 3499; x_wconf 82' lang='lat' dir='ltr'><strong>spicis</strong></span> <span class='ocrx_word' id='word_1_250' title='bbox 1679 3431 1855 3499; x_wconf 88' lang='lat' dir='ltr'><strong>plena,</strong></span> <span class='ocrx_word' id='word_1_251' title='bbox 1898 3432 2044 3486; x_wconf 89' lang='lat' dir='ltr'><strong>haud</strong></span> 
     </span>
    </p>
   </div>
   <div class='ocr_carea' id='block_1_39' title="bbox 465 3518 2045 3592">
    <p class='ocr_par' dir='ltr' id='par_1_39' title="bbox 465 3518 2045 3592">
     <span class='ocr_line' id='line_1_39' title="bbox 465 3518 2045 3592; baseline 0.001 -18"><span class='ocrx_word' id='word_1_252' title='bbox 465 3521 693 3589; x_wconf 87' lang='lat' dir='ltr'><strong>quidem</strong></span> <span class='ocrx_word' id='word_1_253' title='bbox 741 3518 1116 3574; x_wconf 85' lang='lat' dir='ltr'><strong>incolumibus</strong></span> <span class='ocrx_word' id='word_1_254' title='bbox 1155 3530 1210 3573; x_wconf 91' lang='lat' dir='ltr'><strong>et</strong></span> <span class='ocrx_word' id='word_1_255' title='bbox 1261 3520 1314 3572; x_wconf 92' lang='lat' dir='ltr'><strong>in</strong></span> <span class='ocrx_word' id='word_1_256' title='bbox 1350 3534 1445 3589; x_wconf 89' lang='lat' dir='ltr'><strong>spe</strong></span> <span class='ocrx_word' id='word_1_257' title='bbox 1494 3520 1673 3573; x_wconf 90' lang='lat' dir='ltr'><strong>adhuc</strong></span> <span class='ocrx_word' id='word_1_258' title='bbox 1707 3522 1918 3592; x_wconf 87' lang='lat' dir='ltr'><strong>positis,</strong></span> <span class='ocrx_word' id='word_1_259' title='bbox 1951 3524 2045 3577; x_wconf 87' lang='lat' dir='ltr'><strong>sed</strong></span> 
     </span>
    </p>
   </div>
   <div class='ocr_carea' id='block_1_40' title="bbox 462 3596 2049 3680">
    <p class='ocr_par' dir='ltr' id='par_1_40' title="bbox 462 3596 2049 3680">
     <span class='ocr_line' id='line_1_40' title="bbox 462 3596 2049 3680; baseline 0 -15"><span class='ocrx_word' id='word_1_260' title='bbox 462 3614 575 3680; x_wconf 89' lang='lat' dir='ltr'><strong>jatn</strong></span> <span class='ocrx_word' id='word_1_261' title='bbox 611 3611 870 3674; x_wconf 84' lang='lat' dir='ltr'><strong>deseCtis,</strong></span> <span class='ocrx_word' id='word_1_262' title='bbox 912 3619 965 3665; x_wconf 90' lang='lat' dir='ltr'><strong>ct</strong></span> <span class='ocrx_word' id='word_1_263' title='bbox 1004 3610 1067 3663; x_wconf 89' lang='lat' dir='ltr'><strong>ad</strong></span> <span class='ocrx_word' id='word_1_264' title='bbox 1112 3609 1279 3663; x_wconf 89' lang='lat' dir='ltr'><strong>tritici</strong></span> <span class='ocrx_word' id='word_1_265' title='bbox 1304 3596 1671 3664; x_wconf 78' lang='lat' dir='ltr'><strong>secretionem</strong></span> <span class='ocrx_word' id='word_1_266' title='bbox 1707 3613 1929 3679; x_wconf 85' lang='lat' dir='ltr'><strong>paratis.</strong></span> <span class='ocrx_word' id='word_1_267' title='bbox 1981 3613 2049 3668; x_wconf 89' lang='lat' dir='ltr'><strong>Ut</strong></span> 
     </span>
    </p>
   </div>
   <div class='ocr_carea' id='block_1_41' title="bbox 471 3700 2049 3774">
    <p class='ocr_par' dir='ltr' id='par_1_41' title="bbox 471 3700 2049 3774">
     <span class='ocr_line' id='line_1_41' title="bbox 471 3700 2049 3774; baseline 0.001 -18"><span class='ocrx_word' id='word_1_268' title='bbox 471 3719 655 3756; x_wconf 82' lang='lat' dir='ltr'><strong>autem</strong></span> <span class='ocrx_word' id='word_1_269' title='bbox 693 3718 836 3772; x_wconf 72' lang='lat' dir='ltr'><strong>saepe</strong></span> <span class='ocrx_word' id='word_1_270' title='bbox 864 3700 1157 3771; x_wconf 80' lang='lat' dir='ltr'><strong>contingit.</strong></span> <span class='ocrx_word' id='word_1_271' title='bbox 1198 3718 1265 3756; x_wconf 91' lang='lat' dir='ltr'><strong>cn</strong></span> <span class='ocrx_word' id='word_1_272' title='bbox 1298 3710 1525 3771; x_wconf 82' lang='lat' dir='ltr'><strong>repente</strong></span> <span class='ocrx_word' id='word_1_273' title='bbox 1565 3702 1793 3756; x_wconf 89' lang='lat' dir='ltr'><strong>nubium</strong></span> <span class='ocrx_word' id='word_1_274' title='bbox 1827 3705 2049 3774; x_wconf 76' lang='lat' dir='ltr'><strong>conglo-</strong></span> 
     </span>
    </p>
   </div>
   <div class='ocr_carea' id='block_1_42' title="bbox 472 3794 2051 3863">
    <p class='ocr_par' dir='ltr' id='par_1_42' title="bbox 472 3794 2051 3863">
     <span class='ocr_line' id='line_1_42' title="bbox 472 3794 2051 3863; baseline 0.001 -15"><span class='ocrx_word' id='word_1_275' title='bbox 472 3795 746 3859; x_wconf 85' lang='lat' dir='ltr'><strong>bationes,</strong></span> <span class='ocrx_word' id='word_1_276' title='bbox 786 3804 841 3847; x_wconf 93' lang='lat' dir='ltr'><strong>et</strong></span> <span class='ocrx_word' id='word_1_277' title='bbox 881 3794 1134 3847; x_wconf 90' lang='lat' dir='ltr'><strong>turbines</strong></span> <span class='ocrx_word' id='word_1_278' title='bbox 1178 3803 1339 3863; x_wconf 90' lang='lat' dir='ltr'><strong>atque</strong></span> <span class='ocrx_word' id='word_1_279' title='bbox 1391 3795 1653 3856; x_wconf 89' lang='lat' dir='ltr'><strong>tonitrua,</strong></span> <span class='ocrx_word' id='word_1_280' title='bbox 1698 3804 1749 3847; x_wconf 91' lang='lat' dir='ltr'><strong>et</strong></span> <span class='ocrx_word' id='word_1_281' title='bbox 1811 3797 2051 3850; x_wconf 73' lang='lat' dir='ltr'><strong>tenebra:</strong></span> 
     </span>
    </p>
   </div>
   <div class='ocr_carea' id='block_1_43' title="bbox 465 3883 2050 3960">
    <p class='ocr_par' dir='ltr' id='par_1_43' title="bbox 465 3883 2050 3960">
     <span class='ocr_line' id='line_1_43' title="bbox 465 3883 2050 3960; baseline 0.001 -22"><span class='ocrx_word' id='word_1_282' title='bbox 465 3900 647 3938; x_wconf 86' lang='lat' dir='ltr'><strong>acrem</strong></span> <span class='ocrx_word' id='word_1_283' title='bbox 697 3885 1076 3960; x_wconf 80' lang='lat' dir='ltr'><strong>obscurantes.</strong></span> <span class='ocrx_word' id='word_1_284' title='bbox 1105 3883 1462 3955; x_wconf 80' lang='lat' dir='ltr'><strong>Nigrescebat</strong></span> <span class='ocrx_word' id='word_1_285' title='bbox 1506 3885 1728 3948; x_wconf 66' lang='lat' dir='ltr'><strong>cer-lum,</strong></span> <span class='ocrx_word' id='word_1_286' title='bbox 1766 3895 1823 3939; x_wconf 91' lang='lat' dir='ltr'><strong>et</strong></span> <span class='ocrx_word' id='word_1_287' title='bbox 1868 3886 2050 3955; x_wconf 86' lang='lat' dir='ltr'><strong>pluvia</strong></span> 
     </span>
    </p>
   </div>
   <div class='ocr_carea' id='block_1_44' title="bbox 465 3974 2049 4045">
    <p class='ocr_par' dir='ltr' id='par_1_44' title="bbox 465 3974 2049 4045">
     <span class='ocr_line' id='line_1_44' title="bbox 465 3974 2049 4045; baseline 0.002 -18"><span class='ocrx_word' id='word_1_288' title='bbox 465 3990 573 4027; x_wconf 87' lang='lat' dir='ltr'><strong>non</strong></span> <span class='ocrx_word' id='word_1_289' title='bbox 614 3975 792 4028; x_wconf 84' lang='lat' dir='ltr'><strong>solum</strong></span> <span class='ocrx_word' id='word_1_290' title='bbox 834 3974 1176 4037; x_wconf 81' lang='lat' dir='ltr'><strong>imminebat,</strong></span> <span class='ocrx_word' id='word_1_291' title='bbox 1215 3976 1309 4028; x_wconf 84' lang='lat' dir='ltr'><strong>sed</strong></span> <span class='ocrx_word' id='word_1_292' title='bbox 1348 3974 1461 4045; x_wconf 89' lang='lat' dir='ltr'><strong>jam</strong></span> <span class='ocrx_word' id='word_1_293' title='bbox 1484 3975 1692 4028; x_wconf 86' lang='lat' dir='ltr'><strong>circum</strong></span> <span class='ocrx_word' id='word_1_294' title='bbox 1722 3978 1914 4045; x_wconf 88' lang='lat' dir='ltr'><strong>pluere</strong></span> <span class='ocrx_word' id='word_1_295' title='bbox 1933 3994 2049 4033; x_wconf 87' lang='lat' dir='ltr'><strong>cer-</strong></span> 
     </span>
    </p>
   </div>
   <div class='ocr_carea' id='block_1_45' title="bbox 463 4062 2049 4138">
    <p class='ocr_par' dir='ltr' id='par_1_45' title="bbox 463 4062 2049 4138">
     <span class='ocr_line' id='line_1_45' title="bbox 463 4062 2049 4138; baseline 0.001 -18"><span class='ocrx_word' id='word_1_296' title='bbox 463 4068 719 4121; x_wconf 87' lang='lat' dir='ltr'><strong>nebatur.</strong></span> <span class='ocrx_word' id='word_1_297' title='bbox 736 4066 1057 4135; x_wconf 81' lang='lat' dir='ltr'><strong>Desperatio</strong></span> <span class='ocrx_word' id='word_1_298' title='bbox 1071 4081 1201 4119; x_wconf 86' lang='lat' dir='ltr'><strong>vero</strong></span> <span class='ocrx_word' id='word_1_299' title='bbox 1226 4062 1540 4135; x_wconf 73' lang='lat' dir='ltr'><strong>mmroque</strong></span> <span class='ocrx_word' id='word_1_300' title='bbox 1564 4066 1748 4136; x_wconf 78' lang='lat' dir='ltr'><strong>gravis</strong></span> <span class='ocrx_word' id='word_1_301' title='bbox 1769 4067 2049 4138; x_wconf 83' lang='lat' dir='ltr'><strong>operarios</strong></span> 
     </span>
    </p>
   </div>
   <div class='ocr_carea' id='block_1_46' title="bbox 465 4148 2049 4226">
    <p class='ocr_par' dir='ltr' id='par_1_46' title="bbox 465 4148 2049 4226">
     <span class='ocr_line' id='line_1_46' title="bbox 465 4148 2049 4226; baseline 0 -16"><span class='ocrx_word' id='word_1_302' title='bbox 465 4157 799 4217; x_wconf 86' lang='lat' dir='ltr'><strong>invadebat;</strong></span> <span class='ocrx_word' id='word_1_303' title='bbox 834 4156 1018 4226; x_wconf 87' lang='lat' dir='ltr'><strong>utjam</strong></span> <span class='ocrx_word' id='word_1_304' title='bbox 1044 4154 1399 4223; x_wconf 72' lang='lat' dir='ltr'><strong>blasphemia:</strong></span> <span class='ocrx_word' id='word_1_305' title='bbox 1427 4148 1820 4222; x_wconf 83' lang='lat' dir='ltr'><strong>etnicarent,et</strong></span> <span class='ocrx_word' id='word_1_306' title='bbox 1849 4167 2049 4212; x_wconf 57' lang='lat' dir='ltr'><strong>extera</strong></span> 
     </span>
    </p>
   </div>
   <div class='ocr_carea' id='block_1_47' title="bbox 467 4236 2050 4315">
    <p class='ocr_par' dir='ltr' id='par_1_47' title="bbox 467 4236 2050 4315">
     <span class='ocr_line' id='line_1_47' title="bbox 467 4236 2050 4315; baseline -0.001 -16"><span class='ocrx_word' id='word_1_307' title='bbox 467 4259 589 4315; x_wconf 72' lang='lat' dir='ltr'><strong>quae</strong></span> <span class='ocrx_word' id='word_1_308' title='bbox 621 4246 866 4300; x_wconf 86' lang='lat' dir='ltr'><strong>dolorem</strong></span> <span class='ocrx_word' id='word_1_309' title='bbox 900 4247 1259 4300; x_wconf 82' lang='lat' dir='ltr'><strong>comitantur.</strong></span> <span class='ocrx_word' id='word_1_310' title='bbox 1290 4236 1505 4298; x_wconf 71' lang='lat' dir='ltr'><strong>Aderat</strong></span> <span class='ocrx_word' id='word_1_311' title='bbox 1537 4244 1622 4297; x_wconf 88' lang='lat' dir='ltr'><strong>vir</strong></span> <span class='ocrx_word' id='word_1_312' title='bbox 1654 4247 1769 4315; x_wconf 87' lang='lat' dir='ltr'><strong>ipse</strong></span> <span class='ocrx_word' id='word_1_313' title='bbox 1798 4242 1890 4298; x_wconf 87' lang='lat' dir='ltr'><strong>Dei</strong></span> <span class='ocrx_word' id='word_1_314' title='bbox 1913 4260 2050 4315; x_wconf 85' lang='lat' dir='ltr'><strong>cpe-</strong></span> 
     </span>
    </p>
   </div>
   <div class='ocr_carea' id='block_1_48' title="bbox 468 4334 2049 4404">
    <p class='ocr_par' dir='ltr' id='par_1_48' title="bbox 468 4334 2049 4404">
     <span class='ocr_line' id='line_1_48' title="bbox 468 4334 2049 4404; baseline -0.002 -14"><span class='ocrx_word' id='word_1_315' title='bbox 468 4338 648 4390; x_wconf 85' lang='lat' dir='ltr'><strong>rarios</strong></span> <span class='ocrx_word' id='word_1_316' title='bbox 676 4335 1023 4400; x_wconf 89' lang='lat' dir='ltr'><strong>confortans,</strong></span> <span class='ocrx_word' id='word_1_317' title='bbox 1073 4345 1127 4389; x_wconf 89' lang='lat' dir='ltr'><strong>et</strong></span> <span class='ocrx_word' id='word_1_318' title='bbox 1166 4335 1506 4389; x_wconf 84' lang='lat' dir='ltr'><strong>alacritatem</strong></span> <span class='ocrx_word' id='word_1_319' title='bbox 1538 4335 1691 4404; x_wconf 91' lang='lat' dir='ltr'><strong>operi</strong></span> <span class='ocrx_word' id='word_1_320' title='bbox 1727 4334 2049 4404; x_wconf 72' lang='lat' dir='ltr'><strong>subiiciens.</strong></span> 
     </span>
    </p>
   </div>
   <div class='ocr_carea' id='block_1_49' title="bbox 467 4420 2052 4499">
    <p class='ocr_par' dir='ltr' id='par_1_49' title="bbox 467 4420 2052 4499">
     <span class='ocr_line' id='line_1_49' title="bbox 467 4420 2052 4499; baseline -0.002 -15"><span class='ocrx_word' id='word_1_321' title='bbox 467 4431 545 4484; x_wconf 77' lang='lat' dir='ltr'><strong>Ac</strong></span> <span class='ocrx_word' id='word_1_322' title='bbox 580 4429 758 4499; x_wconf 86' lang='lat' dir='ltr'><strong>primo</strong></span> <span class='ocrx_word' id='word_1_323' title='bbox 799 4427 1021 4499; x_wconf 89' lang='lat' dir='ltr'><strong>quidem</strong></span> <span class='ocrx_word' id='word_1_324' title='bbox 1062 4426 1386 4482; x_wconf 75' lang='lat' dir='ltr'><strong>&#39;monitoriis</strong></span> <span class='ocrx_word' id='word_1_325' title='bbox 1424 4427 1607 4481; x_wconf 83' lang='lat' dir='ltr'><strong>verbis</strong></span> <span class='ocrx_word' id='word_1_326' title='bbox 1665 4420 1733 4481; x_wconf 88' lang='lat' dir='ltr'><strong>ab</strong></span> <span class='ocrx_word' id='word_1_327' title='bbox 1781 4426 2052 4499; x_wconf 85' lang='lat' dir='ltr'><strong>ejusmodi</strong></span> 
     </span>
    </p>
   </div>
   <div class='ocr_carea' id='block_1_50' title="bbox 467 4508 2053 4587">
    <p class='ocr_par' dir='ltr' id='par_1_50' title="bbox 467 4508 2053 4587">
     <span class='ocr_line' id='line_1_50' title="bbox 467 4508 2053 4587; baseline 0 -16"><span class='ocrx_word' id='word_1_328' title='bbox 467 4518 717 4574; x_wconf 87' lang='lat' dir='ltr'><strong>dicteriis</strong></span> <span class='ocrx_word' id='word_1_329' title='bbox 744 4517 1106 4586; x_wconf 88' lang='lat' dir='ltr'><strong>prohibebat,</strong></span> <span class='ocrx_word' id='word_1_330' title='bbox 1143 4524 1197 4571; x_wconf 87' lang='lat' dir='ltr'><strong>et</strong></span> <span class='ocrx_word' id='word_1_331' title='bbox 1231 4517 1478 4570; x_wconf 74' lang='lat' dir='ltr'><strong>dolorem</strong></span> <span class='ocrx_word' id='word_1_332' title='bbox 1510 4508 1815 4587; x_wconf 79' lang='lat' dir='ltr'><strong>mitigabat,</strong></span> <span class='ocrx_word' id='word_1_333' title='bbox 1852 4515 2053 4571; x_wconf 89' lang='lat' dir='ltr'><strong>deinde</strong></span> 
     </span>
    </p>
   </div>
   <div class='ocr_carea' id='block_1_51' title="bbox 2146 625 3727 699">
    <p class='ocr_par' dir='ltr' id='par_1_51' title="bbox 2146 625 3727 699">
     <span class='ocr_line' id='line_1_51' title="bbox 2146 625 3727 699; baseline 0.004 -21"><span class='ocrx_word' id='word_1_334' title='bbox 2146 643 2196 679; x_wconf 86' lang='grc' dir='ltr'><strong>τι</strong></span> <span class='ocrx_word' id='word_1_335' title='bbox 2243 630 2301 679; x_wconf 83' lang='grc' dir='ltr'>ὲν</span> <span class='ocrx_word' id='word_1_336' title='bbox 2335 629 2401 697; x_wconf 78' lang='grc' dir='ltr'>τῇ</span> <span class='ocrx_word' id='word_1_337' title='bbox 2448 627 2592 696; x_wconf 75' lang='grc' dir='ltr'>χειρὶ</span> <span class='ocrx_word' id='word_1_338' title='bbox 2657 625 2735 695; x_wconf 79' lang='grc' dir='ltr'><strong>τῷ</strong></span> <span class='ocrx_word' id='word_1_339' title='bbox 2789 626 3047 696; x_wconf 77' lang='grc' dir='ltr'><strong>μακαρίῳ</strong></span> <span class='ocrx_word' id='word_1_340' title='bbox 3102 626 3323 693; x_wconf 83' lang='grc' dir='ltr'>δέδωκε,</span> <span class='ocrx_word' id='word_1_341' title='bbox 3379 627 3535 699; x_wconf 76' lang='grc' dir='ltr'>ξένην</span> <span class='ocrx_word' id='word_1_342' title='bbox 3602 633 3727 685; x_wconf 66' lang='grc' dir='ltr'>τινὰ</span> 
     </span>
    </p>
   </div>
   <div class='ocr_carea' id='block_1_52' title="bbox 2148 714 3726 791">
    <p class='ocr_par' dir='ltr' id='par_1_52' title="bbox 2148 714 3726 791">
     <span class='ocr_line' id='line_1_52' title="bbox 2148 714 3726 791; baseline 0.003 -20"><span class='ocrx_word' id='word_1_343' title='bbox 2148 718 2380 771; x_wconf 73' lang='grc' dir='ltr'>εὐωδίαν</span> <span class='ocrx_word' id='word_1_344' title='bbox 2436 714 2790 786; x_wconf 80' lang='grc' dir='ltr'>ἀποπέμπον.</span> <span class='ocrx_word' id='word_1_345' title='bbox 2850 717 2958 769; x_wconf 82' lang='grc' dir='ltr'><strong>Τοῦ</strong></span> <span class='ocrx_word' id='word_1_346' title='bbox 3003 716 3175 772; x_wconf 74' lang='grc' dir='ltr'>ὕπνου</span> <span class='ocrx_word' id='word_1_347' title='bbox 3207 714 3301 771; x_wconf 85' lang='grc' dir='ltr'>οὖν</span> <span class='ocrx_word' id='word_1_348' title='bbox 3334 720 3430 773; x_wconf 76' lang='grc' dir='ltr'>σὺν</span> <span class='ocrx_word' id='word_1_349' title='bbox 3484 720 3726 791; x_wconf 81' lang='grc' dir='ltr'><strong>θαύματι</strong></span> 
     </span>
    </p>
   </div>
   <div class='ocr_carea' id='block_1_53' title="bbox 2145 802 3728 889">
    <p class='ocr_par' dir='ltr' id='par_1_53' title="bbox 2145 802 3728 889">
     <span class='ocr_line' id='line_1_53' title="bbox 2145 802 3728 889; baseline 0.008 -29"><span class='ocrx_word' id='word_1_350' title='bbox 2145 810 2380 874; x_wconf 77' lang='grc' dir='ltr'>ἀνεθεὶς,</span> <span class='ocrx_word' id='word_1_351' title='bbox 2404 810 2464 862; x_wconf 82' lang='grc' dir='ltr'>τὸ</span> <span class='ocrx_word' id='word_1_352' title='bbox 2496 802 2785 863; x_wconf 81' lang='grc' dir='ltr'>κελευσθὲν</span> <span class='ocrx_word' id='word_1_353' title='bbox 2817 812 3152 877; x_wconf 79' lang='grc' dir='ltr'>άδιστάκτως</span> <span class='ocrx_word' id='word_1_354' title='bbox 3196 814 3392 880; x_wconf 75' lang='grc' dir='ltr'>ἐποίει,</span> <span class='ocrx_word' id='word_1_355' title='bbox 3426 818 3519 871; x_wconf 74' lang='grc' dir='ltr'><strong>καὶ</strong></span> <span class='ocrx_word' id='word_1_356' title='bbox 3564 820 3621 871; x_wconf 85' lang='grc' dir='ltr'>ὲν</span> <span class='ocrx_word' id='word_1_357' title='bbox 3649 819 3728 889; x_wconf 84' lang='grc' dir='ltr'>τῷ</span> 
     </span>
    </p>
   </div>
   <div class='ocr_carea' id='block_1_54' title="bbox 2150 898 3728 978">
    <p class='ocr_par' dir='ltr' id='par_1_54' title="bbox 2150 898 3728 978">
     <span class='ocr_line' id='line_1_54' title="bbox 2150 898 3728 978; baseline 0.004 -27"><span class='ocrx_word' id='word_1_358' title='bbox 2150 898 2497 970; x_wconf 72' lang='grc' dir='ltr'>μοναστηρίῳ</span> <span class='ocrx_word' id='word_1_359' title='bbox 2529 900 2838 971; x_wconf 72' lang='grc' dir='ltr'>ὑπέστρεφε</span> <span class='ocrx_word' id='word_1_360' title='bbox 2871 904 3126 974; x_wconf 84' lang='grc' dir='ltr'>χρηστῶν</span> <span class='ocrx_word' id='word_1_361' title='bbox 3165 903 3402 959; x_wconf 76' lang='grc' dir='ltr'>ἐλπίδων</span> <span class='ocrx_word' id='word_1_362' title='bbox 3426 908 3728 978; x_wconf 68' lang='grc' dir='ltr'>’ἐμπεπλη-</span> 
     </span>
    </p>
   </div>
   <div class='ocr_carea' id='block_1_55' title="bbox 2148 990 3730 1066">
    <p class='ocr_par' dir='ltr' id='par_1_55' title="bbox 2148 990 3730 1066">
     <span class='ocr_line' id='line_1_55' title="bbox 2148 990 3730 1066; baseline 0.006 -23"><span class='ocrx_word' id='word_1_363' title='bbox 2148 993 2367 1062; x_wconf 78' lang='grc' dir='ltr'>σμένος.</span> <span class='ocrx_word' id='word_1_364' title='bbox 2415 994 2808 1063; x_wconf 76' lang='grc' dir='ltr'>’Υποστρέφων</span> <span class='ocrx_word' id='word_1_365' title='bbox 2855 995 2912 1048; x_wconf 66' lang='grc' dir='ltr'>δὲ</span> <span class='ocrx_word' id='word_1_366' title='bbox 2942 996 3046 1066; x_wconf 82' lang='grc' dir='ltr'>ὁρᾷ</span> <span class='ocrx_word' id='word_1_367' title='bbox 3077 1013 3199 1049; x_wconf 86' lang='grc' dir='ltr'>τινα</span> <span class='ocrx_word' id='word_1_368' title='bbox 3224 990 3317 1051; x_wconf 74' lang='grc' dir='ltr'><strong>τοῦ</strong></span> <span class='ocrx_word' id='word_1_369' title='bbox 3358 998 3564 1061; x_wconf 78' lang='grc' dir='ltr'>ἄστεως</span> <span class='ocrx_word' id='word_1_370' title='bbox 3589 999 3730 1053; x_wconf 85' lang='grc' dir='ltr'>Του-</span> 
     </span>
    </p>
   </div>
   <div class='ocr_carea' id='block_1_56' title="bbox 2148 1074 3733 1153">
    <p class='ocr_par' dir='ltr' id='par_1_56' title="bbox 2148 1074 3733 1153">
     <span class='ocr_line' id='line_1_56' title="bbox 2148 1074 3733 1153; baseline 0.006 -20"><span class='ocrx_word' id='word_1_371' title='bbox 2148 1082 2450 1152; x_wconf 84' lang='grc' dir='ltr'>σκουλάνης</span> <span class='ocrx_word' id='word_1_372' title='bbox 2502 1083 2903 1153; x_wconf 79' lang='grc' dir='ltr'>κατερχόμενον</span> <span class='ocrx_word' id='word_1_373' title='bbox 2929 1100 2944 1116; x_wconf 77' lang='grc' dir='ltr'><strong>ο</strong></span> <span class='ocrx_word' id='word_1_374' title='bbox 2972 1074 3033 1138; x_wconf 76' lang='grc' dir='ltr'><strong>δν</strong></span> <span class='ocrx_word' id='word_1_375' title='bbox 3083 1086 3250 1151; x_wconf 71' lang='grc' dir='ltr'>ἰδὼν,</span> <span class='ocrx_word' id='word_1_376' title='bbox 3302 1092 3413 1151; x_wconf 83' lang='grc' dir='ltr'>τοῖς</span> <span class='ocrx_word' id='word_1_377' title='bbox 3478 1088 3733 1142; x_wconf 74' lang='grc' dir='ltr'>συνοῦσιν</span> 
     </span>
    </p>
   </div>
   <div class='ocr_carea' id='block_1_57' title="bbox 2146 1171 3733 1251">
    <p class='ocr_par' dir='ltr' id='par_1_57' title="bbox 2146 1171 3733 1251">
     <span class='ocr_line' id='line_1_57' title="bbox 2146 1171 3733 1251; baseline 0.005 -25"><span class='ocrx_word' id='word_1_378' title='bbox 2146 1174 2329 1243; x_wconf 71' lang='grc' dir='ltr'>ἡρέμα</span> <span class='ocrx_word' id='word_1_379' title='bbox 2365 1176 2748 1247; x_wconf 69' lang='grc' dir='ltr'>ἐπιστραφεὶς,</span> <span class='ocrx_word' id='word_1_380' title='bbox 2771 1171 2960 1242; x_wconf 75' lang='grc' dir='ltr'>Οὗτος,</span> <span class='ocrx_word' id='word_1_381' title='bbox 2999 1179 3125 1248; x_wconf 76' lang='grc' dir='ltr'><strong>ἔφη,</strong></span> <span class='ocrx_word' id='word_1_382' title='bbox 3156 1180 3450 1249; x_wconf 79' lang='grc' dir='ltr'>εὐαγγέλια</span> <span class='ocrx_word' id='word_1_383' title='bbox 3475 1182 3601 1251; x_wconf 75' lang='grc' dir='ltr'>ἣκει</span> <span class='ocrx_word' id='word_1_384' title='bbox 3631 1199 3698 1234; x_wconf 84' lang='grc' dir='ltr'>κο</span> <span class='ocrx_word' id='word_1_385' title='bbox 3718 1210 3733 1221; x_wconf 86' lang='lat'><strong>-</strong></span> 
     </span>
    </p>
   </div>
   <div class='ocr_carea' id='block_1_58' title="bbox 2150 1264 3734 1344">
    <p class='ocr_par' dir='ltr' id='par_1_58' title="bbox 2150 1264 3734 1344">
     <span class='ocr_line' id='line_1_58' title="bbox 2150 1264 3734 1344; baseline 0.007 -28"><span class='ocrx_word' id='word_1_386' title='bbox 2150 1267 2341 1335; x_wconf 73' lang='grc' dir='ltr'>μίζων.</span> <span class='ocrx_word' id='word_1_387' title='bbox 2382 1268 2494 1320; x_wconf 76' lang='grc' dir='ltr'><strong>Καὶ</strong></span> <span class='ocrx_word' id='word_1_388' title='bbox 2518 1270 2627 1340; x_wconf 73' lang='grc' dir='ltr'><strong>γὰρ</strong></span> <span class='ocrx_word' id='word_1_389' title='bbox 2648 1264 2716 1339; x_wconf 79' lang='grc' dir='ltr'>ἦν</span> <span class='ocrx_word' id='word_1_390' title='bbox 2738 1271 2955 1338; x_wconf 75' lang='grc' dir='ltr'>άληθῶς</span> <span class='ocrx_word' id='word_1_391' title='bbox 2992 1272 3480 1344; x_wconf 79' lang='grc' dir='ltr'><strong>εὐαγγελιζόμενος</strong></span> <span class='ocrx_word' id='word_1_392' title='bbox 3533 1277 3734 1328; x_wconf 61' lang='grc' dir='ltr'>ὲκατδν</span> 
     </span>
    </p>
   </div>
   <div class='ocr_carea' id='block_1_59' title="bbox 2152 1358 3735 1436">
    <p class='ocr_par' dir='ltr' id='par_1_59' title="bbox 2152 1358 3735 1436">
     <span class='ocr_line' id='line_1_59' title="bbox 2152 1358 3735 1436; baseline 0.006 -27"><span class='ocrx_word' id='word_1_393' title='bbox 2152 1358 2373 1428; x_wconf 84' lang='grc' dir='ltr'>μοδίους</span> <span class='ocrx_word' id='word_1_394' title='bbox 2444 1364 2592 1412; x_wconf 81' lang='grc' dir='ltr'>σίτου</span> <span class='ocrx_word' id='word_1_395' title='bbox 2653 1362 2804 1431; x_wconf 78' lang='grc' dir='ltr'>παρὰ</span> <span class='ocrx_word' id='word_1_396' title='bbox 2847 1362 2942 1415; x_wconf 86' lang='grc' dir='ltr'>τοῦ</span> <span class='ocrx_word' id='word_1_397' title='bbox 2999 1363 3261 1434; x_wconf 79' lang='grc' dir='ltr'>ἄρχοντος</span> <span class='ocrx_word' id='word_1_398' title='bbox 3303 1365 3594 1436; x_wconf 80' lang='grc' dir='ltr'>δωρεῖσθαι</span> <span class='ocrx_word' id='word_1_399' title='bbox 3649 1367 3735 1435; x_wconf 84' lang='grc' dir='ltr'>τῷ</span> 
     </span>
    </p>
   </div>
   <div class='ocr_carea' id='block_1_60' title="bbox 2150 1449 3730 1530">
    <p class='ocr_par' dir='ltr' id='par_1_60' title="bbox 2150 1449 3730 1530">
     <span class='ocr_line' id='line_1_60' title="bbox 2150 1449 3730 1530; baseline 0.005 -28"><span class='ocrx_word' id='word_1_400' title='bbox 2150 1451 2421 1521; x_wconf 76' lang='grc' dir='ltr'>μακαρίῳ.</span> <span class='ocrx_word' id='word_1_401' title='bbox 2465 1452 2690 1506; x_wconf 82' lang='grc' dir='ltr'>Ἐκτοτε</span> <span class='ocrx_word' id='word_1_402' title='bbox 2719 1449 2812 1506; x_wconf 76' lang='grc' dir='ltr'>οὖν</span> <span class='ocrx_word' id='word_1_403' title='bbox 2833 1455 3020 1508; x_wconf 72' lang='grc' dir='ltr'>ἄνετον</span> <span class='ocrx_word' id='word_1_404' title='bbox 3048 1454 3192 1525; x_wconf 70' lang='grc' dir='ltr'>ἔχων</span> <span class='ocrx_word' id='word_1_405' title='bbox 3223 1456 3321 1527; x_wconf 79' lang='grc' dir='ltr'>τὴν</span> <span class='ocrx_word' id='word_1_406' title='bbox 3345 1461 3525 1530; x_wconf 76' lang='grc' dir='ltr'>χεῖρα,</span> <span class='ocrx_word' id='word_1_407' title='bbox 3550 1458 3730 1527; x_wconf 57' lang='lat'><strong>6.2.606-</strong></span> 
     </span>
    </p>
   </div>
   <div class='ocr_carea' id='block_1_61' title="bbox 2154 1540 3733 1620">
    <p class='ocr_par' dir='ltr' id='par_1_61' title="bbox 2154 1540 3733 1620">
     <span class='ocr_line' id='line_1_61' title="bbox 2154 1540 3733 1620; baseline 0.004 -25"><span class='ocrx_word' id='word_1_408' title='bbox 2154 1562 2259 1606; x_wconf 86' lang='grc' dir='ltr'><strong>νως</strong></span> <span class='ocrx_word' id='word_1_409' title='bbox 2289 1540 2356 1614; x_wconf 73' lang='grc' dir='ltr'>ἦν</span> <span class='ocrx_word' id='word_1_410' title='bbox 2413 1545 2671 1615; x_wconf 69' lang='grc' dir='ltr'>χορηγὸς,</span> <span class='ocrx_word' id='word_1_411' title='bbox 2705 1545 2825 1615; x_wconf 84' lang='grc' dir='ltr'><strong>Θεῷ</strong></span> <span class='ocrx_word' id='word_1_412' title='bbox 2857 1548 3155 1611; x_wconf 83' lang='grc' dir='ltr'>πεποιθὼς.</span> <span class='ocrx_word' id='word_1_413' title='bbox 3200 1551 3292 1602; x_wconf 74' lang='grc' dir='ltr'><strong>καὶ</strong></span> <span class='ocrx_word' id='word_1_414' title='bbox 3322 1549 3398 1617; x_wconf 85' lang='grc' dir='ltr'>τῷ</span> <span class='ocrx_word' id='word_1_415' title='bbox 3442 1550 3508 1603; x_wconf 81' lang='grc' dir='ltr'>δι’</span> <span class='ocrx_word' id='word_1_416' title='bbox 3551 1551 3733 1620; x_wconf 67' lang='grc' dir='ltr'>ὅψεως</span> 
     </span>
    </p>
   </div>
   <div class='ocr_carea' id='block_1_62' title="bbox 2146 1636 3735 1713">
    <p class='ocr_par' dir='ltr' id='par_1_62' title="bbox 2146 1636 3735 1713">
     <span class='ocr_line' id='line_1_62' title="bbox 2146 1636 3735 1713; baseline 0.004 -25"><span class='ocrx_word' id='word_1_417' title='bbox 2146 1636 2307 1689; x_wconf 72' lang='grc' dir='ltr'>αὑτὸν</span> <span class='ocrx_word' id='word_1_418' title='bbox 2333 1638 2818 1709; x_wconf 67' lang='grc' dir='ltr'>παραθαρρύναντι</span> <span class='ocrx_word' id='word_1_419' title='bbox 2836 1640 3065 1712; x_wconf 79' lang='grc' dir='ltr'>ίεράρχῃ</span> <span class='ocrx_word' id='word_1_420' title='bbox 3082 1643 3267 1695; x_wconf 74' lang='grc' dir='ltr'>αὑτοῦ.</span> <span class='ocrx_word' id='word_1_421' title='bbox 3287 1641 3527 1713; x_wconf 80' lang='grc' dir='ltr'>Ἀπόχρη</span> <span class='ocrx_word' id='word_1_422' title='bbox 3556 1642 3735 1695; x_wconf 76' lang='grc' dir='ltr'>ταῦτα</span> 
     </span>
    </p>
   </div>
   <div class='ocr_carea' id='block_1_63' title="bbox 2149 1730 3733 1804">
    <p class='ocr_par' dir='ltr' id='par_1_63' title="bbox 2149 1730 3733 1804">
     <span class='ocr_line' id='line_1_63' title="bbox 2149 1730 3733 1804; baseline 0.004 -23"><span class='ocrx_word' id='word_1_423' title='bbox 2149 1731 2285 1799; x_wconf 74' lang='grc' dir='ltr'>πρὸς</span> <span class='ocrx_word' id='word_1_424' title='bbox 2317 1730 2589 1795; x_wconf 62' lang='grc' dir='ltr'>ἀπόδειξιν</span> <span class='ocrx_word' id='word_1_425' title='bbox 2616 1733 2713 1800; x_wconf 84' lang='grc' dir='ltr'>τῆς</span> <span class='ocrx_word' id='word_1_426' title='bbox 2738 1750 2794 1786; x_wconf 80' lang='grc' dir='ltr'><strong>τε</strong></span> <span class='ocrx_word' id='word_1_427' title='bbox 2828 1735 2982 1804; x_wconf 72' lang='grc' dir='ltr'>παρὰ</span> <span class='ocrx_word' id='word_1_428' title='bbox 3014 1735 3104 1787; x_wconf 83' lang='grc' dir='ltr'><strong>τοῦ</strong></span> <span class='ocrx_word' id='word_1_429' title='bbox 3129 1735 3266 1787; x_wconf 79' lang='grc' dir='ltr'>Θεοῦ</span> <span class='ocrx_word' id='word_1_430' title='bbox 3295 1736 3428 1804; x_wconf 77' lang='grc' dir='ltr'>πρὸς</span> <span class='ocrx_word' id='word_1_431' title='bbox 3464 1737 3554 1790; x_wconf 75' lang='grc' dir='ltr'>τὸν</span> <span class='ocrx_word' id='word_1_432' title='bbox 3580 1736 3733 1789; x_wconf 85' lang='grc' dir='ltr'>ὅσιον</span> 
     </span>
    </p>
   </div>
   <div class='ocr_carea' id='block_1_64' title="bbox 2147 1823 3734 1900">
    <p class='ocr_par' dir='ltr' id='par_1_64' title="bbox 2147 1823 3734 1900">
     <span class='ocr_line' id='line_1_64' title="bbox 2147 1823 3734 1900; baseline 0.003 -24"><span class='ocrx_word' id='word_1_433' title='bbox 2147 1824 2389 1893; x_wconf 77' lang='grc' dir='ltr'>ἀγάπης,</span> <span class='ocrx_word' id='word_1_434' title='bbox 2425 1826 2520 1878; x_wconf 72' lang='grc' dir='ltr'><strong>καὶ</strong></span> <span class='ocrx_word' id='word_1_435' title='bbox 2542 1825 2641 1894; x_wconf 78' lang='grc' dir='ltr'>τῆς</span> <span class='ocrx_word' id='word_1_436' title='bbox 2668 1827 2828 1898; x_wconf 81' lang='grc' dir='ltr'><strong>δόξης</strong></span> <span class='ocrx_word' id='word_1_437' title='bbox 2859 1823 2925 1898; x_wconf 74' lang='grc' dir='ltr'>ἦς</span> <span class='ocrx_word' id='word_1_438' title='bbox 2958 1830 3088 1899; x_wconf 80' lang='grc' dir='ltr'>παρ’</span> <span class='ocrx_word' id='word_1_439' title='bbox 3112 1829 3277 1881; x_wconf 78' lang='grc' dir='ltr'>αὑτοῦ</span> <span class='ocrx_word' id='word_1_440' title='bbox 3308 1829 3591 1900; x_wconf 73' lang='grc' dir='ltr'><strong>ἐδοξάσθη,</strong></span> <span class='ocrx_word' id='word_1_441' title='bbox 3630 1831 3734 1883; x_wconf 81' lang='grc' dir='ltr'><strong>καὶ</strong></span> 
     </span>
    </p>
   </div>
   <div class='ocr_carea' id='block_1_65' title="bbox 2929 1918 3729 1992">
    <p class='ocr_par' dir='ltr' id='par_1_65' title="bbox 2929 1918 3729 1992">
     <span class='ocr_line' id='line_1_65' title="bbox 2929 1918 3729 1992; baseline 0.003 -20"><span class='ocrx_word' id='word_1_442' title='bbox 2929 1922 3016 1972; x_wconf 73' lang='grc' dir='ltr'><strong>τὸν</strong></span> <span class='ocrx_word' id='word_1_443' title='bbox 3053 1918 3196 1990; x_wconf 83' lang='grc' dir='ltr'>εἶχον</span> <span class='ocrx_word' id='word_1_444' title='bbox 3246 1922 3343 1992; x_wconf 76' lang='grc' dir='ltr'>τὴν</span> <span class='ocrx_word' id='word_1_445' title='bbox 3398 1919 3729 1991; x_wconf 71' lang='grc' dir='ltr'>οἰκειότητα.</span> 
     </span>
    </p>
   </div>
   <div class='ocr_carea' id='block_1_66' title="bbox 2226 2193 3734 2267">
    <p class='ocr_par' dir='ltr' id='par_1_66' title="bbox 2226 2193 3734 2267">
     <span class='ocr_line' id='line_1_66' title="bbox 2226 2193 3734 2267; baseline 0.002 -22"><span class='ocrx_word' id='word_1_446' title='bbox 2226 2193 2321 2258; x_wconf 81' lang='grc' dir='ltr'>ις’.</span> <span class='ocrx_word' id='word_1_447' title='bbox 2369 2194 2427 2246; x_wconf 85' lang='grc' dir='ltr'>Ὀ</span> <span class='ocrx_word' id='word_1_448' title='bbox 2460 2193 2515 2247; x_wconf 81' lang='grc' dir='ltr'>δὲ</span> <span class='ocrx_word' id='word_1_449' title='bbox 2543 2193 2696 2263; x_wconf 78' lang='grc' dir='ltr'>λόγος</span> <span class='ocrx_word' id='word_1_450' title='bbox 2739 2194 2987 2264; x_wconf 75' lang='grc' dir='ltr'>βούλεται</span> <span class='ocrx_word' id='word_1_451' title='bbox 3020 2196 3111 2249; x_wconf 80' lang='grc' dir='ltr'><strong>καὶ</strong></span> <span class='ocrx_word' id='word_1_452' title='bbox 3151 2195 3447 2264; x_wconf 81' lang='grc' dir='ltr'>θαυμάτων</span> <span class='ocrx_word' id='word_1_453' title='bbox 3491 2199 3734 2267; x_wconf 70' lang='grc' dir='ltr'>ἐπιμνη-</span> 
     </span>
    </p>
   </div>
   <div class='ocr_carea' id='block_1_67' title="bbox 2156 2281 3735 2359">
    <p class='ocr_par' dir='ltr' id='par_1_67' title="bbox 2156 2281 3735 2359">
     <span class='ocr_line' id='line_1_67' title="bbox 2156 2281 3735 2359; baseline 0.002 -20"><span class='ocrx_word' id='word_1_454' title='bbox 2156 2287 2371 2356; x_wconf 77' lang='grc' dir='ltr'>σθῆναι,</span> <span class='ocrx_word' id='word_1_455' title='bbox 2408 2281 2481 2341; x_wconf 80' lang='grc' dir='ltr'>ὧν</span> <span class='ocrx_word' id='word_1_456' title='bbox 2509 2288 2763 2356; x_wconf 82' lang='grc' dir='ltr'>οὺμόνον</span> <span class='ocrx_word' id='word_1_457' title='bbox 2793 2289 2868 2358; x_wconf 79' lang='grc' dir='ltr'>τῷ</span> <span class='ocrx_word' id='word_1_458' title='bbox 2896 2288 2996 2357; x_wconf 72' lang='grc' dir='ltr'>βίῳ</span> <span class='ocrx_word' id='word_1_459' title='bbox 3022 2306 3085 2340; x_wconf 97' lang='grc' dir='ltr'><strong>πε</strong></span> <span class='ocrx_word' id='word_1_460' title='bbox 3098 2288 3301 2355; x_wconf 88' lang='grc' dir='ltr'>ριόντο;</span> <span class='ocrx_word' id='word_1_461' title='bbox 3333 2286 3427 2340; x_wconf 79' lang='grc' dir='ltr'>τοῦ</span> <span class='ocrx_word' id='word_1_462' title='bbox 3455 2290 3735 2359; x_wconf 80' lang='grc' dir='ltr'>μακαρίου</span> 
     </span>
    </p>
   </div>
   <div class='ocr_carea' id='block_1_68' title="bbox 2154 2371 3739 2452">
    <p class='ocr_par' dir='ltr' id='par_1_68' title="bbox 2154 2371 3739 2452">
     <span class='ocr_line' id='line_1_68' title="bbox 2154 2371 3739 2452; baseline 0.001 -21"><span class='ocrx_word' id='word_1_463' title='bbox 2154 2381 2182 2431; x_wconf 86' lang='grc' dir='ltr'><strong>ὁ</strong></span> <span class='ocrx_word' id='word_1_464' title='bbox 2221 2380 2352 2443; x_wconf 69' lang='grc' dir='ltr'>Θεὸς</span> <span class='ocrx_word' id='word_1_465' title='bbox 2382 2381 2449 2434; x_wconf 88' lang='grc' dir='ltr'><strong>δι’</strong></span> <span class='ocrx_word' id='word_1_466' title='bbox 2495 2380 2661 2433; x_wconf 75' lang='grc' dir='ltr'>αὑτοῦ</span> <span class='ocrx_word' id='word_1_467' title='bbox 2715 2383 3027 2451; x_wconf 70' lang='grc' dir='ltr'><strong>εἰργάσατο,</strong></span> <span class='ocrx_word' id='word_1_468' title='bbox 3080 2380 3215 2433; x_wconf 84' lang='grc' dir='ltr'>άλλὰ</span> <span class='ocrx_word' id='word_1_469' title='bbox 3247 2381 3338 2433; x_wconf 70' lang='grc' dir='ltr'><strong>καὶ</strong></span> <span class='ocrx_word' id='word_1_470' title='bbox 3366 2371 3437 2435; x_wconf 78' lang='grc' dir='ltr'><strong>’ἐν</strong></span> <span class='ocrx_word' id='word_1_471' title='bbox 3479 2384 3544 2451; x_wconf 79' lang='grc' dir='ltr'>τῇ</span> <span class='ocrx_word' id='word_1_472' title='bbox 3596 2382 3739 2452; x_wconf 77' lang='grc' dir='ltr'>πρὸς</span> 
     </span>
    </p>
   </div>
   <div class='ocr_carea' id='block_1_69' title="bbox 2153 2471 3736 2545">
    <p class='ocr_par' dir='ltr' id='par_1_69' title="bbox 2153 2471 3736 2545">
     <span class='ocr_line' id='line_1_69' title="bbox 2153 2471 3736 2545; baseline 0 -22"><span class='ocrx_word' id='word_1_473' title='bbox 2153 2472 2316 2523; x_wconf 77' lang='grc' dir='ltr'>αὑτὸν</span> <span class='ocrx_word' id='word_1_474' title='bbox 2341 2472 2597 2542; x_wconf 76' lang='grc' dir='ltr'>ἐκδημίᾳ,</span> <span class='ocrx_word' id='word_1_475' title='bbox 2624 2472 2720 2524; x_wconf 75' lang='grc' dir='ltr'>καί</span> <span class='ocrx_word' id='word_1_476' title='bbox 2750 2472 2887 2541; x_wconf 76' lang='grc' dir='ltr'>μετά</span> <span class='ocrx_word' id='word_1_477' title='bbox 2910 2472 3007 2540; x_wconf 75' lang='grc' dir='ltr'>τῆς</span> <span class='ocrx_word' id='word_1_478' title='bbox 3032 2472 3295 2542; x_wconf 75' lang='grc' dir='ltr'>ἐκδημίας</span> <span class='ocrx_word' id='word_1_479' title='bbox 3331 2471 3395 2545; x_wconf 71' lang='grc' dir='ltr'><strong>[Γ.</strong></span> <span class='ocrx_word' id='word_1_480' title='bbox 3420 2473 3587 2542; x_wconf 76' lang='grc' dir='ltr'><strong>τὴν...</strong></span> <span class='ocrx_word' id='word_1_481' title='bbox 3618 2472 3736 2544; x_wconf 87' lang='grc' dir='ltr'>αν],</span> 
     </span>
    </p>
   </div>
   <div class='ocr_carea' id='block_1_70' title="bbox 2155 2563 3741 2636">
    <p class='ocr_par' dir='ltr' id='par_1_70' title="bbox 2155 2563 3741 2636">
     <span class='ocr_line' id='line_1_70' title="bbox 2155 2563 3741 2636; baseline 0.002 -20"><span class='ocrx_word' id='word_1_482' title='bbox 2155 2564 2353 2633; x_wconf 64' lang='grc' dir='ltr'>πολλὴν</span> <span class='ocrx_word' id='word_1_483' title='bbox 2386 2564 2576 2631; x_wconf 78' lang='grc' dir='ltr'>ἔχοντα</span> <span class='ocrx_word' id='word_1_484' title='bbox 2614 2564 2751 2633; x_wconf 82' lang='grc' dir='ltr'>μετὰ</span> <span class='ocrx_word' id='word_1_485' title='bbox 2801 2564 2895 2616; x_wconf 76' lang='grc' dir='ltr'>τοῦ</span> <span class='ocrx_word' id='word_1_486' title='bbox 2932 2563 3211 2632; x_wconf 75' lang='grc' dir='ltr'><strong>θαύματος</strong></span> <span class='ocrx_word' id='word_1_487' title='bbox 3251 2566 3344 2618; x_wconf 80' lang='grc' dir='ltr'><strong>καὶ</strong></span> <span class='ocrx_word' id='word_1_488' title='bbox 3391 2564 3487 2636; x_wconf 80' lang='grc' dir='ltr'>τὴν</span> <span class='ocrx_word' id='word_1_489' title='bbox 3526 2566 3741 2636; x_wconf 82' lang='grc' dir='ltr'>πληρο-</span> 
     </span>
    </p>
   </div>
   <div class='ocr_carea' id='block_1_71' title="bbox 2154 2654 3739 2727">
    <p class='ocr_par' dir='ltr' id='par_1_71' title="bbox 2154 2654 3739 2727">
     <span class='ocr_line' id='line_1_71' title="bbox 2154 2654 3739 2727; baseline 0.001 -21"><span class='ocrx_word' id='word_1_490' title='bbox 2154 2656 2368 2723; x_wconf 76' lang='grc' dir='ltr'>φορίαν.</span> <span class='ocrx_word' id='word_1_491' title='bbox 2412 2655 2597 2716; x_wconf 78' lang='grc' dir='ltr'>Ἠλίας</span> <span class='ocrx_word' id='word_1_492' title='bbox 2631 2655 2729 2721; x_wconf 80' lang='grc' dir='ltr'>μὲν</span> <span class='ocrx_word' id='word_1_493' title='bbox 2756 2657 2784 2706; x_wconf 97' lang='lat'><strong>6</strong></span> <span class='ocrx_word' id='word_1_494' title='bbox 2805 2654 3069 2724; x_wconf 74' lang='grc' dir='ltr'>Θεσείτης</span> <span class='ocrx_word' id='word_1_495' title='bbox 3093 2655 3431 2724; x_wconf 55' lang='grc' dir='ltr'>θαυμάζεται</span> <span class='ocrx_word' id='word_1_496' title='bbox 3467 2657 3739 2727; x_wconf 76' lang='grc' dir='ltr'>οὐρανοὺς</span> 
     </span>
    </p>
   </div>
   <div class='ocr_carea' id='block_1_72' title="bbox 2155 2745 3741 2820">
    <p class='ocr_par' dir='ltr' id='par_1_72' title="bbox 2155 2745 3741 2820">
     <span class='ocr_line' id='line_1_72' title="bbox 2155 2745 3741 2820; baseline 0.003 -24"><span class='ocrx_word' id='word_1_497' title='bbox 2155 2746 2354 2797; x_wconf 59' lang='grc' dir='ltr'>κὶείειν</span> <span class='ocrx_word' id='word_1_498' title='bbox 2402 2746 2495 2798; x_wconf 74' lang='grc' dir='ltr'>καὶ</span> <span class='ocrx_word' id='word_1_499' title='bbox 2539 2746 2775 2813; x_wconf 77' lang='grc' dir='ltr'>ἀνοίγειν</span> <span class='ocrx_word' id='word_1_500' title='bbox 2812 2745 3012 2815; x_wconf 81' lang='grc' dir='ltr'>λαχὼν,</span> <span class='ocrx_word' id='word_1_501' title='bbox 3063 2748 3153 2800; x_wconf 68' lang='grc' dir='ltr'>καὶ</span> <span class='ocrx_word' id='word_1_502' title='bbox 3191 2748 3393 2801; x_wconf 85' lang='grc' dir='ltr'>Γεδεὼν</span> <span class='ocrx_word' id='word_1_503' title='bbox 3448 2749 3741 2820; x_wconf 75' lang='grc' dir='ltr'><strong>πειράζειν</strong></span> 
     </span>
    </p>
   </div>
   <div class='ocr_carea' id='block_1_73' title="bbox 2153 2832 3742 2909">
    <p class='ocr_par' dir='ltr' id='par_1_73' title="bbox 2153 2832 3742 2909">
     <span class='ocr_line' id='line_1_73' title="bbox 2153 2832 3742 2909; baseline 0.002 -20"><span class='ocrx_word' id='word_1_504' title='bbox 2153 2840 2245 2889; x_wconf 74' lang='grc' dir='ltr'><strong>ἐπὶ</strong></span> <span class='ocrx_word' id='word_1_505' title='bbox 2278 2837 2431 2907; x_wconf 79' lang='grc' dir='ltr'>πόκῳ</span> <span class='ocrx_word' id='word_1_506' title='bbox 2462 2839 2550 2889; x_wconf 74' lang='grc' dir='ltr'><strong>καὶ</strong></span> <span class='ocrx_word' id='word_1_507' title='bbox 2586 2836 2750 2889; x_wconf 82' lang='grc' dir='ltr'>ἆλωνι</span> <span class='ocrx_word' id='word_1_508' title='bbox 2775 2854 2791 2869; x_wconf 87' lang='grc'><strong>·</strong></span> <span class='ocrx_word' id='word_1_509' title='bbox 2828 2838 2984 2908; x_wconf 70' lang='grc' dir='ltr'>πλὴν,</span> <span class='ocrx_word' id='word_1_510' title='bbox 3019 2841 3045 2890; x_wconf 86' lang='lat'><strong>6</strong></span> <span class='ocrx_word' id='word_1_511' title='bbox 3099 2839 3197 2908; x_wconf 86' lang='grc' dir='ltr'>μὲν</span> <span class='ocrx_word' id='word_1_512' title='bbox 3240 2841 3376 2909; x_wconf 76' lang='grc' dir='ltr'>πρὸς</span> <span class='ocrx_word' id='word_1_513' title='bbox 3415 2839 3544 2894; x_wconf 80' lang='grc' dir='ltr'>λαοῦ</span> <span class='ocrx_word' id='word_1_514' title='bbox 3579 2832 3742 2894; x_wconf 65' lang='grc' dir='ltr'>ἀπεί-</span> 
     </span>
    </p>
   </div>
   <div class='ocr_carea' id='block_1_74' title="bbox 2155 2929 3740 3001">
    <p class='ocr_par' dir='ltr' id='par_1_74' title="bbox 2155 2929 3740 3001">
     <span class='ocr_line' id='line_1_74' title="bbox 2155 2929 3740 3001; baseline 0.004 -22"><span class='ocrx_word' id='word_1_515' title='bbox 2155 2934 2307 2981; x_wconf 83' lang='grc' dir='ltr'>θειαν</span> <span class='ocrx_word' id='word_1_516' title='bbox 2332 2930 2424 2981; x_wconf 69' lang='grc' dir='ltr'><strong>καὶ</strong></span> <span class='ocrx_word' id='word_1_517' title='bbox 2462 2929 2921 3000; x_wconf 70' lang='grc' dir='ltr'>σκληροκαρδίαν,</span> <span class='ocrx_word' id='word_1_518' title='bbox 2966 2932 2994 2982; x_wconf 89' lang='lat'><strong>6</strong></span> <span class='ocrx_word' id='word_1_519' title='bbox 3025 2930 3077 2982; x_wconf 76' lang='grc' dir='ltr'>δὲ</span> <span class='ocrx_word' id='word_1_520' title='bbox 3109 2930 3178 2984; x_wconf 78' lang='grc' dir='ltr'>δι’</span> <span class='ocrx_word' id='word_1_521' title='bbox 3224 2931 3507 2985; x_wconf 69' lang='grc' dir='ltr'>ἀσθένειαν</span> <span class='ocrx_word' id='word_1_522' title='bbox 3553 2949 3740 3001; x_wconf 82' lang='grc' dir='ltr'>παρα-</span> 
     </span>
    </p>
   </div>
   <div class='ocr_carea' id='block_1_75' title="bbox 2153 3018 3741 3095">
    <p class='ocr_par' dir='ltr' id='par_1_75' title="bbox 2153 3018 3741 3095">
     <span class='ocr_line' id='line_1_75' title="bbox 2153 3018 3741 3095; baseline 0.003 -24"><span class='ocrx_word' id='word_1_523' title='bbox 2153 3021 2358 3085; x_wconf 64' lang='grc' dir='ltr'>τάξεως</span> <span class='ocrx_word' id='word_1_524' title='bbox 2409 3022 2503 3073; x_wconf 72' lang='grc' dir='ltr'>καὶ</span> <span class='ocrx_word' id='word_1_525' title='bbox 2536 3021 2814 3090; x_wconf 82' lang='grc' dir='ltr'>θειοτέραν</span> <span class='ocrx_word' id='word_1_526' title='bbox 2865 3022 2992 3084; x_wconf 77' lang='grc' dir='ltr'>ἴσως</span> <span class='ocrx_word' id='word_1_527' title='bbox 3032 3021 3365 3093; x_wconf 76' lang='grc' dir='ltr'>οἰκονομίαν.</span> <span class='ocrx_word' id='word_1_528' title='bbox 3419 3024 3530 3095; x_wconf 79' lang='grc' dir='ltr'><strong>Οὐχ</strong></span> <span class='ocrx_word' id='word_1_529' title='bbox 3568 3018 3741 3093; x_wconf 83' lang='grc' dir='ltr'>ἦττον</span> 
     </span>
    </p>
   </div>
   <div class='ocr_carea' id='block_1_76' title="bbox 2153 3111 3741 3185">
    <p class='ocr_par' dir='ltr' id='par_1_76' title="bbox 2153 3111 3741 3185">
     <span class='ocr_line' id='line_1_76' title="bbox 2153 3111 3741 3185; baseline 0.003 -22"><span class='ocrx_word' id='word_1_530' title='bbox 2153 3111 2207 3163; x_wconf 86' lang='grc' dir='ltr'>δὲ</span> <span class='ocrx_word' id='word_1_531' title='bbox 2239 3114 2328 3163; x_wconf 75' lang='grc' dir='ltr'>καὶ</span> <span class='ocrx_word' id='word_1_532' title='bbox 2360 3112 2419 3163; x_wconf 79' lang='grc' dir='ltr'>τὸ</span> <span class='ocrx_word' id='word_1_533' title='bbox 2442 3111 2545 3163; x_wconf 72' lang='grc' dir='ltr'><strong>ὑπὸ</strong></span> <span class='ocrx_word' id='word_1_534' title='bbox 2582 3111 2675 3163; x_wconf 78' lang='grc' dir='ltr'>τοῦ</span> <span class='ocrx_word' id='word_1_535' title='bbox 2704 3111 2851 3163; x_wconf 82' lang='grc' dir='ltr'>ὁσίου</span> <span class='ocrx_word' id='word_1_536' title='bbox 2877 3112 3084 3182; x_wconf 80' lang='grc' dir='ltr'>Πατρδς</span> <span class='ocrx_word' id='word_1_537' title='bbox 3108 3114 3246 3184; x_wconf 85' lang='grc' dir='ltr'>πρὸς</span> <span class='ocrx_word' id='word_1_538' title='bbox 3284 3115 3583 3185; x_wconf 72' lang='grc' dir='ltr'>ἐμφέρειαν</span> <span class='ocrx_word' id='word_1_539' title='bbox 3605 3114 3741 3168; x_wconf 65' lang='grc' dir='ltr'>τούς</span> 
     </span>
    </p>
   </div>
   <div class='ocr_carea' id='block_1_77' title="bbox 2154 3202 3743 3277">
    <p class='ocr_par' dir='ltr' id='par_1_77' title="bbox 2154 3202 3743 3277">
     <span class='ocr_line' id='line_1_77' title="bbox 2154 3202 3743 3277; baseline 0 -21"><span class='ocrx_word' id='word_1_540' title='bbox 2154 3221 2280 3265; x_wconf 86' lang='grc' dir='ltr'>των,</span> <span class='ocrx_word' id='word_1_541' title='bbox 2320 3207 2405 3256; x_wconf 69' lang='grc' dir='ltr'>καὶ</span> <span class='ocrx_word' id='word_1_542' title='bbox 2431 3205 2600 3266; x_wconf 78' lang='grc' dir='ltr'>ὅπως,</span> <span class='ocrx_word' id='word_1_543' title='bbox 2646 3207 2672 3255; x_wconf 90' lang='grc' dir='ltr'><strong>ὁ</strong></span> <span class='ocrx_word' id='word_1_544' title='bbox 2702 3203 2856 3271; x_wconf 76' lang='grc' dir='ltr'>λόγος</span> <span class='ocrx_word' id='word_1_545' title='bbox 2898 3202 3397 3275; x_wconf 64' lang='grc' dir='ltr'>δηλώσει.’Καιρὸς</span> <span class='ocrx_word' id='word_1_546' title='bbox 3444 3202 3510 3277; x_wconf 76' lang='grc' dir='ltr'>ἦν</span> <span class='ocrx_word' id='word_1_547' title='bbox 3538 3206 3743 3275; x_wconf 79' lang='grc' dir='ltr'>θέρους</span> 
     </span>
    </p>
   </div>
   <div class='ocr_carea' id='block_1_78' title="bbox 2154 3295 3746 3367">
    <p class='ocr_par' dir='ltr' id='par_1_78' title="bbox 2154 3295 3746 3367">
     <span class='ocr_line' id='line_1_78' title="bbox 2154 3295 3746 3367; baseline 0.003 -20"><span class='ocrx_word' id='word_1_548' title='bbox 2154 3295 2213 3347; x_wconf 84' lang='grc' dir='ltr'>τὸ</span> <span class='ocrx_word' id='word_1_549' title='bbox 2245 3296 2639 3362; x_wconf 81' lang='grc' dir='ltr'>ἀκμαιότατον,</span> <span class='ocrx_word' id='word_1_550' title='bbox 2675 3297 2767 3347; x_wconf 75' lang='grc' dir='ltr'>καί</span> <span class='ocrx_word' id='word_1_551' title='bbox 2807 3297 2839 3365; x_wconf 82' lang='grc' dir='ltr'>ἡ</span> <span class='ocrx_word' id='word_1_552' title='bbox 2875 3297 3017 3359; x_wconf 73' lang='grc' dir='ltr'>ἅλως</span> <span class='ocrx_word' id='word_1_553' title='bbox 3054 3298 3241 3367; x_wconf 80' lang='grc' dir='ltr'>πυρῶν</span> <span class='ocrx_word' id='word_1_554' title='bbox 3282 3298 3610 3367; x_wconf 78' lang='grc' dir='ltr'>ὲπέπληστο,</span> <span class='ocrx_word' id='word_1_555' title='bbox 3636 3302 3746 3351; x_wconf 67' lang='grc' dir='ltr'><strong>καὶ</strong></span> 
     </span>
    </p>
   </div>
   <div class='ocr_carea' id='block_1_79' title="bbox 2153 3387 3740 3459">
    <p class='ocr_par' dir='ltr' id='par_1_79' title="bbox 2153 3387 3740 3459">
     <span class='ocr_line' id='line_1_79' title="bbox 2153 3387 3740 3459; baseline 0.003 -19"><span class='ocrx_word' id='word_1_556' title='bbox 2153 3389 2343 3458; x_wconf 77' lang='grc' dir='ltr'>πυρῶν</span> <span class='ocrx_word' id='word_1_557' title='bbox 2377 3390 2474 3457; x_wconf 79' lang='grc' dir='ltr'><strong>οὐχ</strong></span> <span class='ocrx_word' id='word_1_558' title='bbox 2508 3389 2707 3455; x_wconf 79' lang='grc' dir='ltr'>ὐγειῶν</span> <span class='ocrx_word' id='word_1_559' title='bbox 2736 3391 2829 3442; x_wconf 69' lang='grc' dir='ltr'><strong>καὶ</strong></span> <span class='ocrx_word' id='word_1_560' title='bbox 2855 3387 3044 3441; x_wconf 76' lang='grc' dir='ltr'>ἐλπίδα</span> <span class='ocrx_word' id='word_1_561' title='bbox 3082 3391 3318 3459; x_wconf 80' lang='grc' dir='ltr'>ἑχόντων</span> <span class='ocrx_word' id='word_1_562' title='bbox 3356 3390 3740 3459; x_wconf 73' lang='grc' dir='ltr'>ἀνακλήσεως.</span> 
     </span>
    </p>
   </div>
   <div class='ocr_carea' id='block_1_80' title="bbox 2154 3480 3744 3553">
    <p class='ocr_par' dir='ltr' id='par_1_80' title="bbox 2154 3480 3744 3553">
     <span class='ocr_line' id='line_1_80' title="bbox 2154 3480 3744 3553; baseline 0.001 -19"><span class='ocrx_word' id='word_1_563' title='bbox 2154 3480 2269 3534; x_wconf 74' lang='grc' dir='ltr'>ἀλλ’</span> <span class='ocrx_word' id='word_1_564' title='bbox 2319 3481 2421 3550; x_wconf 71' lang='grc' dir='ltr'><strong>ἤδη</strong></span> <span class='ocrx_word' id='word_1_565' title='bbox 2475 3480 2920 3543; x_wconf 77' lang='grc' dir='ltr'><strong>κατακοπέντων,</strong></span> <span class='ocrx_word' id='word_1_566' title='bbox 2973 3480 3065 3533; x_wconf 83' lang='grc' dir='ltr'><strong>καὶ</strong></span> <span class='ocrx_word' id='word_1_567' title='bbox 3109 3480 3243 3550; x_wconf 82' lang='grc' dir='ltr'>πρὸς</span> <span class='ocrx_word' id='word_1_568' title='bbox 3297 3482 3576 3553; x_wconf 77' lang='grc' dir='ltr'>χωρισμὸν</span> <span class='ocrx_word' id='word_1_569' title='bbox 3635 3483 3744 3535; x_wconf 76' lang='grc' dir='ltr'><strong>τοῦ</strong></span> 
     </span>
    </p>
   </div>
   <div class='ocr_carea' id='block_1_81' title="bbox 2157 3566 3746 3642">
    <p class='ocr_par' dir='ltr' id='par_1_81' title="bbox 2157 3566 3746 3642">
     <span class='ocr_line' id='line_1_81' title="bbox 2157 3566 3746 3642; baseline 0.002 -21"><span class='ocrx_word' id='word_1_570' title='bbox 2157 3573 2305 3623; x_wconf 81' lang='grc' dir='ltr'>σίτου</span> <span class='ocrx_word' id='word_1_571' title='bbox 2355 3572 2812 3636; x_wconf 77' lang='grc' dir='ltr'>κατεπειγόντων,</span> <span class='ocrx_word' id='word_1_572' title='bbox 2843 3566 2945 3624; x_wconf 72' lang='grc' dir='ltr'>Οἷα</span> <span class='ocrx_word' id='word_1_573' title='bbox 2978 3572 3033 3625; x_wconf 80' lang='grc' dir='ltr'>δὲ</span> <span class='ocrx_word' id='word_1_574' title='bbox 3070 3572 3145 3633; x_wconf 86' lang='grc' dir='ltr'>ὠς</span> <span class='ocrx_word' id='word_1_575' title='bbox 3175 3575 3242 3626; x_wconf 86' lang='grc' dir='ltr'>τὰ</span> <span class='ocrx_word' id='word_1_576' title='bbox 3286 3573 3458 3626; x_wconf 76' lang='grc' dir='ltr'>πολλὰ</span> <span class='ocrx_word' id='word_1_577' title='bbox 3497 3574 3746 3642; x_wconf 74' lang='grc' dir='ltr'>συμϐαί-</span> 
     </span>
    </p>
   </div>
   <div class='ocr_carea' id='block_1_82' title="bbox 2154 3661 3738 3732">
    <p class='ocr_par' dir='ltr' id='par_1_82' title="bbox 2154 3661 3738 3732">
     <span class='ocr_line' id='line_1_82' title="bbox 2154 3661 3738 3732; baseline 0.003 -20"><span class='ocrx_word' id='word_1_578' title='bbox 2154 3680 2265 3713; x_wconf 89' lang='grc' dir='ltr'>νειν</span> <span class='ocrx_word' id='word_1_579' title='bbox 2301 3661 2511 3723; x_wconf 75' lang='grc' dir='ltr'>εἴωθεν,</span> <span class='ocrx_word' id='word_1_580' title='bbox 2553 3663 2812 3731; x_wconf 61' lang='grc' dir='ltr'>ἐξαίφνης</span> <span class='ocrx_word' id='word_1_581' title='bbox 2848 3662 3144 3732; x_wconf 75' lang='grc' dir='ltr'>συνδρομαὶ</span> <span class='ocrx_word' id='word_1_582' title='bbox 3175 3664 3373 3732; x_wconf 81' lang='grc' dir='ltr'>νεφῶν,</span> <span class='ocrx_word' id='word_1_583' title='bbox 3418 3664 3617 3732; x_wconf 82' lang='grc' dir='ltr'>λαῖλάψ</span> <span class='ocrx_word' id='word_1_584' title='bbox 3646 3682 3738 3727; x_wconf 85' lang='grc' dir='ltr'><strong>τε,</strong></span> 
     </span>
    </p>
   </div>
   <div class='ocr_carea' id='block_1_83' title="bbox 2154 3753 3739 3826">
    <p class='ocr_par' dir='ltr' id='par_1_83' title="bbox 2154 3753 3739 3826">
     <span class='ocr_line' id='line_1_83' title="bbox 2154 3753 3739 3826; baseline 0.001 -21"><span class='ocrx_word' id='word_1_585' title='bbox 2154 3753 2250 3805; x_wconf 70' lang='grc' dir='ltr'><strong>καὶ</strong></span> <span class='ocrx_word' id='word_1_586' title='bbox 2280 3753 2520 3822; x_wconf 65' lang='grc' dir='ltr'>βρονταὶ,</span> <span class='ocrx_word' id='word_1_587' title='bbox 2551 3753 2643 3805; x_wconf 70' lang='grc' dir='ltr'><strong>καὶ</strong></span> <span class='ocrx_word' id='word_1_588' title='bbox 2675 3753 2861 3811; x_wconf 79' lang='grc' dir='ltr'>σκότος</span> <span class='ocrx_word' id='word_1_589' title='bbox 2891 3755 2980 3806; x_wconf 68' lang='grc' dir='ltr'><strong>τὸν</strong></span> <span class='ocrx_word' id='word_1_590' title='bbox 3024 3755 3160 3826; x_wconf 76' lang='grc' dir='ltr'>ἀέρα</span> <span class='ocrx_word' id='word_1_591' title='bbox 3202 3755 3525 3808; x_wconf 76' lang='grc' dir='ltr'>ἐκάλυπτεν.</span> <span class='ocrx_word' id='word_1_592' title='bbox 3566 3755 3739 3825; x_wconf 80' lang='grc' dir='ltr'>Ἐμε-</span> 
     </span>
    </p>
   </div>
   <div class='ocr_carea' id='block_1_84' title="bbox 2153 3840 3744 3915">
    <p class='ocr_par' dir='ltr' id='par_1_84' title="bbox 2153 3840 3744 3915">
     <span class='ocr_line' id='line_1_84' title="bbox 2153 3840 3744 3915; baseline 0.002 -21"><span class='ocrx_word' id='word_1_593' title='bbox 2153 3844 2367 3895; x_wconf 85' lang='grc' dir='ltr'>λαίνετο</span> <span class='ocrx_word' id='word_1_594' title='bbox 2396 3845 2495 3911; x_wconf 78' lang='grc' dir='ltr'>μὲν</span> <span class='ocrx_word' id='word_1_595' title='bbox 2516 3844 2543 3894; x_wconf 90' lang='lat'><strong>6</strong></span> <span class='ocrx_word' id='word_1_596' title='bbox 2573 3843 2821 3912; x_wconf 69' lang='grc' dir='ltr'>οὐρανὸς,</span> <span class='ocrx_word' id='word_1_597' title='bbox 2856 3850 2948 3896; x_wconf 76' lang='grc' dir='ltr'><strong>καὶ</strong></span> <span class='ocrx_word' id='word_1_598' title='bbox 2977 3847 3003 3896; x_wconf 88' lang='lat'><strong>6</strong></span> <span class='ocrx_word' id='word_1_599' title='bbox 3051 3845 3202 3907; x_wconf 81' lang='grc' dir='ltr'>ὑετὸς</span> <span class='ocrx_word' id='word_1_600' title='bbox 3229 3844 3351 3898; x_wconf 78' lang='grc' dir='ltr'>ὅτον</span> <span class='ocrx_word' id='word_1_601' title='bbox 3387 3840 3538 3897; x_wconf 73' lang='grc' dir='ltr'>οὔπω</span> <span class='ocrx_word' id='word_1_602' title='bbox 3563 3862 3744 3915; x_wconf 82' lang='grc' dir='ltr'>προσ-</span> 
     </span>
    </p>
   </div>
   <div class='ocr_carea' id='block_1_85' title="bbox 2150 3934 3740 4011">
    <p class='ocr_par' dir='ltr' id='par_1_85' title="bbox 2150 3934 3740 4011">
     <span class='ocr_line' id='line_1_85' title="bbox 2150 3934 3740 4011; baseline -0.001 -18"><span class='ocrx_word' id='word_1_603' title='bbox 2150 3940 2447 4007; x_wconf 72' lang='grc' dir='ltr'>δοκήσιμος</span> <span class='ocrx_word' id='word_1_604' title='bbox 2500 3934 2604 4006; x_wconf 74' lang='grc' dir='ltr'>ἦν,</span> <span class='ocrx_word' id='word_1_605' title='bbox 2646 3938 2678 4009; x_wconf 85' lang='grc' dir='ltr'>ἢ</span> <span class='ocrx_word' id='word_1_606' title='bbox 2732 3940 2933 4009; x_wconf 84' lang='grc' dir='ltr'>μᾶλλον</span> <span class='ocrx_word' id='word_1_607' title='bbox 2976 3940 3074 3993; x_wconf 81' lang='grc' dir='ltr'><strong>’καί</strong></span> <span class='ocrx_word' id='word_1_608' title='bbox 3128 3940 3360 4005; x_wconf 76' lang='grc' dir='ltr'>ὑετίξειν</span> <span class='ocrx_word' id='word_1_609' title='bbox 3412 3940 3481 3993; x_wconf 85' lang='grc' dir='ltr'><strong>τά</strong></span> <span class='ocrx_word' id='word_1_610' title='bbox 3544 3940 3740 4011; x_wconf 83' lang='grc' dir='ltr'><strong>κύκλῳ</strong></span> 
     </span>
    </p>
   </div>
   <div class='ocr_carea' id='block_1_86' title="bbox 2156 4032 3739 4105">
    <p class='ocr_par' dir='ltr' id='par_1_86' title="bbox 2156 4032 3739 4105">
     <span class='ocr_line' id='line_1_86' title="bbox 2156 4032 3739 4105; baseline 0.004 -21"><span class='ocrx_word' id='word_1_611' title='bbox 2156 4032 2356 4102; x_wconf 78' lang='grc' dir='ltr'>ὼρᾶτο.</span> <span class='ocrx_word' id='word_1_612' title='bbox 2403 4032 2635 4102; x_wconf 84' lang='grc' dir='ltr'>’Λθυμία</span> <span class='ocrx_word' id='word_1_613' title='bbox 2666 4033 2721 4084; x_wconf 83' lang='grc' dir='ltr'>δὲ</span> <span class='ocrx_word' id='word_1_614' title='bbox 2758 4033 2882 4096; x_wconf 78' lang='grc' dir='ltr'>τοὺς</span> <span class='ocrx_word' id='word_1_615' title='bbox 2927 4034 3162 4103; x_wconf 84' lang='grc' dir='ltr'><strong>ἐργάτας</strong></span> <span class='ocrx_word' id='word_1_616' title='bbox 3190 4034 3284 4086; x_wconf 84' lang='grc' dir='ltr'><strong>καὶ</strong></span> <span class='ocrx_word' id='word_1_617' title='bbox 3330 4034 3476 4105; x_wconf 80' lang='grc' dir='ltr'><strong>λῦπη</strong></span> <span class='ocrx_word' id='word_1_618' title='bbox 3519 4035 3739 4101; x_wconf 84' lang='grc' dir='ltr'>δεινῶς,</span> 
     </span>
    </p>
   </div>
   <div class='ocr_carea' id='block_1_87' title="bbox 2158 4116 3746 4197">
    <p class='ocr_par' dir='ltr' id='par_1_87' title="bbox 2158 4116 3746 4197">
     <span class='ocr_line' id='line_1_87' title="bbox 2158 4116 3746 4197; baseline 0.003 -20"><span class='ocrx_word' id='word_1_619' title='bbox 2158 4128 2514 4196; x_wconf 77' lang='grc' dir='ltr'>κατέτρυχεν,</span> <span class='ocrx_word' id='word_1_620' title='bbox 2547 4127 2604 4193; x_wconf 80' lang='grc' dir='ltr'>ἐξ</span> <span class='ocrx_word' id='word_1_621' title='bbox 2628 4120 2701 4179; x_wconf 84' lang='grc' dir='ltr'>ὧν</span> <span class='ocrx_word' id='word_1_622' title='bbox 2726 4128 2819 4180; x_wconf 72' lang='grc' dir='ltr'><strong>καὶ</strong></span> <span class='ocrx_word' id='word_1_623' title='bbox 2846 4124 3185 4196; x_wconf 74' lang='grc' dir='ltr'>βλασφημίαι</span> <span class='ocrx_word' id='word_1_624' title='bbox 3208 4116 3496 4197; x_wconf 63' lang='grc' dir='ltr'>καίέτερα</span> <span class='ocrx_word' id='word_1_625' title='bbox 3519 4126 3746 4182; x_wconf 69' lang='grc' dir='ltr'>ἅπαντα</span> 
     </span>
    </p>
   </div>
   <div class='ocr_carea' id='block_1_88' title="bbox 2156 4214 3745 4290">
    <p class='ocr_par' dir='ltr' id='par_1_88' title="bbox 2156 4214 3745 4290">
     <span class='ocr_line' id='line_1_88' title="bbox 2156 4214 3745 4290; baseline 0.001 -20"><span class='ocrx_word' id='word_1_626' title='bbox 2156 4218 2226 4270; x_wconf 74' lang='grc' dir='ltr'><strong>τὰ</strong></span> <span class='ocrx_word' id='word_1_627' title='bbox 2260 4219 2322 4270; x_wconf 82' lang='grc' dir='ltr'><strong>ἐκ</strong></span> <span class='ocrx_word' id='word_1_628' title='bbox 2362 4218 2538 4288; x_wconf 76' lang='grc' dir='ltr'>λύπης</span> <span class='ocrx_word' id='word_1_629' title='bbox 2574 4218 2886 4289; x_wconf 69' lang='grc' dir='ltr'><strong>¹φερόμενοι.</strong></span> <span class='ocrx_word' id='word_1_630' title='bbox 2935 4214 3087 4271; x_wconf 70' lang='grc' dir='ltr'><strong>Ὀδὲ</strong></span> <span class='ocrx_word' id='word_1_631' title='bbox 3124 4219 3216 4271; x_wconf 87' lang='grc' dir='ltr'>τοῦ</span> <span class='ocrx_word' id='word_1_632' title='bbox 3260 4217 3396 4272; x_wconf 78' lang='grc' dir='ltr'>Θεοῦ</span> <span class='ocrx_word' id='word_1_633' title='bbox 3445 4218 3745 4290; x_wconf 79' lang='grc' dir='ltr'>ἄνθρωπος</span> 
     </span>
    </p>
   </div>
   <div class='ocr_carea' id='block_1_89' title="bbox 2159 4310 3741 4384">
    <p class='ocr_par' dir='ltr' id='par_1_89' title="bbox 2159 4310 3741 4384">
     <span class='ocr_line' id='line_1_89' title="bbox 2159 4310 3741 4384; baseline 0.004 -24"><span class='ocrx_word' id='word_1_634' title='bbox 2159 4313 2479 4380; x_wconf 71' lang='grc' dir='ltr'>(συμπαρῆν</span> <span class='ocrx_word' id='word_1_635' title='bbox 2511 4310 2618 4381; x_wconf 78' lang='grc' dir='ltr'><strong>γὰρ</strong></span> <span class='ocrx_word' id='word_1_636' title='bbox 2649 4313 2743 4363; x_wconf 74' lang='grc' dir='ltr'><strong>καὶ</strong></span> <span class='ocrx_word' id='word_1_637' title='bbox 2786 4310 2946 4371; x_wconf 67' lang='grc' dir='ltr'>αὐτὸς</span> <span class='ocrx_word' id='word_1_638' title='bbox 2967 4312 3093 4374; x_wconf 67' lang='grc' dir='ltr'>τοὺς</span> <span class='ocrx_word' id='word_1_639' title='bbox 3113 4311 3350 4379; x_wconf 75' lang='grc' dir='ltr'>ἐργάτας</span> <span class='ocrx_word' id='word_1_640' title='bbox 3366 4312 3741 4384; x_wconf 73' lang='grc' dir='ltr'>ἑπιρρωννὺς,</span> 
     </span>
    </p>
   </div>
   <div class='ocr_carea' id='block_1_90' title="bbox 2159 4402 3745 4475">
    <p class='ocr_par' dir='ltr' id='par_1_90' title="bbox 2159 4402 3745 4475">
     <span class='ocr_line' id='line_1_90' title="bbox 2159 4402 3745 4475; baseline 0.001 -21"><span class='ocrx_word' id='word_1_641' title='bbox 2159 4405 2250 4455; x_wconf 68' lang='grc' dir='ltr'><strong>καὶ</strong></span> <span class='ocrx_word' id='word_1_642' title='bbox 2282 4403 2609 4473; x_wconf 72' lang='grc' dir='ltr'>προθυμίαν</span> <span class='ocrx_word' id='word_1_643' title='bbox 2638 4402 2831 4465; x_wconf 75' lang='grc' dir='ltr'>διδοὺς</span> <span class='ocrx_word' id='word_1_644' title='bbox 2857 4402 2952 4455; x_wconf 84' lang='grc' dir='ltr'>τοῦ</span> <span class='ocrx_word' id='word_1_645' title='bbox 2988 4402 3340 4471; x_wconf 80' lang='grc' dir='ltr'>ἐργάζεσθαι,</span> <span class='ocrx_word' id='word_1_646' title='bbox 3371 4402 3587 4473; x_wconf 84' lang='grc' dir='ltr'>’πρῶτα</span> <span class='ocrx_word' id='word_1_647' title='bbox 3634 4405 3745 4475; x_wconf 77' lang='grc' dir='ltr'>μὲν</span> 
     </span>
    </p>
   </div>
   <div class='ocr_carea' id='block_1_91' title="bbox 2158 4492 3744 4563">
    <p class='ocr_par' dir='ltr' id='par_1_91' title="bbox 2158 4492 3744 4563">
     <span class='ocr_line' id='line_1_91' title="bbox 2158 4492 3744 4563; baseline 0.001 -17"><span class='ocrx_word' id='word_1_648' title='bbox 2158 4495 2338 4562; x_wconf 80' lang='grc' dir='ltr'>λόγοις</span> <span class='ocrx_word' id='word_1_649' title='bbox 2368 4493 2917 4563; x_wconf 81' lang='grc' dir='ltr'>παραινετικοῖς’τῶν</span> <span class='ocrx_word' id='word_1_650' title='bbox 2953 4492 3212 4547; x_wconf 80' lang='grc' dir='ltr'>τοιούτων</span> <span class='ocrx_word' id='word_1_651' title='bbox 3252 4495 3511 4549; x_wconf 76' lang='grc' dir='ltr'>ἀπεσόὸει</span> <span class='ocrx_word' id='word_1_652' title='bbox 3557 4494 3744 4561; x_wconf 83' lang='grc' dir='ltr'>λόγων</span> 
     </span>
    </p>
   </div>
   <div class='ocr_carea' id='block_1_92' title="bbox 467 4583 2049 4679">
    <p class='ocr_par' dir='ltr' id='par_1_92' title="bbox 467 4604 2049 4679">
     <span class='ocr_line' id='line_1_92' title="bbox 467 4604 2049 4679; baseline -0.001 -15"><span class='ocrx_word' id='word_1_653' title='bbox 467 4611 534 4664; x_wconf 86' lang='lat' dir='ltr'><strong>ad</strong></span> <span class='ocrx_word' id='word_1_654' title='bbox 592 4609 889 4679; x_wconf 89' lang='lat' dir='ltr'><strong>prandium</strong></span> <span class='ocrx_word' id='word_1_655' title='bbox 932 4610 1172 4663; x_wconf 75' lang='lat' dir='ltr'><strong>invntans</strong></span> <span class='ocrx_word' id='word_1_656' title='bbox 1205 4607 1459 4674; x_wconf 82' lang='lat' dir='ltr'><strong>:Venite,</strong></span> <span class='ocrx_word' id='word_1_657' title='bbox 1496 4604 1715 4679; x_wconf 81' lang='lat' dir='ltr'><strong>inquit,</strong></span> <span class='ocrx_word' id='word_1_658' title='bbox 1764 4609 2049 4679; x_wconf 90' lang='lat' dir='ltr'><strong>prandete,</strong></span> 
     </span>
    </p>
   </div>
   <div class='ocr_carea' id='block_1_93' title="bbox 2153 4583 3744 4679">
    <p class='ocr_par' dir='ltr' id='par_1_93' title="bbox 2163 4583 3744 4656">
     <span class='ocr_line' id='line_1_93' title="bbox 2163 4583 3744 4656; baseline -0.001 -18"><span class='ocrx_word' id='word_1_659' title='bbox 2163 4588 2256 4638; x_wconf 76' lang='grc' dir='ltr'><strong>καὶ</strong></span> <span class='ocrx_word' id='word_1_660' title='bbox 2299 4585 2397 4655; x_wconf 83' lang='grc' dir='ltr'>τὴν</span> <span class='ocrx_word' id='word_1_661' title='bbox 2440 4583 2678 4652; x_wconf 78' lang='grc' dir='ltr'>ἀθυμίαν</span> <span class='ocrx_word' id='word_1_662' title='bbox 2717 4584 2956 4653; x_wconf 72' lang='grc' dir='ltr'>κατήψα,</span> <span class='ocrx_word' id='word_1_663' title='bbox 2984 4583 3176 4636; x_wconf 78' lang='grc' dir='ltr'>ἔπειτα</span> <span class='ocrx_word' id='word_1_664' title='bbox 3210 4585 3302 4637; x_wconf 72' lang='grc' dir='ltr'><strong>καὶ</strong></span> <span class='ocrx_word' id='word_1_665' title='bbox 3345 4584 3482 4656; x_wconf 80' lang='grc' dir='ltr'>πρὸς</span> <span class='ocrx_word' id='word_1_666' title='bbox 3508 4583 3744 4654; x_wconf 75' lang='grc' dir='ltr'>ἄριστον</span> 
     </span>
    </p>
   </div>
   <div class='ocr_carea' id='block_1_94' title="bbox 450 4695 2056 4765">
    <p class='ocr_par' dir='ltr' id='par_1_94' title="bbox 450 4695 2056 4765">
     <span class='ocr_line' id='line_1_94' title="bbox 450 4695 2056 4765; baseline -0.001 -13"><span class='ocrx_word' id='word_1_667' title='bbox 450 4700 585 4765; x_wconf 86' lang='lat' dir='ltr'><strong>‘filii,</strong></span> <span class='ocrx_word' id='word_1_668' title='bbox 635 4710 690 4754; x_wconf 89' lang='lat' dir='ltr'><strong>et</strong></span> <span class='ocrx_word' id='word_1_669' title='bbox 764 4698 1037 4752; x_wconf 91' lang='lat' dir='ltr'><strong>Dominus</strong></span> <span class='ocrx_word' id='word_1_670' title='bbox 1095 4696 1379 4760; x_wconf 77' lang='lat' dir='ltr'><strong>vobiscum</strong></span> <span class='ocrx_word' id='word_1_671' title='bbox 1430 4695 1595 4750; x_wconf 88' lang='lat' dir='ltr'><strong>faciet</strong></span> <span class='ocrx_word' id='word_1_672' title='bbox 1644 4695 2056 4750; x_wconf 86' lang='lat' dir='ltr'><strong>misericordias</strong></span> 
     </span>
    </p>
   </div>
   <div class='ocr_carea' id='block_1_95' title="bbox 470 4788 2051 4865">
    <p class='ocr_par' dir='ltr' id='par_1_95' title="bbox 470 4788 2051 4865">
     <span class='ocr_line' id='line_1_95' title="bbox 470 4788 2051 4865; baseline -0.001 -20"><span class='ocrx_word' id='word_1_673' title='bbox 470 4807 619 4846; x_wconf 82' lang='lat' dir='ltr'><strong>suas.</strong></span> <span class='ocrx_word' id='word_1_674' title='bbox 656 4789 747 4846; x_wconf 90' lang='lat' dir='ltr'><strong>Sic</strong></span> <span class='ocrx_word' id='word_1_675' title='bbox 779 4791 1063 4861; x_wconf 89' lang='lat' dir='ltr'><strong>operarios</strong></span> <span class='ocrx_word' id='word_1_676' title='bbox 1086 4792 1432 4865; x_wconf 80' lang='lat' dir='ltr'><strong>exhortatus,</strong></span> <span class='ocrx_word' id='word_1_677' title='bbox 1464 4797 1520 4843; x_wconf 89' lang='lat' dir='ltr'><strong>et</strong></span> <span class='ocrx_word' id='word_1_678' title='bbox 1548 4803 1675 4843; x_wconf 87' lang='lat' dir='ltr'><strong>cum</strong></span> <span class='ocrx_word' id='word_1_679' title='bbox 1707 4804 1819 4843; x_wconf 91' lang='lat' dir='ltr'><strong>uno</strong></span> <span class='ocrx_word' id='word_1_680' title='bbox 1852 4788 1904 4842; x_wconf 90' lang='lat' dir='ltr'><strong>in</strong></span> <span class='ocrx_word' id='word_1_681' title='bbox 1925 4804 2051 4843; x_wconf 86' lang='lat' dir='ltr'><strong>area</strong></span> 
     </span>
    </p>
   </div>
   <div class='ocr_carea' id='block_1_96' title="bbox 467 4875 2056 4951">
    <p class='ocr_par' dir='ltr' id='par_1_96' title="bbox 467 4875 2056 4951">
     <span class='ocr_line' id='line_1_96' title="bbox 467 4875 2056 4951; baseline -0.001 -18"><span class='ocrx_word' id='word_1_682' title='bbox 467 4880 726 4946; x_wconf 90' lang='lat' dir='ltr'><strong>relictus,</strong></span> <span class='ocrx_word' id='word_1_683' title='bbox 754 4895 897 4951; x_wconf 79' lang='lat' dir='ltr'><strong>genu</strong></span> <span class='ocrx_word' id='word_1_684' title='bbox 944 4878 1011 4933; x_wconf 88' lang='lat' dir='ltr'><strong>ad</strong></span> <span class='ocrx_word' id='word_1_685' title='bbox 1056 4881 1329 4933; x_wconf 89' lang='lat' dir='ltr'><strong>orientem</strong></span> <span class='ocrx_word' id='word_1_686' title='bbox 1366 4875 1528 4943; x_wconf 80' lang='lat' dir='ltr'><strong>ﬂexo,</strong></span> <span class='ocrx_word' id='word_1_687' title='bbox 1559 4887 1615 4931; x_wconf 91' lang='lat' dir='ltr'><strong>et</strong></span> <span class='ocrx_word' id='word_1_688' title='bbox 1668 4876 1829 4932; x_wconf 83' lang='lat' dir='ltr'><strong>labiis</strong></span> <span class='ocrx_word' id='word_1_689' title='bbox 1866 4892 2056 4946; x_wconf 84' lang='lat' dir='ltr'><strong>preces</strong></span> 
     </span>
    </p>
   </div>
   <div class='ocr_carea' id='block_1_97' title="bbox 458 4962 2055 5043">
    <p class='ocr_par' dir='ltr' id='par_1_97' title="bbox 458 4962 2055 5043">
     <span class='ocr_line' id='line_1_97' title="bbox 458 4962 2055 5043; baseline -0.003 -18"><span class='ocrx_word' id='word_1_690' title='bbox 458 4971 907 5027; x_wconf 75' lang='lat' dir='ltr'><strong>&#39;obnturmurans</strong></span> <span class='ocrx_word' id='word_1_691' title='bbox 939 4962 1065 5026; x_wconf 80' lang='lat' dir='ltr'><strong>eum</strong></span> <span class='ocrx_word' id='word_1_692' title='bbox 1088 4970 1371 5043; x_wconf 84' lang='lat' dir='ltr'><strong>lacrymis,</strong></span> <span class='ocrx_word' id='word_1_693' title='bbox 1403 4969 1575 5024; x_wconf 91' lang='lat' dir='ltr'><strong>Deum</strong></span> <span class='ocrx_word' id='word_1_694' title='bbox 1606 4969 1908 5040; x_wconf 88' lang='lat' dir='ltr'><strong>propitium</strong></span> <span class='ocrx_word' id='word_1_695' title='bbox 1940 4968 2055 5022; x_wconf 84' lang='lat' dir='ltr'><strong>fieri</strong></span> 
     </span>
    </p>
   </div>
   <div class='ocr_carea' id='block_1_98' title="bbox 466 5058 2057 5134">
    <p class='ocr_par' dir='ltr' id='par_1_98' title="bbox 466 5058 2057 5134">
     <span class='ocr_line' id='line_1_98' title="bbox 466 5058 2057 5134; baseline -0.003 -16"><span class='ocrx_word' id='word_1_696' title='bbox 466 5064 748 5129; x_wconf 80' lang='lat' dir='ltr'><strong>exorabat,</strong></span> <span class='ocrx_word' id='word_1_697' title='bbox 781 5073 947 5134; x_wconf 88' lang='lat' dir='ltr'><strong>atque</strong></span> <span class='ocrx_word' id='word_1_698' title='bbox 989 5073 1049 5117; x_wconf 89' lang='lat' dir='ltr'><strong>ut</strong></span> <span class='ocrx_word' id='word_1_699' title='bbox 1088 5064 1334 5134; x_wconf 88' lang='lat' dir='ltr'><strong>pluviam</strong></span> <span class='ocrx_word' id='word_1_700' title='bbox 1381 5058 1743 5117; x_wconf 74' lang='lat' dir='ltr'><strong>cum&#39;dam&#39;no</strong></span> <span class='ocrx_word' id='word_1_701' title='bbox 1779 5071 1832 5115; x_wconf 92' lang='lat' dir='ltr'><strong>et</strong></span> <span class='ocrx_word' id='word_1_702' title='bbox 1876 5071 2057 5115; x_wconf 74' lang='lat' dir='ltr'><strong>exter-</strong></span> 
     </span>
    </p>
   </div>
   <div class='ocr_carea' id='block_1_99' title="bbox 468 5148 2057 5217">
    <p class='ocr_par' dir='ltr' id='par_1_99' title="bbox 468 5148 2057 5217">
     <span class='ocr_line' id='line_1_99' title="bbox 468 5148 2057 5217; baseline -0.001 -11"><span class='ocrx_word' id='word_1_703' title='bbox 468 5155 639 5207; x_wconf 86' lang='lat' dir='ltr'><strong>minio</strong></span> <span class='ocrx_word' id='word_1_704' title='bbox 672 5153 952 5209; x_wconf 89' lang='lat' dir='ltr'><strong>fructuum</strong></span> <span class='ocrx_word' id='word_1_705' title='bbox 980 5155 1364 5208; x_wconf 87' lang='lat' dir='ltr'><strong>imminentem</strong></span> <span class='ocrx_word' id='word_1_706' title='bbox 1396 5155 1504 5208; x_wconf 91' lang='lat' dir='ltr'><strong>alio</strong></span> <span class='ocrx_word' id='word_1_707' title='bbox 1536 5153 1883 5207; x_wconf 85' lang='lat' dir='ltr'><strong>transferret.</strong></span> <span class='ocrx_word' id='word_1_708' title='bbox 1914 5148 2057 5217; x_wconf 84' lang='lat' dir='ltr'><strong>Quid</strong></span> 
     </span>
    </p>
   </div>
   <div class='ocr_carea' id='block_1_100' title="bbox 468 5238 2056 5313">
    <p class='ocr_par' dir='ltr' id='par_1_100' title="bbox 468 5238 2056 5313">
     <span class='ocr_line' id='line_1_100' title="bbox 468 5238 2056 5313; baseline -0.002 -16"><span class='ocrx_word' id='word_1_709' title='bbox 468 5238 757 5313; x_wconf 81' lang='lat' dir='ltr'><strong>ergo?Qui</strong></span> <span class='ocrx_word' id='word_1_710' title='bbox 786 5244 898 5299; x_wconf 88' lang='lat' dir='ltr'><strong>cito</strong></span> <span class='ocrx_word' id='word_1_711' title='bbox 917 5242 1195 5309; x_wconf 77' lang='lat' dir='ltr'><strong>subvenit,</strong></span> <span class='ocrx_word' id='word_1_712' title='bbox 1218 5255 1279 5299; x_wconf 80' lang='lat' dir='ltr'><strong>et</strong></span> <span class='ocrx_word' id='word_1_713' title='bbox 1310 5263 1329 5295; x_wconf 77' lang='grc' dir='ltr'><strong>ι</strong></span> <span class='ocrx_word' id='word_1_714' title='bbox 1375 5245 1711 5299; x_wconf 86' lang='lat' dir='ltr'><strong>voluntatem</strong></span> <span class='ocrx_word' id='word_1_715' title='bbox 1746 5243 2056 5297; x_wconf 83' lang='lat' dir='ltr'><strong>timentium</strong></span> 
     </span>
    </p>
   </div>
   <div class='ocr_carea' id='block_1_101' title="bbox 470 5330 2056 5404">
    <p class='ocr_par' dir='ltr' id='par_1_101' title="bbox 470 5330 2056 5404">
     <span class='ocr_line' id='line_1_101' title="bbox 470 5330 2056 5404; baseline -0.001 -17"><span class='ocrx_word' id='word_1_716' title='bbox 470 5347 530 5387; x_wconf 90' lang='lat' dir='ltr'><strong>se</strong></span> <span class='ocrx_word' id='word_1_717' title='bbox 556 5330 687 5384; x_wconf 87' lang='lat' dir='ltr'><strong>facit</strong></span> <span class='ocrx_word' id='word_1_718' title='bbox 724 5332 767 5398; x_wconf 72' lang='grc' dir='ltr'>δ,</span> <span class='ocrx_word' id='word_1_719' title='bbox 796 5350 815 5382; x_wconf 74' lang='grc' dir='ltr'><strong>ι</strong></span> <span class='ocrx_word' id='word_1_720' title='bbox 855 5346 987 5386; x_wconf 89' lang='lat' dir='ltr'><strong>num</strong></span> <span class='ocrx_word' id='word_1_721' title='bbox 1014 5332 1278 5388; x_wconf 79' lang='lat' dir='ltr'><strong>famuldm</strong></span> <span class='ocrx_word' id='word_1_722' title='bbox 1300 5348 1459 5388; x_wconf 88' lang='lat' dir='ltr'><strong>suum</strong></span> <span class='ocrx_word' id='word_1_723' title='bbox 1488 5330 1757 5404; x_wconf 77' lang='lat' dir='ltr'><strong>despexit,</strong></span> <span class='ocrx_word' id='word_1_724' title='bbox 1777 5340 2056 5387; x_wconf 80' lang='lat' dir='ltr'><strong>autexau-</strong></span> 
     </span>
    </p>
   </div>
   <div class='ocr_carea' id='block_1_102' title="bbox 460 5423 2055 5495">
    <p class='ocr_par' dir='ltr' id='par_1_102' title="bbox 460 5423 2055 5495">
     <span class='ocr_line' id='line_1_102' title="bbox 460 5423 2055 5495; baseline 0 -18"><span class='ocrx_word' id='word_1_725' title='bbox 460 5423 590 5478; x_wconf 74' lang='lat' dir='ltr'><strong>dire</strong></span> <span class='ocrx_word' id='word_1_726' title='bbox 640 5432 885 5478; x_wconf 86' lang='lat' dir='ltr'><strong>moratus</strong></span> <span class='ocrx_word' id='word_1_727' title='bbox 928 5423 1051 5479; x_wconf 86' lang='lat' dir='ltr'><strong>est?</strong></span> <span class='ocrx_word' id='word_1_728' title='bbox 1079 5424 1301 5480; x_wconf 82' lang='lat' dir='ltr'><strong>Minime</strong></span> <span class='ocrx_word' id='word_1_729' title='bbox 1340 5426 1644 5491; x_wconf 88' lang='lat' dir='ltr'><strong>enimvero,</strong></span> <span class='ocrx_word' id='word_1_730' title='bbox 1672 5427 1768 5480; x_wconf 91' lang='lat' dir='ltr'><strong>sed</strong></span> <span class='ocrx_word' id='word_1_731' title='bbox 1812 5426 2055 5495; x_wconf 91' lang='lat' dir='ltr'><strong>priscum</strong></span> 
     </span>
    </p>
   </div>
   <div class='ocr_carea' id='block_1_103' title="bbox 468 5515 2056 5589">
    <p class='ocr_par' dir='ltr' id='par_1_103' title="bbox 468 5515 2056 5589">
     <span class='ocr_line' id='line_1_103' title="bbox 468 5515 2056 5589; baseline 0 -18"><span class='ocrx_word' id='word_1_732' title='bbox 468 5515 802 5571; x_wconf 88' lang='lat' dir='ltr'><strong>miraculum</strong></span> <span class='ocrx_word' id='word_1_733' title='bbox 836 5530 988 5571; x_wconf 90' lang='lat' dir='ltr'><strong>nunc</strong></span> <span class='ocrx_word' id='word_1_734' title='bbox 1018 5518 1305 5571; x_wconf 84' lang='lat' dir='ltr'><strong>renovavit</strong></span> <span class='ocrx_word' id='word_1_735' title='bbox 1346 5536 1360 5572; x_wconf 89' lang='lat'><strong>:</strong></span> <span class='ocrx_word' id='word_1_736' title='bbox 1394 5533 1520 5573; x_wconf 91' lang='lat' dir='ltr'><strong>nam</strong></span> <span class='ocrx_word' id='word_1_737' title='bbox 1560 5518 1766 5589; x_wconf 89' lang='lat' dir='ltr'><strong>pluvia,</strong></span> <span class='ocrx_word' id='word_1_738' title='bbox 1795 5526 2056 5587; x_wconf 87' lang='lat' dir='ltr'><strong>tanquam</strong></span> 
     </span>
    </p>
   </div>
   <div class='ocr_carea' id='block_1_104' title="bbox 459 5602 2052 5677">
    <p class='ocr_par' dir='ltr' id='par_1_104' title="bbox 459 5602 2052 5677">
     <span class='ocr_line' id='line_1_104' title="bbox 459 5602 2052 5677; baseline -0.001 -16"><span class='ocrx_word' id='word_1_739' title='bbox 459 5606 650 5675; x_wconf 86' lang='lat' dir='ltr'><strong>&#39;jussui</strong></span> <span class='ocrx_word' id='word_1_740' title='bbox 694 5602 1031 5677; x_wconf 77' lang='lat' dir='ltr'><strong>obsequens,</strong></span> <span class='ocrx_word' id='word_1_741' title='bbox 1086 5606 1503 5662; x_wconf 89' lang='lat' dir='ltr'><strong>circumstantia</strong></span> <span class='ocrx_word' id='word_1_742' title='bbox 1560 5609 1668 5663; x_wconf 89' lang='lat' dir='ltr'><strong>late</strong></span> <span class='ocrx_word' id='word_1_743' title='bbox 1740 5608 2052 5673; x_wconf 85' lang='lat' dir='ltr'><strong>inundavit,</strong></span> 
     </span>
    </p>
   </div>
   <div class='ocr_carea' id='block_1_105' title="bbox 546 5862 1468 5935">
    <p class='ocr_par' dir='ltr' id='par_1_105' title="bbox 546 5862 1468 5935">
     <span class='ocr_line' id='line_1_105' title="bbox 546 5862 1468 5935; baseline -0.002 -16"><span class='ocrx_word' id='word_1_744' title='bbox 546 5862 567 5896; x_wconf 86' lang='grc'><em>³</em></span> <span class='ocrx_word' id='word_1_745' title='bbox 604 5863 749 5919; x_wconf 88' lang='lat' dir='ltr'><strong>Psal.</strong></span> <span class='ocrx_word' id='word_1_746' title='bbox 781 5878 956 5935; x_wconf 80' lang='lat' dir='ltr'><strong>cxuv,</strong></span> <span class='ocrx_word' id='word_1_747' title='bbox 989 5862 1077 5921; x_wconf 78' lang='grc'><strong>16.</strong></span> <span class='ocrx_word' id='word_1_748' title='bbox 1147 5863 1171 5896; x_wconf 75' lang='grc'><strong>⁸</strong></span> <span class='ocrx_word' id='word_1_749' title='bbox 1212 5862 1348 5919; x_wconf 86' lang='lat' dir='ltr'><strong>ibid.</strong></span> <span class='ocrx_word' id='word_1_750' title='bbox 1387 5862 1468 5917; x_wconf 85' lang='lat' dir='ltr'><strong>l9.</strong></span> 
     </span>
    </p>
   </div>
   <div class='ocr_carea' id='block_1_106' title="bbox 2159 4674 3742 4745">
    <p class='ocr_par' dir='ltr' id='par_1_106' title="bbox 2159 4674 3742 4745">
     <span class='ocr_line' id='line_1_106' title="bbox 2159 4674 3742 4745; baseline -0.003 -15"><span class='ocrx_word' id='word_1_751' title='bbox 2159 4679 2357 4739; x_wconf 75' lang='grc' dir='ltr'>αὐτοὺς</span> <span class='ocrx_word' id='word_1_752' title='bbox 2399 4677 2732 4740; x_wconf 79' lang='grc' dir='ltr'>ἐκκαλεῖται,</span> <span class='ocrx_word' id='word_1_753' title='bbox 2777 4674 3095 4737; x_wconf 83' lang='grc' dir='ltr'>Ἀπέλθατε,</span> <span class='ocrx_word' id='word_1_754' title='bbox 3139 4674 3334 4742; x_wconf 79' lang='grc' dir='ltr'>λέγων,</span> <span class='ocrx_word' id='word_1_755' title='bbox 3375 4675 3742 4745; x_wconf 81' lang='grc' dir='ltr'>ἀριστήσατε,</span> 
     </span>
    </p>
   </div>
   <div class='ocr_carea' id='block_1_107' title="bbox 2157 4765 3737 4837">
    <p class='ocr_par' dir='ltr' id='par_1_107' title="bbox 2157 4765 3737 4837">
     <span class='ocr_line' id='line_1_107' title="bbox 2157 4765 3737 4837; baseline 0.002 -18"><span class='ocrx_word' id='word_1_756' title='bbox 2157 4769 2345 4831; x_wconf 80' lang='grc' dir='ltr'>τέκνα,</span> <span class='ocrx_word' id='word_1_757' title='bbox 2379 4769 2471 4820; x_wconf 66' lang='grc' dir='ltr'><strong>καὶ</strong></span> <span class='ocrx_word' id='word_1_758' title='bbox 2506 4765 2708 4836; x_wconf 81' lang='grc' dir='ltr'>Κύριος</span> <span class='ocrx_word' id='word_1_759' title='bbox 2736 4767 2950 4837; x_wconf 77' lang='grc' dir='ltr'>ποιήσει</span> <span class='ocrx_word' id='word_1_760' title='bbox 2975 4766 3043 4819; x_wconf 81' lang='grc' dir='ltr'><strong>τά</strong></span> <span class='ocrx_word' id='word_1_761' title='bbox 3068 4765 3190 4836; x_wconf 81' lang='grc' dir='ltr'><strong>ἐλέη</strong></span> <span class='ocrx_word' id='word_1_762' title='bbox 3215 4765 3379 4819; x_wconf 84' lang='grc' dir='ltr'>αὑτοῦ</span> <span class='ocrx_word' id='word_1_763' title='bbox 3410 4765 3529 4836; x_wconf 81' lang='grc' dir='ltr'>μεθ’</span> <span class='ocrx_word' id='word_1_764' title='bbox 3550 4767 3737 4835; x_wconf 81' lang='grc' dir='ltr'>ὑμῶν.</span> 
     </span>
    </p>
   </div>
   <div class='ocr_carea' id='block_1_108' title="bbox 2159 4858 3742 4930">
    <p class='ocr_par' dir='ltr' id='par_1_108' title="bbox 2159 4858 3742 4930">
     <span class='ocr_line' id='line_1_108' title="bbox 2159 4858 3742 4930; baseline 0 -19"><span class='ocrx_word' id='word_1_765' title='bbox 2159 4858 2346 4921; x_wconf 74' lang='grc' dir='ltr'>Οὕτως</span> <span class='ocrx_word' id='word_1_766' title='bbox 2379 4859 2505 4917; x_wconf 80' lang='grc' dir='ltr'>τοὺς</span> <span class='ocrx_word' id='word_1_767' title='bbox 2536 4858 2771 4927; x_wconf 80' lang='grc' dir='ltr'>ἐργάτας</span> <span class='ocrx_word' id='word_1_768' title='bbox 2822 4858 3290 4929; x_wconf 72' lang='grc' dir='ltr'>προτρεψάμενος,</span> <span class='ocrx_word' id='word_1_769' title='bbox 3330 4858 3447 4911; x_wconf 67' lang='grc' dir='ltr'>καί</span> <span class='ocrx_word' id='word_1_770' title='bbox 3465 4858 3585 4930; x_wconf 87' lang='grc' dir='ltr'>μεθ’</span> <span class='ocrx_word' id='word_1_771' title='bbox 3612 4858 3742 4923; x_wconf 79' lang='grc' dir='ltr'>ἑνὸς</span> 
     </span>
    </p>
   </div>
   <div class='ocr_carea' id='block_1_109' title="bbox 2158 4948 3743 5019">
    <p class='ocr_par' dir='ltr' id='par_1_109' title="bbox 2158 4948 3743 5019">
     <span class='ocr_line' id='line_1_109' title="bbox 2158 4948 3743 5019; baseline -0.001 -18"><span class='ocrx_word' id='word_1_772' title='bbox 2158 4951 2217 5001; x_wconf 77' lang='grc' dir='ltr'>ὲν</span> <span class='ocrx_word' id='word_1_773' title='bbox 2251 4952 2318 5018; x_wconf 79' lang='grc' dir='ltr'>τῇ</span> <span class='ocrx_word' id='word_1_774' title='bbox 2362 4949 2474 5018; x_wconf 72' lang='grc' dir='ltr'>ὅλῳ</span> <span class='ocrx_word' id='word_1_775' title='bbox 2527 4948 2893 5019; x_wconf 69' lang='grc' dir='ltr'>ὑπολειφθεὶς,</span> <span class='ocrx_word' id='word_1_776' title='bbox 2946 4949 3071 5018; x_wconf 87' lang='grc' dir='ltr'>γόνυ</span> <span class='ocrx_word' id='word_1_777' title='bbox 3106 4948 3217 5019; x_wconf 80' lang='grc' dir='ltr'>’μὲν</span> <span class='ocrx_word' id='word_1_778' title='bbox 3280 4948 3441 5019; x_wconf 78' lang='grc' dir='ltr'>πρὸς</span> <span class='ocrx_word' id='word_1_779' title='bbox 3471 4950 3743 5014; x_wconf 67' lang='grc' dir='ltr'>ἀνατολὰς</span> 
     </span>
    </p>
   </div>
   <div class='ocr_carea' id='block_1_110' title="bbox 2158 5040 3740 5112">
    <p class='ocr_par' dir='ltr' id='par_1_110' title="bbox 2158 5040 3740 5112">
     <span class='ocr_line' id='line_1_110' title="bbox 2158 5040 3740 5112; baseline 0 -19"><span class='ocrx_word' id='word_1_780' title='bbox 2158 5041 2361 5105; x_wconf 75' lang='grc' dir='ltr'>ἔκλινε,</span> <span class='ocrx_word' id='word_1_781' title='bbox 2386 5041 2497 5104; x_wconf 83' lang='grc' dir='ltr'>τοῖς</span> <span class='ocrx_word' id='word_1_782' title='bbox 2532 5041 2733 5111; x_wconf 75' lang='grc' dir='ltr'>χείλεσι</span> <span class='ocrx_word' id='word_1_783' title='bbox 2764 5040 2819 5093; x_wconf 82' lang='grc' dir='ltr'>δὲ</span> <span class='ocrx_word' id='word_1_784' title='bbox 2869 5040 3273 5112; x_wconf 72' lang='grc' dir='ltr'>ὑποψιθυρίζων</span> <span class='ocrx_word' id='word_1_785' title='bbox 3315 5043 3411 5094; x_wconf 79' lang='grc' dir='ltr'>σὺν</span> <span class='ocrx_word' id='word_1_786' title='bbox 3450 5041 3740 5111; x_wconf 85' lang='grc' dir='ltr'>δάκρυσιν,</span> 
     </span>
    </p>
   </div>
   <div class='ocr_carea' id='block_1_111' title="bbox 2160 5116 3741 5203">
    <p class='ocr_par' dir='ltr' id='par_1_111' title="bbox 2160 5116 3741 5203">
     <span class='ocr_line' id='line_1_111' title="bbox 2160 5116 3741 5203; baseline 0 -20"><span class='ocrx_word' id='word_1_787' title='bbox 2160 5133 2300 5184; x_wconf 82' lang='grc' dir='ltr'>ίλεον</span> <span class='ocrx_word' id='word_1_788' title='bbox 2325 5131 2391 5203; x_wconf 82' lang='grc' dir='ltr'><strong>[Ῑ.</strong></span> <span class='ocrx_word' id='word_1_789' title='bbox 2426 5160 2448 5172; x_wconf 81' lang='grc' dir='ltr'><strong><em>ο</em></strong></span> <span class='ocrx_word' id='word_1_790' title='bbox 2488 5132 2589 5203; x_wconf 88' lang='grc' dir='ltr'>ων]</span> <span class='ocrx_word' id='word_1_791' title='bbox 2614 5116 2707 5183; x_wconf 75' lang='grc' dir='ltr'>τὸν</span> <span class='ocrx_word' id='word_1_792' title='bbox 2731 5131 2865 5184; x_wconf 78' lang='grc' dir='ltr'>Θεὸν</span> <span class='ocrx_word' id='word_1_793' title='bbox 2894 5130 3146 5200; x_wconf 76' lang='grc' dir='ltr'>γενέσθαι</span> <span class='ocrx_word' id='word_1_794' title='bbox 3190 5131 3422 5198; x_wconf 82' lang='grc' dir='ltr'>ἱκέτευε,</span> <span class='ocrx_word' id='word_1_795' title='bbox 3457 5132 3552 5184; x_wconf 64' lang='grc' dir='ltr'>διαὶ</span> <span class='ocrx_word' id='word_1_796' title='bbox 3580 5132 3741 5185; x_wconf 74' lang='grc' dir='ltr'>ὑετὸν</span> 
     </span>
    </p>
   </div>
   <div class='ocr_carea' id='block_1_112' title="bbox 2160 5221 3740 5295">
    <p class='ocr_par' dir='ltr' id='par_1_112' title="bbox 2160 5221 3740 5295">
     <span class='ocr_line' id='line_1_112' title="bbox 2160 5221 3740 5295; baseline -0.001 -18"><span class='ocrx_word' id='word_1_797' title='bbox 2160 5224 2495 5293; x_wconf 81' lang='grc' dir='ltr'>παρενέγκαι</span> <span class='ocrx_word' id='word_1_798' title='bbox 2539 5224 2629 5275; x_wconf 76' lang='grc' dir='ltr'><strong>ἐπὶ</strong></span> <span class='ocrx_word' id='word_1_799' title='bbox 2672 5222 2847 5294; x_wconf 74' lang='grc' dir='ltr'>βλάϐῃ</span> <span class='ocrx_word' id='word_1_800' title='bbox 2891 5223 2987 5275; x_wconf 76' lang='grc' dir='ltr'><strong>καὶ</strong></span> <span class='ocrx_word' id='word_1_801' title='bbox 3022 5221 3273 5293; x_wconf 66' lang='grc' dir='ltr'>ἀπωλείᾳ</span> <span class='ocrx_word' id='word_1_802' title='bbox 3298 5223 3526 5293; x_wconf 77' lang='grc' dir='ltr'>καρπῶν</span> <span class='ocrx_word' id='word_1_803' title='bbox 3564 5225 3740 5295; x_wconf 79' lang='grc' dir='ltr'>ἐπερ-</span> 
     </span>
    </p>
   </div>
   <div class='ocr_carea' id='block_1_113' title="bbox 2158 5309 3741 5385">
    <p class='ocr_par' dir='ltr' id='par_1_113' title="bbox 2158 5309 3741 5385">
     <span class='ocr_line' id='line_1_113' title="bbox 2158 5309 3741 5385; baseline 0 -19"><span class='ocrx_word' id='word_1_804' title='bbox 2158 5314 2409 5384; x_wconf 83' lang='grc' dir='ltr'>χόμενον.</span> <span class='ocrx_word' id='word_1_805' title='bbox 2449 5314 2516 5367; x_wconf 86' lang='grc' dir='ltr'>Τί</span> <span class='ocrx_word' id='word_1_806' title='bbox 2544 5309 2670 5379; x_wconf 80' lang='grc' dir='ltr'>οὗν;</span> <span class='ocrx_word' id='word_1_807' title='bbox 2706 5315 2732 5367; x_wconf 90' lang='lat'><strong>6</strong></span> <span class='ocrx_word' id='word_1_808' title='bbox 2762 5316 2928 5384; x_wconf 78' lang='grc' dir='ltr'>ταχὺς</span> <span class='ocrx_word' id='word_1_809' title='bbox 2961 5312 3093 5383; x_wconf 76' lang='grc' dir='ltr'>πρὸς</span> <span class='ocrx_word' id='word_1_810' title='bbox 3116 5310 3464 5385; x_wconf 70' lang='grc' dir='ltr'>ἐπικουρίαν,</span> <span class='ocrx_word' id='word_1_811' title='bbox 3487 5315 3580 5367; x_wconf 77' lang='grc' dir='ltr'><strong>καὶ</strong></span> <span class='ocrx_word' id='word_1_812' title='bbox 3621 5333 3638 5364; x_wconf 76' lang='grc' dir='ltr'><strong>ι</strong></span> <span class='ocrx_word' id='word_1_813' title='bbox 3678 5316 3741 5366; x_wconf 77' lang='grc' dir='ltr'>τὸ</span> 
     </span>
    </p>
   </div>
   <div class='ocr_carea' id='block_1_114' title="bbox 2160 5403 3736 5478">
    <p class='ocr_par' dir='ltr' id='par_1_114' title="bbox 2160 5403 3736 5478">
     <span class='ocr_line' id='line_1_114' title="bbox 2160 5403 3736 5478; baseline 0 -20"><span class='ocrx_word' id='word_1_814' title='bbox 2160 5405 2374 5476; x_wconf 78' lang='grc' dir='ltr'>θέλημα</span> <span class='ocrx_word' id='word_1_815' title='bbox 2414 5405 2525 5459; x_wconf 86' lang='grc' dir='ltr'><strong>τῶν</strong></span> <span class='ocrx_word' id='word_1_816' title='bbox 2576 5407 2929 5476; x_wconf 75' lang='grc' dir='ltr'>φοϐουμένων</span> <span class='ocrx_word' id='word_1_817' title='bbox 2959 5407 3122 5463; x_wconf 79' lang='grc' dir='ltr'>αὐτὸν</span> <span class='ocrx_word' id='word_1_818' title='bbox 3155 5406 3345 5471; x_wconf 84' lang='grc' dir='ltr'>ποιῶν,</span> <span class='ocrx_word' id='word_1_819' title='bbox 3377 5425 3395 5458; x_wconf 76' lang='grc' dir='ltr'><strong>ι</strong></span> <span class='ocrx_word' id='word_1_820' title='bbox 3439 5403 3550 5478; x_wconf 85' lang='grc' dir='ltr'>ἆρα</span> <span class='ocrx_word' id='word_1_821' title='bbox 3591 5424 3736 5477; x_wconf 88' lang='grc' dir='ltr'>παρ-</span> 
     </span>
    </p>
   </div>
   <div class='ocr_carea' id='block_1_115' title="bbox 2160 5498 3737 5573">
    <p class='ocr_par' dir='ltr' id='par_1_115' title="bbox 2160 5498 3737 5573">
     <span class='ocr_line' id='line_1_115' title="bbox 2160 5498 3737 5573; baseline -0.001 -22"><span class='ocrx_word' id='word_1_822' title='bbox 2160 5498 2361 5569; x_wconf 73' lang='grc' dir='ltr'>ἢκουσε</span> <span class='ocrx_word' id='word_1_823' title='bbox 2391 5498 2483 5553; x_wconf 78' lang='grc' dir='ltr'>τοῦ</span> <span class='ocrx_word' id='word_1_824' title='bbox 2514 5498 2678 5553; x_wconf 79' lang='grc' dir='ltr'>αὐτοῦ</span> <span class='ocrx_word' id='word_1_825' title='bbox 2726 5499 3055 5573; x_wconf 84' lang='grc' dir='ltr'>θεράποντος</span> <span class='ocrx_word' id='word_1_826' title='bbox 3074 5502 3168 5553; x_wconf 75' lang='grc' dir='ltr'><strong>καὶ</strong></span> <span class='ocrx_word' id='word_1_827' title='bbox 3201 5498 3461 5569; x_wconf 77' lang='grc' dir='ltr'>ἐϐράδυνε</span> <span class='ocrx_word' id='word_1_828' title='bbox 3486 5500 3583 5551; x_wconf 74' lang='grc' dir='ltr'>τοῦ</span> <span class='ocrx_word' id='word_1_829' title='bbox 3614 5500 3737 5551; x_wconf 82' lang='grc' dir='ltr'>ἐίσ-</span> 
     </span>
    </p>
   </div>
   <div class='ocr_carea' id='block_1_116' title="bbox 2160 5586 3737 5664">
    <p class='ocr_par' dir='ltr' id='par_1_116' title="bbox 2160 5586 3737 5664">
     <span class='ocr_line' id='line_1_116' title="bbox 2160 5586 3737 5664; baseline -0.003 -18"><span class='ocrx_word' id='word_1_830' title='bbox 2160 5591 2428 5657; x_wconf 79' lang='grc' dir='ltr'>ακοῦσαι;</span> <span class='ocrx_word' id='word_1_831' title='bbox 2479 5593 2779 5663; x_wconf 73' lang='grc' dir='ltr'>Οὐμενοῦν,</span> <span class='ocrx_word' id='word_1_832' title='bbox 2834 5591 2972 5646; x_wconf 82' lang='grc' dir='ltr'>ἀλλὰ</span> <span class='ocrx_word' id='word_1_833' title='bbox 3005 5592 3192 5664; x_wconf 75' lang='grc' dir='ltr'>θαῦμα</span> <span class='ocrx_word' id='word_1_834' title='bbox 3231 5589 3461 5662; x_wconf 52' lang='grc' dir='ltr'>παλαιὴν</span> <span class='ocrx_word' id='word_1_835' title='bbox 3501 5586 3737 5643; x_wconf 77' lang='grc' dir='ltr'>ἐνταῦθα</span> 
     </span>
    </p>
   </div>
  </div>
