4072 6436
485 366 590 430 495

478 595 508 630 n
533 591 694 637 :eum,
715 589 878 626 cursu
911 584 1292 628 consummato
1320 586 1375 628 et
1409 575 1612 643 fide,ut
1635 580 1711 633 ait
1732 579 1894 635 divus
1918 581 2056 635 Pau-

474 671 584 736 lus,
613 677 826 723 servata
855 668 895 729 ⁵,
925 664 1288 735 complurium
1321 669 1568 724 laborum
1596 681 1758 741 atque
1792 671 2053 726 sudorum

480 764 643 817 tinem
673 761 876 822 facere,
913 773 974 812 ac
1005 759 1229 823 resolvi,
1257 771 1314 814 et
1341 777 1461 816 esse
1493 777 1616 817 cum
1649 764 1875 820 Cbristo
1920 767 1962 828 ⁸,
1999 773 2056 819 et

475 851 708 907 vivificze
731 837 990 906 T‘rinitati
1024 853 1370 920 prmsentari,
1397 855 1452 908 in
1478 870 1604 909 eum
1640 856 1895 910 morbum
1915 855 2054 910 inci-

474 945 574 1008 dit,
607 958 718 1014 quo
745 943 967 998 beatum
1001 943 1211 996 exitum
1260 943 1495 1014 adeptus
1544 957 1650 1002 est.
1701 947 1822 1016 Ipsa
1868 957 2052 1002 autem

474 1037 584 1100 die,
619 1049 726 1104 qua
759 1033 827 1088 de
861 1033 964 1088 boc
1004 1033 1361 1088 tabernaculo
1383 1035 1717 1106 migraturus
1747 1047 1888 1104 erat,
1926 1054 2045 1092 mo-

473 1125 688 1180 nachus
715 1123 974 1196 quidam,
1014 1125 1237 1179 nomine
1277 1124 1562 1191 Leontius,
1609 1126 1876 1199 dignitate
1929 1143 2052 1198 pre—

474 1219 660 1288 sbyter
712 1226 768 1272 et
816 1216 961 1272 inter
1025 1216 1342 1271 monasterii
1409 1218 1704 1288 primates,
1769 1219 2056 1274 matutinis

474 1305 696 1379 hymnis
732 1305 801 1361 de
850 1321 1002 1360 more
1039 1305 1201 1359 finem
1241 1305 1595 1372 habentibus,
1629 1323 1824 1363 soumo
1855 1326 1915 1364 se
1948 1319 2056 1363 tra-

475 1405 630 1460 dens,
647 1414 838 1454 vocem
857 1397 1068 1452 audivit
1085 1397 1310 1452 tonitrui
1331 1398 1586 1463 similem,
1604 1417 1726 1470 quae
1748 1401 1820 1454 ita
1842 1402 2054 1459 aiebat:

484 1506 500 1537 ι
565 1486 795 1540 Paratus
839 1497 924 1540 est
975 1487 1122 1540 l'atri
1180 1485 1580 1543 Bartliolomaao
1639 1490 1869 1544 thronus
1929 1508 2055 1561 per-

478 1585 698 1646 petuus.
740 1595 758 1628 i
799 1575 1009 1630 Pavore
1035 1575 1124 1630 ille
1151 1589 1444 1646 correptus
1488 1587 1627 1634 etex
1659 1581 1797 1635 cella
1829 1582 1968 1636 saltu
1999 1598 2057 1638 sc

473 1667 812 1738 proripiens,
845 1669 1270 1737 percontabatur
1301 1681 1658 1726 occurrentes
1697 1688 1826 1725 num
1861 1683 1916 1727 et
1955 1673 2056 1744 ipsi

470 1770 663 1814 vocem
697 1759 845 1813 illam
875 1759 1161 1814 audissent
1194 1778 1206 1814 :
1239 1762 1444 1830 quibus
1475 1765 1830 1834 negantibus,
1867 1766 2053 1836 Atqui,

472 1850 652 1919 inquit
683 1849 796 1912 ille,
824 1864 1015 1904 vocem
1037 1850 1305 1920 ejusmodi
1330 1851 1551 1907 Tusculi
1575 1870 1792 1925 quoque
1811 1857 2053 1912 auditam
2092 1845 2134 1906 Β

469 1941 744 1995 existimo.
775 1940 1028 1995 Profecto
1051 1956 1114 1994 ea
1143 1957 1245 1996 vox
1279 1955 1468 2012 parata
1500 1956 1691 2000 saneto
1751 1947 1868 2001 viro
1912 1948 2052 2002 bona

468 2041 526 2084 et
570 2029 799 2100 gloriam
842 2046 950 2101 qua
1001 2047 1125 2085 mox
1162 2033 1442 2102 potiturus
1490 2045 1629 2099 erat,
1669 2037 1830 2092 nobis
1880 2039 2052 2110 signi-

469 2121 687 2176 ficabat.
717 2121 948 2192 Jamque
977 2122 1066 2177 die
1099 2122 1422 2187 inclinante.
1451 2126 1644 2180 beatus
1669 2127 1752 2180 vir
1779 2128 1844 2181 ad
1873 2130 2053 2183 Domi.

469 2229 600 2268 num
625 2214 900 2285 migravit.
922 2215 986 2269 Et
1005 2231 1153 2270 nunc
1182 2217 1236 2269 in
1257 2217 1414 2271 ccelis
1435 2225 1540 2285 est,
1563 2219 1845 2289 Deumque
1875 2221 2054 2275 cernit

471 2315 526 2360 et
557 2308 846 2360 cernitur:
883 2307 1054 2362 Deum
1097 2311 1264 2362 cernit
1317 2309 1572 2364 videlicet
1614 2328 1778 2382 quem
1823 2316 2049 2376 amavit,

473 2399 563 2450 (ui
595 2397 903 2464 inservivit,
933 2415 1097 2468 quem
1137 2400 1383 2468 proxime
1411 2401 1633 2456 adstans
1657 2421 1752 2473 pro
1777 2405 1936 2459 nobis
1959 2404 2054 2458 de-

473 2499 750 2558 precatur.

543 2769 626 2822 ΞΟ.
659 2772 830 2824 Porro
851 2785 1067 2840 a-quum
1095 2785 1203 2825 non
1226 2781 1329 2838 est,
1363 2772 1710 2840 miraculum,
1746 2787 1866 2845 post
1905 2778 2052 2832 illius

474 2864 770 2919 transitum
792 2864 1028 2930 editum,
1049 2864 1315 2936 indictum
1344 2869 1787 2936 praetermittere,
1818 2887 2049 2938 pra‘scr-

474 2957 568 3008 tim
615 2957 744 3025 quia
788 2957 908 3009 voci
951 2971 980 3010 a
1031 2957 1304 3010 monacho
1361 2958 1594 3012 Leontio
1627 2960 1834 3013 audite
1882 2963 2052 3031 a-qui-

471 3047 662 3121 pollet,
699 3047 861 3118 eique
912 3048 1073 3103 fidem
1123 3049 1434 3104 confirmat.
1471 3051 1626 3106 Alius
1677 3052 1899 3120 quidam
1933 3071 2051 3106 ttio-

473 3138 708 3200 nachus,
760 3138 1003 3195 Francus
1061 3141 1308 3207 nomine,
1360 3141 1413 3194 in
1459 3143 1714 3195 morbum
1772 3144 2050 3214 delapsus,

471 3239 728 3294 mortem,
757 3239 812 3283 ut
844 3229 1285 3300 videbatur,jam
1311 3233 1640 3302 oppetebat;
1675 3245 1729 3288 et
1755 3251 1884 3290 voce
1915 3236 2053 3292 defi-

469 3322 671 3384 ciente,
726 3321 1034 3376 exstinctus
1095 3323 1418 3392 apparebat,
1478 3325 1597 3378 sine
1660 3327 2044 3396 respiratione,

471 3414 590 3468 sine
618 3422 793 3473 motu.
824 3412 1031 3466 nullam
1058 3415 1279 3467 vitalem
1301 3414 1617 3470 facultatem
1645 3433 1756 3486 prae
1773 3435 1830 3473 se
1848 3418 2051 3474 ferens.

473 3501 635 3554 Facto
657 3499 841 3568 itaque
877 3499 1133 3566 fratrum,
1167 3511 1224 3555 ut
1250 3518 1368 3556 mos
1391 3514 1499 3567 est,
1535 3521 1830 3570 concursu,
1855 3517 1909 3561 et
1933 3509 2055 3562 aliis

470 3595 693 3665 quidem
749 3595 1132 3650 tumulandutn
1161 3598 1499 3663 dicentibus,
1543 3602 1666 3655 aliis
1708 3603 1760 3656 id
1789 3603 2054 3658 tliileren-

469 3685 778 3752 tibus,dies
805 3688 914 3758 jam
944 3689 1092 3742 nocti
1121 3688 1556 3759 propinquabat;
1585 3693 1674 3747 ille
1695 3694 2054 3751 nihilominus

467 3787 722 3833 mortuus
775 3778 1085 3834 videbatur.
1139 3783 1510 3846 Quamobrem
1564 3784 1850 3840 funebrem
1888 3787 2052 3841 lotio-

468 3884 594 3924 ncm
646 3870 1027 3940 aggredientes
1051 3911 1066 3935 ,
1104 3872 1233 3925 dum
1266 3875 1319 3928 in
1361 3891 1488 3928 eum
1523 3891 1723 3946 aquam
1759 3877 2052 3947 injiccrcnt

465 3973 521 4018 et
578 3964 706 4019 hinc
758 3965 886 4020 inde
935 3975 1344 4027 converterent,
1373 3979 1600 4035 repente
1632 3978 1904 4034 mortuus,
1939 3970 2049 4038 jam

468 4057 627 4111 vivus
657 4065 810 4122 erat;
847 4067 904 4110 et
938 4057 1030 4126 qui
1072 4057 1238 4125 paulo
1261 4067 1386 4111 ante
1427 4069 1634 4122 mutus,
1672 4076 1819 4113 nunc
1853 4062 2051 4129 loque-

467 4143 649 4208 batur,
681 4145 1042 4214 lavantesque
1079 4147 1491 4216 reprehendens
1521 4149 1705 4205 aiebat
1725 4151 1865 4205 :Cur
1891 4151 2047 4215 mihi,

465 4236 686 4297 fratres,
727 4235 833 4288 vim
870 4235 1087 4290 facitis?
1119 4239 1230 4290 (Tur
1278 4254 1364 4292 me
1409 4244 1650 4295 suaviter
1681 4242 2050 4298 dormientem

462 4326 790 4382 excitastis?
823 4325 998 4396 Ilique
1045 4328 1110 4381 ad
1169 4329 1322 4382 illum
1362 4347 1374 4382 :
1408 4329 1680 4386 Morinum
1739 4344 1787 4387 te
1837 4335 2048 4404 integra

463 4417 556 4473 die
583 4419 910 4488 conspicati,
933 4433 1080 4473 nunc
1102 4418 1284 4473 lavare
1315 4421 1610 4477 voluimus.
1627 4423 1840 4478 Rursus
1862 4436 2046 4480 autem

463 4505 557 4576 qui
585 4507 820 4576 iacebat,
857 4505 1131 4562 disserere
1182 4511 1389 4578 coepit:
1423 4509 1552 4580 Ego,
1602 4512 1717 4566 sive
1747 4513 1798 4565 in
1817 4529 2048 4582 corpore

462 4599 660 4652 fuerim
730 4600 845 4654 sive
887 4609 1041 4653 extra
1081 4616 1304 4670 corpus,
1341 4602 1590 4656 videbam
1624 4619 1708 4660 me
1739 4604 2044 4658 solitarium

464 4687 531 4740 ad
561 4689 859 4756 quemdam
893 4704 1122 4760 pergere
1149 4689 1352 4766 locum,
1386 4690 1600 4744 duabus
1632 4708 1716 4745 mc
1741 4695 2052 4761 praeceden-

467 4778 614 4832 tibus
669 4779 976 4846 columbis;
1035 4795 1268 4850 quarum
1325 4797 1430 4834 una
1487 4781 1634 4847 alba,
1663 4783 1835 4837 altera
1872 4787 2046 4855 nigra,

464 4870 934 4924 circumvolabant
985 4887 1105 4936 me;
1143 4872 1264 4925 alba
1306 4871 1529 4941 quidem
1555 4872 1926 4942 dextrorsum,
1967 4879 2052 4929 ni-

461 4975 556 5030 gra
585 4961 982 5017 sinistrorsum.
1016 4962 1105 5017 Sic
1138 4978 1270 5033 ergo
1296 4965 1667 5033 praeeuntibus
1697 4966 1822 5030 illis,
1853 4983 2048 5037 meque

463 5051 854 5120 subsequente.
889 5055 942 5106 in
972 5068 1225 5124 campum
1261 5055 1555 5123 quemdam
1579 5056 1925 5121 devenimus,
1963 5059 2042 5111 in-

460 5143 762 5195 enarrabili
795 5145 917 5198 luce
940 5145 1306 5217 etf‘ragrantia
1330 5147 1551 5214 plenum
1577 5164 1591 5212 ;
1621 5162 1732 5217 quo
1768 5147 1822 5201 in
1854 5164 2046 5218 campo

461 5234 592 5288 dum
621 5234 806 5290 animo
853 5237 1216 5302 attenderem,
1266 5239 1481 5292 Patrem
1525 5249 1774 5295 nostrum
1809 5252 2044 5295 stantem

461 5325 744 5394 conspexi,
783 5327 1038 5397 circaque
1084 5344 1208 5382 eum
1255 5345 1556 5400 pauperum
1608 5333 2042 5400 multitudinem,

457 5417 662 5488 quibus
707 5418 794 5473 ille
837 5435 1033 5489 panem
1089 5421 1478 5492 elargiebatur.
1529 5425 1668 5480 Cum
1693 5437 1876 5480 autem
1907 5443 2044 5481 con-

459 5524 619 5564 verso
675 5510 836 5564 oculo
887 5527 973 5564 me
1009 5511 1276 5566 vidisset:
1315 5514 1456 5580 Quid
1511 5518 1626 5588 agis
1681 5519 1792 5585 hic,
1841 5519 2042 5590 inquit,

459 5600 710 5658 France?
730 5601 924 5672 quisve
955 5611 1008 5658 te
1049 5604 1156 5660 buc
1180 5605 1447 5662 adduxit?
1480 5609 1594 5680 Ego
1613 5628 1744 5667 vero
1772 5613 1872 5675 illi,
1906 5627 2045 5681 quo-

530 5799 614 5856 ειι
643 5771 782 5857 Tini.
821 5820 894 5871 ιν,
931 5805 980 5859 7.
1060 5806 1079 5836 ο
1108 5803 1343 5878 Philipp.
1378 5824 1415 5876 ι,
1450 5809 1536 5866 25.

1521 372 1735 432 LUCAE
1774 373 2090 432 ABBATIS
2128 375 2742 440 CBYI’TOFERRAT.

553 480 636 536 fil.
679 479 796 534 Jam
823 477 950 548 quia
982 478 1271 547 oportebat
1309 478 1489 549 ipsum
1518 498 1737 553 quoque
1764 484 2056 541 Bartbolo-
2090 496 2132 550 Α

3633 385 3732 450 496

2237 487 2321 543 ιθ’.
2373 491 2590 560 Ἐπειδὴ
2630 491 2686 544 δὲ
2718 491 2824 544 ἔδει
2871 493 2962 546 καὶ
2997 494 3179 560 αὐτὸν,
3219 497 3312 551 τὸν
3359 499 3559 570 δρόμον
3588 505 3735 559 τελέ-

2162 599 2331 634 σαντα
2365 582 2460 635 καὶ
2485 583 2582 653 τὴν
2621 582 2822 649 πίστιν,
2861 588 3000 639 κατὰ
3039 586 3131 639 τὸν
3174 587 3461 646 θεσπέσιον
3505 594 3730 662 Παῦλον,

2159 674 2502 742 τηρήσαντα,
2529 674 2636 726 τῶν
2661 675 2868 730 πολλῶν
2894 677 3072 731 πόνων
3101 683 3194 734 καὶ
3223 683 3463 752 ἱδρώτων
3491 685 3730 758 λυθῆναι,

2160 765 2427 818 ἀναλῦσαι
2457 783 2538 830 τε,
2575 767 2670 819 καὶ
2697 769 2794 821 σὺν
2823 771 3048 842 Χριστῷ
3073 769 3213 825 εἶναι
3244 775 3338 828 καὶ
3370 779 3433 846 τῇ
3459 777 3734 852 ξωαρχικῇ

2161 855 2353 923 Τριάδι
2387 857 2776 928 παρίστασθαι,
2809 860 2949 930 νόσῳ
2994 865 3338 932 περιπίπτει,
3376 867 3432 918 ἐν
3545 869 3606 922 τὸ
3637 889 3736 939 μα-

2161 949 2352 1018 κάριον
2393 951 2544 1013 τέλος
2589 951 2826 1016 ἐδέξατο.
2875 955 3023 1024 Αὺτῇ
3067 956 3124 1008 δὲ
3153 959 3217 1027 τῇ
3255 957 3461 1030 ἡμέρᾳ,
3505 963 3562 1014 ἐν
3588 955 3735 1034 τοῦ

2163 1043 2394 1111 σκήνους
2423 1043 2682 1114 ἐκδημεῖν
2708 1046 2921 1114 ἔμελλε,
2957 1049 3191 1118 μοναχός
3213 1067 3298 1108 τις
3321 1052 3547 1123 ὀνόματι
3575 1056 3737 1108 Aedu-

2161 1151 2294 1199 τιος,
2327 1135 2698 1207 πρεσϐύτερός
2730 1155 2789 1191 τε
2823 1137 2919 1209 τὴν
2958 1139 3118 1204 ἀξίαν
3149 1142 3243 1195 καὶ
3273 1143 3379 1197 τῶν
3411 1145 3468 1196 ἐν
3505 1147 3571 1216 τῇ
3602 1150 3736 1217 μονῇ

2160 1227 2229 1280 τὰ
2259 1229 2452 1298 πρῶτα
2486 1230 2782 1299 φερόντων,
2819 1233 2930 1284 τῶν
2959 1234 3227 1304 ὀρθρινῶν
3259 1235 3464 1306 ὓμνων,
3493 1236 3567 1299 ὡς
3597 1238 3737 1303 ἔθος,

2159 1321 2335 1391 πέρας
2392 1321 2686 1388 λαϐόντων,
2736 1323 2890 1396 ὕπνῳ
2937 1327 3128 1382 ἑαυτὸν
3169 1329 3502 1394 ἐκδεδωκὼς,
3557 1331 3738 1397 φωνῆς

2161 1416 2352 1468 ἀκούει
2406 1417 2602 1486 βροντῇ
2646 1418 3072 1490 παραπλησίαςο
3105 1422 3138 1490 ἡ
3179 1421 3236 1474 δέ
3263 1423 3415 1492 quivi;
3449 1423 3574 1474 τάδε
3615 1422 3741 1493 ἐδη-

2159 1509 2254 1561 λου
2277 1525 2289 1538 ·
2332 1527 2350 1561 ι
2403 1511 2765 1578 Ἠτοίμασται
2803 1513 2881 1582 τῷ
2926 1514 3104 1583 [lath
3137 1512 3528 1585 Βαρθολομαίῳ
3554 1515 3741 1584 θρόνος

2159 1600 2459 1671 ἀδιάδοχος.
2502 1621 2519 1653 ι
2549 1603 2854 1674 Σύντρομος
2887 1604 2980 1658 οῦν
3021 1605 3334 1674 γενόμενος,
3376 1609 3468 1661 καὶ
3496 1608 3594 1676 τῆς
3625 1609 3724 1661 κέλ

2161 1693 2258 1764 λης
2304 1695 2569 1759 ἀναστὰς,
2627 1699 2723 1749 καὶ
2770 1698 2971 1768 ἅλματι
3019 1702 3358 1770 ἐκπηδήσας,
3401 1702 3566 1772 ἤρετο
3612 1702 3741 1762 τοὺς

2161 1789 2710 1857 παρατυγχάνοντας,
2759 1794 2808 1844 εί
2861 1794 2957 1845 καὶ
3005 1793 3163 1846 αὐτοὶ
3215 1795 3314 1864 τῆς
3359 1794 3544 1862 φωνῆς
3601 1796 3744 1863 ήκηο

2163 1881 2411 1944 κόεισαν;
2448 1881 2570 1935 Τῶν
2599 1881 2655 1934 δὲ
2709 1882 2874 1953 μηδὲν
2917 1885 3216 1954 ἀκηκοέναι
3259 1885 3568 1956 φησάντων,
3603 1887 3746 1938 ἐκεῖ·

2159 1987 2268 2034 νος,
2318 1972 2428 2026 Καὶ
2459 1974 2591 2044 μὴν,
2637 1973 2767 2043 ἔφη,
2794 1978 2853 2027 έν
2889 1979 2954 2045 τῇ
2994 1975 3376 2050 Τουσκουλάνῃ
3419 1977 3516 2045 τὴν
3559 1976 3744 2047 φωνὴν

2157 2065 2375 2135 ἐκείνην
2428 2067 2637 2136 νομίζω
2693 2067 3106 2138 ὰκουτισθῆναι.
3167 2070 3278 2124 Καὶ
3328 2068 3504 2122 ταῦτα
3553 2070 3659 2138 μὲν
3711 2073 3742 2138 ὴ

2159 2155 2333 2224 φωνὴ,
2359 2156 2428 2208 τὰ
2450 2157 2526 2226 τῷ
2559 2157 2698 2227 ἁγίῳ
2731 2159 3124 2227 ἐτοιμασθέντα
3154 2159 3359 2226 ἀγαθὰ,
3393 2161 3485 2214 καὶ
3514 2155 3585 2232 ἦς
3615 2164 3745 2214 ἀπο-

2157 2246 2342 2299 λαϐεῖν
2373 2247 2439 2316 Π.
2486 2234 2808 2321 ἀπολαύειν]
2837 2251 3029 2321 ἔμελλε
3061 2253 3218 2322 δόξης
3256 2255 3352 2306 καὶ
3386 2253 3521 2322 ἡμῖν
3571 2257 3744 2306 κατὰ·

2156 2337 2291 2406 δηλα
2322 2338 2574 2393 ποιοῦσα.
2616 2339 2859 2412 Ἡμέρας
2893 2341 2949 2394 δὲ
2978 2342 3080 2413 ήδη
3115 2342 3428 2411 κλινούσης,
3458 2344 3554 2398 καὶ
3580 2347 3610 2398 ὸ
3643 2361 3744 2415 μα-

2157 2432 2345 2499 κάριος
2390 2433 2523 2501 πρὸς
2574 2432 2780 2504 Κύριον
2810 2431 3180 2505 ἐξεδήμησεν·
3225 2436 3317 2490 καὶ
3365 2435 3462 2490 νῦν
3506 2438 3659 2490 ἐστιν
3688 2439 3745 2490 ἐν

2156 2525 2269 2585 τοῖς
2302 2523 2553 2591 οὐρανοῖς
2578 2524 2713 2577 Θδν
2735 2526 2874 2596 ὁρῶν
2906 2529 2998 2580 καὶ
3021 2528 3319 2596 ὁρώμενος,
3347 2529 3407 2584 ὃν
3429 2530 3744 2602 ἠγάπησεν,

2157 2615 2216 2666 ὃν
2249 2616 2641 2685 ἐθεράπευσεν,
2676 2609 2720 2684 ᾧ
2752 2618 2847 2670 καὶ
2875 2619 3196 2688 ἐντυγχάνει
3226 2621 3446 2690 ἀμέσως
3472 2620 3572 2684 τὰς
3598 2621 3744 2690 ὑπὲρ

2160 2710 2313 2778 ἡμῶν
2345 2711 2626 2781 ἱκετηρίας
2656 2711 2996 2780 ποιούμενος.

2227 2801 2294 2854 κ’.
2328 2804 2404 2855 Οὐ
2451 2803 2660 2856 δίκαιον
2714 2803 2768 2857 δὲ
2812 2804 2874 2857 τὸ
2923 2806 3060 2872 μετὰ
3109 2805 3209 2877 τὴν
3257 2806 3422 2860 αὐτοῦ
3473 2807 3746 2878 ἐκδημίαν

2156 2895 2447 2963 γενόμενον
2485 2894 2668 2964 θαῦμα
2700 2895 2947 2966 παριδεῖν
2976 2897 3290 2968 ἀδιήγητον,
3317 2903 3380 2969 τῇ
3414 2902 3566 2970 φωνῇ
3606 2902 3745 2970 μᾶ).-

2155 2985 2265 3046 λον,
2292 2988 2354 3054 τῇ
2382 2984 2460 3054 τῷ
2501 2985 2723 3056 μοναχῷ
2752 2985 2990 3054 Λεοντίῳ
3026 2987 3436 3060 ἀκουτισθείσῃ,
3489 2991 3743 3042 ἰσοδυνα-

2157 3078 2314 3146 μοῦν,
2365 3078 2456 3130 καὶ
2504 3077 2678 3150 ταύτῃ
2724 3077 2884 3131 τοῦτο
2932 3079 3313 3148 πιστούμενον.
3375 3081 3604 3150 Ἐτερός
3663 3100 3744 3144 τις

2082 3195 2123 3251 C
2162 3174 2416 3240 μοναχὸς,
2454 3171 2706 3240 Φράγγος
2751 3172 3063 3242 λεγόμενος,
3105 3173 3358 3245 ἀσθενείᾳ
3401 3175 3744 3242 περιπεσὼν,

2159 3267 2219 3317 τὸ
2252 3263 2451 3335 χρεὼν,
2480 3265 2554 3328 ὼς
2595 3265 2792 3328 ἐδόκει,
2839 3265 3072 3335 ἀπῄτιιο
3108 3267 3200 3318 καὶ
3235 3266 3332 3336 τῆς
3372 3267 3554 3334 φωνῆς
3592 3268 3748 3337 αὐτῷ

2158 3357 2508 3428 ἐκλιπούσης,
2551 3358 2744 3426 νεκρὸς
2780 3359 3011 3429 ἑωρᾶτο,
3048 3359 3272 3421 ἄπνους,
3321 3359 3604 3428 ἀκίνητος,
3645 3377 3748 3427 μη-

2155 3452 2351 3520 δεμίαν
2385 3451 2624 3519 ζωτικὴν
2655 3449 2889 3520 δύναμιν
2937 3451 3243 3520 ἐμφαίνων.
3294 3449 3618 3522 Συνδρομῆς
3655 3449 3748 3504 οὖν

2158 3543 2264 3596 τῶν
2315 3541 2588 3610 ἀδελφῶν,
2640 3542 2716 3605 ὡς
2773 3541 2938 3605 εξκὴς.
2975 3543 3299 3611 γενομένης,
3347 3547 3442 3596 aut
3481 3544 3595 3596 τῶν
3647 3544 3748 3616 μὲν

2156 3635 2301 3701 ταφῇ
2334 3633 2690 3700 παραδιδόναι
2721 3633 3012 3701 λεγόντων,
3043 3633 3152 3686 τῶν
3185 3634 3240 3687 δὲ
3275 3634 3368 3686 ἐπί
3398 3635 3575 3706 τούτῳ
3615 3639 3749 3689 ἀνα-

2155 3725 2586 3797 ϐαλλομένων,ή
2626 3728 2726 3796 μὲν
2772 3727 2957 3797 ἡμέρα
3007 3729 3130 3791 ταῖς
3174 3728 3370 3796 ἀρχαῖς
3405 3729 3502 3797 τῆς
3542 3729 3748 3790 νυκτδς

2155 3818 2256 3887 ἥδη
2291 3818 2621 3886 ἐπλησίαζεν
2641 3835 2654 3848 ·
2683 3822 2710 3872 ὁ
2735 3818 2986 3888 κείμενος
3009 3818 3066 3871 δὲ
3097 3815 3253 3882 αὖθις
3282 3820 3472 3890 νεκρὸς
3503 3822 3745 3890 ἑωρᾶτο.

2154 3911 2359 3964 Λοῦσαι
2398 3911 2580 3964 τοίνυν
2613 3911 2776 3963 αὑτὸν
2810 3911 2872 3964 τὸ
2918 3913 3206 3980 ἐπιτάφιον
3249 3913 3745 3982 προθυμηθέντων,

2155 4003 2230 4066 ὡς
2259 4004 2320 4055 τὸ
2361 4002 2505 4074 ὕδωρ
2554 4003 2704 4071 αύτῷ
2745 4003 2960 4067 ἔϐαλον,
3004 4003 3098 4057 καὶ
3145 4007 3530 4074 περιστρέφειν
3587 4007 3750 4058 ἔνθεν

2155 4096 2411 4148 κάκεῖθεν
2467 4093 2787 4164 ἐπειρῶντο,
2840 4096 2992 4162 ἄφνω
3036 4095 3064 4146 ὁ
3124 4095 3314 4162 νεκρὸς
3369 4095 3478 4160 ζῶν
3505 4093 3601 4166 ἦν,
3655 4096 3751 4148 καὶ

2156 4187 2221 4259 li.
2275 4189 2400 4240 add.
2433 4186 2483 4258 ει
2516 4187 2622 4256 πρὸ
2676 4186 2877 4256 μικροῦ
2924 4188 3158 4254 ἄφωνος,
3207 4187 3386 4240 λαλῶν
3433 4186 3744 4250 ἐδείκνυτο,

2155 4280 2246 4328 καὶ
2277 4278 2387 4338 τοῖς
2413 4277 2663 4329 λούουσιν
2687 4279 3134 4347 ἐπιμεμφόμενος
3159 4277 3310 4346 ἔλεγε
3329 4297 3342 4308 ο
3373 4279 3437 4330 Τί
3468 4297 3561 4348 με,
3580 4281 3746 4332 ἀδελ-

2155 4371 2265 4436 φοὶ,
2291 4369 2476 4438 βιᾶσαι
2504 4372 2932 4440 ἐπεχειρήσατε;
2967 4369 3065 4421 Διὰ
3087 4372 3139 4422 τί
3160 4371 3216 4423 δέ
3239 4387 3304 4440 με
3329 4371 3502 4440 ἡδέως
3528 4372 3749 4424 ὑπνώτ-

2153 4478 2314 4514 τοντα
2364 4461 2732 4524 διυπνύσατε;
2787 4463 2850 4514 Οἱ
2885 4461 2942 4514 δέ
2985 4461 3122 4530 πρὸς
3159 4462 3353 4514 αὐτόν·
3413 4463 3630 4534 Νεκρόν
3687 4481 3746 4516 σε

2078 4556 2128 4616 D
2155 4555 2284 4622 ὅλην
2314 4555 2414 4623 τὴν
2461 4555 2674 4624 ἡμέραν
2727 4553 3038 4622 βλέποντες,
3078 4555 3196 4606 νυνὶ
3226 4551 3418 4606 λοῦσαι
3455 4553 3748 4626 διενοήθη-

2159 4663 2279 4716 μεν.
2339 4644 2506 4706 Αὖθις
2554 4639 2648 4697 οὖν
2686 4646 2715 4696 ὁ
2759 4647 3008 4716 κείμενος
3051 4644 3354 4713 διηγεῖσθαι
3419 4645 3746 4715 ἀπήρξατο·

2168 4737 2330 4804 Ἐγὼ,
2388 4737 2498 4790 εἴτε
2558 4735 2806 4805 ἐνδημῶν
2858 4737 2970 4789 εἴτε
3015 4735 3270 4804 ἐκδημῶν
3313 4733 3746 4804 τοῦσώματος,

2155 4828 2344 4899 ἐώρων
2393 4827 2633 4895 ἐμαυτὸν
2663 4827 2722 4878 ἐν
2766 4843 2873 4880 τινι
2919 4830 3070 4898 τόπῳ
3106 4827 3270 4896 μόνον
3322 4828 3704 4897 πορευόμενον
3731 4844 3744 4856 ·

2152 4923 2246 4977 δύο
2276 4923 2332 4976 δὲ
2379 4922 2711 4992 περιστερὰς
2753 4925 3238 4994 προπορευομένας
3289 4939 3414 4992 μου,
3447 4915 3522 4977 ὧν
3555 4925 3591 4991 ἡ
3641 4922 3750 4992 μὲν

2156 5019 2254 5087 μία
2301 5019 2489 5088 λευκὴ,
2544 5017 2747 5088 θατέρα
2798 5019 2854 5070 δὲ
2891 5017 3140 5088 μέλαινα,
3173 5019 3534 5088 περιῖπταντό
3580 5036 3676 5087 με,
3712 5020 3746 5088 ἡ

2155 5108 2254 5177 μὲν
2311 5107 2481 5175 λευκὴ
2529 5106 2699 5171 δεξιὰ,
2733 5109 2768 5178 ἡ
2799 5108 2855 5161 δέ
2890 5107 3118 5177 μέλαινα
3159 5107 3217 5173 ἐξ
3262 5107 3591 5176 ἀριστερῶν.
3630 5109 3746 5162 οὓ-

2150 5218 2257 5264 τως
2289 5197 2381 5253 οὖν
2407 5202 2632 5254 ἐκείνων
2670 5201 3188 5271 προπορευομένων,
3231 5200 3409 5270 κάμοῦ
3438 5201 3744 5270 ἑπομένου,

2149 5293 2206 5346 ἓν
2236 5312 2342 5346 τινι
2392 5293 2556 5366 χώρῳ
2586 5295 3026 5364 κατηντήσαμεν,
3051 5296 3079 5346 ὁ
3119 5293 3176 5346 δὲ
3215 5293 3392 5364 χῶρος
3423 5294 3604 5362 φωτὸς
3641 5295 3748 5365 ἁρ-

2153 5388 2317 5456 ρήτου
2369 5388 2462 5440 καὶ
2515 5386 2742 5448 εὑωξίας
2787 5385 3118 5455 ἐπέπληστο,
3168 5387 3226 5438 ἐν
3255 5379 3299 5453 ᾧ
3351 5384 3513 5454 χώρῳ
3558 5401 3745 5454 προσ-

2149 5477 2425 5546 εσχηκὼς,
2469 5478 2560 5530 τὶν
2615 5475 2838 5546 Πατέρα
2887 5476 3045 5544 ἡμῶν
3092 5475 3358 5544 τεθέαμαι
3406 5477 3742 5545 ἱστάμενον·

2154 5567 2340 5639 κύκλῳ
2373 5567 2430 5622 δὲ
2479 5568 2650 5622 αὐτοῦ
2708 5567 2913 5638 πλῆθος
2946 5569 3218 5640 πενήτων,
3271 5569 3434 5620 αὑτὸν
3475 5568 3529 5620 δὲ
3565 5567 3744 5636 μέσον

2149 5664 2248 5729 τὴν
2285 5663 2440 5732 χεῖρα
2472 5660 2804 5725 ἐκτείνοντα,
2840 5661 2934 5716 καὶ
2965 5662 3038 5724 ὡς
3069 5662 3133 5731 δὴ
3164 5659 3608 5730 ἐπιχορηγοῦντα
3635 5660 3743 5712 αὐ-
