  <div class='ocr_page' id='page_1' title='image "/cluster/home/n/w/nwhite01/storage/ocr_20150623/127/coo.31924054870328/256.png"; bbox 0 0 4072 6414; ppageno 0'>
   <div class='ocr_carea' id='block_1_1' title="bbox 309 426 3579 498">
    <p class='ocr_par' dir='ltr' id='par_1_1' title="bbox 309 426 3579 498">
     <span class='ocr_line' id='line_1_1' title="bbox 309 426 3579 498; baseline 0.002 -15"><span class='ocrx_word' id='word_1_1' title='bbox 309 431 419 498; x_wconf 54' lang='lat'><strong>(3-7</strong></span> <span class='ocrx_word' id='word_1_2' title='bbox 1319 430 1491 491; x_wconf 78' lang='lat' dir='ltr'><strong>VITA</strong></span> <span class='ocrx_word' id='word_1_3' title='bbox 1531 430 1590 488; x_wconf 93' lang='lat' dir='ltr'><strong>S.</strong></span> <span class='ocrx_word' id='word_1_4' title='bbox 1634 427 2208 490; x_wconf 60' lang='lat' dir='ltr'><strong>BARTIIOLOMEI</strong></span> <span class='ocrx_word' id='word_1_5' title='bbox 2248 427 2630 490; x_wconf 76' lang='lat' dir='ltr'><strong>JUNIORIS.</strong></span> <span class='ocrx_word' id='word_1_6' title='bbox 3475 426 3579 491; x_wconf 69' lang='lat'><strong>498</strong></span> 
     </span>
    </p>
   </div>
   <div class='ocr_carea' id='block_1_2' title="bbox 316 543 1926 618">
    <p class='ocr_par' dir='ltr' id='par_1_2' title="bbox 316 544 1909 618">
     <span class='ocr_line' id='line_1_2' title="bbox 316 544 1909 618; baseline -0.003 -17"><span class='ocrx_word' id='word_1_7' title='bbox 316 549 436 611; x_wconf 64' lang='lat' dir='ltr'><strong>rei;</strong></span> <span class='ocrx_word' id='word_1_8' title='bbox 466 548 658 618; x_wconf 75' lang='grc' dir='ltr'>ἄρτον·</span> <span class='ocrx_word' id='word_1_9' title='bbox 696 549 774 611; x_wconf 78' lang='grc' dir='ltr'>ὡς</span> <span class='ocrx_word' id='word_1_10' title='bbox 827 548 883 601; x_wconf 83' lang='grc' dir='ltr'>δὲ</span> <span class='ocrx_word' id='word_1_11' title='bbox 913 545 973 600; x_wconf 73' lang='grc' dir='ltr'><strong>τὸ</strong></span> <span class='ocrx_word' id='word_1_12' title='bbox 1017 547 1171 618; x_wconf 75' lang='grc' dir='ltr'>ὄμμα</span> <span class='ocrx_word' id='word_1_13' title='bbox 1230 544 1603 617; x_wconf 78' lang='grc' dir='ltr'><strong>περιστρέψας</strong></span> <span class='ocrx_word' id='word_1_14' title='bbox 1645 544 1909 598; x_wconf 80' lang='grc' dir='ltr'>ἐθεάσατὸ</span> 
     </span>
    </p>
   </div>
   <div class='ocr_carea' id='block_1_3' title="bbox 2027 543 3590 618">
    <p class='ocr_par' dir='ltr' id='par_1_3' title="bbox 2027 543 3590 613">
     <span class='ocr_line' id='line_1_3' title="bbox 2027 543 3590 613; baseline 0.002 -15"><span class='ocrx_word' id='word_1_15' title='bbox 2027 544 2174 599; x_wconf 82' lang='lat' dir='ltr'><strong>nodo</strong></span> <span class='ocrx_word' id='word_1_16' title='bbox 2221 546 2615 613; x_wconf 80' lang='lat' dir='ltr'><strong>pet-venissem,</strong></span> <span class='ocrx_word' id='word_1_17' title='bbox 2676 543 2945 599; x_wconf 82' lang='lat' dir='ltr'><strong>nuntiavi.</strong></span> <span class='ocrx_word' id='word_1_18' title='bbox 3007 545 3147 600; x_wconf 87' lang='lat' dir='ltr'><strong>Tum</strong></span> <span class='ocrx_word' id='word_1_19' title='bbox 3204 545 3386 601; x_wconf 90' lang='lat' dir='ltr'><strong>denuo</strong></span> <span class='ocrx_word' id='word_1_20' title='bbox 3432 547 3590 602; x_wconf 85' lang='lat' dir='ltr'><strong>Pater</strong></span> 
     </span>
    </p>
   </div>
   <div class='ocr_carea' id='block_1_4' title="bbox 326 637 1926 712">
    <p class='ocr_par' dir='ltr' id='par_1_4' title="bbox 326 637 1907 712">
     <span class='ocr_line' id='line_1_4' title="bbox 326 637 1907 712; baseline -0.003 -17"><span class='ocrx_word' id='word_1_21' title='bbox 326 660 418 711; x_wconf 83' lang='grc' dir='ltr'><strong>με,</strong></span> <span class='ocrx_word' id='word_1_22' title='bbox 459 641 512 695; x_wconf 88' lang='grc' dir='ltr'><strong>τί</strong></span> <span class='ocrx_word' id='word_1_23' title='bbox 538 659 619 695; x_wconf 89' lang='grc' dir='ltr'><strong>σοι</strong></span> <span class='ocrx_word' id='word_1_24' title='bbox 651 642 913 704; x_wconf 81' lang='grc' dir='ltr'>ἐνταῦθα,</span> <span class='ocrx_word' id='word_1_25' title='bbox 942 641 1185 712; x_wconf 79' lang='grc' dir='ltr'>Φράγγε,</span> <span class='ocrx_word' id='word_1_26' title='bbox 1217 640 1344 709; x_wconf 74' lang='grc' dir='ltr'>ἔφη,</span> <span class='ocrx_word' id='word_1_27' title='bbox 1378 642 1471 693; x_wconf 69' lang='grc' dir='ltr'><strong>καὶ</strong></span> <span class='ocrx_word' id='word_1_28' title='bbox 1506 640 1589 702; x_wconf 84' lang='grc' dir='ltr'><strong>τίς</strong></span> <span class='ocrx_word' id='word_1_29' title='bbox 1615 640 1644 692; x_wconf 96' lang='lat'><strong>6</strong></span> <span class='ocrx_word' id='word_1_30' title='bbox 1672 637 1907 693; x_wconf 78' lang='grc' dir='ltr'>ἐνταῦθα</span> 
     </span>
    </p>
   </div>
   <div class='ocr_carea' id='block_1_5' title="bbox 2027 637 3584 712">
    <p class='ocr_par' dir='ltr' id='par_1_5' title="bbox 2027 637 3584 707">
     <span class='ocr_line' id='line_1_5' title="bbox 2027 637 3584 707; baseline 0.001 -16"><span class='ocrx_word' id='word_1_31' title='bbox 2027 638 2151 693; x_wconf 77' lang='lat' dir='ltr'><strong>lixit</strong></span> <span class='ocrx_word' id='word_1_32' title='bbox 2185 655 2197 689; x_wconf 85' lang='lat'><strong>:</strong></span> <span class='ocrx_word' id='word_1_33' title='bbox 2231 638 2296 692; x_wconf 86' lang='lat' dir='ltr'><strong>Et</strong></span> <span class='ocrx_word' id='word_1_34' title='bbox 2320 637 2598 707; x_wconf 89' lang='lat' dir='ltr'><strong>quomodo</strong></span> <span class='ocrx_word' id='word_1_35' title='bbox 2618 637 2815 694; x_wconf 80' lang='lat' dir='ltr'><strong>fratres</strong></span> <span class='ocrx_word' id='word_1_36' title='bbox 2839 639 3010 694; x_wconf 91' lang='lat' dir='ltr'><strong>nostri</strong></span> <span class='ocrx_word' id='word_1_37' title='bbox 3039 655 3096 693; x_wconf 91' lang='lat' dir='ltr'><strong>se</strong></span> <span class='ocrx_word' id='word_1_38' title='bbox 3126 638 3367 693; x_wconf 90' lang='lat' dir='ltr'><strong>habent?</strong></span> <span class='ocrx_word' id='word_1_39' title='bbox 3417 639 3584 703; x_wconf 82' lang='lat' dir='ltr'><strong>Bene,</strong></span> 
     </span>
    </p>
   </div>
   <div class='ocr_carea' id='block_1_6' title="bbox 323 727 1926 802">
    <p class='ocr_par' dir='ltr' id='par_1_6' title="bbox 323 729 1911 802">
     <span class='ocr_line' id='line_1_6' title="bbox 323 729 1911 802; baseline -0.004 -16"><span class='ocrx_word' id='word_1_40' title='bbox 323 732 556 801; x_wconf 77' lang='grc' dir='ltr'>ἀγαγών</span> <span class='ocrx_word' id='word_1_41' title='bbox 605 748 704 797; x_wconf 87' lang='grc' dir='ltr'>σε;</span> <span class='ocrx_word' id='word_1_42' title='bbox 757 730 901 800; x_wconf 84' lang='grc' dir='ltr'><strong>Ἐγὼ</strong></span> <span class='ocrx_word' id='word_1_43' title='bbox 936 732 991 784; x_wconf 84' lang='grc' dir='ltr'><strong>δὲ</strong></span> <span class='ocrx_word' id='word_1_44' title='bbox 1049 731 1184 802; x_wconf 66' lang='grc' dir='ltr'>πρὸς</span> <span class='ocrx_word' id='word_1_45' title='bbox 1234 729 1397 783; x_wconf 81' lang='grc' dir='ltr'>αὑτὸν</span> <span class='ocrx_word' id='word_1_46' title='bbox 1434 730 1583 793; x_wconf 84' lang='grc' dir='ltr'>ὅπως</span> <span class='ocrx_word' id='word_1_47' title='bbox 1611 729 1911 798; x_wconf 85' lang='grc' dir='ltr'>παρεγενὸ-</span> 
     </span>
    </p>
   </div>
   <div class='ocr_carea' id='block_1_7' title="bbox 2027 727 3592 802">
    <p class='ocr_par' dir='ltr' id='par_1_7' title="bbox 2027 727 3592 798">
     <span class='ocr_line' id='line_1_7' title="bbox 2027 727 3592 798; baseline 0.001 -17"><span class='ocrx_word' id='word_1_48' title='bbox 2027 744 2111 797; x_wconf 73' lang='lat' dir='ltr'><strong>per</strong></span> <span class='ocrx_word' id='word_1_49' title='bbox 2142 730 2333 795; x_wconf 88' lang='lat' dir='ltr'><strong>Deum,</strong></span> <span class='ocrx_word' id='word_1_50' title='bbox 2362 744 2463 798; x_wconf 85' lang='lat' dir='ltr'><strong>ego</strong></span> <span class='ocrx_word' id='word_1_51' title='bbox 2487 728 2618 782; x_wconf 81' lang='lat' dir='ltr'><strong>dixi.</strong></span> <span class='ocrx_word' id='word_1_52' title='bbox 2670 727 2765 783; x_wconf 87' lang='lat' dir='ltr'><strong>Ille</strong></span> <span class='ocrx_word' id='word_1_53' title='bbox 2795 735 2976 783; x_wconf 78' lang='lat' dir='ltr'><strong>autem</strong></span> <span class='ocrx_word' id='word_1_54' title='bbox 3009 745 3022 781; x_wconf 93' lang='lat'><strong>:</strong></span> <span class='ocrx_word' id='word_1_55' title='bbox 3057 728 3194 784; x_wconf 87' lang='lat' dir='ltr'><strong>Redi</strong></span> <span class='ocrx_word' id='word_1_56' title='bbox 3230 729 3282 782; x_wconf 94' lang='lat' dir='ltr'><strong>in</strong></span> <span class='ocrx_word' id='word_1_57' title='bbox 3315 736 3592 783; x_wconf 85' lang='lat' dir='ltr'><strong>monaste-</strong></span> 
     </span>
    </p>
   </div>
   <div class='ocr_carea' id='block_1_8' title="bbox 328 819 1926 896">
    <p class='ocr_par' dir='ltr' id='par_1_8' title="bbox 328 822 1909 896">
     <span class='ocr_line' id='line_1_8' title="bbox 328 822 1909 896; baseline -0.002 -18"><span class='ocrx_word' id='word_1_58' title='bbox 328 843 440 896; x_wconf 79' lang='grc' dir='ltr'>μην</span> <span class='ocrx_word' id='word_1_59' title='bbox 468 825 814 895; x_wconf 61' lang='grc' dir='ltr'>ἀπξγγελλον</span> <span class='ocrx_word' id='word_1_60' title='bbox 840 841 853 854; x_wconf 85' lang='grc'><strong>·</strong></span> <span class='ocrx_word' id='word_1_61' title='bbox 884 827 913 877; x_wconf 89' lang='lat'><strong>6</strong></span> <span class='ocrx_word' id='word_1_62' title='bbox 940 823 996 877; x_wconf 78' lang='grc' dir='ltr'><strong>δὲ</strong></span> <span class='ocrx_word' id='word_1_63' title='bbox 1028 823 1212 893; x_wconf 75' lang='grc' dir='ltr'>πατὴρ</span> <span class='ocrx_word' id='word_1_64' title='bbox 1238 823 1391 887; x_wconf 81' lang='grc' dir='ltr'>αὖθις</span> <span class='ocrx_word' id='word_1_65' title='bbox 1416 823 1590 894; x_wconf 81' lang='grc' dir='ltr'>ῆρητο</span> <span class='ocrx_word' id='word_1_66' title='bbox 1616 840 1628 852; x_wconf 76' lang='grc'><em>’</em></span> <span class='ocrx_word' id='word_1_67' title='bbox 1656 823 1765 875; x_wconf 72' lang='grc' dir='ltr'><strong>Καὶ</strong></span> <span class='ocrx_word' id='word_1_68' title='bbox 1791 822 1909 883; x_wconf 77' lang='grc' dir='ltr'>πῶς</span> 
     </span>
    </p>
   </div>
   <div class='ocr_carea' id='block_1_9' title="bbox 2027 819 3586 896">
    <p class='ocr_par' dir='ltr' id='par_1_9' title="bbox 2027 819 3586 890">
     <span class='ocr_line' id='line_1_9' title="bbox 2027 819 3586 890; baseline -0.001 -15"><span class='ocrx_word' id='word_1_69' title='bbox 2027 822 2178 883; x_wconf 73' lang='lat' dir='ltr'><strong>rium,</strong></span> <span class='ocrx_word' id='word_1_70' title='bbox 2212 829 2266 875; x_wconf 88' lang='lat' dir='ltr'><strong>et</strong></span> <span class='ocrx_word' id='word_1_71' title='bbox 2296 819 2385 874; x_wconf 86' lang='lat' dir='ltr'><strong>die</strong></span> <span class='ocrx_word' id='word_1_72' title='bbox 2415 819 2700 883; x_wconf 74' lang='lat' dir='ltr'><strong>fratribus,</strong></span> <span class='ocrx_word' id='word_1_73' title='bbox 2723 826 2784 874; x_wconf 92' lang='lat' dir='ltr'><strong>ut</strong></span> <span class='ocrx_word' id='word_1_74' title='bbox 2815 820 2869 874; x_wconf 91' lang='lat' dir='ltr'><strong>in</strong></span> <span class='ocrx_word' id='word_1_75' title='bbox 2893 820 3186 875; x_wconf 80' lang='lat' dir='ltr'><strong>traditione</strong></span> <span class='ocrx_word' id='word_1_76' title='bbox 3212 829 3586 890; x_wconf 89' lang='lat' dir='ltr'><strong>perseverent,</strong></span> 
     </span>
    </p>
   </div>
   <div class='ocr_carea' id='block_1_10' title="bbox 322 911 1926 983">
    <p class='ocr_par' dir='ltr' id='par_1_10' title="bbox 322 911 1906 983">
     <span class='ocr_line' id='line_1_10' title="bbox 322 911 1906 983; baseline 0.001 -20"><span class='ocrx_word' id='word_1_77' title='bbox 322 913 381 965; x_wconf 78' lang='grc' dir='ltr'>οἱ</span> <span class='ocrx_word' id='word_1_78' title='bbox 426 912 650 981; x_wconf 72' lang='grc' dir='ltr'>ἀδελφοὶ</span> <span class='ocrx_word' id='word_1_79' title='bbox 688 912 850 983; x_wconf 83' lang='grc' dir='ltr'>ήμῶν</span> <span class='ocrx_word' id='word_1_80' title='bbox 885 913 1170 981; x_wconf 81' lang='grc' dir='ltr'>διὰγουσι;</span> <span class='ocrx_word' id='word_1_81' title='bbox 1204 912 1421 975; x_wconf 86' lang='grc' dir='ltr'>Καλῶς,</span> <span class='ocrx_word' id='word_1_82' title='bbox 1478 912 1567 966; x_wconf 80' lang='grc' dir='ltr'><strong>διὰ</strong></span> <span class='ocrx_word' id='word_1_83' title='bbox 1611 911 1709 965; x_wconf 83' lang='grc' dir='ltr'><strong>τοῦ</strong></span> <span class='ocrx_word' id='word_1_84' title='bbox 1747 911 1906 978; x_wconf 76' lang='grc' dir='ltr'>Θεοῦ,</span> 
     </span>
    </p>
   </div>
   <div class='ocr_carea' id='block_1_11' title="bbox 2027 911 3588 983">
    <p class='ocr_par' dir='ltr' id='par_1_11' title="bbox 2027 911 3588 983">
     <span class='ocr_line' id='line_1_11' title="bbox 2027 911 3588 983; baseline 0 -18"><span class='ocrx_word' id='word_1_85' title='bbox 2027 928 2178 983; x_wconf 56' lang='lat' dir='ltr'><strong>quam</strong></span> <span class='ocrx_word' id='word_1_86' title='bbox 2209 927 2311 982; x_wconf 84' lang='lat' dir='ltr'><strong>ego</strong></span> <span class='ocrx_word' id='word_1_87' title='bbox 2343 911 2475 981; x_wconf 89' lang='lat' dir='ltr'><strong>ipsis</strong></span> <span class='ocrx_word' id='word_1_88' title='bbox 2496 911 2716 968; x_wconf 85' lang='lat' dir='ltr'><strong>tradidi.</strong></span> <span class='ocrx_word' id='word_1_89' title='bbox 2760 912 2855 966; x_wconf 83' lang='lat' dir='ltr'><strong>His</strong></span> <span class='ocrx_word' id='word_1_90' title='bbox 2878 911 3060 978; x_wconf 88' lang='lat' dir='ltr'><strong>dictis,</strong></span> <span class='ocrx_word' id='word_1_91' title='bbox 3094 913 3162 967; x_wconf 90' lang='lat' dir='ltr'><strong>ad</strong></span> <span class='ocrx_word' id='word_1_92' title='bbox 3210 911 3470 967; x_wconf 89' lang='lat' dir='ltr'><strong>interiora</strong></span> <span class='ocrx_word' id='word_1_93' title='bbox 3504 911 3588 965; x_wconf 91' lang='lat' dir='ltr'><strong>lo-</strong></span> 
     </span>
    </p>
   </div>
   <div class='ocr_carea' id='block_1_12' title="bbox 324 1003 1926 1075">
    <p class='ocr_par' dir='ltr' id='par_1_12' title="bbox 324 1003 1904 1075">
     <span class='ocr_line' id='line_1_12' title="bbox 324 1003 1904 1075; baseline 0 -19"><span class='ocrx_word' id='word_1_94' title='bbox 324 1005 471 1075; x_wconf 63' lang='grc' dir='ltr'><strong>ἔφην</strong></span> <span class='ocrx_word' id='word_1_95' title='bbox 514 1003 625 1073; x_wconf 66' lang='grc' dir='ltr'><strong>ἐγώ</strong></span> <span class='ocrx_word' id='word_1_96' title='bbox 650 1021 666 1035; x_wconf 77' lang='grc' dir='ltr'><strong>ο</strong></span> <span class='ocrx_word' id='word_1_97' title='bbox 701 1007 731 1058; x_wconf 89' lang='lat'><strong>6</strong></span> <span class='ocrx_word' id='word_1_98' title='bbox 767 1004 847 1068; x_wconf 76' lang='grc' dir='ltr'>δὲ,</span> <span class='ocrx_word' id='word_1_99' title='bbox 890 1004 1237 1075; x_wconf 83' lang='grc' dir='ltr'>’Υπόστρεφε</span> <span class='ocrx_word' id='word_1_100' title='bbox 1286 1006 1367 1069; x_wconf 82' lang='grc' dir='ltr'><strong>είς</strong></span> <span class='ocrx_word' id='word_1_101' title='bbox 1408 1004 1470 1058; x_wconf 84' lang='grc' dir='ltr'><strong>τὺ</strong></span> <span class='ocrx_word' id='word_1_102' title='bbox 1519 1005 1904 1073; x_wconf 81' lang='grc' dir='ltr'>μοναστήριον,</span> 
     </span>
    </p>
   </div>
   <div class='ocr_carea' id='block_1_13' title="bbox 2027 1003 2724 1075">
    <p class='ocr_par' dir='ltr' id='par_1_13' title="bbox 2027 1003 2724 1073">
     <span class='ocr_line' id='line_1_13' title="bbox 2027 1003 2724 1073; baseline -0.006 -14"><span class='ocrx_word' id='word_1_103' title='bbox 2027 1018 2077 1059; x_wconf 78' lang='lat' dir='ltr'><strong>ca</strong></span> <span class='ocrx_word' id='word_1_104' title='bbox 2141 1003 2412 1073; x_wconf 83' lang='lat' dir='ltr'><strong>proﬁcisci</strong></span> <span class='ocrx_word' id='word_1_105' title='bbox 2443 1005 2594 1058; x_wconf 87' lang='lat' dir='ltr'><strong>visus</strong></span> <span class='ocrx_word' id='word_1_106' title='bbox 2618 1011 2724 1058; x_wconf 89' lang='lat' dir='ltr'><strong>est.</strong></span> 
     </span>
    </p>
   </div>
   <div class='ocr_carea' id='block_1_14' title="bbox 326 1094 3589 1174">
    <p class='ocr_par' dir='ltr' id='par_1_14' title="bbox 326 1094 3589 1174">
     <span class='ocr_line' id='line_1_14' title="bbox 326 1094 3589 1174; baseline -0.001 -21"><span class='ocrx_word' id='word_1_107' title='bbox 326 1102 425 1153; x_wconf 67' lang='lat' dir='ltr'><strong>atad.</strong></span> <span class='ocrx_word' id='word_1_108' title='bbox 462 1099 586 1154; x_wconf 74' lang='grc' dir='ltr'>εἰπὲ</span> <span class='ocrx_word' id='word_1_109' title='bbox 628 1101 742 1164; x_wconf 83' lang='grc' dir='ltr'>τοῖς</span> <span class='ocrx_word' id='word_1_110' title='bbox 828 1100 1079 1171; x_wconf 80' lang='grc' dir='ltr'><strong>ἀδελφοῖς</strong></span> <span class='ocrx_word' id='word_1_111' title='bbox 1129 1102 1393 1172; x_wconf 80' lang='grc' dir='ltr'>ἐμμένειν</span> <span class='ocrx_word' id='word_1_112' title='bbox 1472 1102 1539 1172; x_wconf 79' lang='grc' dir='ltr'>τῇ</span> <span class='ocrx_word' id='word_1_113' title='bbox 1599 1101 1897 1172; x_wconf 75' lang='grc' dir='ltr'>παραδόσει</span> <span class='ocrx_word' id='word_1_114' title='bbox 2019 1100 2314 1171; x_wconf 79' lang='grc' dir='ltr'><strong>παρέδωκα</strong></span> <span class='ocrx_word' id='word_1_115' title='bbox 2359 1100 2564 1163; x_wconf 78' lang='grc' dir='ltr'>αὐτοῖς.</span> <span class='ocrx_word' id='word_1_116' title='bbox 2611 1098 2797 1154; x_wconf 76' lang='grc' dir='ltr'>Ταῦτα</span> <span class='ocrx_word' id='word_1_117' title='bbox 2843 1099 3016 1153; x_wconf 80' lang='grc' dir='ltr'>εἰπὼν</span> <span class='ocrx_word' id='word_1_118' title='bbox 3074 1100 3338 1172; x_wconf 75' lang='grc' dir='ltr'><strong>ἐνδοτέρω</strong></span> <span class='ocrx_word' id='word_1_119' title='bbox 3390 1102 3589 1174; x_wconf 81' lang='grc' dir='ltr'>χωρεῖν</span> 
     </span>
    </p>
   </div>
   <div class='ocr_carea' id='block_1_15' title="bbox 322 1195 2190 1255">
    <p class='ocr_par' dir='ltr' id='par_1_15' title="bbox 322 1195 2190 1255">
     <span class='ocr_line' id='line_1_15' title="bbox 322 1195 2190 1255; baseline 0.001 -7"><span class='ocrx_word' id='word_1_120' title='bbox 322 1195 528 1249; x_wconf 72' lang='grc' dir='ltr'>ἐδξκει.</span> <span class='ocrx_word' id='word_1_121' title='bbox 2186 1250 2190 1255; x_wconf 78' lang='grc'><strong>,</strong></span> 
     </span>
    </p>
   </div>
   <div class='ocr_carea' id='block_1_16' title="bbox 404 1286 1926 1364">
    <p class='ocr_par' dir='ltr' id='par_1_16' title="bbox 404 1286 1911 1364">
     <span class='ocr_line' id='line_1_16' title="bbox 404 1286 1911 1364; baseline 0.001 -21"><span class='ocrx_word' id='word_1_122' title='bbox 404 1288 517 1344; x_wconf 81' lang='grc' dir='ltr'><strong>κα’.</strong></span> <span class='ocrx_word' id='word_1_123' title='bbox 556 1290 935 1361; x_wconf 82' lang='grc' dir='ltr'>Πορευομένου</span> <span class='ocrx_word' id='word_1_124' title='bbox 966 1286 1061 1346; x_wconf 77' lang='grc' dir='ltr'>οὖν</span> <span class='ocrx_word' id='word_1_125' title='bbox 1095 1290 1285 1358; x_wconf 82' lang='grc' dir='ltr'>αὐτοῦ,</span> <span class='ocrx_word' id='word_1_126' title='bbox 1317 1291 1499 1361; x_wconf 74' lang='grc' dir='ltr'>κάμοῦ</span> <span class='ocrx_word' id='word_1_127' title='bbox 1529 1292 1820 1364; x_wconf 77' lang='grc' dir='ltr'><strong>ἑπομένου,</strong></span> <span class='ocrx_word' id='word_1_128' title='bbox 1849 1292 1911 1346; x_wconf 80' lang='grc' dir='ltr'>οὐ</span> 
     </span>
    </p>
   </div>
   <div class='ocr_carea' id='block_1_17' title="bbox 2027 1286 3590 1364">
    <p class='ocr_par' dir='ltr' id='par_1_17' title="bbox 2079 1290 3590 1361">
     <span class='ocr_line' id='line_1_17' title="bbox 2079 1290 3590 1361; baseline -0.002 -14"><span class='ocrx_word' id='word_1_129' title='bbox 2079 1293 2169 1347; x_wconf 72' lang='lat'><strong>2|.</strong></span> <span class='ocrx_word' id='word_1_130' title='bbox 2198 1290 2373 1357; x_wconf 84' lang='lat' dir='ltr'><strong>Quem</strong></span> <span class='ocrx_word' id='word_1_131' title='bbox 2397 1290 2688 1347; x_wconf 88' lang='lat' dir='ltr'><strong>abeuntem</strong></span> <span class='ocrx_word' id='word_1_132' title='bbox 2719 1299 2942 1347; x_wconf 89' lang='lat' dir='ltr'><strong>secutus</strong></span> <span class='ocrx_word' id='word_1_133' title='bbox 2966 1306 3088 1361; x_wconf 86' lang='lat' dir='ltr'><strong>ego,</strong></span> <span class='ocrx_word' id='word_1_134' title='bbox 3125 1307 3303 1360; x_wconf 87' lang='lat' dir='ltr'><strong>neque</strong></span> <span class='ocrx_word' id='word_1_135' title='bbox 3341 1291 3487 1346; x_wconf 89' lang='lat' dir='ltr'><strong>enim</strong></span> <span class='ocrx_word' id='word_1_136' title='bbox 3521 1291 3590 1346; x_wconf 87' lang='lat' dir='ltr'><strong>ah</strong></span> 
     </span>
    </p>
   </div>
   <div class='ocr_carea' id='block_1_18' title="bbox 325 1381 1926 1453">
    <p class='ocr_par' dir='ltr' id='par_1_18' title="bbox 325 1382 1912 1453">
     <span class='ocr_line' id='line_1_18' title="bbox 325 1382 1912 1453; baseline 0.004 -21"><span class='ocrx_word' id='word_1_137' title='bbox 325 1382 441 1450; x_wconf 74' lang='grc' dir='ltr'><strong>γὰρ</strong></span> <span class='ocrx_word' id='word_1_138' title='bbox 467 1382 661 1452; x_wconf 80' lang='grc' dir='ltr'>ῆθελον</span> <span class='ocrx_word' id='word_1_139' title='bbox 708 1383 1048 1453; x_wconf 78' lang='grc' dir='ltr'><strong>χωρισθῆναι</strong></span> <span class='ocrx_word' id='word_1_140' title='bbox 1091 1385 1189 1437; x_wconf 81' lang='grc' dir='ltr'><strong>ἀπ’</strong></span> <span class='ocrx_word' id='word_1_141' title='bbox 1229 1384 1420 1446; x_wconf 85' lang='grc' dir='ltr'>αὑτοῦ,</span> <span class='ocrx_word' id='word_1_142' title='bbox 1456 1382 1536 1448; x_wconf 79' lang='grc' dir='ltr'><strong>είς</strong></span> <span class='ocrx_word' id='word_1_143' title='bbox 1592 1401 1714 1438; x_wconf 89' lang='grc' dir='ltr'>τινα</span> <span class='ocrx_word' id='word_1_144' title='bbox 1757 1385 1912 1439; x_wconf 84' lang='grc' dir='ltr'>πόλιν</span> 
     </span>
    </p>
   </div>
   <div class='ocr_carea' id='block_1_19' title="bbox 2027 1381 3591 1453">
    <p class='ocr_par' dir='ltr' id='par_1_19' title="bbox 2027 1381 3591 1452">
     <span class='ocr_line' id='line_1_19' title="bbox 2027 1381 3591 1452; baseline 0.001 -17"><span class='ocrx_word' id='word_1_145' title='bbox 2027 1397 2078 1437; x_wconf 68' lang='grc' dir='ltr'><strong>ιο</strong></span> <span class='ocrx_word' id='word_1_146' title='bbox 2131 1382 2377 1451; x_wconf 88' lang='lat' dir='ltr'><strong>separari</strong></span> <span class='ocrx_word' id='word_1_147' title='bbox 2437 1381 2711 1448; x_wconf 89' lang='lat' dir='ltr'><strong>volebam,</strong></span> <span class='ocrx_word' id='word_1_148' title='bbox 2768 1381 2835 1435; x_wconf 92' lang='lat' dir='ltr'><strong>ad</strong></span> <span class='ocrx_word' id='word_1_149' title='bbox 2861 1382 3057 1437; x_wconf 84' lang='lat' dir='ltr'><strong>urbem</strong></span> <span class='ocrx_word' id='word_1_150' title='bbox 3096 1383 3390 1452; x_wconf 83' lang='lat' dir='ltr'><strong>quamdam</strong></span> <span class='ocrx_word' id='word_1_151' title='bbox 3423 1382 3591 1437; x_wconf 85' lang='lat' dir='ltr'><strong>devc-</strong></span> 
     </span>
    </p>
   </div>
   <div class='ocr_carea' id='block_1_20' title="bbox 326 1471 1926 1549">
    <p class='ocr_par' dir='ltr' id='par_1_20' title="bbox 326 1471 1913 1549">
     <span class='ocr_line' id='line_1_20' title="bbox 326 1471 1913 1549; baseline 0.003 -24"><span class='ocrx_word' id='word_1_152' title='bbox 326 1476 783 1544; x_wconf 79' lang='grc' dir='ltr'>κατηντήσαμεν,</span> <span class='ocrx_word' id='word_1_153' title='bbox 833 1471 902 1546; x_wconf 76' lang='grc' dir='ltr'><strong>ἧς</strong></span> <span class='ocrx_word' id='word_1_154' title='bbox 930 1475 991 1529; x_wconf 85' lang='grc' dir='ltr'>τὸ</span> <span class='ocrx_word' id='word_1_155' title='bbox 1035 1475 1232 1539; x_wconf 80' lang='grc' dir='ltr'>κάλλος</span> <span class='ocrx_word' id='word_1_156' title='bbox 1274 1474 1508 1542; x_wconf 74' lang='grc' dir='ltr'><strong>ἐξειπεῖν</strong></span> <span class='ocrx_word' id='word_1_157' title='bbox 1547 1476 1768 1549; x_wconf 80' lang='grc' dir='ltr'><strong>γλώσσῃ</strong></span> <span class='ocrx_word' id='word_1_158' title='bbox 1818 1478 1913 1530; x_wconf 61' lang='grc' dir='ltr'><strong>ἀν.-</strong></span> 
     </span>
    </p>
   </div>
   <div class='ocr_carea' id='block_1_21' title="bbox 2027 1471 3593 1549">
    <p class='ocr_par' dir='ltr' id='par_1_21' title="bbox 2027 1473 3593 1544">
     <span class='ocr_line' id='line_1_21' title="bbox 2027 1473 3593 1544; baseline -0.001 -15"><span class='ocrx_word' id='word_1_159' title='bbox 2027 1474 2219 1535; x_wconf 76' lang='lat' dir='ltr'><strong>nimus.</strong></span> <span class='ocrx_word' id='word_1_160' title='bbox 2271 1473 2428 1543; x_wconf 84' lang='lat' dir='ltr'><strong>cujus</strong></span> <span class='ocrx_word' id='word_1_161' title='bbox 2454 1473 2928 1543; x_wconf 88' lang='lat' dir='ltr'><strong>pulchritudinem</strong></span> <span class='ocrx_word' id='word_1_162' title='bbox 2970 1474 3210 1529; x_wconf 87' lang='lat' dir='ltr'><strong>humana</strong></span> <span class='ocrx_word' id='word_1_163' title='bbox 3261 1474 3447 1544; x_wconf 85' lang='lat' dir='ltr'><strong>lingua</strong></span> <span class='ocrx_word' id='word_1_164' title='bbox 3498 1490 3593 1527; x_wconf 87' lang='lat' dir='ltr'><strong>ne-</strong></span> 
     </span>
    </p>
   </div>
   <div class='ocr_carea' id='block_1_22' title="bbox 327 1564 1926 1643">
    <p class='ocr_par' dir='ltr' id='par_1_22' title="bbox 327 1564 1914 1643">
     <span class='ocr_line' id='line_1_22' title="bbox 327 1564 1914 1643; baseline 0.004 -26"><span class='ocrx_word' id='word_1_165' title='bbox 327 1565 585 1636; x_wconf 79' lang='grc' dir='ltr'>θρωπῖνῃ</span> <span class='ocrx_word' id='word_1_166' title='bbox 615 1564 901 1620; x_wconf 83' lang='grc' dir='ltr'>ἀδύνατον.</span> <span class='ocrx_word' id='word_1_167' title='bbox 941 1566 1030 1622; x_wconf 86' lang='grc' dir='ltr'><strong>Ἐν</strong></span> <span class='ocrx_word' id='word_1_168' title='bbox 1062 1569 1143 1621; x_wconf 79' lang='grc' dir='ltr'>ἐνὶ</span> <span class='ocrx_word' id='word_1_169' title='bbox 1173 1568 1230 1621; x_wconf 82' lang='grc' dir='ltr'><strong>δὲ</strong></span> <span class='ocrx_word' id='word_1_170' title='bbox 1259 1568 1366 1622; x_wconf 84' lang='grc' dir='ltr'><strong>τῶν</strong></span> <span class='ocrx_word' id='word_1_171' title='bbox 1389 1570 1568 1622; x_wconf 77' lang='grc' dir='ltr'>ἐκεῖσε</span> <span class='ocrx_word' id='word_1_172' title='bbox 1598 1571 1914 1643; x_wconf 76' lang='grc' dir='ltr'><strong>ἀνακτόρων</strong></span> 
     </span>
    </p>
   </div>
   <div class='ocr_carea' id='block_1_23' title="bbox 2027 1564 3593 1643">
    <p class='ocr_par' dir='ltr' id='par_1_23' title="bbox 2027 1564 3593 1637">
     <span class='ocr_line' id='line_1_23' title="bbox 2027 1564 3593 1637; baseline 0.001 -20"><span class='ocrx_word' id='word_1_173' title='bbox 2027 1566 2134 1634; x_wconf 58' lang='lat' dir='ltr'><strong>quit</strong></span> <span class='ocrx_word' id='word_1_174' title='bbox 2162 1564 2338 1619; x_wconf 82' lang='lat' dir='ltr'><strong>eﬂ&#39;nri.</strong></span> <span class='ocrx_word' id='word_1_175' title='bbox 2370 1564 2430 1619; x_wconf 85' lang='lat' dir='ltr'><strong>In</strong></span> <span class='ocrx_word' id='word_1_176' title='bbox 2478 1581 2648 1619; x_wconf 89' lang='lat' dir='ltr'><strong>unum</strong></span> <span class='ocrx_word' id='word_1_177' title='bbox 2679 1575 2863 1621; x_wconf 87' lang='lat' dir='ltr'><strong>autem</strong></span> <span class='ocrx_word' id='word_1_178' title='bbox 2910 1566 3022 1621; x_wconf 89' lang='lat' dir='ltr'><strong>illic</strong></span> <span class='ocrx_word' id='word_1_179' title='bbox 3055 1566 3315 1637; x_wconf 85' lang='lat' dir='ltr'><strong>palatium</strong></span> <span class='ocrx_word' id='word_1_180' title='bbox 3345 1568 3593 1636; x_wconf 86' lang='lat' dir='ltr'><strong>ingresso</strong></span> 
     </span>
    </p>
   </div>
   <div class='ocr_carea' id='block_1_24' title="bbox 324 1655 1926 1731">
    <p class='ocr_par' dir='ltr' id='par_1_24' title="bbox 324 1655 1912 1731">
     <span class='ocr_line' id='line_1_24' title="bbox 324 1655 1912 1731; baseline 0.004 -25"><span class='ocrx_word' id='word_1_181' title='bbox 324 1656 426 1707; x_wconf 79' lang='grc' dir='ltr'>τοῦ</span> <span class='ocrx_word' id='word_1_182' title='bbox 472 1655 688 1725; x_wconf 64' lang='grc' dir='ltr'>Πατρός</span> <span class='ocrx_word' id='word_1_183' title='bbox 726 1655 1081 1724; x_wconf 73' lang='grc' dir='ltr'><strong>εἰσελθόντος,</strong></span> <span class='ocrx_word' id='word_1_184' title='bbox 1131 1657 1287 1726; x_wconf 79' lang='grc' dir='ltr'><strong>κάγὼ</strong></span> <span class='ocrx_word' id='word_1_185' title='bbox 1340 1658 1693 1729; x_wconf 82' lang='grc' dir='ltr'>συνεισῆλθον</span> <span class='ocrx_word' id='word_1_186' title='bbox 1739 1660 1912 1731; x_wconf 82' lang='grc' dir='ltr'>αὐτῷ,</span> 
     </span>
    </p>
   </div>
   <div class='ocr_carea' id='block_1_25' title="bbox 2027 1655 3595 1731">
    <p class='ocr_par' dir='ltr' id='par_1_25' title="bbox 2027 1658 3595 1729">
     <span class='ocr_line' id='line_1_25' title="bbox 2027 1658 3595 1729; baseline -0.002 -16"><span class='ocrx_word' id='word_1_187' title='bbox 2027 1660 2197 1723; x_wconf 79' lang='lat' dir='ltr'><strong>Patre,</strong></span> <span class='ocrx_word' id='word_1_188' title='bbox 2249 1674 2350 1729; x_wconf 86' lang='lat' dir='ltr'><strong>ego</strong></span> <span class='ocrx_word' id='word_1_189' title='bbox 2414 1672 2635 1729; x_wconf 90' lang='lat' dir='ltr'><strong>quoque</strong></span> <span class='ocrx_word' id='word_1_190' title='bbox 2680 1658 3009 1714; x_wconf 80' lang='lat' dir='ltr'><strong>subsecutus</strong></span> <span class='ocrx_word' id='word_1_191' title='bbox 3049 1674 3171 1713; x_wconf 87' lang='lat' dir='ltr'><strong>sum</strong></span> <span class='ocrx_word' id='word_1_192' title='bbox 3202 1658 3427 1728; x_wconf 84' lang='lat' dir='ltr'><strong>vidique</strong></span> <span class='ocrx_word' id='word_1_193' title='bbox 3482 1658 3595 1712; x_wconf 89' lang='lat' dir='ltr'><strong>illic</strong></span> 
     </span>
    </p>
   </div>
   <div class='ocr_carea' id='block_1_26' title="bbox 326 1740 1926 1823">
    <p class='ocr_par' dir='ltr' id='par_1_26' title="bbox 326 1740 1913 1818">
     <span class='ocr_line' id='line_1_26' title="bbox 326 1740 1913 1818; baseline 0.002 -18"><span class='ocrx_word' id='word_1_194' title='bbox 326 1751 389 1800; x_wconf 87' lang='grc' dir='ltr'><strong>ἐν</strong></span> <span class='ocrx_word' id='word_1_195' title='bbox 422 1740 467 1813; x_wconf 81' lang='grc' dir='ltr'><strong>ᾧ</strong></span> <span class='ocrx_word' id='word_1_196' title='bbox 501 1746 690 1815; x_wconf 83' lang='grc' dir='ltr'>θρόνον</span> <span class='ocrx_word' id='word_1_197' title='bbox 733 1747 1083 1818; x_wconf 78' lang='grc' dir='ltr'><strong>ἐθεασάμεθα</strong></span> <span class='ocrx_word' id='word_1_198' title='bbox 1134 1749 1477 1817; x_wconf 72' lang='grc' dir='ltr'><strong>ἐνδοξότατον</strong></span> <span class='ocrx_word' id='word_1_199' title='bbox 1526 1751 1689 1815; x_wconf 85' lang='grc' dir='ltr'>πάνυ,</span> <span class='ocrx_word' id='word_1_200' title='bbox 1725 1752 1807 1814; x_wconf 89' lang='grc' dir='ltr'><strong>εἰς</strong></span> <span class='ocrx_word' id='word_1_201' title='bbox 1855 1753 1913 1805; x_wconf 81' lang='grc' dir='ltr'><strong>ὃν</strong></span> 
     </span>
    </p>
   </div>
   <div class='ocr_carea' id='block_1_27' title="bbox 2027 1740 3595 1823">
    <p class='ocr_par' dir='ltr' id='par_1_27' title="bbox 2027 1749 3595 1823">
     <span class='ocr_line' id='line_1_27' title="bbox 2027 1749 3595 1823; baseline 0.001 -19"><span class='ocrx_word' id='word_1_202' title='bbox 2027 1751 2615 1822; x_wconf 80' lang='lat' dir='ltr'><strong>magniﬁcentissimum</strong></span> <span class='ocrx_word' id='word_1_203' title='bbox 2650 1752 2933 1817; x_wconf 89' lang='lat' dir='ltr'><strong>thronum,</strong></span> <span class='ocrx_word' id='word_1_204' title='bbox 2961 1753 3014 1807; x_wconf 91' lang='lat' dir='ltr'><strong>in</strong></span> <span class='ocrx_word' id='word_1_205' title='bbox 3032 1768 3192 1823; x_wconf 87' lang='lat' dir='ltr'><strong>quem</strong></span> <span class='ocrx_word' id='word_1_206' title='bbox 3218 1749 3595 1807; x_wconf 88' lang='lat' dir='ltr'><strong>conscendens</strong></span> 
     </span>
    </p>
   </div>
   <div class='ocr_carea' id='block_1_28' title="bbox 325 1838 1926 1945">
    <p class='ocr_par' dir='ltr' id='par_1_28' title="bbox 325 1838 1915 1913">
     <span class='ocr_line' id='line_1_28' title="bbox 325 1838 1915 1913; baseline 0.003 -21"><span class='ocrx_word' id='word_1_207' title='bbox 325 1838 578 1892; x_wconf 80' lang='grc' dir='ltr'>ἀνελθὼν</span> <span class='ocrx_word' id='word_1_208' title='bbox 618 1841 647 1891; x_wconf 98' lang='lat'><strong>6</strong></span> <span class='ocrx_word' id='word_1_209' title='bbox 677 1839 868 1908; x_wconf 86' lang='grc' dir='ltr'>Πατὴρ</span> <span class='ocrx_word' id='word_1_210' title='bbox 898 1840 1322 1895; x_wconf 81' lang='grc' dir='ltr'>κεκάθικεν.Δύο</span> <span class='ocrx_word' id='word_1_211' title='bbox 1339 1841 1396 1895; x_wconf 85' lang='grc' dir='ltr'><strong>δέ</strong></span> <span class='ocrx_word' id='word_1_212' title='bbox 1424 1858 1565 1906; x_wconf 83' lang='grc' dir='ltr'>τινες</span> <span class='ocrx_word' id='word_1_213' title='bbox 1595 1843 1744 1913; x_wconf 85' lang='grc' dir='ltr'><strong>αὺτῷ</strong></span> <span class='ocrx_word' id='word_1_214' title='bbox 1773 1861 1915 1913; x_wconf 85' lang='grc' dir='ltr'>παρ-</span> 
     </span>
    </p>
   </div>
   <div class='ocr_carea' id='block_1_29' title="bbox 2027 1838 3596 1945">
    <p class='ocr_par' dir='ltr' id='par_1_29' title="bbox 2027 1843 3596 1914">
     <span class='ocr_line' id='line_1_29' title="bbox 2027 1843 3596 1914; baseline -0.001 -16"><span class='ocrx_word' id='word_1_215' title='bbox 2027 1844 2179 1898; x_wconf 88' lang='lat' dir='ltr'><strong>Pater</strong></span> <span class='ocrx_word' id='word_1_216' title='bbox 2218 1843 2440 1898; x_wconf 88' lang='lat' dir='ltr'><strong>resedit.</strong></span> <span class='ocrx_word' id='word_1_217' title='bbox 2501 1843 2621 1898; x_wconf 76' lang='lat' dir='ltr'><strong>Duo</strong></span> <span class='ocrx_word' id='word_1_218' title='bbox 2670 1859 2800 1898; x_wconf 86' lang='lat' dir='ltr'><strong>vero</strong></span> <span class='ocrx_word' id='word_1_219' title='bbox 2859 1844 2936 1899; x_wconf 91' lang='lat' dir='ltr'><strong>illi</strong></span> <span class='ocrx_word' id='word_1_220' title='bbox 2975 1843 3331 1908; x_wconf 88' lang='lat' dir='ltr'><strong>assistebant,</strong></span> <span class='ocrx_word' id='word_1_221' title='bbox 3359 1859 3596 1914; x_wconf 89' lang='lat' dir='ltr'><strong>quorum</strong></span> 
     </span>
    </p>
   </div>
   <div class='ocr_carea' id='block_1_30' title="bbox 326 1925 1913 2007">
    <p class='ocr_par' dir='ltr' id='par_1_30' title="bbox 326 1925 1913 2007">
     <span class='ocr_line' id='line_1_30' title="bbox 326 1925 1913 2007; baseline 0.005 -24"><span class='ocrx_word' id='word_1_222' title='bbox 326 1933 714 2001; x_wconf 74' lang='grc' dir='ltr'>ειστὴκεισαν,</span> <span class='ocrx_word' id='word_1_223' title='bbox 773 1925 851 1986; x_wconf 80' lang='grc' dir='ltr'><strong>ὧν</strong></span> <span class='ocrx_word' id='word_1_224' title='bbox 934 1932 1002 1986; x_wconf 68' lang='grc' dir='ltr'>τὰ</span> <span class='ocrx_word' id='word_1_225' title='bbox 1061 1933 1329 2001; x_wconf 81' lang='grc' dir='ltr'>πρόσωπα</span> <span class='ocrx_word' id='word_1_226' title='bbox 1387 1936 1529 2007; x_wconf 83' lang='grc' dir='ltr'>ὑπὲρ</span> <span class='ocrx_word' id='word_1_227' title='bbox 1590 1937 1683 1988; x_wconf 82' lang='grc' dir='ltr'>τὸν</span> <span class='ocrx_word' id='word_1_228' title='bbox 1740 1935 1913 2007; x_wconf 79' lang='grc' dir='ltr'>ἥλιον.</span> 
     </span>
    </p>
   </div>
   <div class='ocr_carea' id='block_1_31' title="bbox 340 2016 1916 2095">
    <p class='ocr_par' dir='ltr' id='par_1_31' title="bbox 340 2016 1916 2095">
     <span class='ocr_line' id='line_1_31' title="bbox 340 2016 1916 2095; baseline -0.001 -19"><span class='ocrx_word' id='word_1_229' title='bbox 340 2022 740 2093; x_wconf 74' lang='grc' dir='ltr'>Ἐπιστραφεὶς</span> <span class='ocrx_word' id='word_1_230' title='bbox 787 2016 883 2076; x_wconf 79' lang='grc' dir='ltr'>οὖν</span> <span class='ocrx_word' id='word_1_231' title='bbox 932 2022 1027 2075; x_wconf 78' lang='grc' dir='ltr'>καὶ</span> <span class='ocrx_word' id='word_1_232' title='bbox 1081 2021 1421 2092; x_wconf 82' lang='grc' dir='ltr'>θεασάμενός</span> <span class='ocrx_word' id='word_1_233' title='bbox 1478 2040 1568 2095; x_wconf 89' lang='grc' dir='ltr'><strong>με,</strong></span> <span class='ocrx_word' id='word_1_234' title='bbox 1596 2023 1766 2093; x_wconf 83' lang='grc' dir='ltr'>φησί·</span> <span class='ocrx_word' id='word_1_235' title='bbox 1804 2022 1916 2075; x_wconf 75' lang='grc' dir='ltr'>Καὶ</span> 
     </span>
    </p>
   </div>
   <div class='ocr_carea' id='block_1_32' title="bbox 330 2114 1915 2185">
    <p class='ocr_par' dir='ltr' id='par_1_32' title="bbox 330 2114 1915 2185">
     <span class='ocr_line' id='line_1_32' title="bbox 330 2114 1915 2185; baseline -0.001 -18"><span class='ocrx_word' id='word_1_236' title='bbox 330 2114 597 2179; x_wconf 82' lang='grc' dir='ltr'>ἐνταῦθα,</span> <span class='ocrx_word' id='word_1_237' title='bbox 627 2114 872 2183; x_wconf 74' lang='grc' dir='ltr'>Φράγγε,</span> <span class='ocrx_word' id='word_1_238' title='bbox 901 2114 1087 2185; x_wconf 78' lang='grc' dir='ltr'>ῆκεις;</span> <span class='ocrx_word' id='word_1_239' title='bbox 1129 2114 1466 2185; x_wconf 83' lang='grc' dir='ltr'>’Υπόστρεφε</span> <span class='ocrx_word' id='word_1_240' title='bbox 1524 2116 1604 2177; x_wconf 81' lang='grc' dir='ltr'><strong>εἰς</strong></span> <span class='ocrx_word' id='word_1_241' title='bbox 1646 2115 1709 2167; x_wconf 81' lang='grc' dir='ltr'>τὸ</span> <span class='ocrx_word' id='word_1_242' title='bbox 1751 2131 1915 2184; x_wconf 76' lang='grc' dir='ltr'>μοναο</span> 
     </span>
    </p>
   </div>
   <div class='ocr_carea' id='block_1_33' title="bbox 331 2200 1921 2276">
    <p class='ocr_par' dir='ltr' id='par_1_33' title="bbox 331 2200 1921 2276">
     <span class='ocr_line' id='line_1_33' title="bbox 331 2200 1921 2276; baseline -0.002 -16"><span class='ocrx_word' id='word_1_243' title='bbox 331 2208 562 2275; x_wconf 75' lang='grc' dir='ltr'>στήριον</span> <span class='ocrx_word' id='word_1_244' title='bbox 599 2206 695 2259; x_wconf 80' lang='grc' dir='ltr'>καί</span> <span class='ocrx_word' id='word_1_245' title='bbox 731 2205 916 2269; x_wconf 85' lang='grc' dir='ltr'>καθὼς</span> <span class='ocrx_word' id='word_1_246' title='bbox 959 2200 1115 2259; x_wconf 82' lang='grc' dir='ltr'>εἶπόν</span> <span class='ocrx_word' id='word_1_247' title='bbox 1144 2222 1224 2259; x_wconf 89' lang='grc' dir='ltr'><strong>σοι</strong></span> <span class='ocrx_word' id='word_1_248' title='bbox 1252 2205 1373 2260; x_wconf 83' lang='grc' dir='ltr'>είπὲ</span> <span class='ocrx_word' id='word_1_249' title='bbox 1402 2208 1515 2269; x_wconf 87' lang='grc' dir='ltr'>τοῖς</span> <span class='ocrx_word' id='word_1_250' title='bbox 1545 2206 1790 2276; x_wconf 78' lang='grc' dir='ltr'><strong>ἀδελφοῖς</strong></span> <span class='ocrx_word' id='word_1_251' title='bbox 1821 2208 1921 2276; x_wconf 61' lang='lat' dir='ltr'><strong>Ep.-</strong></span> 
     </span>
    </p>
   </div>
   <div class='ocr_carea' id='block_1_34' title="bbox 334 2296 1919 2369">
    <p class='ocr_par' dir='ltr' id='par_1_34' title="bbox 334 2296 1919 2369">
     <span class='ocr_line' id='line_1_34' title="bbox 334 2296 1919 2369; baseline -0.001 -19"><span class='ocrx_word' id='word_1_252' title='bbox 334 2299 524 2365; x_wconf 73' lang='grc' dir='ltr'>μένειν</span> <span class='ocrx_word' id='word_1_253' title='bbox 578 2298 641 2350; x_wconf 90' lang='grc' dir='ltr'>ἐν</span> <span class='ocrx_word' id='word_1_254' title='bbox 676 2298 848 2369; x_wconf 79' lang='grc' dir='ltr'>ἀρετῇ</span> <span class='ocrx_word' id='word_1_255' title='bbox 908 2296 1005 2350; x_wconf 76' lang='grc' dir='ltr'><strong>καὶ</strong></span> <span class='ocrx_word' id='word_1_256' title='bbox 1042 2299 1108 2367; x_wconf 77' lang='grc' dir='ltr'>τῇ</span> <span class='ocrx_word' id='word_1_257' title='bbox 1155 2296 1264 2349; x_wconf 85' lang='grc' dir='ltr'>τῶν</span> <span class='ocrx_word' id='word_1_258' title='bbox 1316 2296 1501 2350; x_wconf 85' lang='grc' dir='ltr'>καλῶν</span> <span class='ocrx_word' id='word_1_259' title='bbox 1543 2298 1776 2367; x_wconf 74' lang='grc' dir='ltr'>ἐργασία</span> <span class='ocrx_word' id='word_1_260' title='bbox 1826 2298 1919 2350; x_wconf 76' lang='grc' dir='ltr'><strong>καὶ</strong></span> 
     </span>
    </p>
   </div>
   <div class='ocr_carea' id='block_1_35' title="bbox 332 2388 1917 2462">
    <p class='ocr_par' dir='ltr' id='par_1_35' title="bbox 332 2388 1917 2462">
     <span class='ocr_line' id='line_1_35' title="bbox 332 2388 1917 2462; baseline -0.001 -20"><span class='ocrx_word' id='word_1_261' title='bbox 332 2391 574 2460; x_wconf 79' lang='grc' dir='ltr'>ἐπιμονῇ</span> <span class='ocrx_word' id='word_1_262' title='bbox 599 2406 617 2423; x_wconf 81' lang='grc' dir='ltr'><strong><em>ο</em></strong></span> <span class='ocrx_word' id='word_1_263' title='bbox 650 2390 746 2442; x_wconf 69' lang='grc' dir='ltr'><strong>καὶ</strong></span> <span class='ocrx_word' id='word_1_264' title='bbox 769 2390 829 2444; x_wconf 92' lang='grc' dir='ltr'>ἐν</span> <span class='ocrx_word' id='word_1_265' title='bbox 853 2391 919 2459; x_wconf 82' lang='grc' dir='ltr'>τῇ</span> <span class='ocrx_word' id='word_1_266' title='bbox 949 2390 1117 2461; x_wconf 79' lang='grc' dir='ltr'>κυρίᾳ</span> <span class='ocrx_word' id='word_1_267' title='bbox 1149 2406 1252 2460; x_wconf 91' lang='grc' dir='ltr'><strong>μου</strong></span> <span class='ocrx_word' id='word_1_268' title='bbox 1282 2388 1485 2454; x_wconf 74' lang='grc' dir='ltr'>ἐλπίζω</span> <span class='ocrx_word' id='word_1_269' title='bbox 1516 2391 1610 2444; x_wconf 80' lang='grc' dir='ltr'><strong>καὶ</strong></span> <span class='ocrx_word' id='word_1_270' title='bbox 1639 2390 1917 2462; x_wconf 82' lang='grc' dir='ltr'>δεσποίνῃ,</span> 
     </span>
    </p>
   </div>
   <div class='ocr_carea' id='block_1_36' title="bbox 332 2477 1921 2549">
    <p class='ocr_par' dir='ltr' id='par_1_36' title="bbox 332 2477 1921 2549">
     <span class='ocr_line' id='line_1_36' title="bbox 332 2477 1921 2549; baseline 0 -18"><span class='ocrx_word' id='word_1_271' title='bbox 332 2479 395 2531; x_wconf 72' lang='grc' dir='ltr'>τὸ</span> <span class='ocrx_word' id='word_1_272' title='bbox 429 2478 592 2548; x_wconf 71' lang='grc' dir='ltr'>ὄμμα</span> <span class='ocrx_word' id='word_1_273' title='bbox 642 2477 998 2549; x_wconf 73' lang='grc' dir='ltr'>ὑπεράνωθεν</span> <span class='ocrx_word' id='word_1_274' title='bbox 1052 2478 1296 2549; x_wconf 84' lang='grc' dir='ltr'>ἐρείσας,</span> <span class='ocrx_word' id='word_1_275' title='bbox 1326 2480 1408 2533; x_wconf 78' lang='grc' dir='ltr'>ὅτι</span> <span class='ocrx_word' id='word_1_276' title='bbox 1456 2479 1556 2533; x_wconf 79' lang='grc' dir='ltr'>οὐκ</span> <span class='ocrx_word' id='word_1_277' title='bbox 1604 2480 1921 2547; x_wconf 58' lang='lat' dir='ltr'><strong>evita-ralia:-</strong></span> 
     </span>
    </p>
   </div>
   <div class='ocr_carea' id='block_1_37' title="bbox 336 2566 1919 2640">
    <p class='ocr_par' dir='ltr' id='par_1_37' title="bbox 336 2566 1919 2640">
     <span class='ocr_line' id='line_1_37' title="bbox 336 2566 1919 2640; baseline 0.002 -20"><span class='ocrx_word' id='word_1_278' title='bbox 336 2567 637 2639; x_wconf 78' lang='grc' dir='ltr'>φθήσεσθε,</span> <span class='ocrx_word' id='word_1_279' title='bbox 668 2566 794 2622; x_wconf 76' lang='grc' dir='ltr'>οὔτε</span> <span class='ocrx_word' id='word_1_280' title='bbox 828 2566 1244 2639; x_wconf 81' lang='grc' dir='ltr'>χωρισθήσομαι</span> <span class='ocrx_word' id='word_1_281' title='bbox 1274 2568 1448 2638; x_wconf 82' lang='grc' dir='ltr'>ὑμῶν,</span> <span class='ocrx_word' id='word_1_282' title='bbox 1475 2568 1600 2622; x_wconf 76' lang='grc' dir='ltr'>οὔτε</span> <span class='ocrx_word' id='word_1_283' title='bbox 1632 2571 1690 2622; x_wconf 89' lang='grc' dir='ltr'><strong>ἐν</strong></span> <span class='ocrx_word' id='word_1_284' title='bbox 1714 2569 1791 2640; x_wconf 83' lang='grc' dir='ltr'>τῷ</span> <span class='ocrx_word' id='word_1_285' title='bbox 1825 2570 1919 2623; x_wconf 83' lang='grc' dir='ltr'><strong>νῦν</strong></span> 
     </span>
    </p>
   </div>
   <div class='ocr_carea' id='block_1_38' title="bbox 334 2661 1921 2733">
    <p class='ocr_par' dir='ltr' id='par_1_38' title="bbox 334 2661 1921 2733">
     <span class='ocr_line' id='line_1_38' title="bbox 334 2661 1921 2733; baseline 0.003 -20"><span class='ocrx_word' id='word_1_286' title='bbox 334 2662 517 2725; x_wconf 73' lang='grc' dir='ltr'>αἰῶνι,</span> <span class='ocrx_word' id='word_1_287' title='bbox 542 2661 669 2714; x_wconf 77' lang='grc' dir='ltr'>οὔτε</span> <span class='ocrx_word' id='word_1_288' title='bbox 708 2662 767 2714; x_wconf 88' lang='grc' dir='ltr'><strong>ἐν</strong></span> <span class='ocrx_word' id='word_1_289' title='bbox 810 2662 890 2729; x_wconf 86' lang='grc' dir='ltr'>τῷ</span> <span class='ocrx_word' id='word_1_290' title='bbox 922 2661 1194 2729; x_wconf 78' lang='grc' dir='ltr'>μέλλοντι.</span> <span class='ocrx_word' id='word_1_291' title='bbox 1225 2661 1414 2725; x_wconf 75' lang='grc' dir='ltr'>Οὕτως</span> <span class='ocrx_word' id='word_1_292' title='bbox 1458 2663 1565 2715; x_wconf 84' lang='grc' dir='ltr'><strong>τῶν</strong></span> <span class='ocrx_word' id='word_1_293' title='bbox 1598 2665 1808 2733; x_wconf 58' lang='grc' dir='ltr'>Πατρός</span> <span class='ocrx_word' id='word_1_294' title='bbox 1844 2665 1921 2717; x_wconf 76' lang='lat' dir='ltr'><strong>el-</strong></span> 
     </span>
    </p>
   </div>
   <div class='ocr_carea' id='block_1_39' title="bbox 341 2752 1922 2826">
    <p class='ocr_par' dir='ltr' id='par_1_39' title="bbox 341 2752 1922 2826">
     <span class='ocr_line' id='line_1_39' title="bbox 341 2752 1922 2826; baseline 0.003 -20"><span class='ocrx_word' id='word_1_295' title='bbox 341 2755 559 2819; x_wconf 75' lang='grc' dir='ltr'>πόντος,</span> <span class='ocrx_word' id='word_1_296' title='bbox 589 2755 749 2822; x_wconf 69' lang='grc' dir='ltr'><strong>κάγὼ</strong></span> <span class='ocrx_word' id='word_1_297' title='bbox 784 2754 844 2806; x_wconf 78' lang='grc' dir='ltr'><strong>τὸ</strong></span> <span class='ocrx_word' id='word_1_298' title='bbox 870 2755 1026 2824; x_wconf 79' lang='grc' dir='ltr'>ὄμμα</span> <span class='ocrx_word' id='word_1_299' title='bbox 1056 2755 1199 2826; x_wconf 83' lang='grc' dir='ltr'>ὑπὲρ</span> <span class='ocrx_word' id='word_1_300' title='bbox 1228 2752 1472 2824; x_wconf 81' lang='grc' dir='ltr'>κεφαλῆς</span> <span class='ocrx_word' id='word_1_301' title='bbox 1500 2756 1667 2809; x_wconf 78' lang='grc' dir='ltr'>αὑτοῦ</span> <span class='ocrx_word' id='word_1_302' title='bbox 1709 2758 1922 2826; x_wconf 79' lang='grc' dir='ltr'>ἐρεισά-</span> 
     </span>
    </p>
   </div>
   <div class='ocr_carea' id='block_1_40' title="bbox 355 2842 1922 2918">
    <p class='ocr_par' dir='ltr' id='par_1_40' title="bbox 355 2842 1922 2918">
     <span class='ocr_line' id='line_1_40' title="bbox 355 2842 1922 2918; baseline 0.003 -21"><span class='ocrx_word' id='word_1_303' title='bbox 355 2863 536 2915; x_wconf 83' lang='grc' dir='ltr'>μενος,</span> <span class='ocrx_word' id='word_1_304' title='bbox 565 2849 797 2913; x_wconf 80' lang='grc' dir='ltr'>γυναῖκα</span> <span class='ocrx_word' id='word_1_305' title='bbox 828 2842 971 2899; x_wconf 77' lang='grc' dir='ltr'>εἶδον</span> <span class='ocrx_word' id='word_1_306' title='bbox 1006 2847 1100 2899; x_wconf 76' lang='grc' dir='ltr'>ἐπὶ</span> <span class='ocrx_word' id='word_1_307' title='bbox 1130 2847 1322 2915; x_wconf 87' lang='grc' dir='ltr'><strong>θρόνου</strong></span> <span class='ocrx_word' id='word_1_308' title='bbox 1353 2846 1589 2915; x_wconf 81' lang='grc' dir='ltr'>φοϐεροῦ</span> <span class='ocrx_word' id='word_1_309' title='bbox 1621 2848 1922 2918; x_wconf 77' lang='grc' dir='ltr'>καθεζομέ-</span> 
     </span>
    </p>
   </div>
   <div class='ocr_carea' id='block_1_41' title="bbox 354 2933 1923 3007">
    <p class='ocr_par' dir='ltr' id='par_1_41' title="bbox 354 2933 1923 3007">
     <span class='ocr_line' id='line_1_41' title="bbox 354 2933 1923 3007; baseline 0.003 -19"><span class='ocrx_word' id='word_1_310' title='bbox 354 2954 475 3003; x_wconf 75' lang='grc' dir='ltr'>νην,</span> <span class='ocrx_word' id='word_1_311' title='bbox 501 2933 568 3006; x_wconf 77' lang='grc' dir='ltr'>ἧς</span> <span class='ocrx_word' id='word_1_312' title='bbox 588 2937 645 2989; x_wconf 66' lang='grc' dir='ltr'>τὸ</span> <span class='ocrx_word' id='word_1_313' title='bbox 698 2936 894 2998; x_wconf 76' lang='grc' dir='ltr'>κάλλος</span> <span class='ocrx_word' id='word_1_314' title='bbox 931 2939 1022 2990; x_wconf 74' lang='grc' dir='ltr'><strong>καὶ</strong></span> <span class='ocrx_word' id='word_1_315' title='bbox 1051 2936 1152 3007; x_wconf 77' lang='grc' dir='ltr'><strong>τὴν</strong></span> <span class='ocrx_word' id='word_1_316' title='bbox 1194 2936 1254 3001; x_wconf 80' lang='grc' dir='ltr'>ἐξ</span> <span class='ocrx_word' id='word_1_317' title='bbox 1281 2937 1454 3004; x_wconf 82' lang='grc' dir='ltr'>αὐτῆς</span> <span class='ocrx_word' id='word_1_318' title='bbox 1494 2940 1923 3007; x_wconf 67' lang='grc' dir='ltr'>ἐκπεμπομένην</span> 
     </span>
    </p>
   </div>
   <div class='ocr_carea' id='block_1_42' title="bbox 346 3027 1924 3099">
    <p class='ocr_par' dir='ltr' id='par_1_42' title="bbox 346 3027 1924 3099">
     <span class='ocr_line' id='line_1_42' title="bbox 346 3027 1924 3099; baseline 0.002 -18"><span class='ocrx_word' id='word_1_319' title='bbox 346 3029 706 3099; x_wconf 71' lang='grc' dir='ltr'>λαμπρότητα</span> <span class='ocrx_word' id='word_1_320' title='bbox 760 3030 1000 3096; x_wconf 77' lang='grc' dir='ltr'>ἐξειπεῖν</span> <span class='ocrx_word' id='word_1_321' title='bbox 1051 3028 1343 3099; x_wconf 80' lang='grc' dir='ltr'>ἀμηχανῶ.</span> <span class='ocrx_word' id='word_1_322' title='bbox 1396 3027 1597 3098; x_wconf 82' lang='grc' dir='ltr'><strong>Κύκλῳ</strong></span> <span class='ocrx_word' id='word_1_323' title='bbox 1644 3030 1699 3083; x_wconf 78' lang='grc' dir='ltr'>δὲ</span> <span class='ocrx_word' id='word_1_324' title='bbox 1752 3031 1924 3099; x_wconf 75' lang='grc' dir='ltr'>αὐτῆς</span> 
     </span>
    </p>
   </div>
   <div class='ocr_carea' id='block_1_43' title="bbox 342 3118 1921 3188">
    <p class='ocr_par' dir='ltr' id='par_1_43' title="bbox 342 3118 1921 3188">
     <span class='ocr_line' id='line_1_43' title="bbox 342 3118 1921 3188; baseline 0.001 -18"><span class='ocrx_word' id='word_1_325' title='bbox 342 3118 630 3188; x_wconf 72' lang='grc' dir='ltr'>λαμπρούς</span> <span class='ocrx_word' id='word_1_326' title='bbox 655 3135 809 3181; x_wconf 84' lang='grc' dir='ltr'>τινας</span> <span class='ocrx_word' id='word_1_327' title='bbox 836 3122 893 3171; x_wconf 84' lang='grc' dir='ltr'><strong>ἐν</strong></span> <span class='ocrx_word' id='word_1_328' title='bbox 918 3118 1069 3188; x_wconf 86' lang='grc' dir='ltr'>φόϐῳ</span> <span class='ocrx_word' id='word_1_329' title='bbox 1093 3118 1448 3186; x_wconf 80' lang='grc' dir='ltr'>παρεστῶτας</span> <span class='ocrx_word' id='word_1_330' title='bbox 1474 3120 1563 3172; x_wconf 66' lang='grc' dir='ltr'><strong>καῖ</strong></span> <span class='ocrx_word' id='word_1_331' title='bbox 1594 3120 1921 3188; x_wconf 77' lang='grc' dir='ltr'>σεϐάσματι,</span> 
     </span>
    </p>
   </div>
   <div class='ocr_carea' id='block_1_44' title="bbox 338 3205 1993 3300">
    <p class='ocr_par' dir='ltr' id='par_1_44' title="bbox 338 3205 1993 3300">
     <span class='ocr_line' id='line_1_44' title="bbox 338 3205 1993 3300; baseline 0 -37"><span class='ocrx_word' id='word_1_332' title='bbox 338 3214 409 3279; x_wconf 77' lang='grc' dir='ltr'><strong>ἦν</strong></span> <span class='ocrx_word' id='word_1_333' title='bbox 437 3213 531 3263; x_wconf 71' lang='grc' dir='ltr'><strong>καὶ</strong></span> <span class='ocrx_word' id='word_1_334' title='bbox 577 3210 855 3281; x_wconf 80' lang='grc' dir='ltr'>ὑπενόησα</span> <span class='ocrx_word' id='word_1_335' title='bbox 880 3209 981 3280; x_wconf 82' lang='grc' dir='ltr'>τὴν</span> <span class='ocrx_word' id='word_1_336' title='bbox 1030 3210 1189 3277; x_wconf 75' lang='grc' dir='ltr'>ἁγίαν</span> <span class='ocrx_word' id='word_1_337' title='bbox 1236 3210 1499 3264; x_wconf 85' lang='grc' dir='ltr'>Θεοτόκον</span> <span class='ocrx_word' id='word_1_338' title='bbox 1526 3205 1688 3265; x_wconf 81' lang='grc' dir='ltr'>εἶναι.</span> <span class='ocrx_word' id='word_1_339' title='bbox 1737 3211 1921 3264; x_wconf 85' lang='grc' dir='ltr'>Ταῦτα</span> <span class='ocrx_word' id='word_1_340' title='bbox 1951 3244 1993 3300; x_wconf 79' lang='lat' dir='ltr'>C</span> 
     </span>
    </p>
   </div>
   <div class='ocr_carea' id='block_1_45' title="bbox 338 3302 1922 3373">
    <p class='ocr_par' dir='ltr' id='par_1_45' title="bbox 338 3302 1922 3373">
     <span class='ocr_line' id='line_1_45' title="bbox 338 3302 1922 3373; baseline -0.001 -17"><span class='ocrx_word' id='word_1_341' title='bbox 338 3304 681 3373; x_wconf 72' lang='grc' dir='ltr'>θεασάμενος</span> <span class='ocrx_word' id='word_1_342' title='bbox 712 3304 808 3356; x_wconf 70' lang='grc' dir='ltr'><strong>καὶ</strong></span> <span class='ocrx_word' id='word_1_343' title='bbox 851 3302 1094 3366; x_wconf 64' lang='grc' dir='ltr'>ἀκούσας</span> <span class='ocrx_word' id='word_1_344' title='bbox 1124 3303 1348 3373; x_wconf 76' lang='grc' dir='ltr'>ἐξῆλθον</span> <span class='ocrx_word' id='word_1_345' title='bbox 1389 3303 1482 3356; x_wconf 82' lang='grc' dir='ltr'>τοῦ</span> <span class='ocrx_word' id='word_1_346' title='bbox 1514 3303 1801 3369; x_wconf 84' lang='grc' dir='ltr'>παλατίου,</span> <span class='ocrx_word' id='word_1_347' title='bbox 1829 3304 1922 3356; x_wconf 73' lang='grc' dir='ltr'><strong>καὶ</strong></span> 
     </span>
    </p>
   </div>
   <div class='ocr_carea' id='block_1_46' title="bbox 338 3393 1923 3467">
    <p class='ocr_par' dir='ltr' id='par_1_46' title="bbox 338 3393 1923 3467">
     <span class='ocr_line' id='line_1_46' title="bbox 338 3393 1923 3467; baseline 0 -18"><span class='ocrx_word' id='word_1_348' title='bbox 338 3397 506 3449; x_wconf 78' lang='grc' dir='ltr'>πάλιν</span> <span class='ocrx_word' id='word_1_349' title='bbox 568 3395 678 3448; x_wconf 85' lang='grc' dir='ltr'><strong>τῶν</strong></span> <span class='ocrx_word' id='word_1_350' title='bbox 747 3394 1090 3465; x_wconf 80' lang='grc' dir='ltr'>περιστερῶν</span> <span class='ocrx_word' id='word_1_351' title='bbox 1145 3393 1372 3449; x_wconf 77' lang='grc' dir='ltr'>ἐκείνων</span> <span class='ocrx_word' id='word_1_352' title='bbox 1431 3395 1923 3467; x_wconf 82' lang='grc' dir='ltr'>προπορευομένων</span> 
     </span>
    </p>
   </div>
   <div class='ocr_carea' id='block_1_47' title="bbox 341 3488 1923 3560">
    <p class='ocr_par' dir='ltr' id='par_1_47' title="bbox 341 3488 1923 3560">
     <span class='ocr_line' id='line_1_47' title="bbox 341 3488 1923 3560; baseline 0 -17"><span class='ocrx_word' id='word_1_353' title='bbox 341 3507 475 3558; x_wconf 81' lang='grc' dir='ltr'>μου,</span> <span class='ocrx_word' id='word_1_354' title='bbox 513 3488 583 3542; x_wconf 79' lang='grc' dir='ltr'><strong>τὰ</strong></span> <span class='ocrx_word' id='word_1_355' title='bbox 614 3488 853 3543; x_wconf 81' lang='grc' dir='ltr'>ἐνταῦθα</span> <span class='ocrx_word' id='word_1_356' title='bbox 885 3489 1206 3542; x_wconf 82' lang='grc' dir='ltr'>κατέλαϐον.</span> <span class='ocrx_word' id='word_1_357' title='bbox 1237 3489 1347 3542; x_wconf 75' lang='grc' dir='ltr'><strong>Καὶ</strong></span> <span class='ocrx_word' id='word_1_358' title='bbox 1377 3489 1549 3543; x_wconf 81' lang='grc' dir='ltr'>ταῦτα</span> <span class='ocrx_word' id='word_1_359' title='bbox 1572 3489 1673 3558; x_wconf 83' lang='grc' dir='ltr'>μὲν</span> <span class='ocrx_word' id='word_1_360' title='bbox 1701 3491 1729 3541; x_wconf 89' lang='lat'><strong>6</strong></span> <span class='ocrx_word' id='word_1_361' title='bbox 1762 3507 1923 3560; x_wconf 82' lang='grc' dir='ltr'>μονα-</span> 
     </span>
    </p>
   </div>
   <div class='ocr_carea' id='block_1_48' title="bbox 339 3580 1711 3652">
    <p class='ocr_par' dir='ltr' id='par_1_48' title="bbox 339 3580 1711 3652">
     <span class='ocr_line' id='line_1_48' title="bbox 339 3580 1711 3652; baseline -0.001 -17"><span class='ocrx_word' id='word_1_362' title='bbox 339 3584 437 3652; x_wconf 80' lang='grc' dir='ltr'>χὺς</span> <span class='ocrx_word' id='word_1_363' title='bbox 468 3582 564 3635; x_wconf 80' lang='grc' dir='ltr'><strong>καὶ</strong></span> <span class='ocrx_word' id='word_1_364' title='bbox 592 3580 928 3649; x_wconf 77' lang='grc' dir='ltr'>θεασάμενος</span> <span class='ocrx_word' id='word_1_365' title='bbox 958 3581 1051 3633; x_wconf 74' lang='grc' dir='ltr'><strong>καὶ</strong></span> <span class='ocrx_word' id='word_1_366' title='bbox 1089 3580 1328 3642; x_wconf 81' lang='grc' dir='ltr'>ἀκούσας</span> <span class='ocrx_word' id='word_1_367' title='bbox 1359 3581 1711 3650; x_wconf 83' lang='grc' dir='ltr'>ἀπήγγειλεν.</span> 
     </span>
    </p>
   </div>
   <div class='ocr_carea' id='block_1_49' title="bbox 413 3669 1926 3743">
    <p class='ocr_par' dir='ltr' id='par_1_49' title="bbox 413 3669 1926 3743">
     <span class='ocr_line' id='line_1_49' title="bbox 413 3669 1926 3743; baseline 0.001 -18"><span class='ocrx_word' id='word_1_368' title='bbox 413 3673 520 3743; x_wconf 85' lang='grc' dir='ltr'><strong>κβ’.</strong></span> <span class='ocrx_word' id='word_1_369' title='bbox 556 3672 747 3741; x_wconf 79' lang='grc' dir='ltr'>Ἡμεῖς</span> <span class='ocrx_word' id='word_1_370' title='bbox 777 3671 835 3723; x_wconf 85' lang='grc' dir='ltr'><strong>δὲ</strong></span> <span class='ocrx_word' id='word_1_371' title='bbox 884 3671 951 3724; x_wconf 79' lang='grc' dir='ltr'><strong>δι’</strong></span> <span class='ocrx_word' id='word_1_372' title='bbox 998 3672 1202 3741; x_wconf 79' lang='grc' dir='ltr'>ἀμφοῖν</span> <span class='ocrx_word' id='word_1_373' title='bbox 1246 3669 1781 3740; x_wconf 77' lang='grc' dir='ltr'>πληροφορηθέντες,</span> <span class='ocrx_word' id='word_1_374' title='bbox 1820 3672 1926 3725; x_wconf 68' lang='grc' dir='ltr'>ἀπό</span> 
     </span>
    </p>
   </div>
   <div class='ocr_carea' id='block_1_50' title="bbox 339 3760 1927 3832">
    <p class='ocr_par' dir='ltr' id='par_1_50' title="bbox 339 3760 1927 3832">
     <span class='ocr_line' id='line_1_50' title="bbox 339 3760 1927 3832; baseline -0.001 -14"><span class='ocrx_word' id='word_1_375' title='bbox 339 3783 399 3818; x_wconf 82' lang='grc' dir='ltr'><strong>τε</strong></span> <span class='ocrx_word' id='word_1_376' title='bbox 448 3762 548 3817; x_wconf 78' lang='grc' dir='ltr'>τοῦ</span> <span class='ocrx_word' id='word_1_377' title='bbox 594 3762 853 3832; x_wconf 79' lang='grc' dir='ltr'>ἐναρέτου</span> <span class='ocrx_word' id='word_1_378' title='bbox 889 3763 985 3814; x_wconf 77' lang='grc' dir='ltr'><strong>καὶ</strong></span> <span class='ocrx_word' id='word_1_379' title='bbox 1015 3761 1398 3831; x_wconf 78' lang='grc' dir='ltr'>ἠκριϐωμένου</span> <span class='ocrx_word' id='word_1_380' title='bbox 1440 3760 1555 3831; x_wconf 86' lang='grc' dir='ltr'>βίου</span> <span class='ocrx_word' id='word_1_381' title='bbox 1598 3762 1786 3829; x_wconf 82' lang='grc' dir='ltr'>αὐτοῦ,</span> <span class='ocrx_word' id='word_1_382' title='bbox 1819 3766 1927 3817; x_wconf 77' lang='grc' dir='ltr'><strong>ἀπὸ</strong></span> 
     </span>
    </p>
   </div>
   <div class='ocr_carea' id='block_1_51' title="bbox 343 3846 1925 3923">
    <p class='ocr_par' dir='ltr' id='par_1_51' title="bbox 343 3846 1925 3923">
     <span class='ocr_line' id='line_1_51' title="bbox 343 3846 1925 3923; baseline 0.001 -16"><span class='ocrx_word' id='word_1_383' title='bbox 343 3874 401 3907; x_wconf 82' lang='grc' dir='ltr'><strong>τε</strong></span> <span class='ocrx_word' id='word_1_384' title='bbox 432 3855 545 3907; x_wconf 79' lang='grc' dir='ltr'>τῶν</span> <span class='ocrx_word' id='word_1_385' title='bbox 589 3852 912 3923; x_wconf 76' lang='grc' dir='ltr'>θαυμασίων</span> <span class='ocrx_word' id='word_1_386' title='bbox 958 3846 1034 3906; x_wconf 79' lang='grc' dir='ltr'><strong>ὧν</strong></span> <span class='ocrx_word' id='word_1_387' title='bbox 1058 3852 1126 3907; x_wconf 84' lang='grc' dir='ltr'>δι’</span> <span class='ocrx_word' id='word_1_388' title='bbox 1157 3852 1321 3906; x_wconf 74' lang='grc' dir='ltr'>αὐτοῦ</span> <span class='ocrx_word' id='word_1_389' title='bbox 1372 3853 1674 3923; x_wconf 78' lang='grc' dir='ltr'>πεποίηκεν</span> <span class='ocrx_word' id='word_1_390' title='bbox 1708 3857 1735 3907; x_wconf 90' lang='lat'><strong>6</strong></span> <span class='ocrx_word' id='word_1_391' title='bbox 1771 3855 1925 3920; x_wconf 70' lang='grc' dir='ltr'>Θεὸς,</span> 
     </span>
    </p>
   </div>
   <div class='ocr_carea' id='block_1_52' title="bbox 346 3943 1927 4018">
    <p class='ocr_par' dir='ltr' id='par_1_52' title="bbox 346 3943 1927 4018">
     <span class='ocr_line' id='line_1_52' title="bbox 346 3943 1927 4018; baseline -0.001 -18"><span class='ocrx_word' id='word_1_392' title='bbox 346 3947 657 4015; x_wconf 77' lang='grc' dir='ltr'>ἀδιστάκτῳ</span> <span class='ocrx_word' id='word_1_393' title='bbox 682 3948 749 4016; x_wconf 81' lang='grc' dir='ltr'>τῇ</span> <span class='ocrx_word' id='word_1_394' title='bbox 798 3943 991 4015; x_wconf 79' lang='grc' dir='ltr'>γνώμῃ</span> <span class='ocrx_word' id='word_1_395' title='bbox 1033 3944 1125 3998; x_wconf 74' lang='grc' dir='ltr'><strong>καὶ</strong></span> <span class='ocrx_word' id='word_1_396' title='bbox 1156 3945 1307 4012; x_wconf 76' lang='grc' dir='ltr'>πόθῳ</span> <span class='ocrx_word' id='word_1_397' title='bbox 1350 3945 1526 4009; x_wconf 75' lang='grc' dir='ltr'>ζέοντι</span> <span class='ocrx_word' id='word_1_398' title='bbox 1565 3947 1664 4015; x_wconf 77' lang='grc' dir='ltr'><strong>τὴν</strong></span> <span class='ocrx_word' id='word_1_399' title='bbox 1703 3947 1927 4018; x_wconf 82' lang='grc' dir='ltr'>μνήμην</span> 
     </span>
    </p>
   </div>
   <div class='ocr_carea' id='block_1_53' title="bbox 347 4037 1928 4109">
    <p class='ocr_par' dir='ltr' id='par_1_53' title="bbox 347 4037 1928 4109">
     <span class='ocr_line' id='line_1_53' title="bbox 347 4037 1928 4109; baseline -0.001 -15"><span class='ocrx_word' id='word_1_400' title='bbox 347 4039 519 4094; x_wconf 69' lang='grc' dir='ltr'>αὐτοῦ</span> <span class='ocrx_word' id='word_1_401' title='bbox 581 4038 954 4109; x_wconf 78' lang='grc' dir='ltr'>ἑορτάζοντες,</span> <span class='ocrx_word' id='word_1_402' title='bbox 1005 4038 1101 4090; x_wconf 72' lang='grc' dir='ltr'><strong>καὶ</strong></span> <span class='ocrx_word' id='word_1_403' title='bbox 1141 4037 1238 4107; x_wconf 79' lang='grc' dir='ltr'><strong>τὴν</strong></span> <span class='ocrx_word' id='word_1_404' title='bbox 1288 4037 1445 4107; x_wconf 79' lang='grc' dir='ltr'>σορὸν</span> <span class='ocrx_word' id='word_1_405' title='bbox 1498 4038 1608 4091; x_wconf 86' lang='grc' dir='ltr'><strong>τῶν</strong></span> <span class='ocrx_word' id='word_1_406' title='bbox 1661 4039 1928 4108; x_wconf 76' lang='grc' dir='ltr'>λειψάνων</span> 
     </span>
    </p>
   </div>
   <div class='ocr_carea' id='block_1_54' title="bbox 350 4128 1926 4199">
    <p class='ocr_par' dir='ltr' id='par_1_54' title="bbox 350 4128 1926 4199">
     <span class='ocr_line' id='line_1_54' title="bbox 350 4128 1926 4199; baseline -0.002 -14"><span class='ocrx_word' id='word_1_407' title='bbox 350 4130 854 4199; x_wconf 77' lang='grc' dir='ltr'>κατασπαζόμενοι,</span> <span class='ocrx_word' id='word_1_408' title='bbox 908 4130 1134 4199; x_wconf 86' lang='grc' dir='ltr'>μεσίτην</span> <span class='ocrx_word' id='word_1_409' title='bbox 1172 4130 1338 4182; x_wconf 70' lang='grc' dir='ltr'>αὐτὸν</span> <span class='ocrx_word' id='word_1_410' title='bbox 1373 4128 1471 4181; x_wconf 67' lang='grc' dir='ltr'><strong>καὶ</strong></span> <span class='ocrx_word' id='word_1_411' title='bbox 1511 4129 1743 4198; x_wconf 80' lang='grc' dir='ltr'>πρέσϐιν</span> <span class='ocrx_word' id='word_1_412' title='bbox 1790 4131 1926 4198; x_wconf 70' lang='grc' dir='ltr'>πρὸς</span> 
     </span>
    </p>
   </div>
   <div class='ocr_carea' id='block_1_55' title="bbox 347 4217 1927 4289">
    <p class='ocr_par' dir='ltr' id='par_1_55' title="bbox 347 4217 1927 4289">
     <span class='ocr_line' id='line_1_55' title="bbox 347 4217 1927 4289; baseline -0.001 -17"><span class='ocrx_word' id='word_1_413' title='bbox 347 4224 439 4274; x_wconf 77' lang='grc' dir='ltr'>τὸν</span> <span class='ocrx_word' id='word_1_414' title='bbox 473 4220 705 4289; x_wconf 80' lang='grc' dir='ltr'>Σωτῆρα</span> <span class='ocrx_word' id='word_1_415' title='bbox 743 4218 901 4289; x_wconf 73' lang='grc' dir='ltr'>ἡμῶν</span> <span class='ocrx_word' id='word_1_416' title='bbox 929 4218 1024 4271; x_wconf 69' lang='grc' dir='ltr'><strong>καὶ</strong></span> <span class='ocrx_word' id='word_1_417' title='bbox 1051 4218 1184 4271; x_wconf 82' lang='grc' dir='ltr'><strong>Θεὸν</strong></span> <span class='ocrx_word' id='word_1_418' title='bbox 1231 4217 1379 4287; x_wconf 77' lang='grc' dir='ltr'>ἔχειν</span> <span class='ocrx_word' id='word_1_419' title='bbox 1417 4218 1796 4288; x_wconf 78' lang='grc' dir='ltr'>ἐξαιτούμεθα,</span> <span class='ocrx_word' id='word_1_420' title='bbox 1842 4221 1927 4271; x_wconf 81' lang='grc' dir='ltr'>ἵνα</span> 
     </span>
    </p>
   </div>
   <div class='ocr_carea' id='block_1_56' title="bbox 347 4309 1929 4381">
    <p class='ocr_par' dir='ltr' id='par_1_56' title="bbox 347 4309 1929 4381">
     <span class='ocr_line' id='line_1_56' title="bbox 347 4309 1929 4381; baseline -0.002 -15"><span class='ocrx_word' id='word_1_421' title='bbox 347 4316 470 4376; x_wconf 81' lang='grc' dir='ltr'>ταῖς</span> <span class='ocrx_word' id='word_1_422' title='bbox 524 4311 716 4364; x_wconf 72' lang='grc' dir='ltr'>τούτου</span> <span class='ocrx_word' id='word_1_423' title='bbox 756 4309 1094 4381; x_wconf 77' lang='grc' dir='ltr'>πρεσϐείαις,</span> <span class='ocrx_word' id='word_1_424' title='bbox 1126 4310 1218 4363; x_wconf 71' lang='grc' dir='ltr'><strong>καὶ</strong></span> <span class='ocrx_word' id='word_1_425' title='bbox 1248 4310 1347 4378; x_wconf 86' lang='grc' dir='ltr'><strong>τῆς</strong></span> <span class='ocrx_word' id='word_1_426' title='bbox 1395 4309 1602 4379; x_wconf 82' lang='grc' dir='ltr'>Κυρίας</span> <span class='ocrx_word' id='word_1_427' title='bbox 1633 4310 1792 4380; x_wconf 79' lang='grc' dir='ltr'>ἡμῶν</span> <span class='ocrx_word' id='word_1_428' title='bbox 1839 4312 1929 4363; x_wconf 66' lang='grc' dir='ltr'><strong>καὶ</strong></span> 
     </span>
    </p>
   </div>
   <div class='ocr_carea' id='block_1_57' title="bbox 350 4402 1927 4474">
    <p class='ocr_par' dir='ltr' id='par_1_57' title="bbox 350 4402 1927 4474">
     <span class='ocr_line' id='line_1_57' title="bbox 350 4402 1927 4474; baseline -0.003 -14"><span class='ocrx_word' id='word_1_429' title='bbox 350 4406 652 4474; x_wconf 79' lang='grc' dir='ltr'>Δεσποίνης</span> <span class='ocrx_word' id='word_1_430' title='bbox 699 4403 1061 4473; x_wconf 82' lang='grc' dir='ltr'>ἀειπαρθένου</span> <span class='ocrx_word' id='word_1_431' title='bbox 1106 4402 1391 4467; x_wconf 78' lang='grc' dir='ltr'>Θεοτόκου,</span> <span class='ocrx_word' id='word_1_432' title='bbox 1421 4402 1531 4455; x_wconf 84' lang='grc' dir='ltr'><strong>τῶν</strong></span> <span class='ocrx_word' id='word_1_433' title='bbox 1569 4402 1763 4469; x_wconf 80' lang='grc' dir='ltr'>ἐκείνῳ</span> <span class='ocrx_word' id='word_1_434' title='bbox 1796 4403 1927 4472; x_wconf 83' lang='grc' dir='ltr'><strong>κλη-</strong></span> 
     </span>
    </p>
   </div>
   <div class='ocr_carea' id='block_1_58' title="bbox 354 4493 1928 4569">
    <p class='ocr_par' dir='ltr' id='par_1_58' title="bbox 354 4493 1928 4569">
     <span class='ocr_line' id='line_1_58' title="bbox 354 4493 1928 4569; baseline -0.003 -18"><span class='ocrx_word' id='word_1_435' title='bbox 354 4499 641 4569; x_wconf 84' lang='grc' dir='ltr'>ρωθέντων</span> <span class='ocrx_word' id='word_1_436' title='bbox 684 4495 909 4563; x_wconf 82' lang='grc' dir='ltr'>ἀγαθῶν</span> <span class='ocrx_word' id='word_1_437' title='bbox 958 4493 1032 4566; x_wconf 83' lang='grc' dir='ltr'>μὴ</span> <span class='ocrx_word' id='word_1_438' title='bbox 1078 4495 1463 4563; x_wconf 76' lang='grc' dir='ltr'>ἁποτύχωμεν,</span> <span class='ocrx_word' id='word_1_439' title='bbox 1514 4493 1632 4549; x_wconf 78' lang='grc' dir='ltr'>ἀλλ’</span> <span class='ocrx_word' id='word_1_440' title='bbox 1678 4496 1928 4563; x_wconf 71' lang='grc' dir='ltr'>εὕρωμεν</span> 
     </span>
    </p>
   </div>
   <div class='ocr_carea' id='block_1_59' title="bbox 2021 1935 3598 2005">
    <p class='ocr_par' dir='ltr' id='par_1_59' title="bbox 2021 1935 3598 2005">
     <span class='ocr_line' id='line_1_59' title="bbox 2021 1935 3598 2005; baseline 0.004 -19"><span class='ocrx_word' id='word_1_441' title='bbox 2021 1935 2203 1989; x_wconf 79' lang='lat' dir='ltr'><strong>vultus</strong></span> <span class='ocrx_word' id='word_1_442' title='bbox 2252 1937 2367 1991; x_wconf 90' lang='lat' dir='ltr'><strong>sole</strong></span> <span class='ocrx_word' id='word_1_443' title='bbox 2420 1937 2732 1991; x_wconf 89' lang='lat' dir='ltr'><strong>lucidiores.</strong></span> <span class='ocrx_word' id='word_1_444' title='bbox 2800 1938 2973 1991; x_wconf 84' lang='lat' dir='ltr'><strong>Porro</strong></span> <span class='ocrx_word' id='word_1_445' title='bbox 3026 1951 3349 2001; x_wconf 87' lang='lat' dir='ltr'><strong>conversus,</strong></span> <span class='ocrx_word' id='word_1_446' title='bbox 3401 1951 3598 2005; x_wconf 85' lang='lat' dir='ltr'><strong>meque</strong></span> 
     </span>
    </p>
   </div>
   <div class='ocr_carea' id='block_1_60' title="bbox 2020 2023 3596 2091">
    <p class='ocr_par' dir='ltr' id='par_1_60' title="bbox 2020 2023 3596 2091">
     <span class='ocr_line' id='line_1_60' title="bbox 2020 2023 3596 2091; baseline -0.001 -12"><span class='ocrx_word' id='word_1_447' title='bbox 2020 2025 2234 2087; x_wconf 67' lang='lat' dir='ltr'><strong>videns,</strong></span> <span class='ocrx_word' id='word_1_448' title='bbox 2291 2027 2367 2081; x_wconf 89' lang='lat' dir='ltr'><strong>ait</strong></span> <span class='ocrx_word' id='word_1_449' title='bbox 2407 2025 2557 2081; x_wconf 87' lang='lat' dir='ltr'><strong>:Huc</strong></span> <span class='ocrx_word' id='word_1_450' title='bbox 2610 2027 2795 2091; x_wconf 88' lang='lat' dir='ltr'><strong>etiam,</strong></span> <span class='ocrx_word' id='word_1_451' title='bbox 2847 2026 3075 2090; x_wconf 82' lang='lat' dir='ltr'><strong>France,</strong></span> <span class='ocrx_word' id='word_1_452' title='bbox 3137 2025 3324 2081; x_wconf 82' lang='lat' dir='ltr'><strong>venis?</strong></span> <span class='ocrx_word' id='word_1_453' title='bbox 3367 2024 3501 2080; x_wconf 86' lang='lat' dir='ltr'><strong>Redi</strong></span> <span class='ocrx_word' id='word_1_454' title='bbox 3530 2023 3596 2078; x_wconf 88' lang='lat' dir='ltr'><strong>ad</strong></span> 
     </span>
    </p>
   </div>
   <div class='ocr_carea' id='block_1_61' title="bbox 2021 2116 3597 2187">
    <p class='ocr_par' dir='ltr' id='par_1_61' title="bbox 2021 2116 3597 2187">
     <span class='ocr_line' id='line_1_61' title="bbox 2021 2116 3597 2187; baseline -0.001 -17"><span class='ocrx_word' id='word_1_455' title='bbox 2021 2119 2438 2179; x_wconf 83' lang='lat' dir='ltr'><strong>monasterium,</strong></span> <span class='ocrx_word' id='word_1_456' title='bbox 2482 2126 2667 2187; x_wconf 85' lang='lat' dir='ltr'><strong>atque,</strong></span> <span class='ocrx_word' id='word_1_457' title='bbox 2691 2124 2749 2172; x_wconf 93' lang='lat' dir='ltr'><strong>ut</strong></span> <span class='ocrx_word' id='word_1_458' title='bbox 2795 2118 2892 2173; x_wconf 89' lang='lat' dir='ltr'><strong>tibi</strong></span> <span class='ocrx_word' id='word_1_459' title='bbox 2930 2116 3065 2182; x_wconf 78' lang='lat' dir='ltr'><strong>dixi,</strong></span> <span class='ocrx_word' id='word_1_460' title='bbox 3115 2117 3314 2172; x_wconf 82' lang='lat' dir='ltr'><strong>fratres</strong></span> <span class='ocrx_word' id='word_1_461' title='bbox 3342 2117 3597 2180; x_wconf 78' lang='lat' dir='ltr'><strong>admone,</strong></span> 
     </span>
    </p>
   </div>
   <div class='ocr_carea' id='block_1_62' title="bbox 2023 2209 3604 2280">
    <p class='ocr_par' dir='ltr' id='par_1_62' title="bbox 2023 2209 3604 2280">
     <span class='ocr_line' id='line_1_62' title="bbox 2023 2209 3604 2280; baseline 0.001 -17"><span class='ocrx_word' id='word_1_462' title='bbox 2023 2217 2079 2263; x_wconf 88' lang='lat' dir='ltr'><strong>ut</strong></span> <span class='ocrx_word' id='word_1_463' title='bbox 2110 2220 2461 2280; x_wconf 83' lang='lat' dir='ltr'><strong>perseverent</strong></span> <span class='ocrx_word' id='word_1_464' title='bbox 2507 2211 2562 2264; x_wconf 89' lang='lat' dir='ltr'><strong>in</strong></span> <span class='ocrx_word' id='word_1_465' title='bbox 2594 2209 2798 2264; x_wconf 87' lang='lat' dir='ltr'><strong>virtute</strong></span> <span class='ocrx_word' id='word_1_466' title='bbox 2845 2222 2901 2265; x_wconf 86' lang='lat' dir='ltr'><strong>et</strong></span> <span class='ocrx_word' id='word_1_467' title='bbox 2949 2210 3211 2279; x_wconf 87' lang='lat' dir='ltr'><strong>operibus</strong></span> <span class='ocrx_word' id='word_1_468' title='bbox 3249 2210 3411 2266; x_wconf 87' lang='lat' dir='ltr'><strong>bonis</strong></span> <span class='ocrx_word' id='word_1_469' title='bbox 3451 2210 3604 2265; x_wconf 80' lang='lat' dir='ltr'><strong>vita:-</strong></span> 
     </span>
    </p>
   </div>
   <div class='ocr_carea' id='block_1_63' title="bbox 2021 2302 3600 2373">
    <p class='ocr_par' dir='ltr' id='par_1_63' title="bbox 2021 2302 3600 2373">
     <span class='ocr_line' id='line_1_63' title="bbox 2021 2302 3600 2373; baseline 0.001 -17"><span class='ocrx_word' id='word_1_470' title='bbox 2021 2317 2127 2370; x_wconf 88' lang='lat' dir='ltr'><strong>que</strong></span> <span class='ocrx_word' id='word_1_471' title='bbox 2158 2303 2463 2357; x_wconf 87' lang='lat' dir='ltr'><strong>constantia</strong></span> <span class='ocrx_word' id='word_1_472' title='bbox 2495 2320 2507 2356; x_wconf 89' lang='lat'><strong>:</strong></span> <span class='ocrx_word' id='word_1_473' title='bbox 2543 2317 2814 2372; x_wconf 84' lang='lat' dir='ltr'><strong>speroque</strong></span> <span class='ocrx_word' id='word_1_474' title='bbox 2846 2317 2875 2356; x_wconf 90' lang='lat' dir='ltr'><strong>a</strong></span> <span class='ocrx_word' id='word_1_475' title='bbox 2903 2302 3125 2357; x_wconf 88' lang='lat' dir='ltr'><strong>domina</strong></span> <span class='ocrx_word' id='word_1_476' title='bbox 3172 2317 3235 2357; x_wconf 90' lang='lat' dir='ltr'><strong>ac</strong></span> <span class='ocrx_word' id='word_1_477' title='bbox 3267 2302 3453 2373; x_wconf 82' lang='lat' dir='ltr'><strong>regina</strong></span> <span class='ocrx_word' id='word_1_478' title='bbox 3481 2318 3600 2357; x_wconf 89' lang='lat' dir='ltr'><strong>mea</strong></span> 
     </span>
    </p>
   </div>
   <div class='ocr_carea' id='block_1_64' title="bbox 2024 2392 3601 2463">
    <p class='ocr_par' dir='ltr' id='par_1_64' title="bbox 2024 2392 3601 2463">
     <span class='ocr_line' id='line_1_64' title="bbox 2024 2392 3601 2463; baseline 0.003 -18"><span class='ocrx_word' id='word_1_479' title='bbox 2024 2392 2191 2462; x_wconf 87' lang='lat' dir='ltr'><strong>(quod</strong></span> <span class='ocrx_word' id='word_1_480' title='bbox 2244 2392 2457 2457; x_wconf 79' lang='lat' dir='ltr'><strong>dicens,</strong></span> <span class='ocrx_word' id='word_1_481' title='bbox 2513 2393 2701 2448; x_wconf 90' lang='lat' dir='ltr'><strong>oculos</strong></span> <span class='ocrx_word' id='word_1_482' title='bbox 2736 2409 2958 2448; x_wconf 90' lang='lat' dir='ltr'><strong>sursum</strong></span> <span class='ocrx_word' id='word_1_483' title='bbox 3016 2393 3272 2458; x_wconf 89' lang='lat' dir='ltr'><strong>intendit)</strong></span> <span class='ocrx_word' id='word_1_484' title='bbox 3319 2410 3601 2463; x_wconf 86' lang='lat' dir='ltr'><strong>nunquam</strong></span> 
     </span>
    </p>
   </div>
   <div class='ocr_carea' id='block_1_65' title="bbox 2021 2482 3598 2554">
    <p class='ocr_par' dir='ltr' id='par_1_65' title="bbox 2021 2482 3598 2554">
     <span class='ocr_line' id='line_1_65' title="bbox 2021 2482 3598 2554; baseline -0.001 -16"><span class='ocrx_word' id='word_1_485' title='bbox 2021 2500 2119 2538; x_wconf 88' lang='lat' dir='ltr'><strong>vos</strong></span> <span class='ocrx_word' id='word_1_486' title='bbox 2165 2484 2486 2538; x_wconf 88' lang='lat' dir='ltr'><strong>derelictum</strong></span> <span class='ocrx_word' id='word_1_487' title='bbox 2535 2484 2625 2550; x_wconf 86' lang='lat' dir='ltr'><strong>iri,</strong></span> <span class='ocrx_word' id='word_1_488' title='bbox 2675 2500 2855 2554; x_wconf 90' lang='lat' dir='ltr'><strong>neque</strong></span> <span class='ocrx_word' id='word_1_489' title='bbox 2885 2499 2968 2537; x_wconf 89' lang='lat' dir='ltr'><strong>me</strong></span> <span class='ocrx_word' id='word_1_490' title='bbox 3000 2485 3119 2538; x_wconf 84' lang='lat' dir='ltr'><strong>sine</strong></span> <span class='ocrx_word' id='word_1_491' title='bbox 3144 2483 3298 2539; x_wconf 84' lang='lat' dir='ltr'><strong>vobis</strong></span> <span class='ocrx_word' id='word_1_492' title='bbox 3327 2482 3598 2550; x_wconf 80' lang='lat' dir='ltr'><strong>futurum,</strong></span> 
     </span>
    </p>
   </div>
   <div class='ocr_carea' id='block_1_66' title="bbox 2022 2572 3603 2643">
    <p class='ocr_par' dir='ltr' id='par_1_66' title="bbox 2022 2572 3603 2643">
     <span class='ocr_line' id='line_1_66' title="bbox 2022 2572 3603 2643; baseline -0.001 -15"><span class='ocrx_word' id='word_1_493' title='bbox 2022 2575 2136 2628; x_wconf 84' lang='lat' dir='ltr'><strong>sive</strong></span> <span class='ocrx_word' id='word_1_494' title='bbox 2193 2573 2244 2626; x_wconf 91' lang='lat' dir='ltr'><strong>in</strong></span> <span class='ocrx_word' id='word_1_495' title='bbox 2299 2573 2555 2643; x_wconf 65' lang='lat' dir='ltr'><strong>prtesenti</strong></span> <span class='ocrx_word' id='word_1_496' title='bbox 2611 2572 2812 2628; x_wconf 85' lang='lat' dir='ltr'><strong>saeculo</strong></span> <span class='ocrx_word' id='word_1_497' title='bbox 2848 2574 2962 2628; x_wconf 86' lang='lat' dir='ltr'><strong>sive</strong></span> <span class='ocrx_word' id='word_1_498' title='bbox 3006 2573 3061 2628; x_wconf 91' lang='lat' dir='ltr'><strong>iu</strong></span> <span class='ocrx_word' id='word_1_499' title='bbox 3096 2574 3301 2627; x_wconf 82' lang='lat' dir='ltr'><strong>futuro.</strong></span> <span class='ocrx_word' id='word_1_500' title='bbox 3350 2573 3485 2627; x_wconf 90' lang='lat' dir='ltr'><strong>Dum</strong></span> <span class='ocrx_word' id='word_1_501' title='bbox 3523 2574 3603 2627; x_wconf 88' lang='lat' dir='ltr'><strong>sic</strong></span> 
     </span>
    </p>
   </div>
   <div class='ocr_carea' id='block_1_67' title="bbox 2024 2662 3602 2732">
    <p class='ocr_par' dir='ltr' id='par_1_67' title="bbox 2024 2662 3602 2732">
     <span class='ocr_line' id='line_1_67' title="bbox 2024 2662 3602 2732; baseline -0.004 -13"><span class='ocrx_word' id='word_1_502' title='bbox 2024 2665 2184 2719; x_wconf 85' lang='lat' dir='ltr'><strong>Pater</strong></span> <span class='ocrx_word' id='word_1_503' title='bbox 2220 2663 2559 2732; x_wconf 83' lang='lat' dir='ltr'><strong>loqueretur,</strong></span> <span class='ocrx_word' id='word_1_504' title='bbox 2617 2678 2719 2732; x_wconf 85' lang='lat' dir='ltr'><strong>ego</strong></span> <span class='ocrx_word' id='word_1_505' title='bbox 2782 2678 3004 2732; x_wconf 86' lang='lat' dir='ltr'><strong>quoque</strong></span> <span class='ocrx_word' id='word_1_506' title='bbox 3051 2678 3217 2732; x_wconf 87' lang='lat' dir='ltr'><strong>supra</strong></span> <span class='ocrx_word' id='word_1_507' title='bbox 3267 2670 3432 2730; x_wconf 79' lang='lat' dir='ltr'><strong>caput</strong></span> <span class='ocrx_word' id='word_1_508' title='bbox 3482 2662 3602 2729; x_wconf 89' lang='lat' dir='ltr'><strong>ejus</strong></span> 
     </span>
    </p>
   </div>
   <div class='ocr_carea' id='block_1_68' title="bbox 2022 2754 3599 2819">
    <p class='ocr_par' dir='ltr' id='par_1_68' title="bbox 2022 2754 3599 2819">
     <span class='ocr_line' id='line_1_68' title="bbox 2022 2754 3599 2819; baseline -0.001 -9"><span class='ocrx_word' id='word_1_509' title='bbox 2022 2756 2241 2811; x_wconf 88' lang='lat' dir='ltr'><strong>oculum</strong></span> <span class='ocrx_word' id='word_1_510' title='bbox 2278 2756 2590 2819; x_wconf 89' lang='lat' dir='ltr'><strong>intendens,</strong></span> <span class='ocrx_word' id='word_1_511' title='bbox 2623 2755 2957 2811; x_wconf 84' lang='lat' dir='ltr'><strong>formidabili</strong></span> <span class='ocrx_word' id='word_1_512' title='bbox 2986 2757 3037 2809; x_wconf 90' lang='lat' dir='ltr'><strong>in</strong></span> <span class='ocrx_word' id='word_1_513' title='bbox 3071 2756 3270 2809; x_wconf 89' lang='lat' dir='ltr'><strong>throno</strong></span> <span class='ocrx_word' id='word_1_514' title='bbox 3295 2754 3599 2816; x_wconf 85' lang='lat' dir='ltr'><strong>sedentem.</strong></span> 
     </span>
    </p>
   </div>
   <div class='ocr_carea' id='block_1_69' title="bbox 2025 2845 3605 2916">
    <p class='ocr_par' dir='ltr' id='par_1_69' title="bbox 2025 2845 3605 2916">
     <span class='ocr_line' id='line_1_69' title="bbox 2025 2845 3605 2916; baseline -0.001 -16"><span class='ocrx_word' id='word_1_515' title='bbox 2025 2845 2306 2901; x_wconf 86' lang='lat' dir='ltr'><strong>mulierem</strong></span> <span class='ocrx_word' id='word_1_516' title='bbox 2334 2846 2542 2916; x_wconf 85' lang='lat' dir='ltr'><strong>aspexi,</strong></span> <span class='ocrx_word' id='word_1_517' title='bbox 2574 2847 2730 2916; x_wconf 84' lang='lat' dir='ltr'><strong>cujus</strong></span> <span class='ocrx_word' id='word_1_518' title='bbox 2760 2846 3224 2915; x_wconf 84' lang='lat' dir='ltr'><strong>pulchritudinem</strong></span> <span class='ocrx_word' id='word_1_519' title='bbox 3270 2856 3325 2900; x_wconf 91' lang='lat' dir='ltr'><strong>et</strong></span> <span class='ocrx_word' id='word_1_520' title='bbox 3361 2846 3605 2901; x_wconf 86' lang='lat' dir='ltr'><strong>emican-</strong></span> 
     </span>
    </p>
   </div>
   <div class='ocr_carea' id='block_1_70' title="bbox 2025 2938 3603 3009">
    <p class='ocr_par' dir='ltr' id='par_1_70' title="bbox 2025 2938 3603 3009">
     <span class='ocr_line' id='line_1_70' title="bbox 2025 2938 3603 3009; baseline 0 -15"><span class='ocrx_word' id='word_1_521' title='bbox 2025 2948 2133 2995; x_wconf 91' lang='lat' dir='ltr'><strong>tem</strong></span> <span class='ocrx_word' id='word_1_522' title='bbox 2202 2955 2269 2994; x_wconf 81' lang='lat' dir='ltr'><strong>ex</strong></span> <span class='ocrx_word' id='word_1_523' title='bbox 2336 2954 2400 2995; x_wconf 89' lang='lat' dir='ltr'><strong>ca</strong></span> <span class='ocrx_word' id='word_1_524' title='bbox 2464 2939 2814 3009; x_wconf 89' lang='lat' dir='ltr'><strong>splendorem</strong></span> <span class='ocrx_word' id='word_1_525' title='bbox 2889 2938 3043 2993; x_wconf 65' lang='lat' dir='ltr'><strong>effari</strong></span> <span class='ocrx_word' id='word_1_526' title='bbox 3124 2954 3374 3008; x_wconf 83' lang='lat' dir='ltr'><strong>nequeo;</strong></span> <span class='ocrx_word' id='word_1_527' title='bbox 3456 2938 3603 2994; x_wconf 86' lang='lat' dir='ltr'><strong>circa</strong></span> 
     </span>
    </p>
   </div>
   <div class='ocr_carea' id='block_1_71' title="bbox 2025 3027 3604 3098">
    <p class='ocr_par' dir='ltr' id='par_1_71' title="bbox 2025 3027 3604 3098">
     <span class='ocr_line' id='line_1_71' title="bbox 2025 3027 3604 3098; baseline -0.001 -15"><span class='ocrx_word' id='word_1_528' title='bbox 2025 3044 2154 3083; x_wconf 85' lang='lat' dir='ltr'><strong>vero</strong></span> <span class='ocrx_word' id='word_1_529' title='bbox 2208 3029 2378 3098; x_wconf 87' lang='lat' dir='ltr'><strong>ipsam</strong></span> <span class='ocrx_word' id='word_1_530' title='bbox 2448 3028 2763 3098; x_wconf 87' lang='lat' dir='ltr'><strong>splendidos</strong></span> <span class='ocrx_word' id='word_1_531' title='bbox 2840 3027 3128 3097; x_wconf 87' lang='lat' dir='ltr'><strong>quosdam,</strong></span> <span class='ocrx_word' id='word_1_532' title='bbox 3205 3043 3327 3081; x_wconf 90' lang='lat' dir='ltr'><strong>cum</strong></span> <span class='ocrx_word' id='word_1_533' title='bbox 3406 3028 3604 3082; x_wconf 80' lang='lat' dir='ltr'><strong>timore</strong></span> 
     </span>
    </p>
   </div>
   <div class='ocr_carea' id='block_1_72' title="bbox 2025 3117 3605 3188">
    <p class='ocr_par' dir='ltr' id='par_1_72' title="bbox 2025 3117 3605 3188">
     <span class='ocr_line' id='line_1_72' title="bbox 2025 3117 3605 3188; baseline -0.002 -16"><span class='ocrx_word' id='word_1_534' title='bbox 2025 3135 2087 3172; x_wconf 89' lang='lat' dir='ltr'><strong>ac</strong></span> <span class='ocrx_word' id='word_1_535' title='bbox 2116 3122 2422 3173; x_wconf 86' lang='lat' dir='ltr'><strong>reverentia</strong></span> <span class='ocrx_word' id='word_1_536' title='bbox 2476 3128 2721 3183; x_wconf 88' lang='lat' dir='ltr'><strong>stantes;</strong></span> <span class='ocrx_word' id='word_1_537' title='bbox 2752 3134 2916 3188; x_wconf 84' lang='lat' dir='ltr'><strong>quam</strong></span> <span class='ocrx_word' id='word_1_538' title='bbox 2971 3134 3091 3172; x_wconf 86' lang='lat' dir='ltr'><strong>esse</strong></span> <span class='ocrx_word' id='word_1_539' title='bbox 3128 3127 3371 3174; x_wconf 88' lang='lat' dir='ltr'><strong>sanctam</strong></span> <span class='ocrx_word' id='word_1_540' title='bbox 3415 3117 3605 3188; x_wconf 82' lang='lat' dir='ltr'><strong>Deipa—</strong></span> 
     </span>
    </p>
   </div>
   <div class='ocr_carea' id='block_1_73' title="bbox 2030 3209 3604 3280">
    <p class='ocr_par' dir='ltr' id='par_1_73' title="bbox 2030 3209 3604 3280">
     <span class='ocr_line' id='line_1_73' title="bbox 2030 3209 3604 3280; baseline 0.001 -18"><span class='ocrx_word' id='word_1_541' title='bbox 2030 3226 2145 3264; x_wconf 86' lang='lat' dir='ltr'><strong>ram</strong></span> <span class='ocrx_word' id='word_1_542' title='bbox 2190 3211 2501 3278; x_wconf 81' lang='lat' dir='ltr'><strong>suspicatus</strong></span> <span class='ocrx_word' id='word_1_543' title='bbox 2549 3226 2690 3263; x_wconf 86' lang='lat' dir='ltr'><strong>sum.</strong></span> <span class='ocrx_word' id='word_1_544' title='bbox 2745 3209 2840 3263; x_wconf 89' lang='lat' dir='ltr'><strong>llis</strong></span> <span class='ocrx_word' id='word_1_545' title='bbox 2874 3211 3004 3263; x_wconf 84' lang='lat' dir='ltr'><strong>visis</strong></span> <span class='ocrx_word' id='word_1_546' title='bbox 3062 3219 3224 3280; x_wconf 89' lang='lat' dir='ltr'><strong>atque</strong></span> <span class='ocrx_word' id='word_1_547' title='bbox 3256 3209 3479 3275; x_wconf 85' lang='lat' dir='ltr'><strong>auditis,</strong></span> <span class='ocrx_word' id='word_1_548' title='bbox 3508 3225 3604 3279; x_wconf 79' lang='lat' dir='ltr'><strong>pa-</strong></span> 
     </span>
    </p>
   </div>
   <div class='ocr_carea' id='block_1_74' title="bbox 2029 3296 3605 3368">
    <p class='ocr_par' dir='ltr' id='par_1_74' title="bbox 2029 3296 3605 3368">
     <span class='ocr_line' id='line_1_74' title="bbox 2029 3296 3605 3368; baseline 0 -17"><span class='ocrx_word' id='word_1_549' title='bbox 2029 3298 2159 3352; x_wconf 87' lang='lat' dir='ltr'><strong>latio</strong></span> <span class='ocrx_word' id='word_1_550' title='bbox 2198 3299 2364 3364; x_wconf 75' lang='lat' dir='ltr'><strong>exivi,</strong></span> <span class='ocrx_word' id='word_1_551' title='bbox 2389 3296 2570 3352; x_wconf 84' lang='lat' dir='ltr'><strong>ctiliis</strong></span> <span class='ocrx_word' id='word_1_552' title='bbox 2621 3297 2803 3352; x_wconf 89' lang='lat' dir='ltr'><strong>denuo</strong></span> <span class='ocrx_word' id='word_1_553' title='bbox 2826 3299 3099 3354; x_wconf 88' lang='lat' dir='ltr'><strong>columbis</strong></span> <span class='ocrx_word' id='word_1_554' title='bbox 3136 3299 3272 3353; x_wconf 91' lang='lat' dir='ltr'><strong>mihi</strong></span> <span class='ocrx_word' id='word_1_555' title='bbox 3306 3300 3605 3368; x_wconf 64' lang='lat' dir='ltr'><strong>praeeunti-</strong></span> 
     </span>
    </p>
   </div>
   <div class='ocr_carea' id='block_1_75' title="bbox 2028 3380 3604 3461">
    <p class='ocr_par' dir='ltr' id='par_1_75' title="bbox 2028 3380 3604 3461">
     <span class='ocr_line' id='line_1_75' title="bbox 2028 3380 3604 3461; baseline 0.002 -18"><span class='ocrx_word' id='word_1_556' title='bbox 2028 3389 2152 3450; x_wconf 89' lang='lat' dir='ltr'><strong>bus,</strong></span> <span class='ocrx_word' id='word_1_557' title='bbox 2187 3389 2293 3442; x_wconf 91' lang='lat' dir='ltr'><strong>huc</strong></span> <span class='ocrx_word' id='word_1_558' title='bbox 2324 3389 2539 3444; x_wconf 71' lang='lat' dir='ltr'><strong>adveni.</strong></span> <span class='ocrx_word' id='word_1_559' title='bbox 2570 3387 2694 3445; x_wconf 67' lang='lat' dir='ltr'><strong>llzec</strong></span> <span class='ocrx_word' id='word_1_560' title='bbox 2721 3380 3021 3446; x_wconf 88' lang='lat' dir='ltr'><strong>monachus</strong></span> <span class='ocrx_word' id='word_1_561' title='bbox 3052 3390 3121 3446; x_wconf 88' lang='lat' dir='ltr'><strong>de</strong></span> <span class='ocrx_word' id='word_1_562' title='bbox 3151 3391 3270 3445; x_wconf 84' lang='lat' dir='ltr'><strong>visu</strong></span> <span class='ocrx_word' id='word_1_563' title='bbox 3303 3390 3604 3461; x_wconf 87' lang='lat' dir='ltr'><strong>audituque</strong></span> 
     </span>
    </p>
   </div>
   <div class='ocr_carea' id='block_1_76' title="bbox 2030 3481 3589 3535">
    <p class='ocr_par' dir='ltr' id='par_1_76' title="bbox 2030 3481 3589 3535">
     <span class='ocr_line' id='line_1_76' title="bbox 2030 3481 3589 3535; baseline -0.002 -1"><span class='ocrx_word' id='word_1_564' title='bbox 2030 3482 2185 3535; x_wconf 84' lang='lat' dir='ltr'><strong>testis</strong></span> <span class='ocrx_word' id='word_1_565' title='bbox 2220 3481 2484 3535; x_wconf 82' lang='lat' dir='ltr'><strong>narravit.</strong></span> <span class='ocrx_word' id='word_1_566' title='bbox 3586 3486 3589 3491; x_wconf 84' lang='lat'>&#39;</span> 
     </span>
    </p>
   </div>
   <div class='ocr_carea' id='block_1_77' title="bbox 2046 3661 3606 3732">
    <p class='ocr_par' dir='ltr' id='par_1_77' title="bbox 2046 3661 3606 3732">
     <span class='ocr_line' id='line_1_77' title="bbox 2046 3661 3606 3732; baseline -0.001 -14"><span class='ocrx_word' id='word_1_567' title='bbox 2046 3692 2055 3705; x_wconf 76' lang='grc' dir='ltr'><strong>ε</strong></span> <span class='ocrx_word' id='word_1_568' title='bbox 2099 3665 2188 3718; x_wconf 69' lang='lat'><strong>22.</strong></span> <span class='ocrx_word' id='word_1_569' title='bbox 2241 3665 2349 3719; x_wconf 83' lang='lat' dir='ltr'><strong>Nos</strong></span> <span class='ocrx_word' id='word_1_570' title='bbox 2402 3679 2532 3718; x_wconf 83' lang='lat' dir='ltr'><strong>vero</strong></span> <span class='ocrx_word' id='word_1_571' title='bbox 2580 3661 2875 3732; x_wconf 76' lang='lat' dir='ltr'><strong>dupliciter</strong></span> <span class='ocrx_word' id='word_1_572' title='bbox 2935 3664 3204 3732; x_wconf 88' lang='lat' dir='ltr'><strong>persuasi,</strong></span> <span class='ocrx_word' id='word_1_573' title='bbox 3250 3673 3363 3717; x_wconf 89' lang='lat' dir='ltr'><strong>tum</strong></span> <span class='ocrx_word' id='word_1_574' title='bbox 3424 3678 3451 3716; x_wconf 89' lang='lat' dir='ltr'><strong>a</strong></span> <span class='ocrx_word' id='word_1_575' title='bbox 3483 3665 3606 3717; x_wconf 77' lang='lat' dir='ltr'><strong>vitae</strong></span> 
     </span>
    </p>
   </div>
   <div class='ocr_carea' id='block_1_78' title="bbox 2029 3754 3607 3829">
    <p class='ocr_par' dir='ltr' id='par_1_78' title="bbox 2029 3754 3607 3829">
     <span class='ocr_line' id='line_1_78' title="bbox 2029 3754 3607 3829; baseline -0.001 -17"><span class='ocrx_word' id='word_1_576' title='bbox 2029 3759 2149 3829; x_wconf 89' lang='lat' dir='ltr'><strong>ejus</strong></span> <span class='ocrx_word' id='word_1_577' title='bbox 2167 3758 2488 3819; x_wconf 86' lang='lat' dir='ltr'><strong>virtutibus,</strong></span> <span class='ocrx_word' id='word_1_578' title='bbox 2528 3764 2639 3808; x_wconf 85' lang='lat' dir='ltr'><strong>tum</strong></span> <span class='ocrx_word' id='word_1_579' title='bbox 2668 3755 2832 3809; x_wconf 88' lang='lat' dir='ltr'><strong>etiam</strong></span> <span class='ocrx_word' id='word_1_580' title='bbox 2865 3771 2892 3807; x_wconf 92' lang='lat' dir='ltr'><strong>a</strong></span> <span class='ocrx_word' id='word_1_581' title='bbox 2914 3754 3141 3823; x_wconf 86' lang='lat' dir='ltr'><strong>patratis</strong></span> <span class='ocrx_word' id='word_1_582' title='bbox 3162 3770 3257 3823; x_wconf 84' lang='lat' dir='ltr'><strong>per</strong></span> <span class='ocrx_word' id='word_1_583' title='bbox 3286 3770 3411 3808; x_wconf 88' lang='lat' dir='ltr'><strong>eutn</strong></span> <span class='ocrx_word' id='word_1_584' title='bbox 3439 3771 3468 3809; x_wconf 88' lang='lat' dir='ltr'><strong>a</strong></span> <span class='ocrx_word' id='word_1_585' title='bbox 3495 3756 3607 3810; x_wconf 87' lang='lat' dir='ltr'><strong>Deo</strong></span> 
     </span>
    </p>
   </div>
   <div class='ocr_carea' id='block_1_79' title="bbox 2031 3843 3605 3915">
    <p class='ocr_par' dir='ltr' id='par_1_79' title="bbox 2031 3843 3605 3915">
     <span class='ocr_line' id='line_1_79' title="bbox 2031 3843 3605 3915; baseline -0.004 -11"><span class='ocrx_word' id='word_1_586' title='bbox 2031 3849 2333 3913; x_wconf 85' lang='lat' dir='ltr'><strong>miraculis,</strong></span> <span class='ocrx_word' id='word_1_587' title='bbox 2368 3846 2687 3901; x_wconf 87' lang='lat' dir='ltr'><strong>memoriam</strong></span> <span class='ocrx_word' id='word_1_588' title='bbox 2738 3846 2860 3915; x_wconf 89' lang='lat' dir='ltr'><strong>ejus</strong></span> <span class='ocrx_word' id='word_1_589' title='bbox 2888 3843 3459 3914; x_wconf 88' lang='lat' dir='ltr'><strong>indubitantejudicio</strong></span> <span class='ocrx_word' id='word_1_590' title='bbox 3492 3844 3605 3900; x_wconf 76' lang='lat' dir='ltr'><strong>fer-</strong></span> 
     </span>
    </p>
   </div>
   <div class='ocr_carea' id='block_1_80' title="bbox 2032 3935 3604 4013">
    <p class='ocr_par' dir='ltr' id='par_1_80' title="bbox 2032 3935 3604 4013">
     <span class='ocr_line' id='line_1_80' title="bbox 2032 3935 3604 4013; baseline -0.003 -18"><span class='ocrx_word' id='word_1_591' title='bbox 2032 3943 2267 4013; x_wconf 75' lang='lat' dir='ltr'><strong>ridoque</strong></span> <span class='ocrx_word' id='word_1_592' title='bbox 2318 3955 2504 3994; x_wconf 89' lang='lat' dir='ltr'><strong>amore</strong></span> <span class='ocrx_word' id='word_1_593' title='bbox 2546 3938 2908 4003; x_wconf 87' lang='lat' dir='ltr'><strong>celebrantes,</strong></span> <span class='ocrx_word' id='word_1_594' title='bbox 2961 3947 3017 3990; x_wconf 93' lang='lat' dir='ltr'><strong>et</strong></span> <span class='ocrx_word' id='word_1_595' title='bbox 3072 3935 3426 4005; x_wconf 86' lang='lat' dir='ltr'><strong>reliquiarum</strong></span> <span class='ocrx_word' id='word_1_596' title='bbox 3456 3938 3604 4007; x_wconf 82' lang='lat' dir='ltr'><strong>ejus-</strong></span> 
     </span>
    </p>
   </div>
   <div class='ocr_carea' id='block_1_81' title="bbox 2030 4028 3609 4098">
    <p class='ocr_par' dir='ltr' id='par_1_81' title="bbox 2030 4028 3609 4098">
     <span class='ocr_line' id='line_1_81' title="bbox 2030 4028 3609 4098; baseline -0.005 -8"><span class='ocrx_word' id='word_1_597' title='bbox 2030 4036 2153 4090; x_wconf 90' lang='lat' dir='ltr'><strong>dem</strong></span> <span class='ocrx_word' id='word_1_598' title='bbox 2185 4034 2423 4090; x_wconf 87' lang='lat' dir='ltr'><strong>loculum</strong></span> <span class='ocrx_word' id='word_1_599' title='bbox 2464 4039 2813 4094; x_wconf 87' lang='lat' dir='ltr'><strong>venerantes,</strong></span> <span class='ocrx_word' id='word_1_600' title='bbox 2838 4028 3197 4085; x_wconf 87' lang='lat' dir='ltr'><strong>mediatorem</strong></span> <span class='ocrx_word' id='word_1_601' title='bbox 3232 4029 3413 4098; x_wconf 89' lang='lat' dir='ltr'><strong>ipsum</strong></span> <span class='ocrx_word' id='word_1_602' title='bbox 3443 4036 3609 4097; x_wconf 86' lang='lat' dir='ltr'><strong>atque</strong></span> 
     </span>
    </p>
   </div>
   <div class='ocr_carea' id='block_1_82' title="bbox 2030 4122 3605 4194">
    <p class='ocr_par' dir='ltr' id='par_1_82' title="bbox 2030 4122 3605 4194">
     <span class='ocr_line' id='line_1_82' title="bbox 2030 4122 3605 4194; baseline -0.004 -12"><span class='ocrx_word' id='word_1_603' title='bbox 2030 4138 2303 4182; x_wconf 88' lang='lat' dir='ltr'><strong>oratorem</strong></span> <span class='ocrx_word' id='word_1_604' title='bbox 2359 4126 2502 4194; x_wconf 87' lang='lat' dir='ltr'><strong>apud</strong></span> <span class='ocrx_word' id='word_1_605' title='bbox 2538 4123 2876 4178; x_wconf 86' lang='lat' dir='ltr'><strong>Salvatorem</strong></span> <span class='ocrx_word' id='word_1_606' title='bbox 2904 4122 3189 4191; x_wconf 78' lang='lat' dir='ltr'><strong>Deumque</strong></span> <span class='ocrx_word' id='word_1_607' title='bbox 3223 4132 3475 4176; x_wconf 85' lang='lat' dir='ltr'><strong>nostrum</strong></span> <span class='ocrx_word' id='word_1_608' title='bbox 3508 4122 3605 4176; x_wconf 88' lang='lat' dir='ltr'><strong>ha-</strong></span> 
     </span>
    </p>
   </div>
   <div class='ocr_carea' id='block_1_83' title="bbox 2031 4209 3606 4286">
    <p class='ocr_par' dir='ltr' id='par_1_83' title="bbox 2031 4209 3606 4286">
     <span class='ocr_line' id='line_1_83' title="bbox 2031 4209 3606 4286; baseline -0.007 -13"><span class='ocrx_word' id='word_1_609' title='bbox 2031 4219 2161 4273; x_wconf 91' lang='lat' dir='ltr'><strong>bere</strong></span> <span class='ocrx_word' id='word_1_610' title='bbox 2214 4217 2586 4286; x_wconf 83' lang='lat' dir='ltr'><strong>postulamus;</strong></span> <span class='ocrx_word' id='word_1_611' title='bbox 2627 4212 2786 4282; x_wconf 86' lang='lat' dir='ltr'><strong>cujus</strong></span> <span class='ocrx_word' id='word_1_612' title='bbox 2819 4209 3332 4272; x_wconf 85' lang='lat' dir='ltr'><strong>intercessionibus,</strong></span> <span class='ocrx_word' id='word_1_613' title='bbox 3373 4222 3606 4262; x_wconf 89' lang='lat' dir='ltr'><strong>necnon</strong></span> 
     </span>
    </p>
   </div>
   <div class='ocr_carea' id='block_1_84' title="bbox 2032 4299 3606 4373">
    <p class='ocr_par' dir='ltr' id='par_1_84' title="bbox 2032 4299 3606 4373">
     <span class='ocr_line' id='line_1_84' title="bbox 2032 4299 3606 4373; baseline -0.007 -9"><span class='ocrx_word' id='word_1_614' title='bbox 2032 4310 2268 4364; x_wconf 74' lang='lat' dir='ltr'><strong>dominre</strong></span> <span class='ocrx_word' id='word_1_615' title='bbox 2284 4316 2487 4362; x_wconf 68' lang='lat' dir='ltr'><strong>nostra:</strong></span> <span class='ocrx_word' id='word_1_616' title='bbox 2512 4321 2574 4359; x_wconf 91' lang='lat' dir='ltr'><strong>ac</strong></span> <span class='ocrx_word' id='word_1_617' title='bbox 2604 4303 2805 4373; x_wconf 66' lang='lat' dir='ltr'><strong>reginae</strong></span> <span class='ocrx_word' id='word_1_618' title='bbox 2827 4316 3046 4371; x_wconf 90' lang='lat' dir='ltr'><strong>semper</strong></span> <span class='ocrx_word' id='word_1_619' title='bbox 3082 4299 3311 4371; x_wconf 80' lang='lat' dir='ltr'><strong>virginis</strong></span> <span class='ocrx_word' id='word_1_620' title='bbox 3337 4299 3606 4369; x_wconf 80' lang='lat' dir='ltr'><strong>Deiparae,</strong></span> 
     </span>
    </p>
   </div>
   <div class='ocr_carea' id='block_1_85' title="bbox 2034 4390 3608 4467">
    <p class='ocr_par' dir='ltr' id='par_1_85' title="bbox 2034 4390 3608 4467">
     <span class='ocr_line' id='line_1_85' title="bbox 2034 4390 3608 4467; baseline -0.008 -11"><span class='ocrx_word' id='word_1_621' title='bbox 2034 4400 2399 4455; x_wconf 86' lang='lat' dir='ltr'><strong>bonissancto</strong></span> <span class='ocrx_word' id='word_1_622' title='bbox 2430 4398 2551 4451; x_wconf 89' lang='lat' dir='ltr'><strong>viro</strong></span> <span class='ocrx_word' id='word_1_623' title='bbox 2573 4397 2682 4467; x_wconf 86' lang='lat' dir='ltr'><strong>jam</strong></span> <span class='ocrx_word' id='word_1_624' title='bbox 2707 4391 3247 4463; x_wconf 87' lang='lat' dir='ltr'><strong>assignatis,utinam</strong></span> <span class='ocrx_word' id='word_1_625' title='bbox 3279 4404 3388 4443; x_wconf 92' lang='lat' dir='ltr'><strong>non</strong></span> <span class='ocrx_word' id='word_1_626' title='bbox 3422 4390 3608 4444; x_wconf 69' lang='lat' dir='ltr'><strong>exelu-</strong></span> 
     </span>
    </p>
   </div>
   <div class='ocr_carea' id='block_1_86' title="bbox 2034 4483 3611 4556">
    <p class='ocr_par' dir='ltr' id='par_1_86' title="bbox 2034 4483 3611 4556">
     <span class='ocr_line' id='line_1_86' title="bbox 2034 4483 3611 4556; baseline -0.006 -11"><span class='ocrx_word' id='word_1_627' title='bbox 2034 4492 2267 4555; x_wconf 87' lang='lat' dir='ltr'><strong>damur;</strong></span> <span class='ocrx_word' id='word_1_628' title='bbox 2292 4490 2387 4543; x_wconf 91' lang='lat' dir='ltr'><strong>sed</strong></span> <span class='ocrx_word' id='word_1_629' title='bbox 2415 4498 2621 4543; x_wconf 87' lang='lat' dir='ltr'><strong>sortem</strong></span> <span class='ocrx_word' id='word_1_630' title='bbox 2645 4495 2969 4556; x_wconf 88' lang='lat' dir='ltr'><strong>partemque</strong></span> <span class='ocrx_word' id='word_1_631' title='bbox 3019 4500 3143 4537; x_wconf 83' lang='lat' dir='ltr'><strong>cum</strong></span> <span class='ocrx_word' id='word_1_632' title='bbox 3178 4483 3384 4538; x_wconf 84' lang='lat' dir='ltr'><strong>sanctis</strong></span> <span class='ocrx_word' id='word_1_633' title='bbox 3430 4483 3611 4537; x_wconf 53' lang='lat' dir='ltr'><strong>omni.</strong></span> 
     </span>
    </p>
   </div>
   <div class='ocr_carea' id='block_1_87' title="bbox 350 4570 1926 4659">
    <p class='ocr_par' dir='ltr' id='par_1_87' title="bbox 350 4585 1923 4659">
     <span class='ocr_line' id='line_1_87' title="bbox 350 4585 1923 4659; baseline -0.004 -16"><span class='ocrx_word' id='word_1_634' title='bbox 350 4591 557 4659; x_wconf 78' lang='grc' dir='ltr'>κλῆρον</span> <span class='ocrx_word' id='word_1_635' title='bbox 611 4588 704 4641; x_wconf 70' lang='grc' dir='ltr'><strong>καὶ</strong></span> <span class='ocrx_word' id='word_1_636' title='bbox 737 4586 932 4656; x_wconf 76' lang='grc' dir='ltr'>μερίδα</span> <span class='ocrx_word' id='word_1_637' title='bbox 986 4586 1125 4655; x_wconf 78' lang='grc' dir='ltr'>μετὰ</span> <span class='ocrx_word' id='word_1_638' title='bbox 1171 4585 1392 4639; x_wconf 77' lang='grc' dir='ltr'>πάντων</span> <span class='ocrx_word' id='word_1_639' title='bbox 1432 4585 1539 4638; x_wconf 82' lang='grc' dir='ltr'>τῶν</span> <span class='ocrx_word' id='word_1_640' title='bbox 1588 4587 1761 4653; x_wconf 81' lang='grc' dir='ltr'>ἁγίων</span> <span class='ocrx_word' id='word_1_641' title='bbox 1814 4587 1923 4638; x_wconf 79' lang='grc' dir='ltr'><strong>τῶν</strong></span> 
     </span>
    </p>
   </div>
   <div class='ocr_carea' id='block_1_88' title="bbox 2027 4570 3609 4659">
    <p class='ocr_par' dir='ltr' id='par_1_88' title="bbox 2031 4570 3609 4648">
     <span class='ocr_line' id='line_1_88' title="bbox 2031 4570 3609 4648; baseline -0.008 -12"><span class='ocrx_word' id='word_1_642' title='bbox 2031 4582 2156 4648; x_wconf 89' lang='lat' dir='ltr'><strong>bus,</strong></span> <span class='ocrx_word' id='word_1_643' title='bbox 2198 4580 2420 4636; x_wconf 87' lang='lat' dir='ltr'><strong>Christo</strong></span> <span class='ocrx_word' id='word_1_644' title='bbox 2448 4578 2558 4632; x_wconf 90' lang='lat' dir='ltr'><strong>Deo</strong></span> <span class='ocrx_word' id='word_1_645' title='bbox 2602 4582 2793 4630; x_wconf 90' lang='lat' dir='ltr'><strong>nostro</strong></span> <span class='ocrx_word' id='word_1_646' title='bbox 2846 4574 3481 4641; x_wconf 73' lang='lat' dir='ltr'><strong>charis,’eonsequamur.</strong></span> <span class='ocrx_word' id='word_1_647' title='bbox 3509 4570 3609 4625; x_wconf 87' lang='lat' dir='ltr'><strong>Cui</strong></span> 
     </span>
    </p>
   </div>
   <div class='ocr_carea' id='block_1_89' title="bbox 350 4665 1926 4751">
    <p class='ocr_par' dir='ltr' id='par_1_89' title="bbox 350 4669 1926 4751">
     <span class='ocr_line' id='line_1_89' title="bbox 350 4669 1926 4751; baseline -0.004 -18"><span class='ocrx_word' id='word_1_648' title='bbox 350 4678 846 4751; x_wconf 67' lang='grc' dir='ltr'>εὐαρεπησάντων</span> <span class='ocrx_word' id='word_1_649' title='bbox 878 4676 1027 4745; x_wconf 80' lang='grc' dir='ltr'>αὐτῷ</span> <span class='ocrx_word' id='word_1_650' title='bbox 1061 4677 1282 4746; x_wconf 82' lang='grc' dir='ltr'>Χριστῷ</span> <span class='ocrx_word' id='word_1_651' title='bbox 1313 4676 1394 4746; x_wconf 82' lang='grc' dir='ltr'>τῷ</span> <span class='ocrx_word' id='word_1_652' title='bbox 1434 4676 1555 4746; x_wconf 82' lang='grc' dir='ltr'><strong>Θεῷ</strong></span> <span class='ocrx_word' id='word_1_653' title='bbox 1586 4676 1746 4745; x_wconf 84' lang='grc' dir='ltr'>ἡμῶν</span> <span class='ocrx_word' id='word_1_654' title='bbox 1767 4690 1780 4704; x_wconf 73' lang='grc' dir='ltr'><strong>ο</strong></span> <span class='ocrx_word' id='word_1_655' title='bbox 1817 4669 1861 4743; x_wconf 81' lang='grc' dir='ltr'><strong>ᾧ</strong></span> <span class='ocrx_word' id='word_1_656' title='bbox 1893 4678 1926 4743; x_wconf 80' lang='grc' dir='ltr'>ἡ</span> 
     </span>
    </p>
   </div>
   <div class='ocr_carea' id='block_1_90' title="bbox 2027 4665 3611 4751">
    <p class='ocr_par' dir='ltr' id='par_1_90' title="bbox 2027 4665 3611 4747">
     <span class='ocr_line' id='line_1_90' title="bbox 2027 4665 3611 4747; baseline -0.009 -18"><span class='ocrx_word' id='word_1_657' title='bbox 2027 4675 2222 4747; x_wconf 87' lang='lat' dir='ltr'><strong>gloria,</strong></span> <span class='ocrx_word' id='word_1_658' title='bbox 2274 4687 2398 4743; x_wconf 81' lang='lat' dir='ltr'><strong>cum</strong></span> <span class='ocrx_word' id='word_1_659' title='bbox 2441 4669 2775 4738; x_wconf 86' lang='lat' dir='ltr'><strong>sempiterno</strong></span> <span class='ocrx_word' id='word_1_660' title='bbox 2809 4667 2929 4737; x_wconf 87' lang='lat' dir='ltr'><strong>ejus</strong></span> <span class='ocrx_word' id='word_1_661' title='bbox 2976 4665 3159 4730; x_wconf 86' lang='lat' dir='ltr'><strong>Patre,</strong></span> <span class='ocrx_word' id='word_1_662' title='bbox 3207 4672 3266 4718; x_wconf 91' lang='lat' dir='ltr'><strong>et</strong></span> <span class='ocrx_word' id='word_1_663' title='bbox 3308 4678 3433 4716; x_wconf 90' lang='lat' dir='ltr'><strong>cum</strong></span> <span class='ocrx_word' id='word_1_664' title='bbox 3470 4677 3611 4715; x_wconf 61' lang='lat' dir='ltr'><strong>coaao</strong></span> 
     </span>
    </p>
   </div>
   <div class='ocr_carea' id='block_1_91' title="bbox 347 4766 1933 4839">
    <p class='ocr_par' dir='ltr' id='par_1_91' title="bbox 347 4766 1933 4839">
     <span class='ocr_line' id='line_1_91' title="bbox 347 4766 1933 4839; baseline -0.003 -15"><span class='ocrx_word' id='word_1_665' title='bbox 347 4772 478 4838; x_wconf 64' lang='grc' dir='ltr'>ϐὗξα</span> <span class='ocrx_word' id='word_1_666' title='bbox 506 4770 606 4822; x_wconf 78' lang='grc' dir='ltr'>σὺν</span> <span class='ocrx_word' id='word_1_667' title='bbox 653 4769 734 4838; x_wconf 83' lang='grc' dir='ltr'>τῷ</span> <span class='ocrx_word' id='word_1_668' title='bbox 760 4768 1093 4839; x_wconf 80' lang='grc' dir='ltr'>προανάρχῳ</span> <span class='ocrx_word' id='word_1_669' title='bbox 1130 4766 1296 4822; x_wconf 81' lang='grc' dir='ltr'>αὐτοῦ</span> <span class='ocrx_word' id='word_1_670' title='bbox 1338 4768 1533 4837; x_wconf 78' lang='grc' dir='ltr'>Πατρὶ,</span> <span class='ocrx_word' id='word_1_671' title='bbox 1568 4768 1663 4820; x_wconf 79' lang='grc' dir='ltr'><strong>καὶ</strong></span> <span class='ocrx_word' id='word_1_672' title='bbox 1705 4766 1782 4837; x_wconf 80' lang='grc' dir='ltr'>τῷ</span> <span class='ocrx_word' id='word_1_673' title='bbox 1808 4784 1933 4819; x_wconf 90' lang='grc' dir='ltr'>συν-</span> 
     </span>
    </p>
   </div>
   <div class='ocr_carea' id='block_1_92' title="bbox 350 4859 1936 4935">
    <p class='ocr_par' dir='ltr' id='par_1_92' title="bbox 350 4859 1936 4935">
     <span class='ocr_line' id='line_1_92' title="bbox 350 4859 1936 4935; baseline -0.004 -17"><span class='ocrx_word' id='word_1_674' title='bbox 350 4866 579 4935; x_wconf 79' lang='grc' dir='ltr'>ανάρχῳ</span> <span class='ocrx_word' id='word_1_675' title='bbox 606 4862 701 4916; x_wconf 79' lang='grc' dir='ltr'><strong>καὶ</strong></span> <span class='ocrx_word' id='word_1_676' title='bbox 726 4860 1022 4930; x_wconf 77' lang='grc' dir='ltr'>ζωαρχικῷ</span> <span class='ocrx_word' id='word_1_677' title='bbox 1047 4864 1140 4913; x_wconf 75' lang='grc' dir='ltr'><strong>καὶ</strong></span> <span class='ocrx_word' id='word_1_678' title='bbox 1171 4860 1424 4928; x_wconf 80' lang='grc' dir='ltr'>ζωοποιῷ</span> <span class='ocrx_word' id='word_1_679' title='bbox 1440 4862 1532 4914; x_wconf 71' lang='grc' dir='ltr'><strong>καὶ</strong></span> <span class='ocrx_word' id='word_1_680' title='bbox 1559 4859 1750 4928; x_wconf 86' lang='grc' dir='ltr'>ἀγαθῷ</span> <span class='ocrx_word' id='word_1_681' title='bbox 1770 4859 1936 4912; x_wconf 78' lang='grc' dir='ltr'>Πνεύο</span> 
     </span>
    </p>
   </div>
   <div class='ocr_carea' id='block_1_93' title="bbox 353 4950 1932 5025">
    <p class='ocr_par' dir='ltr' id='par_1_93' title="bbox 353 4950 1932 5025">
     <span class='ocr_line' id='line_1_93' title="bbox 353 4950 1932 5025; baseline -0.002 -18"><span class='ocrx_word' id='word_1_682' title='bbox 353 4973 507 5025; x_wconf 83' lang='grc' dir='ltr'>ματι,</span> <span class='ocrx_word' id='word_1_683' title='bbox 538 4954 635 5009; x_wconf 81' lang='grc' dir='ltr'>νῦν</span> <span class='ocrx_word' id='word_1_684' title='bbox 668 4952 760 5008; x_wconf 73' lang='grc' dir='ltr'>καὶ</span> <span class='ocrx_word' id='word_1_685' title='bbox 789 4953 880 5006; x_wconf 79' lang='grc' dir='ltr'><strong>ἀεὶ</strong></span> <span class='ocrx_word' id='word_1_686' title='bbox 919 4954 1013 5006; x_wconf 75' lang='grc' dir='ltr'><strong>καὶ</strong></span> <span class='ocrx_word' id='word_1_687' title='bbox 1051 4954 1129 5016; x_wconf 86' lang='grc' dir='ltr'><strong>είς</strong></span> <span class='ocrx_word' id='word_1_688' title='bbox 1160 4954 1289 5015; x_wconf 72' lang='grc' dir='ltr'>τοὺς</span> <span class='ocrx_word' id='word_1_689' title='bbox 1317 4952 1521 5015; x_wconf 77' lang='grc' dir='ltr'>αἰῶνας</span> <span class='ocrx_word' id='word_1_690' title='bbox 1549 4952 1659 5005; x_wconf 83' lang='grc' dir='ltr'>τῶν</span> <span class='ocrx_word' id='word_1_691' title='bbox 1700 4950 1932 5004; x_wconf 75' lang='grc' dir='ltr'><strong>αἰώνων.</strong></span> 
     </span>
    </p>
   </div>
   <div class='ocr_carea' id='block_1_94' title="bbox 362 5050 544 5121">
    <p class='ocr_par' dir='ltr' id='par_1_94' title="bbox 362 5050 544 5121">
     <span class='ocr_line' id='line_1_94' title="bbox 362 5050 544 5121; baseline -0.005 -19"><span class='ocrx_word' id='word_1_692' title='bbox 362 5050 544 5121; x_wconf 73' lang='grc' dir='ltr'><strong>’Δμήν</strong></span> 
     </span>
    </p>
   </div>
   <div class='ocr_carea' id='block_1_95' title="bbox 634 5136 1652 5209">
    <p class='ocr_par' dir='ltr' id='par_1_95' title="bbox 634 5136 1652 5209">
     <span class='ocr_line' id='line_1_95' title="bbox 634 5136 1652 5209; baseline -0.004 -15"><span class='ocrx_word' id='word_1_693' title='bbox 634 5139 802 5204; x_wconf 70' lang='grc' dir='ltr'>Τέλος</span> <span class='ocrx_word' id='word_1_694' title='bbox 834 5136 930 5193; x_wconf 81' lang='grc' dir='ltr'><strong>τοῦ</strong></span> <span class='ocrx_word' id='word_1_695' title='bbox 954 5138 1081 5191; x_wconf 83' lang='grc' dir='ltr'>Βίου</span> <span class='ocrx_word' id='word_1_696' title='bbox 1112 5138 1205 5192; x_wconf 83' lang='grc' dir='ltr'>τοῦ</span> <span class='ocrx_word' id='word_1_697' title='bbox 1230 5138 1386 5206; x_wconf 83' lang='grc' dir='ltr'>ἁγίου</span> <span class='ocrx_word' id='word_1_698' title='bbox 1421 5136 1652 5209; x_wconf 80' lang='grc' dir='ltr'>Πατρός.</span> 
     </span>
    </p>
   </div>
   <div class='ocr_carea' id='block_1_96' title="bbox 2034 4749 3610 4823">
    <p class='ocr_par' dir='ltr' id='par_1_96' title="bbox 2034 4749 3610 4823">
     <span class='ocr_line' id='line_1_96' title="bbox 2034 4749 3610 4823; baseline -0.012 -1"><span class='ocrx_word' id='word_1_699' title='bbox 2034 4777 2192 4822; x_wconf 91' lang='lat' dir='ltr'><strong>terno</strong></span> <span class='ocrx_word' id='word_1_700' title='bbox 2261 4774 2317 4819; x_wconf 90' lang='lat' dir='ltr'><strong>et</strong></span> <span class='ocrx_word' id='word_1_701' title='bbox 2375 4763 2500 4817; x_wconf 67' lang='lat' dir='ltr'><strong>vitae</strong></span> <span class='ocrx_word' id='word_1_702' title='bbox 2545 4766 2773 4814; x_wconf 88' lang='lat' dir='ltr'><strong>auctore</strong></span> <span class='ocrx_word' id='word_1_703' title='bbox 2827 4754 3158 4823; x_wconf 80' lang='lat' dir='ltr'><strong>viviﬁcoque</strong></span> <span class='ocrx_word' id='word_1_704' title='bbox 3184 4762 3242 4807; x_wconf 89' lang='lat' dir='ltr'><strong>et</strong></span> <span class='ocrx_word' id='word_1_705' title='bbox 3286 4752 3433 4806; x_wconf 87' lang='lat' dir='ltr'><strong>bono</strong></span> <span class='ocrx_word' id='word_1_706' title='bbox 3486 4749 3610 4820; x_wconf 78' lang='lat' dir='ltr'><strong>Spi-</strong></span> 
     </span>
    </p>
   </div>
   <div class='ocr_carea' id='block_1_97' title="bbox 2033 4840 3608 4921">
    <p class='ocr_par' dir='ltr' id='par_1_97' title="bbox 2033 4840 3608 4921">
     <span class='ocr_line' id='line_1_97' title="bbox 2033 4840 3608 4921; baseline -0.01 -12"><span class='ocrx_word' id='word_1_707' title='bbox 2033 4857 2164 4921; x_wconf 87' lang='lat' dir='ltr'><strong>ritu,</strong></span> <span class='ocrx_word' id='word_1_708' title='bbox 2220 4866 2366 4907; x_wconf 91' lang='lat' dir='ltr'><strong>uunc</strong></span> <span class='ocrx_word' id='word_1_709' title='bbox 2410 4859 2468 4905; x_wconf 91' lang='lat' dir='ltr'><strong>et</strong></span> <span class='ocrx_word' id='word_1_710' title='bbox 2490 4862 2706 4917; x_wconf 84' lang='lat' dir='ltr'><strong>semper</strong></span> <span class='ocrx_word' id='word_1_711' title='bbox 2757 4854 2816 4899; x_wconf 86' lang='lat' dir='ltr'><strong>et</strong></span> <span class='ocrx_word' id='word_1_712' title='bbox 2868 4858 2966 4913; x_wconf 89' lang='lat' dir='ltr'><strong>per</strong></span> <span class='ocrx_word' id='word_1_713' title='bbox 3013 4842 3212 4898; x_wconf 85' lang='lat' dir='ltr'><strong>saecula</strong></span> <span class='ocrx_word' id='word_1_714' title='bbox 3256 4840 3608 4895; x_wconf 79' lang='lat' dir='ltr'><strong>saeculorum.</strong></span> 
     </span>
    </p>
   </div>
   <div class='ocr_carea' id='block_1_98' title="bbox 2032 4945 2228 5001">
    <p class='ocr_par' dir='ltr' id='par_1_98' title="bbox 2032 4945 2228 5001">
     <span class='ocr_line' id='line_1_98' title="bbox 2032 4945 2228 5001; baseline 0.005 -1"><span class='ocrx_word' id='word_1_715' title='bbox 2032 4945 2228 5001; x_wconf 81' lang='lat' dir='ltr'><strong>Amen.</strong></span> 
     </span>
    </p>
   </div>
   <div class='ocr_carea' id='block_1_99' title="bbox 2393 5119 3221 5199">
    <p class='ocr_par' dir='ltr' id='par_1_99' title="bbox 2393 5119 3221 5199">
     <span class='ocr_line' id='line_1_99' title="bbox 2393 5119 3221 5199; baseline -0.008 -17"><span class='ocrx_word' id='word_1_716' title='bbox 2393 5126 2627 5199; x_wconf 75' lang='lat' dir='ltr'><strong>Explicit</strong></span> <span class='ocrx_word' id='word_1_717' title='bbox 2657 5122 2832 5182; x_wconf 86' lang='lat' dir='ltr'><strong>sancti</strong></span> <span class='ocrx_word' id='word_1_718' title='bbox 2867 5120 3045 5177; x_wconf 86' lang='lat' dir='ltr'><strong>Patris</strong></span> <span class='ocrx_word' id='word_1_719' title='bbox 3079 5119 3221 5177; x_wconf 78' lang='lat' dir='ltr'><strong>Vita.</strong></span> 
     </span>
    </p>
   </div>
  </div>
