4104 6418
424 303 531 368 501

1518 325 1902 387 LAUDATIO
1941 327 2001 389 s.
2042 295 2631 396 BABTHOLdMEL

3596 347 3700 411 502

425 431 544 470 νειν
594 417 945 489 βουλόμενος’
983 425 1010 478 ό
1057 427 1163 499 γὰρ
1201 430 1340 498 μηδὲ
1386 431 1497 487 τῶν
1545 439 1889 508 φαινομένων
1922 442 2009 492 καὶ

2118 440 2371 512 Lydium,
2446 456 2504 500 ut
2553 448 2905 515 proverbium
2960 450 3147 517 habet,
3190 453 3532 513 decurrere:
3571 476 3695 515 cum

426 505 705 577 αἰσθητῶν
735 511 865 595 τοὺς
918 512 1113 583 λόγους
1166 520 1365 574 ειδέναι
1412 505 1734 597 δυνάμενος,
1777 530 1894 594 πῶς
1928 530 2015 584 διὰ

427 595 682 670 γλώττης
709 600 949 671 έκφᾶναι
985 608 1052 661 τὰ
1088 612 1209 663 κατ’
1250 613 1458 668 ἐκεῖνον
1485 595 1577 670 τὸν
1620 618 1831 692 μύστην
1862 639 2014 676 νοου-

432 689 614 756 μένων
656 693 964 763 ξσχύσειεν;
1005 699 1145 757 Ἀλλ’
1178 704 1478 779 ἐπειδήπερ
1511 709 1541 781 ἡ
1576 711 1643 780 σή
1678 728 1746 781 με
1778 689 2011 786 θειότης,

430 780 619 853 Πάτερ
646 784 903 856 πατέρων
933 790 1080 843 κοινὲ
1116 794 1211 847 καὶ
1241 795 1503 869 ἡμέτερε,
1532 780 1641 856 ἐπὶ
1670 780 1797 865 τοὺς
1821 780 2015 872 λόγους

430 872 660 943 τούτους
680 878 963 949 κεκίνηκε,
983 883 1078 937 καὶ
1099 885 1276 942 ταῦτα
1291 892 1529 959 νοσερῶς
1545 909 1663 958 πως
1691 897 1787 950 καὶ
1814 897 2015 961 ἀθλίως

429 965 531 1017 τοῦ
562 965 816 1037 σώματος
859 970 1074 1044 ἔχοντα,
1105 976 1294 1046 ἔνθους
1336 980 1529 1057 ὥσπερ
1557 1003 1643 1051 τις
1682 987 1902 1059 γίνομαι
1936 990 2013 1062 τῷ

432 1058 587 1152 παρᾷ
638 1061 735 1152 σοῦ
793 1081 887 1134 μοι
940 1069 1234 1140 ὲμπνεόντι
1288 1076 1601 1147 πνεύματι⁶
1638 1062 1731 1135 καὶ
1781 1058 2013 1152 ἐπείπερ

431 1151 579 1215 κινεῖ
626 1151 725 1220 μὲν
763 1152 969 1229 βορρᾶς
1003 1161 1099 1215 κοιλ⁸
1135 1164 1396 1236 ταράττει
1426 1169 1525 1240 τὴν
1570 1168 1867 1247 θάλασσαν,
1901 1151 2014 1244 ήδε

431 1245 765 1310 κυμαίνεται
800 1249 895 1301 καὶ
947 1250 1301 1325 διεγείρεται’
1353 1258 1403 1311 εί
1453 1258 1499 1311 δ’
1537 1246 1733 1330 ἀθρόον
1773 1245 2013 1332 ἐπιλίποι

428 1333 493 1385 τὺ
520 1334 762 1406 πνεῦμα,
794 1339 1121 1398 καθίσταται
1146 1346 1277 1400 ’δεῖ
1305 1349 1413 1421 γὰρ
1437 1352 1551 1416 τοῖς
1577 1336 1875 1409 ὑπότινων
1925 1357 2011 1409 δι-

428 1428 809 1518 εγειρομένοις
839 1434 1096 1504 συνεχοῦς
1116 1437 1216 1509 τῆς
1246 1442 1512 1512 κινήσεως
1534 1460 1546 1473 ·
1585 1444 1674 1498 διὰ
1712 1445 1888 1500 ταῦτά
1919 1465 2010 1518 μοι

429 1517 618 1581 αὑτὸς,
655 1512 700 1573 ὦ
736 1522 919 1596 Πάτερ
949 1528 1046 1599 καὶ
1079 1529 1337 1599 δέσποτα,
1364 1536 1396 1605 ἡ
1428 1536 1566 1606 μετὰ
1596 1535 1728 1591 Θεὸν
1762 1539 1869 1610 ἐμὴ
1897 1512 2010 1612 {iui}

429 1609 462 1678 ἦ
502 1608 599 1673 καὶ
626 1612 788 1687 πνοὴ,
820 1616 896 1687 μὴ
943 1617 1091 1693 ἅπαξ
1138 1639 1239 1692 μου
1273 1626 1367 1678 τοῦ
1409 1642 1503 1680 σου
1542 1627 1819 1707 Οειοτάτου
1854 1608 2011 1684 πνεύλ

431 1716 606 1765 ματος
638 1702 934 1779 ματαδοὺς,
969 1707 1178 1781 ἐπίχεε,
1222 1713 1587 1781 ἀδιαλείπτως
1635 1704 1883 1777 ἐπίπνεε.
1921 1720 2009 1773 ἵνα

429 1806 525 1857 μοι
553 1793 582 1843 6
612 1792 711 1862 τῆς
740 1794 922 1868 ψυχῆς
966 1799 1119 1873 τόνος
1153 1802 1515 1877 εὐτονώτερος
1550 1809 1687 1880 πρὸς
1723 1810 1825 1880 τὴν
1857 1811 2011 1881 ἕλμιλ⁸

423 1880 532 1935 λαν
587 1883 846 1955 γένηταιι
883 1888 1086 1959 ἅμιλλα
1132 1897 1240 1966 γάρ
1301 1915 1391 1967 μοι
1443 1899 1541 1952 καὶ
1594 1899 1745 1971 μέγα
1798 1904 2013 1976 στάδιον

426 1972 725 2043 ἀνέῳκται.
759 1978 833 2031 Σὺ
864 1979 946 2045 δὲ,
983 1984 1078 2058 καὶ
1115 1988 1163 2039 οἱ
1197 1988 1295 2043 σὺν
1324 1990 1406 2041 σοί
1437 2009 1517 2057 τε,
1553 1993 1646 2045 καὶ
1679 1995 1820 2064 μετὰ
1862 1997 1921 2050 σὲ
1943 1997 2013 2052 τὰ

425 2062 642 2117 ἐκείνου
691 2066 1057 2137 γινώσκοντες
1117 2076 1536 2148 ἀκριϐέστατα,
1599 2084 1851 2156 προκάθῃ
1904 2087 2011 2140 τῶν

421 2155 583 2222 ὲμῶν
634 2156 810 2225 λόγων
856 2162 1133 2236 ἀκροατὴς
1165 2168 1259 2221 και
1306 2169 1638 2243 ἐξεταστὴς·
1676 2176 1788 2243 ἐγω
1820 2155 1875 2230 δὲ
1923 2178 2012 2232 διὰ

423 2246 588 2301 τοῦτο
634 2248 835 2327 δρόμον
886 2254 1069 2325 τρέχω
1106 2258 1368 2313 διπλοῦνέ
1409 2262 1470 2315 τὸ
1511 2264 1630 2339 μὲν,
1676 2265 1755 2336 τῷ
1788 2269 2011 2339 μεγάλῳ

424 2339 677 2394 συνθέων
725 2344 930 2416 Πατρίο
964 2348 1026 2402 τὸ
1073 2349 1154 2414 δὲ,
1216 2352 1322 2408 ὑπὸ
1376 2357 1458 2409 σοὶ
1639 2359 1850 2412 ἐκείνου
1911 2338 2011 2432 μὲν

423 2433 675 2505 ἑκλεκτῷ
697 2437 791 2489 καὶ
822 2443 1152 2512 πρωτοτόκῳ
1183 2445 1359 2511 παιδὶ,
1391 2449 1450 2500 ὲν
1475 2442 1519 2515 ᾧ
1551 2453 1642 2502 καὶ
1687 2450 2009 2521 ηὐδόκησεν,

427 2527 687 2598 ἡμετέρῳ
716 2529 772 2582 δὲ
801 2533 970 2604 πατρὶ
998 2535 1093 2586 καὶ
1128 2537 1415 2610 καθηγητῇ
1446 2539 1536 2595 τὸν
1561 2543 1763 2613 δρόμον
1796 2544 1888 2597 τοῦ
1920 2545 2011 2599 λό-

422 2632 525 2682 γου
556 2618 903 2688 ποιούμενος.

505 2805 571 2857 δ’.
600 2807 666 2858 Ti
694 2808 876 2860 τοίνυν
930 2813 1023 2865 καὶ
1066 2812 1360 2883 δράσομεν,
1414 2817 1658 2893 αδελφοὶ,
1709 2821 1860 2899 κάτω
1907 2841 2009 2876 που

438 2895 761 2965 ἐρριμμένοι
791 2903 893 2970 τῆς
934 2901 1028 2955 τοῦ
1059 2905 1253 2972 ἀνδρὸς
1283 2907 1618 2977 ἀσυγκρίτου
1652 2895 2010 2984 μεγαλειότη-

430 3002 563 3053 τος;
592 2988 701 3060 Τῂν
744 2989 841 3044 τοῦ
880 2991 1038 3063 λόγου
1084 2996 1256 3065 φλέϐα
1305 2998 1817 3077 ἀναστομώσωμεν;
1868 3005 2009 3059 Ἀλλ’

423 3080 567 3149 ὅπερ
613 3082 682 3149 ᾂν
716 3085 897 3146 εἰπεῖν
926 3086 1310 3159 δυνηθείημεν,
1356 3086 1525 3162 ἦττον
1581 3095 1791 3148 ἐκείνου
1829 3100 1997 3170 φανήο
2037 3130 2076 3180 ί)

421 3186 605 3234 σεται,
640 3172 737 3226 καὶ
768 3174 972 3246 τρόπον
1005 3178 1128 3231 τινὰ
1175 3179 1467 3247 ἀτιμᾴζειν
1513 3182 1580 3236 τὰ
1613 3184 1824 3238 ἐκείνου
1862 3186 2006 3254 λογι-

423 3261 765 3333 σθησόμεθα.
800 3260 897 3334 Οἷς
920 3268 1030 3339 γὰρ
1045 3268 1548 3341 οὐκὲφικνούμεθα,
1574 3275 2006 3351 καθυϐρίζομεν.

437 3354 599 3410 Ἀλλὰ
623 3358 974 3428 σιγήσωμενς
1010 3359 1121 3423 καὶ
1158 3361 1262 3416 ποῦ
1284 3366 1379 3433 τῆς
1419 3363 1669 3436 ὑπακοῆς
1706 3371 1738 3439 ἡ
1775 3370 2004 3443 ὑπόσχε-

418 3465 546 3515 σις;
577 3449 705 3512 Πῶς
735 3451 792 3504 δὲ
837 3452 948 3524 ἄρα
984 3453 1083 3527 καὶ
1117 3453 1215 3525 τὴν
1261 3456 1689 3528 εὐγνωμοσύνην
1738 3463 2003 3529 ἐπιδειξό-

418 3538 605 3607 μεθας
650 3538 848 3611 Ὁρᾶτε
876 3542 1024 3608 ὅπως
1054 3543 1279 3610 διπλοῦς
1316 3549 1450 3617 ἡμῖν
1482 3550 1510 3602 6
1540 3550 1784 3615 κίνδυνος
1809 3554 2003 3627 ἐγκατέ-

419 3630 637 3700 ρωθεν”;
685 3633 948 3695 Σκοπεῖτε
989 3637 1140 3701 ὅπως
1180 3639 1277 3693 καὶ
1325 3639 1481 3708 λόγος
1535 3643 1633 3696 καὶ
1690 3649 1873 3717 σιωπὴ
1923 3650 2003 3711 εἰς

416 3724 686 3794 ἐγκλημά
720 3742 811 3796 μοι
845 3725 1207 3794 καθίσταται;
1258 3730 1419 3785 Ἀλλὰ
1459 3735 1555 3787 καὶ
1598 3733 1772 3799 οὓτως
1803 3738 2003 3793 ταλαν-

415 3816 751 3888 τευόμενος,
816 3820 910 3893 καὶ
972 3818 1116 3876 οὕτω
1171 3825 1666 3897 τρυτανιζόμενος,
1723 3831 1819 3882 καὶ
1874 3834 2002 3903 τῇδε

416 3909 657 3962 κάκεῖσε.
701 3912 1154 3984 περιφερόμενος,
1206 3913 1490 3988 θαρρήσας
1539 3917 1616 3981 ὡς
1666 3920 1883 3989 εἴρηται
1923 3924 2002 3995 τῷ

418 4001 795 4074 ταληνωτάτῳ
826 4019 920 4063 σου
946 4004 1242 4077 πνεύματι,
1264 4006 1676 4077 σεϐασμιώτατε
1702 4011 1906 4087 Πάτερ,
1940 4014 2000 4067 τὸ

416 4092 519 4146 τοῦ
570 4093 733 4163 λόγου
767 4096 934 4148 ἱστίον
984 4099 1317 4162 πεποιθότως
1371 4102 1813 4172 ἁναπετάσαιμι·
1852 4106 1917 4158 σὺ
1942 4107 1999 4159 δέ

420 4200 517 4257 μοι
550 4184 810 4253 ὲμπνέοις
834 4186 926 4239 τὸν
954 4185 1048 4239 τοῦ
1080 4190 1229 4261 παρὰ
1262 4191 1345 4265 σοι
1388 4192 1699 4264 πνεύματος
1732 4198 1999 4265 γλυκύτα-
2054 4232 2062 4241 ο

415 4293 515 4329 τον
550 4274 808 4347 ζέφυρον,
840 4278 870 4331 ὁ
909 4277 997 4331 διὰ
1028 4279 1191 4347 Θεὸν,
1226 4283 1345 4344 θεὸς
1398 4284 1528 4353 ἡμῖν
1561 4288 1960 4359 γνωριζόμενος
1982 4312 1993 4323 ·

416 4367 528 4422 κᾶν
550 4368 617 4422 σὺ
636 4367 800 4442 λέγῃς
825 4369 908 4422 ὅτι
941 4371 1062 4447 0ρκ
1097 4370 1208 4445 ἐγὼ
1232 4372 1352 4437 Θεός
1376 4375 1512 4445 εἰμι,
1537 4376 1885 4449 θαρρούντως
1915 4399 1996 4436 σοι

2118 532 2266 586 enim
2297 550 2366 597 ne
2400 551 2463 590 ea
2491 537 2713 605 quidem
2745 553 2867 608 qua:
2905 551 3173 610 apparent
3200 552 3255 598 et
3289 546 3544 601 sensibus
3566 563 3692 615 per.

2119 623 2420 691 cipiuntur,
2469 627 2774 698 intelligere
2839 646 3057 700 queam,
3108 636 3203 705 qui
3256 645 3450 706 potero
3505 640 3691 711 eloqui

2119 714 2266 769 illius
2312 716 2415 770 viri
2453 718 2665 789 mystici
2705 735 2792 775 res
2819 732 3001 792 geStas
3048 725 3292 782 animum
3344 734 3696 798 spectantes?

2117 806 2187 860 At
2220 808 2478 876 quoniam
2507 818 2597 864 tua
2618 812 2897 877 sanctitas,
2945 815 3108 870 Pater
3138 826 3357 886 patrum
3387 825 3698 878 communis

2119 912 2183 952 ac
2223 906 2429 966 noster,
2481 901 2553 955 ad
2585 901 2732 957 hunc
2761 918 3070 960 sermonem
3125 922 3232 969 me,
3274 912 3528 977 quamvis
3555 912 3695 967 infe-

2116 988 2205 1044 lici
2234 992 2484 1060 corporis
2509 994 2701 1050 morbo
2730 1010 3076 1066 oppressum,
3125 1002 3464 1068 provocavit.
3497 1004 3695 1071 spiritu

2121 1088 2215 1133 tuo
2245 1079 2300 1135 in
2330 1097 2417 1136 me
2458 1090 2773 1139 transeunte
2804 1086 2961 1155 quasi
2995 1087 3322 1156 inspiratam
3350 1105 3434 1146 me
3458 1094 3640 1146 sentio
3677 1112 3690 1146 :

2114 1179 2169 1224 et
2222 1172 2480 1241 quoniam
2515 1174 2708 1231 boreas
2730 1176 2955 1246 quidem
3004 1191 3185 1234 movet
3208 1196 3358 1235 mare
3391 1192 3557 1251 atque
3588 1199 3687 1238 ex-

2116 1262 2268 1325 citat,
2324 1265 2396 1319 ita
2433 1274 2492 1320 ut
2512 1275 2729 1335 spumet
2789 1279 2845 1324 et
2873 1270 3199 1340 exagitetur,
3249 1272 3340 1327 ubi
3397 1288 3530 1328 vero
3560 1290 3693 1344 pro-

2116 1349 2251 1404 cella
2281 1351 2465 1407 subito
2499 1354 2706 1422 deﬁcit,
2737 1357 2803 1411 ad
2827 1360 3066 1427 quietem
3095 1361 3374 1430 redigatur
3398 1363 3692 1433 (siquidem

2116 1438 2373 1495 omnibus
2419 1442 2487 1496 ab
2519 1443 2626 1498 alio
2681 1444 2934 1501 excitatis
2984 1456 3251 1518 perpetuo
3307 1465 3447 1519 opus
3481 1463 3568 1508 est
3591 1453 3694 1507 im-

2114 1527 2272 1597 pulsu
2298 1531 2341 1598 ),
2364 1540 2650 1609 propterea
2701 1544 2758 1588 tu
2783 1578 2798 1603 ,
2829 1552 2861 1590 ο
2889 1537 3053 1593 Pater
3092 1548 3255 1609 atque
3297 1542 3538 1608 domine,
3573 1554 3695 1613 post

2115 1619 2287 1676 Deum
2313 1622 2422 1677 vita
2469 1639 2588 1680 mea
2610 1627 2694 1681 vel
2742 1627 2965 1693 halitus,
3000 1638 3057 1685 tu
3105 1633 3198 1701 qui
3233 1633 3377 1688 haud
3405 1636 3577 1691 semel
3608 1636 3694 1691 di-

2114 1709 2225 1762 vini
2259 1711 2338 1765 tui
2395 1712 2621 1782 spiritus
2674 1716 2996 1787 participem
3036 1735 3122 1774 me
3166 1736 3287 1777 esse
3340 1724 3584 1786 voluisti,
3611 1727 3694 1779 af-

2120 1801 2286 1857 funde
2308 1813 2363 1857 et
2398 1807 2663 1862 continuo
2704 1809 2907 1878 aspira,
2932 1819 2992 1864 ut
3011 1811 3179 1867 animi
3207 1813 3360 1883 vigor
3387 1815 3697 1885 vigorosior

2116 1892 2210 1946 ﬁat
2264 1894 2330 1947 ad
2384 1905 2665 1966 certamen
2712 1900 3082 1960 subeundum.
3141 1903 3430 1959 Certamen
3454 1906 3602 1960 enim
3640 1913 3697 1962 et

2115 1998 2308 2056 magna
2362 2000 2527 2041 arena
2589 2004 2674 2043 me
2726 2000 3084 2060 exspectant:
3119 2000 3174 2047 tu
3205 2008 3338 2047 vero
3363 2002 3419 2048 et
3441 1996 3535 2064 qui
3564 2010 3691 2051 cum

2115 2082 2165 2128 te
2197 2085 2251 2128 et
2279 2085 2400 2146 post
2437 2086 2486 2132 le
2510 2078 2659 2133 illius
2686 2080 2918 2136 virtutes
2949 2083 3365 2139 accuratissime
3389 2094 3690 2150 noverunt.

2114 2150 2370 2241 tanquam
2399 2183 2598 2236 przeses
2622 2178 2677 2224 et
2706 2170 2869 2240 iudex
2899 2172 3139 2227 sermoni
3186 2189 3308 2229 meo
3353 2175 3506 2231 ades.
3558 2177 3690 2232 Pro-

2112 2262 2301 2333 pterea
2325 2253 2598 2325 duplicem
2651 2274 2871 2314 cursum
2907 2262 3172 2333 perficere
3205 2263 3378 2333 debeo
3406 2281 3421 2320 :
3452 2266 3692 2336 primum

2111 2330 2333 2426 quidem
2380 2362 2610 2427 currens
2639 2363 2763 2421 cum
2804 2367 3001 2422 magno
3031 2352 3213 2417 Patre,
3245 2355 3555 2419 secundum
3590 2373 3692 2412 au-

2113 2444 2243 2497 tem.
2282 2421 2332 2493 te
2406 2421 2624 2509 auspice
2652 2441 2744 2510 qui
2796 2442 2942 2498 illius
2972 2444 3185 2509 electus
3222 2464 3282 2501 cs
3337 2464 3400 2502 ac
3424 2448 3694 2519 primoge-

2112 2526 2259 2611 nitus
2298 2528 2461 2585 filius.
2491 2531 2544 2585 in
2600 2550 2709 2602 quo
2747 2537 2916 2591 etiam
2981 2536 3082 2591 sibi
3121 2541 3472 2613 complacuit,
3504 2552 3693 2598 nostro

2112 2617 2273 2673 Patre
2340 2635 2402 2675 ac
2472 2632 2803 2693 praeceptore
2862 2624 3098 2697 stadium
3174 2630 3447 2684 sermonis
3500 2647 3691 2695 emen-

2114 2724 2297 2763 5111⁸05.

2158 2784 2235 2854 4.
2265 2799 2405 2867 Quid
2460 2803 2575 2874 jam
2627 2803 2913 2875 faciemus,
2965 2806 3187 2874 fratres,
3240 2810 3695 2882 iucomparabilis

2113 2889 2273 2945 istius
2306 2892 2421 2952 .viri
2483 2895 2863 2970 magnitudine
2932 2897 3226 2969 depressi?
3288 2903 3691 2972 Aperiemusne

2112 2984 2382 3038 sermonis
2443 2983 2682 3042 fontem?
2709 2989 2776 3044 At
2802 2989 3067 3061 quidquid
3112 2993 3417 3050 dixerimus
3442 3040 3454 3062 ,
3491 2998 3584 3052 illo
3610 3000 3691 3057 iu-

2114 3073 2283 3129 fcrius
2322 3078 2683 3147 apparebitct
2726 3082 2881 3151 quasi
2908 3082 3199 3141 detrahere
3237 3087 3358 3156 ejus
3388 3089 3689 3145 virtutibus

2116 3166 2466 3246 censebimur
2514 3170 2659 3225 :ubi
2711 3172 2856 3226 enim
2906 3190 3012 3243 non
3059 3177 3398 3246 attingimus,
3458 3179 3690 3237 insulta-

2114 3242 2257 3312 mus;
2311 3262 2392 3314 An
2422 3260 2750 3317 silebimus?
2777 3264 2882 3321 Ubi
2910 3281 3038 3320 vero
3097 3267 3426 3323 obedientiaa
3451 3273 3695 3340 promis-

2114 3348 2235 3403 sio?
2281 3354 2560 3429 quomodo
2599 3363 2869 3429 promptae
2944 3357 3244 3413 voluntatis
3292 3359 3686 3419 documentum

2114 3425 2535 3519 exhibebimus?
2588 3425 2870 3501 Videtisne
2927 3449 3204 3517 quomodo
3240 3451 3440 3520 duplex
3468 3469 3690 3523 nosine-

2114 3531 2346 3599 riculum
2400 3537 2636 3611 urgeat?
2683 3538 2979 3605 cernitisae
3009 3542 3285 3610 quomodo
3343 3555 3398 3599 et
3428 3561 3609 3604 sermo
3634 3559 3689 3603 ct

2112 3614 2391 3678 silentium
2442 3626 2495 3678 in
2534 3628 2945 3701 accusationem
2992 3630 3126 3695 mihi
3156 3635 3396 3690 cedant?
3430 3638 3687 3695 Attamen

2110 3715 2196 3768 vel
2220 3715 2300 3771 sic
2357 3716 2501 3769 velut
2540 3717 2594 3770 in
2627 3719 2832 3795 trutina
2886 3722 3145 3791 iactatus,
3196 3734 3364 3794 atque
3395 3727 3505 3784 huc
3535 3739 3592 3785 et
3619 3732 3689 3786 il-

2110 3803 2199 3858 luc
2249 3806 2633 3875 circumactus,
2682 3810 3062 3878 placidissimo
3115 3824 3228 3881 tuo,
3262 3818 3341 3873 uti
3400 3820 3513 3887 jam
3549 3821 3685 3885 dixi,

2111 3882 2308 3967 spiritu
2376 3901 2635 3968 conﬁsus,
2671 3903 2831 3960 Pater
2890 3907 3365 3987 revereudissime,
3415 3913 3686 3987 sermonis

2108 3990 2287 4045 velum
2343 4008 2468 4048 cum
2535 3994 2735 4069 ﬁducia
2781 3998 3037 4067 pandam.
3093 3982 3174 4055 Tu
3221 4010 3429 4067 autem,
3466 3984 3558 4072 qui
3587 4020 3686 4073 per

2109 4081 2277 4137 Deum
2306 4084 2440 4141 deus
2483 4089 2644 4142 nobis
2677 4089 3059 4146 manifestatus
3093 4107 3174 4158 es,
3194 4092 3524 4150 suavissimo
3553 4097 3674 4163 epi-

2109 4173 2247 4227 ritus
2285 4176 2363 4228 tui
2416 4179 2654 4250 zephyro
2702 4196 2787 4234 me
2820 4180 2939 4235 ama
2978 4193 3076 4238 :et
3113 4183 3158 4239 si
3210 4192 3267 4239 tu
3299 4184 3529 4251 dixeris,
3576 4187 3686 4257 Ego

2108 4264 2244 4320 deus
2270 4283 2379 4321 non
2399 4284 2541 4349 sum,
2571 4273 2833 4331 audacter
2856 4276 2952 4351 tibi
2973 4277 3364 4344 contradicam,
3383 4288 3443 4333 ut
3464 4290 3689 4351 propter

2108 4356 2214 4413 hoc
2242 4362 2426 4439 potius
2468 4348 2646 4419 deus:
2675 4348 3019 4422 divinitatem
3064 4369 3213 4423 enim
3257 4376 3407 4424 tuam
3454 4371 3687 4427 demon-

415 4459 873 4531 ἀντιφθέγξομαι,
895 4461 970 4523 ὡς
997 4461 1085 4527 διὰ
1117 4464 1275 4517 τοῦτο
1307 4456 1506 4537 μαλλον
1542 4466 1664 4531 θεός
1686 4485 1699 4500 υ
1744 4471 1999 4536 είκονίζει

2110 4460 2243 4506 strat
2314 4454 2595 4531 modestia:
2677 4459 2853 4515 virtus
2903 4461 3316 4543 accuratissima
3371 4463 3686 4520 Divinitatis

415 4553 531 4622 γάρ
566 4569 658 4605 σου
685 4554 786 4623 τὴν
808 4552 1004 4607 θέωσιν
1037 4555 1129 4623 καὶ
1158 4557 1185 4608 6
1224 4556 1320 4629 τῆς
1354 4562 1823 4633 μετριοφροσύνης
1851 4565 1995 4634 ὄρος,

415 4641 793 4712 ἀκριϐεστάτη
815 4642 977 4697 εἰκὼν
998 4643 1097 4712 τῆς
1123 4634 1369 4717 θεῴσεως
1397 4663 1411 4678 ο
1448 4636 1584 4717 ἀλλὰ
1611 4651 1729 4716 πῶς
1765 4654 1825 4706 οὐ
1855 4654 1996 4722 θεὸς,

426 4734 493 4786 ὐ
520 4736 631 4803 τοῖς
672 4731 837 4796 θείοις
884 4736 1293 4809 κεκοσμημένος
1328 4738 1818 4812 πλεονεκτήμασιν,
1861 4740 1944 4808 οἷς
1971 4747 1999 4800 6

415 4825 563 4888 θεῖος
605 4827 963 4897 μεμόρφωται
985 4826 1270 4909 ᾄνθρωπος
1293 4845 1308 4862 ·
1336 4825 1455 4884 εἶτα
1493 4833 1586 4901 καὶ
1611 4835 1746 4907 πρὸς
1778 4836 1847 4890 τὰ
1867 4838 1996 4909 τῇδε

414 4917 886 4987 ὲπεστρεμμένος,
925 4917 1113 4989 ὥσπερ
1143 4938 1226 4991 τις
1252 4921 1414 5001 νοερὰ
1438 4924 1686 4996 δύναμις,
1716 4929 1808 5003 καὶ
1839 4931 1996 5002 ἡμῶν

408 5006 527 5060 τῶν
558 5007 764 5078 γηΐνων
793 5008 1218 5081 ἐπιμελούμενρς
1238 5027 1283 5078 ς·

486 5097 549 5156 ε’.
590 5099 778 5169 ’Δρκεϊ
813 5101 913 5172 μὲν
938 5100 1052 5166 οὖν,
1084 5096 1131 5157 ὦ
1160 5102 1447 5172 παρόντες,
1469 5105 1548 5178 τῷ
1581 5110 1836 5191 μακαρίῳ
1854 5112 1998 5179 ἐκεῖ·
2088 5098 2105 5167 λζ

410 5207 491 5258 νῳ
544 5192 641 5244 καὶ
690 5190 919 5262 ἀοιδίμῳ
969 5192 1145 5265 Πατρὶ
1193 5197 1274 5257 είς
1318 5197 1609 5267 ἐγκωμίων
1660 5186 1938 5268 ὑπόθεσιν,
1967 5207 1996 5257 6

409 5282 609 5353 Πατὴρ
636 5282 664 5335 ὁ
699 5282 969 5352 ἡμέτερος
1017 5283 1110 5336 καὶ
1138 5284 1166 5336 6
1199 5282 1344 5357 θεῖος
1388 5281 1540 5358 οὗτος
1573 5287 1839 5361 ὑμέτερος
1870 5292 1997 5345 σύλ-

408 5373 591 5449 λογος,
639 5374 668 5425 6
717 5374 907 5445 νοητῒς
959 5365 1114 5435 οὗτος
1166 5374 1526 5449 παρᾴδεισος’
1580 5370 1641 5431 οὗ
1686 5380 1850 5449 μέσον
1876 5370 1995 5455 μὲν

411 5444 627 5531 ἵσταται
682 5464 762 5529 ὥς
811 5481 865 5518 τι
901 5465 1117 5545 δένδρον
1169 5444 1458 5539 ὑψίκομον,
1513 5444 1810 5537 ζωοποιοὺς
1864 5444 1995 5545 ἡμῖν

407 5557 671 5629 παρέχων
704 5556 796 5610 διὰ
823 5538 1070 5632 γλώττης
1111 5538 1398 5630 καρπούς·
1434 5546 1603 5625 αὐτὸς
1636 5556 1791 5627 οὗτος
1818 5565 1848 5617 6
1871 5538 1993 5618 ¹ιτοι⁶

410 5651 517 5721 μὴν
542 5651 571 5703 6
615 5648 889 5721 ἡμέτερος
914 5663 928 5677 ·
973 5648 1235 5705 κύκλοθεν
1265 5651 1322 5705 δὲ
1345 5650 1537 5705 τούτου
1581 5653 1736 5724 ὑμεῖς
1765 5653 1839 5720 ὥς
1872 5673 1994 5711 τινα

407 5742 525 5796 θεῖα
549 5741 698 5815 φυτὰ
723 5740 820 5795 καὶ
854 5740 1167 5815 στερέμνια,
1200 5741 1299 5813 τῆς
1326 5743 1535 5801 ἐκείνου
1557 5743 1813 5813 γλυκείας
1837 5746 1993 5819 ῥίζης

2108 4541 2308 4623 imago.
2361 4544 2467 4611 Sed
2524 4550 2800 4621 quomodo
2858 4568 2967 4606 non
3003 4541 3158 4616 deus,
3187 4553 3281 4623 qui
3324 4561 3409 4608 est
3457 4566 3686 4612 ornatus

2103 4618 2404 4711 virtutibus
2465 4618 2668 4697 divinis
2695 4618 2898 4713 quibus
2939 4646 3105 4699 homo
3133 4644 3355 4701 divinus
3374 4661 3681 4716 repraesen-

2101 4734 2270 4790 tatur,
2304 4726 2500 4803 deinde
2523 4733 2686 4788 etiam
2711 4733 2777 4805 ad
2796 4744 3011 4807 terrena
3026 4750 3351 4801 conversus,
3387 4738 3539 4792 velut
3590 4738 3681 4792 in-

2099 4816 2423 4873 tellectualis
2480 4822 2731 4901 quietiam
2794 4831 3059 4895 potestas,
3122 4826 3298 4880 nostri
3365 4827 3680 4908 mortalium

2101 4921 2287 4990 curam
2319 4909 2525 4988 habet?
2583 4947 2593 4957 -

2167 5115 2217 5169 5.
2258 5114 2468 5172 Sufﬁcit
2511 5118 2697 5188 igitur,
2751 5121 3056 5182 auditores.
3100 5120 3265 5176 beato
3314 5122 3391 5177 illi
3422 5138 3486 5178 ac
3515 5139 3679 5179 vene-

2095 5205 2269 5260 rando
2292 5206 2436 5263 Patri
2490 5208 2559 5263 ad
2609 5211 3011 5278 praeconiorum
3060 5223 3470 5283 argumentum,
3519 5215 3682 5272 Pater

2096 5308 2285 5354 noster
2352 5308 2406 5355 et
2457 5302 2777 5371 praecellens
2811 5312 2990 5359 cretus
3019 5313 3223 5370 vester,
3291 5305 3679 5364 intellectualis

2094 5390 2199 5445 iste
2232 5391 2518 5460 paradisus
2543 5435 2557 5459 ,
2587 5395 2640 5448 in
2711 5396 2868 5466 cujus
2902 5395 3084 5451 medio
3108 5397 3412 5455 collocatus
3442 5409 3529 5455 est
3559 5410 3679 5455 tan-

2096 5495 2259 5550 quam
2322 5484 2488 5539 arbor
2530 5486 2658 5540 altis
2708 5486 3003 5542 frondibus
3033 5488 3303 5549 eminens,
3333 5489 3582 5543 viviﬁcos
3605 5504 3672 5542 ex

2096 5587 2192 5627 ore
2235 5588 2336 5629 suo
2391 5576 2552 5632 nobis
2609 5577 2972 5646 suppeditans
3033 5576 3289 5633 fructus:
3324 5578 3416 5632 hic
3445 5578 3562 5646 ipse
3587 5588 3676 5632 est

2095 5668 2280 5730 pastor
2340 5674 2546 5725 noster.
2580 5666 2787 5722 circum
2820 5682 2946 5721 eum
3006 5675 3190 5721 autem
3214 5682 3311 5735 vos
3363 5666 3439 5719 uti
3501 5664 3671 5720 divini

2096 5761 2159 5801 ac
2199 5746 2368 5806 fortes
2424 5754 2652 5820 surculi,
2691 5769 2757 5808 ex
2791 5753 2940 5809 illius
2982 5753 3135 5808 suavi
3187 5751 3371 5807 radice
3454 5765 3675 5822 proger-
