4104 6416
280 345 393 404 5θὸ

1390 350 1772 413 LAUDATIO
1806 352 1866 412 Ξ.
1902 353 2487 421 ΒΛΒΤΗΟΕΟΜᾸΞΙ.

3474 360 3577 425 506

288 466 372 535 μὴ
406 455 736 540 πᾶσινεϊναι
774 462 1091 532 ὲνδόσιμοςο
1116 460 1261 517 ἀλλὰ
1290 460 1399 533 γάρ
1426 462 1510 529 τίς
1537 463 1711 528 οὕτως
1738 465 1882 535 ὕψη·
1908 512 1914 525 .

2012 477 2085 525 et.
2141 472 2275 538 Quis
2326 488 2493 543 porro
2567 488 2694 528 eum
2763 473 2984 529 excelso
3043 473 3283 544 aequavit
3351 474 3578 531 animo?

285 553 526 613 λότατος
561 554 663 622 μὲν
703 552 926 624 ὑπῆρχε
953 552 1048 606 τὸν
1080 550 1229 618 νοῦν,
1267 552 1368 615 τὴν
1400 553 1444 606 δ’
1477 549 1546 607 αὖ
1597 554 1886 626 ἁρμονίαν,

1988 567 2115 635 quis
2166 568 2474 639 comparari
2528 568 2730 639 poterit
2759 583 2886 624 cum
2940 567 3218 623 conciuno
3254 567 3378 639 ejus
3406 567 3580 621 hone—

289 643 328 714 ἢ
365 643 465 697 καὶ
488 642 552 695 τὸ
576 642 777 707 κάλλος
829 643 920 714 τῆς
948 643 1202 714 φράσεως
1236 644 1541 715 προέφερεν
1569 645 1891 717 άπαράμιλ-

2012 664 2184 727 noque
2213 658 2433 714 dicendi
2457 659 2697 731 genere?
2723 657 3043 714 Meiliﬂuum
3093 658 3245 713 illius
3280 673 3345 713 os
3366 658 3580 713 animas

293 734 422 800 λον;
452 733 730 805 Μελιχρὸν
761 733 973 787 ἐκείνου
1002 733 1065 787 τὸ
1096 733 1290 805 στόμα,
1326 734 1435 788 τῶν
1482 734 1723 806 καρδιῶν
1766 735 1887 788 θέλ-

302 841 548 896 γητρον·
594 823 772 895 μοῦσα
800 828 916 889 τοῖς
956 825 1092 879 πᾶσι
1113 824 1225 878 τῶν
1274 824 1494 878 ἐννοιῶν
1536 824 1889 894 ἐγινώσκετο,

302 912 538 980 γλεῦκος
557 911 875 982 γλυκάζων,
905 912 1283 984 άμετάϐλητος
1310 913 1472 983 φύσις
1498 930 1511 944 ·
1541 915 1570 968 ὁ
1601 914 1763 978 αὐτὸς
1783 915 1893 984 γὰρ

299 1001 375 1077 ἦν
409 1004 750 1075 ἁπανταχοῦ,
796 1005 861 1058 οὑ
897 1004 1270 1076 μεταϐάλλων,
1313 1005 1434 1059 οὐδὲ
1485 1006 1893 1076 μεταποιούμε-

300 1112 397 1160 νος
420 1112 437 1129 ο
465 1097 528 1149 ὲν
552 1095 631 1165 τῷ
650 1093 924 1148 διδάσκειν
963 1093 1033 1147 τὰ
1062 1092 1209 1163 σαφῆ
1240 1091 1588 1162 ὑψηλολογῶν
1609 1109 1623 1124 ο
1651 1092 1709 1145 ἐν
1736 1092 1792 1144 δὲ
1817 1090 1896 1162 τῷ

302 1187 515 1255 λέγειν,
539 1185 611 1240 τὰ
636 1184 818 1257 ὑψηλὰ
837 1184 1036 1249 τελέως
1057 1183 1338 1252 διασαφῶν
1360 1198 1374 1214 ·
1401 1182 1518 1236 ἀλλ’
1542 1182 1894 1248 ἐπιστέλλων,

308 1276 588 1346 ῦπέρευγε
616 1277 714 1345 τῆς
739 1272 1078 1345 γλυκύτητος
1099 1288 1112 1303 ·
1145 1273 1404 1343 τοιαύτην
1428 1272 1538 1344 γὰρ
1569 1270 1894 1343 ἐπλούτησε,

308 1369 408 1422 καὶ
436 1366 686 1435 γλῶτταν
726 1367 785 1418 ὲν
814 1365 1014 1430 λέξεσι,
1043 1365 1140 1418 καὶ
1169 1363 1334 1432 φύσιν
1367 1366 1425 1417 ἐν
1455 1366 1568 1427 τοῖς
1604 1366 1896 1433 νοήμασιν,

305 1462 433 1513 οἷαν
468 1459 648 1520 οὐδεὶς
679 1460 779 1527 τῆς
828 1442 952 1511 καθ’
998 1457 1143 1526 ἡμᾶς
1190 1456 1417 1524 γενεᾶς·
1451 1455 1616 1517 αὐτὸς
1664 1455 1773 1526 γάρ
1810 1471 1902 1526 μοι

308 1552 531 1622 μάρτυς
557 1552 587 1602 ὁ
611 1551 823 1603 ἐκείνου
863 1549 1017 1614 Θεὸς,
1046 1549 1122 1612 ὡς
1150 1549 1506 1606 ,οὐδεπώποτε
1533 1548 1901 1617 συνομιλὴσας

311 1643 519 1714 ἐκείνῳ
571 1642 813 1712 ἀπῆλθον
861 1641 936 1712 μὴ
976 1641 1264 1712 θαυμάσας
1315 1642 1410 1694 καὶ
1471 1640 1767 1708 ἐκπλαγεὶς
1802 1638 1902 1711 τὴν

310 1735 513 1789 τούτου
538 1733 718 1804 ψυχὴν
750 1734 846 1787 καὶ
871 1732 1111 1785 διάνοιαν
1133 1749 1146 1763 ο
1173 1732 1269 1784 καὶ
1293 1731 1548 1785 τοσοῦτον
1575 1729 1700 1800 ἔσχε
1732 1730 1907 1800 θνητῇ

309 1827 643 1895 γλυκύτητι,
670 1825 744 1888 ὡς
780 1823 1051 1894 μηδέποτε
1076 1822 1569 1899 κόρονλαμὸἀνειν
1593 1822 1690 1890 τῆς
1720 1821 1904 1874 αὐτῶν
1934 1814 1987 1874 Β

310 1917 636 1989 ἀκροάσεως
658 1931 673 1945 ’
705 1915 780 1979 ὡς
834 1913 1291 1968 ἐπιλανθάνεσθαι
1333 1912 1505 1967 ὕπνου
1536 1913 1779 1984 νηδύμου
1814 1912 1908 1965 πό-

314 2008 431 2071 σιός
467 2024 529 2060 τε
565 2007 659 2061 καὶ
707 2005 953 2074 ὲδξτυος,
988 2004 1140 2076 ’μηδὲ
1177 2004 1579 2076 μιμνήσκεσθαι
1608 2020 1623 2035 ⁸
1654 2005 1729 2069 ὡς
1780 2004 1909 2076 μίαν

313 2099 372 2153 δέ
397 2115 492 2165 μοι
522 2097 636 2151 τῶν
683 2095 1144 2167 εἰκοσιτεσσάρων
1185 2096 1346 2168 ὡρῶν
1398 2096 1492 2150 τοῦ
1538 2096 1909 2168 νυχθημέρου,

315 2188 581 2258 οὐρανίαν
611 2182 754 2241 εἶναι
783 2185 1059 2256 περίοδον.

382 2286 455 2348 η’.
490 2278 605 2332 Καί
639 2296 729 2348 μοι
755 2278 865 2331 τῶν
893 2276 1041 2347 ἠθῶν
1080 2276 1246 2331 αὑτοῦ
1273 2277 1443 2340 τύπος
1485 2277 1567 2329 ἔτι
1597 2276 1905 2345 ἐγκάθηται

312 2372 381 2442 τῇ
411 2369 584 2439 ψυχῇ,
616 2369 712 2422 καὶ
742 2367 1168 2438 ἐνεσφράγισται
1198 2367 1371 2438 ταύτῃ
1404 2368 1471 2420 τά
1506 2368 1629 2437 ἴχνη
1667 2367 1777 2420 τῶν
1809 2369 1910 2420 αὑ-

317 2462 412 2514 τοῦ
442 2460 764 2524 διαλέξεων,
812 2460 965 2530 καὶὴ
1003 2461 1102 2529 τῆς
1147 2459 1417 2530 ἁρμονίας
1455 2460 1573 2530 ἡχὼ
1601 2459 1683 2512 ἔτι
1718 2476 1819 2528 μου
1842 2460 1911 2512 τὰ

316 2544 433 2605 ὦτα
456 2548 810 2621 περιϐομϐεἶ,
839 2550 935 2602 καὶ
962 2548 1232 2619 μακάριον
1266 2548 1483 2618 άληθῶς
1503 2548 1580 2621 τῷ
1609 2550 1911 2620 τηνικαῦτα

320 2640 581 2710 ἐνόμιζον
628 2640 888 2710 ἐμαυτὸν,
941 2639 1017 2704 ὡς
1056 2639 1168 2693 τῶν
1217 2639 1326 2693 ἀπὸ
1372 2639 1466 2693 τοῦ
1507 2640 1911 2711 σωφρονοῦντος

327 2733 629 2798 προϊόντων
650 2730 923 2801 στόματος
949 2729 1079 2784 ὄντα
1106 2732 1365 2801 ἐπήκοον,
1388 2732 1457 2785 δι’
1491 2726 1551 2788 οὗ
1585 2732 1717 2797 Θεὸς
1742 2733 1913 2803 (ἕπτ’

335 2838 515 2891 γεται,
546 2826 634 2877 καὶ
678 2823 899 2893 πνεῦμα
939 2824 1132 2893 σοφίας
1164 2826 1591 2896 ἐπιχωρηγεῖται
1633 2828 1727 2881 καὶ
1767 2828 1909 2897 γνώο

339 2928 515 2977 σεως·
542 2915 684 2967 οὐδὲν
707 2915 821 2985 γὰρ
855 2917 1045 2986 ἀπεῖχε
1080 2915 1194 2970 ὄντι
1227 2917 1527 2987 σεραφικοῦ
1549 2936 1693 2983 τινος
1726 2918 1911 2990 ὄμμα-

327 3022 427 3070 τος
453 3006 685 3071 ὀξύτατα
728 3008 1035 3079 βλέποντος,
1071 3008 1165 3062 καὶ
1203 3009 1284 3071 είς
1334 3007 1534 3062 κύκλον
1567 3010 1667 3079 τὴν
1719 3011 1909 3080 ὅρασιν

324 3100 747 3169 ἁπαρτίζοντος.
784 3098 905 3154 Ἵνα
942 3101 999 3153 δὲ
1031 3100 1127 3156 καὶ
1177 3100 1337 3170 ὑμεῖς
1366 3100 1545 3172 εἰδῆτε
1593 3103 1692 3172 τὴν
1731 3102 1911 3172 ἄκραν

322 3164 461 3243 τῶν-
489 3190 806 3260 λεγομένων
855 3190 1137 3262 ἀλήθειαν,
1191 3164 1290 3245 an
1342 3192 1417 3263 μὴ
1460 3164 1671 3255 τούτοις
1715 3164 1823 3247 aut
1854 3194 1915 3246 τδ
1942 3164 1985 3219 (³

322 3282 637 3352 ὑπέρογκον
675 3282 1044 3353 ἀπιστήσητε,
1086 3282 1146 3336 ἓν
1175 3298 1228 3335 τι
1259 3282 1372 3337 τῶν
1405 3283 1915 3357 ἀπομνημονευμά-

320 3391 435 3427 των
460 3373 677 3426 ὲκείνου
701 3374 816 3436 τοῖς
838 3371 1228 3441 φιλοτοιούτοις
1258 3373 1390 3444 ὑμῖν
1415 3375 1715 3444 ἀκροαταῖς
1747 3393 1920 3448 παρα-

323 3465 584 3533 θέμενος.
612 3463 760 3532 Πρδς
788 3463 844 3516 δὲ
870 3464 964 3518 καὶ
995 3463 1173 3534 μικρά
1195 3480 1318 3520 τινα
1342 3463 1452 3519 τῶν
1480 3465 1688 3519 ἐκείνου
1725 3483 1921 3537 κατορ-

323 3554 603 3624 θωμάτων
619 3554 829 3618 τούτοις
840 3554 1180 3623 ἐπενεγκὼν,
1206 3555 1266 3609 τὸ
1294 3556 1416 3627 μὲν,
1440 3556 1529 3610 διὰ
1547 3557 1638 3611 τὸν
1662 3558 1920 3627 πολέμιον

323 3647 495 3716 κόρον
529 3647 655 3710 ταῖς
691 3647 907 3711 ἀκοαῖς,
942 3646 1002 3699 τὸ
1029 3646 1107 3712 δὲ,
1141 3647 1230 3703 διὰ
1266 3647 1365 3718 τὴν
1399 3647 1732 3718 συνέχουσαν
1764 3650 1920 3703 νόσον

323 3737 424 3791 τοῦ
452 3739 707 3809 σώματος
742 3738 986 3809 (πέφυκε
1017 3740 1126 3809 γάρ
1159 3757 1276 3803 πως
1300 3740 1361 3791 τὸ
1388 3740 1574 3811 νοερὸν
1612 3739 1712 3810 τῆς
1740 3740 1919 3811 ψυχῆς

329 3831 678 3898 συγκάμνειν
726 3827 805 3898 τῷ
827 3827 1064 3897 σώματι,
1095 3828 1184 3883 διὰ
1215 3830 1318 3899 τὴν
1351 3828 1512 3901 ξένην
1545 3831 1640 3883 καὶ
1681 3830 1919 3903 ἄρρητον

327 3922 580 3989 ἕνωσιν),
605 3919 684 3990 τῷ
705 3918 888 3988 λιμένι
924 3922 1025 3987 τῆς
1056 3924 1288 3992 σιωπῆς,
1320 3921 1382 3974 τὸ
1412 3920 1505 3974 τοῦ
1540 3921 1700 3989 λόγου
1729 3922 1919 3975 πλοιά⁴

332 4027 454 4083 ριον
486 4008 922 4080 καθορμίσαιμι.

399 4101 469 4156 θ’.
502 4102 734 4171 Ὠχλουν
762 4105 895 4156 ποτε
928 4103 1021 4158 τὸν
1068 4106 1339 4176 μακάριον
1364 4107 1487 4160 κατ’
1517 4107 1656 4161 ἰδίαν
1690 4106 1919 4176 γενόμεο

326 4213 419 4260 νος
448 4197 550 4250 σὺν
574 4195 744 4267 αὐτῷ,
777 4196 874 4249 καλ⁵
904 4195 1196 4266 Γραφικῶν
1249 4215 1411 4253 τινων
1455 4188 1787 4269 ζητημάτων
1813 4201 1919 4252 ἁπ-

326 4290 498 4359 ῄτουν
538 4290 861 4357 σαφήνειαν.
905 4287 967 4342 '0
1015 4289 1070 4343 δὲ
1104 4293 1372 4362 προσηνεῖ
1394 4308 1486 4362 μοι
1516 4291 1794 4364 ὲμὸλέψας
1843 4291 1924 4362 τῷ

325 4383 570 4461 ὃμματι,
604 4384 699 4435 καὶ
730 4383 927 4455 μικρὸν
957 4383 1013 4437 δὲ
1045 4384 1463 4455 ὑπομειδιάσας,
1491 4384 1566 4449 ὡς
1592 4388 1650 4439 ὲν
1683 4388 1795 4449 τοῖς
1823 4403 1923 4456 χα-

333 4476 512 4545 ρίεσιν
538 4474 769 4539 εῐθιστο,
787 4475 1083 4547 Φορολόγος
1102 4493 1193 4548 μοι
1217 4475 1486 4548 ἀτεχνῶς,
1509 4475 1711 4546 ἐρησεν
1731 4475 1921 4543 ’έοικας

329 4562 504 4631 εἶναι,
525 4570 742 4633 τέκνον,
762 4567 797 4637 ἢ
825 4567 1027 4638 μᾶλλον
1046 4569 1218 4622 εἰπεῖν
1246 4568 1562 4641 λογοφόρος.
1604 4569 1747 4639 Ἐγὼ
1774 4569 1852 4634 δὲ,
1873 4573 1922 4625 εἰ

331 4661 431 4715 καὶ
461 4658 603 4729 πρὸς
633 4659 808 4729 βραχὺ
838 4659 1217 4730 παραιτοῦμαι
1243 4662 1343 4732 τὴν
1374 4660 1614 4732 αἴτησιν,
1650 4661 1924 4731 σκόπησον

333 4752 414 4815 ὡς
434 4750 698 4820 ἀγχίνους
718 4751 904 4816 αὐτὸς,
933 4752 1008 4822 μή
1029 4769 1160 4805 ποτε
1176 4752 1205 4806 ὃ
1223 4752 1561 4823 δυσχεραίνω
1589 4752 1749 4824 φιλῶ,
1773 4753 1866 4807 καὶ
1896 4752 1925 4806 ὃ

334 4839 719 4913 παραιτοῦμαι
749 4841 929 4895 ποθῶ·
963 4842 1056 4898 καὶ
1102 4842 1163 4896 οὐ
1202 4842 1400 4916 μέμψῃ
1431 4860 1532 4915 μου
1567 4844 1665 4914 τὴν
1694 4843 1925 4916 ὑπέρθε-

333 4949 445 4988 σιν.
493 4931 623 4985 Ἐάν
668 4933 774 5003 γὰρ
803 4932 982 5004 ψυχάς
1035 4928 1181 5004 εἶχον
1213 4934 1270 4987 αἱ
1316 4933 1427 4989 τῶν
1473 4934 1683 4990 ὑδάτων
1721 4934 1921 5005 πηγαὶ,

329 5024 736 5096 ηὑφράνθησαν
794 5026 860 5079 ἂν
910 5026 1369 5096 ἐξαντλούμεναιο
1432 5026 1817 5098 ἀπεκρίθησαν
1875 5027 1923 5081 δ’

258 5162 261 5165 ,
330 5118 487 5185 ὃμως
541 5115 624 5186 τῷ
667 5116 832 5188 λόγῳ,
889 5117 964 5180 ὡς
1023 5118 1275 5189 ἐπαχθῶς
1324 5118 1540 5190 ἔχουσιν
1596 5119 1917 5191 άρυόμεναι.

328 5206 511 5276 Κάγὼ
531 5208 718 5262 τοίνυν
739 5207 1040 5279 προθύμως
1066 5210 1163 5281 τὴν
1185 5211 1285 5281 σὴν
1314 5209 1572 5265 λεκανίδα
1599 5211 1699 5264 καὶ
1721 5211 1922 5265 κάλπιν

331 5300 714 5372 προσδέχομαι
735 5317 748 5330 ·
780 5301 843 5355 τὸ
873 5300 984 5372 γὰρ
1027 5303 1178 5373 νᾶμα
1206 5301 1317 5355 τῶν
1352 5302 1530 5371 λόγων
1570 5303 1632 5356 οὐ
1657 5303 1806 5357 δέδια
1842 5304 1920 5375 μὴ

330 5391 606 5461 ἐπιλείψει
648 5409 753 5463 με·
808 5394 932 5446 ἐπεί
971 5393 1054 5448 τοί
1100 5410 1165 5463 γε
1209 5394 1270 5448 τὸ
1320 5394 1451 5467 ὲμζιν
1499 5394 1762 5465 παρέοικε
1809 5396 1920 5451 τῶν

399 5610 479 5683 (2)
531 5607 871 5683 Hujusmodi
942 5609 1168 5683 facetias
1237 5607 1480 5683 nonnisi
1523 5609 1809 5683 rarissime
1863 5612 1917 5666 in

329 5679 489 5735 suam
543 5679 794 5753 linguam
826 5679 1114 5753 transferri
1136 5679 1518 5753 iposiie‘dubio
1551 5688 1724 5753 caret,
1760 5680 1916 5735 idco-

327 5764 434 5823 qu:
483 5750 830 5811 duas'voces
860 5750 1078 5806 Graecas
1134 5752 1187 5805 in
1224 5750 1429 5819 quibus
1460 5760 1662 5817 auctor
1698 5752 1914 5819 lepidis-

1992 749 2301 805 delectabat
2336 767 2349 804 :
2382 766 2451 806 ex
2496 750 2757 806 omnibus
2800 751 2922 821 ejus
2972 750 3269 805 sententiis
3292 748 3578 819 ingenium

1991 839 2246 895 elucebat
2270 849 2436 909 atque
2469 854 2684 895 summa
2710 839 2953 894 suavitas
2982 845 3039 892 et
3068 848 3279 892 natura}
3303 844 3570 890 constan-

1994 931 2090 987 tia.
2126 931 2343 1002 Ubique
2366 931 2509 986 idem
2564 940 2704 998 erat,
2734 943 2916 1000 neque
2941 930 3188 991 varians,
3218 942 3400 996 neque
3420 941 3580 981 arro—

1996 1036 2128 1093 gans
2156 1039 2169 1075 :
2202 1021 2258 1076 in
2285 1020 2534 1077 docendo
2571 1020 2862 1092 perspicua
2904 1018 3229 1080 attollebat;
3264 1017 3323 1071 in
3347 1014 3583 1071 dicendo

1995 1112 2167 1168 ardua
2208 1110 2417 1182 optime
2461 1109 2772 1182 explicabat
2801 1125 2817 1175 ;
2846 1110 2903 1164 in
2942 1106 3253 1164 scribendis
3284 1110 3469 1161 autem
3491 1103 3586 1159 iit-

1999 1203 2153 1269 teris,
2181 1204 2363 1274 qualis
2407 1203 2628 1259 tandem
2688 1201 2968 1258 suavitasl
2995 1200 3149 1256 Adeo
3189 1196 3338 1253 enim
3374 1195 3583 1266 lepori-

1997 1296 2106 1353 bus
2160 1295 2352 1352 facetis
2395 1307 2453 1352 et
2507 1294 2802 1350 sententiis
2853 1291 3088 1349 amoenis
3141 1287 3466 1353 abundavit,
3500 1285 3585 1341 uti

2001 1389 2106 1445 hac
2130 1386 2316 1444 nostra
2344 1396 2503 1442 astate
2556 1400 2718 1441 nemo
2765 1385 2929 1440 alius.
2958 1383 3105 1438 Deus
3129 1380 3264 1435 mihi
3298 1379 3456 1435 testis
3476 1387 3583 1439 est,

2004 1497 2097 1537 me
2126 1494 2411 1549 nunquam
2466 1477 2788 1533 discessisse
2831 1475 2902 1530 ab
2944 1476 3062 1544 ejus
3114 1470 3414 1541 colloquio,
3447 1469 3584 1539 quin

2003 1572 2366 1629 admiratione
2391 1571 2540 1626 illius
2560 1569 2765 1640 ingenii
2797 1568 3087 1638 perculsus
3113 1578 3316 1627 essem,
3345 1576 3410 1617 ac
3435 1569 3586 1616 tanta

2003 1674 2122 1722 erat
2173 1667 2292 1737 ejus
2356 1664 2620 1726 suavitas,
2667 1670 2729 1717 ut
2778 1660 3061 1716 auditores
3113 1670 3396 1726 nunquam
3424 1652 3589 1708 taulio

2007 1756 2377 1817 adicerentur,
2410 1756 2520 1809 imo
2536 1752 2724 1821 dulcis
2740 1750 2940 1815 somni,
2982 1747 3093 1803 cibi
3130 1754 3402 1817 potusque
3432 1757 3591 1809 pror-

2012 1863 2107 1904 sus
2134 1846 2612 1909 obliviscerentur,
2644 1851 2778 1899 etut
2806 1841 2950 1896 diem
2985 1852 3110 1894 cum
3147 1852 3214 1892 eo
3248 1840 3589 1890 transactum

2014 1939 2164 1994 velut
2215 1951 2379 1991 unam
2431 1936 2626 1990 horam
2686 1933 3079 1997 ccelestemque
3110 1923 3590 1983 conversationem

2016 2033 2355 2096 reputarem.

2083 2306 2137 2361 8.
2192 2304 2386 2358 Adhuc
2442 2298 2722 2356 memoriae
2765 2298 2942 2352 lueret
2988 2305 3204 2349 morum
3236 2289 3386 2344 illius
3415 2287 3592 2352 ratio;

2012 2398 2195 2454 adhuc
2221 2394 2405 2451 animo
2436 2391 2707 2462 impressa
2731 2397 2860 2443 sunt
2909 2396 3230 2441 sermonum
3258 2379 3380 2450 ejus
3417 2376 3557 2432 vesti
3576 2404 3595 2416 -

2011 2490 2136 2561 gia;
2178 2486 2360 2542 adhuc
2417 2481 2720 2539 harmoniae
2758 2491 2932 2534 sonus
2973 2469 3392 2539 circumstrepit
3434 2481 3599 2522 aures

2011 2558 2163 2636 ineas
2195 2597 2209 2633 :
2239 2592 2369 2633 nam
2412 2589 2542 2630 vere
2597 2572 2820 2628 beatum
2866 2582 2962 2635 me
3041 2562 3424 2621 existimabam
3503 2558 3601 2612 illo

2013 2678 2259 2737 tempore
2289 2678 2401 2735 quo
2428 2661 2623 2717 audire
2646 2658 2784 2714 mihi
2806 2656 3013 2712 licebat
3039 2654 3186 2709 dicta
3212 2648 3598 2722 provenientia

2010 2776 2078 2816 ex
2113 2758 2361 2827 sapiente
2411 2770 2509 2809 ore
2538 2768 2639 2823 per
2671 2750 2819 2821 quod
2840 2750 2985 2804 Deus
3012 2745 3261 2806 loquitur
3289 2753 3346 2797 et
3370 2740 3601 2812 spiritus

2011 2847 2295 2918 sapientiae
2363 2841 2857 2911 intelligentiaeque
2931 2837 3191 2891 donatur.
3245 2832 3389 2887 Vere
3446 2829 3600 2884 enim

2012 2939 2303 3010 seraphico
2344 2933 2777 3001 acutissimoque
2830 2927 3097 2999 praaditus
3141 2924 3247 2979 t‘uit
3299 2922 3462 2977 oculo
3486 2936 3599 2990 quo

2013 3009 2199 3086 omnia
2256 3029 2467 3082 circum
2521 3036 2643 3080 sese
2671 3018 3088 3076 accuratissime
3113 3012 3504 3086 perspiciebat.
3528 3009 3604 3067 Ut

2017 3133 2202 3178 autem
2234 3133 2331 3174 vos
2352 3131 2574 3187 quoque
2608 3127 2803 3169 eorum
2836 3126 2961 3181 quae
2992 3108 3118 3164 dico
3142 3114 3389 3161 exactam
3443 3101 3607 3156 intel-

2019 3212 2200 3284 ligatis
2259 3210 2553 3266 veritatem
2602 3219 2783 3276 neque
2831 3198 2990 3274 quasi
3041 3195 3387 3269 exaggeranti
3440 3192 3601 3248 ﬁdem

2019 3283 2319 3374 denegetis.
2350 3314 2516 3355 unam
2547 3312 2659 3354 rem
2689 3311 2755 3351 ex
2785 3295 2934 3349 illius
2958 3291 3070 3346 vita
3088 3286 3356 3345 memoria
3381 3283 3602 3354 dignam

2018 3393 2179 3448 vobis
2210 3391 2359 3447 velut
2376 3387 2727 3444 auditoribus
2747 3383 3157 3456 gratiﬁcaturus
3192 3375 3471 3434 enarrabo
3500 3388 3605 3429 nec

2020 3503 2131 3542 non
2198 3485 2405 3540 leviora
2440 3480 2689 3552 quaedam
2743 3479 2814 3534 ab
2842 3492 2912 3533 eo
2957 3475 3106 3532 dicta
3138 3471 3357 3534 addam,
3404 3469 3604 3540 partim
3678 3535 3683 3540 .

2023 3584 2083 3631 ut
2110 3573 2333 3630 taedium
2387 3570 2668 3628 audiendo
2705 3567 3048 3626 contrarium
3075 3562 3371 3633 depellam,
3399 3557 3603 3629 partim

2022 3669 2152 3739 quia
2178 3680 2381 3735 corpus
2408 3665 2593 3718 minus
2619 3662 2763 3717 bene
2787 3660 2934 3715 valet
2958 3658 3207 3728 (propter
3239 3652 3434 3709 miram
3455 3649 3604 3703 enim

2023 3759 2172 3813 illam
2198 3764 2253 3811 et
2284 3754 2559 3811 infundant
2600 3750 2862 3807 unionem
2903 3749 2976 3802 ita
3000 3763 3032 3801 a
3062 3755 3261 3802 natura
3286 3749 3364 3798 est
3394 3739 3607 3797 consti-

2025 3857 2203 3905 tutum
2230 3887 2248 3913 ,
2283 3856 2344 3902 ut
2390 3862 2516 3902 cum
2562 3858 2793 3914 corpore
2855 3840 3019 3897 simul
3075 3837 3258 3893 anima
3316 3832 3606 3889 rationalis

2024 3941 2226 4008 doleat)
2267 3959 2282 3995 :
2308 3947 2365 3995 et
2400 3939 2483 3995 sic
2540 3934 2761 3990 tandem
2787 3930 3062 3989 sermonis
3087 3926 3396 3985 naviculam
3425 3922 3496 3978 ad
3524 3923 3605 3978 si-

2023 4032 2180 4089 lentii
2208 4041 2427 4102 portum
2454 4026 2748 4098 appellam.

2095 4125 2149 4179 9.
2183 4121 2399 4178 Accidit
2435 4116 2736 4189 aliquando
2768 4125 2830 4172 ut
2862 4115 3087 4170 beatum
3116 4112 3320 4177 virum,
3348 4127 3475 4168 cum
3503 4111 3605 4168 soli

2025 4229 2291 4279 essemus,
2334 4225 2586 4281 urgerem
2659 4218 2716 4264 et
2782 4206 3117 4277 quaestiones
3187 4203 3452 4273 quasdam
3517 4204 3607 4259 bi-

2025 4306 2198 4361 blicas
2232 4314 2292 4361 ut
2312 4303 2613 4373 explicaret
2637 4299 2706 4355 ab
2740 4314 2806 4355 eo
2862 4307 3133 4369 peterem.
3178 4295 3276 4351 ille
3311 4310 3465 4360 vero,
3489 4294 3605 4351 leni

2026 4414 2116 4454 me
2174 4398 2397 4452 intuens
2443 4393 2605 4449 oculo
2636 4401 2693 4448 et
2719 4389 3027 4463 paululum,
3054 4387 3133 4442 uti
3155 4388 3210 4443 in
3246 4386 3415 4442 rebus
3436 4386 3608 4457 gratis

1954 4489 2258 4567 Dsolebat.
2316 4484 2656 4542 subridens:
2692 4481 2927 4546 Revera,
2982 4478 3183 4550 inquit,
3253 4488 3312 4533 tu
3381 4477 3607 4547 φορολό-

2026 4597 2122 4649 γος
2149 4579 2224 4650 (2)
2258 4577 2628 4649 (vectigalium
2659 4576 2929 4639 exactor),
2966 4581 3062 4627 aut
3090 4571 3274 4642 potius
3292 4569 3606 4639 -λογοφὸρος

2028 4671 2144 4743 (qui
2209 4668 2378 4724 verba
2425 4665 2655 4737 profert)
2694 4678 2816 4720 esse
2851 4661 3076 4717 videris.
3129 4658 3287 4726 Quod
3325 4660 3369 4713 si
3407 4673 3509 4728 ego
3532 4658 3605 4712 ad

2027 4765 2194 4820 breve
2265 4770 2484 4830 tempus
2510 4757 2869 4829 quaestionem
2925 4751 3140 4823 rejicio,
3186 4760 3242 4807 tu
3271 4750 3426 4805 velut
3469 4765 3609 4820 pru-

2025 4855 2165 4912 dens
2199 4850 2512 4916 considera,
2534 4862 2742 4920 quaeso,
2773 4859 2958 4902 annon
3004 4841 3141 4899 illud
3178 4841 3327 4914 quod
3367 4841 3607 4911 reprobo

2025 4947 2271 5018 diligam,
2301 4951 2358 4999 et
2386 4940 2532 5013 quod
2586 4938 2774 5010 rejicio
2801 4935 3135 5000 desiderem,
3166 4942 3330 5004 atque
3363 4932 3443 4989 sic
3464 4931 3609 4988 dila-

2026 5041 2234 5095 tionem
2257 5035 2402 5092 baud
2436 5031 2831 5104 reprehendes.
2864 5031 3001 5085 Nam
3043 5028 3088 5083 si
3119 5040 3395 5098 aquarum
3422 5024 3607 5081 fontes

2026 5128 2298 5183 haberent
2343 5124 2575 5188 animas,
2623 5120 2879 5177 exhausti
2913 5119 3220 5191 gauderent
3248 5117 3494 5188 quidem,
3527 5126 3608 5173 at-

2026 5227 2207 5273 tamen
2262 5213 2409 5286 quod
2436 5212 2700 5269 exantiati
2736 5211 2869 5277 sint,
2915 5211 3143 5266 moleste
3168 5224 3229 5266 se
3260 5208 3405 5264 terre
3448 5209 3601 5265 dice-

2026 5317 2164 5364 reut.
2201 5306 2371 5377 lgitur
2421 5320 2524 5376 ego
2579 5318 2799 5374 quoque
2840 5303 3080 5359 libenter
3130 5300 3598 5357 vasculumtuum

2023 5397 2475 5468 accipimusque
2524 5397 2673 5453 enim
2715 5394 2922 5451 fontem
2984 5393 3286 5450 verborum
3328 5391 3461 5448 ’πίω
3495 5408 3602 5447 uu-

2022 5615 2159 5740 ἓιιιο
2205 5613 2369 5739 [genio
2423 5613 2689 5684 indulget,
2750 5611 3071 5668 retinendas
3091 5602 3598 5665 csse'ccnsnimus.

2068 5703 2171 5740 οιτ.
2249 5701 2367 5739 nn.

2068 5703 2171 5741 DIT.
2205 5701 2367 5739 I'ATR.
