4104 6472
444 400 540 464 ιιι

1682 410 1985 471 ΝΙΟΟΧΙΞ
2037 413 2490 480 RMTIIENSIS

3613 428 3720 493 512

447 525 637 569 mento
665 515 953 570 materiam
997 515 1156 573 facile
1197 518 1644 574 inﬂammabilem
1675 532 1991 591 superstrua
2054 530 2083 582 Α

2139 528 2306 583 τοίνυν
2339 530 2415 601 τῷ
2451 529 2542 585 τοῦ
2567 533 2808 602 Χριστοῦ
2842 533 3079 606 Θεμιλίῳ
3109 538 3207 606 τὴν
3248 537 3561 611 εὔπρηστον
3593 544 3737 597 ἐπιο’
3804 600 3807 603 _

448 618 594 659 mus.
660 604 741 661 Ad
786 606 892 660 hoc
938 614 1126 661 autem
1175 607 1479 678 requiritur
1511 619 1812 679 spontanea
1845 612 2025 667 hacin

447 706 597 750 terra
652 696 920 752 incensio.
977 698 1073 761 Uti
1097 700 1245 755 enim
1298 716 1497 756 aurum
1539 703 1597 755 in
1633 703 1857 759 fornace
1893 720 2025 775 pur-

450 797 629 857 gatur,
661 788 737 842 ita
765 789 933 844 etiam
992 792 1177 847 anima
1209 808 1306 863 per
1330 795 1749 851 comburentem
1770 796 2029 852 alni-tio-

451 894 578 934 nem
609 894 772 934 suum
811 882 1007 952 recipit
1042 885 1414 955 splendorem.
1446 886 1773 952 Careamus,
1807 888 2028 954 fratres,

453 985 523 1023 ne
594 986 861 1041 unquam,
893 977 1335 1033 contaminautcs
1381 980 1613 1049 primam
1637 995 1699 1033 ac
1728 981 2029 1035 secundam

453 1070 818 1131 vestem,qua
873 1064 1050 1121 induti
1104 1082 1295 1123 smnus
1346 1086 1445 1138 per
1471 1070 1799 1141 baptismum
1842 1088 1907 1126 ac
1936 1089 2034 1143 per

454 1152 859 1221 penitentiam,
893 1158 1195 1226 purissimo
1248 1159 1342 1214 illo
1392 1162 1799 1233 splendidoque
1830 1164 2031 1235 Sponsi

456 1244 703 1299 conclavi
727 1247 1038 1317 ejiciamur,
1072 1261 1125 1306 et
1155 1267 1277 1307 sors
1303 1265 1491 1308 nostra
1534 1270 1660 1309 cttm
1692 1256 2039 1313 dmmonibus

456 1334 761 1405 hypocritis
790 1340 969 1396 cadat.
1004 1344 1198 1398 Annon
1236 1346 1383 1400 enim
1418 1346 1715 1417 hypocritm
1753 1358 1882 1403 sunt
1908 1351 2034 1404 ntali

457 1437 714 1484 auctores
749 1431 867 1498 qui,
931 1447 1054 1487 cum
1083 1436 1325 1491 tenebra:
1352 1438 1482 1503 sint,
1515 1440 1699 1495 lumen
1728 1442 2037 1496 simulant?

455 1517 801 1576 Collocemus
825 1537 978 1592 spem
1007 1535 1251 1581 nostrain
1284 1529 1337 1582 in
1361 1544 1428 1583 eo
1450 1532 1542 1600 qui
1568 1548 1665 1601 per
1686 1533 2037 1589 adustionem

460 1610 822 1666 teutationum
868 1629 1007 1684 quas
1055 1627 1252 1686 sponte
1310 1629 1406 1674 aut
1440 1638 1538 1690 per
1567 1624 1675 1677 vim
1713 1625 2034 1688 toleramus,

461 1699 756 1767 puritatem
816 1705 976 1759 nobis
1029 1707 1214 1777 largiri
1261 1711 1455 1765 voluit.
1502 1712 1637 1782 Spes
1679 1724 1864 1769 nostra
1891 1717 2037 1770 haud

460 1794 771 1859 dill'eretur,
812 1802 1036 1871 etquod
1068 1814 1449 1874 exspectamus
1479 1809 1547 1862 ad
1584 1812 1789 1865 exitum
1836 1813 2039 1882 perdu-

459 1897 640 1942 cetur.
684 1888 842 1944 Tunc
871 1903 1053 1946 autem
1106 1893 1391 1951 beatitudo
1416 1914 1607 1953 eorum
1641 1902 1736 1971 qui
1762 1904 2038 1970 patientiae
2069 1885 2115 1944 Β

462 1976 588 2043 igne
645 1979 859 2047 probati
911 1993 1060 2048 sunt,
1131 1989 1646 2059 apparebitzcujus
1700 1994 1906 2047 utinam
1936 2011 2037 2051 nos

462 2083 657 2123 mnnes
690 2072 983 2143 participes
1036 2075 1229 2133 ﬁamus
1264 2079 1318 2133 in
1347 2079 1568 2136 Christo
1611 2081 1740 2137 Jcsu
1806 2086 2038 2140 Domino

465 2167 676 2223 nostro,
700 2162 789 2213 cui
821 2162 994 2231 gloria
1019 2173 1074 2218 ct
1098 2176 1342 2237 potestas
1387 2181 1443 2225 ct
1470 2172 1743 2238 adoratio,
1776 2191 1900 2230 cum
1945 2176 2045 2230 Pa-

467 2258 549 2300 tre
583 2250 723 2304 initii
754 2263 976 2323 experte
1016 2266 1072 2311 et
1118 2260 1468 2315 sanctissimo
1519 2272 1575 2317 et
1623 2264 1768 2319 bono
1797 2267 2045 2323 vivitico-

2132 618 2526 690 κοδομήσωμεν
2575 622 2728 693 ὕλην.
2757 625 2855 677 Διὰ
2901 626 3075 680 ταῦτα
3106 629 3265 699 χρεία
3298 630 3433 700 ἡμῖν
3472 634 3570 702 τῆς
3616 639 3720 689 ὲν-

2130 710 2305 764 ταῦθα
2337 713 2588 767 ἑκουσίου
2620 714 2923 786 πυρώσεως
2945 718 3048 786 τῆς
3072 719 3161 773 διὰ
3196 720 3453 791 θλίψεως.
3494 723 3582 785 '0;
3607 727 3717 796 γὰρ

2132 804 2333 873 χρυσὸς
2365 807 2423 857 ὲν
2471 809 2824 880 χωνευτηρίῳ
2854 808 3205 883 καθαίρεται,
3249 812 3394 867 οὕτω
3425 818 3520 870 καὶ
3565 817 3719 887 ψυχὴ

2131 895 2220 948 διὰ
2259 895 2565 965 φλογὼδους
2594 899 2696 969 τῆς
2743 900 2979 971 θλίψεως
3023 904 3123 974 τὴν
3160 905 3300 958 ίδίαν
3340 908 3718 977 ἀναλαμϐάνει

2134 989 2533 1060 λαμπρότητα’
2572 991 2922 1062 φοϐηθῶμεν,
2979 994 3221 1063 ἀδελφοὶ,
3282 998 3493 1068 μήποτε
3540 1001 3718 1068 ρυπά-

2132 1100 2325 1146 ναντες
2346 1083 2445 1153 τὴν
2488 1083 2709 1154 πρώτην
2740 1086 2834 1138 καὶ
2861 1086 3122 1156 δευτέραν
3157 1088 3371 1156 στολὴν,
3400 1089 3469 1159 ἦν
3501 1091 3590 1145 διὰ
3621 1092 3717 1145 τοῦ

2138 1174 2514 1244 βαπτίσματος
2564 1176 2657 1228 καὶ
2702 1179 2800 1246 τῆς
2853 1180 3145 1246 μετανοίας
3182 1179 3577 1251 ὲνεδυσάμεοα,
3630 1185 3724 1237 ὲκ-

2137 1262 2424 1333 6ληθῶμεν
2447 1265 2539 1317 τοῦ
2568 1266 2847 1335 ἀκηράτου
2874 1267 2965 1319 καὶ
2998 1268 3322 1335 φωτοειδοῦς
3352 1271 3561 1323 ἐκείνου
3586 1290 3726 1341 νυμο

2141 1358 2337 1425 φῶνος,
2400 1360 2494 1412 καὶ
2542 1361 2574 1429 ἡ
2649 1363 2806 1429 μερὶς
2854 1359 3014 1430 ἡμῶν
3068 1363 3209 1430 μετά
3253 1362 3360 1415 τῶν
3409 1364 3721 1436 ὑποκριτῶν

2138 1449 2412 1519 δαιμόνων
2449 1450 2765 1521 τεθήσεται.
2798 1446 2875 1504 Ἦ
2921 1453 3029 1521 γὰρ
3064 1453 3165 1523 οὐχ
3193 1453 3490 1523 ὑποκριταὶ
3523 1457 3572 1508 οί
3616 1458 3723 1527 ἀρα

2142 1541 2388 1610 χέκακοι,
2434 1541 2485 1594 οἳ
2538 1541 2730 1605 σκότος
2777 1541 2969 1606 ὄντες,
3010 1542 3072 1595 τδ
3125 1543 3240 1612 φῶς
3291 1545 3720 1615 ὑποκρίνονταις

2154 1631 2495 1702 Ἑλπίσωμεν
2549 1634 2644 1686 ἐπὶ
2692 1634 2783 1687 τὸν
2842 1634 3218 1705 εὐδοκήσαντα
3267 1637 3359 1690 διὰ
3418 1638 3724 1708 πυρώσεως

2144 1720 2408 1774 ἑκουσίων
2435 1720 2469 1789 ἢ
2500 1721 2772 1775 ἀκουσίων
2803 1723 3179 1794 πειρατηρίων
3225 1727 3555 1797 χαρίσασθαι
3594 1730 3726 1799 ἡμῖν

2143 1811 2550 1883 τδ”καθάρσιον.
2580 1812 2659 1868 Οὐ
2690 1817 2899 1885 χρονιεῖ
2933 1817 2964 1885 ὴ
2999 1816 3180 1880 ἐλπὶς,
3214 1820 3308 1871 καὶ
3351 1820 3725 1889 καταλήψεται

2145 1907 2178 1975 ἡ
2208 1907 2304 1975 τῆς
2341 1905 2667 1977 προσδοκίας
2694 1907 3010 1972 ὑπόστασις.
3040 1910 3151 1961 Καὶ
3180 1910 3301 1963 τότε
3334 1912 3725 1985 ἀποκαλυφθή-

2146 2016 2304 2051 σεται
2340 2001 2368 2051 ὁ
2412 2000 2759 2071 μακαρισμὸς
2803 2001 2911 2053 τῶν
2938 2002 2995 2054 ὲν
3034 2002 3280 2075 ὑπομονῇ
3326 2006 3724 2073 πυρωθέντων·

2143 2086 2204 2144 οὗ
2237 2091 2446 2159 γένοιτο
2472 2093 2681 2157 πάντας
2708 2093 2855 2163 ημᾶς
2894 2095 3166 2164 ἐπιτυχεῖν
3191 2096 3249 2149 ὲν
3285 2096 3509 2169 Χριστῷ
3555 2097 3727 2165 Ἰησοῦ

2142 2184 2221 2251 τῷ
2262 2185 2451 2256 Κυρίῳ
2482 2185 2640 2255 ἡμῶν
2665 2202 2680 2216 ο
2713 2178 2809 2256 ᾧή
2841 2186 2965 2251 δόξα
2994 2187 3087 2239 καὶ
3108 2185 3169 2238 τὸ
3193 2186 3397 2255 κράτος
3426 2188 3521 2241 καὶ
3564 2206 3728 2260 προσ-

2145 2272 2395 2342 κύνησις,
2443 2273 2541 2325 σὺν
2587 2272 2663 2341 τῷ
2706 2274 2927 2343 ἁνᾰιρχῳ
2975 2273 3151 2345 [ἰατρὶ
3200 2277 3293 2328 καὶ
3346 2275 3426 2347 τῷ
3479 2279 3732 2349 παναγίῳ

466 2352 575 2406 que
639 2342 873 2410 S‘piritu,
902 2359 1050 2401 nunc
1075 2355 1130 2403 et
1166 2363 1386 2421 semper
1412 2361 1469 2408 et
1495 2353 1550 2409 in
1595 2357 1793 2412 saecula
1820 2359 2049 2414 saaculo-

2148 2362 2241 2414 καὶ
2269 2361 2460 2433 ἀγαθῷ
2497 2364 2594 2416 καὶ
2634 2342 3225 2435 ζωοποιῷνῐῐνεύματι,
3257 2365 3354 2422 νῦν
3392 2342 3485 2421 καὶ
3511 2370 3599 2423 ἀεὶ

467 2445 608 2483 runt.
641 2432 837 2489 Amen.

2149 2454 2229 2516 εἰς
2252 2454 2376 2515 τοὺς
2407 2455 2608 2519 αἰῶνας
2638 2456 2745 2508 τῶν
2770 2455 3003 2509 αἰώνων.
3049 2457 3243 2528 Ἀμήν.

473 2641 3723 2709 MM

1066 2673 1072 2674 ,
1189 2673 1204 2674 κ
1229 2673 1835 2696 ὴνκῄ-ῄ--ῗ

3459 2699 3717 2710 ——-

1782 2830 1955 2876 ANNO
2004 2832 2225 2878 DOMlNI
2284 2836 2459 2881 MXCI.

1729 3017 2492 3196 NICON

1275 3338 1714 3401 MONACHUS
1771 3342 2252 3405 llAlTHENSlS
2317 3349 2390 3407 IN
2443 3350 2933 3415 PALJESTINA.

1850 3681 2394 3771 NOTI'I‘IA.

1186 3873 1516 3940 (Corchm,
1543 3874 1852 3928 Hommwuta
1885 3873 2115 3928 Ecclesia:
2143 3878 2345 3937 ert‘a',
2379 3882 2493 3927 tom.
2539 3876 2622 3937 Ill,
2653 3877 2763 3937 645,
2785 3876 2833 3927 iu
2863 3876 3036 3939 nolis.)

2107 4056 2177 4071 —

559 4185 731 4242 Nicon
764 4188 867 4243 iste
904 4188 1044 4241 alius
1071 4201 1196 4244 esse
1230 4186 1445 4243 videtur
1476 4202 1507 4243 a
1541 4201 1743 4258 magno
1780 4185 1875 4242 illo
1908 4187 2117 4242 Nicone
2154 4188 2423 4242 monacho
2466 4187 2744 4252 Armenio,
2778 4188 3163 4242 Armeniorum
3198 4198 3254 4244 et
3279 4188 3627 4247 Cretensium
3657 4208 3759 4259 per

492 4278 761 4330 decimum
795 4275 1200 4332 Cltristiauismi
1231 4277 1497 4331 saeculum
1542 4276 1811 4347 apostolo,
1838 4276 1999 4346 cujus
2029 4275 2097 4344 (si
2128 4275 2264 4331 tides
2299 4276 2432 4330 viris
2455 4274 2655 4343 doctis)
2707 4275 2760 4328 iu
2798 4275 2904 4328 line
2960 4275 3325 4340 Balsamonis,
3365 4293 3577 4333 necnon
3610 4288 3652 4333 t.
3687 4278 3757 4333 lll

492 4362 844 4418 Bibliotheca!
894 4361 1139 4428 Patrum,
1189 4371 1364 4419 exstat
1405 4362 1599 4419 Latine
1651 4363 2015 4435 fragmentum
2061 4378 2129 4418 ex
2160 4361 2391 4433 cpistola
2423 4364 2488 4417 ad
2546 4360 2868 4419 Enclistium
2909 4362 3074 4433 (forte
3120 4362 3442 4431 Eucliuum,
3493 4367 3758 4434 Ἐγκλει-

497 4466 641 4515 στον,
673 4449 968 4522 Inclusum)
991 4466 1115 4507 cum
1157 4451 1339 4507 libello
1377 4460 1567 4507 contra
1597 4454 1959 4508 Armenorum
1991 4467 2229 4513 errores,
2281 4467 2445 4520 quem
2491 4450 2678 4507 Graece
2715 4452 2767 4506 in
2806 4452 2979 4507 lucem
3013 4453 3171 4508 emisi
3209 4454 3275 4508 ad
3324 4455 3764 4513 Constitutiones

496 4538 827 4608 apostolicas
875 4538 971 4593 lib.
1025 4555 1085 4603 ιι,
1133 4554 1255 4609 cap.
1283 4539 1373 4593 24.
1412 4539 1754 4609 Coniectum
1802 4541 1945 4595 ratio
1993 4549 2102 4602 est,
2145 4540 2289 4608 quod
2326 4538 2498 4593 Nicon
2547 4547 2734 4593 noster
2778 4538 3022 4609 proferat
3062 4541 3151 4593 hic
3199 4541 3378 4597 locum
3439 4544 3640 4610 prioris
3670 4545 3762 4599 ln—

497 4628 723 4682 vectiva:
772 4629 945 4682 Isaaci
977 4626 1246 4683 Catholici
1285 4629 1547 4683 adversus
1594 4630 1884 4695 Armenes,
1929 4643 2052 4698 cap.
2098 4629 2184 4690 l3,
2224 4628 2438 4683 tametsi
2490 4626 2728 4690 labante,
2784 4627 3001 4697 opinor,
3052 4629 3343 4692 memoria,
3400 4632 3504 4686 sub
3537 4635 3766 4690 nomine

496 4712 725 4771 Joannis
755 4714 957 4771 Νίσαιηί
984 4715 1214 4784 cpistola
1248 4716 1313 4769 ad
1353 4714 1675 4771 Zachariam
1718 4715 2070 4771 catholicum.
2116 4714 2370 4770 Florehat
2395 4725 2578 4770 autem
2626 4713 2774 4770 Isaac
2806 4716 3011 4771 sacculo
3048 4716 3396 4785 duodecimo,
3432 4721 3770 4791 octingentis

498 4819 693 4875 nempe
721 4805 880 4860 annis
915 4813 1039 4873 post
1090 4802 1324 4860 mortem
1361 4803 1729 4868 Constantini,
1762 4812 1821 4859 ut
1859 4803 1974 4872 ipse
2005 4803 2083 4858 ait
2110 4818 2230 4871 cap.
2290 4804 2375 4857 M.
2409 4803 2631 4859 Accedit
2666 4803 2773 4858 huc
2807 4804 3106 4859 auctoritas
3141 4805 3308 4861 unius
3335 4822 3368 4861 e
3410 4807 3586 4864 tribus
3626 4824 3766 4864 mss.

499 4893 707 4963 Regiis,
738 4896 791 4949 iu
816 4911 926 4962 quo
942 4894 1109 4950 Nicon
1139 4894 1226 4949 hic
1244 4897 1549 4950 monachus
1564 4891 1889 4949 Palmstinus
1917 4902 2180 4957 vocatur;
2213 4893 2340 4946 item
2371 4892 2618 4956 alterius,
2646 4892 2738 4960 qui
2770 4892 2900 4946 olim
2934 4892 3091 4956 I526,
3116 4909 3263 4948 nunc
3279 4894 3442 4954 3M7,
3477 4895 3516 4949 l‘.
3543 4895 3633 4958 66,
3671 4896 3770 4951 ubi

502 4984 752 5047 habetur,
780 4982 890 5039 Τοῦ
908 4986 1208 5039 ὀσιωτάτου
1237 4984 1486 5047 Νίκωνος
1518 4983 1752 5054 μοναχοῦ
1781 4984 1882 5053 τῆς
1906 4984 2076 5053 μονῆς
2095 4984 2193 5051 τῆς
2219 4979 2407 5047 ’Λγίας
2437 4979 2699 5034 Θεοτόκου
2735 4979 2835 5048 τῆς
2870 4978 3089 5033 Ῥαιθοῦ
3123 4979 3331 5047 εἴδησις
3354 4982 3483 5051 περὶ
3507 4984 3605 5050 τῆς
3624 5001 3773 5037 παν-

503 5073 703 5125 σέπτου
731 5070 984 5139 νηστείας
1012 5071 1114 5139 τῆς
1134 5072 1403 5139 παναγίας
1417 5070 1680 5126 Θεοτόκου
1716 5072 1812 5125 καὶ
1831 5070 2195 5140 ἀειπαρθένου
2225 5068 2463 5138 Μαρίας.
2498 5068 2617 5139 Χρὴ
2642 5068 2863 5131 εἰδέναι,
2890 5068 2971 5120 ὅτι
3003 5068 3035 5135 ἡ
3059 5066 3160 5136 τῆς
3181 5067 3537 5136 ῦπερενδόξου
3574 5071 3774 5124 Θεοτὸ-

504 5177 601 5213 κου
635 5160 859 5228 νηστεία
881 5160 946 5214 οὐ
970 5159 1112 5214 κατὰ
1129 5159 1282 5227 τάξιν
1316 5159 1611 5230 ἐγγράφως
1634 5162 1812 5214 κεῖται
1844 5160 1924 5222 εἰς
1956 5157 2018 5211 τὸ
2040 5156 2216 5226 παρὸν
2250 5155 2503 5212 τυπικὸν.
2538 5163 2642 5209 etc.
2672 5152 2738 5207 Et
2769 5169 2917 5215 mox,
2938 5152 3051 5218 Τὰς
3085 5154 3391 5225 μαρτυρίας
3419 5155 3652 5227 ἀλλαχοῦ
3692 5162 3777 5219 εἰς

507 5246 691 5315 ἕτερον
720 5244 1062 5316 σύγγραμμα
1094 5246 1153 5299 ὲν
1185 5245 1265 5315 τῷ
1296 5245 1488 5318 βιϐλίῳ
1533 5248 1643 5300 τῶν
1669 5246 1978 5319 ἐρμηνειῶν
2001 5246 2112 5298 τῶν
2136 5243 2368 5297 ἐντολῶν
2396 5241 2490 5294 τοῦ
2527 5241 2734 5312 Κυρίου
2767 5239 3084 5310 ἑξεθέμεθα.
3142 5242 3318 5308 Quam
3367 5243 3600 5312 εἴδησιν,
3636 5260 3681 5300 SI
3719 5248 3775 5300 in

509 5343 753 5401 tempore
782 5333 1131 5398 occurrisset,
1163 5334 1266 5390 hoc
1296 5336 1416 5390 ioco
1446 5334 1832 5391 edidissemus.
1872 5335 2140 5391 Caeterum
2168 5347 2199 5387 a
2228 5330 2409 5386 Leone
2439 5330 2654 5394 Allatio,
2691 5329 2853 5399 cujus
2890 5327 3186 5398 diligentia,
3215 5330 3574 5401 improboque
3597 5333 3777 5388 labori

474 5442 481 5447 -
510 5421 743 5490 plurima
778 5421 1040 5476 debemus
1065 5419 1381 5478 Graecinum
1413 5424 1912 5479 ecclesiasticarum
1941 5422 2274 5492 scriptorum
2309 5419 2634 5489 fragmenta,
2670 5417 2745 5472 De
2774 5418 3101 5487 purgatorio,
3155 5427 3287 5481 etc.,
3322 5434 3379 5488 p.
3421 5419 3544 5487 756,
3576 5420 3777 5476 lauda—

511 5522 600 5565 tur
628 5509 687 5565 S.
729 5508 899 5564 Nicon
934 5511 986 5563 in
1037 5508 1454 5567 Nan-titionibus
1483 5513 1754 5569 asceticis.
1791 5511 2001 5577 Οιΐειιιιίί
2030 5510 2233 5580 pariter
2260 5510 2315 5562 in
2354 5506 2618 5576 opusculo
2645 5520 2793 5560 nunc
2824 5504 3050 5569 inedito,
3087 5504 3242 5570 olim,
3277 5506 3321 5561 si
3364 5506 3509 5562 Deus
3539 5507 3776 5573 dederit,

507 5599 740 5661 edendo,
772 5599 846 5652 De
883 5599 1081 5655 celebri
1132 5599 1432 5669 schismate
1458 5600 1529 5654 ob
1576 5599 1875 5667 Josephum
1898 5586 2083 5669 'prcsb}

2139 5613 2308 5661 erum,
2364 5597 2479 5650 haec
2520 5594 2709 5657 verba,
2755 5586 2943 5646 Ταῦτα
2982 5592 3210 5664 εὓρηται
3252 5596 3310 5645 ἑν
3360 5594 3439 5664 τῷ
3491 5596 3587 5648 τοῦ
3615 5597 3778 5663 ἁγίου

516 5687 762 5749 Νίκωνος
790 5686 1026 5758 δευτέρῳ
1056 5686 1266 5757 βιϐλίῳ,
1318 5668 1510 5759 ἐν”μιᾷ
1536 5688 1801 5742 Μεθοδίου
1860 5668 2083 5739 ἐπιστολ

2139 5704 2183 5739 ν.
2214 5685 2269 5739 ld
2301 5693 2406 5750 est,
2442 5682 2567 5737 Hth
2610 5683 2949 5735 inveniuntur
2986 5683 3040 5735 iu
3073 5698 3109 5736 ιι
3146 5680 3205 5736 S.
3262 5680 3488 5738 Niconis
3523 5682 3682 5745 libro,
3722 5685 3779 5736 in

520 5791 622 5827 tum
665 5791 729 5829 ex
774 5774 1027 5840 lfpistolt's
1079 5773 1373 5838 Methodii;
1410 5776 1503 5845 qui
1551 5775 1741 5845 procul
1787 5775 1955 5828 dubio
1983 5782 2068 5829 est
2121 5781 2357 5829 noster:
2398 5769 2519 5839 ejus
2561 5770 2709 5823 enim
2757 5766 3062 5823 Pandeetcs
3108 5768 3176 5822 tle
3226 5768 3776 5839 interpretationibus

521 5863 899 5920 mandatorum
926 5865 1259 5935 divinorum,
1295 5864 1567 5936 capitibus
1600 5864 1689 5931 65,
1739 5862 2000 5918 dividitur
2030 5862 2086 5917 in
2116 5862 2255 5918 duos
2287 5860 2457 5915 libros
2503 5856 2628 5914 cod.
2662 5856 2831 5926 llcgio
2876 5854 3042 5922 eam,
3078 5855 3377 5927 incipitque
3409 5856 3544 5911 liber
3576 5871 3779 5912 secun-
