4104 6446
358 445 473 510 529

1513 445 1612 505 DE
1656 433 1982 506 JEJUNIO
2023 442 2126 504 SS.
2172 440 2549 505 DEIPMUE:

3541 443 3647 507 530

359 557 664 618 λίσσοντες
709 556 944 624 ταύτην,
973 555 1208 626 ἔχουσιν,
1241 555 1316 617 ὡς
1358 555 1708 625 προείρηται,
1750 556 1813 606 ἐκ
1850 553 1957 605 τῶν

2072 554 2374 609 testimonia
2415 571 2477 608 ex
2517 555 2714 612 divinis
2747 557 2978 627 Scriptis
3027 567 3654 627 sumpta,prmtereaque

364 651 534 702 θείων
581 649 823 718 Γραφῶν
871 649 1199 719 μαρτυρίας,
1234 649 1628 718 ἀκριϐέστερον
1662 649 1716 700 δὲ
1752 648 1831 710 είς
1863 645 1960 710 τὰς

361 739 568 802 λοιπὰς
592 739 995 808 νενομισμένας
1024 738 1279 808 νηστείας
1308 737 1654 806 εὑρίσκονται
1683 737 1963 806 διακείμεο

366 852 478 897 νοι,
515 833 611 886 καὶ
641 831 761 902 μετ’
804 832 1019 894 εὐνοίας
1051 831 1418 899 φυλάττοντες
1453 831 1678 894 ταύτας.
1711 832 1773 884 Ol
1798 831 1853 884 δὲ
1888 830 1962 901 μὴ

362 927 654 995 δεχόμενοι
690 924 922 993 ταύτην,
955 924 1049 977 καὶ⁵
1085 925 1319 994 μάλιστα
1369 924 1575 994 ταύτης
1620 923 1962 994 κατηγοροῦ-

371 1035 486 1079 σιν,
537 1016 662 1070 οὗτε
725 1016 1035 1086 μαρτυρίαν
1081 1018 1201 1068 τι.νά
1249 1015 1528 1088 γραφικὴν
1573 1016 1960 1086 είσδεχόμενοι.

364 1108 496 1160 οὔτε
552 1109 715 1161 πάλιν
747 1107 1122 1176 εἰσφέροντες,
1160 1106 1275 1160 ἀλλ’
1315 1107 1500 1170 ἁπλῶς
1552 1107 1714 1160 πάλιν
1757 1106 1962 1176 ταύτην

365 1201 800 1271 ἀναπολογήτως
830 1202 1292 1271 ἀποστρέφονται.
1326 1202 1547 1272 Ἕτεροι
1580 1202 1637 1255 δὲ
1689 1201 1852 1254 πάλιν
1882 1201 1961 1254 οἴ-

363 1310 521 1356 τινες
575 1294 672 1346 καὶ
721 1293 1084 1362 ὁμολογοῦσιν
1145 1294 1339 1364 αὐτὴν,
1400 1295 1462 1348 οὐ
1519 1295 1854 1364 φυλάττουσι
1902 1292 1960 1345 δὲ

363 1388 529 1448 ὅλως,
588 1386 688 1437 οὐκ
725 1386 908 1453 ἔχουσί
963 1403 1087 1439 τινα
1142 1386 1453 1457 μαρτυρίαν
1508 1387 1790 1457 γραφικὴν
1839 1386 1961 1439 οὐδὲ

363 1471 546 1538 οὗτοι,
580 1478 634 1530 ἀῖ
648 1477 696 1529 λ’
725 1477 756 1547 ἢ
784 1477 947 1532 τοῦτο
984 1480 1145 1548 μόνον
1186 1479 1453 1548 ἀγράφως
1489 1481 1621 1548 ἡμῖν
1652 1481 1794 1532 κατᾶ
1825 1497 1964 1548 συμ-

361 1568 572 1638 ϐουλὴν
609 1567 962 1637 παραινοῦσι.
1007 1569 1144 1632 Φασὶ
1176 1567 1286 1638 γάρ
1318 1569 1401 1620 ὅτι
1436 1567 1644 1629 Πολλὰς
1684 1566 1962 1635 νηστείας,

364 1665 472 1716 οὐκ
508 1666 570 1715 ἐκ
617 1663 967 1734 παραδόσεως
1001 1663 1162 1716 θείων
1213 1663 1479 1725 κανόνων,
1533 1662 1649 1716 ἁλλ’
1686 1665 1750 1715 ἐκ
1795 1679 1962 1732 συνη-

361 1757 527 1817 θείας
558 1755 725 1808 τινῶν
753 1757 850 1810 καὶ
876 1758 941 1808 ὲκ
971 1756 1222 1826 διαδοχῆς
1245 1757 1326 1818 εἰς
1359 1759 1512 1818 τινάς
1542 1754 1728 1826 χώρας
1759 1754 1962 1822 φυλάτ-

363 1867 414 1901 τ-
432 1848 562 1902 σθςι
593 1849 925 1920 εὑρίσκομεν
945 1866 959 1879 ·
982 1849 1044 1902 οὐ
1067 1849 1224 1921 κακῷ
1245 1849 1301 1902 δὲ
1326 1849 1594 1918 λογισμῷ,
1619 1848 1754 1902 ἀλλὰ
1782 1847 1962 1900 πίστει

369 1942 466 1994 καὶ
515 1941 708 2011 ἀγάπῃ
740 1941 906 1994 τινῶν
954 1941 1210 2010 μεγάλων
1255 1941 1428 2010 ἁγίων
1475 1941 1962 2011 προαγνιζομένων

361 2033 479 2084 τῶν
516 2033 908 2100 νηστευόντων.
937 2033 1025 2084 ἵνα
1058 2033 1317 2104 καθαρῶς
1349 2035 1469 2096 ταῖς
1493 2031 1705 2085 ἑαυτῶν
1748 2033 1961 2106 ἑορταῖς

365 2125 754 2194 ὑπαντήσωσι.
790 2124 872 2178 Τά
922 2125 982 2183 δὲ
1026 2122 1250 2178 τοιαῦτα
1303 2127 1404 2178 οὐκ
1453 2125 1838 2196 ἐπιτρέπονται
1868 2123 1964 2176 ἐπὶ

367 2217 597 2270 πάντων
636 2213 1030 2286 παραδίδοσθαι
1079 2218 1160 2279 είς
1215 2216 1278 2268 τὸ
1315 2215 1516 2280 κοινὸν,
1567 2214 1687 2270 ἀλλ’
1716 2218 1744 2268 ὁ
1772 2215 1963 2278 καθεὶς

343 2311 439 2372 νὼς
483 2313 842 2379 προαιρεῖται
881 2309 975 2362 καὶ
1007 2309 1295 2379 βούλεται·
1337 2311 1498 2380 μόνον
1531 2310 1608 2381 μὴ
1642 2311 1965 2381 κεκωλυμέ-

343 2417 453 2453 νον
484 2400 632 2453 ἔστω
668 2399 823 2470 παρὰ
851 2399 961 2452 τῶν
1004 2400 1165 2454 θείων
1202 2401 1491 2474 Πατὲρων·
1532 2396 1700 2472 οἷονή
1741 2403 1967 2473 νηστεία

362 2491 459 2540 τοῦ
531 2488 972 2560 Ἀρτζιὸουρίου,
1039 2489 1072 2558 ἢ
1124 2489 1218 2543 τοῦ
1271 2490 1728 2561 Δωδεκαημέρου,
1782 2491 1814 2562 ἢ
1866 2492 1967 2561 τῆς

362 2583 628 2652 τετράδος
657 2583 761 2635 καὶ
790 2599 1148 2655 παρασκευης
1176 2583 1290 2654 τῆς·
1312 2585 1651 2654 τυροφάγου,
1687 2587 1782 2639 καὶ
1808 2585 1968 2641 ἄλλαι

362 2675 480 2726 τῶν
518 2675 818 2744 αἱρετικῶν
841 2675 929 2729 διά
961 2675 1164 2748 [φοροι]
1205 2679 1473 2747 νηστεῖαι.
1511 2678 1600 2731 Ἑν
1633 2681 1754 2742 ταῖς
1782 2679 1967 2733 τοιαύ-

370 2785 495 2831 ταις
525 2771 634 2837 γὰρ
662 2769 945 2838 νηστείαις
978 2771 1077 2839 οὐχ
1107 2769 1296 2833 ἁπλῶς
1329 2772 1379 2823 οί
1427 2771 1701 2842 αίρετικοὶ
1729 2772 1964 2842 νηστεύ-

387 2876 542 2910 ουσιν
569 2904 581 2921 ,
612 2860 724 2912 ἀλλ’
766 2860 1032 2931 αἱρετικῷ
1081 2861 1336 2932 δόγματι,
1375 2863 1471 2914 καὶ
1519 2861 1624 2927 ἔξω
1653 2862 1754 2931 τῆς
1797 2862 1967 2916 καθοη

381 2949 549 3019 λεκῆς
585 2951 911 3020 Ἐκκλησίας
944 2953 1353 3022 συμμιγνύντες
1379 2953 1679 3022 παράδοσιν
1699 2969 1712 2983 ·
1741 2954 1837 3006 καὶ
1867 2955 1967 3007 οὐκ

377 3045 729 3114 ἓξεστινὴμῖν
745 3044 814 3097 τὰ
840 3044 1065 3097 ἐκείνων
1084 3047 1142 3097 ἐν
1165 3049 1278 3108 τοῖς
1293 3044 1577 3108 τοιούτοις.
1600 3043 1736 3114 Περὶ
1757 3045 1858 3114 τῆς
1878 3063 1970 3117 νη-

373 3155 403 3189 σ
416 3137 562 3198 τείας
577 3137 678 3204 τῆς
693 3136 1228 3200 Θεοτόκου,τοιοῦτον
1247 3138 1362 3191 οἴδα
1370 3155 1470 3208 μεν
1485 3137 1707 3208 τρόπον.
1729 3137 1789 3190 Ἠ
1805 3139 1968 3207 ἑορτὴ

2068 650 2132 702 ad
2163 650 2368 720 reliqua
2399 649 2663 704 solemnia
2683 650 2887 720 jejuuia
2919 649 3092 705 seduli
3124 650 3296 720 magis
3321 665 3382 704 ae
3417 651 3652 720 prompti

2069 742 2437 810 reperiuntur,
2497 758 2670 812 eaque
2727 741 2958 796 libenter
3019 751 3303 812 peragunt.
3357 740 3460 807 Qui
3521 756 3654 795 vero

2067 849 2411 904 nequaquam
2447 835 2762 899 admittunt,
2803 833 2912 888 imo
2960 834 3197 887 maxime
3230 839 3516 895 accusant,
3553 848 3656 887 nec

2067 921 2235 975 ullum
2274 924 2541 992 scriptum
2594 923 2967 978 testimonium
3023 924 3375 990 recipientes,
3402 938 3500 977 nec
3535 921 3654 977 vice

2066 1027 2221 1068 versa
2257 1013 2568 1080 alferentes,
2601 1025 2805 1070 temere
2834 1017 3011 1069 adhuc
3053 1016 3171 1068 sine
3207 1022 3466 1083 prmtextu
3509 1013 3654 1084 jeju-

2067 1106 2216 1160 nium
2257 1107 2388 1162 illud
2417 1120 2766 1164 aversantur.
2797 1107 2964 1163 Tertii
3006 1108 3243 1178 denique
3274 1107 3367 1176 qui
3404 1106 3649 1176 agnitum

2068 1215 2414 1269 nequaquam
2449 1201 2706 1265 retinent,
2735 1218 2910 1270 neque
2954 1201 3054 1272 ipsi
3089 1201 3308 1269 aliquod
3345 1200 3654 1269 producunt

2066 1293 2272 1360 scripto
2319 1294 2576 1346 traditum
2627 1294 3028 1358 testimonium,
3059 1309 3246 1347 verum
3276 1308 3341 1346 eo
3381 1291 3651 1354 destituti,

2066 1385 2170 1438 hoc
2199 1387 2466 1439 duntaxat
2499 1388 2656 1442 nobis
2695 1396 2755 1441 ut
2793 1387 3082 1442 consilium
3116 1386 3368 1448 tradunt;
3398 1385 3477 1439 sic
3505 1383 3651 1437 enim

2065 1468 2367 1543 loquuntur
2396 1493 2409 1528 :
2441 1473 2609 1529 Multa
2640 1475 2866 1542 jejunia,
2907 1492 3012 1530 non
3042 1493 3108 1530 ex
3141 1477 3450 1530 divinorum
3486 1491 3655 1530 cano-

2067 1581 2194 1618 num
2225 1565 2538 1630 traditione,
2571 1567 2663 1621 sed
2689 1583 2783 1636 per
2804 1566 3172 1637 quorumdam
3201 1566 3487 1620 hominum
3521 1580 3655 1619 eon-

2066 1658 2436 1722 suetudinem,
2495 1667 2660 1728 atque
2713 1675 2776 1714 ex
2837 1661 3209 1725 successione,
3259 1659 3539 1713 nonnullis
3597 1659 3650 1710 in

2067 1750 2381 1820 regionibus
2434 1753 2716 1808 observari
2771 1755 3111 1822 reperimus;
3161 1753 3289 1806 dum
3345 1766 3454 1806 non
3510 1752 3654 1805 mala

2068 1852 2271 1910 mente,
2311 1851 2368 1898 at
2426 1844 2529 1898 ﬁde
2580 1859 2644 1899 ac
2693 1860 2878 1900 amore
2927 1860 3054 1915 erga
3109 1842 3376 1913 quosdam
3427 1856 3656 1912 magnos

1997 1914 2036 1968 Β
2063 1941 2311 1999 sanctos,
2342 1933 2379 1987 ii
2412 1935 2504 2004 qui
2529 1933 2782 2003 jejunant
2821 1914 3260 2005 prmpurgantur,
3289 1947 3348 1989 ut
3401 1947 3526 1986 eum
3552 1947 3656 2000 pu-

2067 2028 2228 2082 ritate
2257 2027 2322 2082 ad
2363 2043 2552 2083 eorum
2586 2028 2718 2083 lesta
2768 2030 3106 2099 perveniant.
3131 2028 3264 2095 Quae
3293 2043 3456 2098 porro
3503 2027 3656 2096 ejus-

2067 2120 2214 2175 modi
2257 2129 2405 2184 sunt,
2468 2136 2573 2175 non
2629 2104 3020 2190 permittuntur
3070 2123 3121 2176 in
3171 2114 3463 2176 coimnune
3512 2120 3655 2174 tradi

2067 2214 2210 2283 apud
2247 2222 2499 2281 cunctos,
2537 2231 2661 2269 cum
2710 2216 3089 2284 nuuSquisque
3145 2229 3306 2284 prout
3362 2214 3556 2269 statuit
3587 2229 3653 2268 ac

2065 2306 2184 2360 vult
2240 2318 2405 2376 agat;
2441 2307 2740 2360 dummodo
2780 2321 2885 2360 non
2939 2306 3009 2362 sit
3063 2322 3094 2361 a
3144 2306 3346 2361 divinis
3397 2305 3653 2360 Patrihus

2069 2399 2450 2469 prohibitum;
2501 2400 2664 2470 quale
2709 2407 2793 2453 est
2823 2397 3094 2469 jejunium
3154 2398 3478 2461 Artziburii,
3525 2397 3652 2451 item

2070 2489 2496 2555 Dodecaemeri,
2547 2490 2630 2543 vel
2685 2491 2914 2544 t-etradis
2965 2499 3020 2544 et
3072 2503 3399 2559 parasceves
3451 2487 3658 2542 hrbth-

2071 2586 2244 2638 madaa
2297 2582 2608 2646 Lacticinii,
2643 2583 2907 2652 variaque
2953 2583 3058 2637 alia
3100 2577 3659 2649 haereticorumjejir

2069 2675 2181 2728 nia.
2215 2673 2341 2728 Haec
2370 2689 2610 2743 namque
2635 2673 2841 2744 jejunia
2889 2688 2994 2728 neu
3034 2673 3354 2742 simpliciter
3392 2680 3659 2740 usurpant

2071 2766 2336 2830 lneretici,
2368 2767 2463 2820 sed
2503 2767 2758 2821 haeretico
2787 2767 3062 2836 dogmate,
3089 2776 3253 2835 atque
3283 2772 3437 2819 extra
3469 2765 3658 2818 callio-

2069 2847 2229 2914 lieam
2265 2859 2570 2914 Ecclesiam
2597 2859 3022 2914 commisceules
3063 2859 3446 2924 traditionem;
3481 2873 3659 2926 neque

2074 2953 2127 3006 in
2169 2950 2486 3017 huiusmodi
2544 2951 2709 3005 rebus
2751 2951 2876 3006 licet
2911 2951 3068 3005 nobis
3097 2965 3286 3005 eorum
3337 2959 3487 3018 gesta
3536 2949 3660 3002 imi-

2074 3045 2194 3098 tari.
2230 3043 2304 3098 De
2321 3043 2534 3113 jejunio
2569 3042 2834 3112 Deiparae,
2868 3045 3013 3099 hunc
3045 3045 3099 3097 in
3129 3044 3348 3098 modum
3376 3043 3654 3097 novimus.

2075 3135 2298 3190 Festum
2332 3150 2459 3190 vero
2490 3135 3035 3204 Transiigurationis,
3061 3145 3114 3189 et
3145 3134 3343 3190 festum
3379 3132 3658 3190 Occursus

375 3227 432 3278 δὲ
460 3226 563 3295 τῆς
590 3228 1091 3297 Μεταμορφώσεως
1131 3229 1226 3280 καὶ
1253 3229 1352 3298 τῆς
1377 3227 1760 3298 ’Υπαπαντῆς,
1782 3228 1882 3281 οὐκ
1912 3231 1968 3294 ἐξ

2075 3228 2144 3281 ab
2173 3226 2327 3282 initio
2368 3229 2566 3282 tradita
2618 3244 2724 3282 non
2772 3227 2924 3283 l‘uere
2969 3244 3060 3294 per
3106 3236 3328 3283 sanctos
3357 3225 3657 3297 apostolos.

369 3318 554 3386 ἀρχῆς
595 3318 984 3387 παρεδόθησαν
1019 3319 1169 3389 παρά
1199 3318 1308 3371 τῶν
1340 3317 1511 3388 ἁγίων
1543 3320 1877 3384 ἀποστόλων,
1908 3323 1967 3374 ὲν

371 3410 632 3480 ὑστέροις
659 3409 716 3462 δὲ
741 3412 958 3480 καιροῖς
983 3411 1134 3482 παρά
1150 3411 1256 3463 τῶν
1274 3411 1434 3466 θείων
1460 3413 1745 3484 Πατέρων,
1766 3414 1859 3467 καὶ
1878 3414 1967 3468 διὰ

368 3505 432 3555 τ³ι
458 3503 690 3556 ἑστάναι
714 3502 810 3574 τὴν
840 3502 1034 3573 ἑορτὴν
1066 3505 1164 3572 τῆς
1197 3503 1691 3574 Μεταμορφώσεως
1709 3507 1904 3568 εἰςτὰς
1923 3503 1972 3569 ζ’

370 3595 470 3647 τοῦ
518 3595 839 3663 Αὐγούστου
886 3597 1080 3667 μηνός.
1126 3597 1493 3667 Ἑορτάζομεν
1542 3598 1598 3650 δὲ
1647 3599 1852 3669 ταύτην
1889 3601 1968 3663 εἰς

371 3689 436 3741 τὺ
469 3679 659 3740 κοινὸν
715 3690 811 3742 ἐπὶ
858 3689 1026 3760 μέσου
1061 3690 1274 3762 ἡμέρας
1329 3689 1515 3743 ὀκτώ·
1570 3692 1761 3744 τούτου
1807 3693 1970 3762 χάριν

372 3780 728 3850 καταλύομεν
771 3782 866 3834 ἐπὶ
906 3781 1072 3844 μέσου
1120 3784 1199 3845 εἰς
1233 3783 1292 3835 τὸ
1334 3783 1515 3836 κοινὸν
1564 3784 1664 3854 τὴν
1713 3785 1971 3855 τοιαύτην

373 3874 660 3940 νηστείαν.
702 3873 813 3927 Καὶ
856 3875 939 3927 ὅτι
971 3873 1154 3938 καθὼς
1195 3876 1290 3928 καὶ
1331 3875 1662 3946 προείρηται
1699 3877 1972 3947 περὶτῶν

377 3966 589 4034 ἑτέρων
620 3966 886 4036 νηστειῶν
919 3967 1028 4018 τῶν
1077 3967 1332 4037 μεγάλων
1375 3969 1571 4037 ἁγίων,
1603 3970 1971 4039 φυλάττεσθαι

376 4059 476 4108 καὶ
499 4057 712 4128 ταύτην
743 4058 832 4111 τὸν
857 4059 981 4112 καθ’
1012 4060 1108 4114 ἕνα
1139 4063 1212 4124 ὡς
1239 4061 1490 4132 βούλεται
1515 4063 1725 4127 ἔξεστιν
1751 4080 1765 4094 ο
1805 4066 1886 4128 είς
1911 4065 1972 4117 τὸ

377 4151 567 4203 κοινὸν
595 4151 651 4204 δὲ
682 4151 1027 4223 ἀνάρμοστόν
1050 4155 1166 4206 ἐστι
1201 4155 1619 4226 παραδίδοσθαι.
1659 4157 1771 4209 Καὶ
1798 4155 1974 4210 ταῦτα

348 4241 490 4308 τμὲν
531 4243 582 4294 oi
612 4244 731 4294 νυνὶ
774 4245 1016 4313 Πατέρες
1060 4247 1194 4314 ἡμῖν
1235 4245 1690 4314 συμϐουλεύουσι.
1736 4246 1972 4314 Λέγουσι

375 4335 438 4388 δὲ
471 4336 566 4388 καὶ
591 4334 888 4401 τοῦτο,ὄτι,
915 4335 1260 4408 Εὑρίσκομεν
1285 4341 1364 4401 είς
1390 4338 1450 4390 τὸ
1470 4339 1697 4391 tumsz
1725 4338 1835 4391 τῶν
1861 4354 1972 4407 με-

352 4421 570 4488 γάλων
629 4424 1010 4495 μοναστηρίων
1053 4425 1153 4495 τὴν
1209 4425 1406 4495 ἑορτὴν
1444 4428 1545 4495 τῆς
1587 4427 1972 4496 Μεταμορφώ-

380 4529 526 4574 σεως
549 4514 695 4566 ὀκτὼ
722 4516 935 4586 ἡμέρας
966 4517 1266 4586 ἑορτάζειν,
1300 4521 1392 4571 καὶ
1430 4515 1587 4582 αὖθις
1621 4520 1846 4572 ἑστᾶναι
1871 4519 1973 4585 τὴν

2077 3334 2263 3373 verum
2291 3335 2384 3389 per
2417 3327 2640 3374 sanctos
2661 3320 2851 3374 Patres
2883 3320 3277 3390 posterioribus
3297 3318 3655 3389 temporibus,

2074 3421 2132 3467 et
2189 3413 2336 3482 quod
2392 3412 2921 3482 Transﬁgurationis
2979 3413 3177 3468 festum
3226 3424 3382 3468 sexto
3454 3411 3661 3465 mensis

2076 3507 2307 3578 Augusti
2358 3506 2679 3562 celebretur.
2713 3508 2982 3562 Caeterum
3034 3507 3138 3563 hoc
3183 3505 3380 3560 festum
3417 3519 3665 3558 commu-

2081 3599 2225 3654 niter
2252 3598 2304 3652 in
2342 3599 2522 3653 medio
2548 3610 2671 3654 octo
2696 3599 2887 3654 diebus
2917 3600 3161 3669 agimus;
3199 3599 3432 3670 ideoque
3465 3597 3517 3650 in
3546 3611 3664 3650 me-

2077 3690 2170 3745 dio
2201 3692 2252 3744 in
2286 3706 2580 3746 commune
2619 3691 2889 3760 jejunium
2927 3691 3052 3746 illud
3089 3692 3374 3747 solvimus.
3409 3691 3477 3747 Et
3519 3693 3666 3748 sicut

2079 3785 2333 3852 superius
2379 3785 2580 3839 dictum
2641 3785 2739 3838 fuit
2772 3785 2838 3839 de
2883 3785 3006 3840 aliis
3054 3785 3279 3854 jejuniis
3333 3801 3661 3856 magnorum

2079 3887 2420 3940 sanctorum,
2457 3878 2560 3932 hoc
2599 3892 2818 3946 quoque
2846 3876 2938 3946 qui
2971 3878 3206 3931 voluerit
3249 3879 3449 3946 poterit
3477 3877 3669 3933 obser-

2079 3984 2245 4034 vare;
2278 3969 2330 4022 in
2385 3983 2676 4022 commune
2709 3976 2891 4022 tamen
2929 3968 3066 4022 tradi
3124 3982 3233 4020 non
3265 3967 3440 4021 decet.
3485 3967 3667 4037 Atque

2082 4063 2197 4117 haec
2228 4063 2399 4116 nostri
2440 4062 2703 4132 temporis
2739 4061 2930 4116 Patres
2967 4061 3126 4115 nobis
3160 4061 3413 4116 suadent.
3443 4061 3668 4117 Addunt

2079 4155 2242 4208 etiam
2277 4154 2421 4207 istud
2453 4152 2564 4206 :Ex
2607 4151 2812 4223 Typico
2847 4168 3166 4221 magnorum
3203 4153 3670 4207 monasteriorum

2080 4247 2344 4302 discimus
2385 4245 2578 4301 festum
2613 4246 3138 4316 Transligurationis
3183 4255 3308 4302 octo
3353 4246 3546 4303 (lienus
3572 4261 3668 4300 ce-

2083 4341 2314 4404 lebrare,
2351 4339 2639 4406 adhucque
2661 4339 2878 4393 instare
2925 4338 3166 4409 Deiparm
3195 4337 3394 4394 festum
3421 4355 3452 4409 ;_V
3477 4348 3547 4392 etv
3576 4355 3668 4409 ge-

2083 4433 2343 4486 neraliter
2373 4433 2426 4486 in
2464 4431 2645 4486 medio
2687 4440 2904 4486 tenetur
2928 4431 3199 4501 jejunium
3245 4431 3313 4485 ad
3350 4445 3665 4492 commune.

2083 4524 2196 4578 lloc
2226 4539 2390 4593 porro
2435 4525 2598 4578 aliam
2633 4539 2826 4579 rursus
2877 4524 3036 4578 nobis
3067 4523 3452 4595 cogitationem
3505 4524 3667 4580 indit.

378 4604 488 4670 τῆς
536 4603 806 4658 Θεοτόκου
847 4605 1067 4677 ἑορτὴν,
1114 4608 1208 4661 καὶ
1254 4609 1316 4660 οὐ
1362 4612 1622 4680 χωρείται
1671 4611 1968 4673 καθολικῶς

2085 4616 2366 4682 Siquidem
2423 4615 2926 4686 Hierosolymorum
2961 4615 3228 4687 'l'yplcnm
3279 4615 3556 4671 octo.-dics
3583 4616 3668 4670 fe-

379 4695 483 4746 ὲπὶ
517 4695 689 4763 μέσου
739 4700 966 4768 νηστεία
1007 4702 1086 4762 είς
1137 4701 1198 4753 τὸ
1238 4703 1438 4756 κοινόν.
1484 4702 1658 4757 Τοῦτο
1685 4703 1743 4756 δὲ
1786 4704 1978 4775 ἕτερον

381 4787 654 4858 λογισμὸν
690 4792 821 4860 ἡμῖν
859 4791 1105 4861 ἐντίθησι
1146 4793 1330 4847 πάλιν.
1367 4795 1478 4847 Καὶ
1508 4795 1616 4865 γὰρ
1658 4795 1768 4848 τῶν
1816 4797 1978 4866 Ἰερο-

383 4880 646 4950 σολύμων
697 4883 796 4952 μὲν
828 4883 889 4936 τὸ
937 4886 1195 4948 τυπικδν,
1251 4887 1468 4956 ἡμέρας
1509 4887 1656 4940 ὀκτὼ
1689 4889 1970 4958 ἐορτάζει’

380 4975 498 5026 τῶν
521 4973 579 5027 δὲ
605 4975 889 5039 Στονδίων,
918 4976 1223 5047 τέσσαρας·
1256 4980 1352 5048 τῆς
1377 4980 1432 5032 δὲ
1466 4980 1712 5050 μεγάλης
1747 4980 1977 5051 Ἐκκλη-

382 5068 513 5130 σίας
576 5069 934 5138 ’Δντιοχείας,
983 5072 1106 5141 ἦτοι
1153 5071 1250 5125 τοῦ
1303 5074 1649 5144 πατριάρχου
1700 5077 1727 5127 ὀ
1781 5075 1973 5140 τύπος,

385 5162 523 5231 μίαν
585 5163 804 5232 ἡμέραν
860 5165 1148 5234 ἑορτάζειο
1203 5165 1504 5220 καὶταῦτα
1553 5167 1607 5219 δὲ
1654 5168 1746 5220 καὶ
1791 5168 1977 5220 πολλοὶ

379 5256 594 5327 ταύτην
640 5256 968 5327 νηστεύουσι
1019 5260 1122 5328 τὴν
1173 5259 1427 5328 νηστείαν
1462 5261 1556 5312 καὶ
1613 5261 1977 5331 εὐγνωμόνως

383 5352 743 5420 φυλάττουσι,
802 5352 898 5406 καὶ
947 5354 1183 5424 μάλιστα
1237 5354 1346 5406 τῶν
1413 5355 1882 5422 γνωστικωτάτων
1926 5357 1975 5409 οἱ

385 5442 726 5513 προῦχοντες
779 5443 879 5511 τῆς
931 5444 1099 5513 αὐτῆς
1133 5444 1577 5513 μεγαλοπόλεως.
1618 5445 1816 5510 Καθὼς
1867 5447 1976 5518 γὰρ

384 5535 481 5588 καὶ
522 5537 893 5605 προείπομεν,
941 5539 1006 5589 ὲκ
1061 5536 1157 5590 τοῦ
1193 5537 1505 5604 Συνοδικοῦ,
1556 5539 1693 5610 ὅπερ
1726 5543 1821 5596 καὶ
1885 5542 1976 5596 ἐπὶ

383 5629 639 5699 ἆμὸωνος
669 5631 730 5684 ἐν
789 5627 866 5699 τῷ
916 5629 1296 5702 πατριάρχείῳ
1347 5631 1812 5700 ἀναγινώσκεται,
1877 5634 1976 5706 τὴν

384 5723 700 5796 μαρτυρίαν
731 5720 1109 5791 λαμϐάνοντες
1131 5739 1146 5754 ⁸
1187 5722 1236 5774 οἱ
1269 5721 1372 5792 μὲν
1404 5722 1499 5775 ἀπ’
1532 5724 1709 5794 ἀρχῆς
1733 5727 1833 5794 τὴν
1869 5727 1976 5779 Αὑ-

381 5815 608 5882 γοιὶστου
646 5816 831 5888 μηνὸς
888 5815 989 5885 τὴν
1019 5816 1276 5894 νηστείαν
1318 5815 1523 5888 ταύτην
1569 5818 1851 5889 κρατοῦσι,
1883 5820 1976 5873 καὶ

373 5908 455 5977 εἰς]
500 5910 606 5983 τὴν
655 5906 866 5981 ἑορτὴν
915 5907 1013 5980 τῆς
1059 5908 1559 5979 Μεταμορφώσεως
1616 5899 1971 5979 παταλύονσι,

2081 4717 2194 4762 stos
2225 4707 2408 4772 habet,
2441 4705 2619 4762 Studii
2649 4716 2922 4777 quatuor;
2957 4723 3144 4762 verum
3169 4723 3374 4775 magna:
3405 4705 3666 4761 Ecclesia:

2081 4801 2403 4861 Antiochize,
2433 4814 2529 4854 seu
2559 4800 2880 4869 patriarcha:
2917 4797 3102 4868 Typus
3137 4799 3358 4853 unicum
3399 4798 3540 4852 diem
3570 4815 3667 4855 cc-

2079 4893 2284 4962 lehrat;
2315 4892 2382 4946 ad
2413 4892 2530 4946 haec
2568 4891 2734 4948 etiam
2766 4891 2921 4947 multi
2955 4892 3058 4944 hoc
3086 4890 3354 4960 jejunium
3394 4901 3581 4962 agunt,
3613 4901 3668 4946 et

2080 4995 2232 5054 grate
2263 4992 2503 5048 servant,
2545 4985 2958 5054 praesertimque
2988 4984 3082 5052 qui
3133 4985 3184 5038 in
3211 5000 3270 5038 ea
3299 5000 3493 5054 magna
3532 4987 3669 5039 urbe

2080 5077 2224 5130 inter
2269 5076 2509 5132 maxima
2563 5076 2875 5148 cognitione
2910 5078 3165 5146 prmditos
3196 5077 3459 5132 eminent.
3507 5077 3668 5144 Nam,

2081 5171 2158 5224 uti
2199 5179 2356 5224 antea
2388 5171 2652 5236 diximus,
2684 5171 3059 5226 testimonium
3087 5181 3366 5228 sumentes
3393 5189 3461 5228 ex
3490 5173 3670 5245 Syno~

2079 5263 2223 5327 dico,
2256 5261 2400 5330 quod
2451 5277 2514 5315 ex
2549 5263 2785 5316 amboue
2835 5263 2888 5316 in
2941 5262 3277 5333 patriai-chio
3326 5263 3545 5335 legitur,
3576 5265 3669 5319 alii

2079 5356 2300 5426 quidem
2345 5356 2414 5410 ab
2450 5355 2606 5411 initio
2642 5357 2853 5412 mensis
2892 5357 3119 5428 Augusti
3156 5356 3426 5427 jejunium
3459 5359 3666 5423 colunt,

2079 5459 2131 5503 et
2161 5448 2299 5504 l‘csto
2331 5447 2853 5518 Transtigurationis
2884 5448 3017 5502 illud
3050 5449 3290 5514 solvunt,
3328 5464 3498 5502 unum
3524 5449 3668 5502 diem

2083 5542 2430 5608 honorando,
2490 5542 2797 5610 iterumque
2832 5541 3104 5612 jejunium
3162 5555 3338 5611 usque
3370 5540 3439 5594 ad
3487 5540 3668 5608 ipsum

2079 5637 2391 5705 purissimae
2436 5643 2491 5690 et
2517 5635 2747 5690 omnino
2777 5634 3143 5690 innnaculatzn
3186 5632 3428 5688 Dominae
3465 5639 3667 5684 meme

2082 5728 2174 5783 Dei
2207 5728 2500 5784 Genitricis
2530 5728 2727 5782 festum
2761 5737 2982 5792 tenent;
3019 5726 3110 5781 alii
3143 5735 3322 5782 autem
3350 5734 3480 5793 post
3523 5725 3668 5779 cele-

2079 5822 2291 5877 bratum
2307 5821 2830 5892 Transﬁguratiouis
2848 5817 3348 5887 l'estum,jejuniuni
3366 5815 3662 5882 inchoaut;

2081 5931 2191 5972 uno
2219 5916 2384 5973 verbo
2419 5930 2448 5971 a
2476 5914 2726 5986 singulis,
2761 5911 3225 5986 quemadmodum
3247 5909 3361 5980 jam
3395 5907 3529 5980 dixi,
3566 5907 3666 5964 ob-
