4104 6412
497 386 594 451 531
1709 386 2030 448 NICETAS
2071 386 2534 450 SERRONIU'S.
3654 382 3763 446 532

501 509 774 556 servatur.
817 504 993 572 Atque
1024 501 1137 556 haec
1165 501 1232 556 de
1263 500 1331 556 iis
1362 501 1454 571 qui
1491 509 1585 554 aut
1619 501 1944 569 suscipiunt,
1982 508 2078 554 aut
2107 515 2122 564 Α

2141 534 2150 564 ι
2180 498 2450 568 τιμῶντες
2479 497 2576 568 τὴν
2616 498 2746 567 μίαν
2786 498 3022 568 ἡμέραν,
3057 495 3154 550 καὶ
3182 495 3344 550 πάλιν
3373 492 3472 564 τὴν
3501 494 3762 563 νηστείαν

497 607 606 645 non
645 592 948 662 suscipiunt
975 593 1104 647 illud
1131 593 1424 663 jejunium,
1460 610 1554 649 seu
1584 594 1763 663 potius
1786 592 2082 662 quotannis

2183 589 2482 661 κρατοῦσιν
2527 590 2630 653 ἓως
2662 589 2832 660 αὐτῆς
2863 589 2963 658 τῆς
3000 589 3198 661 ἑορτῆς
3223 590 3321 657 τῆς
3357 586 3637 652 πανάγνου
3669 586 3766 638 καὶ

499 684 785 748 dissident,
817 684 961 759 dic-ta
1000 693 1150 759 sunt,
1173 697 1278 740 etc.
1746 745 1755 755 _

2182 682 2564 752 παναχράντου
2601 682 2902 752 Δεσποίνης
2952 681 3112 752 ἡμῶν
3143 679 3410 734 Θεοτόκου
3437 691 3450 705 ⁶
3491 678 3674 747 ἕτεροι
3706 677 3767 730 δὲ

500 776 640 845 μετὰ
674 775 733 827 τὸ
783 757 1042 843 ἑορτάσαι
1071 778 1169 846 τὴν
1201 777 1396 848 ἑορτὴν
1436 777 1533 846 τῆς
1560 775 2080 846 Μεταμορφώσεως,
2111 775 2316 843 ταύτην
2351 773 2614 842 κρατοῦσι
2672 774 2766 826 καὶ
2790 772 2980 836 ἁπλῶς
3032 775 3061 827 δ
3092 771 3216 826 καθ’
3244 771 3362 835 ἕνα,
3391 770 3466 830 ὡς
3493 768 3760 838 προείρη-

495 885 607 928 ται,
651 867 856 937 ταύτην
915 867 1190 934 νηστεύει.
1227 871 1335 922 Καὶ
1392 869 1566 922 ταῦτα
1609 868 1708 938 μὲν
1739 869 1868 938 περὶ
1931 866 2040 919 τῶν
2085 865 2392 935 δεχομένων
2445 865 2540 919 καὶ
2598 864 2729 936 περὶ
2760 865 2868 918 τῶν
2919 863 2995 936 μὴ
3041 863 3354 934 δεχομένων
3399 860 3608 930 ταύτην
3664 857 3770 930 τὴν

499 960 782 1030 νηστείαν,
859 961 954 1013 καὶ
999 961 1202 1021 μᾶλλον
1233 962 1410 1015 εἰπεῖν
1434 961 1846 1030 διαφωνούντων
1875 961 1994 1014 κατ’
2019 959 2158 1023 ἔίέος,
2184 960 2426 1030 εἴρηται,
2462 978 2517 1014 κ.
2541 977 2590 1014 τ.
2627 960 2679 1016 λ.

521 1162 910 1173 α-,ιοᾙ

918 1163 1266 1173 —_————

1559 1161 1960 1169 m—

1828 1267 1998 1310 ANNO
2035 1266 2259 1310 DOMINI
2298 1266 2427 1310 MXC

1223 1425 1918 1662 Nlllli’l‘ls
2019 1421 3024 1762 SlillllilNlllS.

1805 1859 2455 1974 NOTITIA.

1289 2069 1413 2131 (Leo
1438 2064 1676 2119 Aturith
1709 2067 1777 2118 De
1809 2065 1997 2117 Nicetis
2027 2079 2107 2129 ap.
2135 2061 2230 2114 Mai
2258 2061 2384 2114 Bibl.
2411 2074 2521 2113 non.
2546 2064 2687 2111 Patr.
2714 2064 2834 2111 tom.
2867 2057 2978 2121 γι.)
3322 2052 3347 2070 ⁸

568 2287 786 2344 Nicelas
831 2287 1037 2343 Serron
1093 2286 1235 2343 male
1277 2302 1310 2342 ι
1362 2286 1663 2344 Possevino
1711 2289 1766 2343 in
1818 2288 1958 2345 duos
2009 2287 2340 2356 discerpitur
2387 2283 2441 2338 in
2487 2289 2771 2352 apparatu,
2806 2278 2860 2334 in
2893 2274 3139 2331 Nicelam
3191 2270 3453 2327 nimirum
3486 2265 3776 2356 Heraclea:

498 2378 839 2446 episcopum,
864 2384 917 2430 et
953 2373 1197 2431 Nicetam
1248 2375 1473 2432 Serron.
1515 2376 1619 2432 Sed
1669 2375 1909 2446 pessime
1949 2374 2018 2430 ab
2061 2353 2528 2443 Epitomatoribus
2581 2365 2922 2439 gesnerianis
2950 2364 3002 2418 in
3033 2361 3278 2417 Nicetam
3309 2358 3632 2446 Heradium,
3669 2353 3774 2446 Ni:

500 2435 1048 2525 cctam-Serronium,
1081 2460 1326 2517 Nicetam
1359 2462 1454 2516 τοῦ
1491 2435 1733 2533 Eappan,
1761 2471 1816 2516 et
1848 2435 2608 2530 Nicetam-melropolitanurri
2631 2454 2925 2512 Heracleae.
2956 2450 3204 2520 Namque
3244 2463 3386 2503 unus
3425 2455 3478 2501 et
3510 2444 3653 2533 idem
3686 2435 3778 2533 esi

501 2560 712 2614 auctor,
741 2548 832 2618 qui
858 2549 1044 2603 omnia
1072 2550 1344 2620 praedictis
1372 2529 1612 2619 ascripia
1632 2548 1959 2619 composuit.
1993 2547 2050 2602 In
2075 2548 2308 2604 diatriba
2334 2561 2452 2600 mea
2479 2545 2546 2600 de
2578 2542 2787 2606 Psellis,
2815 2555 2940 2595 eum
2976 2540 3250 2596 deoaetate
3296 2532 3577 2589 Michaelis
3606 2529 3776 2620 Pselli

501 2641 767 2694 adversus
805 2617 1089 2694 haereticos
1139 2617 1535 2708 disceptarem,
1570 2649 1629 2693 ut
1675 2617 1770 2693 eos
1817 2628 2144 2701 rel‘ellerém,
2181 2635 2348 2690 multa
2381 2633 2449 2688 de
2484 2630 2673 2686 Niceta
2713 2628 2936 2693 Davide,
2972 2635 3028 2681 et
3060 2623 3247 2679 Niceta
3279 2622 3534 2681 Serrone,
3568 2631 3691 2686 qua:
3720 2617 3776 2670 ei

503 2728 579 2779 illi
612 2725 913 2780 concedere
951 2725 1242 2790 debebant,
1290 2742 1355 2780 ex
1401 2725 1684 2781 codicibus
1710 2723 2100 2794 manuscriptis
2144 2722 2322 2784 attuli,
2353 2729 2405 2775 el
2432 2716 2784 2789 postmodum
2831 2712 3076 2769 conclusi
3107 2712 3350 2766 Nicetam
3385 2708 3702 2794 Senonem,
3723 2709 3781 2794 et

502 2811 745 2866 Nicetam
780 2811 1038 2868 Davidem
1074 2789 1240 2868 alium
1306 2823 1469 2883 atque
1509 2813 1673 2868 alium
1714 2813 1922 2871 fuisse:
1968 2789 2020 2865 in
2062 2824 2295 2879 eamque
2340 2808 2411 2862 ivi
2452 2804 2803 2868 sententiam,
2834 2799 3225 2870 Theophylacti
3275 2795 3543 2883 Bulgariic
3591 2789 3778 2883 archi-

506 2899 746 2968 episc0pi
778 2909 934 2954 aelate
964 2899 1241 2964 ﬂoruisse,
1271 2901 1336 2955 ad
1375 2879 1535 2970 quem
1566 2917 1711 2956 nona
1740 2899 2128 2970 Theophylactl
2161 2897 2389 2966 epistola
2422 2895 2562 2949 inter
2593 2893 2891 2961 impressas
2917 2905 2947 2942 a
2978 2887 3216 2941 Menrsio
3240 2884 3457 2952 legitur.
3492 2880 3568 2970 De
3591 2879 3781 2970 diver-

508 2986 671 3039 sitate
698 2967 1009 3041 Nicetarum
1045 3001 1258 3041 mecum
1305 2967 1480 3042 habeo
1520 2967 1910 3043 doctissimum
1937 2967 2190 3041 Vossium
2239 2987 2292 3040 in
2327 2999 2464 3038 nova
2503 2981 2570 3037 de
2603 2979 2961 3048 scriptoribus
2985 2975 3191 3032 Graecis
3215 2972 3456 3028 editione
3489 2986 3502 3024 :
3535 2967 3778 3022 Diversus

509 3068 683 3126 iumen
727 3091 836 3128 esse
879 3075 974 3129 llos
1025 3072 1270 3141 Nicetas,
1311 3073 1500 3130 Leonis
1555 3076 1743 3131 Allatii
1790 3075 2056 3128 sententia
2097 3085 2194 3138 est,
2226 3075 2279 3127 in
2323 3070 2557 3124 diatriba
2588 3067 2651 3122 de
2694 3065 2910 3129 Pullis,
2942 3065 3028 3118 cui
3056 3063 3156 3115 hac
3186 3062 3241 3114 in
3267 3069 3418 3129 parte
3443 3056 3618 3126 potius
3650 3054 3782 3106 sub-

509 3159 702 3213 scribo.
741 3160 864 3214 Fuit
918 3161 965 3216 is
1019 3162 1195 3228 primo
1231 3177 1438 3230 magum
1467 3162 1714 3217 ecclesiae
1738 3161 2005 3217 diaconus
2051 3169 2107 3217 et
2156 3160 2414 3229 magister
2441 3172 2536 3211 seu
2569 3155 2780 3216 doctor,
2821 3160 3007 3222 postea
3061 3148 3348 3204 Serrarum
3404 3141 3782 3213 metropolita,

511 3247 635 3301 inde
664 3247 965 3302 translatus
997 3245 1334 3302 Heracleam.
1370 3246 1465 3300 Vir
1492 3248 1694 3317 oppido
1719 3248 1913 3303 doctus
1940 3258 1994 3303 et
2023 3247 2164 3318 pius.
2206 3244 2440 3314 Scripsit
2485 3243 2639 3312 plura
2670 3249 2724 3295 et
2758 3241 2932 3294 varia.
2969 3237 3074 3292 Sed
3123 3233 3384 3307 praecipui
3425 3230 3570 3285 illius
3601 3241 3783 3297 neque

511 3334 732 3403 inglorii
763 3343 994 3388 conatus
1035 3333 1189 3388 luere
1228 3335 1281 3388 in
1317 3336 1636 3405 exponenda
1669 3334 1840 3389 Biblia
1871 3351 1936 3390 ex
1969 3343 2148 3396 mente
2179 3341 2494 3388 sanctorum
2524 3328 2778 3383 Patrum.

582 3402 714 3486 Quae
746 3422 810 3473 ad
847 3435 1042 3474 manus
1084 3430 1300 3475 nostras
1328 3402 1626 3491 pervenere
1669 3429 1835 3477 sunt:
1873 3437 2111 3478 canones
2141 3422 2196 3476 ill

2162 3421 2288 3476 llius
2316 3417 2700 3489 γραμματικοὶ
2740 3414 2880 3468 κατὰ
2927 3409 3190 3483 μουσικὸν
3238 3417 3373 3478 ηχον
3416 3402 3781 3491 ψαλλόμενοιέ

514 3485 726 3575 Reptth
751 3509 1129 3577 grammaticaz,
1164 3525 1280 3579 qua:
1306 3485 1376 3562 «id
1408 3518 1620 3562 cantum
1649 3510 1908 3563 musicum
1935 3510 2304 3570 concinuntur,
2331 3485 2584 3573 itemque
2614 3503 2872 3571 troparia.
2905 3500 3118 3555 Titulus
3155 3495 3305 3568 operi
3343 3493 3602 3564 prmﬁxus
3633 3508 3652 3579 ξ
3684 3485 3786 3579 τοῦ

514 3595 622 3647 τῶν
652 3576 872 3664 Σερίρὦ
899 3595 1121 3665 πόνημα
1169 3576 1409 3665 Νικήτου
1451 3596 1594 3658 τόδε.
1649 3595 1892 3651 Serranis
1943 3596 2135 3650 labor.

2167 3595 2330 3650 Vicerat
2375 3595 2458 3646 hic
2496 3601 2593 3647 est.
2627 3593 2688 3648 P.
2730 3591 2986 3644 Ἐπεθετα
3027 3587 3148 3652 Διός
3171 3602 3185 3617 ο
3224 3583 3559 3646 Δωδωναῖος,
3592 3576 3788 3638 Ἰδαῖος

529 3683 792 3752 Ἐρκεῖοῆ
819 3684 1080 3753 Κηναῖος,
1114 3683 1416 3755 Μειλίχιος.
1452 3683 1705 3754 Ejusdem
1733 3683 1914 3740 κανὼν
1967 3688 2047 3748 ei;
2075 3701 2146 3738 κα

2165 3684 2310 3746 μόνας
2341 3677 2784 3753 γραμματικούς.
2825 3676 3007 3732 Conon
3036 3677 3090 3730 in
3135 3673 3345 3744 regulas
3385 3665 3786 3740 grammatices.

517 3767 578 3823 P.
610 3769 704 3832 Ei;
726 3767 812 3833 ος¹
845 3769 914 3822 τὰ
944 3770 1190 3836 ὀξύτονα.

590 3855 843 3924 Ejusdem
871 3857 1054 3927 ἕτερος
1087 3858 1268 3911 κανὼν
1299 3860 1380 3924 εἰς
1409 3859 1644 3930 διάφορα
1673 3860 2060 3930 γραμματικά.
2095 3859 2211 3913 Alia

2169 3861 2251 3914 ius
2284 3874 2455 3911 canon
2478 3859 2533 3910 in
2561 3857 2710 3910 varia
2737 3852 3108 3925 grammatica.
3142 3849 3202 3904 P.
3238 3847 3313 3900 Τὸ
3343 3851 3395 3899 α’
3427 3843 3571 3898 κατὰ
3608 3839 3789 3911 ἀρχὰς

517 3942 843 4005 ἀσπάζεται.
875 3942 935 3996 Ει
961 3945 1064 3998 alia
1100 3945 1153 3998 in
1180 3945 1528 4000 bibliothecis
1562 3947 1839 4010 Vaticana,
1868 3945 2261 4007 Vallicelliana,
2295 3947 2443 4014 regia
2469 3943 2721 4008 Parisiis,
2751 3942 3151 4012 Altempsiana.

591 4029 844 4084 Carmina
870 4033 1099 4086 iambica
1129 4034 1183 4086 in
1215 4034 1354 4088 idem
1385 4050 1536 4100 opus.
1559 4033 1622 4089 P.
1661 4033 1827 4087 Πὲδον
1858 4034 2075 4104 τιθηνὸν
2103 4038 2210 4104 ἀκρ

1262 4034 1354 4088 lem
1385 4050 1536 4100 opus.
1559 4033 1622 4089 P.
1661 4033 1827 4087 Πὲδον
1858 4034 2075 4104 τιθηνὸν
2103 4034 2332 4104 ἀκρίδου
2357 4033 2710 4103 πεφιλμένον.
2740 4031 2883 4086 Ibid.

592 4118 850 4173 Carmina
888 4119 1117 4174 iambica
1147 4121 1282 4177 alia.
1319 4121 1380 4176 P.
1419 4121 1627 4191 Καιρδς
1657 4121 1757 4192 μὲν
1802 4119 1994 4186 ὕπνου,
2027 4123 2121 4176 καὶ
2148 4141 2213 4176 κα

1567 4121 1627 4185 ὸς
1657 4121 1757 4192 μὲν
1802 4119 1994 4186 ὕπνου,
2027 4123 2121 4176 καὶ
2148 4123 2434 4176 καθεύδειν
2467 4116 2536 4192 ἦν
2564 4120 2702 4175 δέον.
2734 4119 2902 4187 Regia
2931 4115 3186 4171 Parisiis.

588 4205 808 4260 Addunt
847 4207 938 4262 alii
977 4225 990 4262 :
1022 4206 1276 4274 Eiusdem
1313 4191 1665 4276 imperatores
1708 4208 2278 4279 Constantinopolitani
2321 4191 2552 4264 hazrctici
2592 4224 2654 4262 ac
2696 4205 3007 4262 Christiani.
3051 4203 3171 4274 Ipse
3209 4198 3341 4271 quid
3389 4196 3478 4262 sit,
3543 4191 3792 4248 nondum

519 4306 656 4344 vnn.

592 4379 650 4432 in
676 4379 922 4448 Gregorii
968 4378 1300 4436 Nazianzeni
1346 4383 1624 4438 orationes
1668 4385 1942 4440 sexdecim
1977 4383 2384 4452 Enarrationes,
2413 4397 2459 4441 et
2495 4383 2916 4448 Commentaria,
2961 4394 3157 4449 nempe
3190 4379 3245 4431 in
3274 4384 3516 4430 sanctum
3555 4370 3792 4432 Pascha,

520 4478 567 4520 et
603 4468 652 4520 in
687 4467 1032 4524 Tarditatem.
1069 4469 1134 4523 In
1163 4472 1330 4524 aliam
1359 4473 1648 4526 orationem
1673 4474 1728 4526 in
1757 4483 2000 4527 sanctum
2023 4473 2253 4528 Pascha.
2284 4472 2352 4527 In
2391 4489 2578 4527 novam
2612 4472 2968 4526 Dominicam.
3001 4466 3069 4522 In
3110 4463 3494 4520 Pentecostem.
3523 4459 3585 4513 In
3621 4455 3795 4511 Chri-

521 4555 588 4605 sti
619 4556 755 4607 diem
790 4554 1063 4612 Natalem.
1093 4556 1161 4610 In
1197 4557 1541 4627 Epitaphium
1581 4559 1689 4612 divi
1715 4559 1922 4614 Basilii.
1951 4559 2019 4613 In
2045 4572 2235 4616 sancta
2257 4561 2510 4616 Lumina.
2559 4560 2626 4614 In
2674 4570 2921 4615 sanctum
2950 4557 3250 4625 Bnptisma.
3278 4553 3352 4606 De
3382 4566 3560 4604 amore
3586 4563 3797 4616 paupe-

524 4657 658 4693 rum.
690 4639 754 4694 In
802 4653 1006 4710 patrem
1059 4646 1350 4698 retieentem
1405 4657 1616 4716 propter
1660 4647 1875 4716 plagam
1918 4651 2213 4718 grandinis.
2251 4653 2314 4703 In
2354 4649 2735 4702 Macchabaios.
2780 4645 2844 4700 In
2904 4645 2967 4701 S.
3006 4643 3331 4713 Cyprianum
3380 4645 3689 4704 martyrem.
3724 4630 3799 4684 In

521 4728 803 4781 Jalianum
828 4732 1146 4785 tributorum
1180 4741 1500 4787 exactorem.
1534 4732 1598 4787 In
1625 4737 1961 4803 prensantium
1997 4734 2103 4791 CL.
2137 4739 2518 4807 episcoporum.
2556 4736 2622 4790 In
2663 4735 2974 4806 Gregorium
3026 4731 3329 4802 Nyssenum
3361 4724 3544 4794 Βηριιὶ
3579 4721 3784 4775 Basilii

525 4816 765 4882 fratrem.
805 4815 868 4870 In
1003 4820 1360 4874 Athanasium
1390 4835 1408 4872 :
1434 4837 1556 4890 qua:
1601 4819 1794 4877 Latine
1835 4824 2129 4893 interprete
2163 4823 2374 4879 Joanne
2423 4824 2756 4878 Leunclavio
2800 4836 3000 4876 excusa
3034 4827 3316 4874 suntcum
3346 4811 3606 4882 operibus
3652 4807 3796 4860 Grc-

525 4903 660 4969 gnrii
695 4901 1021 4958 Nazianzcni
1071 4906 1293 4961 liasilcec
1345 4922 1490 4960 anno
1547 4907 1702 4962 i57l.
1736 4909 1808 4962 Es
1840 4909 1924 4964 his
1959 4909 2379 4968 Commentariis
2419 4911 2656 4967 Jacobus
2691 4911 2881 4965 Billius
2923 4909 3118 4979 partim
3165 4905 3217 4959 in
3265 4903 3479 4970 aliquas
3511 4898 3798 4953 orationes

524 4990 876 5057 Nazianzeui,
904 4997 1096 5062 partim
1133 5011 1198 5048 ex
1229 4995 1336 5049 illis
1373 4995 1422 5048 in
1450 4995 1586 5049 alias
1617 4996 1856 5067 collegit,
1890 4997 2167 5068 ediditque
2213 5003 2264 5053 in
2315 5017 2412 5056 sua
2457 5003 2714 5056 editione.
2741 5000 2929 5055 Graeca
2981 4994 3352 5065 manuscripta
3393 4989 3599 5062 passim
3632 4985 3795 5040 inve-

527 5079 754 5130 niuntur
785 5081 836 5132 in
874 5081 1076 5136 ltalieis
1102 5083 1473 5146 bibliothecis,
1508 5095 1563 5138 et
1598 5087 1744 5154 regia
1779 5086 2006 5142 Parisiis
2036 5089 2158 5144 cod.
2184 5089 2290 5144 4'29
2318 5099 2373 5144 et
2407 5090 2565 5144 i553.

597 5167 852 5234 Ejusdem
884 5169 1266 5224 Commentarii
1297 5173 1352 5225 in
1378 5172 1695 5243 Nyssenam,
1725 5175 1882 5229 index
1922 5193 2017 5231 ms.
2051 5176 2464 5232 Ambrosianus.
2491 5177 2709 5233 Nicetas
2757 5178 2965 5248 absque
3006 5175 3174 5232 dubio
3214 5177 3344 5242 erit,
3376 5176 3466 5248 qui
3497 5185 3549 5232 ct
3578 5178 3632 5232 in
3681 5176 3801 5232 Na-

529 5257 790 5310 zianzeno
817 5258 1132 5313 elaboravit.
1173 5259 1386 5316 Utinam
1421 5275 1599 5317 tamen
1631 5264 1810 5328 index,
1839 5265 1921 5318 vel
1955 5265 2145 5318 titulus
2180 5280 2285 5319 non
2321 5264 2508 5318 fallat!
2557 5263 2622 5317 Et
2667 5266 2919 5334 suspicor
2967 5280 3031 5319 ea
3081 5279 3223 5325 esse,
3257 5279 3379 5334 quae
3413 5265 3531 5335 ipse
3572 5263 3800 5321 Nicctas

531 5344 822 5408 scripserat
857 5346 906 5397 in
945 5349 1244 5401 orationem
1282 5349 1631 5414 Nazianzeni,
1665 5367 1827 5419 quam
1862 5352 1951 5406 ille
1979 5353 2166 5406 habuit
2204 5352 2258 5405 in
2292 5351 2614 5420 Gregorium
2646 5351 2951 5423 Nyssenum
2977 5351 3165 5407 Basilii
3203 5352 3451 5408 fratrem.

601 5431 932 5484 [iniusti-iam
963 5450 1182 5503 quoque
1207 5453 1360 5490 suam
1402 5439 1584 5506 posuit
1614 5439 1666 5492 in
1697 5440 2034 5508 expOneudis
2069 5455 2239 5494 sacrae
2283 5440 2576 5510 Scriptura;
2624 5443 2820 5509 libris;
2864 5457 2971 5496 non
3019 5458 3084 5495 ex
3128 5442 3392 5512 propriis,
3427 5441 3521 5498 sed
3557 5456 3623 5496 ex
3660 5456 3795 5496 san-

531 5527 746 5572 ctorum
803 5519 1146 5590 aliOrumque
1196 5527 1769 5590 przcstantissimorum
1809 5527 2072 5594 virorum,
2107 5528 2216 5582 imo
2265 5530 2428 5582 etiam
2479 5545 2543 5584 ex
2597 5529 3072 5592 ltzereticorum,si
3120 5531 3280 5584 modo
3321 5545 3351 5583 a
3395 5530 3796 5584 catholicorum

527 5607 887 5676 intelligentia
914 5617 968 5662 et
995 5624 1167 5663 sensu
1199 5625 1308 5664 non
1337 5612 1746 5684 disjunguntur,
1785 5614 2104 5682 decerpens,
2131 5625 2183 5669 et
2210 5616 2402 5669 ordine
2442 5615 2759 5685 disponens,
2793 5626 2848 5669 et
2896 5615 3182 5686 aptissime
3230 5617 3531 5680 collocaris,
3570 5625 3629 5670 ut
3680 5629 3794 5668 non

532 5695 821 5750 videantur
851 5696 1121 5767 disjuncta
1159 5713 1222 5751 ac
1252 5711 1523 5768 separata,
1555 5703 1886 5771 optimorum
1915 5717 2218 5772 pannorum
2269 5704 2460 5759 frustis
2509 5703 2910 5767 consarcinata,
2962 5704 3056 5758 sed
3101 5717 3210 5758 uno
3254 5704 3516 5759 continuo
3547 5711 3694 5757 textu
3724 5701 3796 5756 ab

536 5788 644 5838 bno
682 5794 902 5842 auctore
926 5789 1118 5844 orllita.
1153 5787 1255 5844 Eas
1284 5787 1455 5846 Grzeci
1506 5793 1692 5865 σειρὰς
1739 5794 1947 5863 dixere,
1984 5792 2162 5850 Latini
2193 5804 2404 5849 catenas
2436 5809 2452 5847 :
2488 5791 2951 5865 quemadmodum
2985 5792 3132 5849 enim
3172 5793 3372 5849 diversi
3416 5789 3792 5864 disjunctique
