4104 6438
455 351 560 417 535
1691 365 2012 428 NICETAS
2050 371 2510 432 SERRONlUS-
3632 374 3735 440 536

460 468 826 538 admonitum,
860 488 1009 535 eum,
1035 474 1128 544 qui
1162 491 1269 535 non
1302 476 1760 550 Olympiodorum
1788 480 2174 541 Alexandrina;
2214 484 2475 541 Ecclesia
2520 487 2836 551 diaconum,
2881 489 2976 544 sed
3018 486 3263 543 Nicctam
3296 484 3573 546 Heracleae
3618 486 3737 555 cpi:

457 571 684 647 scopum
717 571 927 614 catenm
950 562 1114 629 hujus
1149 573 1434 621 amtorem
1462 569 1841 637 existimabat,
1870 572 2115 629 sensisse
2149 590 2209 631 se
2247 577 2494 646 captiosa
2544 576 2932 647 probabilitate
2959 579 3271 647 deceptum,
3298 577 3529 645 ideoque
3564 576 3735 630 semel

458 654 513 743 et
545 645 742 699 iterum
788 647 933 704 datis
975 649 1175 743 litteris
1221 654 1394 743 errati
1445 657 1531 711 sui
1574 655 1788 712 veniam
1821 656 2198 728 deprecatum.
2227 674 2283 720 et
2316 645 2369 719 in
2417 645 2748 722 sententiam
2783 681 2940 721 suam
2977 645 3233 721 manibus
3262 663 3604 732 pedibusque
3638 677 3735 716 ve-

461 737 629 799 "iSSB.
669 744 910 790 erratum
943 737 1273 808 professum.
1307 738 1460 798 Licet
1490 744 1659 807 enim,
1694 754 1754 799 ut
1780 746 1870 802 ille
1894 751 2201 816 asserebat,
2229 767 2260 806 a
2292 750 2503 807 Joanne
2545 752 2874 810 Parisiensis
2908 753 3165 809 Ecclesiae
3210 751 3483 808 canonico
3510 751 3739 807 didicis-

459 828 562 882 set,
620 831 732 876 tum
796 822 851 877 in
914 839 1038 890 suo,
1070 834 1185 880 tum
1250 828 1303 882 iu
1363 831 1509 901 regis
1543 830 1826 887 Gallorum
1856 836 1935 903 (et
1978 834 2236 903 Caesaris,
2261 846 2313 891 et
2361 837 2414 891 in
2455 836 2655 906 ottob.)
2695 837 3109 907 exemplaribus
3135 844 3190 891 et
3222 849 3330 890 non
3389 833 3580 905 paucis
3611 847 3737 903 «pne

457 907 933 997 Constantinopoli
969 914 1241 983 visuntur,
1269 933 1491 975 summo
1524 936 1648 977 cum
1686 938 1982 989 consensu,
2009 922 2212 979 Nicetae
2243 940 2440 979 nomen
2469 924 2748 992 praeﬁxum
2786 923 3075 987 habeatur,
3106 930 3163 977 et
3217 922 3392 993 stylus
3448 934 3555 974 una
3606 933 3759 997 cum,

459 997 687 1064 reliquis
717 996 922 1055 Nicette
953 1004 1212 1071 operibus
1246 1007 1405 1075 plane
1431 1010 1764 1072 consentiat,
1798 1027 1902 1067 suo
1934 1020 2117 1066 tamen
2149 1010 2360 1081 judicio
2384 1009 2707 1076 Comitolus,
2737 1020 2792 1065 et
2826 1010 3060 1065 aliorum
3092 1009 3425 1063 eximiorum
3459 1007 3744 1061 virorum.

458 1082 803 1153 diversorum
832 1092 1227 1161 exemplarium
1259 1095 1514 1153 diversos
1542 1112 1666 1154 esse
1717 1110 1975 1156 auctores
2016 1107 2226 1163 censet,
2248 1106 2304 1153 et
2338 1095 2540 1153 Nicette
2590 1098 2831 1153 nominis
2881 1095 3200 1167 huiusmodi
3258 1095 3412 1150 libris
3460 1093 3606 1150 ιιίῆςί
3640 1107 3734 1148 re-

460 1172 608 1242 pellit
647 1176 1031 1246 antiquitatem
1078 1198 1091 1235 :
1129 1190 1244 1236 tum
1302 1182 1525 1240 demum
1581 1187 1712 1256 quia
1748 1186 1952 1243 Graeca:
2000 1185 2233 1250 nationi,
2261 1200 2374 1255 quo
2411 1185 2717 1255 prtesertim
2767 1194 3015 1254 tempore
3068 1184 3138 1239 ab
3186 1183 3435 1237 Romana
3492 1180 3740 1236 Ecclesia

460 1263 711 1327 secessit,
755 1265 999 1321 solemne
1024 1265 1146 1331 fuit,
1189 1269 1515 1327 adulterinis
1544 1274 1689 1328 notis
1718 1275 1889 1329 libros
1916 1288 2248 1344 aspergere:
2283 1283 2337 1329 et
2374 1274 2559 1330 varios
2594 1288 2723 1330 esse
2758 1282 3017 1328 auctores
3071 1272 3325 1335 suadent,
3363 1270 3450 1324 vrl
3478 1268 3744 1324 omnibus

463 1349 517 1400 iu
557 1350 711 1407 libris
760 1367 873 1408 non
919 1357 1172 1411 eumdem
1227 1372 1350 1414 esse
1399 1361 1821 1431 explanatorum
1875 1377 2191 1427 numerum,
2217 1362 2301 1417 vel
2354 1362 2807 1432 explanationum
2854 1370 3144 1417 auctorum
3183 1376 3291 1414 nou
3324 1373 3450 1415 esse
3487 1360 3743 1413 eamdem

462 1437 881 1506 dispositionem
907 1451 961 1497 et
990 1444 1264 1510 ordinem,
1290 1447 1373 1501 vel
1403 1449 1471 1502 ad
1511 1450 1734 1504 eosdem
1770 1450 1918 1505 locos
1950 1465 2121 1505 sacrm
2162 1450 2460 1521 Scriptura
2494 1467 2604 1507 non
2647 1452 2965 1507 eorumdem
3008 1451 3298 1506 doctorum
3349 1447 3748 1518 explicationes

460 1523 735 1591 adhiberi,
762 1527 846 1583 vel
871 1533 1190 1587 eorumdem
1214 1533 1505 1591 doctorum
1547 1537 1950 1607 explicationes
1996 1539 2050 1592 in
2097 1541 2376 1595 nonnullis
2408 1541 2565 1595 libris
2592 1541 2865 1604 concisas,
2895 1540 2949 1594 in
2984 1539 3110 1595 aliis
3138 1538 3314 1609 magis
3340 1537 3569 1592 diffusas
3594 1549 3747 1598 esse,

462 1614 542 1669 vel
584 1616 790 1670 nullam
824 1620 1031 1686 praelixi
1064 1622 1308 1678 nominis
1334 1621 1540 1680 Niceta
1573 1635 1760 1680 notam
1792 1626 2191 1683 vetustioribus
2219 1629 2504 1685 codicibus
2538 1628 2735 1685 videri.
2769 1627 2923 1683 Adde
2951 1628 3006 1682 in
3038 1627 3156 1697 ipsa
3189 1626 3575 1693 inscriptione,
3615 1637 3748 1691 quae

460 1703 707 1758 Nec-tam
761 1706 1005 1775 praefert,
1035 1709 1171 1764 nihil
1223 1711 1470 1769 recinere
1527 1729 1748 1782 purum,
1780 1715 1915 1770 nihil
1950 1715 2155 1771 veteris
2205 1717 2406 1785 linguae
2438 1717 2643 1772 Griecae
2698 1728 2959 1771 resonare
3010 1715 3399 1770 domesticum.
3445 1712 3742 1782 Ἐξήγησις

461 1793 543 1854 ei;
578 1792 668 1846 τὸν
720 1794 990 1867 μακάριον
1030 1796 1175 1865 Ἰὼϐ,
1225 1805 1605 1872 συγγραφετσα
1661 1804 1813 1873 παρὰ
1864 1804 1960 1858 τοῦ
2019 1805 2314 1876 ἱερωτάτου
2369 1804 2772 1874 μητροπολίτου
2831 1803 3163 1875 Ἡρακλείας
3192 1845 3207 1868 ,
3252 1800 3447 1871 κυρίου
3499 1799 3744 1871 Nati)“.

461 1878 705 1950 Νικητοῦ
741 1882 910 1951 enim,
944 1885 990 1940 si
1026 1886 1231 1956 regulis
1259 1891 1745 1958 grammaticorum
1783 1892 2040 1948 insistere
2075 1891 2365 1955 voluisset,
2396 1890 2691 1947 dicendum
2741 1900 2884 1946 erat.
2914 1890 3140 1947 Grazcos
3168 1903 3336 1961 porro
3366 1901 3476 1942 non
3513 1899 3743 1942 suorum

462 1968 558 2022 sed
609 1970 913 2027 alienorum
947 1972 1168 2029 nomina
1197 1990 1451 2033 assuesse
1505 1979 1661 2034 libris
1712 1980 2012 2051 praeﬁgere,
2047 1980 2282 2050 probant
2327 1978 2722 2034 Commentarii
2760 1978 2814 2033 in
2859 1976 3154 2041 Joannem,
3184 1977 3276 2049 qui
3308 1973 3497 2047 Cyrilli
3547 1988 3747 2027 nomen

467 2055 824 2122 prmferebanl.
857 2060 951 2131 (ε),
978 2076 1103 2117 cum
1126 2074 1313 2119 essent
1337 2065 1745 2137 Chrysostomi;
1770 2069 2163 2124 Commentarii
2186 2067 2436 2137 Origenis
2461 2066 2515 2122 in
2540 2065 2665 2132 Job,
2694 2066 2787 2136 qui
2809 2080 3040 2136 prorsus
3059 2063 3314 2136 Origenis
3339 2078 3448 2117 non
3476 2070 3608 2117 sunt
3637 2060 3744 2129 (ὀ).

463 2144 575 2199 Nec
601 2154 782 2212 potest
803 2147 1169 2215 dissimulari,
1200 2154 1367 2208 multa
1397 2152 1740 2228 Hieronymo
1775 2174 1884 2213 non
1905 2155 2244 2229 Hieronymi,
2279 2153 2587 2225 Augustino
2621 2153 2792 2208 multa
2814 2153 3047 2221 ascripta
3065 2165 3189 2207 esse
3208 2165 3316 2205 non
3336 2146 3626 2219 Augustini
3652 2145 3751 2217 (ε).

470 2230 544 2283 lle
570 2230 712 2299 stylo
741 2247 961 2304 quoque
991 2233 1193 2292 Nicetaa
1220 2247 1418 2307 praeter
1446 2256 1562 2297 rem
1590 2257 1713 2299 esse
1743 2243 1979 2309 videtur,
2008 2258 2131 2300 cum
2174 2241 2382 2296 nullum
2428 2241 2483 2295 iu
2528 2241 2632 2296 hoc
2658 2247 2774 2295 toto
2811 2237 3228 2296 Commentario
3274 2233 3478 2291 Nicetze
3515 2233 3748 2289 verbum

468 2319 799 2386 reperiatur,
827 2321 923 2376 sed
970 2324 1156 2378 omnia
1206 2326 1441 2383 aliorum
1487 2329 1671 2386 verbis
1714 2332 1997 2400 exposita,
2030 2341 2086 2385 et
2116 2330 2244 2386 licet
2282 2344 2478 2385 omnes
2536 2329 2660 2383 aliae
2708 2338 2936 2390 calente,
2987 2342 3110 2397 qua:
3135 2340 3261 2380 cum
3292 2323 3496 2379 Nicetes
3523 2322 3751 2377 nomine

468 2404 902 2475 conjungnntur,
936 2407 1139 2466 Nicen
1172 2412 1280 2468 sint
1301 2452 1318 2477 ,
1357 2430 1521 2485 quam
1567 2424 1653 2471 est
1697 2417 2088 2487 interpretatus
2135 2417 2460 2481 Comitolus,
2493 2417 2643 2472 nullo
2686 2416 2849 2473 modo
2882 2415 3086 2471 Nirctte
3115 2412 3467 2469 tribuendam
3497 2424 3640 2467 esse.
3675 2408 3749 2463 Et

470 2494 588 2590 lucc
618 2493 840 2590 quidem
874 2504 1005 2551 sunt
1053 2496 1314 2558 (Σικιιὶιοιὶ
1363 2511 1690 2573 argumenta
1723 2504 1990 2562 adversus
2032 2521 2147 2573 eos,
2177 2507 2270 2577 qui
2305 2505 2537 2577 hujusce
2588 2512 2796 2561 catena:
2842 2505 2899 2560 in
2945 2501 3147 2559 Jobum
3183 2511 3465 2558 auctorem
3498 2497 3747 2553 Nieetam

470 2592 810 2638 CXISUIDGIIL

541 2684 991 2758 Olympiodorum
1033 2708 1163 2749 vero
1185 2694 1477 2751 diaconum
1511 2696 1677 2768 huius
1708 2697 1913 2769 opillcii
1940 2712 2065 2755 esse
2103 2709 2383 2757 auctorem
2424 2701 2739 2758 necessario
2780 2699 2996 2771 prohat,
3028 2695 3171 2768 quod
3204 2702 3410 2751 catenae
3450 2700 3646 2748 auctor
3692 2691 3749 2746 in

466 2783 712 2831 extrema
745 2779 1088 2848 pratl’atione,
1121 2798 1247 2838 cum
1281 2782 1663 2857 Chrysostomi
1691 2787 1941 2842 oratione
1979 2802 2136 2843 suam
2168 2797 2523 2855 connectens,
2561 2785 2720 2842 Nunc
2745 2788 2816 2841 ad
2841 2789 3011 2855 ipsam
3038 2784 3333 2849 verborum,
3360 2781 3557 2852 inquit,
3585 2780 3755 2833 inter-

468 2865 821 2933 pretationem
874 2869 1185 2924 veniendunt
1237 2880 1356 2936 est;
1402 2888 1726 2943 quacunque
1776 2868 1897 2928 aéro
1943 2876 2182 2933 historiis
2232 2888 2551 2949 congruunt,
2583 2887 2741 2946 atque
2771 2876 3062 2946 allegorias,
3095 2885 3204 2929 etc.
3240 2870 3404 2942 Atqui
3437 2869 3601 2925 verba
3632 2868 3753 2923 haec

473 2966 699 3018 prorsus
726 2956 1083 3026 consequitur
1115 2971 1316 3014 nomen
1348 2957 1744 3031 Olympiodori,
1767 2960 1997 3033 ejusque
2036 2965 2375 3033 prothcoria.
2408 2964 2465 3020 Si
2497 2965 2746 3034 superior
2775 2966 2951 3020 oratio
2983 2970 3067 3018 est
3095 2967 3301 3017 catenae
3334 2957 3598 3021 auctoris,
3634 2966 3750 3010 tum

471 3040 786 3107 historiam,
821 3052 935 3099 tum
968 3045 1257 3112 theoriam,
1293 3062 1418 3102 cum
1446 3062 1535 3103 res
1565 3047 1721 3111 feret,
1749 3049 1802 3102 in
1827 3049 2044 3120 singula
2073 3052 2249 3122 capita
2286 3053 2633 3122 pollicentis,
2678 3066 2803 3107 cum
2849 3050 2905 3105 in
2940 3049 3233 3118 utriusque
3263 3060 3462 3103 sensus
3485 3053 3542 3099 et
3570 3043 3746 3098 histo-

471 3129 571 3183 riei
597 3139 652 3184 et
697 3130 929 3188 theorici
978 3134 1445 3204 pervestigatione
1507 3133 1673 3190 luerit
1724 3134 2151 3207 Olympiodorus
2186 3139 2574 3210 perdiligenter
2616 3148 2908 3202 versatus.
2961 3151 3088 3192 cum
3147 3135 3296 3190 illius
3328 3133 3597 3188 duntaxat
3638 3129 3752 3186 sint

471 3233 668 3272 omnes
699 3219 805 3273 illa:
835 3220 1202 3289 protheoriaa,
1237 3221 1364 3291 quis
1411 3222 1629 3278 vocabit
1678 3222 1732 3276 in
1762 3223 2014 3292 dubium,
2053 3227 2187 3296 quin
2228 3228 2372 3284 idem
2432 3229 2506 3283 sit
2568 3228 2882 3298 interpres?
2934 3222 3308 3297 Olympiodori
3369 3220 3752 3289 interpretatio

471 3322 599 3361 eum
643 3308 983 3377 reliquorum
1022 3309 1314 3364 doctorqu
1345 3309 1829 3379 explanationibus
1859 3312 1932 3367 ita
1966 3314 2232 3377 cohaeret.
2257 3323 2318 3371 ut
2359 3329 2468 3371 non
2518 3315 2815 3369 multorum
2846 3314 3139 3383 expositio.
3176 3311 3269 3367 sed
3302 3309 3468 3365 unius
3502 3315 3752 3363 tantum-

468 3395 642 3449 modo
670 3395 921 3449 videatur
950 3410 1071 3451 esse
1103 3396 1466 3451 continuatio.
1503 3395 1801 3454 Sententia:
1836 3400 1985 3456 illius
2041 3416 2107 3457 ex
2161 3404 2394 3458 aliorum
2440 3400 2732 3457 sententiis
2784 3399 3154 3464 cinerescunt,
3184 3407 3239 3454 et
3291 3398 3564 3469 pleneque
3602 3395 3753 3449 illius

470 3482 967 3538 commentationes
1002 3483 1057 3538 in
1089 3483 1269 3538 aliena
1299 3483 1589 3554 iunctione
1630 3486 1916 3542 verborum
1952 3504 2094 3560 saepe
2123 3489 2442 3555 considunt,
2472 3488 2706 3544 aliorum
2741 3488 2904 3542 verba
2943 3497 2996 3543 et
3044 3486 3332 3543 sententiae
3374 3481 3751 3556 Olympiodori

473 3571 1062 3641 comprehensionibus
1116 3573 1542 3644 astringantur:
1581 3575 1815 3631 aliorum
1865 3579 2226 3647 interpretum
2277 3575 2509 3633 infracta
2569 3576 2639 3632 ab
2683 3574 3072 3647 Olympiodoro
3128 3581 3417 3639 sanantur,
3442 3580 3498 3628 et
3551 3570 3753 3638 vitiosa

477 3674 712 3729 qumque
737 3660 1274 3732 complcntur:qua3
1306 3662 1477 3717 variis
1512 3677 1579 3719 et
1614 3668 1805 3721 eadem
1834 3674 2029 3721 eatena
2069 3666 2322 3723 adductis
2367 3664 2636 3734 exemplis
2683 3663 2990 3719 Comitolus
3034 3661 3345 3719 conﬁrmat.
3394 3658 3756 3726 Tandemque

476 3748 772 3805 eardinalis
795 3749 1049 3806 Gulielmi
1086 3748 1290 3816 Sirletl,
1324 3750 1609 3807 lt‘ranciscl
1638 3752 1917 3822 Turriani,
1951 3760 2006 3810 et
2038 3751 2188 3807 Petri
2233 3749 2475 3805 Galesini
2526 3747 2893 3819 protonotarii
2950 3745 3236 3817 apostolici
3285 3742 3606 3807 sententias,
3637 3754 3755 3795 suae

478 3836 711 3890 comites
735 3836 951 3908 allegat,
982 3845 1038 3892 et
1064 3835 1334 3893 Vincentii
1367 3837 1559 3893 Pinelli
1594 3840 1839 3895 rodlcem
1878 3846 2280 3911 perretustum,
2310 3837 2365 3891 in
2408 3835 2570 3906 cuius
2608 3836 2801 3906 primis
2842 3834 3060 3905 paginis
3089 3842 3173 3889 est
3204 3829 3598 3903 Olympiodori,
3626 3837 3754 3884 tan-

466 3939 645 3991 quam
676 3923 901 3995 legitimi
933 3926 1197 3990 auctoris,
1231 3924 1425 3980 litteris
1459 3926 1669 3982 Latinis
1706 3942 1911 3983 nomen
1948 3928 2275 3996 ascriptum.
2314 3922 2675 3993 Tandemque
2713 3921 3111 3979 Parisiensium
3142 3921 3364 3976 Patrum
3397 3928 3452 3974 et
3480 3916 3753 3974 sodalium

478 4026 710 4069 suorum
745 4013 1115 4083 patrocinium
1143 4013 1407 4079 adnectit,
1440 4014 1533 4084 qui
1559 4029 1683 4069 cum
1713 4029 1811 4069 sua
1839 4029 2007 4070 causa
2034 4015 2181 4087 regis
2211 4013 2520 4085 reginaeque
2554 4011 2917 4068 bibliothecas
2945 4011 3059 4065 acri
3092 4010 3273 4065 studio
3304 4007 3753 4079 perlustrasscut,

469 4104 838 4173 singulosque
870 4103 1042 4159 libros
1073 4119 1137 4158 ac
1176 4103 1445 4159 librorum
1479 4104 1687 4160 indices
1717 4105 2036 4176 diligentius
2070 4103 2462 4173 inspexissent,
2502 4099 2905 4171 responderunt
2932 4116 2946 4153 :
2973 4096 3098 4152 Non
3134 4106 3210 4151 est
3265 4105 3444 4150 autem
3466 4091 3606 4165 quod
3644 4106 3754 4145 rea.

478 4200 684 4260 patrem
718 4188 1034 4245 Comitolnm
1060 4193 1231 4261 pigeat
1262 4191 1597 4261 conjectum.
1622 4202 1862 4247 catenam
1884 4194 2043 4247 istaut
2079 4191 2456 4263 Olympiodoro
2488 4188 2783 4244 tribuentis.
2808 4185 2954 4241 Nam
2987 4196 3036 4240 et
3066 4186 3119 4240 in
3153 4183 3398 4255 Epitome
3425 4180 3758 4237 bibliotheca

482 4278 724 4343 Gesneri,
759 4286 809 4332 et
834 4282 891 4332 in
918 4278 1178 4350 Catalogo
1202 4279 1465 4351 librorum.
1488 4280 1629 4335 edito
1655 4297 1693 4334 α
1719 4278 1945 4336 Simlero
1975 4297 2115 4335 anno
2155 4278 2315 4343 1586,
2356 4286 2545 4331 catena
2572 4277 2627 4331 in
2652 4273 2756 4330 Job
2801 4274 3177 4345 Olympiodoro
3209 4272 3460 4326 tribuitur
3484 4270 3753 4340 quaedam,

470 4381 600 4435 qua?
630 4366 832 4420 dicitur
858 4367 915 4421 in
936 4367 1251 4422 bibliotheca
1291 4367 1546 4423 Sambuci
1579 4369 1781 4423 servari
1811 4384 1830 4423 :
1864 4370 2093 4441 itemque
2138 4367 2375 4430 eiusdem
2410 4364 2779 4435 Olympiodori
2830 4364 3045 4417 diaconi
3075 4360 3380 4432 Itypotlteses
3413 4361 3467 4414 in
3495 4355 3621 4413 Job.
3656 4356 3757 4414 His
3850 4424 3859 4431 θ

480 4453 767 4508 eottcludit
798 4468 921 4510 esse
966 4469 1098 4509 vero
1139 4470 1305 4524 quam
1342 4454 1686 4510 simillimum
1738 4455 1904 4526 hujus
1955 4468 2164 4513 catenae
2203 4456 2528 4526 scriptorem
2557 4453 3031 4523 Olympiodorum,
3069 4447 3454 4503 Alexandrina:
3496 4445 3759 4502 Ecclesiae

479 4542 801 4607 diaconum,
831 4543 1127 4601 exstitisse.
1163 4541 1270 4597 Pro
1318 4559 1425 4612 qua
1478 4545 1752 4599 sententia
1786 4544 2151 4610 defendenda,
2197 4544 2449 4616 ingentes
2504 4541 2762 4598 Comitoli
2813 4550 3066 4606 conatus,
3106 4547 3160 4593 ct
3198 4538 3537 4594 concitatum
3583 4534 3756 4590 animi

482 4629 736 4685 ardorem
774 4631 1150 4700 conspexeris.
1188 4629 1269 4684 Ad
1299 4629 1553 4685 Comitoli
1587 4645 1807 4699 quoque
1841 4633 2168 4688 sententiam
2201 4634 2414 4689 accedit
2443 4630 2783 4705 Possevinus
2809 4628 2862 4683 in
2901 4636 3188 4697 apparatu,
3223 4627 3275 4680 in
3311 4624 3750 4696 Olympiodoro:

482 4718 689 4772 Accedo
712 4719 851 4773 enim
874 4717 1058 4772 lubens
1089 4716 1158 4770 ad
1187 4717 1500 4771 sententiam
1544 4715 1708 4772 Pauli
1743 4717 2018 4782 Comitoli,
2041 4723 2135 4791 qui
2163 4722 2401 4777 eamdem
2441 4729 2708 4782 catenam,
2739 4726 2799 4772 ut
2852 4716 2983 4770 alibi
3017 4716 3275 4779 diximus,
3304 4730 3332 4768 e
3363 4713 3549 4769 Graeca
3604 4710 3761 4766 Latio

441 4872 446 4877 ι
484 4824 606 4861 nam
646 4808 770 4877 fecit
801 4806 1085 4877 eleganter.
1125 4804 1230 4871 Qui
1263 4808 1387 4860 item
1435 4806 1621 4860 solidis
1678 4806 1975 4862 rationibus
2023 4810 2076 4863 in
2113 4810 2341 4864 editione
2385 4807 2603 4874 Veneta,
2633 4822 2751 4877 qua;
2793 4804 2992 4876 prodiit
3020 4803 3162 4876 apud
3200 4801 3391 4858 Iolitos
3420 4818 3559 4858 anno
3594 4799 3755 4865 [587,

476 4892 676 4951 evincit
706 4913 822 4952 eant
850 4912 971 4952 esse
990 4911 1092 4950 non
1124 4893 1332 4952 Nicetw
1367 4894 1735 4953 Heracleensis
1764 4898 2017 4968 episcopi,
2044 4899 2136 4953 sed
2168 4900 2331 4968 ipsius
2365 4896 2755 4970 0.'ympiodori.

564 5095 635 5164 (c')
674 5093 893 5151 Memini
926 5110 1122 5166 reapse
1156 5111 1248 5151 me
1273 5095 1458 5150 videre
1490 5094 1546 5150 in
1589 5093 1914 5166 bibliotheca
1962 5092 2073 5149 νει-
2179 5107 2363 5152 autem
2430 5095 2711 5152 nonnullis
2736 5095 3255 5166 hallucinationilnts
3317 5095 3495 5166 verba
3537 5092 3641 5150 feci
3697 5092 3757 5149 in

486 5167 675 5220 ticana
712 5168 956 5221 codicem
986 5164 1240 5237 magnum
1269 5165 1803 5239 insignem,__l_i_tt_cris_
1825 5166 2073 5220 venustis
2179 5178 2327 5239 tomo
2346 5167 2415 5239 Χ,
2449 5185 2504 5239 ι).
2540 5167 2671 5239 201,
2701 5182 2817 5239 seq.
2846 5165 3121 5239 Spicilegii
3156 5164 3317 5239 llum.
3352 5164 3419 5239 Α.
3450 5164 3519 5218 Μ.

490 5243 797 5299 exaratum,
828 5251 955 5308 cum
988 5234 1210 5308 prtéﬁxo
1241 5234 1415 5308 ptitqu
1453 5236 1638 5305 Cyrilli
1679 5235 1739 5308 in
1779 5234 2068 5308 Joannem,
2250 5238 2319 5308 (e)
2356 5234 2661 5307 Augustino
2687 5234 3124 5308 scripta'aliqu'ot
3150 5235 3289 5291 falso
3325 5237 3515 5308 utique
3552 5235 3763 5290 inscri-

491 5323 616 5360 rum
677 5315 859 5361 tamen
906 5306 1039 5377 nihil
1086 5306 1271 5375 Cyrilli
1336 5309 1617 5375 proprium
1668 5305 1879 5377 inesset
1903 5323 1941 5377 ;_
1975 5306 2070 5360 sed
2175 5305 2268 5377 pta
2298 5305 2556 5363 luerunt:
2583 5311 2677 5363 sed
2708 5305 2815 5362 alia
2846 5307 3083 5362 vicissim
3111 5316 3295 5376 erepta
3331 5306 3506 5361 eidem
3538 5315 3765 5361 constat

490 5377 890 5450 Cotttpendium
916 5376 1101 5450 p_otiu_s
1134 5374 1511 5450 Chrysostoini
1546 5376 1701 5441 illud,
1737 5375 1883 5446 quod
1912 5374 2073 5431 Pata—
2177 5374 2580 5450 philologorum
2636 5380 2832 5434 audaci
2870 5378 3096 5447 judicio.
3134 5374 3563 5450 reclamantibus
3600 5377 3763 5450 rabie

490 5446 904 5519 \iiobyrvavit
932 5444 1451 5519 Comitolus.'A._M.
1492 5517 1500 5519 _
1732 5444 1766 5519 _'
2175 5444 2458 5505 codicibus
2509 5444 2915 5519 antiquissimis
2969 5457 3023 5503 et
3070 5450 3319 5516 ingenuae
3359 5447 3517 5519 fama:
3562 5446 3759 5519 primis

565 5518 641 5587 (ά)
680 5516 845 5587 Recte
874 5516 989 5569 haec
1036 5514 1559 5587 dicunluraEtenim
1582 5530 1694 5587 ego
1720 5516 2071 5572 Commenta-
2172 5520 2496 5581 editoribus.
2523 5520 2614 5575 Sic
2638 5514 2839 5587 exugr.
2876 5528 3063 5573 nostra
3095 5514 3208 5573 fere
3235 5525 3397 5574 aetate
3422 5514 3764 5583 MitaChry-

491 5585 770 5659 rii‘adhuc
796 5585 982 5659 Graece
1017 5587 1205 5659 incditi
1237 5587 1288 5638 in
1318 5585 1538 5659 Jobum,
1573 5585 1770 5641 falsum
1814 5587 2068 5656 Origeuis
2172 5588 2443 5659 Sologum,
2502 5590 2714 5645 Brunus
2761 5585 3066 5643 Maximum
3119 5599 3282 5651 taur.,
3324 5588 3453 5659 dum
3513 5588 3761 5659 studiose.

488 5673 689 5710 nomen
754 5658 806 5710 in
863 5657 1144 5729 codicibus
1186 5657 1740 5729 7gerentis,“rerum
1787 5668 2065 5729 auctorem
2171 5657 2386 5714 illorum
2417 5672 2595 5716 tomos
2625 5660 2967 5729 ampliﬁcare
2993 5658 3417 5729 volunt,ulicnis
3445 5673 3553 5714 non
3587 5657 3760 5712 semel

494 5728 758 5795 (priscum
815 5727 1024 5799 srilicet
1067 5739 1121 5781 et
1172 5728 1331 5780 larua:
1365 5726 1564 5799 nobilis
1596 5728 1905 5799 hominem)
1938 5744 2062 5799 cum
2167 5732 2367 5799 plumis
2405 5726 2827 5790 exornaverunt.
2858 5732 2921 5785 A.
2954 5728 3021 5784 Μ.

496 5812 616 5865 ψεο
645 5812 806 5867 opere
837 5798 1156 5867 vulgaturus
1188 5798 1483 5869 aliquando
1517 5814 1658 5853 sum.
1694 5798 1767 5855 De
1804 5798 2066 5856 Comitoli
