4104 6416
376 377 477 443 537
1875 397 1997 458 Nm

2031 398 2209 460 ITIA.
3544 370 3649 472 538

450 496 593 592 Quid
630 498 859 556 interim
890 504 1027 560 nos?
1057 505 1115 560 in
1148 513 1297 563 tanta
1330 510 1775 582 conjectural-nm
1831 512 2011 582 copia,
2038 519 2094 566 et
2138 512 2466 570 eximiorum
2525 515 2809 574 hominum
2865 533 3141 577 consensu
3180 521 3601 592 acquiesccmus
3624 526 3649 578 ‘2

380 585 559 641 Etiam
593 589 638 641 si
674 589 947 656 producta
975 596 1245 649 sententia
1273 612 1440 665 quam
1469 599 1792 668 longissime
1848 601 2082 654 abesset
2104 617 2134 656 a
2168 618 2319 664 vero,
2349 613 2496 661 tanta
2536 606 2753 662 dicendi
2805 610 2962 679 cepia
3004 585 3348 681 prmstrue'ta,
3377 629 3476 668 nos
3512 631 3650 684 quo-

380 676 679 765 queretiam
709 677 917 734 invitos
959 681 1027 736 ad
1057 696 1115 735 se
1140 684 1478 752 pellexisset.
1512 688 1619 742 Sed
1682 689 1926 744 veritatis
1980 690 2249 755 studium,
2289 708 2400 761 quo
2445 710 2662 765 semper
2702 676 3108 755 incontinenter
3141 702 3454 757 cxarsinms
3484 676 3644 760 com—

381 764 561 857 pcllit,
591 774 651 818 ut
680 765 859 857 dictas
883 770 1239 857 conjecturas
1268 775 1603 843 conjecturis
1635 776 1759 832 aliis
1792 777 1937 846 (quae
1972 779 2117 832 enim
2153 780 2206 833 in
2250 780 2413 837 rebus
2456 764 2771 853 hujusmodi
2816 785 3216 841 demonstratio
3247 788 3472 857 fuerit?)
3510 805 3646 857 pon-

380 852 627 916 dcratas,
659 854 1058 922 sapientiornm
1082 859 1324 913 exatnini
1374 863 1807 918 committamus.
1838 864 1939 929 Qui
1981 867 2147 921 semel
2179 869 2488 937 oppositum
2522 852 2815 934 Sentiehat,
2870 874 3177 930 rationibus
3234 852 3648 945 Comitoli-pcr-

382 955 605 1004 snasus,
642 940 698 994 in
731 944 1056 998 sententiam
1085 946 1342 1001 Comitoli
1366 949 1535 1002 venit.
1577 949 1794 1018 Optime
1822 950 2050 1015 factum,
2090 953 2254 1007 laudo
2304 955 2606 1026 ingenium,
2639 957 2692 1012 id
2745 974 2964 1029 quoque
3007 975 3211 1015 suasus
3259 962 3372 1030 ipse
3406 940 3642 1021 faciam;

380 1037 439 1081 et
468 1028 513 1082 si
543 1038 959 1097 peccatnmest,
999 1033 1195 1088 talibus
1224 1035 1280 1089 in
1313 1037 1476 1091 rebus
1526 1038 1740 1092 diversa
1788 1040 1857 1094 ab
1896 1039 2020 1094 aliis
2043 1043 2265 1107 sentire,
2297 1043 2509 1097 veniam
2549 1047 2913 1115 deprecabor;
2951 1057 3004 1102 ct
3059 1065 3173 1102 rem
3214 1028 3391 1117 agam.
3418 1048 3648 1105 Joannis

380 1116 719 1173 Parisiensis
746 1120 1000 1174 canonici
1027 1121 1197 1176 codex
1221 1123 1468 1179 Nicetam
1499 1125 1824 1194 prmferebat
1850 1138 2133 1183 auctorem
2178 1128 2340 1199 hujus
2375 1139 2603 1197 catenae,
2632 1142 2686 1187 et
2721 1135 2863 1205 regis
2897 1135 3083 1189 Galliae
3114 1116 3415 1205 exemplar,
3454 1147 3506 1190 et
3539 1152 3646 1191 non

380 1219 559 1273 pauca
592 1206 722 1272 alia,
753 1222 878 1276 quae
907 1207 1382 1280 Constantinopoli
1415 1213 1692 1278 visuntur,
1723 1215 1973 1295 quamvis
2001 1216 2304 1291 CQmitolus
2339 1221 2539 1275 nullam
2562 1230 2783 1277 exstare
2829 1224 2882 1277 in
2934 1223 3264 1281 bibliotheca
3299 1225 3446 1294 regia
3501 1234 3650 1278 catc-

381 1291 824 1381 nam-allirmet;
857 1294 953 1349 sed
991 1294 1467 1368 ConstantinOpoli
1512 1301 1789 1356 exstitisse
1846 1291 2009 1358 tradit
2056 1309 2447 1373 grammaticus
2503 1309 2556 1363 in
2610 1309 2873 1381 Catalogo
2923 1311 3168 1367 exhibito
3216 1312 3268 1366 in
3321 1291 3648 1367 bibliotheca

378 1378 716 1448 patriarcha:
744 1379 1353 1453 Constantinopolitani,
1386 1394 1446 1440 ut
1478 1398 1544 1441 ex
1578 1388 1802 1443 Antonii
1851 1388 2091 1447 Verderii
2125 1395 2503 1463 supplemento
2554 1398 2750 1466 colligo
2776 1378 2901 1463 ;'in
2952 1399 3143 1468 Anglia
3202 1397 3312 1453 duo
3368 1398 3650 1453 Bodleiani

379 1465 645 1555 codices,
676 1481 743 1519 ex
798 1468 1004 1555 quibus
1057 1484 1212 1524 suam
1263 1473 1429 1540 eruit,
1458 1473 1736 1545 cdiditque
1793 1475 2064 1536 Patricius
2111 1482 2328 1538 Junius.
2383 1465 2830 1554 Olympiodorum
2867 1502 3011 1539 unus
3042 1465 3388 1541 solummodo
3422 1488 3512 1555 qui
3548 1487 3651 1540 fuit

382 1553 671 1609 Sambuci.
704 1554 914 1621 Quibus
952 1555 1087 1611 ﬁdes
1120 1557 1425 1614 adhibenda
1457 1562 1584 1617 est?
1639 1564 1808 1618 unine
1852 1569 2237 1623 tantummodo
2287 1553 2568 1634 Sambuci,
2603 1572 2773 1625 relato
2804 1570 2874 1625 ab
2905 1574 3357 1641 cpitomatoribus
3389 1553 3644 1634 Gesner-i,

379 1661 453 1700 an
487 1654 567 1700 tot
596 1645 742 1711 aliis,
779 1646 873 1715 qui
907 1646 1065 1700 nobis
1093 1645 1332 1703 Nieetam
1359 1652 1679 1719 praeﬁgunt?
1705 1653 1769 1707 Et
1804 1653 1848 1709 si
1880 1656 2144 1711 attentius
2189 1658 2351 1711 verba
2395 1659 2815 1727 epitomatorum
2859 1659 3298 1718 eonsiderentur.
3333 1675 3442 1713 non
3491 1661 3651 1715 nobis

380 1733 841 1804 Olympiodorunt
870 1744 1154 1789 auctorem
1185 1746 1389 1791 calente
1411 1737 1563 1804 dant,
1600 1740 1693 1794 sed
1720 1755 1891 1794 unum
1939 1756 2004 1795 ex
2047 1743 2137 1809 iis,
2189 1759 2255 1799 ex
2293 1745 2493 1813 quibus
2531 1745 3007 1814 interpretationes
3052 1745 3160 1799 illa:
3206 1746 3451 1800 collecta:
3499 1758 3649 1801 sunt.

384 1823 467 1877 En
497 1821 665 1876 verba
699 1838 716 1875 :
748 1820 1114 1890 Olympiodori
1143 1830 1195 1876 et
1227 1823 1455 1877 aliorum
1488 1828 1731 1895 piissimo
1759 1836 1945 1882 catena
1982 1832 2035 1882 in
2070 1827 2191 1889 Job.
2222 1831 2279 1883 in
2304 1830 2617 1885 bibliotheca
2649 1829 2922 1886 Sambuci.
2945 1829 3007 1883 Ni
3038 1832 3175 1886 alios
3209 1846 3429 1901 quoque
3462 1841 3655 1886 aucto-

379 1924 472 1964 res
503 1919 714 1964 eatena:
741 1917 996 1964 auctores
1023 1910 1357 1966 substituere
1380 1914 1633 1969 velimus.
1670 1916 1736 1969 Et
1764 1930 1889 1969 cum
1936 1916 2241 1973 Comitolus
2270 1918 2437 1984 dicat,
2468 1919 2794 1973 diversorum
2822 1919 3203 1986 exemplarium
3251 1929 3494 1973 auctores
3542 1936 3654 1974 esse

376 2000 641 2062 diversos,
702 1998 977 2052 undenam
1017 1998 1107 2054 ille
1163 1999 1355 2055 habuit
1400 2001 1454 2055 in
1509 2000 1881 2059 Sambuciano
1908 2005 2003 2059 illo
2040 2005 2229 2060 codice
2268 2014 2515 2061 catenam
2548 2021 2578 2060 a
2609 2022 2670 2062 se
2709 2021 2945 2069 versam,
2977 2015 3031 2061 et
3065 2022 3227 2075 quam
3264 2005 3654 2077 Olympiodoro

380 2086 502 2156 ipse
535 2086 798 2148 vindicat,
833 2095 891 2141 et
927 2100 1038 2141 non
1068 2087 1230 2141 aliam
1267 2097 1430 2158 atque
1452 2088 1749 2155 diversam,
1780 2092 2089 2146 contineri?
2134 2092 2316 2159 Quare
2347 2093 2399 2146 in
2435 2093 2746 2161 huiusmodi
2786 2092 3128 2161 conjectura,
3160 2092 3238 2146 rei
3270 2093 3449 2146 dubia!
3476 2093 3654 2161 majo-

380 2190 499 2228 rem
530 2174 694 2229 lidcm
725 2173 934 2229 faciunt
961 2175 1416 2245 plures-codices,
1433 2166 1739 2247 pluresque
1770 2187 1942 2234 testes
1972 2180 2230 2235 llrmioris
2278 2182 2623 2235 auctoritatis
2666 2189 3013 2248 reputantnr.
3051 2180 3191 2246 Quid
3222 2179 3268 2234 si
3297 2178 3653 2250 Olympiodo-

379 2276 505 2314 rum
539 2262 729 2317 nullus
754 2260 898 2316 alius
923 2262 1100 2325 testis,
1134 2263 1317 2318 nullus
1346 2263 1576 2333 hujusce
1615 2267 2096 2322 commentationis
2133 2266 2298 2323 iustus
2345 2267 2507 2332 alius,
2534 2267 2779 2321 Nicctam
2825 2279 3007 2321 autem
3037 2267 3120 2321 hic
3148 2278 3201 2320 et
3234 2268 3286 2320 in
3319 2266 3455 2322 alios
3483 2281 3656 2321 sacra:

378 2350 683 2420 Scriptura:
714 2351 908 2417 libros,
935 2352 1218 2420 perplures
1256 2353 1608 2409 collectioncs
1655 2356 1955 2410 accusant?
1987 2357 2052 2410 At
2093 2352 2295 2410 Nicetzc
2334 2355 2509 2425 stylus
2556 2370 2680 2409 cum
2708 2354 2830 2408 aliis
2864 2354 3121 2424 operibus
3145 2352 3348 2408 Niceta:
3382 2369 3489 2408 non
3517 2367 3658 2406 con-

339 2470 345 2474 -
377 2440 567 2493 sentit.
596 2437 737 2493 Cum
772 2438 959 2492 nullus
990 2439 1080 2494 hic
1104 2448 1387 2503 cernatur,
1414 2455 1605 2495 verum
1639 2452 1760 2509 est;
1811 2430 1940 2498 sunt
1968 2443 2114 2498 enim
2158 2443 2389 2498 altorum
2434 2443 2764 2509 scriptorum
2800 2443 3084 2497 sententiae
3117 2442 3437 2498 earumdem
3470 2442 3654 2495 verbis

376 2526 669 2595 expositae,
708 2526 789 2579 vel
816 2525 1149 2595 quandoque
1176 2526 1341 2581 etiam
1371 2527 1687 2591 decurtatre,
1724 2529 1779 2584 in
1815 2544 1926 2599 quo
1958 2531 2105 2583 nulla
2135 2540 2281 2586 certa
2315 2531 2439 2602 styli
2478 2531 2619 2585 ratio
2655 2531 2880 2585 formari
2916 2538 3117 2600 potest.
3145 2528 3407 2597 Quamvis
3440 2529 3495 2584 in
3528 2529 3656 2582 aliis

378 2614 502 2668 suis
559 2612 803 2682 scriptis,
838 2613 895 2666 in
953 2612 1153 2681 quibus
1207 2611 1479 2679 λογοειδὲς
1521 2613 1737 2668 dicendi
1767 2628 1936 2683 genus
1969 2628 2232 2685 sectatur,
2276 2635 2382 2675 non
2424 2620 2701 2689 inelegans
2752 2619 2847 2682 sit,
2895 2621 2988 2674 sed
3038 2621 3239 2691 gravis,
3278 2620 3565 2681 facundus,
3602 2631 3658 2675 et

382 2705 579 2771 plenus
620 2699 932 2754 sententiis.
960 2702 1033 2754 At
1065 2698 1151 2753 hic
1177 2698 1231 2752 in
1262 2699 1620 2769 inscriptione
1668 2702 1804 2757 nihil
1854 2717 2049 2771 purttm
2088 2707 2304 2772 retinet,
2342 2707 2477 2761 nihil
2508 2705 2712 2762 Graecae
2758 2704 2957 2777 lingnze
3012 2707 3377 2762 domesticum
3410 2717 3654 2763 resonat.

391 2790 531 2855 Quis
555 2789 609 2843 id
636 2789 753 2843 ait?
784 2786 891 2843 Res
922 2787 1063 2856 ipsa,
1096 2787 1142 2843 si
1177 2787 1451 2842 Comitolo
1491 2789 1769 2844 credimus
1808 2790 1926 2846 viro
1952 2791 2004 2845 in
2034 2791 2242 2849 Gracis
2275 2793 2473 2848 litteris
2508 2795 2907 2849 vcrsatissimo.
2941 2794 3160 2864 Νικήτα
3205 2796 3350 2849 enim
3385 2794 3515 2849 illud
3558 2810 3656 2863 pro

399 2876 639 2948 Νικητοῦ
660 2892 770 2931 non
799 2877 1070 2931 videture
1097 2876 1584 2946 grammaticorum
1611 2878 1822 2935 schola.
1857 2879 1923 2933 Et
1958 2889 2140 2936 tamen
2191 2896 2388 2949 purum
2442 2881 2823 2936 hellenismnm
2859 2892 3039 2937 sonat.
3090 2879 3298 2937 Nomen
3343 2883 3487 2937 enim
3522 2883 3654 2938 illud

391 2964 509 3020 fere
528 2967 579 3020 in
618 2965 876 3020 omnibus
932 2964 1096 3019 etiam
1151 2964 1556 3033 antiquioribus
1606 2966 1678 3021 ita
1728 2971 2012 3023 enuntiatu

2034 2987 2069 3027 Γ.
2128 2968 2269 3026 Hinc
2328 2970 2571 3040 legitur:
2603 2970 2898 3039 Συνανωγὴ
2950 2969 3265 3041 ἐξηγήσεων
3294 2972 3373 3034 εἰς
3406 2972 3467 3024 τὸ
3511 2972 3655 3027 κατὰ

384 3056 605 3109 Λουκᾶν
634 3054 786 3123 παρὰ
809 3052 1029 3122 Νικήτα
1057 3052 1332 3107 διακόνου.
1365 3052 1581 3123 Νικήτα
1610 3055 1834 3125 Σερῤὦν
1860 3057 1942 3122 si;
1970 3059 2276 3130 Γρηγόριον
2317 3060 2410 3112 τὸν
2439 3058 2725 3127 Θεολόγον.
2762 3058 2979 3129 Νικήτα
3021 3058 3349 3126 μονάζοντος
3373 3058 3469 3111 τοῦ
3515 3060 3656 3128 Στη-

382 3143 557 3196 οὰτου
582 3143 665 3204 si;
694 3141 758 3193 τὸ
795 3139 1000 3211 βιόλίον
1047 3139 1157 3192 τῶν
1205 3140 1366 3193 θείων
1411 3138 1863 3216 ὓμνωνιΝικήτα
1891 3146 1986 3199 τοῦ

2038 3148 2348 3212 Βυζαντίου.
2380 3147 2594 3219 Νικήτα
2628 3148 2721 3202 τοῦ
2766 3148 3083 3218 φιλοσόφπυ.
3141 3147 3203 3201 Et
3232 3148 3286 3202 in
3331 3145 3493 3202 editis
3527 3161 3659 3201 con-

380 3231 537 3290 ciliis
560 3230 846 3295 Romanis,
873 3226 1090 3286 de~Vita
1116 3228 1290 3283 sancti
1323 3226 1514 3299 lgnatii
1548 3248 1562 3285 :
1595 3232 1917 3303 Συνεγράερη
1951 3233 2001 3287 δὲ

2038 3235 2189 3306 παρὰ
2228 3235 2446 3304 Νικήτα.
2477 3234 2665 3289 δούλου
2703 3235 2881 3306 Ἰησοῦ
2919 3233 3180 3306 Χριστθῦ.
3215 3234 3305 3289 Sic
3335 3234 3500 3288 etiant
3532 3233 3657 3287 vul-

380 3332 575 3391 gatum
608 3329 717 3385 est,
743 3318 966 3388 Νικήτα
991 3315 1085 3369 τοῦ
1117 3318 1421 3372 Χωνιὰτου,
1457 3318 1523 3371 Et
1548 3319 1602 3372 in
1643 3321 1990 3388 expositione

2038 3322 2211 3377 ἓνκαὶ
2242 3324 2548 3377 carminum
2573 3323 2825 3395 Gregorii
2869 3322 3220 3385 Nazianzeni,
3255 3323 3471 3393 Νικήτα
3504 3320 3659 3390 φιλᾳ-

384 3411 578 3477 σόφου,
611 3406 709 3460 τοῦ
762 3404 858 3458 καὶ
912 3403 1076 3457 Δαυὶδ
1108 3403 1395 3475 ἑρμηνεία.
1421 3402 1646 3459 Possem
1677 3408 1841 3461 etiam
1891 3408 2001 3461 inllt

2036 3410 2098 3461 ita
2163 3410 2268 3464 alia
2314 3427 2381 3466 ex
2425 3411 2702 3466 historicis
2736 3409 2965 3473 referre,
2999 3411 3090 3480 qui
3136 3408 3336 3465 Niccta:
3364 3425 3560 3465 nomen
3600 3407 3657 3462 in

381 3495 636 3552 secundo
658 3508 792 3548 casu
822 3494 895 3547 ita
929 3490 1182 3557 ell‘erunt,
1213 3506 1388 3562 neque
1418 3504 1705 3563 propterea
1737 3501 1935 3563 praeter
1969 3497 2264 3564 puritatem
2296 3497 2467 3553 ϐραδεῖ
2522 3498 2796 3553 sermonis
2843 3498 3055 3554 locutos
3093 3513 3189 3553 eos
3220 3492 3407 3553 luisse
3458 3495 3659 3564 aliquis

382 3584 714 3642 criminatus
741 3589 848 3635 est.
889 3579 971 3634 An
1000 3594 1133 3649 ergo
1171 3589 1247 3633 tot
1272 3588 1539 3635 auctores.
1567 3581 1638 3635 ob
1665 3581 1829 3637 unius
1891 3582 2117 3653 syllaba:
2180 3586 2322 3640 male
2349 3585 2570 3655 scripta:
2614 3585 2667 3638 in
2706 3586 2826 3654 ipso
2851 3585 3030 3647 titulo,
3068 3585 3184 3640 suis
3232 3582 3658 3639 Commentariis

385 3669 859 3751 spoliattdi‘sunt?
893 3669 966 3723 De
995 3666 1180 3724 Niceta
1208 3666 1581 3730 lleracleensi,
1602 3678 1656 3722 et
1677 3669 1744 3723 de
1768 3673 1871 3724 hac
1892 3678 2084 3726 catena
2111 3674 2485 3727 tantummodo
2512 3673 2564 3727 id
2590 3672 2910 3737 decernere,
2931 3672 2999 3726 de
3025 3671 3148 3726 aliis
3175 3687 3281 3726 non
3312 3672 3464 3734 item,
3491 3669 3661 3740 λῆρος

386 3764 552 3831 plane
585 3768 754 3819 esset,
790 3758 885 3811 καὶ
910 3755 1061 3810 οὐδὲν
1089 3755 1263 3824 ὑγιές.
1288 3755 1447 3822 Quod
1478 3756 1525 3812 si
1557 3755 1776 3814 Nicetas
1804 3759 1926 3813 ideo
1947 3772 2012 3813 ex
2041 3760 2144 3815 hac
2179 3769 2370 3816 catena
2397 3758 2846 3821 exterminandas
2885 3768 2991 3821 est,
3020 3760 3177 3829 quod
3200 3758 3255 3811 in
3294 3756 3659 3812 exscribenda

389 3851 447 3903 in
478 3846 854 3903 declinatione
903 3854 1187 3913 peccatum
1237 3853 1341 3909 est,
1375 3843 1614 3899 fortasse
1661 3846 1827 3900 etiam
1873 3844 2299 3916 Olympiodorus
2322 3847 2626 3914 ejiciendus
2675 3861 2741 3901 ex
2792 3845 2899 3900 hoc
2944 3845 3134 3900 eodem
3165 3859 3330 3912 Opere
3361 3851 3467 3908 est,
3498 3842 3659 3911 cujus

388 3952 596 3993 nomen
625 3935 681 3990 in
709 3932 1161 3990 emendatissimo
1184 3932 1508 4002 exemplari,
1547 3932 1695 4004 quod
1721 3934 1921 3989 asserit
1946 3933 2214 3990 Patricius
2238 3932 2454 4000 Junius,
2483 3941 2804 3989 constanter
2847 3943 2900 3987 ct
2941 3946 3040 4002 per
3068 3930 3254 3985 omnia
3286 3932 3357 3983 ita
3390 3929 3656 3996 scripturn

391 4025 689 4096 reperitur,
718 4023 833 4093 lege
861 4021 1300 4090 compositionis,
1341 4030 1400 4076 nt
1430 4021 1664 4088 videtur,
1693 4023 1851 4076 aliter
1884 4023 2210 4092 postulante,
2241 4036 2413 4093 per-to
2452 4022 2503 4076 in
2527 4019 2957 4091 antepenultima
2983 4018 3308 4089 exprimitur
3346 4016 3665 4084 Ὀλυμπιω-

385 4115 595 4186 δώρου.
627 4111 732 4167 Sed
764 4109 967 4164 nimius
992 4110 1107 4179 ipse
1130 4123 1254 4164 sum
1285 4107 1340 4162 in
1365 4109 1641 4165 similibus
1676 4109 2002 4166 referendis.

464 4224 696 4294 Reliqua
722 4220 976 4277 Comitoli
999 4219 1307 4277 videantur.
1344 4220 1602 4277 Solemne
1626 4220 1727 4277 I'nit
1752 4220 1954 4278 Graeca:
1983 4221 2191 4278 nationi
2220 4220 2542 4277 adulterinis
2590 4219 2736 4297 notis
2782 4219 2952 4275 libros
2998 4231 3307 4289 aspergere.
3341 4214 3422 4270 Sit
3450 4224 3659 4270 certum

391 4324 563 4383 atque
587 4311 974 4375 indubitatum,
1006 4324 1185 4380 neque
1220 4310 1365 4364 enim
1406 4323 1553 4364 nunc
1583 4323 1684 4379 ego
1724 4309 1929 4365 Graecae
1980 4309 2220 4365 nationis
2255 4324 2478 4364 causam
2512 4324 2634 4379 ago.
2668 4307 2809 4374 Quid
2836 4322 2967 4378 ergo
3012 4308 3138 4361 inte
3176 4303 3473 4374 sequitur?
3516 4303 3664 4401 Ergo

389 4411 447 4456 et
474 4400 583 4454 hoc
618 4413 837 4469 quoque
866 4410 1087 4461 nomen,
1116 4410 1276 4450 eraso
1310 4409 1437 4451 vero
1468 4403 1718 4460 auctore,
1757 4404 1962 4451 catenae
1996 4396 2368 4467 praedixerunt.
2399 4394 2514 4451 lloc
2542 4411 2673 4451 vero
2721 4395 3061 4463 probandum
3086 4401 3191 4458 est,
3224 4401 3283 4446 ttt
3317 4393 3371 4446 in
3400 4392 3665 4460 exemplis

390 4489 582 4544 allatis
611 4486 679 4542 de
704 4485 910 4559 Cyrillo
940 4492 994 4539 et
1027 4484 1261 4554 Origene
1299 4483 1585 4553 probatur.
1642 4480 1830 4553 Neque
1856 4494 2146 4555 propterea
2194 4483 2382 4539 licebit
2437 4483 2732 4548 Comitolo,
2774 4483 2933 4551 pulso
2989 4482 3196 4546 Niceta,
3228 4480 3395 4535 alium
3454 4480 3664 4535 substi-

395 4587 582 4632 tuere.
621 4574 760 4629 Tum
792 4573 939 4627 enim
978 4571 1110 4626 etin
1146 4570 1296 4625 libris
1323 4586 1544 4641 quoque
1582 4570 1791 4626 Latinis
1821 4571 1873 4625 id
1906 4570 2086 4628 facere
2122 4587 2222 4643 pro
2264 4571 2487 4629 libidine
2510 4572 2945 4641 uniuscujusque
2969 4570 3395 4636 concederetur;
3425 4583 3573 4632 cum,
3604 4574 3666 4621 ut

390 4668 488 4723 ille
519 4665 616 4727 ait,
651 4661 989 4718 dissimulari
1018 4674 1125 4714 non
1163 4659 1353 4729 possit,
1394 4661 1566 4717 multa
1600 4658 1935 4730 Hieronymo
1963 4674 2072 4714 non
2119 4658 2461 4731 Hieronymi,
2491 4659 2799 4730 Augustino
2857 4659 3026 4711 multa
3081 4654 3318 4725 ascripta
3377 4668 3499 4708 esse
3553 4667 3663 4707 non

390 4736 714 4823 Augustini.
762 4749 902 4804 Hinc
956 4747 1249 4804 concludet
1308 4748 1496 4802 nescio
1529 4748 1654 4817 quis
1689 4749 1847 4816 plane
1898 4762 2008 4802 non
2062 4747 2316 4804 dissimili
2347 4756 2674 4818 argumento
2712 4766 2726 4802 :
2775 4747 2916 4816 Ergo
2947 4754 3141 4838 catena
3163 4757 3284 4812 quae
3315 4748 3528 4838 pros-tat
3558 4738 3664 4838 sub

395 4842 626 4898 nomine
653 4838 760 4894 divi
796 4836 1023 4891 Thoona:
1052 4835 1361 4906 Aquinatis,
1392 4836 1500 4889 divi
1531 4834 1755 4890 Thema:
1788 4852 1896 4891 non
1925 4845 2045 4903 est,
2074 4853 2199 4892 cum
2244 4836 2424 4891 Latini
2456 4837 2737 4892 sneverint
2780 4833 3059 4888 nonnullis
3090 4831 3243 4886 libris
3277 4844 3341 4884 ac
3368 4828 3665 4883 volumini-

391 4931 505 4986 bus
546 4942 655 4981 non
706 4939 932 4979 suorum
979 4930 1290 4986 auctorum,
1322 4923 1416 4978 sed
1449 4923 1755 4978 alienorum
1794 4925 2041 4987 nomina,
2075 4927 2375 4996 titulosque
2407 4925 2644 4996 alligere.
2685 4921 2802 4977 lmo
2843 4921 3109 4992 permulta
3144 4921 3198 4972 in
3223 4917 3382 4975 libris
3410 4932 3523 4972 sua:
3557 4915 3665 4972 So-

393 5015 637 5079 cietatis,
666 5013 711 5068 si
745 5013 890 5067 hunc
916 5011 1168 5067 eumdem
1202 5011 1566 5065 ratiocinandi
1617 5011 1839 5066 modum
1873 5026 2189 5082 sequemur,
2225 5013 2443 5067 decerni
2476 5012 2705 5080 possint.
2750 5010 3015 5064 Audiatur
3062 5007 3366 5064 (Ioznitolus
3393 5023 3407 5059 :
3439 5003 3664 5060 Haerea-
3710 5036 3717 5041 ι

393 5121 516 5158 mus
552 5103 610 5155 in
650 5100 874 5154 nostris.
905 5097 972 5152 In
1006 5100 1104 5153 hac
1134 5100 1252 5166 ipsa
1284 5106 1492 5167 catena,
1524 5114 1641 5168 qua:
1669 5099 1941 5168 superiore
1985 5116 2125 5155 anno
2153 5109 2232 5155 est
2264 5101 2520 5170 impressa
2565 5096 2831 5165 Lugduni,
2861 5112 3040 5150 annon
3103 5102 3277 5150 exstat
3311 5092 3555 5164 Epistula
3588 5091 3660 5147 ad

396 5192 691 5247 Antonium
722 5189 992 5258 Caraﬂ‘am
1026 5185 1357 5242 cardinalem
1390 5186 1823 5254 amplissimum?
1856 5204 2016 5259 quant
2068 5205 2187 5242 cum
2236 5187 2482 5258 temporis
2523 5185 2805 5256 angustiae,
2830 5198 3114 5253 eorumque
3146 5197 3325 5252 preces
3356 5183 3446 5251 qui
3472 5180 3668 5282 editio:

397 5298 518 5336 nem
571 5282 848 5349 urgebant,
876 5276 942 5330 ab
991 5277 1220 5329 universi
1273 5274 1446 5327 nostri
1489 5273 1690 5329 ordinis
1737 5275 2068 5328 moderatore
2125 5272 2304 5327 acrius
2360 5276 2749 5357 extorquerenl,
2784 5268 3081 5357 videretque
3137 5282 3325 5357 eorum
3377 5267 3667 5357 cupiditati

396 5370 652 5439 satisﬁeri
685 5383 789 5422 non
818 5378 986 5434 posse,
1022 5366 1067 5419 si
1100 5381 1130 5417 a
1166 5378 1246 5417 me
1271 5361 1628 5429 exspectanda
1671 5361 1895 5418 Romam
1930 5371 2045 5416 erat
2088 5359 2354 5431 Epistola,
2401 5353 2825 5454 ejusscrnibendw
2876 5356 3074 5410 diserto
3098 5355 3301 5454 “sodali
3353 5353 3539 5454 datum
3580 5362 3662 5407 est

397 5462 671 5532 negotium
704 5474 725 5513 :
758 5472 923 5526 neque
956 5471 1018 5509 ea
1062 5470 1119 5508 re
1157 5454 1415 5507 mentitur
1442 5451 1705 5522 Epistula,
1742 5453 1881 5522 quod
1923 5467 2027 5506 non
2062 5451 2131 5504 sit
2167 5457 2440 5503 auctorem
2491 5445 2719 5543 Paulum
2754 5453 2949 5543 nacta;
2975 5444 3173 5543 prodiit
3206 5444 3350 5543 enim
3380 5444 3495 5508 ipsa
3517 5455 3663 5543 utere

396 5568 602 5621 quoque
649 5548 797 5604 testis
844 5543 1073 5614 locuples
1126 5542 1444 5608 uoluntatis,
1484 5542 1739 5612 illamque
1765 5541 1920 5610 quasi
1953 5539 2155 5610 prolem
2209 5553 2379 5592 meam
2411 5535 2621 5607 agnovi.
2657 5532 2984 5631 Quasi-vero
3014 5532 3668 5631 integerrimi

404 5612 588 5708 inique
622 5638 837 5700 Patres,
863 5643 917 5690 ct
948 5612 1220 5705 praecipue
1249 5631 1383 5685 tanti
1425 5629 1636 5685 ordinis
1683 5631 2018 5694 moderator,
2060 5626 2696 5716 scriptionesjnssn‘suo
2733 5621 2803 5676 ab
2838 5622 2939 5676 hoc
2966 5620 3069 5716 vel
3104 5619 3197 5716 illo
3248 5612 3660 5716 sodaligly'acLas,

402 5697 536 5780 nutu
566 5742 674 5782 suo
706 5697 832 5780 aliis
859 5738 927 5778 ex
949 5697 1091 5776 suis
1116 5697 1452 5781 distribuat,
1486 5724 1543 5772 et
1585 5717 1796 5773 alienos
1830 5716 2068 5780 labores,
2106 5714 2194 5768 cui
2244 5712 2345 5781 ipsi
2370 5711 2615 5799 libuerit
2648 5718 2938 5799 supponat.
2965 5706 3070 5799 Sed
3098 5704 3206 5799 vim
3232 5697 3667 5799 arguti-tentiis?

357 5844 365 5853 -
397 5817 722 5887 spuiamus'.
761 5810 937 5871 Gncci
961 5810 1091 5865 item
1117 5816 1280 5880 atque
1312 5805 1492 5863 Latini
1548 5806 1721 5862 multa
1774 5804 1980 5862 auctori
2025 5818 2135 5860 non
2170 5816 2271 5859 suo
2312 5798 2466 5855 falsis
2508 5798 2969 5871 inscriptionibus
3009 5793 3235 5856 donant,
3266 5798 3321 5844 et
3364 5782 3660 5855 aliquando
