4104 6446
480 377 591 444 539
1701 376 2021 437 NICETAS
2059 377 2528 439 SEBRONIUS.
3565 349 3569 352 ’
3643 377 3756 441 tto

483 491 795 548 lmdrrator
836 489 1124 545 Societatis
1149 488 1445 559 Epistulam
1476 490 1545 544 ab
1569 490 1678 544 alio
1717 492 1997 560 scriptam,
2032 493 2255 562 perinde
2310 501 2477 561 atque
2527 493 2571 547 si
2635 491 2836 549 l‘aulns
2882 494 3190 550 Cuniitolus
3249 509 3370 549 eam
3411 493 3756 562 scripsisset,

484 578 808 650 publicavit.
844 576 982 645 Ergo
1012 586 1201 629 catena
1238 578 1290 629 in
1325 574 1522 630 Jobnm
1556 594 1585 632 a
1622 577 1893 633 Cotni'olo
1938 594 2119 639 versa.
2165 580 2291 633 licet
2341 579 2544 635 Nicetie
2588 597 2786 635 nomen
2829 583 3107 651 pra-ferat,
3140 582 3339 637 Niceta:
3371 591 3608 636 nonest.
3642 585 3760 634 Au-

486 682 595 720 non
628 664 855 719 solidius
881 662 1243 716 conclusisset
1264 674 1510 717 catenazn
1548 668 1744 734 ipsam,
1772 680 1894 734 quze
1926 665 2028 718 sub
2064 665 2317 721 Comitoli
2366 669 2587 721 nomine
2622 685 2753 721 eum
2781 679 2884 728 est.
2918 670 3177 724 Coniitoli
3215 685 3321 722 non
3352 669 3518 722 esse?
3547 668 3606 721 Et
3642 684 3756 736 qua

487 756 542 809 in
599 767 877 821 posterum
936 753 1266 808 certitudine
1318 755 1435 809 suis
1479 754 1800 809 auctoribus
1861 760 2129 807 tractatus
2178 761 2234 803 et
2270 751 2438 804 libros
2503 751 2929 811 vimiicabimus.
2970 753 3015 807 si
3071 752 3290 821 pondus
3325 752 3548 820 aliquod
3582 768 3755 820 argu-

492 852 740 894 tueutntn
779 842 881 894 hoc
911 842 963 895 in
998 857 1057 895 se.
1086 841 1432 895 contineret?
1465 841 1626 896 Certe
1658 841 1828 896 nulla.
1864 840 1969 893 Par
1993 838 2138 891 enim
2171 850 2335 906 a'que
2364 853 2533 890 unum
2571 840 2817 891 omnium
2855 839 3123 906 judicium
3155 840 3282 893 rrit.

559 928 700 993 Quid
736 945 901 997 porro
940 945 1038 999 pro
1065 928 1456 999 Olympiodoro
1488 945 1590 983 suo
1613 928 1941 998 argutatori
1980 927 2110 993 Qua!
2139 926 2393 993 superius
2422 927 2657 982 breviter
2691 928 3091 995 expressimus.
3142 926 3208 981 Et
3248 928 3455 981 diceret
3505 926 3760 980 fortassis

489 1017 717 1084 a‘iqnid,
755 1018 797 1070 si
831 1016 1205 1088 Otyunpiudori
1244 1018 1405 1072 verba
1435 1017 1522 1070 illa
1548 1027 1750 1072 essent.
1775 1018 1841 1070 At
1873 1031 1994 1069 cum
2024 1015 2267 1070 auctoris
2308 1024 2513 1068 catenze
2554 1015 2684 1073 sint.
2718 1015 2920 1070 frustra
2973 1024 3052 1069 tot
3099 1016 3310 1084 aggerit
3357 1015 3628 1083 exempla.
3662 1019 3763 1065 So-

491 1104 521 1157 li
549 1113 606 1155 nl
636 1104 844 1157 scilicet
882 1104 1260 1171 hujuscemodi
1296 1106 1684 1159 tractationum
1718 1115 1992 1169 auctores,
2027 1118 2092 1156 ne
2127 1103 2410 1156 sententia:
2441 1102 2615 1155 allatae
2660 1103 2903 1156 rlumbcs
2948 1111 3113 1169 atque
3144 1102 3447 1160 dissolutae.
3490 1102 3763 1153 orationis

492 1192 691 1245 seriem
761 1191 1055 1262 ittlt'i:‘gerc
1102 1193 1405 1256 videantur,
1465 1193 1667 1262 aliquid
1728 1194 1794 1247 de
1853 1208 1955 1248 suo
2024 1191 2303 1249 addentes.
2360 1189 2611 1258 apposito
2654 1189 2817 1243 veluti
2900 1188 3139 1251 vinculo,
3201 1188 3574 1241 antecedentia
3629 1202 3761 1241 cum

494 1281 959 1347 subsequentibus
997 1279 1269 1349 colligere.
1301 1279 1355 1333 Id
1390 1279 1549 1333 facile
1578 1265 2144 1350 ileprelienilerit,'qui
2190 1293 2414 1337 catenas
2465 1283 2742 1350 antiquas,
2777 1290 2832 1336 et
2877 1282 3108 1351 hujusce
3154 1281 3358 1336 Nicetaa
3412 1281 3761 1350 potissimum

495 1368 783 1422 examinet.
810 1366 1072 1437 Namque,
1111 1367 1259 1422 verbi
1293 1366 1484 1436 gratia,
1514 1383 1637 1421 cum
1678 1367 1800 1422 dum
1841 1368 1924 1421 vel
1958 1379 2067 1423 tres
2097 1370 2333 1435 alicujus
2352 1371 2714 1438 expositionis
2767 1386 2950 1425 causa:
2987 1386 3096 1423 non
3153 1370 3223 1423 ab
3267 1371 3457 1423 eodem
3510 1380 3762 1428 auctore.

496 1453 590 1506 sed
628 1470 657 1507 a
694 1454 926 1509 diversis
965 1454 1288 1517 redduntur,
1328 1454 1416 1507 ille
1437 1454 1502 1507 de
1532 1469 1631 1510 szto
1654 1454 1792 1510 solet
1821 1456 2019 1508 addere
2050 1474 2064 1509 :
2100 1455 2303 1525 Duplex
2340 1467 2416 1510 est
2454 1456 2614 1525 hujus
2647 1457 2750 1511 loci
2795 1458 3076 1525 expositio,
3109 1466 3205 1509 aut
3226 1458 3362 1509 enim
3398 1456 3496 1509 hoc
3525 1456 3679 1513 dicit,
3709 1466 3767 1508 et

497 1550 682 1609 postea
709 1555 906 1595 nomen
943 1544 1183 1597 auctoris
1211 1542 1482 1611 appingit;
1508 1555 1681 1609 eaque
1711 1542 1974 1596 sententia
2009 1542 2181 1608 linita,
2219 1544 2368 1612 ponit
2412 1546 2572 1598 verba
2606 1545 2695 1599 illa
2727 1563 2741 1598 :
2778 1546 2885 1599 Aut
2924 1546 2979 1598 id
3011 1547 3185 1613 potius
3224 1544 3527 1615 signiﬁcare
3552 1543 3763 1608 coluit;

494 1638 547 1681 et
578 1638 689 1681 tum
723 1628 951 1683 a'tcrius
985 1642 1187 1683 nomen
1222 1627 1715 1695 sululitJllultiplex
1731 1637 1806 1682 est
1841 1629 1922 1683 his
1954 1629 2120 1685 verbis
2156 1632 2387 1699 subjecta
2422 1633 2705 1698 sententia,
2739 1642 2831 1686 aut
2859 1634 2996 1686 enim
3021 1632 3120 1685 hoc
3146 1632 3319 1695 dicit;
3344 1640 3457 1684 tum
3488 1629 3767 1699 profertur

497 1719 763 1773 sententia
785 1735 849 1774 es
880 1718 1061 1786 aliquo
1085 1727 1326 1773 auctore.
1364 1717 1714 1772 Postmodum
1745 1718 2053 1787 subjicitur,
2077 1718 2184 1773 Aut
2231 1735 2350 1774 vero
2390 1719 2488 1774 hoc
2517 1720 2689 1784 aliud,
2717 1728 2772 1775 et
2800 1720 3019 1776 similia.
3052 1720 3118 1773 Et
3145 1735 3270 1774 cum
3316 1719 3421 1775 ista
3466 1717 3769 1772 sententia-

498 1823 619 1861 rum
656 1807 925 1862 connexio
958 1808 1023 1863 de
1055 1809 1364 1863 substantia
1399 1824 1579 1861 rerum
1604 1808 1738 1862 nihil
1774 1816 1968 1870 mutet,
2008 1822 2116 1862 non
2141 1821 2281 1877 opus
2327 1814 2444 1861 erat
2486 1805 2540 1859 in
2588 1807 2739 1861 hisce
2774 1806 3015 1861 verbalis
3043 1817 3325 1862 auctorem
3361 1814 3568 1861 catena:
3598 1819 3767 1858 suum

498 1910 693 1948 nomen
718 1910 1009 1963 apponere.
1047 1893 1326 1950 Undenazn
1363 1895 1415 1949 id
1459 1895 1725 1950 habeam?
1755 1896 1900 1950 dicet
1928 1895 2250 1950 Comitolus.
2278 1894 2353 1949 Es
2395 1894 2509 1963 ipsa
2542 1901 2859 1949 catenarum
2894 1903 3112 1949 natura.
3135 1892 3255 1947 Non
3283 1892 3495 1963 placet?
3522 1893 3720 1946 Audiat
3749 1909 3765 1947 :

499 1982 681 2036 Potuit
711 1983 762 2036 id
804 1983 873 2036 ita
909 1982 1044 2037 fieri.
1071 1983 1396 2037 Contemnct
1430 1984 1543 2037 lure
1570 1983 1918 2039 Comitolus?
1952 1991 2266 2038 contemnat
2293 1996 2424 2053 ergo
2455 1990 2510 2037 ct
2538 1982 2629 2035 illa
2666 1996 2788 2045 sua,
2828 1980 2959 2037 dum
2992 1979 3239 2036 Nieetam
3276 1991 3570 2050 oppugnat,
3603 1980 3769 2035 toties

501 2068 771 2124 inculcata
807 2088 821 2123 :
858 2069 1043 2124 Potuit
1102 2068 1513 2141 Olympiodorus
1570 2090 1602 2125 a
1652 2073 1822 2141 primo
1860 2073 2093 2142 integras
2146 2069 2524 2139 absolutaeque
2568 2071 3028 2137 interpretationes
3074 2068 3298 2137 singulis
3329 2070 3565 2123 historias
3597 2082 3771 2122 sacra:

497 2157 739 2225 partibus
762 2157 1089 2222 adhibuisse,
1124 2167 1228 2212 etc.
1263 2155 1447 2212 Potuit
1474 2162 1644 2227 primo
1665 2170 1911 2228 separato
1940 2158 2355 2223 Commentario,
2381 2168 2489 2213 etc.
2527 2158 2713 2213 Potuit
2737 2174 2959 2213 suarum
2992 2158 3373 2212 sententiarum
3399 2172 3463 2209 ac
3493 2157 3775 2210 uerborum

497 2243 776 2299 selectione
833 2256 1008 2312 utens,
1061 2254 1167 2300 etc.
1202 2243 1257 2299 Si
1324 2244 1413 2299 ille
1460 2244 1590 2315 quia
1646 2246 1846 2316 potuit,
1898 2246 2060 2311 fecit;
2120 2259 2294 2316 quare
2341 2260 2451 2303 non
2488 2256 2544 2302 et
2583 2243 2824 2312 Nicetes,
2854 2244 2953 2316 qui
2982 2244 3115 2315 jnon
3156 2243 3341 2298 minus
3369 2240 3772 2314 Oiympiodoro

499 2333 723 2402 pondt?

576 2417 643 2472 Ut
679 2433 807 2472 vero
838 2417 904 2474 de
927 2418 1180 2474 formulis
1204 2420 1272 2475 ab
1302 2418 1695 2491 Olympiodoro
1726 2422 2004 2490 usurpatis
2030 2421 2233 2492 aliquid
2264 2438 2397 2479 cxac
2410 2423 2522 2480 tius
2548 2422 2843 2489 habeatur,
2873 2421 3108 2477 dicimus
3134 2418 3586 2492 Olympiodornm
3621 2417 3775 2475 hunc

503 2506 795 2560 diaconum
829 2505 1261 2561 Alexandrinum
1310 2522 1339 2561 a
1398 2505 1610 2563 Joanne
1637 2508 2058 2579 archiepiscopo
2111 2510 2502 2575 Alexandrino.
2550 2519 2914 2581 cognomento
2945 2509 3180 2571 Nieiota.
3220 2516 3553 2578 promotum,
3590 2508 3787 2562 varios

502 2607 673 2647 sacrae
697 2592 991 2663 Scriptum
1025 2594 1193 2648 libros
1218 2593 1333 2649 suis
1360 2596 1794 2665 expositionibus
1828 2598 2131 2655 clncidasse
2156 2600 2260 2663 sic,
2284 2609 2343 2653 ut
2375 2608 2502 2655 ante
2526 2598 2741 2669 singula
2776 2596 2956 2666 capita
2998 2611 3130 2651 suas
3168 2595 3510 2666 protheorias
3561 2596 3776 2650 scribe-

501 2691 606 2743 ret,
639 2682 843 2749 quibus
882 2681 1161 2736 succincte
1194 2690 1249 2737 et
1287 2670 1527 2738 breviter
1558 2695 1940 2755 argumentum
1987 2694 2044 2742 et
2099 2701 2261 2744 sensa
2312 2695 2666 2757 proponeret,
2700 2694 2889 2755 postca
2950 2699 3081 2740 suas
3131 2683 3526 2753 expositiones,
3567 2697 3779 2752 easque

502 2766 857 2822 hrevissimas
886 2767 1261 2838 subjungerrt,
1296 2778 1354 2822 ut
1386 2770 1569 2826 videre
1602 2772 1837 2841 quisque
1870 2773 2065 2841 poterit
2117 2773 2170 2828 in
2216 2772 2660 2844 Espositionihus
2713 2773 2784 2828 ab
2834 2772 3029 2828 eodem
3057 2770 3406 2828 concinnatis
3430 2771 3486 2825 in
3518 2768 3778 2826 Jeremiie

500 2853 843 2923 l’mpbetias,
873 2854 1314 2912 Lamentationes
1340 2867 1393 2911 et
1423 2856 1716 2928 Epistolas,
1751 2875 1961 2915 necnon
1987 2862 2037 2915 in
2075 2858 2341 2917 Vaticinia
2381 2861 2620 2925 Barucli,
2645 2876 2769 2932 quas
2793 2861 2846 2917 in
2866 2860 3275 2931 antiquissimo,
3298 2864 3528 2931 optimo,
3568 2870 3622 2913 et
3648 2874 3780 2913 vere

502 2959 670 3023 aureo
697 2945 883 2999 codice
908 2946 1256 3002 bibliotheca:
1293 2946 1601 3004 Barberina:
1633 2961 2005 3007 asservantnr.
2042 2950 2109 3006 Ut
2139 2968 2268 3007 vero
2312 2968 2443 3008 suas
2486 2951 2831 3023 protheoriaa
2869 2958 2926 3005 et
2963 2950 3357 3020 explicationes
3398 2956 3785 3011 conuecteret.

505 3021 762 3085 formulis
789 3032 914 3099 illis,
950 3049 1088 3101 quas
1126 3034 1333 3104 colligit
1366 3034 1693 3101 Comitolus,
1730 3038 1897 3092 utitur
1933 3042 2141 3107 :Atque
2165 3041 2221 3093 in
2257 3040 2340 3094 his
2366 3021 2523 3110 caput
2554 3040 2788 3108 primum
2815 3038 2978 3092 situm
3007 3049 3084 3092 est
3118 3053 3138 3090 :
3169 3052 3309 3091 nunc
3330 3037 3398 3089 ad
3438 3034 3655 3089 secundi
3682 3050 3780 3086 ca-

500 3119 630 3188 pitis
659 3121 1020 3189 protheoriam
1052 3121 1487 3192 aggrediendnm.
1525 3122 1627 3179 Sed
1656 3125 1721 3178 de
1746 3128 1977 3180 secundo
2021 3129 2194 3196 capite
2229 3137 2533 3181 tractemus.
2567 3124 2748 3196 Igitur
2792 3125 2985 3194 capitis
3032 3123 3175 3176 tertii
3214 3123 3570 3191 protheoriam
3613 3121 3782 3174 insti-

504 3218 707 3263 tucntes
736 3210 981 3264 dicimus.
1021 3209 1192 3280 Atque
1229 3212 1535 3278 huiusmodi
1592 3222 1670 3266 est
1720 3215 2051 3282 superiorum
2099 3230 2342 3268 uersuum
2394 3215 2691 3277 sententia;
2721 3228 2892 3279 operte
2950 3213 3178 3280 pretium
3207 3220 3383 3264 tamen
3411 3219 3508 3273 est,
3537 3209 3784 3278 singulos

502 3313 683 3349 t'crstts
740 3313 977 3351 seorsum
1034 3314 1312 3366 exponere.
1346 3302 1451 3352 Aut
1501 3316 1567 3354 ea:
1611 3301 1787 3369 priore
1827 3302 2255 3369 interpretatione
2287 3302 2533 3356 debemus
2564 3300 2894 3370 intelligere;
2925 3308 3017 3352 aut
3063 3314 3182 3352 vero
3228 3297 3297 3351 ad
3337 3298 3434 3351 illa
3478 3300 3593 3365 ipsa
3622 3299 3785 3351 rerba

504 3387 639 3437 hanc
693 3384 1007 3438 sententiam
1062 3386 1507 3440 accommodabis.
1538 3387 1706 3457 Atque
1755 3389 1866 3443 ha'c
1909 3399 1988 3444 est
2029 3389 2195 3444 verbis
2224 3389 2346 3445 Jobi
2373 3389 2611 3458 subjecta
2659 3387 2945 3449 sententia,
2969 3387 3213 3453 deinceps
3241 3386 3451 3455 singula
3482 3386 3782 3439 rideamus.

509 3472 670 3526 Nunc
699 3474 867 3543 igitur
896 3474 965 3527 ad
1001 3474 1259 3543 reliquam
1292 3476 1780 3545 interpretationem
1830 3495 2133 3548 pergamus.
2183 3480 2250 3532 Et
2299 3479 2445 3549 quod
2482 3478 2556 3531 illi
2616 3476 3012 3530 validissimum
3067 3475 3326 3527 videtur:
3364 3473 3503 3543 Ergo
3535 3474 3789 3527 historic

502 3558 631 3613 Jobi
663 3563 835 3629 prima
865 3571 1021 3629 atque
1059 3573 1294 3615 extrema
1337 3572 1459 3616 sunt
1504 3563 1833 3633 lmjusmodi.
1863 3566 2031 3633 Atque
2067 3568 2143 3619 ita
2183 3574 2260 3620 est
2295 3565 2444 3618 nobis
2470 3564 2627 3632 hujus
2670 3563 2836 3632 ipsius
2873 3562 3001 3615 libri
3024 3561 3332 3630 explanatio
3364 3563 3433 3613 ad
3455 3562 3655 3614 exitum
3684 3565 3788 3612 atl-

505 3648 691 3701 ducta.
722 3647 874 3714 Quod
906 3650 952 3701 si
977 3650 1233 3703 nonnulla
1268 3654 1571 3720 conjectura
1596 3654 1793 3721 potius,
1829 3670 1989 3723 quam
2026 3663 2168 3708 certa
2203 3653 2660 3724 comprehensione
2693 3653 2840 3708 ducti
2869 3651 3204 3718 interpretati
3238 3666 3444 3710 sumus.
3474 3665 3601 3702 sane
3629 3660 3777 3702 certe

512 3737 565 3788 id
592 3753 682 3790 nec
710 3754 741 3789 a
773 3738 959 3804 primis
990 3736 1160 3801 nobis,
1187 3755 1278 3792 nec
1325 3756 1354 3790 ιι
1395 3740 1524 3793 solis
1565 3749 1640 3794 est
1672 3742 1995 3810 factitatum.
2027 3741 2130 3796 Sed
2160 3742 2256 3796 hoc
2283 3742 2459 3810 ipsum
2485 3757 2606 3794 cum
2636 3741 2702 3794 iis
2733 3740 2975 3793 omnibus
3025 3739 3127 3806 fuit
3160 3739 3308 3792 nobis
3350 3754 3642 3796 commune.
3674 3738 3773 3805 qui

510 3824 668 3893 hujus
696 3824 820 3879 libri
853 3825 1161 3894 interpretes
1194 3836 1242 3879 et
1272 3827 1643 3896 explanatores
1675 3828 1914 3897 fuerunt.
1948 3829 2059 3885 Has
2097 3828 2279 3901 itaque
2329 3828 2618 3891 formulas,
2651 3841 2792 3897 quas
2821 3824 3266 3897 Olympiodorus,
3301 3825 3346 3881 si
3375 3835 3557 3880 tamen
3590 3827 3785 3896 Olym-

512 3912 722 3981 piodori
776 3922 925 3977 sunt,
981 3914 1033 3967 in
1101 3929 1200 3969 sua
1262 3914 1712 3984 interpretatione
1745 3914 1864 3969 Jubi
1911 3928 2287 3986 usurpaverat,
2322 3925 2515 3974 auctor
2557 3924 2765 3970 catena:
2790 3928 2916 3970 cum
2956 3916 3023 3967 ad
3059 3914 3364 3969 sententias
3403 3913 3783 3982 expositorum

511 4001 848 4071 colligendas
875 4000 1179 4070 judicassct
1212 4002 1553 4072 aptissimus,
1585 4019 1651 4057 ne
1686 4003 1752 4058 de
1781 4018 1885 4059 suo
1917 4004 2099 4060 minus
2121 4003 2331 4071 aptiora
2358 4011 2678 4071 apponeret,
2716 3999 2770 4052 in
2809 4007 3069 4055 contextu
3119 4008 3328 4053 catenae.
3360 3995 3684 4055 immiscuit.
3723 4006 3790 4049 ut

511 4090 910 4143 conuexioncm
944 4090 1111 4143 etiam
1143 4105 1209 4144 ex
1241 4090 1459 4153 alienis,
1491 4092 1953 4159 quemadmodum
1991 4104 2046 4148 et
2080 4092 2289 4161 reliqua
2324 4091 2456 4154 alia,
2488 4086 2934 4157 ingeniosissime
2969 4099 3322 4155 comparasse
3353 4084 3786 4139 demonstraret.

516 4172 582 4227 Et
611 4191 721 4228 rem
756 4175 829 4229 ita
860 4192 918 4230 se
951 4175 1155 4230 habere
1194 4179 1483 4245 perspicue
1516 4179 1798 4248 intelliget,
1833 4179 1926 4249 qui
1980 4179 2145 4234 hasce
2189 4178 2384 4232 allatas
2414 4192 2444 4231 a
2477 4174 2749 4231 Comitolo
2788 4189 2912 4228 cum
2944 4173 3171 4244 reliquis
3216 4170 3611 4243 Olympiodori,
3643 4186 3788 4239 qua-

514 4270 632 4313 rum
663 4277 827 4330 supra
857 4261 1207 4317 meminimus
1241 4263 1293 4317 in
1344 4263 1635 4319 Jeremiam
1679 4273 1735 4321 et
1773 4262 1988 4322 Baruch
2038 4264 2488 4335 Espositiouibus
2515 4265 2779 4318 conl'erct.
2818 4258 2883 4317 Et
2924 4262 3005 4317 ha:
3050 4271 3250 4316 nostrae
3313 4260 3643 4330 conjecturae
3685 4272 3792 4326 pro

517 4349 702 4402 Nccta
733 4351 998 4403 adversus
1029 4348 1473 4421 Olympiodorum
1505 4362 1653 4410 sunt.
1689 4354 2119 4410 Committantur
2146 4354 2329 4422 itaque
2381 4351 2710 4421 conjecturae
2742 4365 2863 4405 cum
2920 4347 3274 4418 coniecturis,
3298 4358 3353 4404 et
3382 4362 3511 4401 vero
3550 4345 3791 4402 similiu-

514 4435 671 4488 ribus
698 4434 1030 4490 attendatur.
1065 4436 1255 4506 Neque
1288 4438 1434 4492 enim
1469 4439 1519 4493 id
1549 4440 1686 4495 mihi
1718 4456 1919 4507 arrogo
1953 4450 2162 4496 certum
2206 4439 2436 4509 hujusce
2474 4447 2681 4494 catena:
2718 4447 3021 4507 parentem.
3053 4452 3084 4492 e
3115 4436 3354 4492 tenebris
3385 4442 3603 4491 erutum
3636 4432 3791 4487 auti-

512 4522 743 4587 qnitatis
799 4533 925 4577 ante
979 4524 1325 4578 curiosorum
1381 4528 1572 4581 oculos
1607 4544 1833 4596 ponere,
1866 4537 1921 4583 et
1979 4528 2233 4582 latentem
2275 4527 2329 4581 in
2372 4537 2622 4596 apertum
2668 4526 2921 4580 educere.
2956 4523 3043 4591 Et,
3088 4534 3146 4580 ut
3190 4525 3425 4595 ingenue
3461 4522 3655 4584 fatear,
3684 4535 3792 4590 pro

516 4609 910 4681 Olympiodoro
947 4624 1326 4682 argumentum
1387 4615 1829 4671 eliicacissimum
1884 4616 2069 4681 fuerit,
2116 4612 2305 4672 Patres
2358 4615 2413 4669 in
2466 4616 2569 4669 hac
2613 4622 2802 4668 catena
2857 4614 3125 4678 laudatos,
3166 4627 3359 4669 omnes
3406 4621 3532 4666 ante
3579 4625 3791 4664 annum

518 4697 1003 4761 sescentesimum,
1038 4699 1183 4753 circa
1216 4716 1364 4778 qua:
1420 4712 1661 4772 tempora
1709 4702 2157 4774 Olympiodorum
2222 4719 2439 4774 quoque
2494 4701 2743 4756 ﬂoruisse
2779 4716 2906 4753 vero
2959 4700 3299 4755 simillimum
3327 4709 3436 4761 est.
3472 4698 3790 4769 scripsisse,

518 4788 842 4856 nullumque
889 4786 978 4856 qui
1031 4798 1156 4856 post
1192 4790 1243 4842 id
1281 4799 1492 4857 tempus
1533 4790 1776 4845 ﬂoruerit
1809 4792 2030 4845 adduci.
2061 4789 2215 4857 Quod
2248 4788 2436 4857 utique
2479 4802 2586 4840 non
2614 4783 2746 4839 facit
2795 4784 3030 4845 Nicctas,
3081 4784 3172 4852 qui
3207 4799 3330 4838 cum
3365 4783 3459 4837 illo
3491 4784 3650 4852 longe
3698 4798 3794 4834 re-

515 4874 732 4928 centior
773 4876 863 4940 sit,
899 4878 1067 4931 multa
1104 4893 1168 4930 es
1207 4877 1463 4932 Simeone
1485 4878 1870 4948 Metaphraste,
1905 4878 2092 4934 Niceta
2129 4877 2352 4940 Davide,
2374 4873 2585 4928 Joanne
2611 4871 2966 4930 Damasceno.
2995 4870 3211 4926 Joanne
3243 4870 3558 4934 Geometra,
3586 4869 3790 4925 Cosma

519 4963 792 5015 monacho
833 4973 885 5017 ct
913 4965 1055 5027 aliis,
1085 4965 1176 5033 qui
1229 4976 1352 5033 post
1396 4982 1458 5019 ea
1509 4975 1752 5037 tempora
1794 4969 2068 5033 vixerunt,
2100 4967 2152 5021 in
2183 4967 2299 5022 suis
2332 4966 2544 5021 catenis
2587 4974 2890 5019 mutuatur.
2930 4963 2983 5018 Id
3014 4966 3060 5020 si
3108 4960 3371 5018 momenti
3405 4960 3640 5030 alicujus
3671 4974 3786 5013 non

521 5059 630 5108 est.
670 5053 856 5127 nescio
881 5054 1006 5119 quid
1044 5055 1189 5107 aliud
1223 5053 1387 5108 fuerit
1418 5074 1431 5109 :
1468 5070 1576 5109 non
1608 5056 1810 5110 evincit
1846 5067 2049 5120 tamen,
2091 5054 2534 5127 Olympiodornm
2573 5052 2801 5121 hujusce
2835 5065 3042 5107 catena;
3076 5058 3357 5106 auctorem
3403 5048 3575 5103 fuisse
3609 5066 3623 5100 :
3661 5063 3789 5101 cum

522 5124 709 5190 forsan
739 5154 803 5191 ex
845 5139 929 5191 his
961 5141 1040 5193 vel
1065 5141 1187 5195 aliis
1215 5142 1575 5211 scriptoribus
1607 5143 2023 5207 recentioribus,
2054 5124 2198 5212 quod
2228 5144 2295 5197 ad
2337 5145 2673 5211 prepositum
2715 5142 2939 5202 faceret,
2993 5140 3077 5197 vel
3124 5153 3228 5191 non
3269 5134 3558 5199 invenerit,
3590 5133 3673 5187 vel
3709 5134 3796 5187 in.

524 5235 770 5297 ventum,
811 5230 1177 5296 prolixitatem
1217 5231 1502 5302 effugiens,
1532 5232 1849 5301 neglexerit,
1891 5232 2181 5301 pratcipuis
2223 5229 2600 5283 tantummodo
2647 5228 2902 5282 Patribus
2939 5227 2991 5280 in
3029 5227 3132 5279 hac
3176 5222 3527 5293 Expositione
3568 5233 3793 5277 conten-

525 5321 637 5369 tus.
665 5313 852 5384 Neque
885 5317 1029 5370 enim
1058 5319 1239 5371 omnia
1270 5320 1533 5373 adnotare
1566 5336 1759 5374 oinncs
1793 5321 2071 5388 cogimur;
2128 5319 2219 5373 sed
2257 5318 2475 5387 genium
2500 5318 2734 5388 quisque
2765 5316 3018 5386 sequitur
3046 5330 3230 5369 suum.

600 5430 906 5498 Antequam
932 5428 1135 5491 ﬁniam,
1161 5429 1291 5482 illud
1315 5432 1479 5483 ctiam
1507 5430 1856 5501 subjungatu,
1885 5430 1937 5485 in
1974 5445 2257 5487 sermones
2280 5430 2526 5500 Gregorii
2551 5429 2869 5485 Nazianzeni
2890 5436 3105 5484 exstare
3123 5436 3236 5481 tum
3263 5424 3793 5483 Niceti-Heracleen-

532 5517 631 5583 sis,
658 5527 771 5570 tum
803 5516 935 5571 Elite
959 5515 1238 5572 Cretensis
1254 5519 1681 5585 (lommeutaria,
1702 5533 1765 5574 ea
1794 5519 2146 5574 distinctione

2188 5530 2246 5571 nt
2264 5517 2462 5574 Nicetes
2485 5518 2595 5573 sint
2623 5519 2704 5580 εἰς
2721 5518 2844 5579 τοὺς
2876 5517 3069 5585 λόγους
3088 5516 3215 5577 τοὺς
3230 5514 3742 5580 ἀναγινωσκομένου
3756 5528 3794 5571 _:.

528 5607 587 5659 in
611 5620 876 5661 sermones
902 5605 991 5672 qui
1020 5603 1286 5673 leguntur.
1327 5603 1476 5672 Eliae,
1503 5606 1556 5660 iu
1583 5621 1868 5662 sermones
1895 5609 2020 5670 τοὺς
2054 5608 2129 5675 μὴ

2169 5608 2731 5674 ἁναγινωσκομὲνους,
2765 5605 2816 5657 in
2856 5621 2942 5658 eos
2985 5603 3075 5673 qui
3123 5619 3227 5656 non
3271 5601 3537 5670 leguntur.
3573 5600 3790 5650 Primos

535 5693 831 5755 sexdecim,
860 5691 1137 5748 secundos
1162 5690 1594 5762 vigintiquinque
1632 5705 1941 5750 numerant.
1975 5693 2252 5761 Quaeritur
2279 5711 2307 5749 a
2345 5694 2624 5748 nonnullis
2652 5692 2917 5748 vocabula
2959 5692 3076 5747 Inec
3114 5690 3245 5760 quid
3276 5689 3426 5744 sint?
3454 5685 3508 5740 In
3537 5694 3792 5756 promptu

536 5783 828 5851 responsio
861 5790 980 5838 cst:
1014 5779 1519 5849 ἀναγινωσκόμενοι
1568 5792 1718 5850 sunt,
1749 5783 1841 5853 qui
1876 5784 1928 5839 in
1964 5782 2224 5840 Ecciesiis
2272 5783 2396 5853 legi,
2435 5782 2899 5852 quemadmodum
2936 5790 2989 5836 et
3020 5779 3258 5835 aliorum
3307 5776 3526 5832 Patrum
3585 5774 3794 5843 scripta
