4104 6416
380 380 488 449 511
1130 382 1135 393 ’
1899 389 2235 453 ΝΟΤΙΤΙΛ.
3566 383 3672 448 542

378 502 529 559 inter
556 498 748 556 divina
784 499 973 559 Ollicia
1005 500 1207 558 ibidem
1239 513 1572 568 sueverant;
1607 505 1683 578 μὴ
1722 506 1999 576 ἀναγινωσ

2048 507 2246 577 ipsum,
2278 508 2371 579 qui
2405 506 2639 564 silebant
2683 505 2738 561 in
2774 502 3055 570 Ecclesiis,
3104 501 3231 557 licet
3282 499 3515 573 singulis
3548 515 3669 555 mo-

384 589 591 645 mentis
622 588 975 646 eruditorum
1011 591 1266 647 manibus
1296 602 1625 657 tererentur.
1667 606 1721 650 et
1756 611 1857 651 sua
1909 595 2142 650 lectione
2178 596 2384 665 optima
2443 609 2673 665 qumque
2722 594 3019 662 legentium
3080 590 3281 644 animis
3323 589 3668 658 ingererent.

386 675 545 743 Quod
578 677 746 730 etiam
775 686 905 731 ante
926 692 1013 732 me
1040 677 1377 733 indicaverat
1405 677 1646 735 Joannes
1665 680 1911 736 Zonaras
1931 697 2136 737 comm.
2188 683 2257 738 ad
2284 698 2407 739 can.
2453 683 2488 737 4
2525 682 2742 737 concilii
2770 676 3399 746 lConstantinopolitani
3428 673 3671 730 ττούτου

389 762 509 835 (τοῦ
550 762 811 834 Μαξίμου
850 762 947 819 τοῦ
996 765 1245 834 κυνικοῦ)
1273 764 1371 819 καὶ
1395 767 1424 819 ὸ
1453 766 1715 835 Θεολόγος
1757 769 1815 822 εν
1857 786 1965 823 τινι
1993 770 2103 823 τῶν
2139 771 2215 842 μὴ
2249 771 2337 824 ἐπ’
2378 769 2699 839 ἐκκλησίαις
2748 764 3278 834 ἀναγινωσκομένων
3310 763 3455 833 λόγῳ
3503 760 3671 813 αὑτοῦ

393 849 698 920 μέμνηται.
739 849 790 903 Η
799 851 922 912 uitta
953 849 1206 920 (Maximi
1245 851 1453 922 Cynici)
1490 851 1533 907 Τ
1534 855 1784 926 beologus
1811 872 2017 927 quoque
2044 860 2098 911 in
2125 875 2229 913 uno
2255 875 2321 914 es:
2354 860 2438 925 iis,
2468 859 2558 929 qui
2587 861 2643 912 in
2675 856 2924 910 Ecclesiis
2964 869 3068 907 non
3103 853 3410 912 recitantur,
3436 863 3674 903 sermone

390 939 715 991 mentionem
763 939 917 1008 facit.
971 937 1194 1010 lndigne
1219 940 1468 1008 equidem
1501 941 1727 1005 factum,
1759 943 1852 997 tali
1886 946 2153 1000 vocabulo
2179 960 2464 1001 sermones
2496 946 2617 1000 luce
2645 942 2998 1015 dignissimos
3047 938 3315 993 denotari.
3349 937 3405 990 ld
3457 950 3676 1003 αυοψιθ

388 1025 717 1095 indignatus
745 1025 989 1083 Joannes
1015 1026 1402 1084 Enchaitarum
1428 1029 1742 1100 episcopus,
1777 1034 1979 1087 acriter
2005 1034 2058 1088 in
2095 1048 2211 1098 eos,
2238 1035 2332 1104 qui
2366 1048 2432 1087 eo
2462 1032 2685 1087 nomine
2713 1032 2892 1086 dictos
2949 1044 3234 1086 sermones
3276 1029 3673 1095 praenatat-unt.

387 1112 647 1168 carmine
679 1114 916 1170 iambico
962 1115 1212 1171 invectus
1242 1124 1345 1170 est.
1379 1117 1446 1171 Et
1485 1127 1544 1172 ut
1570 1133 1793 1188 quoque
1820 1121 2105 1175 ostendam
2138 1121 2276 1191 ipse,
2315 1135 2402 1177 me
2429 1120 2558 1176 talia
2587 1132 2729 1191 aegre
2776 1118 2912 1189 pati,
2941 1130 3163 1173 carmen
3219 1113 3351 1169 illud
3407 1110 3678 1167 adversus

385 1200 642 1267 eosdem,
669 1203 843 1258 latens
867 1211 1031 1271 atque
1054 1204 1373 1267 obscurum,
1401 1204 1456 1258 in
1492 1205 1770 1275 publicam
1802 1206 1980 1262 lucem
2017 1208 2315 1279 proferam.

462 1356 565 1420 Ti;
603 1357 633 1409 ὁ
676 1355 1002 1425 θρασυνθεὶς
1034 1348 1252 1424 τὲρῶτος
1296 1357 1472 1411 εἰπεῖν
1508 1354 1634 1418 τοὺς
1677 1353 1875 1427 λόγους
2161 1358 2287 1412 Εἴθε
2322 1359 2607 1428 τέροσεῖχον
2636 1358 2806 1422 τοῖςδε
2838 1358 3039 1419 πάντες
3070 1356 3187 1417 τοῖς
3217 1353 3425 1422 λόγοις.

466 1448 717 1502 "ﬂatura.
750 1448 975 1511 τούτους
1004 1449 1581 1523 ἀναγινωσκομένουςς
2116 1494 2121 1497 -
2160 1450 2318 1506 Οὕτω
2351 1451 2460 1521 γὰρ
2494 1452 2560 1505 ἂν
2586 1450 2876 1521 πρόχειρος
2905 1450 2939 1519 ἡ
2976 1447 3224 1517 σωτηρία

462 1540 567 1603 Τίς
599 1539 990 1611 κοσμολαμπὲς
1018 1540 1132 1610 φῶς
1167 1540 1433 1597 καλύπτει
1471 1545 1682 1615 viavia;
2164 1543 2355 1613 Παρῆν
2379 1540 2587 1596 ἅπασιν
2615 1545 2679 1595 ὲκ
2707 1542 2835 1611 μιᾶς
2860 1541 3066 1610 ταύτης
3096 1540 3306 1610 βίὸλου.

463 1631 564 1694 Τίς
601 1632 838 1700 ἀστέρας
869 1631 1191 1702 λάμποντας
1222 1632 1524 1703 ὲγκρύπτιι
1558 1636 1745 1705 viast;
2177 1635 2282 1689 Ἐῶ
2304 1633 2418 1704 γὰρ
2444 1635 2642 1699 εἰπεῖν,
2673 1632 2749 1696 ὡς
2782 1634 2980 1702 σοφοὺς
3010 1632 3157 1684 ποιεῖ
3185 1631 3344 1700 μίγη.

463 1724 569 1786 Τίς
598 1724 918 1795 μαργάρους
954 1723 1271 1788 στίλϐοντας
1296 1727 1377 1788 εἰς
1412 1726 1518 1795 γῆν
1543 1726 1811 1796 χωννύει;
2177 1726 2449 1797 Ἀρκοῦσα
2470 1726 2603 1796 πρὸς
2628 1725 2911 1779 παίδευσιν
2949 1721 3262 1794 ἀνθρώποις
3293 1721 3423 1789 ὃλην
3450 1733 3465 1752 ·

466 1814 581 1869 the?)
615 1817 860 1886 κλήσεως
900 1818 1001 1886 μὲν
1035 1817 1311 1886 βασκάνου
1335 1817 1714 1888 ψευδωνύμου,
2165 1821 2389 1891 Πλήρης
2422 1819 2521 1890 μέν
2549 1819 2666 1871 ἐστι
2694 1816 2982 1887 δογμάτων
3014 1811 3375 1885 ἀποκρύφων,

471 1910 543 1964 Ei
566 1908 614 1962 δ’
641 1909 802 1980 ἔργον
826 1904 964 1980 εἷχε,
993 1906 1199 1979 ζημίας
1226 1911 1597 1979 παγκοσμῑου.
2165 1911 2388 1981 Πλήρης
2416 1910 2474 1964 δὲ
2509 1908 2671 1963 θείων
2706 1908 2799 1961 καὶ
2829 1906 3012 1974 eos;th
3043 1906 3386 1976 μυατηρὶων,

464 1997 586 2053 Νῦν
615 2001 662 2053 δ’
682 2000 745 2054 οὐ
779 2000 888 2071 γάρ
912 2001 1061 2053 ἐστιν
1087 1999 1272 2082 ἔργον,
1302 2000 1417 2054 ἀλλ’
1440 2001 1631 2065 ἁπλῶς
1665 2000 1845 2071 λόγος.
2169 2003 2389 2074 Πλήρης
2417 2002 2475 2055 δὲ
2507 2002 2765 2073 χρηστῶν
2803 1998 3012 2071 ἠθικῶν
3041 1998 3410 2073 attentam,

463 2092 546 2146 τὸ
580 2091 699 2162 φῶς
726 2090 945 2163 ὀράσθω
984 2094 1175 2161 φαῖνον
1208 2096 1268 2148 ἐν
1297 2098 1364 2166 τῇ
1388 2094 1603 2169 λυχνίᾳ,
2172 2094 2395 2166 Ῑιλήρης
2426 2094 2486 2148 δὲ
2516 2092 2746 2163 κομψῶν
2769 2091 3036 2163 τεχνικῶν
3064 2089 3428 2161 μαθημάτων,

464 2184 650 2238 Πᾶσιν
676 2182 1011 2254 προκείσθω,
1045 2187 1179 2239 πᾶσι
1205 2189 1357 2256 κοινῇ
1389 2186 1674 2256 λαμπέτω,
2169 2187 2446 2243 Μουσεῖον
2477 2186 2808 2256 αὐτόχρημα
2839 2182 3042 2251 γνῶσιν
3070 2180 3347 2250 ἐμπνέων.

470 2271 640 2324 Ὅσοι
659 2270 881 2342 βλέπειν
907 2271 1093 2344 ἔχουσι
1114 2274 1225 2328 τῶν
1249 2274 1426 2329 ἄλλων
1457 2275 1622 2330 πλέον
1650 2314 1669 2343 ,
2171 2279 2391 2350 Ταύτης
2418 2278 2712 2350 ἄμεμπτον
2746 2276 2845 2346 τὴν
2872 2274 3092 2345 γραφὴν
3122 2271 3490 2342 καταρτίσας,

478 2362 574 2428 Ὠς
605 2362 720 2418 εἴθε
750 2365 954 2428 πάντες
985 2361 1135 2437 εἶχον
1161 2367 1366 2423 ειδέναι
1388 2368 1541 2425 τάδε.
2110 2385 2115 2389 '
2181 2372 2410 2435 Πολλοῖς
2438 2371 2645 2445 τροφὴν
2679 2368 2971 2441 προύθηκα
3005 2371 3081 2439 μὴ
3115 2364 3478 2436 κενουμένην.

469 2523 609 2591 Quis
637 2526 843 2596 primus
873 2525 975 2596 fuit
1005 2527 1138 2582 adeo
1170 2528 1483 2584 temerarius
1520 2539 1578 2585 ut
1631 2530 1727 2587 Icos
1771 2547 2036 2589 sermones
2096 2532 2244 2588 nullo
2282 2532 2439 2587 modo
2482 2531 2587 2602 legi
2629 2529 2958 2600 affirmaret?
2997 2526 3131 2592 Quis
3188 2525 3364 2579 lumen
3402 2531 3694 2597 portatum

399 2622 676 2669 terrarum
703 2615 879 2669 urbem
912 2615 1191 2681 splendens
1216 2618 1274 2671 in
1306 2618 1502 2687 angulo
1536 2620 1773 2674 occulit?
1807 2621 1941 2685 Quis
1989 2622 2169 2676 lucida
2223 2622 2404 2676 sidera
2440 2624 2573 2674 nube
2613 2620 2784 2688 tegit?
2834 2616 2969 2682 Quis
3023 2617 3349 2685 margaritas
3388 2611 3694 2677 splendidas

404 2701 506 2756 sub
546 2710 694 2754 terra
720 2702 907 2771 sepelit
928 2703 955 2756 .’
997 2702 1113 2758 Heu
1134 2704 1590 2774 compellationem
1619 2707 1855 2762 invidum
1881 2717 1933 2764 et
1965 2709 2195 2779 falsam!
2225 2726 2344 2779 qua:
2371 2711 2418 2763 si
2447 2710 2501 2762 in
2528 2723 2656 2776 opus
2685 2707 3060 2764 adduceretur.
3095 2704 3470 2757 detrimentum
3496 2700 3695 2753 mundo

414 2790 655 2841 uniuerso
681 2789 898 2858 afferat.
923 2789 992 2843 At
1022 2793 1161 2845 enim
1192 2791 1339 2846 nullo
1376 2793 1531 2848 modo
1561 2794 1614 2846 id
1641 2811 1793 2862 opere
1826 2807 2134 2865 praestatur,
2163 2799 2254 2852 sed
2296 2812 2480 2851 rumor
2529 2805 2738 2849 tantum
2784 2793 2961 2847 inanis
3002 2801 3100 2846 est.
3154 2789 3357 2843 Lumen
3402 2787 3698 2855 aspiciatur

419 2874 725 2929 illuminans
752 2877 807 2929 in
839 2877 1183 2942 candelabro,
1215 2880 1457 2933 omnibus
1486 2896 1666 2935 caram
1697 2893 1951 2953 ponatur,
1978 2884 2220 2940 omnibus
2252 2883 2600 2938 communiter
2619 2882 2797 2937 lumen
2835 2878 3098 2941 exhibeat,
3132 2877 3347 2944 illisque
3398 2875 3689 2942 prmcipne,

414 2964 515 3032 qui
541 2962 657 3029 plus
682 2965 806 3018 aliis
836 2965 1037 3018 uident.
1077 2963 1295 3020 Utinam
1330 2984 1506 3022 omnes
1530 2970 1641 3023 haec
1665 2973 1928 3025 tenerent!
1973 2971 2193 3026 Utinam
2222 2987 2401 3025 omnes
2443 2970 2524 3024 his
2554 2967 2884 3023 sermonibus
2918 2966 3158 3018 animum
3193 2959 3563 3016 adverterent!
3596 2957 3689 3014 Sic

411 3051 555 3105 enim
590 3052 649 3103 in
669 3064 920 3121 promptu
949 3052 1098 3108 salus
1117 3057 1322 3109 adesset
1350 3057 1591 3109 omnibus
1615 3074 1681 3112 ea:
1709 3059 1804 3112 hoc
1834 3059 1988 3134 unico
2013 3061 2299 3114 volumine.
2337 3056 2586 3128 Namque
2624 3066 2900 3126 praetereo,
2933 3064 2988 3107 ut
3025 3054 3199 3120 ipsum
3231 3052 3401 3103 solum
3432 3049 3696 3113 sapientes

412 3137 637 3207 (Mat.
663 3155 783 3193 cum
816 3140 993 3207 ipsum
1019 3144 1156 3195 satis
1182 3144 1250 3196 sit
1281 3144 1581 3198 hominibus
1613 3147 1683 3199 ad
1707 3132 1980 3201 universas
2004 3143 2317 3211 disciplinas
2342 3139 2757 3210 comparandas.
2787 3137 3015 3192 Plenum
3042 3134 3304 3205 siquidem
3341 3141 3419 3185 cst
3471 3132 3696 3198 dogma-

410 3230 529 3274 tum
570 3223 968 3277 reconditarum
1002 3239 1021 3277 :
1056 3225 1268 3295 plenum
1306 3227 1608 3282 divinorum
1638 3238 1688 3283 et
1719 3230 1996 3283 doctorum
2021 3231 2393 3299 mysteriorum
2426 3245 2444 3281 :
2479 3229 2689 3298 plenum
2723 3228 3045 3294 optimorum
3098 3221 3381 3274 merulium
3407 3225 3700 3287 pra'cepto-

411 3324 536 3361 rum
576 3324 597 3363 :
643 3309 855 3378 plenum
886 3310 1211 3381 elegantium
1235 3315 1609 3382 artiﬁcialium
1632 3316 2019 3370 doctrinarum.
2053 3315 2319 3371 Hustrum
2349 3332 2526 3370 revera
2573 3315 2854 3369 scientiam
2900 3313 3192 3378 inspirans.
3240 3306 3412 3376 Hujus
3456 3302 3703 3371 inculpa-

415 3397 582 3450 bilem
616 3398 964 3466 scriptianem
986 3402 1287 3467 expediens,
1320 3403 1585 3473 plerisque
1613 3403 1787 3457 cibum
1810 3405 2063 3472 proposui
2087 3419 2357 3471 nunquam
2387 3403 2740 3470 deficientem.

487 3485 780 3556 Leguntur
803 3488 972 3543 etiam
1009 3490 1123 3545 sive
1152 3490 1424 3557 ejusdem,
1455 3493 1573 3547 sive
1601 3493 1830 3548 alterius
1861 3493 1976 3557 (sed
2002 3502 2150 3545 certe
2185 3489 2390 3546 Niceta:
2422 3488 2809 3545 Heracleensis
2858 3485 3226 3554 metropolitzc
3255 3482 3405 3550 sunt)
3444 3492 3700 3549 responsa

414 3576 488 3628 ad
524 3577 976 3646 interrogationes
1025 3579 1308 3649 cujusdam
1338 3582 1589 3650 episcopi.
1640 3581 2008 3635 bienniuerunt
2058 3579 2453 3649 epitomatores
2505 3575 2852 3636 Gesneriani.
2884 3588 2939 3629 et
2993 3572 3355 3635 Posscvinus;
3398 3568 3701 3635 dicuntque

416 3671 654 3717 exstare
707 3662 853 3734 apud
893 3662 1165 3720 Zonaram
1223 3666 1277 3720 in
1331 3667 1640 3723 canonibus
1696 3667 2084 3722 conciliorum.
2120 3664 2304 3722 Edidit
2348 3682 2412 3721 ea
2447 3663 2635 3719 Graece
2662 3673 2720 3720 et
2751 3663 2945 3718 Latine
2977 3659 3217 3716 Joannes
3245 3656 3609 3714 Leunclavius
3644 3653 3702 3707 in

414 3745 557 3804 lure
585 3747 1069 3818 Graeco-Romano,
1103 3768 1156 3823 p.
1186 3753 1315 3808 3l0.

431 3922 3665 3951 ww—

1390 4073 1748 4137 EDITORIS
1787 4072 2303 4137 PATROLOGIJE
2347 4071 2742 4146 MONITUM.

496 4235 591 4293 Ea:
620 4239 821 4294 catenis
848 4254 980 4309 quas
1019 4238 1228 4315 collegit
1260 4237 1481 4294 Nicetes
1511 4255 1588 4294 ear
1621 4248 1745 4294 sunt
1788 4255 1907 4309 qua!
1940 4238 2073 4308 typis
2101 4238 2266 4294 lucem
2296 4239 2585 4295 viderunt:

500 4325 559 4380 Ι.
595 4325 803 4382 Catena
833 4327 889 4380 in
912 4325 1039 4391 Job,
1071 4325 1301 4381 Londini
1331 4343 1473 4382 anno
1514 4325 1653 4381 1658
1678 4327 1823 4381 edita
1859 4343 1988 4381 cura
2014 4336 2065 4381 et
2100 4328 2276 4381 studio
2313 4326 2543 4380 Patricii
2576 4324 2748 4390 Junii,
2777 4323 3164 4378 bibliothecam
3201 4321 3353 4391 regii.

495 4415 557 4468 2.
594 4412 797 4470 Catena
829 4414 1024 4483 duplex
1045 4416 1100 4468 in
1140 4411 1203 4469 S.
1243 4412 1488 4469 Mattluei
1524 4414 1873 4486 Evangelium
1908 4430 2065 4486 quam
2098 4411 2165 4469 Ρ.
2201 4413 2395 4471 Petrus
2446 4412 2727 4481 Pessinus,
2764 4412 2823 4469 S.
2851 4411 2933 4479 1.,
2971 4413 3231 4467 recensuit
3253 4421 3303 4465 et
3341 4409 3548 4465 To'osat
3568 4426 3707 4464 anno

425 4501 571 4558 1647
604 4501 770 4555 edidit
806 4501 1009 4555 duobus
1039 4501 1390 4556 uoluminibus
1430 4502 1674 4572 in-folio.

496 4590 556 4644 3.
593 4588 852 4644 Catenam
880 4588 937 4642 in
968 4586 1128 4644 Luca:
1148 4586 1518 4659 Evangelium,
1546 4588 1612 4641 ab
1645 4587 1846 4643 Allatio
1874 4605 2038 4660 supra
2068 4600 2437 4654 memoratam,
2468 4605 2533 4645 ea:
2556 4589 2734 4645 codice
2778 4586 3039 4645 Vaticano
3067 4587 3469 4643 exscribendam
3503 4587 3709 4639 curauit

424 4687 474 4731 et
509 4687 655 4729 tomo
682 4673 766 4729 IX
802 4675 1142 4745 Scriplomm
1182 4687 1427 4731 veterum
1460 4676 1685 4730 inseruit
1727 4677 1877 4730 card.
1909 4677 2137 4748 Angelus
2180 4675 2388 4732 Maius.

500 4767 558 4837 4.
592 4765 794 4821 Catena
833 4768 891 4820 in
945 4765 1242 4834 Epistolam
1290 4766 1313 4819 I
1347 4769 1417 4821 ad
1457 4766 1757 4822 Corinthios
1789 4767 1990 4837 prodiit
2031 4775 2250 4820 curante
2299 4762 2506 4821 Joanne
2546 4763 2734 4820 Lamia
2780 4764 2837 4818 in
2870 4764 3005 4818 libro
3057 4762 3144 4817 cui
3194 4760 3382 4816 titulus
3415 4775 3435 4814 :
3495 4757 3711 4814 Deliciae

429 4853 812 4917 Eruditmum,
859 4851 1145 4909 Florentiae
1179 4853 1338 4909 1758.

505 4939 776 4994 Lectorem
826 4942 1127 4995 studiosum
1171 4957 1274 4995 non
1302 4941 1460 5012 fugit,
1509 4941 1808 5012 fragmenta
1851 4956 1917 4996 ea:
1954 4941 2152 4995 catenis
2192 4941 2279 4994 hic
2334 4942 2601 4995 recensitis
2657 4940 2936 5008 desumpta
2969 4953 3066 4991 suo
3122 4938 3364 5006 quodque
3394 4935 3603 4988 auctori
3650 4933 3708 4987 in

423 5028 760 5099 Patrol’ogia:
793 5029 1017 5083 decursu
1059 5028 1270 5083 reddita
1300 5029 1485 5099 fuisse,
1507 5030 1588 5084 vel
1614 5029 1811 5083 omissa
1837 5029 1904 5093 si,
1934 5038 2050 5097 post
2079 5037 2387 5082 accuratam
2422 5029 2775 5091 collationem,
2807 5028 2944 5081 inter
2973 5027 3169 5094 scripta
3190 5026 3331 5078 edita
3356 5031 3709 5077 occurrerent.

429 5115 565 5170 Non
617 5132 809 5185 parum
840 5117 980 5170 enim
1022 5125 1227 5172 erraret
1266 5118 1357 5186 qui
1403 5119 1499 5172 has
1533 5116 1994 5185 interpretationes
2035 5131 2210 5172 omnes
2245 5132 2312 5171 ea:
2357 5116 2617 5185 peculiari
2662 5115 3042 5170 commentario
3091 5114 3388 5182 desumptas
3438 5113 3709 5177 crederet;

427 5216 747 5258 catenarum
780 5220 963 5271 nempe
988 5206 1507 5262 consarcinatoribus
1531 5222 1644 5259 mos
1664 5214 1740 5259 est
1769 5204 1887 5259 loca
1909 5220 2004 5260 suo
2032 5219 2188 5272 scopo
2221 5205 2621 5258 accommodare
2653 5217 2717 5257 ea:
2750 5202 2958 5271 scriptis
2989 5203 3122 5257 rarii
3151 5201 3450 5270 argumenti
3473 5200 3711 5254 delibata

429 5301 484 5344 et
513 5300 715 5346 catena:
760 5291 971 5345 annalis
1012 5291 1240 5362 illigare.
1269 5290 1403 5346 Cum
1429 5306 1549 5361 ergo
1576 5307 1693 5363 quat
1724 5289 1945 5368 Nicetas
1979 5289 2334 5357 derivaverat,
2370 5291 2439 5345 ad
2466 5292 2741 5361 proprium
2772 5290 2943 5345 locum
3014 5289 3290 5353 redierint,
3335 5289 3453 5360 quis
3494 5305 3587 5342 nos
3632 5289 3711 5342 ui-

431 5395 639 5454 tuperet
668 5384 811 5454 quod
843 5396 952 5439 tam
1001 5387 1187 5455 spissis
1231 5387 1475 5456 operibus
1534 5386 1896 5441 collectionem
1940 5397 2179 5441 nostram
2215 5386 2337 5456 jam
2369 5384 2502 5439 adeo
2550 5386 2900 5454 ponderosam
2937 5384 3133 5439 iterum
3160 5391 3209 5437 et
3240 5382 3354 5437 sine
3388 5382 3497 5436 ulla
3529 5381 3711 5451 fructu

432 5490 659 5545 gravare
690 5474 960 5530 noluimus
980 5475 1006 5528 7

504 5562 759 5632 Superest
790 5572 849 5616 ut
881 5562 1062 5634 aliqua
1093 5563 1335 5618 dicamus
1371 5563 1435 5618 de
1464 5562 1690 5618 Joannis
1745 5562 2038 5619 Geometra:
2075 5571 2124 5616 ct
2158 5560 2432 5632 Sytneonis
2465 5559 2839 5630 Metaphrastte
2883 5557 2941 5612 in
2983 5556 3182 5613 Lucam
3214 5552 3618 5614 commentario.
3648 5560 3709 5606 ut

435 5651 597 5717 fidem
626 5651 909 5707 liberemus
939 5668 1094 5722 quam
1126 5653 1191 5705 de
1216 5668 1275 5706 eo
1305 5651 1388 5706 hic
1422 5650 1525 5706 loci
1555 5652 1754 5705 edendo
1789 5652 2046 5707 dedimus.
2081 5653 2281 5707 Postea
2309 5651 2449 5703 enim
2483 5649 2832 5716 comperimus
2867 5646 3168 5718 fragmenta
3213 5644 3392 5699 omnia
3425 5642 3520 5696 sub
3567 5636 3709 5695 Geo-

438 5750 619 5795 metras
660 5739 872 5794 nomine
899 5740 962 5792 ab
989 5740 1187 5810 Angela
1243 5737 1388 5794 Maio
1418 5742 1564 5795 edita
1611 5739 1714 5810 legi
1752 5740 1803 5795 in
1859 5740 2099 5808 ejusdem
2144 5738 2367 5792 homilia
2403 5737 2459 5792 in
2492 5737 2549 5791 Β.
2600 5736 2780 5792 Mariae
2829 5734 3312 5791 Praesentationcm
3357 5731 3420 5785 ab
3473 5730 3706 5783 Antonio

436 5826 733 5885 Ballerinio
771 5826 830 5885 S.
866 5826 920 5884 J.
956 5828 1098 5884 edita
1132 5828 1186 5883 in
1242 5827 1458 5901 Sylloge
1487 5828 1963 5886 Monumentorum
2008 5827 2074 5885 ad
2112 5826 2433 5899 mysterium
2467 5825 2856 5900 Conceptionis
2886 5820 3251 5882 immaculata:
3283 5818 3522 5890 Virginis
3565 5815 3698 5872 Dei-
