4104 6422
457 391 558 460 551

464 596 744 666 greditur!
783 595 992 667 inspice
1036 595 1407 664 evangelicam
1443 594 1568 648 vitae
1613 592 1882 646 rationem
1917 606 2052 660 apo-

459 687 728 740 stolorum
790 685 1067 754 propriam
1119 685 1174 738 in
1222 684 1391 754 justis
1449 685 1570 738 istis
1617 681 2052 752 praeformatam,

461 777 574 830 imo
635 776 828 831 melius
886 775 1147 840 dixerim,
1207 785 1545 845 superatam.
1597 773 1838 826 Fruatur
1882 775 2054 826 ontnis

457 867 684 936 populus
731 867 1062 919 abundantia
1125 883 1275 932 mea;
1318 868 1453 922 nihil
1498 866 1833 937 superﬂuum
1867 882 2055 921 serve-

462 969 580 1022 tur;
635 959 834 1012 cedant
888 959 939 1010 in
1018 975 1177 1013 usum
1246 962 1428 1014 omnis
1487 961 1671 1030 populi
1736 975 1859 1029 qua:
1922 961 2056 1012 mihi

459 1051 769 1103 necessaria
804 1066 910 1105 non
943 1061 1114 1118 sunt;
1156 1051 1210 1104 in
1257 1068 1550 1106 commune
1577 1053 1820 1106 omnium
1854 1054 2055 1106 bonum

461 1149 745 1193 vertantur
795 1141 1081 1197 facultates
1123 1159 1274 1197 meae.
1305 1145 1348 1197 Ο
1399 1145 1614 1211 plenum
1662 1144 1880 1213 justitia
1927 1160 2058 1198 con-

461 1230 645 1284 silium
699 1247 763 1284 ac
804 1233 1106 1300 judicium!
1157 1235 1202 1288 0
1249 1235 1470 1289 divitias
1522 1228 1574 1289 in
1625 1236 1897 1290 thesauris
1948 1252 2055 1290 non

460 1320 769 1390 prtedandis
819 1326 1164 1379 reconditas!
1198 1324 1349 1379 Adeo
1391 1327 1460 1380 ab
1493 1328 1624 1395 ipsis
1654 1327 1826 1381 initiis
1864 1342 2056 1382 eorum

461 1414 636 1464 virtus
668 1413 960 1467 exeelluitl
1000 1413 1186 1483 Neque
1236 1418 1381 1468 enim
1431 1417 1498 1470 ad
1551 1417 1688 1472 alios
1739 1418 2056 1486 respiciens,

463 1513 557 1554 aut
598 1506 762 1558 ullius
793 1503 896 1558 sibi
927 1507 1210 1575 proposito
1253 1509 1509 1578 exemplo
1559 1508 1676 1563 hinc
1728 1511 2056 1578 priestabat;

461 1591 554 1646 sed
588 1593 702 1661 ipse
736 1611 833 1664 per
858 1613 918 1652 se
955 1599 1005 1651 id
1036 1601 1380 1668 excogitatas,
1407 1601 1558 1668 quod
1591 1600 1860 1670 optimum
1889 1610 2055 1667 esset,

462 1684 794 1754 adimplebat
833 1703 848 1740 :
889 1705 1064 1755 neque
1098 1691 1373 1745 veteribus
1429 1693 1717 1761 pratceptis
1752 1701 1846 1747 aut
1892 1693 2056 1748 insti-

462 1776 596 1830 tutis
635 1778 702 1830 ad
753 1781 1012 1847 praeclara
1069 1784 1182 1834 lucc
1232 1782 1373 1836 facta
1425 1784 1756 1850 instruitur;
1807 1785 1901 1839 sed
1939 1785 2059 1855 ipse

463 1866 682 1922 eximiis
722 1869 872 1924 hisce
915 1872 1173 1940 operibus
1213 1871 1426 1925 initium
1471 1873 1644 1938 dedit,
1683 1876 1771 1938 iis,
1809 1876 1901 1943 qui
1940 1885 2062 1944 post
2093 1864 2136 1923 Β

465 1971 527 2010 se
563 1959 728 2012 futuri
772 1971 980 2023 essent,
1019 1963 1272 2031 exemplo
1308 1977 1410 2017 suo
1445 1963 1727 2020 iustitutor
1761 1967 2058 2026 exsisteus.

468 2045 603 2102 Vide
638 2050 824 2119 igitur,
861 2054 1140 2122 quomodo
1180 2056 1346 2124 justis
1375 2056 1634 2110 omnibus
1682 2057 1879 2110 merito
1914 2069 2057 2126 prm-

465 2139 558 2194 lati
609 2145 754 2209 sint;
809 2145 1028 2210 merito,
1089 2147 1336 2214 inquam,
1389 2163 1494 2202 non
1551 2148 1699 2218 quod
1755 2149 1953 2204 attinet
1990 2148 2058 2202 ad

465 2233 669 2286 donum
720 2238 962 2302 mysterii
1013 2241 1298 2306 propriqu
1351 2244 1500 2310 (nam
1559 2256 1776 2294 oumem
1832 2256 2059 2310 operum

469 2326 777 2380 mercedem
823 2331 996 2396 gratia
1046 2331 1310 2402 excedit),
1344 2333 1437 2385 sed
1488 2334 1901 2402 comparatione
1935 2350 2060 2389 cum

469 2418 711 2488 ipsorum
741 2420 1032 2489 gentilibus
1068 2421 1340 2476 instituta.

542 2509 628 2565 Vl.
693 2512 799 2566 Sed
861 2514 1014 2582 juvat
1089 2515 1357 2584 reliquam
1423 2516 1708 2571 historiam
1778 2518 2058 2589 prosequi.

469 2601 656 2658 lielerl
679 2605 822 2658 enim
857 2606 1037 2675 ipsqu
1072 2618 1198 2661 cum
1247 2619 1562 2663 recurrente
1594 2609 1792 2681 insigni
1825 2613 2061 2680 quadam

466 2698 758 2752 t‘cstiritate
783 2699 926 2752 dona
956 2717 1055 2754 sua
1087 2703 1153 2755 de
1189 2718 1341 2757 more
1389 2703 1677 2758 oblaturus
1713 2708 2061 2771 accessisset,

467 2805 498 2843 a
529 2791 786 2860 quapiam
821 2795 1114 2848 contribuli
1150 2811 1248 2850 suo
1278 2795 1390 2866 (l0)
1427 2795 1797 2852 acerbissimis
1826 2799 2061 2868 probris,

467 2897 751 2953 propterea
776 2887 921 2956 quod
949 2899 1162 2943 careret
1193 2875 1366 2960 prole,
1399 2905 1688 2960 exceptura
1715 2893 1904 2948 fuisse.
1938 2892 2063 2969 Non

466 2977 625 3040 enim,
655 2979 854 3046 inquit,
886 2979 982 3032 tibi
1018 2979 1136 3034 licet
1171 2985 1311 3035 dona
1347 2994 1438 3035 tua
1491 2982 1704 3051 o/ferre,
1731 3000 1853 3037 cum
1885 3001 2061 3039 semen

469 3069 521 3119 in
557 3066 728 3122 Israel
763 3087 864 3122 non
893 3073 1254 3126 suscitaveris.

539 3158 797 3224 Quaedam
847 3177 976 3216 vero
1005 3163 1339 3232 exemplaria
1391 3163 1642 3220 habent:
1687 3163 1812 3218 Non
1859 3166 1950 3219 tibi
1980 3167 2064 3239 [as

469 3261 572 3314 cst,
624 3263 679 3304 ut
722 3253 924 3316 primus
972 3254 1187 3320 o/feras.
1225 3253 1469 3325 {Equum
1521 3255 1769 3326 profecto
1817 3268 1953 3326 erat,
2003 3273 2062 3314 ut

472 3346 611 3412 ipse,
641 3347 842 3413 quippe
869 3345 957 3414 qui
991 3356 1044 3399 et
1081 3346 1266 3414 justus
1287 3357 1426 3412 erat,
1462 3358 1517 3402 et
1545 3350 1748 3418 duplici
1775 3349 2062 3407 nobilitate

471 3440 829 3505 conspicuus,
879 3439 1084 3506 primas
1139 3438 1307 3493 ferret
1363 3456 1486 3494 cum
1534 3441 1589 3495 in
1637 3443 1916 3508 omnibus,
1947 3452 2059 3498 tum

473 3529 527 3582 in
578 3532 736 3582 donis
783 3530 1098 3584 ollerendis.
1137 3532 1301 3600 Atqui
1350 3531 1403 3585 id
1457 3533 1662 3588 invidis
1711 3535 2062 3590 intolerabile

471 3621 774 3685 accidebat,
803 3638 928 3676 cum
982 3634 1161 3677 tamen
1196 3626 1334 3678 nihil
1366 3625 1654 3693 haberent,
1678 3627 1826 3696 quod
1857 3629 1911 3681 in
1939 3627 2061 3697 ejus

472 3715 582 3767 vita
628 3723 852 3782 possent
919 3731 1176 3784 carpere;
1228 3731 1338 3770 nou
1394 3717 1572 3772 solum
1627 3719 1775 3773 enim
1819 3719 2063 3788 cujusvis

470 3823 666 3876 expers
693 3807 885 3877 culpa:,
926 3813 1019 3863 sed
1061 3819 1116 3862 et
1163 3819 1317 3864 extra
1356 3811 1731 3866 accusationis
1769 3813 1946 3865 aleam
1989 3811 2062 3865 ob

474 3901 689 3954 virtutis
744 3901 1123 3955 excellentiam
1200 3903 1412 3972 positus
1477 3903 1935 3972 coguoscebatur.
1994 3901 2064 3958 Ut

471 3994 653 4063 itaque
683 3995 1098 4060 contenderent,
1131 4010 1257 4050 eum
1293 3995 1599 4051 secundum
1645 3995 1778 4063 legis
1810 3998 2062 4065 praescri-

473 4096 564 4152 pta
611 4103 718 4138 non
765 4100 947 4155 agere,
987 4085 1278 4138 orbitatem
1332 4085 1568 4138 ﬁliorum
1619 4085 1908 4155 objiciunt.
1947 4085 2065 4141 lloc

469 4193 621 4242 vern,
658 4178 908 4230 videlicet
949 4177 1134 4245 justus
1182 4177 1318 4231 istos
1364 4193 1540 4247 usque
1585 4177 1653 4232 ad
1702 4178 1752 4232 id
1801 4180 2064 4248 temporis

473 4269 797 4322 inl‘ecundos
820 4269 1210 4338 permansisse,
1233 4279 1364 4324 tunc
1389 4281 1572 4324 autem
1603 4269 1671 4324 ad
1708 4271 2062 4326 obtinendam

472 4378 568 4430 per
600 4378 788 4430 preces
820 4363 1063 4418 sobolem
1097 4361 1268 4417 fuisse
1318 4365 1610 4427 excitatos,
1649 4379 1902 4433 supernae
1947 4363 2066 4418 fue—

477 4464 557 4506 rat
598 4456 973 4522 providentia;
1011 4456 1250 4508 Alterum
1283 4455 1430 4508 enim
1477 4454 1730 4508 liduciam
1781 4471 1972 4507 eormn
2008 4455 2062 4507 in

1749 385 2010 448 JACOBI
2054 383 2402 445 MONACHI

535 500 672 557 Vide
708 516 872 572 quam
926 503 1084 574 longe
1133 501 1274 556 ultra
1322 499 1550 571 legalem
1605 498 1876 569 justitiam
1934 514 2060 566 pro-
2087 507 2138 562 Α

3638 382 3744 447 552

2239 499 2380 567 Ὅρα
2414 498 2515 566 τῆς
2539 496 2596 549 ὲν
2627 496 2779 566 νόμῳ
2799 495 3148 566 δικαιοσύνης
3180 495 3520 568 ὑπερϐολήν*
3558 501 3752 553 σκόπει

2157 593 2258 662 τήν
2297 595 2356 644 ὲν
2387 590 2712 652 ἀποστόλοις
2738 589 3113 657 εὑαγγελικὴν
3142 591 3200 640 ἐν
3225 590 3340 652 τοῖς
3370 589 3604 654 δικαίοις
3628 593 3754 644 τού-

2158 701 2274 746 τοις
2325 681 2886 754 προκατορθωθεῖσαν
2939 680 3243 742 πολιτείαν,
3295 683 3545 751 κρεῖττον
3578 681 3636 734 δὲ
3668 683 3756 736 λέ-

2161 791 2282 842 γειν
2314 773 2945 845 ὑπερκατορθωθεῖσανο
2975 775 3175 827 Ἔστω
3233 776 3300 826 τὸ
3356 774 3460 840 τῆς
3511 791 3755 843 περιου-

2159 869 2300 934 σίας
2323 885 2445 936 μου
2463 867 2642 920 παντὶ
2669 863 2749 929 τῷ
2762 863 2910 930 lady
2948 865 3134 934 μηδὲν,
3163 866 3353 934 φησὶν,
3385 865 3472 935 ετη
3499 868 3758 937 περιττὸν

2159 960 2270 1012 τῶν
2302 961 2618 1027 ἀναγκαίων
2643 976 2658 990 ⁸
2696 958 2863 1010 παντὶ
2889 957 2969 1026 τῷ
3006 957 3121 1028 λαῷ
3157 960 3225 1012 τά
3254 959 3395 1028 ὑπὲρ
3431 960 3531 1031 τὴν
3560 962 3760 1030 χρείαν

2161 1053 2513 1124 προκείσθω·
2559 1054 2688 1105 πᾶσι
2719 1048 2877 1103 κοινά
2906 1049 2973 1101 τὰ
3003 1051 3101 1119 τῆς
3136 1051 3456 1121 περιουσίας
3488 1052 3758 1121 ἐφείσθω.

2165 1148 2228 1198 ’Ὡ
2253 1145 2603 1215 δικαιοτάτης
2632 1145 2728 1198 καὶ
2758 1144 2983 1216 γνώμης
3015 1145 3109 1197 καὶ
3138 1143 3407 1214 κρίσεωςί
3444 1142 3490 1196 ὣ
3514 1144 3759 1198 πλούτου

2162 1240 2220 1290 ὲν
2247 1238 2535 1306 ἀσυλήτοις
2583 1239 3096 1308 συγκεκομισμένου
3147 1238 3456 1306 ταμιείοιςί
3499 1235 3678 1300 οὕτως
3722 1239 3758 1309 ή

2161 1334 2227 1386 ἐκ
2263 1332 2568 1402 προοιμίων
2595 1333 3047 1402 ὑπερανέστηκεν
3079 1331 3257 1383 αὐτῶν
3313 1333 3501 1400 ἀρετή.
3539 1333 3613 1384 0-.)
3642 1334 3756 1402 γὰρ

2161 1425 2242 1486 είς
2278 1423 2500 1492 ἑτέρους
2555 1422 2784 1485 ἀπιδὼν,
2822 1423 2945 1475 οὐδὲ
2992 1422 3406 1492 παραδείγμασί
3441 1441 3549 1476 τισι
3583 1441 3756 1492 προσ-

2161 1515 2432 1584 εσχηκὼς,
2480 1515 2653 1568 ταῦτα
2707 1515 3001 1584 ἔπραττεν,
3050 1515 3164 1567 ἀλλ’
3212 1515 3374 1578 αὐτὸς
3448 1515 3518 1568 δι’
3551 1515 3752 1568 ἑαυτοῦ

2162 1608 2226 1659 τὸ
2256 1608 2463 1675 ἀγαθὸν
2484 1606 2854 1677 ἐφευρίσκων,
2890 1607 3195 1678 ἐξεπλήρου
3224 1623 3238 1636 ·
3281 1608 3375 1659 καὶ
3401 1607 3498 1676 οὐχ
3543 1609 3754 1676 ὑποθή-

2163 1717 2291 1763 καις
2344 1701 2603 1762 παλαιαῖς
2650 1701 2744 1752 καὶ
2786 1701 3157 1769 νομοθεσίαις,
3211 1700 3349 1768 πρὸς
3395 1700 3456 1752 τὸ
3505 1699 3753 1752 τοιοῦτον

2165 1796 2595 1863 χειραγωγεῖται
2623 1793 2960 1864 κατόρθωμα
2986 1809 3000 1822 ·
3026 1792 3142 1846 ἀλλ’
3172 1793 3332 1853 αὐτὸς
3363 1794 3627 1862 κατάρχει
3649 1795 3754 1859 τῆς

2166 1885 2276 1936 τῶν
2305 1884 2487 1938 καλῶν
2519 1883 2808 1953 ἐργασίας,
2842 1885 2939 1938 καὶ
2962 1885 3265 1954 πρακτικὸς
3294 1886 3612 1956 νομοθέτης,
3639 1889 3755 1950 τοῖς

2167 1976 2287 2044 μετ’
2330 1974 2492 2026 αὑτὸν
2550 1974 2896 2028 καθίσταται.
2949 1975 3093 2045 Ὅρα
3128 1975 3244 2036 πῶς
3292 1974 3588 2041 ἀξιολόγως
3643 1976 3756 2028 τῶν

2164 2067 2422 2120 ἁπάντων
2451 2061 2601 2120 οὗτοι
2633 2067 2858 2120 δικαίων
2892 2068 3320 2137 προκέκρινται·
3366 2068 3662 2133 ἀξιολόγως
3693 2069 3754 2121 δὲ

2164 2159 2326 2227 λέγω,
2361 2160 2424 2212 οὐ
2455 2162 2522 2229 τῇ
2555 2159 2649 2212 τοῦ
2690 2161 2994 2230 μυστηρίου
3022 2160 3207 2230 δωρεᾷ
3239 2160 3404 2230 (ὑπὲρ
3445 2161 3556 2232 γὰρ
3587 2163 3757 2231 ἀμοι-

2165 2253 2267 2320 6ὴν
2295 2251 2472 2324 ἔργων
2503 2253 2536 2324 ἡ
2565 2253 2773 2323 χάρις),
2815 2256 2878 2324 τῇ
2907 2253 2964 2305 δὲ
2995 2252 3106 2306 τῶν
3139 2253 3403 2323 ὁμοφυῶν
3441 2255 3756 2326 ἀντιπαρα-

2166 2344 2336 2402 Θέσει.

2238 2529 2329 2594 C,".
2369 2527 2511 2581 Ἀλλ’
2565 2528 2863 2582 ἀκόλουθον
2916 2528 3052 2598 πρὸς
3095 2529 3158 2582 τὸ
3207 2530 3306 2598 τῆς
3351 2530 3594 2600 ἱστορίας
3627 2530 3761 2600 ἑξῆς

2168 2620 2301 2673 ίέναι
2329 2639 2341 2651 ·
2375 2623 2512 2691 φησὶ
2551 2623 2662 2692 γὰρ
2687 2622 2764 2686 ὡς
2799 2624 3006 2686 ὲθίμως
3044 2623 3165 2675 κατ’
3196 2621 3439 2692 εῠσημόν
3472 2640 3596 2676 τινα
3646 2625 3760 2676 τῶν

2165 2713 2372 2783 ἑορτῶν
2404 2717 2740 2784 προσάγοντι
2767 2718 2835 2770 τὰ
2884 2716 3056 2786 δῶρα,
3086 2719 3114 2770 δ
3159 2719 3312 2787 ποιρά
3341 2715 3450 2769 τῶν
3478 2716 3730 2783 συμφυλε
3759 2745 3762 2748 ‹

2163 2803 2273 2854 τῶν
2297 2803 2362 2854 δι’
2390 2806 2649 2858 ἀτεκνίαν
2697 2807 2966 2877 ὲπετρίϐη
3000 2807 3307 2876 ὀνειδισμὸς
3334 2825 3349 2837 ·
3388 2809 3509 2860 Οὐκ
3552 2805 3763 2869 ἔξεστι

2166 2894 2278 2964 γάρ
2304 2912 2425 2957 σοι,
2455 2898 2641 2966 φησὶν,
2682 2898 3120 2967 προσενεγκεῖν
3164 2899 3237 2951 τὰ
3270 2897 3432 2964 δῶρά
3476 2913 3614 2964 σου,
3648 2915 3760 2953 κα-

2167 2987 2292 3041 θότι
2321 2985 2562 3056 σπέρμα
2591 2989 2702 3042 οὐκ
2734 2989 3032 3057 ἐποίησας
3065 2989 3136 3042 ἐν
3181 2989 3454 3057 Ἰσραήλ.

2241 3166 2377 3220 Tw}:
2407 3167 2463 3220 δὲ
2494 3167 2604 3220 τῶν
2653 3167 3030 3237 ἀντιγράφων,
3074 3169 3195 3221 Οὐκ
3222 3167 3433 3232 ’ἔξεστί
3459 3181 3559 3221 σοι
3598 3163 3762 3234 πρῶ-

2171 3276 2279 3312 τον
2311 3259 2768 3328 προσενεγκεῖν,
2797 3261 3066 3331 περιέχει.
3096 3261 3253 3322 Εἰκὸς
3281 3261 3413 3330 γοῦν
3442 3260 3627 3324 αὐτὸν,
3662 3263 3760 3315 ἀτε

2170 3350 2381 3403 δίκαιον
2419 3350 2570 3413 ὄντα,
2607 3352 2702 3403 καὶ
2747 3354 2812 3421 τῇ
2846 3353 2996 3420 διττῇ
3046 3353 3444 3421 σεμνυνόμενον
3482 3352 3761 3420 εὐγενείᾳ,

2174 3441 2569 3512 προκρίνεσθαι
2629 3443 2766 3506 τέως
2807 3445 2865 3496 ὲν
2915 3445 3111 3508 ἆπασι,
3150 3445 3251 3497 κᾶν
3304 3448 3369 3514 τῇ
3417 3445 3525 3496 τῶν
3569 3444 3763 3514 δώρων

2170 3533 2506 3604 ἀφιερώσειο
2539 3537 2653 3598 τοῖς
2683 3535 2740 3587 δὲ
2766 3536 2867 3588 οὐκ
2901 3535 3128 3588 ἀνεκτὸν
3148 3535 3494 3603 διαφθονοῦσι
3527 3535 3760 3604 προσῆν,

2175 3625 2344 3693 μηδὲν
2371 3625 2425 3678 δὲ
2465 3625 2686 3695 ἔχουσιν
2728 3629 2793 3678 ὲκ
2841 3625 2937 3678 τοῦ
2973 3627 3096 3678 κατ’
3130 3627 3340 3678 ἐκεῖνον
3389 3628 3763 3694 ἐπισκήπτειν

2174 3716 2291 3786 βίου
2315 3734 2326 3746 ·
2360 3718 2422 3770 οὐ
2461 3720 2621 3788 μόνον
2657 3718 2767 3788 γὰρ
2796 3718 3166 3786 ἀνεπίληπτος
3195 3719 3380 3781 αὐτοῖς
3412 3713 3589 3780 οὗτος,
3624 3716 3764 3769 ἀλλὰ

2173 3808 2269 3860 καὶ
2313 3809 2704 3868 ἀκαταιτίατος
2743 3808 2821 3878 τῷ
2849 3808 3244 3877 ὑπερϐάλλοντι
3281 3808 3382 3878 τῆς
3414 3807 3617 3878 ἀρετῆς
3649 3808 3762 3860 διε-

2172 3899 2506 3968 γινώσκετο’
2540 3901 2638 3970 τὴν
2671 3901 2931 3954 ἀπαιδίαν
2957 3902 3037 3963 είς
3069 3903 3329 3972 ἀφορμήν
3367 3900 3462 3953 τοῦ
3509 3902 3583 3970 μὴ
3613 3901 3761 3954 κατά

2172 3992 2331 4059 λόγον
2360 3992 2613 4062 εὐνομεῖν
2655 3993 2805 4063 αὑτῷ
2855 3992 3253 4061 προὸἀλλονται
3275 4007 3289 4021 '
3328 3992 3488 4044 τοῦτο
3517 3992 3595 4052 δὲ,
3627 4009 3763 4062 προ-

2175 4086 2406 4156 μηθείας
2435 4081 2502 4155 ἦν
2537 4087 2634 4156 τῆς
2667 4087 2948 4150 ἀνωτάτω,
2974 4085 3035 4138 τὸ
3055 4086 3283 4153 ἀγόνους
3307 4087 3365 4138 τέ
3396 4102 3539 4155 φημι
3567 4085 3762 4155 μέχρις

2173 4180 2385 4232 ἐκείνου
2421 4182 2546 4242 τοὺς
2573 4180 2815 4242 δικαίους
2841 4179 3131 4246 διατελεῖν,
3163 4180 3259 4232 καὶ
3282 4179 3342 4231 τὸ
3364 4180 3432 4232 δι’
3462 4179 3761 4243 ἐντεύξεως

2171 4271 2482 4342 τηνικαῦτα
2522 4273 2659 4344 πρὸς
2710 4273 2810 4342 τήν
2857 4272 3207 4340 τεκνογονίαν
3252 4272 3645 4341 διαναστῆναι·
3701 4273 3766 4322 τὸ

2177 4365 2278 4433 μὲν
2303 4365 2434 4434 γὰρ,
2463 4365 2562 4434 τὴν
2593 4365 2730 4433 πρὸς
2763 4365 2896 4418 Θεὸν
2926 4365 3110 4419 αὐτῶν
3142 4365 3392 4436 ὑπέφηνε
3418 4364 3761 4435 παρρησίαν·

2173 4459 2432 4527 αἰτήσασι
2463 4459 2593 4526 γὰρ,
2617 4458 2717 4510 οὐκ
2744 4459 2823 4519 είς
2849 4457 3114 4527 δευτέραν
3144 4458 3446 4527 ὑπερετέθη
3470 4475 3484 4488 ο
3510 4459 3570 4509 τὸ
3598 4458 3674 4515 δὲ.
3700 4457 3766 4507 τὸ

471 4545 604 4610 Deo,
644 4548 863 4615 quando
904 4548 1216 4616 petentibus
1265 4563 1372 4600 non
1422 4547 1627 4601 dilatus
1669 4555 1755 4600 cst
1786 4546 1838 4598 in
1872 4555 2059 4616 poste-

2173 4549 2272 4618 τῆς
2308 4549 2558 4610 εὐδοκίας
2592 4547 2687 4602 τοῦ
2737 4549 3065 4620 μυστηρίου,
3119 4550 3546 4620 συντετμήμένῳ
3582 4548 3765 4618 καιρῷ

471 4653 591 4689 rum
647 4637 925 4706 petitionis
994 4636 1243 4701 effeCIus,
1299 4635 1592 4706 patefecit;
1645 4635 1876 4688 alterum
1934 4651 2066 4689 vero

472 4730 792 4798 mysterium
862 4731 1056 4800 gratia:
1125 4731 1353 4786 delinito
1429 4739 1673 4798 tempore
1737 4729 2068 4798 completum

468 4823 726 4875 ostendit.

551 4913 660 4968 \‘ll.
695 4915 1060 4973 Contumeliis
1111 4917 1296 4987 itaque
1346 4915 1598 4982 all‘eetus,
1644 4915 1727 4970 vel
1793 4915 2065 4985 repulsam

472 5005 696 5074 insuper
747 5023 966 5075 passus,
1022 5010 1349 5077 gravissimo
1401 5009 1486 5061 vir
1531 5007 1718 5074 justus
1774 5008 2069 5075 corripitur

472 5112 729 5163 tumrore,
764 5115 868 5152 non
901 5101 1029 5168 quia
1058 5101 1364 5154 maledictis
1393 5101 1676 5170 impetitus
1702 5097 1921 5161 fuisset,
1965 5107 2063 5150 aut

470 5190 598 5258 quia
639 5191 1064 5246 existimationis
1109 5194 1369 5248 subiisset
1417 5191 1723 5262 iacturam;
1779 5191 1873 5246 sed
1923 5190 2068 5260 quod

471 5289 774 5344 vereretur,
827 5297 894 5335 ne
944 5298 1049 5350 qua
1111 5286 1493 5336 mandatorum
1547 5282 1860 5336 divinorum
1905 5282 2074 5350 negli-

470 5372 652 5442 gentia
687 5371 788 5426 hoc
819 5373 921 5426 sibi
955 5376 1240 5442 repudium
1273 5376 1415 5444 apud
1451 5374 1621 5428 Deum
1655 5373 1978 5443 prpct‘issel.
2011 5373 2066 5424 i"

471 5467 814 5536 propatulum
851 5479 1034 5522 autem
1093 5486 1188 5538 per
1235 5469 1486 5524 homines
1541 5470 1892 5539 perferretur.
1925 5467 2075 5520 Adeo

543 5624 655 5691 (l0)
705 5622 1000 5678 Dicendum
1032 5633 1136 5689 est,
1163 5635 1255 5679 aut
1285 5626 1352 5677 ah
1387 5624 1550 5688 hujus
1583 5625 1824 5678 historia:
1859 5639 2062 5677 exem-

477 5695 638 5761 plari,
672 5711 780 5762 quo
822 5696 1057 5762 scriptor
1089 5712 1222 5748 usus
1258 5707 1363 5756 est,
1394 5697 1636 5748 abfuisse
1678 5714 1873 5747 nonien
1923 5698 2064 5761 ejus,

475 5764 567 5830 qui
605 5763 946 5818 Joacliimuni
984 5767 1286 5818 maledictis
1321 5771 1614 5819 incessisse
1655 5767 2064 5833 perhibeliatur,

475 5839 571 5886 aut
611 5844 756 5890 Certe
796 5836 1115 5904 scriptorem
1173 5839 1424 5892 consulto
1459 5837 1620 5891 verba
1669 5843 1847 5890 Iacere
1899 5855 1961 5892 ea
1993 5837 2058 5889 de

2169 4643 2585 4713 ὲνεργούμενον.

2240 4904 2314 4958 Z'.
2372 4903 2718 4966 Ὀνειδισθεὶς
2744 4902 2836 4956 οὖν
2866 4903 2894 4954 δ
2925 4902 3157 4969 δίκαιος,
3193 4902 3226 4972 ἢ
3253 4905 3345 4955 καὶ
3373 4903 3764 4974 ἀποπεμφθεὶς

2177 5000 2397 5051 ἀνιᾶται
2449 4998 2847 5067 σφοδρότερον·
2899 4997 2997 5064 οὐχ
3049 4996 3124 5059 ὡς
3169 4999 3282 5060 τοῖς
3318 4997 3495 5062 λόγοις
3545 4997 3765 5066 πεπλη-

2179 5089 2312 5157 γὼς,
2344 5092 2378 5160 ἡ
2410 5089 2679 5159 ἀδοξήσας
2707 5089 2785 5158 τῷ
2822 5089 3135 5158 πράγματι,
3181 5088 3316 5140 ἀλλὰ
3346 5087 3535 5150 δεδιὼς
3578 5090 3766 5156 μήπου

2171 5202 2254 5244 τις
2291 5183 2439 5250 αὐτῷ
2469 5181 2577 5234 τῶν
2604 5180 2760 5234 θείων
2786 5181 3018 5232 ἐντολῶν
3041 5182 3408 5250 παροφθείσα,
3444 5182 3594 5252 παρὰ
3622 5181 3763 5233 θεοῦ

2176 5279 2277 5347 μὲν
2333 5277 2431 5347 τὴν
2494 5277 2817 5345 ἀπόπεμψιν
2875 5277 3053 5340 ἔτεκε,
3103 5277 3168 5328 δι’
3209 5276 3515 5346 ἀνθρώπων
3575 5278 3632 5329 δὲ
3683 5278 3766 5339 εἰς

2175 5369 2487 5438 τούμφανὲς
2536 5370 2793 5438 παρήχθη
2822 5383 2835 5396 '
2867 5368 3040 5429 οὕτως
3077 5364 3145 5438 ἦν
3191 5369 3249 5420 ἓν
3287 5386 3346 5420 τε
3384 5373 3450 5439 τῇ
3484 5369 3616 5436 περὶ
3654 5369 3768 5420 τῶν

2179 5463 2360 5532 νόμων
2389 5463 2695 5531 πληρώσει,
2733 5463 2829 5514 καὶ
2854 5464 2921 5530 τῇ
2952 5461 3059 5539 τςῶν
3085 5461 3307 5530 ἀφανῶν
3332 5462 3426 5513 τοῦ
3464 5463 3768 5520 συνειδότες

2176 5640 2233 5676 re
2271 5621 2534 5675 noluisse.
2587 5621 2645 5672 lu
2707 5620 2809 5672 hac
2861 5619 3005 5672 cnim
3060 5619 3310 5671 oratione
3358 5617 3489 5670 nihil
3525 5618 3769 5672 occurrit

2175 5710 2389 5755 eorum,
2414 5708 2532 5760 quae
2567 5693 2631 5743 de
2663 5690 2849 5742 liulicn
2874 5703 2926 5741 et
2957 5691 3097 5741 tribu
3130 5688 3455 5741 I’iuhenitica
3493 5689 3768 5754 dtSputarl

2179 5765 2414 5816 vidimus
2454 5765 2505 5814 in
2540 5761 2680 5813 l’elri
2709 5761 2889 5827 Argivi
2925 5760 3199 5824 oratione,
3233 5774 3294 5812 ac
3324 5760 3495 5812 multo
3530 5761 3768 5827 amplius

2172 5835 2223 5887 iu
2255 5842 2502 5889 oration:-
2537 5831 2765 5884 Joannis
2804 5831 3150 5883 l‘Lumeusis.
