4104 6460
451 407 568 470 εει

452 522 747 587 ἐξετάσει,
809 517 1202 589 ἀκριϐέστατος
1260 514 1591 585 λογοθὲτης·

452 616 648 682 ἠγεῖτο
691 610 760 664 τὰ
791 612 920 680 περὶ
949 609 1114 662 αὑτοῦ
1165 608 1424 677 προνοίας
1461 607 1697 662 ἅπαντα.
1740 604 1840 658 Διὰ
1882 602 2040 656 τοῦτο

459 706 527 761 οὐ
562 702 843 773 διηνέχθη,
876 702 938 754 οὐ
979 703 1091 764 τοῖς
1129 700 1310 767 λόγοις
1348 698 1734 765 ἀντικατέστη,
1766 695 1828 747 ού
1859 694 1921 747 τὸ
1965 692 2040 763 μὴ

451 795 801 852 κεκωλῦσθαι
828 794 939 846 τῶν
971 793 1177 862 ἐθίμων
1211 792 1407 861 μέχρις
1452 790 1693 842 ἐκείνου·
1731 787 1822 840 διά
1864 803 1923 851 τε
1979 785 2040 837 τὸ

449 888 550 942 τοῦ
582 888 695 958 βίου
727 886 824 940 καὶ
858 886 918 937 τὸ
963 884 1071 937 τῶν
1107 883 1327 953 δωρεῶν
1353 882 1742 950 ἀνεπίληπτον,
1776 877 2041 948 προσελὰ-

447 982 619 1035 6ετο·
670 980 788 1032 ἀλλ’
827 977 964 1048 ὁμοῦ
1012 994 1070 1029 τε
1112 975 1209 1046 τὴν
1264 976 1334 1028 δι’
1386 973 1691 1042 ὀνειδισμοῦ
1747 969 2041 1039 ἐπίπληξιν

468 1071 801 1135 εἰσεδέξατο,
843 1070 938 1123 καὶ
976 1068 1068 1121 ἐπὶ
1115 1067 1206 1120 τὸν
1232 1067 1341 1119 τῶν
1385 1065 1709 1136 ἀπορρήτων
1743 1061 2039 1130 ἐξεταστὴν

449 1162 798 1233 καταφεύγει
828 1161 963 1215 Θεόν
987 1173 1004 1194 ⁸
1030 1162 1123 1215 καὶ
1149 1159 1247 1232 τὴν
1275 1160 1510 1231 ἐρημίαν
1545 1160 1620 1220 ὡς
1651 1157 1912 1227 συνεργὸν
1936 1156 2036 1225 τῆς

448 1255 596 1325 πρὸς
625 1256 717 1308 τὸν
767 1253 900 1307 Θεὸν
949 1252 1167 1322 ὁμιλίας
1212 1250 1626 1320 καταλαμϐάνει
1652 1266 1667 1280 ο
1705 1252 1841 1320 μήτε
1895 1249 2037 1318 αὐτῇ

446 1350 521 1419 τῇ
553 1346 788 1417 συνοίκῳ
811 1346 907 1400 καὶ
934 1345 1286 1416 όμογνὼμονι
1310 1345 1525 1412 φανεὶς,
1565 1343 1597 1414 ἢ
1632 1341 2040 1412 κοινωσάμενος

445 1442 550 1512 τὴν
609 1439 856 1510 γνώμην,
917 1439 1055 1509 μήτε
1092 1440 1204 1501 τοῖς
1252 1438 1374 1491 κατ’
1417 1432 1567 1489 οἷκον
1610 1434 1708 1506 τὴν
1746 1435 1876 1505 περὶ
1930 1432 2038 1485 τῶν

444 1533 613 1596 ἐκτὸς
650 1531 972 1600 ἐπιμέλειαν
1000 1529 1334 1600 διαθέμενος.
1378 1528 1476 1589 Τίς
1501 1527 1757 1597 τοιαύτην
1790 1526 1893 1578 κάν
1924 1526 2040 1586 τοῖς

444 1624 578 1680 καθ’
616 1625 765 1694 ἡμᾶς
806 1623 999 1676 ἐλπίδα
1046 1623 1181 1694 πρὸς
1223 1622 1355 1675 Θεὸν
1405 1622 1751 1682 ἁδίστακτον,
1786 1617 1883 1672 καὶ
1930 1615 2038 1671 τῶν

447 1716 742 1787 παρόντων
776 1717 1187 1785 καταφρόνησιν
1219 1712 1568 1777 ἐπεδείξατος
1607 1714 1808 1782 μήτιγε
1838 1712 1895 1762 ἐν
1926 1710 2038 1770 τοῖς

446 1805 576 1859 κατ’
608 1806 787 1858 ἐκεῖνο
813 1806 1047 1875 καιροῖς,
1076 1804 1136 1856 ἐν
1165 1797 1245 1866 οἷς
1274 1803 1372 1856 καὶ
1394 1803 1503 1856 τῶν
1529 1800 1915 1873 μετριωτέρων
1946 1797 2039 1851 καὶ

1281 402 1569 463 ORATIO
1612 403 1694 464 ΙΝ
1733 398 2321 463 CONCEPTIONEM
2373 399 2476 460 SS.
2522 398 2896 458 DEIPARE.

1638 513 1819 577 οὕτως
1886 513 2037 575 θείας
2068 518 2112 575 Α
2143 519 2197 565 el
2223 512 2275 564 in
2313 510 2521 581 legibus
2560 508 2924 578 adimplendis
2953 516 3007 563 et
3030 508 3084 563 in
3117 509 3345 566 occultis
3375 512 3723 568 conscientia:

3615 400 3720 466 [5i

2144 604 2482 675 inquirendis
2512 614 2735 659 exactor
2765 614 2881 659 erat
2908 602 3341 659 solertissimus!
3368 606 3505 659 adeo
3527 607 3726 662 dirime

2142 696 2495 766 providentiae
2543 695 2751 759 omnia,
2783 696 3005 765 quaead
3048 710 3109 751 se
3147 696 3504 766 pertinerent,
3551 699 3725 768 depu-

2144 789 2324 844 tabat!
2359 789 2567 844 Idcirco
2597 804 2702 843 non
2749 790 3043 855 contendit,
3088 804 3196 843 non
3236 790 3448 845 rixatus
3474 800 3581 850 est.
3616 807 3722 846 non

2142 882 2361 952 objccit,
2400 883 2492 937 sed
2532 882 2597 935 ad
2633 882 2781 937 illam
2814 897 2989 952 usque
3022 881 3164 936 diem
3213 899 3492 952 nunquam
3523 898 3552 938 a
3588 900 3723 939 cou-

2141 974 2311 1028 suetis
2341 973 2498 1028 dnnis
2533 972 2824 1029 oll'erendis
2861 972 3194 1043 prohibitum
3236 974 3425 1035 fuisse.
3447 976 3563 1030 sive
3600 977 3722 1032 vita:

2142 1080 2257 1121 sua:
2289 1065 2403 1120 sive
2436 1065 2705 1120 donorum
2740 1065 2951 1119 ratione
3006 1064 3212 1131 habita,
3249 1067 3393 1136 quod
3429 1077 3723 1138 utrumque

2141 1156 2570 1226 reprehensione
2620 1164 2852 1212 careret.
2902 1155 3102 1211 Verum
3162 1166 3213 1212 et
3267 1160 3720 1214 centumeliosam

2140 1249 2409 1319 patienter
2462 1249 2584 1303 tulit
2627 1249 3085 1319 obiurgationem,
3137 1264 3203 1303 ac
3244 1250 3409 1304 simul
3455 1251 3521 1304 ad
3559 1252 3723 1305 Deum

2142 1339 2483 1395 occultorum
2520 1350 2879 1395 scrutatorem
2928 1340 3206 1411 confugit;
3244 1351 3407 1410 atque
3436 1342 3488 1396 in
3528 1344 3725 1398 solituo

2141 1429 2321 1485 dinem
2368 1437 2627 1498 tanquam
2671 1430 2883 1501 agendo
2930 1446 3054 1485 cum
3106 1430 3215 1485 Deo
3260 1431 3626 1501 aptissimam,
3658 1450 3725 1487 ne

2142 1520 2246 1590 ipsi
2289 1520 2508 1589 quidem
2565 1520 2807 1592 conjugi,
2855 1521 3016 1584 eique
3064 1522 3332 1587 unanimi,
3385 1539 3444 1579 se
3499 1524 3723 1590 sistens,

2141 1621 2237 1668 aut
2269 1612 2563 1669 consilium
2601 1627 2759 1667 suum
2812 1614 3061 1683 aperiens
3098 1614 3230 1685 (ll),
3260 1630 3437 1684 nequc
3465 1615 3727 1671 domesti-

2143 1706 2225 1760 cis
2266 1719 2456 1759 curam
2514 1711 2866 1758 externorum
2916 1707 3284 1771 committens,
3318 1720 3439 1760 sese
3500 1706 3722 1776 recepit.

2143 1795 2278 1863 Quis
2311 1796 2395 1851 vel
2443 1795 2647 1849 nostris
2694 1794 2848 1849 hisce
2887 1794 3224 1863 temporibus
3262 1794 3472 1872 lirmam
3500 1793 3640 1848 adeo
3672 1796 3725 1848 in

442 1896 897 1968 τεθεσπισμὲνων
944 1894 1158 1962 ἀρετῶν
1203 1893 1449 1966 ἐργώδης
1476 1889 1547 1965 ἦν
1597 1892 2034 1965 ηὲκπλήρωσις.

2148 1888 2316 1942 Deum
2365 1902 2542 1956 spem,
2580 1900 2644 1941 ac
2699 1884 3079 1955 temporalium
3123 1893 3498 1953 contemptum
3544 1894 3729 1939 osten-

444 1993 660 2049 disset?
697 1993 900 2050 nedum
940 2003 1100 2050 aetate
1151 1993 1265 2058 illa,
1315 1992 1535 2063 quando
1580 1991 1744 2046 etiam
1791 1990 2056 2052 modicas,
2123 1986 2288 2041 etiam
2330 1985 2680 2054 praescriptas
2727 1983 2953 2039 virtutes
3019 1998 3274 2039 exercere
3306 1983 3536 2038 arduum
3574 1981 3729 2036 vide-

442 2085 631 2139 batur.

523 2176 609 2232 ΗΖ
635 2177 749 2230 Καὶ
805 2176 1088 2248 παρείσθω
1125 2176 1221 2230 νῦν
1268 2178 1337 2231 τὰ
1379 2175 1521 2231 κατὰ
1548 2176 1640 2228 τὸν
1689 2175 2039 2246 πατριάρχην

459 2270 744 2343 .Α6ραάμ.
789 2269 1201 2345 Ὑπεξηρῆσθαι
1241 2269 1349 2341 γὰρ
1382 2270 1463 2341 τῷ
1512 2271 1689 2342 χρόνῳ
1719 2273 1813 2324 καὶ
1837 2271 1913 2341 τῷ
1938 2272 2042 2341 τῆς

445 2361 806 2430 δικαιοσύνης
859 2361 1175 2431 ἐνεστηκότι
1212 2361 1287 2425 ὡς
1332 2360 1442 2414 τῶν
1482 2361 1670 2427 πάλαι,
1710 2362 1804 2417 καὶ
1851 2362 2040 2416 τούτου

441 2453 658 2520 δόξειεν
688 2453 756 2507 ἄν
800 2470 941 2508 τισιι
967 2453 1116 2520 Πλὴν
1145 2456 1195 2508 εἰ
1240 2455 1335 2509 καὶ
1363 2453 1535 2509 ταῦτα
1570 2472 1653 2520 τις
1700 2454 2044 2520 ἁνεξετάζειν

444 2548 686 2609 ἐκείνοις
728 2545 991 2617 βούλοιτο,
1018 2545 1220 2616 πολλὴν
1251 2545 1319 2599 ἂν
1350 2549 1448 2615 τὴν
1477 2545 1749 2617 ὑπεροχὴν
1771 2545 1877 2600 τῶν
1911 2562 2046 2615 προ-

2217 2165 2354 2221 ΠΗ.
2385 2165 2448 2222 Et
2493 2165 2715 2221 silentio
2745 2164 2967 2235 quidem
3017 2183 3161 2224 ιιιιηο
3206 2175 3606 2235 praetereantur
3636 2173 3727 2223 res

2141 2260 2467 2332 patriarcha:
2494 2260 2749 2315 Abrahae.
2784 2257 2883 2314 Hic
2911 2259 3057 2315 enim
3094 2260 3555 2330 quemadmodum
3592 2270 3731 2315 tem-

2141 2369 2296 2426 pore,
2353 2354 2434 2408 sic
2483 2361 2537 2408 et
2595 2352 2817 2408 virtutis
2869 2353 3165 2409 eminentia
3220 2368 3329 2408 non
3392 2353 3728 2410 vetustiores

2144 2448 2329 2507 modo.
2360 2446 2455 2502 sed
2500 2456 2556 2502 et
2593 2448 2775 2501 virum
2826 2445 2992 2503 istum
3048 2461 3338 2516 superasse
3394 2446 3722 2516 quibusdam

2142 2539 2284 2595 forte
2342 2540 2630 2595 videbitur.
2677 2538 3002 2609 Quanquam
3049 2541 3094 2593 si
3122 2540 3249 2608 quis
3294 2555 3357 2616 ea
3400 2548 3573 2610 gesta,
3605 2555 3726 2609 qua:

447 2640 730 2710 κειμένων
761 2636 1074 2706 κατόψοιτο.
1119 2635 1347 2707 Ἐκείνῳ
1388 2636 1488 2707 μὲν
1518 2639 1628 2704 γὰρ
1666 2635 1765 2705 ἥτε
1799 2634 2038 2704 μετανά-

2148 2648 2283 2695 nunc
2315 2632 2665 2702 exponimus,
2692 2646 2817 2687 cum
2848 2632 2957 2689 illis
2987 2632 3237 2688 conferre
3270 2634 3453 2695 vellet,
3491 2633 3721 2688 multum

450 2749 668 2798 στασις,
701 2732 799 2785 καὶ
844 2732 878 2803 ἡ
924 2724 1071 2803 ἐφ’ᾖ
1112 2731 1178 2783 ἂν
1229 2731 1621 2801 παροικήσειεν
1674 2728 1879 2800 ἐρρήθη
1928 2728 2038 2797 γῆ’

459 2825 542 2875 ἐτι
577 2823 683 2893 μὴν
734 2821 830 2874 καὶ
858 2822 893 2892 η
944 2820 1047 2891 τῆς
1090 2819 1349 2883 ἀπαιδίας
1400 2819 1496 2872 καὶ
1546 2818 1885 2889 στειρώσεως
1941 2817 2041 2886 τῆς

466 2914 677 2986 Σάρρας
726 2912 904 2980 λύσις,
954 2912 1060 2966 ὑπὸ
1108 2913 1203 2966 τοῦ
1246 2910 1515 2982 ἀψευδοῦς
1567 2908 2039 2982 προεπήγγελται·

462 3009 607 3078 ειπερ
630 3008 692 3079 δὴ
725 3006 975 3076 κατέχων
1002 3005 1316 3076 ὑποσχέσει,
1345 3003 1442 3075 τὴν
1473 3003 1576 3074 μὲν
1598 3003 1797 3057 ἐλπίδα
1822 3003 2039 3074 ἔτρεφε,

455 3101 556 3172 τὴν
580 3100 887 3170 δὲγνώμην
919 3098 1055 3170 πρὸς
1083 3097 1184 3168 τὴν
1221 3099 1289 3152 δι’
1315 3100 1585 3167 αἰτήσεως
1629 3096 1878 3160 ἔκϐασιν,
1912 3095 2046 3166 ἐψυ-

2137 2725 2413 2778 euimvero
2444 2725 2733 2794 prsesentia
2766 2725 2881 2779 haec
2919 2724 3025 2778 illis
3054 2723 3382 2778 antecellere
3420 2724 3723 2793 deprehen-

2138 2817 2313 2871 deret.
2360 2815 2427 2869 Et
2472 2830 2606 2872 sane
2650 2816 2728 2871 illi
2766 2826 2879 2869 tum
2927 2817 3359 2887 transmigratio,
3406 2825 3520 2871 tum
3556 2826 3723 2881 terra,

2143 2909 2200 2962 in
2226 2922 2335 2978 qua
2382 2906 2563 2962 sedem
2596 2907 2875 2977 deligeret,
2907 2908 3272 2978 praenuntiata
3328 2907 3458 2974 luit;
3500 2908 3729 2978 insuper

2149 3002 2217 3058 ab
2247 3016 2335 3068 eo,
2372 3003 2463 3073 qui
2501 3002 2718 3058 mentiri
2761 3005 2973 3073 nequit,
3009 3013 3123 3059 tum
3172 3002 3429 3059 orbitatis
3468 3003 3728 3067 filiorum,

2149 3108 2264 3154 tum
2314 3097 2464 3154 Sarae
2507 3098 2813 3154 sterilitatis
2869 3101 3106 3154 cessatio
3134 3098 3393 3168 praedicta
3436 3097 3561 3153 fuit.
3595 3098 3730 3166 Quae

448 3189 722 3261 χαγώγει.
756 3190 823 3242 Τί
874 3191 984 3262 γὰρ
1013 3189 1080 3243 ἂν
1129 3188 1495 3259 εὐθυμότερον
1549 3188 1649 3259 τῆς
1701 3187 2044 3259 ὑποσχέσεως

2152 3191 2374 3260 quidem
2406 3200 2529 3246 cum
2570 3200 2791 3263 propter
2839 3191 3259 3262 promissionem
3290 3192 3404 3262 jam
3447 3192 3610 3247 veluti
3651 3202 3732 3247 tc-

448 3280 652 3352 όφθείη
676 3279 844 3349 Θεοῦ;

2152 3292 2330 3345 neret,
2361 3297 2510 3353 spem
2560 3284 2776 3338 interim
2811 3284 3010 3351 alebat,
3047 3284 3401 3356 animumque
3440 3287 3729 3341 conﬁrma-

451 3380 552 3434 bat
613 3377 684 3432 ad
731 3377 944 3434 felicem
994 3376 1202 3432 exitum
1261 3377 1518 3446 precibus
1569 3377 2037 3450 consequendum,
2097 3376 2239 3445 Quid
2283 3379 2430 3437 enim
2495 3380 2564 3435 ad
2603 3381 2894 3452 erigeudos
2949 3383 3162 3437 animos
3200 3380 3490 3453 eﬂicacius,
3566 3399 3727 3454 quam

453 3472 556 3530 Dei
586 3471 888 3543 promissio
916 3469 1086 3525 videri
1120 3469 1322 3541 queat?

537 3564 600 3618 '0
623 3564 682 3617 δὲ
712 3563 1141 3633 ἀνεπαγγέλτως
1172 3563 1271 3634 μὲν
1310 3562 1463 3634 παρὰ
1487 3564 1583 3616 τού
1614 3554 1844 3618 δυνατοῦ
1873 3563 2050 3618 πάντα

449 3658 523 3710 τὰ
559 3654 637 3726 μὴ
691 3653 896 3708 δυνατὰ
947 3652 1329 3724 περαιοῦσθαι,
1384 3654 1481 3707 καὶ
1530 3653 1631 3722 τὴν
1667 3654 1830 3723 φύσιν
1879 3671 2052 3726 μετα·

454 3746 830 3820 ρυθμίςεσθαι
884 3745 1208 3813 πιστεύσας,
1239 3746 1378 3817 πρὸς
1407 3746 1593 3815 ἀφανῆ
1621 3745 1680 3799 δὲ
1732 3747 1833 3815 τὴν
1880 3744 2048 3800 αὑτοῦ

455 3838 810 3911 προμηθείαν
843 3838 914 3893 τὰ
945 3838 1047 3909 τῆς
1091 3838 1308 3902 ἐλπίδος
1341 3836 1582 3910 ἐρείσας,
1624 3836 1770 3892 οὕτω
1803 3837 1899 3892 καὶ
1945 3839 2048 3910 τὴν

453 3931 570 3985 τῶν
593 3931 818 3985 οἰκείων
846 3931 1148 3996 διάστασιν,
1184 3933 1277 3986 καὶ
1305 3932 1407 4003 τὴν
1437 3931 1677 4002 ἔμμονον
1715 3931 1853 4002 πρὸς
1883 3932 2046 3986 αὐτὸν

453 4024 525 4079 δι’
555 4022 852 4090 ἐντεύξεως
878 4025 1113 4079 ποιεῖται
1137 4024 1376 4096 ὁμιλίαν.

530 4114 650 4167 Καὶ
682 4113 712 4166 ὁ
759 4114 880 4185 μὲν,
927 4114 1369 4186 τεκμηρίων’τῆς
1401 4131 1461 4168 τε
1511 4115 1897 4186 κατασχέσεως
1944 4115 2046 4184 τῆς

457 4206 569 4277 γῆς
599 4206 697 4260 καὶ
726 4206 825 4277 τῆς
861 4204 956 4259 τοῦ
995 4207 1189 4275 γένους
1234 4208 1528 4270 ἐπιδόσεως
1563 4207 1770 4263 δεῖται*
1803 4207 1897 4261 καὶ
1938 4207 2047 4278 ὅτῳ

458 4298 655 4369 τρόπῳ
700 4297 771 4350 τὰ
811 4297 1263 4367 ἐπαγγελλόμενα
1298 4297 1662 4369 πληρωθεῖεν,
1707 4297 2043 4365 ἐξαιτεῖται·

458 4394 488 4446 ὁ
530 4394 612 4460 δὲ,
640 4392 835 4463 ὥσπερ
873 4395 932 4447 ἐν
973 4396 1039 4466 τῇ
1090 4393 1225 4466 εὐχῇ
1255 4394 1318 4449 τὸ
1350 4395 1747 4461 ἀνενδοίαστον,
1785 4395 1927 4448 οὕτω
1953 4396 2049 4448 καὶ

460 4487 525 4540 τὸ
561 4487 893 4559 είσεπήκοον
927 4487 1285 4558 ἀνενεχθῆναι
1322 4488 1643 4555 πιστεύσας,
1668 4489 1763 4542 καὶ
1808 4488 1914 4542 ὑπὸ
1946 4490 2050 4557 ἁγ-

462 4577 632 4645 γέ>.ου
664 4577 758 4630 τὸν
784 4578 943 4631 τόκον
972 4577 1363 4650 εύαγγελίσθη,
1395 4580 1488 4633 καὶ
1515 4579 1633 4650 οὐχ’
1658 4580 1735 4642 ὡς
1762 4580 1828 4634 ἂν
1849 4580 2046 4651 ἐκϐαίη

462 4670 527 4721 τε
559 4667 1054 4738 εὐαγγελιζόμενον
1106 4672 1372 4724 αἰτεῖται’
1404 4670 1480 4734 ὡς
1522 4669 1633 4741 γὰρ
1675 4670 1951 4741 πλήρωμα
1987 4670 2050 4724 τὸ

465 4763 700 4829 μήνυμα
721 4758 1035 4831 κατασχὼν,
1070 4756 1236 4831 εἶχεν.

553 5023 720 5076 Ἀλλὰ
750 5023 858 5095 γὰρ
882 5025 974 5079 καὶ
998 5025 1059 5079 τὸ
1081 5025 1180 5095 τῆς
1209 5025 1401 5090 Θυσίας
1427 5026 1678 5081 ἐνταυθοῖ
1706 5029 2049 5100 προσκαλού-

467 5133 637 5189 μενον
654 5116 1013 5187 ἐξετασθῆναι
1031 5118 1356 5188 παράδοξον,
1391 5117 1538 5192 [οὐκ]
1563 5120 1771 5174 ἐατέονο
1788 5104 1937 5186 ὅπως
1954 5121 2056 5192 μὲν

463 5212 682 5273 ἐκεῖνος
710 5211 1027 5279 προστάξει,
1054 5211 1531 5283 αὐτοπροαιρέτως
1548 5212 1605 5266 δὲ
1630 5206 1808 5280 οὗτος,
1841 5214 2053 5286 ἱερούρ-

465 5317 611 5374 γησε
632 5318 646 5331 ·
684 5302 780 5355 καὶ
832 5302 1100 5372 μονογενῆ
1137 5304 1256 5374 μὲν,
1289 5305 1497 5374 κυρίως
1528 5298 1682 5368 οὗτος
1704 5322 1719 5336 ⁸
1756 5307 1962 5369 ἐκεῖνος
1994 5307 2052 5360 δὲ

462 5395 545 5462 τῷ
577 5394 681 5462 τῆς
731 5394 1068 5463 ἐπαγγελίας
1112 5395 1292 5466 λόγῳο
1341 5396 1438 5449 καὶ
1485 5396 1565 5449 ὅτι
1621 5397 1899 5467 προτάξας
1953 5399 2052 5468 μὲν

465 5487 680 5549 ἐκεῖνος
708 5487 771 5541 τὸ
812 5488 1006 5558 ἱερεῖον
1052 5487 1466 5557 ἀντικομίζεται
1493 5504 1509 5521 ο
1540 5482 1692 5553 οὗτος
1724 5490 1780 5544 δὲ
1825 5490 1904 5563 τῷ
1936 5492 2053 5546 ὄντι

541 5663 656 5733 (Η)
715 5664 823 5719 Alii
888 5677 1079 5720 contra
1141 5676 1396 5734 narrant,
1459 5670 1739 5724 communi
1819 5667 2051 5727 consilio

464 5735 820 5810 Joachimum
865 5743 920 5810 et
962 5737 1177 5790 Annam
1208 5741 1275 5810 ad
1302 5740 1510 5809 jejunio
1539 5755 1602 5793 ac
1635 5755 1823 5810 preces
1858 5742 2051 5797 confu-

470 5809 638 5878 gisse.
672 5805 760 5860 Nil
806 5805 1041 5871 mirum;
1078 5805 1318 5878 quoties'
1345 5805 1491 5863 enim
1541 5812 1607 5864 de
1635 5805 1727 5866 'rei
1778 5813 2050 5884 adiunctis

794 5898 1062 5962 PATROL.
1105 5903 1219 5964 Gn.
1267 5904 1579 5968 CXXVII.

2221 3560 2322 3618 Hic
2356 3578 2486 3619 vero
2528 3564 2679 3619 nulla
2725 3565 2907 3622 adhuc
2942 3568 3306 3636 promissione
3334 3581 3579 3641 accepta,
3607 3587 3732 3629 cre-

2148 3654 2307 3724 didit,
2346 3656 2415 3711 ab
2466 3655 2849 3727 Omnipotentc
2887 3658 3051 3713 etiam
3102 3659 3465 3730 impossibilia
3514 3665 3726 3733 perlici.

2146 3759 2511 3819 naturamque
2543 3764 2704 3819 posse
2730 3749 3028 3816 immutari,
3063 3753 3389 3823 lirmamque
3420 3755 3474 3809 in
3509 3759 3726 3812 occulta

2146 3843 2296 3901 illius
2344 3844 2687 3914 providentia
2753 3858 2905 3915 spem
2960 3846 3183 3911 deﬁxit;
3239 3861 3302 3902 ac
3357 3858 3645 3920 propterea
3697 3871 3726 3906 ιι

2149 3934 2468 3991 domesticis
2497 3949 2618 3991 sese
2648 3935 2798 3992 curis
2825 3936 3154 3992 subtrahens
3179 3938 3247 3993 ad
3274 3938 3447 3995 Deum
3473 3944 3729 4011 precibus

2148 4027 2402 4083 insistere
2430 4036 2763 4098 perseverat.
2872 4100 2885 4109 ᾗ

2221 4120 2319 4175 Ille
2351 4120 2591 4189 quidem,
2623 4135 2692 4174 ne
2731 4120 2798 4175 de
2832 4118 3013 4176 futura
3054 4131 3212 4178 terra:
3245 4125 3615 4193 possessione,
3634 4126 3728 4181 dc-

2151 4227 2259 4282 que
2299 4211 2441 4266 miro
2470 4212 2833 4281 posteritatis
2878 4228 2992 4269 suae
3038 4216 3377 4271 incremento
3435 4217 3728 4280 dubitaret.

2152 4304 2311 4374 signo
2360 4303 2547 4374 aliquo
2613 4304 2848 4375 indiguit
2901 4316 3068 4363 :tum
3126 4309 3288 4363 etiam
3350 4324 3458 4379 qua
3516 4310 3733 4365 ratione

2157 4396 2430 4464 implenda
2461 4410 2525 4451 ea
2557 4406 2765 4462 essent,
2793 4413 2917 4468 quae
2958 4401 3442 4469 promittebantur,
3492 4400 3735 4471 exquisi-

2159 4487 2254 4541 vit.
2298 4487 2398 4541 ilic
2436 4496 2619 4544 autem
2649 4497 2799 4545 certo
2827 4491 3081 4558 credens,
3122 4492 3301 4562 qualis
3349 4492 3618 4563 cujusque
3664 4495 3731 4547 sit

2159 4576 2212 4630 in
2246 4577 2455 4633 orando
2494 4579 2715 4647 ﬁducia,
2753 4581 2916 4635 talem
2954 4581 3096 4637 votis
3146 4583 3351 4637 exitum
3381 4585 3730 4653 respondere,

2158 4666 2367 4723 idcirco
2416 4668 2486 4722 ab
2544 4670 2739 4740 angelo
2785 4670 2853 4725 de
2901 4671 3251 4741 suscipienda
3299 4672 3453 4742 prole
3495 4676 3735 4731 monitus

2157 4770 2264 4824 est,
2308 4775 2486 4831 neque
2514 4769 2696 4817 tamen
2737 4776 2844 4832 qua
2884 4764 3094 4819 ratione
3134 4772 3457 4818 eventurum
3490 4764 3542 4819 id
3566 4776 3734 4828 esset.

2159 4850 2227 4906 ab
2256 4852 2450 4920 angelo
2480 4862 2831 4922 percontatus
2874 4864 2979 4909 est.
3009 4852 3270 4909 Nuntium
3318 4854 3464 4910 enim
3511 4858 3736 4927 perinde

2158 4958 2223 4997 ac
2258 4942 2519 5011 promissi
2552 4943 3016 5013 complementum
3050 4944 3262 5003 habuit.

2226 5033 2717 5090 Verumenimvero
2784 5051 2885 5091 nec
2935 5038 3320 5095 admirandum
3368 5040 3502 5097 illud
3561 5046 3737 5100 sacri-

2162 5125 2348 5181 ﬁcium
2392 5128 2447 5181 in
2480 5128 2720 5184 medium
2755 5130 2934 5185 accire
2966 5145 3030 5186 ac
3076 5134 3414 5202 perpendere
3457 5135 3546 5192 hic
3575 5138 3737 5195 abso-

2160 5234 2292 5274 num
2323 5220 2575 5276 videatur
2609 5241 2623 5277 :
2656 5223 2935 5292 quomodo
2967 5223 3227 5280 nimirum
3259 5226 3350 5282 ille
3381 5229 3603 5299 quidem
3635 5230 3742 5286 im-

2157 5313 2312 5381 perio
2346 5322 2592 5384 accepto,
2625 5314 2717 5372 hic
2763 5324 2945 5372 autem
2994 5333 3095 5375 sua
3147 5329 3343 5390 sponte
3396 5323 3743 5378 sacriﬁcave-

2159 5402 2233 5456 rit
2282 5418 2296 5454 :
2353 5411 2514 5472 atque
2558 5403 2648 5459 hic
2700 5405 2922 5476 quidem
2971 5408 3196 5479 proprie
3240 5409 3615 5482 unigenitam:
3651 5412 3744 5468 ille

2159 5509 2290 5550 vero
2338 5511 2484 5564 eum,
2512 5497 2606 5569 qui
2640 5500 3025 5570 promissionis
3049 5512 3264 5560 tantum
3294 5507 3508 5561 ratione
3555 5504 3739 5562 habita

2162 5673 2304 5750 silet_
2335 5675 2584 5750 historia,
2618 5689 2880 5750 perpetuo
2915 5683 3190 5744 usuvcnit,
3230 5689 3312 5746 ut,
3343 5681 3471 5735 dum
3507 5678 3741 5749 quisque

2162 5746 2306 5821 quod
2339 5747 2444 5801 sibi
2475 5746 2772 5806 verisimile
2805 5752 3040 5815 videtur,
3065 5753 3359 5820 excogitat,
3380 5752 3434 5807 in
3467 5746 3739 5821 pluresue

2161 5818 2407 5875 diversas
2446 5821 2749 5879 sententias
2778 5823 2976 5896 singuli
3009 5818 3226 5880 abeant:
3346 5824 3347 5827 “

3348 5916 3423 5976 18
