4104 6414
415 378 524 442 5'35
1729 370 1989 432 JACOBI
2028 368 2381 431 MONACIII
3590 363 3697 429 556

412 494 558 548 velut
610 491 921 563 unigenitus
964 488 1149 547 haberi
1205 496 1420 560 poterat
1468 488 1580 560 (12)
1631 507 1643 544 :
1694 503 1759 544 ac
1810 499 2005 543 rursus

2114 485 2479 556 καθιερώσας,
2532 484 2920 551 ὡλοκαύτωσε,
2966 483 3061 539 καὶ
3091 483 3346 550 ἀποδοὺς,
3386 483 3697 555 ἀνήνεγκε·

413 584 693 654 qitomodo
716 584 991 638 victimam
1016 581 1204 652 utique
1221 580 1528 646 adduxerit,
1545 580 1802 635 intactam
1822 588 2004 635 tamen

2114 578 2210 631 καὶ
2262 578 2613 651 πατριάρχην
2668 576 2772 648 μὲν
2827 577 3015 642 αὐτὸς,
3051 575 3235 645 φυλῶν
3280 575 3374 628 καὶ
3427 574 3699 629 δικαίων⁹

414 675 665 730 eamdem
718 673 985 743 receperit
1026 686 1090 727 ac
1136 687 1324 726 secum
1383 670 1688 734 reduxerit,
1736 670 1824 724 hic
1876 685 2007 725 vero

2115 669 2329 741 μητέρα
2370 670 2426 722 δὲ
2460 666 2615 732 οὗτος
2642 669 2777 723 Θεοῦ
2812 669 2905 724 καὶ
2946 668 3299 737 δικαιοτάτην
3341 668 3702 740 πατριαρχῶν

421 765 827 828 holocaustum,
903 762 1050 832 quod
1129 772 1379 827 voverat,
1439 762 1617 830 reipsa
1694 759 2005 830 perfecerit,

416 858 772 927 oblatumque
830 856 1127 912 reddiderit
1183 873 1199 910 :
1259 870 1325 909 ac
1373 856 1594 909 demum
1648 854 1739 907 ille
1782 851 2003 923 quidem

419 951 662 1017 jribunm
697 958 753 1003 et
790 948 1067 1017 justorum
1101 946 1508 1017 patriarcham;
1545 946 1633 998 hic
1676 953 1859 998 autem
1914 943 2004 997 Dei

418 1052 650 1097 matrem
683 1054 848 1111 atque
878 1039 1258 1109 dignissimam
1292 1037 1725 1107 patriarcharum
1758 1035 2001 1106 reginam

418 1132 702 1187 obtulerit.
758 1130 1051 1200 Egregium
1106 1143 1239 1183 sane
1287 1127 1557 1196 ejusmodi
1615 1127 1830 1181 facinus
1892 1141 2001 1181 non

422 1229 563 1279 hanc
589 1223 772 1285 modo,
804 1223 899 1278 sed
929 1221 1228 1292 quamlibet
1257 1219 1725 1287 comparationem
1762 1219 2000 1275 excedit.

426 1315 659 1371 Videsne
695 1328 849 1384 ergo,
878 1309 1377 1383 quantopere‘justi
1419 1309 1581 1377 hujus
1622 1309 2004 1377 prterogativa:

420 1404 897 1477 superemineant?
948 1402 1226 1472 Perpende
1271 1416 1436 1471 porro
1480 1410 1533 1454 ct
1581 1402 1747 1455 vitam
1784 1403 1905 1470 cjns
1952 1404 2005 1456 in

421 1500 717 1555 solitudine
758 1501 1087 1559 traductam,
1118 1509 1353 1564 eamque
1400 1510 1565 1564 supra
1603 1504 1814 1549 naturae
1863 1497 2007 1551 vires

422 1590 807 1648 abstinentiam
843 1589 1032 1658 (quam
1070 1588 1192 1641 vita:
1240 1588 1512 1642 rationem
1564 1585 1872 1656 angelicam
1911 1602 2009 1655 po-

422 1686 533 1740 tius
573 1697 673 1753 par
720 1691 806 1739 est
858 1679 1184 1751 appellare);
1236 1694 1400 1749 quam
1448 1680 1734 1749 peregrina
1769 1682 2005 1745 exstitit,

422 1792 587 1847 quam
616 1776 885 1840 insolens,
918 1774 1034 1837 sive
1064 1780 1216 1842 gesta
1244 1771 1501 1827 conferas
1528 1774 1645 1828 sive
1678 1774 2000 1828 sermones!

2109 762 2420 815 δέσποιναν.
2450 763 2717 831 Κρεῖττον
2750 761 2860 833 γὰρ
2879 760 2942 814 οὺ
2971 761 3071 830 τῆς
3106 759 3411 830 παρούσης.
3438 760 3574 813 ἀλλά
3604 761 3701 814 καὶ

2113 854 2295 920 πάσης
2344 853 2827 926 ἀντιπαραθέσεως
2867 853 2929 907 τὸ
2988 851 3324 923 ἐγχείρημα.
3377 850 3543 922 Ὁρᾷς
3587 852 3698 920 ὅπη

2110 944 2181 996 τὰ
2232 942 2326 996 τοῦ
2363 943 2577 997 δικαίου
2627 944 2820 997 τούτου
2875 943 3161 1014 παρήλασε
3198 943 3697 1012 πλεονεκτήματας

2110 1036 2210 1089 θέα
2240 1036 2296 1089 δὲ
2332 1037 2426 1090 καὶ
2475 1038 2575 1105 τὴν
2615 1037 2674 1090 ἐν
2702 1039 2771 1106 τῇ
2827 1036 3022 1107 ἐρήμῳ
3060 1034 3369 1105 διατριϐὴν,
3413 1035 3509 1087 καὶ
3557 1035 3702 1102 ὑπὲρ

2108 1128 2208 1196 τὴν
2243 1128 2406 1197 φύσιν
2464 1128 2787 1200 καρτερίαν,
2831 1130 2899 1200 ἢν
2936 1127 3237 1198 ἀγγελικὴν
3292 1129 3561 1198 προσήκει
3613 1126 3702 1180 λέ-

2109 1238 2228 1289 γειν
2255 1221 2535 1292 διαγωγήν
2554 1238 2568 1252 ·
2600 1222 2676 1285 ὡς
2709 1220 2833 1291 ξένη
2875 1219 2970 1274 καὶ
2998 1220 3370 1289 ἀκατάλληλος
3408 1222 3474 1290 τῇ
3507 1236 3565 1272 τε
3588 1219 3701 1272 τῶν

2113 1315 2461 1386 πραγμάτων
2513 1316 2608 1368 καὶ
2644 1315 2817 1382 λόγων
2848 1314 3300 1385 ἀντιπαραθέσει,
3347 1313 3654 1382 καθέστηκε
3682 1329 3697 1342 ·

2107 1408 2523 1477 τεσσαράκοντα
2552 1409 2660 1478 γὰρ
2691 1407 2882 1461 τοῦτον
2927 1407 3141 1479 ἡμέρας
3165 1408 3260 1459 καὶ
3286 1406 3489 1468 νύκτας
3512 1406 3698 1460 ἄσιτον

2108 1498 2459 1555 διατελοῦντα
2521 1499 3014 1571 προσκαρτερῆσαί
3063 1515 3230 1568 φησιν
3269 1500 3302 1568 ή
3361 1497 3573 1566 ἱστορία
3629 1498 3699 1565 τῇ

2107 1592 2315 1661 δεήσει,
2349 1593 2446 1646 καὶ
2494 1592 2633 1665 μόνῃ
2678 1595 2745 1663 τῇ
2795 1594 2876 1656 είς
2924 1592 3061 1647 θεὸν
3111 1592 3287 1645 ἑλπίδι
3328 1590 3704 1661 τρεφόμενονο

2120 1685 2501 1751 Ἐνήστευσε
2555 1687 2666 1757 γὰρ
2696 1686 2924 1756 ἡμέρας
2976 1687 3074 1739 καί
3125 1686 3349 1751 νύκτας
3401 1680 3702 1749 τεσσαρὰ-

2110 1793 2319 1843 xorta,
2356 1778 2553 1849 λέγων
2579 1793 2596 1808 ⁸
2655 1780 2739 1833 οὐ
2792 1779 3208 1848 καταϐήσομαι
3267 1779 3410 1833 οὔτε
3454 1776 3573 1847 μὲν
3601 1777 3705 1831 ἐπι

422 1869 793 1941 Quadraginta
826 1881 1065 1937 namque
1095 1866 1234 1929 dies,
1264 1865 1603 1935 totidemque
1629 1875 1818 1921 noctes
1853 1866 2006 1920 illum

2114 1870 2341 1938 βρωτῷ,
2365 1872 2505 1926 οὔτε
2532 1871 2633 1925 ἐπὶ
2664 1871 2848 1937 ⁸ποτῷ.

420 1967 541 2022 sine
588 1966 714 2020 cibo
771 1972 1091 2019 constanter
1146 1961 1481 2032 transegisse
1533 1961 1666 2032 (15),
1722 1961 1977 2031 prccibus
2017 1972 2232 2021 tantum
2265 1975 2431 2036 atque
2496 1967 2552 2021 in
2611 1968 2779 2022 Deum
2828 1982 2925 2035 spe
2955 1967 3283 2021 innutritum
3319 1964 3551 2021 historia
3585 1972 3705 2017 tra-

422 2065 520 2119 dit.
556 2061 829 2131 Jejunacit
870 2059 1010 2113 enim
1038 2060 1394 2128 quadraginta
1425 2059 1537 2111 dies
1580 2073 1642 2111 ac
1686 2068 1887 2119 noctes.
1917 2058 2095 2114 dicens
2126 2077 2145 2113 :
2183 2060 2293 2117 Nec
2319 2064 2424 2117 cibi
2462 2081 2555 2118 nec
2584 2074 2740 2134 potus
2767 2066 2943 2135 gratia
2966 2064 3087 2118 hinc
3117 2064 3453 2118 descendam.

494 2155 586 2213 lx.
625 2154 692 2210 Et
735 2157 853 2209 hmc
898 2153 1116 2223 quidem
1140 2151 1276 2218 justi
1320 2149 1468 2205 illius
1499 2162 1674 2220 gesta.
1711 2150 1845 2215 Quae
1890 2166 2021 2207 vero

2188 2156 2263 2212 8‘.
2297 2156 2537 2212 Τοιαῦτα
2566 2158 2668 2229 μὲν
2692 2158 2763 2212 τά
2789 2156 2884 2211 τοῦ
2920 2157 3152 2211 δικαίου.
3186 2158 3265 2210 Τὰ
3297 2157 3353 2210 δὲ
3390 2155 3491 2226 τῆς
3522 2155 3705 2208 συνοί-

424 2249 680 2321 prmstitit
737 2248 892 2300 Anna
954 2260 1062 2300 non
1127 2244 1313 2299 minus
1374 2243 1450 2296 illi
1513 2258 1725 2297 morum
1800 2245 2009 2300 confor-

2117 2263 2218 2300 κου
2270 2248 2366 2301 καὶ
2421 2248 2732 2319 δμοτρόπου
2764 2250 2987 2320 ’Λννης,
3046 2247 3121 2311 ὥς
3178 2246 3393 2317 μεγάλα
3438 2246 3534 2298 καὶ
3569 2244 3707 2297 θαυ-

428 2343 619 2397 unitate
692 2354 857 2410 quam
918 2336 1159 2406 conjugii
1234 2335 1450 2389 vinculo
1520 2336 1795 2405 copulata,
1852 2352 2009 2406 quam

2120 2338 2339 2408 μαστάο
2373 2338 2589 2393 καὶτοῦ
2632 2338 2997 2408 συγκοινωνοῦ
3027 2338 3125 2408 τῆς
3162 2339 3405 2409 χάριτος,
3442 2338 3503 2389 οὐ
3538 2337 3702 2407 μόνον

424 2446 622 2504 magna
650 2446 714 2487 ea
744 2440 893 2493 sunt,
919 2437 975 2484 et
1003 2426 1347 2491 admiranda,
1385 2441 1661 2497 quamque
1698 2441 1729 2482 a
1768 2427 2009 2499 conjugis

2114 2431 2213 2484 οὐκ
2238 2431 2563 2499 ἀποδέοντα,
2595 2430 2734 2485 ἀλλά
2774 2431 2870 2485 καὶ
2922 2429 3234 2501 περαιτέρω
3270 2428 3573 2501 χωροῦντα.
3610 2431 3706 2480 Δι-

422 2527 597 2598 gratia
631 2539 737 2579 non
770 2522 935 2578 modo
967 2536 1075 2576 non
1124 2520 1343 2583 absunt,
1374 2520 1471 2574 sed
1525 2521 1752 2577 ulterius
1791 2536 2015 2591 pregre--

424 2620 678 2675 diuntur!
725 2616 931 2688 Duplex
968 2613 1113 2669 enim
1158 2614 1433 2684 patientia;
1462 2623 1739 2668 certamen
1768 2614 2013 2669 subeun-

423 2712 553 2767 dum
595 2712 695 2780 ipsi
731 2708 853 2763 fuit.
885 2704 1021 2761 Nam
1057 2716 1169 2760 tum
1204 2706 1460 2775 conjugis
1506 2705 1753 2761 absentia
1787 2717 1841 2761 et
1883 2706 2011 2771 loci,

424 2818 537 2875 quo
569 2803 659 2859 hic
698 2801 1041 2863 secessisset,
1072 2797 1362 2869 ignoratio,
1387 2809 1501 2851 tum
1549 2807 1850 2852 scommata
1881 2814 2013 2868 pro-

425 2905 543 2968 pter
573 2895 743 2966 prolis
773 2895 1060 2949 orbitatem
1092 2890 1318 2953 inﬂicta,
1353 2893 1480 2946 hinc
1523 2890 1648 2945 inde
1680 2890 1854 2960 ipsam
1888 2905 2010 2961 pre-

426 2988 671 3043 mebant.
718 2986 997 3041 Adversus
1034 2999 1156 3054 qua:
1194 2982 1444 3039 subsidio
1485 2983 1599 3052 spei
1635 2997 1699 3038 ac
1733 2981 1854 3037 ﬁdei
1911 2983 2008 3038 de-

2117 2521 2287 2586 πλοῦς
2317 2523 2421 2591 γὰρ
2460 2521 2601 2594 αὕτη
2639 2524 2764 2587 τοὺς
2800 2524 2901 2593 τῆς
2946 2522 3245 2594 καρτερίας
3275 2522 3528 2593 διήνυσεν
3555 2520 3709 2589 ἀγῶ-

2118 2631 2216 2678 νας
2241 2627 2257 2644 ⁸
2291 2616 2326 2684 ἦ
2355 2632 2413 2668 τε
2444 2616 2554 2687 γὰρ
2584 2615 2679 2669 τοῦ
2713 2613 2950 2682 συζύγου
2993 2613 3271 2679 διάζευξις
3309 2613 3403 2667 καὶ
3437 2611 3708 2682 παροικία

2118 2705 2338 2776 ἄδηλος,
2369 2707 2463 2760 καὶ
2487 2709 2553 2759 τὰ
2583 2707 2652 2760 δι’
2683 2706 2944 2759 ἀπαιδίαν
2980 2705 3338 2776 ἐπολιόρκουν
3381 2705 3551 2774 ἄμφω
3574 2702 3708 2755 sati-

2110 2813 2214 2868 την
2245 2798 2557 2868 σκώμματα
2581 2813 2595 2827 ·
2624 2799 2761 2870 πρὸς
2793 2797 2940 2870 ἅπερ
2972 2796 3478 2868 ἀνταγωνιζομένη,
3504 2797 3572 2866 τῇ
3604 2796 3708 2862 τῆς

2111 2888 2326 2951 ἐλπίδος
2373 2890 2470 2942 καὶ⁵
2504 2889 2748 2953 πίστεως
2795 2889 3122 2959 ὑπερανεῐχε
3180 2889 3512 2958 συμμαχίᾳ⁹
3568 2887 3707 2941 ἀλλὰ

2113 2982 2221 3051 γὰρ
2247 2981 2422 3045 διττὸς
2447 2982 2584 3052 αὐτῇ
2616 2983 2711 3034 καὶ
2742 2982 2771 3034 δ
2799 2983 3045 3046 τοιοῦτος
3077 2980 3339 3051 ὲπετρίδη
3373 2979 3707 3049 ὀνειδισμό;’

425 3090 664 3144 certans,
685 3078 936 3149 superior
970 3075 1253 3133 evadebat.
1269 3072 1411 3140 Quin
1437 3074 1604 3128 etiam
1640 3074 1755 3128 haec
1787 3085 2009 3143 propter

2114 3072 2139 3124 ὁ
2174 3071 2261 3124 διὰ
2290 3070 2399 3124 τῶν
2428 3071 2790 3140 συμφυλετῶν
2830 3072 2951 3141 μὲν,
2997 3071 3262 3142 πρότερον
3286 3085 3303 3103 ο
3334 3070 3527 3123 ἔπειτα
3564 3071 3640 3133 δὲ,
3675 3072 3706 3124 δ

426 3173 769 3230 sterilitatem
823 3169 1068 3226 convicia
1112 3167 1314 3237 duplici
1357 3181 1423 3220 ex
1469 3174 1623 3235 parte
1661 3165 1763 3235 ipsi
1814 3166 2009 3221 iniere-

2115 3163 2203 3217 διὰ
2230 3163 2330 3233 τῆς
2359 3163 2621 3227 οίκὲτιδος
2643 3180 2656 3193 ·
2681 3163 2741 3227 δς
2769 3164 2864 3216 καὶ
2896 3161 3321 3233 δυσφορωτάτην
3347 3163 3448 3232 τὴν
3475 3161 3709 3231 ἐπίπλη-

427 3262 629 3317 bantur
679 3279 695 3315 :
747 3258 929 3329 primo
977 3256 1197 3327 quidem
1255 3269 1287 3309 a
1341 3254 1769 3317 contribulibus.
1822 3254 2009 3310 deinde

2125 3254 2206 3321 ξιν
2233 3255 2469 3308 ἐνεποίει
2520 3255 2934 3324 προσαγόμενος
2959 3271 2974 3285 ·
3007 3255 3068 3307 οὐ
3120 3254 3228 3324 γάρ
3266 3253 3409 3307 οὕτω
3456 3254 3525 3307 τὰ
3575 3254 3710 3323 παρ’

427 3354 595 3409 etiam
647 3352 717 3406 ab
762 3349 961 3405 ancilla
1011 3363 1131 3412 sua,
1185 3346 1331 3416 quod
1380 3360 1514 3401 sane
1575 3347 2009 3402 molestissimam

2123 3345 2326 3414 ἐτέρων
2360 3346 2538 3416 ὀνείδη
2569 3346 2644 3407 ὡς
2686 3348 2754 3399 τὰ
2806 3348 2958 3418 παρά
3005 3346 3117 3400 τῶν
3162 3345 3573 3416 γνησιωτέρων,
3604 3362 3710 3399 κα-

427 3445 593 3503 eﬂicit
623 3442 1010 3500 contumeliam
1051 3459 1066 3495 :
1111 3454 1217 3494 non
1246 3439 1390 3494 enim
1423 3438 1600 3493 solent
1620 3439 1810 3493 eodem
1853 3441 2009 3494 modo

2123 3440 2426 3493 θάπτεσθαι
2474 3441 2585 3494 τῶν
2636 3438 3095 3511 προϐαλλομένων
3154 3439 3426 3509 πέφυκεν,
3467 3440 3564 3492 καὶ
3596 3439 3706 3508 μά·

431 3535 645 3591 allieere
696 3548 819 3604 quae
869 3532 939 3587 ab
986 3530 1263 3586 extraneis
1325 3528 1697 3584 immittuntur
1749 3530 2009 3596 convicia,

2122 3528 2281 3581 λιστα
2311 3529 2360 3581 si
2390 3530 2498 3583 τῶν
2527 3529 2586 3595 ἐξ
2607 3530 2713 3583 ὑπὸ
2739 3533 2901 3601 χεῖρα
2920 3529 3275 3602 τεταγμένων
3333 3531 3704 3601 προσφέροιτο

431 3644 497 3684 ac
524 3643 607 3692 ea,
631 3641 754 3695 quas
803 3643 833 3679 a
882 3624 1224 3684 domesticis.
1257 3621 1558 3692 prmsertim
1607 3636 1736 3677 vero
1768 3623 1815 3677 si
1848 3623 1961 3677 haec
1987 3639 2017 3677 a
2121 3617 2320 3673 ταῦτα.

432 3718 689 3790 quopiam
718 3715 1096 3784 subiectorum
1131 3714 1465 3781 ingerantur.

501 3809 791 3879 Quomodo
816 3816 998 3863 autem
1025 3807 1445 3878 generosissima
1462 3820 1582 3862 sese
1612 3805 1753 3877 gerit
1777 3804 2009 3862 feminal

2196 3801 2318 3865 Πῶς
2351 3799 2446 3854 οὖν
2471 3803 2505 3872 ἡ
2539 3803 2897 3874 γενναιοτάτη
2927 3802 3263 3871 διατίθεται;
3299 3804 3423 3859 Οὐδ’
3459 3804 3575 3875 οὐχ’
3602 3806 3711 3862 ὑπό

435 3905 578 3960 Nihil
646 3906 843 3959 horum
912 3902 1034 3972 ejus
1104 3900 1571 3971 longanimitatem
1624 3900 1864 3969 frangit;
1921 3900 2009 3954 sed

2121 3908 2265 3954 τινος
2300 3891 2507 3945 τούτων
2541 3892 2641 3962 τὴν
2673 3894 2886 3964 ἄμαχον
2926 3895 3291 3965 τιτρώσκεται
3335 3898 3667 3968 προσδοκίαν
3691 3915 3707 3931 ⁸

434 4006 749 4053 ornamenta
812 3995 915 4051 sibi
974 3995 1281 4063 importune
1336 3991 1517 4045 oblata
1570 3989 1827 4060 rejicicns
1876 3987 2009 4059 (14)¹

2119 3983 2255 4037 ἀλλά
2295 3982 2388 4036 τὸν
2416 3985 2514 4055 μὲν
2545 3986 2920 4055 ἐπιδιδόμενον
2972 3986 3047 4057 μὴ
3086 3986 3440 4058 καθηκόντως
3486 3991 3714 4044 ἀποσει-

436 4088 713 4157 simnlque
764 4084 1053 4156 lugubrem
1103 4091 1309 4138 vestem
1351 4081 1653 4151 deponens,
1711 4097 1776 4136 ac
1823 4096 2009 4153 puram

2123 4080 2332 4151 σαμένη
2375 4079 2600 4151 κόσμον,
2655 4085 2757 4148 τῂν
2808 4082 2865 4134 δὲ
2899 4071 3164 4153 ⁸πενθικὴν
3212 4084 3417 4153 ἐσθῆτα
3457 4085 3712 4154 περιελο-

439 4180 852 4249 nuptialemque
903 4176 1097 4230 stolam
1125 4162 1357 4244 spiritali
1414 4174 1551 4230 vesti
1596 4175 2009 4244 snperinduens,

2123 4173 2282 4242 μένη,
2314 4173 2408 4225 καὶ
2436 4173 2533 4242 τὴν
2565 4175 2812 4243 καθαρὰν
2845 4174 2937 4226 καὶ
2962 4175 3243 4246 νυμφικὴν
3274 4179 3339 4246 τῇ
3369 4179 3532 4247 νοητῇ
3568 4195 3711 4247 συμ-

434 4270 635 4340 duplici
699 4271 802 4323 hoc
849 4268 1174 4321 indumento
1214 4277 1479 4321 exornata
1542 4267 1682 4335 apud
1734 4280 1884 4332 eum,
1923 4265 2009 4335 qui

2123 4265 2459 4336 περιθεμένη
2491 4267 2703 4336 στολὴν,
2737 4266 2871 4338 πρὸς
2898 4267 3000 4337 τὴν
3023 4268 3191 4338 εὐχὴν
3217 4268 3294 4338 τῷ
3326 4269 3709 4341 καθαρωτάτῳ

438 4362 770 4433 purissimus
830 4368 936 4424 est,
1013 4359 1268 4428 precibus
1324 4367 1490 4429 atque
1546 4358 2009 4415 obsecrationibus

2120 4360 2184 4428 τῇ
2218 4357 2370 4429 διττῇ
2408 4360 2815 4429 προσομιλῆσαι
2846 4358 3109 4429 ἠπείγετο
3144 4361 3473 4433 καταστολῇ.
3500 4364 3614 4415 Οὐκ
3649 4367 3708 4416 ἐν

436 4456 747 4510 insistebat.
781 4450 969 4520 Neque
1003 4465 1130 4505 vero
1177 4451 1365 4521 templi
1399 4450 1662 4506 interiora
1716 4459 1906 4520 petens
1946 4452 2009 4504 ad

2119 4452 2231 4513 τοῖς
2263 4449 2410 4503 ἔνδον
2449 4452 2506 4504 δὲ
2541 4452 2633 4504 τοῦ
2689 4451 2818 4505 ναοῦ
2850 4453 3177 4523 χωρήσασα,
3221 4455 3320 4522 τὴν
3377 4455 3588 4507 ἱκεσίαν
3625 4454 3708 4524 τῷ

437 4546 820 4601 universorum
846 4542 1138 4597 Dominum
1169 4556 1356 4611 preces
1375 4540 1737 4605 elluntlit,sed
1768 4543 2009 4610 quietum

2120 4540 2232 4595 τῶν
2256 4541 2394 4595 ὅλων
2430 4544 2753 4614 ἀποπέμπει
2785 4515 3086 4615 ﬁscina-11'
3118 4515 3395 4618 ἀτάραχον
3432 4565 3558 4601 τινα
3611 4515 3708 4601 καὶι

434 4648 487 4692 et
514 4637 584 4691 ab
617 4635 767 4690 omni
798 4633 1032 4703 strepitu
1057 4642 1325 4688 remotum
1364 4633 1648 4707 locum.in
1684 4633 1845 4688 horto
1877 4632 2009 4687 deli-

2122 4634 2577 4706 ἀπερικτύπητον
2631 4637 2723 4690 τὸν
2778 4636 2872 4690 τοῦ
2933 4638 3263 4708 παραδείσου
3318 4640 3707 4693 καταλαϐοῦσα

431 4746 587 4801 gens,
636 4728 710 4783 ibi
773 4728 992 4784 occulte
1054 4726 1204 4782 velut
1234 4726 1288 4781 in
1339 4725 1603 4795 penetrali
1647 4724 2009 4795 inuestigabili

2122 4723 2321 4795 χῶρον,
2354 4727 2411 4778 ὲν
2437 4724 2613 4796 τούτῳ
2641 4726 2894 4798 καθάπερ
2928 4729 3277 4801 ἀνυπονοήτῳ
3304 4733 3535 4802 ταμιείῳ
3568 4749 3709 4802 κρυ.-

431 4823 738 4877 orationem
758 4834 939 4885 suam,
963 4819 1016 4874 in
1045 4835 1150 4889 qua
1182 4827 1236 4873 et
1258 4817 1471 4873 diutius
1503 4832 1854 4888 perseverare
1873 4827 2009 4870 sata

2124 4818 2262 4884 φίως
2289 4816 2495 4887 ταύτην
2530 4819 2865 4891 ὀδυκωμένη,
2897 4820 3216 4892 προῦτεινεν
3255 4825 3567 4894 ἐγκάρδιον,
3614 4825 3708 4878 καὶ

435 4918 619 4983 gebat,
650 4930 682 4968 ο
716 4913 884 4968 corde
924 4912 1295 4982 ingemiscens
1322 4910 1633 4982 proruebat.

507 5046 621 5115 (l2)
662 5043 789 5100 Haec
837 5045 1125 5101 manifeste
1188 5046 1490 5115 respiciunt
1546 5045 1610 5100 ad
1671 5044 1811 5115 illud
1861 5036 2014 5097 Pauli

435 5116 582 5189 (Gai.
616 5131 689 5189 iv,
714 5115 807 5189 22)
830 5116 1135 5189 {Scriptum
1162 5125 1236 5169 est
1276 5114 1726 5189 enimaqaoniam
1748 5114 2015 5189 Abraham

436 5184 566 5242 duos
603 5184 738 5254 ﬁlios
767 5185 948 5239 habuit
979 5203 997 5240 .'
1026 5203 1187 5241 unum
1230 5189 1296 5240 de
1334 5188 1531 5242 ancilla
1570 5197 1618 5239 et
1651 5202 1815 5239 unum
1843 5187 1910 5238 de
1948 5186 2019 5236 li-

437 5258 582 5310 bera.
614 5254 716 5309 Sed
759 5256 847 5325 qui
900 5258 963 5310 de
1008 5259 1231 5322 auct/la,
1271 5261 1556 5310 secundum
1596 5273 1803 5309 carnem
1858 5266 2019 5308 natus

438 5336 566 5390 est;
619 5325 708 5395 qui
770 5335 945 5379 autent
1000 5331 1063 5379 de
1116 5327 1301 5390 libera,
1382 5344 1474 5393 per
1539 5328 2017 5395 repromissionem.

437 5398 756 5452 Joaehimus
807 5407 990 5467 autem
1044 5397 1246 5451 nullam
1309 5413 1485 5467 rctpsa
1535 5400 1765 5467 prolem,
1819 5408 2020 5465 praeter

440 5471 498 5522 ὃ.
532 5468 764 5521 Mariam
807 5466 1116 5535 lleiparam,
1147 5467 1374 5522 sortitus
1398 5466 1545 5522 erat.

510 5539 622 5609 (15)
654 5538 782 5609 l’lus
808 5537 1011 5606 aliquid
1046 5535 1483 5609 forteuorationis
1508 5549 1700 5592 auctor
1733 5537 2018 5609 intellegit,

438 5606 827 5679 quameﬂ‘erre
862 5609 1107 5679 voluerit
1142 5606 1299 5679 illius
1336 5608 1581 5662 historia:
1628 5609 1884 5679 scriptor.
1923 5607 2021 5661 Le-

438 5675 618 5749 g'tmus
666 5681 718 5732 in
766 5678 824 5734 S.
879 5682 1039 5732 Lucae
1068 5675 1360 5749 Evangelia
1412 5679 1558 5747 (cap.
1614 5694 1674 5744 ιι,
1710 5675 1763 5737 νζ
1815 5679 1905 5747 57)
1952 5682 2019 5732 de

436 5747 595 5803 Anna
638 5750 745 5803 lilia
790 5750 1032 5803 Phanuel
1087 5765 1101 5802 :
1158 5747 1285 5801 Non
1323 5749 1625 5802 discedebat
1675 5750 1737 5803 de
1796 5749 2011 5817 templo,

439 5818 651 5888 iejuuiis
695 5829 744 5874 et
788 5820 1238 5876 obsecrationibus
1295 5820 1523 5875 serviens
1571 5829 1720 5875 nocte
1760 5836 1823 5873 ac
1871 5824 1955 5873 die
1996 5834 2013 5872 :

2125 4908 2370 4972 πλείονος
2406 4910 2668 4982 δεομένην
2696 4914 3046 4983 ὲκμελετῶσα
3078 4916 3171 4970 τοῦ
3206 4918 3425 4987 χρόνου.

2122 5057 2286 5124 nemo
2327 5052 2506 5124 tamen
2540 5047 2851 5124 suspicatus
2888 5059 2992 5124 est,
3033 5065 3151 5124 eam
3200 5051 3334 5104 nihil
3377 5051 3485 5106 cibi
3540 5070 3709 5109 sum-

2125 5114 2317 5194 risisse.
2368 5114 2538 5194 Porro
2586 5114 3005 5194 cutuuhistorim
3061 5120 3207 5176 illius
3258 5123 3513 5189 scriptor,
3547 5137 3710 5194 gente

2123 5185 2345 5264 Judaaus
2405 5193 2460 5238 et
2520 5188 2784 5264 apostolis
2841 5205 3053 5264 comvns
3105 5185 3425 5264 etheatur,
3502 5185 3707 5251 re't-tins

2123 5257 2394 5327 quispiam
2445 5257 2805 5321 existimabit,
2851 5262 2987 5327 ejus
3021 5262 3182 5314 verba
3232 5263 3298 5316 ad
3354 5277 3702 5319 communem

2125 5325 2415 5401 quemdain
2449 5327 2661 5381 dicendi
2710 5325 2934 5401 inoduin
2967 5333 3271 5394 referenda,
3312 5334 3516 5401 quibus
3567 5338 3703 5389 lilllll

2124 5394 2267 5475 aliud
2317 5396 2586 5475 aﬂirmare
2640 5399 2891 5475 voluerit,
2936 5415 3100 5469 quant
3156 5394 3405 5471 quod-in
3454 5404 3707 5475 allegatis

2120 5461 2282 5538 Luca;
2309 5466 2491 5538 verbis
2528 5461 2902 5538 intelligimus.

2193 5534 2306 5603 (14)
2345 5533 2610 5592 Narratur
2661 5533 2857 5607 nempe
2921 5541 2973 5593 in
3035 5556 3096 5593 ea
3146 5541 3394 5607 historia,
3448 5545 3699 5597 ancillam

2116 5603 2356 5660 dominae
2390 5621 2503 5661 sua:
2552 5622 2691 5662 vana
2735 5603 2984 5677 quaedam
3033 5615 3300 5670 obtulisse
3343 5603 3698 5679 ornamenta;

2116 5688 2235 5752 qua:
2266 5691 2391 5756 cum
2415 5680 2570 5756 Anna
2592 5684 2915 5756 respuisset,
2935 5682 3080 5756 illam
3117 5685 3398 5738 iracundia
3438 5687 3699 5756 percitam

2117 5750 2170 5818 in
2205 5750 2565 5802 contumelias
2590 5752 2924 5818 prorupisse,
2958 5766 3021 5806 ac
3046 5755 3185 5808 inter
3223 5757 3327 5811 alia
3356 5750 3700 5811 sterilitatem

2115 5816 2350 5871 dominae
2387 5833 2499 5873 sua:
2528 5816 2909 5888 exprobrasse.
