4104 6430
488 384 600 454 557

1308 377 1603 440 ORATIO
1638 374 1721 436 IN
1754 368 2347 434 CONCEPTIONEM
2378 369 2482 429 SS.
2519 367 2899 429 DEIPARzE.

3651 369 3756 432 ἔτιὸ

566 501 676 558 Καὶ
703 500 849 556 διατί
889 498 965 570 μὴ
991 497 1214 568 ταμεῖον
1245 495 1695 566 ἁπερικτυπητον
1722 492 1780 545 ἐν
1813 492 1927 553 τοῖς
1955 487 2075 542 κατ’

2250 484 2319 537 At
2354 472 2454 538 cur
2480 499 2585 536 non
2618 484 2731 554 ipsa
2765 485 2929 538 domo
2971 483 3284 540 cubiculum
3322 484 3519 557 delegit
3548 503 3576 542 a
3617 499 3753 546 stre-

484 591 637 647 οἷκον
692 587 1067 651 ἀπολαϐοῦσα,
1109 587 1167 638 ἐν
1207 584 1386 654 τούτῳ
1418 583 1487 636 τὰ
1532 581 1675 635 κατὰ
1712 579 1774 633 τὸ
1815 579 2070 649 κρύῳιον,

487 686 584 738 καὶ
611 680 711 753 τήν
751 679 1088 750 ὠδινομένην
1124 674 1435 747 προσευχὴν
1479 675 1723 728 ἀνέτεινε
1763 670 1915 742 Θεῷ;
1951 671 2073 722 Ὅτι

483 776 589 829 οὐκ
618 773 684 828 ἂν
716 771 863 827 οὕτω
885 771 945 825 τὸ
978 772 1086 824 πᾶν
1118 770 1257 840 αὐτῇ
1281 769 1378 838 τῆ;
1402 766 1699 837 ἐπιθυμίας
1729 765 2035 833 ἀπήρτιστο
2056 775 2071 789 '

485 865 663 919 πολλὰ
697 865 797 935 μὲν
828 861 1027 934 ἐχούσῃ
1058 862 1129 913 τὰ
1159 861 1301 913 κατὰ
1338 859 1579 913 διάνοιαν
1617 858 1717 921 τῆς
1760 852 2073 926 προσευχῆς

484 957 824 1027 ἐκφέρεσθαι
880 954 1165 1028 μέλλοντα,
1219 941 1294 1025 pi}
1336 951 1768 1023 συγχωρουμένῃ
1795 949 1852 1001 δὲ
1900 950 2074 1002 ταῦτα

486 1050 754 1121 καθαρῶς
811 1046 1209 1119 παραγυμιοῦν
1249 1044 1327 1114 τῷ
1363 1043 1504 1112 Θεῷ,
1553 1042 1642 1096 διὰ
1668 1059 1728 1095 τε
1758 1043 1885 1105 τοὺς
1934 1041 2074 1096 οἴκοι

487 1143 759 1215 θορύϐους
795 1141 890 1194 καὶ
920 1142 1018 1204 τὰς
1048 1140 1160 1194 τῶν
1201 1137 1660 1210 παραγινομένων
1711 1132 2075 1203 συμφυλετῶν

486 1237 826 1308 ἐνοχλήσεις.
866 1236 1085 1305 Ταύτης
1121 1232 1282 1286 ἕνεκα
1309 1232 1409 1303 τῆς
1444 1231 1646 1298 αἰτίας,
1671 1232 1792 1285 οὐδὲ
1822 1232 1913 1285 τὸν
1949 1231 2076 1285 ναὸν

487 1328 901 1391 καταλαϐοῦσα,
944 1329 1003 1380 ἐν
1055 1326 1232 1398 τούτῳ
1276 1325 1348 1379 τὰ
1386 1326 1486 1394 τῆς
1522 1325 1765 1396 δεήσεως
1811 1325 2077 1395 ἀναφέρει

486 1421 571 1491 τῷ
609 1420 853 1492 Δεσπότῃ
900 1421 1145 1491 ῥήματα,
1187 1419 1369 1472 καίτοι
1416 1419 1584 1472 πᾶσιν
1610 1412 1765 1481 οὗτος
1798 1418 1911 1479 τοῖς
1946 1419 2078 1488 ὀμο-

490 1513 687 1581 φύλοις
732 1513 811 1575 εἰς
856 1513 1171 1583 προσευχήν
1220 1511 1505 1579 ἀφώριστο
1542 1511 1728 1570 τόπος.
1775 1507 1916 1560 Ἀλλ’
1955 1506 2078 1560 οὐδὲ

487 1598 649 1668 οὗτος
680 1604 816 1674 αὐτῇ
854 1603 947 1655 τὸν
978 1600 1409 1674 ἐπιζητούμενον
1442 1600 1542 1670 τῆς
1572 1598 1807 1671 ἡσυχίας
1848 1599 2077 1669 παρεῖχε

488 1697 709 1767 καιρὸν,
743 1695 914 1749 πολλὰ
946 1695 1121 1758 διδοὺς
1160 1694 1367 1769 ύιρορᾷν
1397 1693 1468 1747 τὰ
1510 1692 1892 1746 διακόπτοντα.
1927 1691 2076 1743 Ἐνεο

486 1789 603 1841 νόει
630 1788 687 1841 δὲ
719 1786 844 1842 καθ’
866 1785 1089 1858 ἑαυτὴν,
1125 1786 1258 1839 ὡσεὶ
1299 1787 1393 1838 καὶ
1417 1783 1905 1856 καρποφοροῦντας
1940 1784 2078 1837 ἰδόν-

487 1893 583 1942 τες
616 1878 791 1948 αὐτήν
822 1894 883 1930 τε
938 1878 1032 1930 καὶ
1064 1876 1157 1929 τὸν
1202 1873 1474 1945 ὁμόζυγον
1517 1875 1785 1945 πρότερον
1811 1873 1889 1945 τῷ
1934 1873 2077 1944 Θεῷ,

488 1971 588 2024 καὶ
616 1971 709 2025 τον
739 1969 859 2024 ὅλον
917 1969 1349 2037 εὐεργετοῦντας
1388 1967 1540 2034 λαὸν,
1572 1966 1753 2037 φθόνῳ
1800 1967 1881 2036 τῷ
1943 1967 2080 2036 πρὸς

486 2063 693 2125 αὐτοὺς
724 2064 771 2116 οἱ
818 2060 1410 2134 συγκαρποτοροῦντες
1456 2060 1565 2113 τῶν
1612 2059 1882 2114 Ἰουδαίων
1934 2061 2082 2113 ἐπω-

484 2155 733 2208 νείδισάν
754 2172 814 2208 τε
855 2155 951 2210 καὶ
987 2154 1417 2225 ἀπεπέμψαντοο
1456 2153 1581 2208 τίνα
1623 2154 1745 2207 κατ’
1778 2154 1951 2225 αὐτῆς
1981 2153 2082 2207 οὐκ

486 2248 555 2304 ἂν
589 2249 941 2318 ἐπινοήσειαν
977 2244 1316 2317 σκώμματα,
1367 2245 1530 2316 μόνον
1580 2244 1749 2315 αὐτὴν
1796 2245 1892 2299 καὶ
1930 2244 2082 2316 παρὰ

488 2338 687 2410 καιρὸν
710 2337 952 2409 ’ὁρῶντες
985 2335 1479 2407 διακαρτεροῦσαν,
1508 2338 1567 2392 ἐν
1609 2337 1689 2409 τῷ
1711 2337 1812 2407 τῆς
1841 2355 2083 2409 προσευ-

487 2432 596 2503 χῆς
645 2430 932 2500 ἐπιμόνῳ;
969 2429 1137 2483 Οὐδὲν
1188 2427 1247 2481 δὲ
1286 2428 1347 2482 τὸ
1382 2427 1591 2482 κωλύον
1634 2428 1734 2500 τὴν
1782 2428 2083 2499 Ἰουδαῖκὴν

490 2520 890 2592 παραπληξίαν
937 2521 1175 2591 ὑπῆρχε,
1217 2519 1416 2590 μανίαν
1457 2519 1578 2573 τινὰ
1625 2519 1658 2590 ἢ
1715 2508 2083 2590 μέθην,”οῦτω

490 2612 872 2683 διακειμένης,
927 2611 1066 2683 αὐτῇ
1109 2609 1622 2680 καταψηφίσασθαι.
1665 2608 1822 2664 Οὕτω
1861 2610 1971 2684 γὰρ
2013 2615 2080 2682 τῇ

498 2702 753 2775 μακαρίᾳ
801 2704 898 2756 καὶ
928 2702 1220 2773 προφήτιδι
1266 2703 1334 2774 τῇ
1376 2701 1657 2773 ὁμωνύμῳ
1689 2701 1892 2770 ταύτης
1940 2701 2083 2773 φημὶ

498 2796 766 2867 πρότερον
799 2795 989 2868 Ἀννῃ,
1016 2794 1065 2846 οἱ
1090 2795 1200 2848 τῶν
1226 2793 1404 2848 ἄλλων
1436 2795 1837 2864 ἐπιεικέστεροι
1865 2794 2084 2848 δοκοῦν-

506 2903 595 2949 τες
624 2882 786 2951 εἶναι,
833 2885 920 2939 διὰ
953 2887 1014 2940 τὸ
1046 2886 1150 2957 τῆς
1196 2887 1501 2958 ἱερωσύνης
1532 2885 1876 2957 ἀντέχεσθαι,
1923 2886 2083 2957 χαλε-

507 2977 621 3042 πῶς
666 2978 986 3048 ἐπιθέμενοι
1043 2976 1497 3050 προσωνείδιζον,
1552 2977 1727 3048 μέθην
1773 2977 1943 3049 αὐτῆς
1984 2977 2085 3049 τὴν

499 3074 638 3141 πρὸς
673 3070 809 3123 Θεὸν
852 3070 1311 3142 διαλοιδοροῦντες
1359 3070 1619 3135 ἔντευξιν.
1654 3068 1805 3140 Αὐτὴ
1847 3071 1947 3140 μὲν
1974 3069 2084 3141 γὰρ

498 3164 567 3217 ὲκ
607 3160 877 3233 διαπύρου
920 3162 1015 3214 καὶ
1065 3164 1329 3231 νήφοντος
1385 3161 1671 3231 λογισμοῦ,
1704 3161 1803 3233 τὴν
1853 3161 2084 3227 ζέουσαν

2181 575 2296 646 pitu
2347 586 2643 640 remotum,
2698 575 2752 629 in
2785 591 2892 645 quo
2918 586 3127 631 secreta
3165 591 3264 632 sua
3308 585 3363 632 et
3412 593 3602 648 preces
3632 597 3755 636 cun-

2182 668 2485 738 gemitibus
2519 667 2627 723 Deo
2665 668 2926 723 ollerret?
2984 667 3123 735 Quia
3153 670 3255 724 hoc
3304 681 3463 741 pacto
3488 673 3759 729 desiderio

2182 776 2284 816 suo
2338 777 2443 815 non
2511 762 2668 830 plene
2714 760 3109 828 satisfecisstet;
3169 764 3337 818 multa
3378 767 3523 818 enim
3574 769 3760 824 animo

2183 853 2431 907 volvebat
2459 869 2555 923 per
2575 854 2881 908 orationem
2907 852 3202 919 efferenda,
3239 872 3415 927 neque
3440 873 3535 928 per
3573 863 3762 916 turbas

2183 945 2536 1010 donncsticas,
2577 954 2632 1000 et
2662 953 3020 1016 cognatorum
3046 947 3455 1004 adventantium
3482 953 3763 1009 molestias

2185 1039 2382 1095 licebat
2418 1039 2517 1108 ipsi
2546 1054 2607 1093 ea
2638 1054 2774 1109 pure
2800 1037 2910 1094 Deo
2937 1038 3245 1110 adaperire.
3266 1039 3465 1097 Eadem
3495 1044 3562 1099 de
3590 1060 3760 1101 causa

2184 1148 2359 1202 neque
2385 1133 2671 1200 templum,
2700 1133 2753 1185 in
2797 1147 2909 1202 quo
2966 1148 3064 1202 per
3091 1148 3279 1201 preces
3310 1132 3603 1190 Dominum
3631 1137 3765 1193 allo-

2182 1233 2464 1292 qucretur,
2493 1223 2649 1286 adiit,
2677 1223 2798 1277 licet
2835 1222 2990 1276 locus
3027 1222 3117 1276 ille
3146 1223 3404 1280 omnibus
3433 1228 3764 1282 contribuli-

2186 1314 2287 1369 bus
2312 1315 2427 1370 suis
2453 1316 2518 1368 ad
2541 1316 2805 1369 orandum
2838 1316 3153 1386 designatus
3186 1327 3354 1372 esset.
3390 1316 3496 1373 Sed
3524 1335 3589 1374 ne
3619 1320 3762 1375 istud

2184 1406 2405 1475 quidem
2437 1416 2823 1476 opportunam,
2855 1423 3018 1475 quam
3052 1409 3345 1477 quaerebat,
3374 1411 3610 1479 quietem
3648 1415 3766 1482 pol-

2183 1498 2475 1564 licebatur,
2507 1514 2630 1552 cum
2659 1499 2829 1552 multa
2865 1497 2918 1552 in
2947 1513 3012 1553 eo
3051 1511 3254 1566 essent,
3291 1502 3492 1571 quibus
3514 1504 3764 1574 impediri

2184 1611 2245 1652 se
2270 1611 2430 1665 posse
2461 1604 2744 1652 metueret.
2790 1598 2858 1653 Ut
2891 1598 3037 1652 enim
3066 1615 3253 1654 secum
3290 1602 3403 1669 ipsa
3455 1604 3764 1674 reputabat,

2185 1687 2232 1744 si
2285 1685 2480 1752 Judaei,
2531 1689 2623 1759 qui
2689 1687 2997 1744 oblationes
3048 1690 3214 1745 simul
3268 1691 3593 1761 afIcrcbant,
3638 1711 3764 1751 cum

2186 1781 2359 1850 ipsam
2411 1796 2685 1850 suumque
2731 1780 3020 1853 conjugem
3081 1782 3226 1838 dona
3290 1783 3401 1840 Deo
3452 1785 3766 1854 aﬂ‘creutes,

2185 1869 2497 1942 cunctoque
2552 1874 2756 1943 populo
2818 1873 3226 1931 benefacientes
3268 1876 3422 1946 prius
3477 1879 3766 1948 vidissent,

2188 1973 2447 2034 concepta
2478 1964 2681 2021 invidia
2708 1980 2804 2022 eos
2849 1966 3114 2022 conviciis
3167 1967 3579 2038 lacessiverant,
3604 1981 3768 2044 atque

2187 2070 2217 2109 a
2262 2055 2464 2126 templo
2522 2056 2797 2126 eiecerant
2831 2075 2847 2115 :
2884 2058 3066 2129 qualia
3112 2075 3260 2115 nunc
3292 2060 3346 2115 in
3387 2077 3506 2118 eam
3539 2063 3765 2120 dicteria

2187 2163 2297 2203 non
2323 2147 2659 2214 intulissent,
2693 2149 2736 2204 si
2769 2152 2943 2220 ipsam
2969 2151 3140 2207 solam
3165 2159 3219 2207 et
3250 2152 3592 2224 intempestis
3618 2157 3768 2212 horis

2188 2239 2242 2293 in
2303 2238 2563 2293 diuturna
2626 2241 2878 2297 oratione
2946 2252 3267 2298 constanter
3319 2259 3766 2315 perseverantem

2187 2329 2659 2399 conspexissent?
2705 2329 2853 2386 Nihil
2912 2346 3044 2387 sane
3093 2329 3380 2390 Iudaicam
3431 2336 3772 2395 cohibuisset

2155 2476 2160 2483 ,
2188 2418 2482 2482 insaniam,
2517 2438 2582 2475 ne
2617 2420 2762 2476 illam
2786 2422 2840 2476 in
2867 2438 2937 2479 eo
2967 2423 3362 2494 deprehensam
3395 2436 3490 2483 aut
3516 2432 3772 2488 amentim

2189 2521 2284 2567 aut
2312 2513 2591 2569 ebrietatis
2623 2514 3025 2589 iusitnularent.
3075 2516 3167 2574 Sic
3190 2519 3335 2575 enim
3381 2521 3513 2577 olim
3556 2523 3769 2581 beatam

2191 2603 2377 2670 illam,
2444 2612 2607 2675 atque
2666 2606 2830 2675 hujus
2893 2610 3300 2680 cognominem,
3354 2614 3567 2670 Annam
3615 2620 3631 2650 ³
3690 2619 3775 2674 in-

2191 2710 2380 2766 quam,
2410 2695 2449 2750 ii
2478 2696 2570 2766 qui
2630 2712 2739 2766 pra:
2770 2699 2896 2753 aliis
2918 2701 3252 2758 videbantur
3299 2708 3682 2777 modestiores,
3717 2725 3775 2766 ut

2191 2796 2317 2858 pote
2365 2789 2457 2857 qui
2517 2787 2878 2859 fungerentur
2914 2793 3248 2862 sacerdotio,
3293 2799 3533 2867 graviter
3574 2801 3771 2858 invecti

2191 2881 2431 2936 dicteriis
2461 2883 2832 2951 exagitat-unt,
2855 2886 2978 2956 ejus
3008 2887 3076 2941 ad
3120 2886 3291 2944 Deum
3318 2892 3772 2962 supplicationem

2191 2972 2506 3028 ebrietatem
2539 2989 2635 3043 per
2664 2990 2937 3030 summum
2972 2977 3233 3046 probrum
3266 2983 3623 3052 appellantes.
3655 2987 3775 3057 ipsa

2192 3081 2325 3121 sane
2354 3067 2566 3121 ardenti
2600 3067 2819 3133 aﬂcctu,
2854 3084 2920 3125 ac
2951 3078 3135 3127 mente
3166 3073 3351 3129 sobria
3385 3074 3652 3135 ferventia
3684 3081 3772 3135 illa

2193 3169 2322 3213 vota
2350 3159 2673 3229 promebat;
2731 3161 2767 3216 ii
2826 3177 2954 3219 vero
2995 3165 3347 3223 sobrietatem
3384 3184 3482 3240 pro
3508 3171 3775 3227 ebrietate

495 3252 723 3322 ἐκείνην
751 3252 1073 3322 ἀνέπεμπεν
1109 3254 1345 3317 ἱκεσίαν,
1374 3255 1425 3307 οἱ
1457 3252 1515 3307 δὲ
1550 3252 1727 3325 μέθην
1769 3252 1869 3325 τὴν
1901 3254 2083 3324 νῆψιν,

2191 3253 2550 3323 divinumque
2602 3270 2915 3312 sermonem
2945 3274 3050 3330 pro
3098 3261 3281 3332 inepta
3315 3262 3648 3332 loquacitate
3674 3266 3775 3320 ba-

494 3346 596 3398 καὶ
652 3345 1011 3416 βαττολογίαν
1067 3345 1169 3417 τὴν
1215 3345 1520 3415 θεολογίαν,
1584 3345 1863 3400 ὑπενόουν.
1911 3345 1979 3398 Ἢ
2030 3344 2089 3398 δὲ

496 3438 597 3490 νέα
647 3440 744 3490 καὶ
793 3436 1140 3507 συνετωτάτη
1184 3438 1425 3504 πάντων,
1469 3438 1745 3493 δεδοικυῖα
1781 3440 1854 3511 μή
1894 3456 1947 3492 τι
1981 3439 2090 3493 τῶν

495 3528 766 3582 τοιούτων
822 3527 1022 3594 πάθοι,
1076 3529 1178 3598 τὴν
1229 3531 1422 3599 ἐκτενῆ
1480 3529 1832 3600 προσάγουσα
1868 3530 2086 3602 δέησιν,

498 3619 695 3692 ὥσπερ
724 3620 827 3691 τῆς
856 3621 1058 3684 οἰκίας,
1085 3620 1232 3674 οὕτω
1261 3622 1358 3674 καὶ
1387 3621 1482 3674 τοῦ
1509 3621 1639 3675 ναοῦ
1665 3622 1975 3687 ἐξίσταται·
2000 3622 2091 3675 τὸν

499 3712 919 3783 ἐρημικὼτερον
952 3712 1033 3778 δὲ,
1050 3711 1141 3766 διὰ
1164 3713 1226 3766 τὸ
1253 3714 1461 3784 ήρεμον
1481 3712 1576 3767 τοῦ
1608 3715 1960 3786 παραδείσου,
1995 3733 2091 3767 κα-

499 3802 843 3872 ταλαμϐάνει
873 3802 1073 3874 χῶρον,
1109 3806 1167 3857 ἐν
1193 3799 1236 3873 ᾧ
1268 3804 1450 3874 σοφῶς
1481 3809 1844 3876 περιεσκόπει
1871 3807 1929 3859 τὸ
1956 3806 2090 3859 εἰλι-

501 3895 694 3963 κρινὲς
752 3895 894 3966 αὐτῇ
958 3896 1059 3966 τῆς
1124 3895 1576 3969 ἐπιθυμουμένης
1650 3899 2090 3969 συντηρήσεσθαι

501 3985 844 4057 προσευχῆς.
877 3984 1030 4055 Τάχα
1051 3985 1129 4050 δὲ,
1159 3987 1219 4039 οὗ
1250 3986 1340 4039 διὰ
1381 3985 1561 4052 τοῦτο,
1596 3987 1684 4041 διὰ
1709 3987 1765 4040 δὲ
1795 3988 1894 4056 τὴν
1924 3987 2093 4050 ὅντως

502 4079 923 4149 φανερουμένην
950 4078 1231 4149 ἀλήθειαν,
1256 4080 1355 4150 τὴν
1377 4081 1507 4150 περὶ
1534 4080 1704 4150 αὐτῆς
1732 4079 1830 4151 ήδη
1856 4095 2094 4148 προανα-

503 4172 682 4238 φωνεῖ
704 4169 793 4224 διὰ
824 4169 1168 4240 πραγμάτων
1200 4168 1428 4224 ἑκϐασιν
1450 4185 1463 4199 ·
1494 4171 1804 4240 προμηνύει
1845 4169 2028 4223 τοίνυν
2061 4171 2095 4241 ἡ

2192 3346 2451 3401 buerunt.
2479 3347 2549 3402 At
2576 3364 2717 3404 nova
2770 3350 2908 3418 haec,
2945 3353 3300 3424 omniumque
3352 3357 3774 3426 prudentissima

2191 3437 2371 3502 Anna,
2409 3439 2579 3493 verita
2615 3456 2683 3494 ne
2706 3440 2837 3510 quid
2860 3441 3174 3513 hujusmodi
3196 3445 3441 3516 perferre
3467 3458 3777 3518 cogeretur,

2192 3527 2321 3582 dum
2342 3527 2607 3599 prolixam
2627 3530 2927 3588 effunderet
2959 3536 3291 3604 orationem,
3316 3539 3777 3607 quemadmodum

2192 3636 2224 3676 ο
2254 3622 2573 3677 domesticis
2605 3624 2927 3693 parietibus,
2958 3626 3033 3681 ita
3067 3643 3097 3681 a
3127 3629 3327 3698 templo
3352 3645 3573 3701 quoque
3612 3632 3782 3689 absti-

2196 3726 2308 3783 net,
2343 3725 2507 3785 atque
2540 3725 2600 3769 ut
2621 3717 2859 3786 quietem
2893 3719 3181 3787 reperiret,
3204 3721 3440 3776 maxime
3468 3723 3776 3778 solitarium

2194 3806 2248 3860 in
2273 3807 2430 3862 horto
2451 3822 2551 3862 suo
2569 3807 2748 3862 locum
2769 3807 2971 3878 seligit,
2989 3809 3045 3863 in
3065 3825 3197 3879 quo,
3216 3821 3378 3880 prout
3394 3815 3636 3882 optabat,
3661 3816 3782 3870 sine

2197 3900 2587 3969 impedimento
2613 3899 2939 3955 obsecr-andi
2972 3900 3284 3956 facultatem
3307 3902 3411 3957 sibi
3434 3903 3549 3960 fore
3565 3907 3783 3976 sapien-

2199 4003 2284 4049 ter
2318 3992 2700 4064 perspiciebat.
2736 3990 3014 4046 Fortassls
3050 3999 3230 4047 autem
3280 4008 3387 4047 non
3426 4006 3647 4065 propter
3677 3997 3783 4052 hoc

2196 4092 2433 4148 tantum,
2457 4083 2549 4137 sed
2571 4082 2737 4136 etiam
2766 4089 2988 4151 propter
3017 4080 3303 4136 veritatem
3340 4082 3445 4138 sibi
3475 4085 3635 4153 plane
3658 4100 3784 4156 per-

2199 4184 2462 4243 spectam,
2483 4173 2614 4242 quid
2626 4172 2729 4227 sibi
2745 4173 3109 4228 obventurum
3123 4181 3290 4240 esset,
3314 4173 3473 4230 factis
3491 4175 3623 4244 ipsis
3643 4192 3783 4247 pra:-

503 4263 605 4333 τῆς
631 4262 855 4333 χάριτος
895 4263 1188 4333 ἐπώνυμος
1218 4264 1413 4325 Ἀννα,
1437 4261 1525 4315 διὰ
1553 4262 1651 4332 τῆς
1673 4260 1819 4315 οὕτω
1852 4279 2098 4332 προσφεο·

2200 4273 2490 4319 monstrat.
2504 4262 2624 4318 Jam
2645 4279 2775 4334 ergo
2792 4266 2970 4327 Anna,
2989 4265 3297 4336 agnominis
3316 4266 3524 4336 gratim,
3546 4283 3638 4337 per
3661 4283 3780 4324 eam

506 4357 751 4427 ρομένης
778 4354 899 4426 Θεῷ
926 4356 1188 4427 δεήσεως,
1213 4357 1309 4409 καὶ
1334 4356 1562 4427 λογικῆς
1591 4357 1996 4428 καρπᾳςρορίας,
2021 4358 2099 4422 ὡς

2202 4355 2655 4427 Supplicationem
2690 4356 2798 4412 Deo
2835 4358 2940 4412 hac
2971 4357 3186 4412 ratione
3215 4358 3452 4413 oblatam
3476 4376 3678 4431 perque
3698 4377 3785 4416 ra-

503 4447 685 4519 ἀρχὴν
723 4448 824 4520 ἤδη
855 4447 1124 4516 λαμϐάνει
1151 4448 1213 4503 τὸ
1252 4449 1327 4519 μὴ
1357 4448 1507 4519 τόπῳ
1533 4448 1941 4517 περικλείεσθαι
1971 4450 2099 4513 τοὺς

2202 4450 2468 4504 tionahile
2498 4449 2630 4505 illud
2667 4450 3024 4514 sacrificium,
3049 4451 3102 4504 in
3138 4462 3487 4508 antecessum
3525 4455 3783 4520 ostendit,

504 4540 833 4611 ἀνθρώπους
867 4542 1132 4610 νομίζειν,
1161 4540 1260 4604 τὰς
1288 4540 1438 4605 θείας
1466 4542 1637 4605 ἀκοάς
1664 4558 1681 4574 ·
1714 4540 1831 4596 ἀλλ’
1853 4542 1928 4607 ὠς
1959 4558 2098 4595 παν-

506 4634 681 4704 ταχοῦ
726 4636 996 4706 παρόντος
1022 4634 1118 4689 τοῦ
1151 4634 1315 4699 Θεοῦ,
1358 4633 1456 4688 καὶ
1481 4634 1821 4704 πληροῦντος
1853 4636 1921 4691 τὰ
1953 4635 2095 4706 σύμ-

2205 4543 2438 4610 coepisse
2449 4541 2561 4612 jam
2590 4551 2828 4612 tempus,
2857 4556 2971 4611 quo
3003 4542 3251 4598 homines
3284 4559 3392 4597 non
3413 4544 3649 4614 amplius
3666 4544 3787 4599 exi-

2202 4633 2425 4687 stiment
2451 4632 2664 4686 divinas
2687 4647 2846 4687 aures
2862 4631 2966 4686 loci
2994 4630 3297 4702 cujttspiam
3326 4635 3531 4688 ambitu
3546 4634 3787 4689 circum-

507 4740 732 4802 «av‘ta,
792 4727 891 4786 τὰς
942 4726 1255 4796 προσευχὰς
1305 4724 1637 4796 ἀναφέρειν,
1693 4725 1951 4780 κάκεῖθεν
1999 4727 2100 4789 τὰς

2200 4725 2368 4791 cludi,
2395 4726 2491 4779 sed
2527 4740 2712 4779 coram
2750 4725 2856 4779 Deo
2880 4724 3080 4794 ubique
3110 4733 3397 4794 praisente,
3417 4726 3786 4796 universaque
3823 4769 3826 4773 .

508 4815 896 4887 ὲκπληρώσεις
946 4816 1268 4888 κομίζεσθαι
1323 4817 1435 4870 τῶν
1490 4817 1784 4888 αἰτήσεων.
1826 4814 1999 4870 Τοῦτο
2043 4817 2100 4870 δὲ

2201 4816 2686 4886 implente,preces
2712 4830 2833 4869 esse
2861 4814 3164 4870 fundendas
3195 4828 3359 4885 atque
3389 4816 3518 4872 inde
3544 4818 3784 4889 postula-

508 4910 610 4963 καὶ
658 4908 916 4980 Ἰωακεὶμ
960 4909 1359 4981 προσημαίνων
1393 4913 1420 4964 ὁ
1445 4910 1675 4975 δίκαιος,
1711 4910 1806 4964 τοῦ
1835 4910 1967 4964 ναοῦ
2003 4911 2102 4980 μὲν

2207 4909 2383 4964 tiones
2435 4909 2584 4962 exitu
2642 4923 2751 4961 non
2799 4906 3067 4962 fraudari.
3128 4907 3184 4962 Id
3242 4923 3372 4962 vero
3408 4909 3576 4964 etiam
3601 4910 3789 4980 justus

509 5003 811 5072 ὑποχωρεῖ,
846 5003 905 5055 ἐν
947 5001 1024 5073 τῷ
1058 5003 1176 5074 δρει
1204 5003 1284 5066 δὲ,
1318 5002 1418 5073 τήν
1449 5002 1848 5074 εύπρόσδεκτον
1886 5003 2101 5074 ἐκείνην

2205 4998 2532 5056 Joaehimus
2568 5001 3031 5067 praemonstravit,
3068 5001 3199 5055 dum
3248 5008 3301 5055 et
3333 5016 3362 5055 a
3387 5001 3588 5072 templo
3619 5002 3791 5058 absti-

508 5095 611 5149 καὶ
645 5093 956 5163 θαυμασίαν
982 5095 1251 5166 ἀναφέρει
1277 5095 1461 5165 δέησιν
1486 5114 1499 5127 ·
1535 5095 1712 5166 δηλῶν
1741 5094 1994 5148 ἐντεῦθεν
2021 5094 2099 5158 ὡς

507 5188 612 5256 τῆς
645 5190 774 5251 νέας
820 5188 1040 5259 χάριτος
1078 5188 1554 5261 παραγενομένης,
1602 5189 1808 5260 ἔρημος
1846 5188 1947 5259 μὲν
1990 5188 2099 5241 τῶν

506 5278 767 5333 τυπικῶν
820 5281 1191 5336 ἐπισκιάσεων
1239 5282 1270 5334 ὁ
1299 5283 1427 5344 ναὸς
1474 5282 1993 5353 καταλειφθήσεται,
2039 5284 2099 5335 ἐν

512 5372 689 5422 ἅπασι
713 5369 772 5422 δὲ
797 5371 908 5433 τοῖς
933 5367 1057 5425 οὖσι
1076 5372 1175 5444 τῆς
1199 5371 1556 5444 ἐπιλάμψεως
1582 5373 1754 5445 αὐτῆς
1777 5374 1831 5427 αί
1859 5375 2100 5440 ἀκτῖνες,

507 5461 962 5531 διαταθήσονται.

587 5639 650 5696 I'.
699 5640 861 5696 Ἀλλὰ
887 5642 1010 5697 τίνα
1037 5643 1108 5699 τὰ
1136 5645 1237 5716 τῆς
1266 5645 1434 5718 εὐχῆς
1464 5646 1525 5702 ἐν
1553 5646 1631 5718 τῷ
1663 5647 1981 5720 παραδείσῳ
2006 5647 2106 5719 τῆς

591 5822 606 5858 ³
637 5820 818 5898 iiieg.
850 5841 888 5889 ι,
918 5826 982 5882 15
1017 5841 1175 5898 seqq.

2208 5096 2350 5155 nuit,
2383 5103 2439 5149 et
2498 5093 2885 5164 acceptabilem
2922 5093 3069 5148 illam
3112 5103 3275 5164 atque
3312 5093 3690 5150 admirandam
3730 5095 3786 5150 in

2213 5195 2398 5240 monte
2442 5184 2748 5240 orationem
2798 5186 3082 5256 persolvit,
3119 5201 3215 5256 per
3265 5186 3318 5240 id
3340 5186 3518 5256 palam
3559 5186 3787 5252 faciens,

2209 5292 2353 5331 nova
2393 5277 2568 5347 gratia
2602 5276 2947 5343 adveniente,
2989 5277 3296 5333 solitarium
3328 5277 3550 5347 quidem
3578 5278 3788 5350 typiea-

2205 5386 2329 5426 rum
2363 5370 2846 5427 adumbrationutn
2877 5372 3139 5442 templum
3192 5371 3608 5443 relinquendum
3641 5385 3788 5434 esse,

2206 5464 2382 5534 ipsius
2404 5479 2535 5520 vero
2553 5463 2692 5519 lueis
2716 5462 2901 5520 radios
2921 5464 2990 5519 ad
3013 5478 3227 5529 omnes,
3246 5463 3561 5535 quicunque
3583 5468 3788 5524 essent,

2206 5557 2599 5613 diffundendos
2631 5555 2770 5613 fore.

2279 5649 2349 5704 Χ.
2385 5652 2453 5706 At
2483 5666 2615 5708 vero
2674 5667 2924 5723 quaenam
2974 5652 3149 5708 oratio
3199 5649 3324 5713 fuit,
3348 5661 3510 5737 quam
3533 5645 3691 5706 Anna
3736 5645 3790 5700 iu
