4104 6424
353 345 455 408 559

1642 334 1901 399 JACOBI
1945 330 2289 393 MONACHI

3517 324 3621 389 560

356 458 515 508 horto
547 451 757 537 offudit,
784 464 1036 521 quaenam
1070 447 1343 519 precantis
1378 447 1590 501 verba?
1620 446 1754 501 Nam
1780 447 1938 516 juve-

2049 441 2248 508 ’Λννης
2279 437 2537 509 ρήματας
2587 435 2765 489 Καλὸν
2807 435 2915 506 γὰρ
2943 436 3116 490 ταῦτα
3150 435 3227 506 τῷ
3264 435 3409 506 λόγῳ
3444 454 3625 506 παρα-

356 549 427 602 rit
467 547 580 601 haec
640 558 857 614 quoque
898 556 1151 597 sermone
1213 553 1494 603 enarrare,
1526 539 1938 608 iueundamque

353 654 544 694 eorum
580 637 872 690 novitatem
909 632 1290 702 contemplari.
1318 632 1467 686 Nova
1498 632 1641 685 enim
1668 640 1721 685 et
1761 630 1938 685 adrni-

356 730 523 784 randa
553 729 801 797 qna-dam
835 742 935 779 vox
985 740 1015 779 e
1065 725 1231 779 corde
1271 724 1510 779 contrito
1542 738 1809 778 resonans
1837 738 1936 776 au-

354 820 626 874 diebatur.
686 818 748 871 lit
795 833 928 871 sane
968 832 1033 871 ex
1067 816 1258 870 ordine
1300 814 1755 886 supplicationem
1782 828 1936 867 suam

356 927 607 981 promere
651 911 798 979 justa
832 909 921 963 illa
955 909 1247 978 incipiens,
1274 923 1427 962 more
1459 905 1700 976 jacentis
1732 905 1787 959 in
1813 904 1939 961 imis

356 1004 614 1067 miseriis,
651 1019 775 1057 cum
808 1002 969 1057 beata
997 1002 1086 1055 illa
1112 1001 1417 1054 humilitate
1446 1002 1790 1074 preces‘suas
1806 1012 1941 1052 con-

353 1096 554 1168 junxit.
583 1095 877 1165 Propterea
916 1110 983 1148 ne
1033 1094 1264 1163 gentiles
1305 1092 1525 1162 quidem
1557 1107 1691 1147 suas
1728 1101 1781 1146 et
1807 1108 1939 1147 con-

357 1188 589 1245 tribules
652 1190 704 1242 in
760 1188 1228 1258 comparationem
1299 1186 1543 1250 adducit,
1589 1200 1700 1255 quo
1746 1202 1942 1255 nempe

246 1356 257 1361 γ
358 1281 762 1337 benedictionis
796 1289 851 1334 et
881 1289 1070 1351 gratim
1117 1280 1226 1333 illis
1263 1278 1556 1348 impertitte
1579 1288 1852 1332 evsortem
1884 1292 1943 1332 se
1974 1280 1979 1295 '

355 1387 501 1440 esse,
530 1383 717 1443 utpote
765 1372 1063 1441 indignam,
1121 1370 1463 1439 profiteatur.
1540 1367 1644 1422 Sed
1687 1383 1717 1422 a
1749 1367 1942 1421 condi-

359 1468 507 1522 tione
538 1469 782 1538 ipsorum
810 1480 1029 1536 quoque
1057 1463 1519 1517 irrationabilium
1552 1462 1865 1525 brutorum,
1891 1468 1945 1514 et

358 1565 732 1612 creaturarum
779 1568 941 1608 sensu
984 1551 1307 1614 carentium,
1337 1550 1480 1619 quod
1508 1549 1728 1618 quidem
1772 1549 1838 1601 ad
1868 1546 1945 1601 fe-

358 1645 657 1702 cunditatis
686 1645 1119 1701 benedictionem
1142 1642 1359 1706 attinet,
1381 1657 1437 1697 se
1466 1657 1691 1711 prorsus
1710 1641 1942 1695 alienam

357 1754 475 1795 esse
505 1753 613 1793 non
636 1739 848 1793 reticet.
886 1737 1124 1792 Proinde
1164 1736 1219 1789 in
1263 1734 1510 1790 solitaria
1542 1734 1629 1788 illa
1665 1734 1941 1800 oratione,

362 1832 644 1886 volucrum
673 1839 728 1885 et
754 1828 1192 1899 quadrupedum,
1227 1836 1279 1881 et
1318 1825 1585 1889 ferarum,
1627 1834 1740 1880 tum
1787 1836 1943 1880 terra:
1979 1810 2017 1865 Β

361 1939 424 1978 ac
450 1938 638 1977 εοτυηι
675 1937 796 1992 qua:
846 1921 899 1976 ἰη
933 1930 1074 1974 terra
1120 1928 1485 1985 enascuntur,
1525 1928 1640 1972 tum
1676 1933 1943 1989 aquarum

360 2029 422 2068 ac
444 2013 786 2077 aninalinm,
818 2026 938 2082 qua:
967 2009 1020 2064 in
1045 2009 1128 2065 liis
1152 2009 1399 2079 gignunt,
1422 2008 1747 2063 mentionem
1783 2008 1946 2063 indu-

360 2106 457 2171 cit,
494 2115 555 2159 ut
590 2105 715 2158 inde
770 2120 932 2175 quam
1002 2102 1200 2158 misera
1236 2102 1350 2171 ipsa
1390 2102 1488 2165 sit,
1535 2103 1826 2156 ostendat:
1864 2102 1947 2157 liis

360 2199 506 2255 enim
541 2198 828 2254 affectibus
870 2208 918 2253 et
958 2197 1214 2267 precibus
1241 2196 1754 2252 misericordissima
1778 2196 1944 2253 Crea-

363 2292 500 2347 toris
582 2290 927 2361 providentia
988 2304 1235 2345 aunuere
1316 2289 1587 2361 postulata
1639 2291 1944 2346 consuevit.

363 2386 617 2451 Proinde,
665 2384 843 2453 inquit
897 2381 1323 2453 prudentissima
1375 2382 1487 2448 illa,
1515 2382 1792 2447 omnibus,
1826 2398 1948 2452 qua:

366 2475 619 2549 gignendi
679 2475 939 2530 facultate
995 2473 1225 2545 pollent,
1285 2489 1386 2544 ego
1431 2474 1671 2529 deterior
1714 2476 1942 2531 exsisto.

366 2568 490 2624 llaec
539 2568 685 2623 enim
743 2565 1003 2621 mandato
1059 2574 1187 2630 tuo,
1237 2564 1502 2629 Domine,
1558 2567 1946 2633 subserviunt,

362 2673 417 2716 et
482 2660 881 2716 benedictiOnis
946 2674 1011 2714 ac
1068 2659 1253 2729 gratiae
1310 2664 1418 2713 tute
1468 2668 1674 2728 partem
1718 2658 1947 2716 feliciter

364 2753 691 2824 percipiunt.
756 2752 870 2821 Ego
897 2765 1026 2805 vero
1082 2759 1341 2819 tanquam
1391 2749 1637 2819 indigna,
1673 2750 1947 2808 felicitatis

361 2857 557 2896 exsors
586 2840 805 2895 feminei
841 2855 1025 2903 sexus,
1062 2839 1319 2910 gignendi
1368 2838 1643 2894 facultatis
1674 2841 1948 2897 multifor-

364 2934 541 2988 mibus
576 2932 946 2989 animantibus
968 2932 1303 2995 communis,
1325 2946 1520 3000 expers
1544 2933 1944 3003 deprehendor.

367 3023 490 3079 lltvc
521 3039 651 3078 sane
699 3022 945 3077 eamdem
981 3021 1296 3076 felicitatem
1325 3020 1667 3090 gloriamque
1722 3021 1947 3091 partici-

2038 529 2255 596 γαγεῖν,
2308 525 2404 578 καὶ
2452 524 2513 577 τὸ
2543 527 2912 595 καινοπρεπὲς
2957 525 3137 577 αὐτῶν
3191 525 3466 578 κατιδεῖν·
3521 527 3628 579 ἀπὸ

2039 621 2148 688 γὰρ
2194 617 2667 687 συντετριμμένης
2697 616 2897 687 ψυχῆς,
2929 618 3091 686 καινή
3136 634 3218 679 τις
3254 620 3349 670 καὶ
3391 621 3630 689 παράδοο

2042 710 2163 775 ξος,
2211 711 2549 779 ἐνηχουμὲνη
2602 709 2896 779 ἐξηκιιύετο
2951 710 3142 779 φωνή’
3178 710 3473 783 ἀκολουθίᾳ
3520 714 3628 784 γὰρ

2041 802 2432 872 καταρξαμένη
2454 804 2554 872 τὴν
2588 802 2797 855 ἱκεσίαν
2829 803 3182 873 ἀναφέρεινή
3216 803 3422 868 δικαία,
3456 805 3629 859 ἐλεειι

2041 894 2287 959 νολογίας
2320 896 2379 945 ἐν
2409 894 2584 957 τάξει,
2626 892 2726 963 τὴν
2763 895 3043 964 μακαρίαν
3075 896 3298 967 ἐκείνην
3346 899 3628 967 ἐπεισάγει

2046 986 2122 1056 τῷ
2150 985 2295 1057 λόγῳ
2324 985 2680 1040 ταπείνωσιν.
2712 986 2802 1039 Διὸ
2842 987 2940 1057 οὐχ
2977 987 3267 1056 ὁμογενέσι
3300 990 3394 1043 καὶ
3422 991 3623 1060 spe-go.

2041 1079 2155 1143 λοις
2198 1078 2400 1148 ἑαυτὴν
2431 1079 2925 1151 ἀντιπαρατιθεῖσα
2957 1081 3058 1150 τῆς
3106 1081 3332 1134 ἐκείνων
3377 1082 3631 1150 εὐλογίας

2044 1173 2140 1225 καὶ
2192 1171 2419 1242 χάριτος
2472 1171 2901 1241 ἀποστερεῖσθαι
2950 1174 3019 1225 δι’
3053 1173 3383 1244 ἀναξιότητα
3442 1174 3629 1241 λέγει·

2045 1264 2178 1317 ἀλλά
2210 1266 2305 1317 καὶ
2354 1264 2533 1319 αὐτῶν
2578 1263 2687 1318 τῶν
2729 1265 2943 1331 ἀλόγων
2982 1265 3139 1330 ζώων
3168 1267 3264 1320 καὶ
3296 1267 3395 1336 τῆς
3421 1267 3631 1337 ἀψύχου

2046 1357 2301 1420 κτίσεως,
2342 1356 2440 1427 τῆς
2470 1360 2613 1410 κατά
2662 1355 2759 1427 τὴν
2795 1357 3045 1425 εὐλογίαν
3091 1358 3424 1429 ὀμοιώσεωῖ,
3480 1362 3635 1413 ἀλλο-

2044 1447 2334 1519 τριοῦσθαι
2390 1446 2569 1518 πάντη
2622 1438 3045 1518 καθυποφαίνει.
3096 1449 3195 1502 Δτὰ
3252 1450 3408 1503 τοῦτο
3455 1453 3513 1504 ἐν
3563 1454 3630 1523 τῇ

2049 1538 2437 1612 μονωδουμένῃ
2487 1543 2791 1611 προσευχῇ,
2840 1541 3104 1594 πετεινῶν
3138 1541 3236 1594 καὶ
3280 1543 3631 1613 τετραπόδων

2047 1637 2253 1708 θηρίων
2282 1654 2340 1689 τε
2373 1638 2469 1690 καὶ
2517 1636 2646 1707 γῆς,
2681 1636 2777 1690 καὶ
2827 1636 2939 1690 τῶν
2971 1637 3029 1688 ἐν
3079 1638 3145 1708 τῇ
3194 1640 3263 1708 γῇ
3322 1638 3632 1709 φυομένων,

2047 1731 2258 1785 ὑδάτων
2302 1747 2362 1784 τε
2406 1732 2504 1784 καὶ
2550 1730 2660 1783 τῶν
2706 1730 2764 1782 ἐν
2818 1730 3002 1794 αὐτοῖς
3053 1730 3443 1798 ἐγγονιζόντων
3478 1728 3636 1795 ζώων

2048 1823 2375 1892 παρεισάγει
2411 1822 2656 1893 μνήμην,
2682 1820 2757 1884 ὡς
2787 1820 2853 1874 ἂν
2884 1819 2945 1873 τὸ
2970 1820 3190 1891 ἀχρεῖον
3234 1821 3434 1891 ἑαυτῆς
3464 1821 3633 1875 καθυ-

2050 1908 2306 1983 ποδείξῃο
2340 1907 2551 1975 τούτοις
2600 1911 2712 1981 γὰρ
2765 1909 2860 1963 καὶ
2894 1909 3051 1981 ᾕθεσι
3102 1910 3197 1962 καὶ
3246 1910 3427 1978 λόγοις
3466 1913 3500 1982 ή
3534 1910 3632 1965 τοῦ

2050 2002 2398 2075 Δημιουργοῦ
2430 2001 2946 2072 πολυεύσπλαγχνος
2974 2001 3247 2055 ἐπινεύειν
3290 2003 3503 2072 πέφυκε
3535 2020 3636 2075 κη·

2048 2096 2292 2166 δεμονία.
2319 2095 2416 2148 Διά
2439 2093 2599 2148 τοῦτο
2621 2095 2841 2148 πάντων
2862 2094 2963 2165 μὲν
2988 2095 3264 2166 γεννητῶν
3288 2096 3634 2166 ἀχρειοτέρα,

2051 2188 2217 2258 φησὶν
2243 2188 2277 2258 ἡ
2314 2184 2569 2257 σώφρων,
2595 2189 2704 2254 ἐγώ
2729 2201 2742 2214 ’
2778 2185 2952 2238 ταῦτα
2973 2188 3081 2257 γὰρ
3106 2186 3185 2257 τῷ
3220 2187 3298 2256 σῷ
3324 2188 3637 2258 καθυπουρ-

2049 2279 2250 2348 γοῦντα
2304 2278 2717 2347 προστάγματι,
2751 2275 3021 2343 Δέσποτα,
3061 2277 3155 2330 καὶ
3206 2278 3304 2347 τῆς
3338 2278 3437 2346 σῆς
3481 2277 3630 2329 εὐλο⁹

2050 2372 2176 2440 γίας
2207 2367 2528 2439 εὐμοιροῦσι
2558 2369 2653 2422 καὶ
2682 2369 2927 2440 χάριτος.
2950 2369 3103 2439 Αὐτὴ
3122 2368 3179 2421 δὲ
3207 2368 3285 2432 ὡς
3316 2369 3513 2435 ἀναξία
3535 2369 3637 2439 τῆς

2049 2463 2144 2516 τοῦ
2179 2464 2368 2532 γένους
2415 2463 2712 2532 εὐκληρίας
2762 2462 2964 2529 ταύτης
2998 2460 3364 2530 ἐστερημένη,
3395 2459 3522 2530 ξένη
3537 2461 3637 2530 τῆς

2049 2555 2159 2612 τῶν
2204 2556 2501 2611 πολυειδῶν
2542 2556 2699 2620 ζώων
2732 2555 2898 2626 γονῆς
2933 2552 3272 2625 καθίσταμαι
3298 2571 3311 2585 ⁸
3355 2557 3447 2609 καὶ
3494 2556 3638 2609 αὐτὰ

2049 2649 2158 2719 γὰρ
2187 2649 2287 2719 τῆς
2332 2649 2526 2719 ὁμοίας
2567 2650 2891 2719 μετείληχεν
2935 2648 3202 2714 εὐδοξίας.
3256 2651 3567 2718 Πολύφορος
3603 2651 3637 2718 ἡ

2050 2743 2157 2812 γῆ’
2204 2742 2304 2813 τὴν
2355 2742 2621 2811 ἀφθονίαν
2655 2742 2919 2813 διηνεκῶς
2968 2744 3111 2795 κατὰ
3154 2744 3214 2796 τὸ
3244 2743 3337 2797 σόν
3379 2743 3638 2813 ἐπικομίο

2051 2834 2218 2897 ζουσα
2268 2835 2638 2903 πρόσταγμα’
2671 2833 3085 2904 καρποφοροῦσι
3131 2833 3396 2904 λειμῶνες
3441 2834 3534 2887 καὶ
3568 2836 3638 2886 sit

2050 2924 2232 2996 εὐειδῆ
2271 2925 2380 2978 τῶν
2432 2925 2620 2995 φυτῶν
2668 2927 2958 2997 ἀνθοφορεῖ
3006 2926 3384 2998 βλαστήματα,
3427 2927 3637 2995 καρπόν

2049 3032 2109 3068 τε
2150 3017 2366 3086 καίριον
2400 3017 2537 3087 ὁμοῦ
2569 3018 2663 3071 καὶ
2713 3018 2933 3088 ἥδιστον
2987 3017 3407 3087 προϐάλλονται,
3440 3020 3536 3072 καὶ
3568 3021 3634 3087 τῇ

364 3122 513 3184 pant.
544 3112 954 3168 Fecundissima
983 3119 1066 3167 est
1111 3119 1281 3178 terra,
1308 3126 1430 3180 quae
1476 3111 1774 3165 secundum
1809 3126 1946 3181 pra:-

2050 3106 2161 3159 τῶν
2190 3108 2532 3178 μετεχόντων
2566 3109 2888 3179 εὐχαριστίᾳ
2923 3110 3006 3161 σοὶ
3028 3108 3125 3179 τὴν
3163 3109 3471 3177 δοξολογίαν
3500 3113 3632 3165 ἀνα,

364 3213 580 3273 ceptum
641 3214 793 3257 tuum
832 3201 1123 3271 copiosum
1169 3199 1410 3255 fructum
1451 3201 1669 3254 assidue
1712 3200 1947 3271 profert;

366 3299 602 3353 fructum
630 3297 866 3351 aﬂ‘erunt
906 3303 1059 3364 prata
1090 3333 1105 3352 .
1159 3302 1212 3348 et
1241 3292 1611 3364 pulcherrima
1632 3294 1949 3363 plantarum

365 3389 611 3459 germina
637 3386 799 3442 ﬂores
824 3388 1109 3451 emittunt,
1155 3384 1506 3455 fructumque
1563 3387 1948 3455 tempestivum

367 3480 573 3549 pariter
599 3493 663 3534 ac
728 3477 1118 3533 suavissimum
1163 3476 1470 3547 porrigunt,
1504 3486 1556 3531 et
1590 3492 1685 3546 per
1730 3487 1945 3548 gratum

2054 3199 2280 3271 φέρουσι
2306 3216 2320 3231 ’
2357 3199 2565 3254 τούτων
2614 3199 2727 3269 ἐγὼ
2780 3201 2880 3272 τῆς
2910 3202 3145 3272 ,χάριτος
3179 3204 3470 3273 ἀμέτοχος,
3515 3202 3638 3256 ἐπεὶ

2052 3293 2147 3346 καὶ
2179 3292 2240 3345 τὸ
2274 3292 2349 3363 μὴ
2395 3294 2514 3346 κατ’
2564 3293 2723 3359 ἀξίαν
2767 3294 3227 3366 συναριθμεῖσθαι
3272 3294 3504 3358 τούτοις,
3538 3294 3636 3364 δη-

2050 3385 2434 3457 μιουργήμασί
2463 3402 2527 3455 γε
2578 3381 2731 3441 οὖσιν
2774 3387 3113 3460 ἀγαθότητος
3154 3389 3252 3460 τῆς
3281 3391 3401 3459 σῇς,
3436 3388 3640 3460 ἑαυτὴν

2048 3478 2528 3549 καταψηφίζομαι.

365 3591 578 3642 eorum,
612 3575 703 3646 qui
753 3575 821 3630 iis
876 3572 1160 3638 fruuntur,
1193 3572 1445 3629 allectum
1506 3574 1603 3628 tibi
1667 3574 1849 3645 gloria:
1898 3574 2162 3629 tributum
2237 3576 2579 3645 persolvunt.
2615 3574 2826 3632 Horum
2888 3593 2989 3648 ego
3037 3578 3227 3650 gratia:
3256 3594 3451 3650 expers
3478 3595 3639 3646 sum;

367 3671 628 3744 quoniam
660 3685 729 3725 ne
750 3685 873 3723 cum
906 3670 990 3725 bis
1021 3670 1243 3740 quidem
1270 3670 1530 3725 bonitatis
1562 3680 1667 3725 tua:
1690 3670 1949 3739 operibus
1980 3671 2371 3726 connumerari
2408 3674 2606 3728 merito
2635 3688 2722 3728 me
2753 3688 2913 3743 posse
2933 3688 3133 3729 censeo

441 3765 532 3820 XI.
566 3764 659 3820 lla:
699 3780 861 3821 voces
894 3775 1049 3819 erant
1107 3766 1300 3830 Annte,
1363 3776 1419 3818 ut
1448 3767 1639 3831 Deum,
1668 3765 1761 3834 qui
1799 3764 1951 3820 solus

370 3858 925 3914 misericordissimus
961 3867 1069 3924 est,
1098 3858 1165 3912 ad
1224 3859 1594 3913 miserandum
1630 3857 1948 3915 inflecteret.

370 3949 474 4004 Sed
507 3948 769 4020 praevenit
808 3948 899 4002 ille
928 3962 1256 4014 sermones;
1297 3957 1351 4003 et
1368 3956 1668 4018 antequam
1698 3956 1950 4018 porrecta

371 4043 687 4112 expleretur
712 4040 1064 4111 supplicatio,
1107 4040 1175 4095 de
1198 4054 1413 4105 eorum,
1454 4055 1577 4110 qua:
1608 4039 1950 4110 petebantur,

371 4150 636 4191 successu
703 4141 902 4203 praeter
968 4147 1186 4187 omnem
1244 4147 1395 4202 spem
1443 4130 1686 4187 faustum
1739 4133 1950 4203 roganti

371 4229 624 4283 nuntium
670 4224 916 4279 affertur.
950 4221 1085 4279 Ecce
1117 4226 1276 4288 enim,
1307 4224 1507 4294 inquit,
1551 4225 1675 4277 dum
1707 4224 1949 4296 loquere-

372 4331 479 4383 tur,
509 4326 821 4387 apparentes
851 4314 1047 4386 angeli,
1074 4331 1293 4383 partum
1341 4326 1533 4383 praeter
1560 4331 1701 4384 spem
1731 4328 1945 4370 secutu-

370 4428 487 4465 rum
518 4409 958 4480 prmiuntiavere.
989 4408 1165 4463 Anna:
1189 4409 1397 4463 scilicet
1422 4416 1476 4461 et
1491 4409 1639 4475 justo
1663 4406 1946 4464 Joachimo

2122 3764 2229 3819 lA'.
2262 3764 2505 3819 Τοιαῦτα
2533 3765 2601 3820 τὰ
2639 3766 2741 3837 τῆς
2776 3768 2976 3839 ’Δννης
3008 3769 3251 3839 ῥήματα,
3291 3768 3379 3822 ἵνα
3407 3769 3639 3823 κάντεῦ-

2052 3858 2145 3912 θεν
2180 3860 2260 3923 si;
2292 3858 2443 3912 ἔλεον
2474 3860 2565 3912 τὸν
2591 3858 2756 3928 μόνον
2792 3860 3248 3931 συμπαθέστατον
3269 3861 3638 3932 ἐφελκύσηται

2051 3951 2184 4006 Θεόν
2207 3965 2223 3981 ⁸
2260 3951 2397 4005 ἀλλὰ
2428 3952 2732 4023 προφθάνει
2772 3953 2900 4016 τούς
2938 3951 3132 4021 λόγους
3160 3949 3336 4019 οὗτος,
3376 3955 3473 4007 καὶ
3500 3955 3638 4025 πρὶν

2052 4048 2133 4108 εἰς
2162 4043 2320 4108 τέλος
2347 4045 2448 4114 τὴν
2477 4043 2908 4115 προτεινομένην
2938 4043 3120 4096 ἐλθεῖν
3164 4044 3369 4115 δέησιν,
3401 4044 3498 4115 τὴν
3527 4045 3638 4098 τῶν

2055 4138 2397 4209 αἰτουμένων
2431 4136 2657 4217 ἔμϐασιν
2705 4137 2846 4207 ὑπὲρ
2893 4137 3088 4191 ἐλπίδα
3135 4139 3319 4192 πᾶσαν
3348 4138 3639 4206 εὐαγγελί-

2058 4231 2209 4296 ζεται
2256 4233 2323 4302 τῇ
2359 4230 2678 4301 αἰτουμένῃ.
2716 4228 2863 4284 Ἰδοὺ
2908 4231 3041 4298 γὰρ,
3094 4228 3249 4300 φησὶ,
3296 4231 3637 4297 λαλούσης,

2055 4323 2300 4394 ἄγγελοι
2364 4321 2795 4392 ἐπιφανέντες,
2843 4320 2952 4375 τὸν
2998 4322 3135 4390 παρ’
3182 4322 3405 4376 ἐλπίδα
3457 4323 3640 4375 τόκον

2052 4416 2419 4482 ἐπιϐήσεσθαι
2464 4413 2866 4484 κατεμήνυον.
2900 4414 2979 4485 Τῇ
3016 4416 3208 4485 Ἀννῃ,
3242 4413 3405 4484 φημὶ.
3442 4415 3533 4467 καὶ
3563 4418 3641 4483 τῷ

373 4505 428 4557 in
486 4510 673 4557 monte
719 4501 958 4556 versanti
1012 4500 1187 4571 angeli
1244 4499 1709 4554 annuntiaverttnt
1765 4512 1945 4556 ortum

2053 4507 2249 4578 δικαίῳ
2289 4506 2549 4576 Ἰωακεὶμ
2574 4508 2631 4559 ἐν
2664 4504 2741 4576 τῷ
2766 4505 2905 4575 ὄρει,
2939 4505 3160 4575 ἄγγελοι
3198 4506 3298 4575 τῆς
3331 4506 3443 4558 τῶν
3471 4507 3641 4574 ἀγγέ-

372 4596 539 4660 illius,
587 4610 710 4665 qua:
765 4594 990 4665 angelos
1043 4592 1193 4662 ipsos
1244 4591 1513 4661 dignitate
1548 4592 1945 4647 antecelleret:

372 4687 561 4756 Angeli
593 4686 735 4755 ejus,
772 4700 896 4757 quae
951 4682 1241 4739 sterilitate
1285 4680 1589 4746 laborabat,
1626 4692 1947 4751 conceptum

370 4784 760 4854 praedixerunt.
803 4778 938 4833 Ecce
977 4779 1139 4841 enim,
1186 4762 1385 4847 inquit,
1435 4775 1676 4846 loquente
1705 4774 1821 4840 illa,
1851 4792 1949 4829 an-

369 4875 516 4945 gelus
541 4874 758 4927 Domini
810 4871 972 4935 venit,
1022 4871 1199 4924 dicens
1226 4869 1275 4922 ei
1312 4887 1330 4924 :
1360 4865 1651 4921 Exaudirit
1686 4866 1826 4921 Deus
1861 4868 1949 4922 de-

369 4967 723 5035 precationem
749 4972 919 5031 tuam,
941 4974 991 5018 et
1025 4962 1307 5032 concipies,
1337 4970 1387 5015 et
1420 4961 1619 5029 paries,
1643 4968 1692 5014 et
1714 4959 1949 5014 celebra-

371 5060 515 5112 bitur
551 5074 724 5111 semen
753 5069 902 5110 tuum
927 5059 979 5108 in
1013 5058 1257 5108 universo
1290 5053 1507 5107 mundo.
1539 5053 1631 5106 llic
1648 5052 1945 5118 exaudivit.

370 5153 464 5222 qui
493 5151 819 5221 precationis
868 5150 1053 5212 verba,
1109 5147 1428 5217 priusquam
1484 5158 1664 5201 mente
1693 5146 1950 5215 concipe-

376 5254 587 5308 rentur,
650 5249 870 5296 noverat
921 5249 974 5294 et
1021 5238 1371 5293 ineﬂ‘abiliter
1421 5239 1811 5309 perpendebat.
1858 5238 1950 5292 Ille

373 5335 680 5392 orationem
720 5332 951 5394 audivit,
1025 5331 1119 5401 qui
1165 5331 1231 5385 ad
1283 5330 1587 5385 orationem
1655 5330 1948 5393 excitabat,

373 5438 557 5499 atque,
606 5435 665 5481 ut
706 5434 1134 5496 consequeretur
1163 5423 1438 5487 effectum,
1474 5422 1818 5491 disponebat.
1856 5421 1951 5475 llle

373 5519 649 5576 exaudivit
688 5534 784 5573 cor
835 5518 1166 5580 contritum,
1199 5514 1291 5584 qui
1324 5522 1540 5583 propter
1580 5512 1683 5566 hoc
1724 5510 1865 5565 idem
1896 5512 1949 5566 in

374 5612 471 5668 illo
525 5611 690 5665 corde
728 5624 938 5665 moram
1007 5606 1260 5662 faciebat.
1315 5603 1411 5658 llle
1445 5603 1723 5658 exaudivit
1762 5617 1951 5671 preces

376 5713 519 5765 tuas,
546 5719 638 5771 qui
659 5717 755 5772 per
783 5716 943 5756 voces
968 5698 1360 5771 prophetarum
1389 5695 1702 5754 earumdem
1727 5709 1948 5766 precum

374 5796 577 5850 exitum
606 5794 1079 5865 prmnuntiaverat.

2051 4598 2159 4653 λων
2185 4597 2521 4668 τιμιωτέρας
2557 4594 3005 4664 εὐαγγελίζονται
3037 4596 3135 4667 τὴν
3168 4596 3387 4665 κύησιν,
3414 4597 3639 4664 ἄγγελοι

2051 4690 2150 4761 τὴν
2174 4690 2273 4761 τῆς
2311 4688 2655 4759 στειρώσεως
2682 4687 3139 4758 προαναφιονοῦσι
3165 4687 3447 4758 σύλληψιν*
3477 4689 3638 4742 Ἰδοὺ

2052 4780 2187 4851 γὰρ,
2222 4783 2376 4852 φησι,
2423 4783 2768 4849 λαλούσης,
2802 4781 3062 4851 ἅγγελος
3090 4781 3314 4846 Κυρίου
3361 4778 3512 4851 ἦλθε
3539 4780 3641 4834 λέ-

2052 4891 2173 4943 qur
2201 4873 2377 4941 αὐτῇ⁴
2410 4873 2796 4940 Ἐπήκουσεν
2828 4876 2861 4927 ό
2886 4872 3030 4938 Θεὸς
3064 4871 3176 4941 τῆς
3203 4871 3472 4941 δεήσεως
3496 4889 3637 4936 σου,

2051 4969 2151 5022 καὶ
2179 4966 2504 5036 συλλήψῃ,
2538 4968 2640 5020 καὶ
2679 4966 3001 5036 γεννήσεις
3030 4981 3044 4995 °
3078 4965 3180 5019 καὶ
3224 4966 3640 5033 λαληθήσεται

2052 5060 2119 5113 τὸ
2149 5060 2389 5127 σπέρμα
2419 5075 2537 5112 σου
2563 5058 2634 5111 ἐν
2677 5059 2792 5127 ὅλῃ
2840 5056 2917 5126 τῇ
2942 5056 3289 5126 οἰκουμένῃ’
3328 5060 3637 5129 ἐπήκουσεν

2052 5153 2080 5205 ὁ
2112 5153 2241 5222 πρὶν
2290 5150 2610 5221 ὲννοηθῆναι
2666 5152 2734 5206 τὰ
2766 5150 2866 5220 τῆς
2900 5151 3139 5221 δεήσεως
3187 5154 3430 5221 ῥήματα,
3475 5152 3638 5219 γινώ-

2055 5259 2201 5295 σκων
2261 5240 2436 5294 ταῦτα
2494 5241 2589 5294 καὶ
2644 5241 2970 5312 ἀναμετρῶν
3018 5230 3374 5312 ἀπορρήτως,
3431 5244 3635 5314 ἢκουσε

2052 5333 2293 5403 δεήσεως
2324 5335 2351 5385 ὁ
2400 5330 2606 5402 ταύτην
2652 5333 2840 5396 κινῶν,
2895 5331 2990 5385 καὶ
3042 5331 3402 5395 ἐξακούεσθαι
3450 5351 3638 5404 παρα-

2053 5423 2335 5488 σκευάζων
2359 5435 2375 5451 ⁸
2408 5424 2640 5493 ᾕκουσεν
2670 5424 2733 5474 ἐκ
2766 5423 3231 5492 συντετριμμένης
3261 5423 3463 5493 ψυχῆς,
3493 5427 3521 5476 ό
3551 5424 3627 5475 διε

2052 5518 2213 5571 τοῦτο
2264 5518 2325 5571 ἐν
2368 5517 2507 5588 αὐτῇ
2553 5517 3078 5586 ἐπαναπαυόμενος·
3119 5515 3319 5582 ἢκουσε
3368 5516 3468 5583 τῆς
3509 5514 3633 5583 δεή-

2054 5611 2192 5673 σεῲς
2225 5626 2318 5661 σου
2351 5610 2380 5661 ὁ
2409 5609 2497 5662 διὰ
2530 5608 2886 5681 προφητικῶν
2916 5606 3113 5678 φωνῶν
3148 5607 3248 5678 τὴν
3279 5605 3504 5661 ἔκϐασιν
3534 5606 3633 5660 αὺ-

2052 5702 2147 5772 τῆς
2181 5700 2670 5771 προαναφωνήσας.
