4104 6486
430 578 534 643 εει

1261 581 1548 642 ORATIO
1590 583 1670 642 IN
1710 579 2297 642 CONGEPTIONEM
2341 582 2446 642 SS.
2489 583 2864 643 DEIPAILE.

3615 585 3718 647 562

509 696 606 751 ΗΥ.
644 697 1070 764 Λιιληθήσεται
1097 695 1225 764 γὰρ,
1263 697 1418 766 φησὶ,
1454 696 1521 750 τὸ
1548 697 1789 766 σπέρμα
1815 711 1933 750 σου
1964 698 2032 750 ἐν
2062 745 2070 758 η

2209 699 2320 753 XII.
2349 697 2716 752 Celebrabitur
2735 699 2894 763 enim,
2927 697 3126 767 inquit,
3153 689 3334 752 semen
3355 707 3504 752 tuum
3525 701 3577 752 in
3603 703 3721 753 uui-

434 791 550 859 r'fln
585 789 660 857 τῇ
691 790 1039 857 οἰκουμένῃ.
1085 787 1471 858 Λαληθήσεται
1517 793 1583 861 τῇ
1616 792 1918 860 οἰκουμένῃ
1963 791 2026 842 τὸ

435 881 885 951 πολυθρύλλητον
941 882 1113 952 αὐτῆς
1147 883 1431 954 καύχημα,
1485 883 1688 953 ἡμόνη
1747 883 2030 948 διαϐόητος

438 974 616 1041 αὐτῆς
658 975 1034 1043 καρποφορία,
1081 975 1140 1026 τὸ
1167 974 1518 1045 περιώνυμον
1558 975 1667 1027 τῶν
1714 975 2032 1045 κτισμάτων

442 1064 905 1136 ἐγκαλλώπισμα.
949 1067 1330 1138 Λαληθήσεται
1379 1069 1440 1120 τὸ
1469 1068 1630 1121 λάλον
1668 1068 1770 1137 τῆς
1818 1069 2033 1138 ἀνθρω-

440 1159 607 1229 πίνης
663 1157 882 1228 φύσεως
938 1159 1134 1229 στόμα,
1181 1161 1214 1228 ἡ
1269 1159 1488 1227 εὒλογος
1527 1160 1637 1212 τῶν
1690 1160 2034 1229 σιγησάντων

443 1252 734 1317 ἀπολογία,
768 1246 980 1322 περὶῆς
1003 1253 1366 1322 δεδοξασμένα
1393 1255 1451 1306 ὲν
1479 1252 1626 1323 πάσῃ
1656 1253 1846 1321 λογικῇ
1874 1252 2035 1320 φύσει

444 1340 832 1410 λαληθήσεται,
881 1335 949 1411 ἧς
979 1341 1164 1410 νοεραὶ
1195 1341 1451 1408 δυνάμεις
1479 1341 1547 1393 τὰ
1596 1341 1859 1409 μεγαλεῖα
1890 1340 2030 1392 διαν-

448 1434 789 1502 υμνήσουσι,
834 1433 930 1486 καὶ
981 1434 1082 1502 τὴν
1134 1433 1293 1499 δόξαν
1352 1432 1789 1504 ἀνακηρύξουσι·
1843 1436 2039 1500 Λαλη-

448 1523 701 1587 θήσεται
750 1525 815 1576 τὸ
858 1523 1101 1593 σπέρμα
1144 1541 1263 1578 σου
1313 1526 1384 1578 ἐν
1409 1525 1521 1593 ὅλῃ
1573 1525 1648 1594 τῇ
1689 1529 2036 1596 οἰκουμένῃ.

451 1620 526 1671 Σὺ
567 1620 664 1688 μὲν
717 1619 847 1690 γὰρ,
893 1621 1080 1688 φησιν,
1131 1618 1178 1672 ὧ
1208 1621 1396 1683 Ἅννα,
1448 1622 1890 1690 καρποφορήσεις
1940 1621 2041 1690 τὴν

447 1709 561 1762 τῶν
603 1712 815 1782 ἀρετῶν
862 1713 1125 1780 ἀφθονίαν
1152 1713 1230 1781 τῷ
1265 1712 1405 1782 Θεῷ,
1458 1714 1548 1764 καὶ
1581 1714 1677 1784 τὴν
1709 1711 2040 1782 ἐξακουσθη-

450 1802 691 1872 σομένην
724 1805 782 1854 ἐν
819 1801 897 1870 τῷ
937 1801 1082 1866 γένει
1117 1804 1219 1872 τῆς
1261 1802 1606 1863 παιδοποιΐας
1652 1801 1794 1866 ἔξεις
1827 1802 2040 1871 φήμην.

451 1891 578 1945 Τῶν
600 1893 922 1962 ὀνειδισμῶν
955 1894 1053 1962 μὲν
1080 1895 1181 1962 τῆς
1212 1896 1467 1956 ἀτεκνίας
1497 1893 1894 1960 ἀπαλλαγεῖσα,
1917 1911 2044 1947 συν-

451 1983 826 2054 αριθμηθεῖσα
877 1985 934 2036 δὲ
981 1987 1076 2036 καὶ
1124 1985 1595 2053 συγκαταλεγεῖσα
1618 1987 1737 2046 ταῖς
1777 1985 2042 2054 μητράσι,

2134 805 2280 843 verso
2305 788 2520 842 mundo.
2543 788 2932 842 Euuntiabitur
2953 788 3071 843 orbi
3097 789 3266 844 decus
3295 789 3398 843 hoc
3423 806 3583 843 suum
3603 793 3720 844 exi-

2138 879 2331 942 mium,
2357 879 2516 932 unica
2545 894 2643 932 sua
2667 878 2837 948 ipsius
2859 878 3213 934 celeberrima
3238 879 3461 934 ubertas
3478 881 3717 950 (lii-l6),

2136 971 2540 1025 nobilissimum
2591 980 2960 1025 creaturarum
3015 982 3422 1026 ornamentum.
3463 972 3724 1026 Celebra-

2136 1064 2284 1118 bitur
2315 1063 2732 1118 disertissimum
2772 1061 2904 1116 illud
2936 1077 3000 1118 os
3032 1063 3283 1119 humanae
3318 1073 3546 1128 naturre,
3592 1065 3723 1117 elo-

2137 1156 2497 1224 quentissima
2526 1171 2738 1221 eorum,
2763 1155 2965 1226 quibus
2991 1155 3167 1225 pudor
3189 1156 3510 1210 abstulisset
3536 1157 3722 1219 verba,

2138 1248 2384 1303 defensio
2426 1248 2575 1317 (l7);
2614 1248 2680 1302 de
2709 1263 2816 1316 qua
2867 1248 3007 1301 inter
3030 1259 3311 1302 creaturas
3337 1264 3525 1302 omnes
3561 1249 3728 1302 ratio-

2141 1342 2290 1396 nales
2319 1341 2555 1412 gloriosa
2585 1341 2862 1405 dicentur;
2900 1340 3057 1410 cujus
3095 1340 3728 1411 magnaliaiutellcctua-

2139 1436 2221 1490 les
2255 1436 2481 1491 virtutes
2512 1436 2872 1491 eelebrabunt
2923 1436 3159 1509 hymnis,
3189 1443 3241 1490 et
3277 1435 3504 1505 gloriam
3536 1434 3729 1505 praedi-

2140 1528 2362 1583 cabunt.
2391 1527 2757 1583 Celebrabitur
2781 1545 2955 1583 arinen
2989 1537 3139 1581 tuum
3196 1529 3253 1580 in
3283 1528 3530 1580 universa
3559 1537 3726 1601 terra.

2143 1619 2224 1672 Tu
2265 1619 2434 1682 enim,
2472 1619 2662 1688 inquit,
2698 1636 2730 1673 ‹)
2782 1619 2962 1683 Anna,
3013 1620 3120 1673 Deo
3179 1617 3536 1674 fructificabis
3568 1618 3731 1671 uber-

2145 1721 2310 1767 tatem
2347 1712 2636 1776 virtutum,
2671 1719 2722 1764 et
2761 1711 3111 1788 fecunditatis
3146 1712 3345 1765 famam
3376 1709 3430 1764 in
3474 1711 3728 1765 muliebri

2145 1819 2276 1859 sexu
2313 1804 2720 1858 celeberrimam
2758 1805 3092 1874 assequeris.
3138 1804 3218 1857 Ab
3248 1805 3542 1872 opprobrio
3567 1802 3730 1857 steri-

2149 1898 2316 1952 litatis
2339 1897 2591 1962 liberata,
2627 1905 2793 1967 atque
2842 1897 2987 1952 inter
3012 1905 3214 1951 matres
3259 1903 3656 1949 connumerata
3676 1901 3732 1948 et

2148 1999 2426 2060 cooptata,
2467 2004 2817 2058 nequaquam
2851 1989 3020 2055 illius,
3049 2004 3172 2058 quae
3201 2003 3390 2042 tarum
3426 1988 3734 2042 benedictio

450 2076 555 2144 τῆς
604 2076 868 2146 δοκούσης
918 2076 1166 2142 εὐλογίας
1220 2076 1445 2130 ἐκείνων
1494 2077 1595 2129 οὐκ
1641 2077 2034 2151 ἀποκριθήσῃ·

2162 2078 2393 2141 labetur,
2424 2092 2617 2133 exsors
2643 2079 2772 2132 eris.
2813 2077 2917 2132 Sed
2948 2094 3124 2146 neque
3154 2079 3404 2147 angustis
3429 2078 3734 2132 hisﬁuibus

449 2170 554 2220 οὐκ
591 2170 650 2219 ἐν
677 2168 887 2231 τούτοις
913 2169 969 2220 δὲ
995 2171 1062 2220 τὰ
1092 2171 1188 2238 τῆς
1229 2170 1418 2239 φήμης
1439 2169 1750 2239 στήσεταις,
1785 2169 1918 2222 ἀλλά
1943 2169 2041 2237 τῆς

448 2260 700 2329 δεήσεως
743 2277 836 2312 σου
885 2261 912 2312 ὁ
955 2262 1165 2331 καρπὸς
1211 2263 1368 2330 καὶή
1409 2264 1507 2330 τῆς
1542 2261 1756 2330 φύσεως
1789 2260 2042 2331 εὐφορία,

449 2354 513 2405 οὺ
547 2354 711 2422 μόνον
747 2354 900 2423 ἐντῷ
939 2353 1210 2424 Ἰσραὴλῆ
1240 2357 1296 2406 ὲν
1329 2357 1440 2415 τοῖς
1477 2353 1848 2423 συμφυλέταις
1880 2354 2046 2424 λαλη-

451 2446 690 2514 θήσεται
733 2446 828 2498 καὶ
865 2445 1360 2516 μεγαλυνθήσεται,
1389 2446 1504 2500 ἀλλ’
1539 2447 1596 2496 ἐν
1623 2445 1717 2515 ὅλῃ
1757 2445 2047 2515 διαϐοηθῆ-

455 2555 618 2590 σεται
649 2541 717 2608 τῇ
747 2539 1066 2609 οἰκουμένῃ,
1099 2539 1156 2589 ἐν
1196 2537 1480 2606 βασιλεῦσι
1527 2539 1614 2592 καὶ
1646 2538 1961 2601 δυνάσταις,
1991 2540 2046 2590 ὲν

454 2630 668 2700 ἱερεῦσι
720 2630 813 2683 καὶ
863 2630 1120 2697 δικαίοις,
1162 2633 1219 2683 ὲν
1264 2631 1678 2700 πολυγλώσσοις
1718 2631 1952 2695 ἔθνεσιν,
1991 2634 2049 2684 ὲν

457 2725 646 2793 σοφοῖς
683 2724 775 2774 καὶ
806 2724 1052 2790 ἀσόφοις,
1088 2726 1146 2776 ἐν
1181 2722 1460 2787 τοσούτοις
1488 2726 1515 2777 ό
1556 2724 1646 2786 σὸς
1678 2724 2049 2794 λαληθήσεται

462 2815 698 2883 καρπὸς,
744 2814 839 2866 καὶ
881 2819 959 2876 εἰς
1000 2815 1272 2868 τοσούτων
1305 2814 1589 2885 διηχηθεὶς
1631 2813 2049 2876 ἀκοὰς,καταλ-

471 2906 640 2974 “fl-0);
665 2910 782 2970 τοῖς
804 2907 1030 2971 οἰκείοις
1061 2908 1531 2980 μεγαλυνθήσεται
1562 2907 1907 2978 παραδέξοις.

542 3016 635 3072 ll".
667 3019 778 3072 Καὶ
807 3019 980 3072 ταῦτα
1017 3021 1114 3090 μὲν
1153 3025 1180 3074 ὁ
1215 3021 1467 3091 ἅγγελος.
1499 3019 1666 3090 Τίό’ἡ
1696 3019 1942 3089 μακαρία
1960 3019 2055 3074 καὶ

468 3112 848 3184 μεγαλόψυχος
899 3117 1111 3184 Ἀννα;
1152 3113 1277 3170 Οἶον
1331 3117 1626 3185 ἀντίδωρον
1680 3115 1757 3185 τῷ
1797 3113 2055 3183 τοιαύτην

462 3207 835 3278 παρεχομένῳ
883 3209 1101 3263 δίδωσιν
1140 3210 1433 3277 εὐλογίαν;
1473 3211 1590 3272 οἵας
1635 3210 1727 3262 τὸν
1759 3207 2056 3279 εὐεργέτην

461 3296 761 3365 ἀμείϐεται
819 3301 938 3362 ταῖς
970 3301 1230 3374 δωρεαῖς;
1266 3302 1387 3364 οἵας
1423 3302 1522 3363 τὰς
1568 3302 1667 3371 τῆς
1702 3300 2055 3372 εὐχαριστίας

2149 2173 2288 2224 fama
2328 2170 2404 2224 tui
2431 2169 2671 2224 nominis
2701 2170 3112 2232 continebitur;
3147 2185 3325 2239 neque
3361 2185 3581 2239 precum
3618 2179 3735 2222 tua-

2148 2279 2268 2318 rum
2306 2263 2517 2318 fruetus
2543 2277 2606 2317 ac
2639 2273 2847 2318 natum
2878 2262 3182 2316 fecunditas
3232 2262 3285 2315 in
3315 2262 3510 2316 lsraele
3561 2261 3734 2314 solum

2149 2371 2213 2411 ac
2235 2357 2376 2410 inter
2409 2355 2749 2411 contribules
2783 2365 2905 2409 tuos
2962 2354 3334 2410 celebrabitur
3368 2369 3431 2407 ac
3487 2353 3736 2420 magnifi-

2148 2450 2396 2515 cabitur;
2424 2449 2588 2503 sedin
2624 2447 2879 2501 universa
2922 2456 3085 2509 terra,
3141 2447 3280 2500 inter
3320 2461 3474 2516 reges
3501 2454 3556 2499 et
3582 2446 3730 2514 prin-

2151 2541 2322 2609 cipes,
2351 2540 2492 2593 inter
2523 2538 2838 2593 sacerdotes
2890 2548 2944 2600 et
2993 2542 3192 2606 justos,
3249 2537 3392 2591 inter
3443 2539 3735 2589 multarum

2152 2632 2462 2700 linguarum
2491 2641 2701 2700 gentes,
2738 2629 2883 2683 inter
2907 2632 3094 2683 doctos
3128 2638 3182 2682 et
3238 2629 3489 2682 indoctos
3521 2626 3738 2697 procla-

2154 2721 2424 2786 mabitur;
2471 2731 2551 2777 tot
2587 2723 2731 2775 inter
2755 2736 2819 2774 ac
2851 2731 3033 2776 tantos
3063 2720 3278 2774 fructus
3320 2721 3408 2773 hic
3441 2730 3568 2773 tuus
3601 2734 3741 2787 prae-

2153 2814 2444 2882 dicabitur,
2460 2825 2513 2869 ct
2537 2816 2588 2868 in
2618 2823 2693 2869 tot
2712 2829 2874 2868 aures
2894 2829 3194 2882 personans
3209 2811 3476 2882 condigna
3495 2814 3738 2866 omnium

2154 2909 2524 2964 admiratione
2560 2909 2813 2964 certatim
2847 2909 3310 2978 magnificabitur.

2227 3023 2370 3078 Xlil.
2413 3023 2536 3078 "me
2565 3023 2811 3092 augt-lus.
2845 3023 2986 3089 Quid
3043 3037 3172 3078 vero
3203 3022 3360 3076 beata
3414 3022 3503 3074 il.a
3535 3036 3596 3075 ac
3628 3034 3746 3073 ma-

2157 3117 2412 3188 gnanima
2435 3115 2629 3168 Anna?
2665 3113 2952 3179 Quodnam
3003 3122 3208 3168 tantam
3268 3112 3371 3168 sibi
3410 3111 3746 3165 benedictio-

2159 3224 2282 3262 nem
2318 3206 2568 3277 largienti
2629 3205 2876 3273 rependit
2921 3204 3168 3258 donum?
3207 3217 3456 3274 qmeuam
3521 3201 3746 3257 benefa-

2160 3301 2323 3354 cienti
2360 3313 2585 3352 munera
2621 3295 2911 3350 retribuit?
2941 3311 3189 3366 qurenam
3216 3297 3351 3364 grati
3383 3293 3550 3348 animi
3588 3295 3744 3348 holo-

460 3387 882 3456 ὀλοκαρπώσεις
954 3392 1258 3464 ἀναφέρειν
1328 3391 1883 3461 κατεπαγγέλλεται;
1956 3391 2054 3444 οὐκ

2163 3399 2348 3446 causta
2406 3388 2710 3443 oblaturam
2757 3402 2815 3441 se
2881 3383 3210 3454 pollicetur?
3262 3381 3378 3436 Non
3433 3383 3745 3452 opulentum

464 3475 844 3547 ἀναθημάτων
895 3479 1273 3546 πολυτέλειαν,
1329 3485 1387 3534 οὐ
1417 3483 1487 3534 τα
1535 3483 1593 3547 ἐξ
1637 3482 1848 3550 ἀλόγων
1903 3479 2056 3544 ζώων

466 3567 717 3635 θύματα,
754 3571 814 3622 οὐ
856 3571 1086 3642 καρπῶν
1133 3575 1410 3644 ἀπαρχὰς,
1447 3575 1546 3626 οὐκ
1586 3575 1714 3628 ἄλλο
1743 3591 1792 3626 τι
1824 3573 1933 3625 τῶν
1961 3574 2055 3624 ἀν·

463 3665 914 3732 τεισφερομένων
961 3666 1442 3736 καλλιερημάτων,
1475 3666 1590 3719 ἀλλ’
1638 3666 1809 3735 αὐτὴν
1843 3665 1942 3735 τὴν
1982 3664 2059 3716 δι-

466 3753 709 3825 δομένην
756 3757 891 3828 αὐτῇ
942 3761 1326 3831 καρποςορίαν
1379 3760 1478 3828 τῆς
1527 3759 1774 3828 φύσεως·
1828 3760 1962 3813 αὐτὸ
1998 3759 2060 3812 τὸ

464 3846 730 3900 εὐκταῖον
782 3851 876 3904 καὶ
937 3850 1174 3919 ποθητὸν
1230 3855 1368 3922 αὐτῇ
1434 3853 1746 3923 βλάστημα,
1804 3853 1946 3924 ὑπὲρ
1998 3847 2060 3908 οὗ

471 3937 774 4003 εὐαγώνιοι
817 3943 1130 4013 καρτερίαι,
1163 3945 1302 4015 ὑπὲρ
1347 3938 1406 3998 οὗ
1442 3945 1693 4015 ὲπίμονοι
1723 3945 1936 4015 δεήσεις
1969 3946 2061 3998 xal.

471 4029 676 4100 δαψιλῆ
721 4037 1050 4103 κατεχέοντο
1077 4035 1310 4106 δάκρυα,
1357 4039 1450 4090 καὶ
1488 4036 1787 4107 ὑπεροψίαι
1816 4037 1926 4090 τῶν
1975 4037 2063 4090 εὑ-

474 4121 674 4175 παθείν
716 4127 1246 4193 παρασκευαζόντων
1278 4129 1559 4183 ἁπάντων.

548 4299 635 4369 Ζῇ
660 4301 791 4370 γὰρ,
827 4306 982 4374 φησὶ,
1011 4306 1276 4373 Κύριος-ό
1303 4307 1451 4373 Θεός
1464 4325 1584 4376 μου
1611 4323 1625 4338 °
1657 4307 1766 4359 ἐὰν
1786 4306 2064 4376 γειννιὶσω

475 4397 600 4449 εἴτε
625 4394 816 4462 ἄρσεν
831 4399 887 4450 sl
893 4416 952 4450 τε
975 4398 1155 4465 θῆλυ,
1181 4400 1466 4468 προσάξω
1495 4401 1641 4454 αὐτὸ
1661 4399 1855 4468 δῶρον
1868 4401 2066 4468 Κυρίῳ

482 4487 564 4554 τῷ
615 4489 737 4555 Θεῷ
760 4508 900 4559 μου,
924 4492 1022 4545 καὶ
1043 4493 1216 4547 ἔσται
1248 4492 1642 4563 λειτουργοῦν
1666 4493 1828 4560 αὐτῷ
1857 4493 2062 4559 πάσας

478 4583 591 4646 τὰς
628 4581 872 4650 ἡμέρας.
906 4583 1052 4652 Ὅρα
1077 4585 1169 4638 τὸν
1203 4585 1340 4655 πρὸς
1372 4585 1504 4638 Θεὸν
1535 4585 1636 4652 τῆς
1697 4586 1899 4655 Ἀννης
1952 4583 2070 4637 διά-

481 4695 658 4748 πυρον
692 4678 854 4732 πόθον
890 4696 902 4707 ·
935 4680 1036 4749 ὅρα.
1064 4681 1163 4749 τὴν
1189 4679 1641 4751 ὑπερϐάλλουσαν
1665 4679 1836 4748 αὐτῆς
1891 4695 2069 4749 μεγα-

2161 3487 2430 3543 donorum
2466 3483 2701 3550 copiam,
2735 3498 2840 3537 non
2877 3497 2941 3535 ex
2992 3480 3462 3535 irratiOuabilibus
3496 3480 3751 3532 animau-

2162 3581 2309 3634 tibus
2343 3577 2638 3638 sacrificia,
2673 3590 2779 3629 non
2829 3573 3108 3628 fructuum
3143 3572 3433 3641 primitias,
3463 3587 3570 3624 non
3604 3571 3748 3624 aliud

2163 3673 2441 3742 quidpiam
2477 3685 2690 3732 eorum,
2721 3684 2842 3738 qua:
2867 3667 2920 3719 in
2947 3665 3244 3734 gratiarum
3279 3668 3525 3719 actiones
3562 3663 3748 3718 offerri

2164 3765 2448 3828 solebant;
2480 3763 2572 3818 sed
2605 3761 2780 3831 ipsum
2815 3759 2918 3813 sibi
2947 3758 3207 3812 donatum
3245 3768 3452 3812 naturae
3489 3756 3750 3818 fructum,

2165 3857 2295 3912 illud
2344 3855 2521 3926 ipsum
2577 3862 2889 3919 exoptatum
2952 3865 3016 3904 ac
3058 3848 3430 3904 desideratum
3492 3849 3561 3902 ab
3633 3850 3750 3918 ipsa

2166 3965 2410 4020 germen,
2465 3963 2562 4017 pro
2594 3961 2703 4016 quo
2745 3945 3036 3999 laboriosae
3086 3942 3336 4011 corporis
3364 3940 3752 3994 aﬂlictatioues

2165 4049 2451 4109 susceptaz,
2510 4052 2606 4107 pro
2656 4051 2766 4107 quo
2826 4035 3058 4089 assidam
3091 4047 3279 4103 preces
3334 4041 3496 4103 atque
3559 4034 3754 4086 uberes

2167 4131 2404 4202 profusae
2431 4130 2702 4200 lacrymze,
2729 4137 2780 4182 et
2837 4127 2991 4197 cujus
3023 4127 3191 4196 gratia
3224 4125 3450 4194 reliqua,
3515 4142 3634 4194 qum
3667 4124 3756 4193 ju-

2169 4223 2400 4277 cundam
2425 4235 2747 4288 comparare
2780 4231 3004 4289 possent
3030 4218 3217 4280 vitam,
3254 4217 3496 4287 neglecta
3519 4217 3754 4272 fuerant.

2253 4309 2387 4364 Vivit
2436 4311 2596 4372 enim,
2645 4309 2844 4377 inquit,
2911 4309 3168 4362 Dominus
3224 4307 3366 4361 Deus
3412 4324 3603 4373 meus;
3653 4308 3758 4360 sive

2170 4403 2464 4457 masculum
2492 4419 2736 4472 peperere
2788 4404 2894 4456 sive
2931 4403 3210 4470 feminam.
3257 4403 3394 4456 illud
3427 4404 3598 4470 ipsum
3635 4402 3758 4470 olfe-

2171 4511 2285 4547 ram
2314 4497 2512 4547 donum
2548 4492 2776 4545 Domino
2811 4491 2917 4544 Deo
2942 4509 3053 4546 meo
3080 4510 3096 4547 .'
3129 4505 3174 4547 et
3202 4493 3303 4546 erit
3336 4491 3418 4544 illi
3448 4491 3759 4543 ministrans

2172 4589 2413 4642 omnibus
2439 4587 2646 4640 diebus.
2704 4587 2834 4640 Vide
2894 4586 3208 4640 ferventem
3251 4587 3421 4638 Annae
3473 4586 3525 4637 in
3591 4583 3756 4635 Deum

2173 4681 2450 4746 affectum,
2489 4681 2610 4736 vide
2647 4681 2975 4734 eminentem
3016 4679 3188 4747 ipsius
3220 4675 3752 4746 ui:ignauiinitatem,

482 4770 750 4840 λοψυχίαν
786 4788 799 4800 ·
836 4772 938 4841 ὅρα
963 4773 1112 4832 ὅπως
1140 4772 1229 4824 διὰ
1260 4774 1358 4841 τῆς
1400 4771 1572 4844 παρού
1587 4789 1680 4842 της
1710 4769 2067 4843 ἀφιερώσεως

2179 4774 2299 4830 vide
2334 4775 2610 4844 quomodo
2633 4788 2729 4842 per
2753 4771 3020 4840 ejusmodi
3055 4770 3387 4822 oblationem
3423 4765 3759 4823 exteriorum

487 4870 584 4920 καὶ
614 4868 712 4938 τὴν
743 4868 993 4936 ἀφθόνως
1024 4867 1143 4937 Θεῴ
1168 4868 1278 4920 τῶν
1302 4869 1459 4931 tua;
1493 4868 1915 4938 προσαγομένην
1943 4884 2079 4936 καρ-

488 4959 760 5027 ποφορίαν
830 4959 1131 5022 ὑπέδειξεν.
1162 4959 1223 5011 Εἰ
1255 4961 1363 5030 γὰρ
1399 4961 1500 5030 τὴν
1531 4959 1818 5028 διδομένην
1847 4959 1944 5027 τῆς
1979 4956 2050 5026 φύ

565 5099 1253 5171 ῌΞ-λ16)ῐ)ειι·ιιεΑι·εἰνιιε,
1275 5109 1527 5171 naturam
1551 5099 1842 5153 humanam
1861 5097 2071 5171 inducit

494 5169 692 5242 gaudio
713 5172 1056 5236 gestientem.
1090 5172 1236 5240 quod
1288 5186 1414 5242 cum
1444 5170 1508 5242 ad
1537 5184 1654 5222 eam
1696 5184 1871 5242 usque
1905 5169 2068 5242 diem,

495 5239 602 5311 uua
627 5240 850 5294 Mariam
885 5239 1129 5307 protulit,
1168 5241 1374 5295 sterilis
1429 5240 1622 5311 luisset
1663 5257 1726 5293 ac
1765 5239 2070 5311 maledicta,

496 5310 686 5382 utpote
749 5327 870 5378 quae
927 5314 1134 5365 nullum
1210 5315 1435 5382 bonum
1468 5310 1728 5382 frtirturn,
1760 5310 1852 5363 sed
1890 5311 2076 5376 Spinas

495 5393 712 5435 tantum
769 5397 833 5434 ac
887 5383 1140 5445 tribulos,
1189 5383 1328 5435 lilios
1364 5381 1574 5434 scilicet
1629 5381 1757 5432 vitio
1787 5389 2078 5445 corruptos

495 5455 758 5512 tiedlSst'l,
799 5467 945 5504 nunc
985 5454 1197 5505 tamiem
1257 5465 1473 5516 germen
1527 5451 1816 5518 optimmn,
1853 5449 2074 5501 Mariam

496 5524 1016 5590 neiupecommuuis
1053 5525 1196 5576 illius
1211 5521 1450 5587 coulagii
1476 5529 1749 5587 expertem
1777 5521 2079 5588 genuinas-

496 5603 601 5647 set.
635 5592 753 5646 Non
780 5593 1085 5645 absimilem
1117 5608 1278 5662 porro
1301 5593 1568 5644 hic-babes
1591 5592 1945 5662 sententiam,
1981 5591 2074 5641 ubi

498 5665 726 5728 Deipara
789 5677 884 5715 ceu
916 5665 1072 5715 unica
1097 5668 1262 5716 totius
1288 5663 1476 5715 mutuli
1507 5664 1725 5713 ubertas
1766 5661 2078 5713 exhibetur.

571 5734 684 5803 (Π)
720 5732 1007 5787 Manifeslo
1064 5735 1149 5786 hic
1192 5750 1250 5788 se
1301 5733 1484 5803 prodit
1514 5730 1798 5783 antithesis
1832 5730 1920 5782 illa
1969 5740 2076 5782 tam

500 5820 644 5872 saepe
680 5820 732 5856 in
763 5804 982 5871 scriptis
1011 5814 1325 5857 sanctorum
1365 5802 1586 5855 Patrum
1623 5815 1928 5862 recurrens,
1971 5814 2076 5866 qua

510 5873 745 5943 Virginis
811 5874 1053 5938 Dciparte
1087 5875 1330 5927 conditio
1366 5889 1396 5926 a
1446 5873 1780 5943 reliqmrruut
1826 5872 2073 5943 omnium

504 5941 818 5998 mortalium
865 5945 1182 5997 conditione
1219 5945 1544 5999 secernitur.
1597 5941 1896 5994 Exhibetur
1927 5941 2072 5992 enim

507 6014 668 6072 Maria
701 6025 961 6083 tanquam
989 6029 1048 6070 os
1072 6024 1124 6071 ct
1159 6025 1383 6085 patrona
1403 6028 1587 6070 eorum
1607 6014 1697 6082 qui
1730 6026 1840 6082 pra:
1871 6011 2080 6081 pudore

2177 4883 2396 4937 quoque
2437 4881 2620 4922 rerum
2690 4865 2938 4919 omnium
2972 4863 3186 4930 cupiam
3239 4875 3296 4913 se
3326 4859 3438 4912 Deo
3467 4856 3763 4910 liberaliter

2178 4957 2377 5014 offerre
2433 4955 2850 5010 demonstravit.
2913 4953 3124 5007 Etenim
3198 4952 3240 5005 si
3283 4964 3602 5004 concessam
3656 4949 3758 5002 sibi

2172 5105 2357 5150 reatus
2392 5095 2600 5148 vultum
2627 5092 2874 5146 attollere
2902 5106 2964 5143 ac
2992 5087 3155 5141 verba
3189 5086 3366 5140 facere
3398 5085 3765 5152 prohibeban-

2173 5176 2282 5219 tur.
2322 5166 2550 5220 Reatum
2574 5179 2737 5232 porro
2756 5163 2840 5214 hic
2859 5159 3267 5232 intelligendum
3291 5173 3432 5216 esse,
3455 5157 3548 5232 qui
3576 5172 3767 5210 omnes

2176 5237 2394 5297 afﬁciet,
2457 5227 2665 5304 liquido
2725 5244 2888 5302 patet.
2932 5242 3043 5284 tum
3087 5231 3212 5304 qiua
3239 5238 3448 5304 natura?
3483 5227 3760 5304 ltuinuuw.

2176 5323 2299 5375 quae
2331 5299 2581 5361 homines
2609 5299 2740 5357 sane
2770 5318 2980 5375 omnes
3004 5302 3408 5375 couiplectitm,
3444 5315 3499 5350 os
3531 5299 3761 5375 lleipaza

2179 5370 2512 5447 appellatur;
2550 5386 2662 5428 tum
2683 5375 2809 5443 quia
2845 5377 2945 5425 hoc
2970 5373 3083 5440 ipsa
3115 5370 3466 5447 reiadjuncta
3496 5371 3719 5447 exigunt
3753 5386 3765 5421 :

2186 5441 2346 5505 secus
2385 5449 2531 5501 enim
2579 5447 2666 5498 alii
2703 5441 2906 5498 essent
2943 5451 3147 5510 praeter
3187 5441 3432 5500 Marium,
3478 5455 3505 5490 τι
3565 5442 3767 5510 quibus

2190 5520 2364 5587 pudor
2418 5525 2604 5572 reatus
2635 5517 2872 5569 abesset.
2913 5509 2987 5587 At
3019 5516 3068 5564 ιο
3107 5509 3301 5587 Nullus
3334 5519 3416 5564 est
3455 5509 3766 5559 communis

2181 5583 2427 5642 oiuuium
2464 5598 2670 5650 reatus,
2714 5587 2816 5639 nisi
2846 5585 3052 5639 erimcn
3083 5597 3147 5636 ex
3179 5583 3354 5650 primo
3388 5587 3611 5646 parente
3645 5592 3769 5650 [uio-

2180 5669 2460 5728 pagatum.
2497 5647 2867 5728 2°7Siquidcm
2929 5647 3398 5728 Deipara‘codeiu
3434 5655 3585 5728 reatu
3629 5647 3769 5724 obli-

2177 5714 2297 5796 gata
2321 5729 2533 5792 fuisset,
2564 5714 2684 5796 jauf
2710 5737 2762 5778 et
2804 5727 2919 5794 ipsa
2947 5714 3222 5796 intercus,
3251 5719 3451 5787 quibus
3482 5714 3658 5796 pudor
3692 5715 3768 5796 sig

2179 5785 2400 5853 Teutium
2455 5785 2748 5858 indicebat,
2793 5785 3106 5866 necessario
3152 5785 3484 5866 νει-έιιιζοιιιιυ.
3535 5785 3672 5866 Ergo
3712 5792 3764 5833 et

2175 5885 2272 5938 per
2307 5871 2420 5924 haec
2465 5884 2495 5923 a
2527 5854 2807 5923 communi
2847 5865 3092 5922 omnium
3143 5867 3294 5913 reatu
3331 5857 3568 5925 Deipara
3601 5854 3654 5907 V?
3686 5868 3762 5923 ἐυ

2175 5941 2439 5997 immunis
2467 5939 2806 5995 declaratur.
