  <div class='ocr_page' id='page_1' title='image "/cluster/home/n/w/nwhite01/storage/ocr_20150623/127/coo.31924054870328/289.png"; bbox 0 0 4104 6440; ppageno 0'>
   <div class='ocr_carea' id='block_1_1' title="bbox 400 526 506 593">
    <p class='ocr_par' dir='ltr' id='par_1_1' title="bbox 400 526 506 593">
     <span class='ocr_line' id='line_1_1' title="bbox 400 526 506 593; baseline 0.009 -1"><span class='ocrx_word' id='word_1_1' title='bbox 400 526 506 593; x_wconf 69' lang='lat'><strong>563</strong></span> 
     </span>
    </p>
   </div>
   <div class='ocr_carea' id='block_1_2' title="bbox 1682 527 2335 591">
    <p class='ocr_par' dir='ltr' id='par_1_2' title="bbox 1682 527 2335 591">
     <span class='ocr_line' id='line_1_2' title="bbox 1682 527 2335 591; baseline 0.005 -4"><span class='ocrx_word' id='word_1_2' title='bbox 1682 527 1943 587; x_wconf 69' lang='lat' dir='ltr'><strong>JACOBI</strong></span> <span class='ocrx_word' id='word_1_3' title='bbox 1990 528 2335 591; x_wconf 84' lang='lat' dir='ltr'><strong>MONACHI</strong></span> 
     </span>
    </p>
   </div>
   <div class='ocr_carea' id='block_1_3' title="bbox 3554 525 3662 591">
    <p class='ocr_par' dir='ltr' id='par_1_3' title="bbox 3554 525 3662 591">
     <span class='ocr_line' id='line_1_3' title="bbox 3554 525 3662 591; baseline 0.056 -6"><span class='ocrx_word' id='word_1_4' title='bbox 3554 525 3662 591; x_wconf 67' lang='grc'><strong>564</strong></span> 
     </span>
    </p>
   </div>
   <div class='ocr_carea' id='block_1_4' title="bbox 401 635 1987 712">
    <p class='ocr_par' dir='ltr' id='par_1_4' title="bbox 401 635 1976 706">
     <span class='ocr_line' id='line_1_4' title="bbox 401 635 1976 706; baseline 0.001 -15"><span class='ocrx_word' id='word_1_5' title='bbox 401 645 613 692; x_wconf 79' lang='lat' dir='ltr'><strong>natura:</strong></span> <span class='ocrx_word' id='word_1_6' title='bbox 637 635 1096 701; x_wconf 70' lang='lat' dir='ltr'><strong>benedictionem,</strong></span> <span class='ocrx_word' id='word_1_7' title='bbox 1128 637 1171 692; x_wconf 88' lang='lat' dir='ltr'><strong>si</strong></span> <span class='ocrx_word' id='word_1_8' title='bbox 1208 636 1375 692; x_wconf 88' lang='lat' dir='ltr'><strong>animi</strong></span> <span class='ocrx_word' id='word_1_9' title='bbox 1414 637 1662 706; x_wconf 78' lang='lat' dir='ltr'><strong>delicias,</strong></span> <span class='ocrx_word' id='word_1_10' title='bbox 1695 640 1976 694; x_wconf 85' lang='lat' dir='ltr'><strong>laborum-</strong></span> 
     </span>
    </p>
   </div>
   <div class='ocr_carea' id='block_1_5' title="bbox 2089 635 3660 712">
    <p class='ocr_par' dir='ltr' id='par_1_5' title="bbox 2089 638 3660 712">
     <span class='ocr_line' id='line_1_5' title="bbox 2089 638 3660 712; baseline 0.001 -19"><span class='ocrx_word' id='word_1_11' title='bbox 2089 657 2219 705; x_wconf 82' lang='grc' dir='ltr'>σεως</span> <span class='ocrx_word' id='word_1_12' title='bbox 2248 640 2516 709; x_wconf 85' lang='grc' dir='ltr'>εὐλογίαν,</span> <span class='ocrx_word' id='word_1_13' title='bbox 2548 643 2726 712; x_wconf 70' lang='grc' dir='ltr'>ψυχῆς</span> <span class='ocrx_word' id='word_1_14' title='bbox 2773 658 2833 695; x_wconf 86' lang='grc' dir='ltr'><strong>τε</strong></span> <span class='ocrx_word' id='word_1_15' title='bbox 2890 639 3158 711; x_wconf 86' lang='grc' dir='ltr'>εὐθυμίαν</span> <span class='ocrx_word' id='word_1_16' title='bbox 3192 639 3289 694; x_wconf 81' lang='grc' dir='ltr'>καὶ</span> <span class='ocrx_word' id='word_1_17' title='bbox 3317 638 3430 693; x_wconf 84' lang='grc' dir='ltr'><strong>τῶν</strong></span> <span class='ocrx_word' id='word_1_18' title='bbox 3477 641 3660 697; x_wconf 77' lang='grc' dir='ltr'>πόνων</span> 
     </span>
    </p>
   </div>
   <div class='ocr_carea' id='block_1_6' title="bbox 399 727 1974 799">
    <p class='ocr_par' dir='ltr' id='par_1_6' title="bbox 399 727 1974 799">
     <span class='ocr_line' id='line_1_6' title="bbox 399 727 1974 799; baseline 0.001 -16"><span class='ocrx_word' id='word_1_19' title='bbox 399 744 508 799; x_wconf 89' lang='lat' dir='ltr'><strong>que</strong></span> <span class='ocrx_word' id='word_1_20' title='bbox 535 728 791 782; x_wconf 74' lang='lat' dir='ltr'><strong>solatium</strong></span> <span class='ocrx_word' id='word_1_21' title='bbox 845 735 957 781; x_wconf 90' lang='lat' dir='ltr'><strong>tam</strong></span> <span class='ocrx_word' id='word_1_22' title='bbox 1013 727 1242 783; x_wconf 76' lang='lat' dir='ltr'><strong>ferventi</strong></span> <span class='ocrx_word' id='word_1_23' title='bbox 1287 731 1567 799; x_wconf 84' lang='lat' dir='ltr'><strong>proposito</strong></span> <span class='ocrx_word' id='word_1_24' title='bbox 1604 729 1710 785; x_wconf 90' lang='lat' dir='ltr'><strong>Deo</strong></span> <span class='ocrx_word' id='word_1_25' title='bbox 1756 731 1974 797; x_wconf 89' lang='lat' dir='ltr'><strong>obtulit,</strong></span> 
     </span>
    </p>
   </div>
   <div class='ocr_carea' id='block_1_7' title="bbox 400 817 1980 890">
    <p class='ocr_par' dir='ltr' id='par_1_7' title="bbox 400 817 1980 890">
     <span class='ocr_line' id='line_1_7' title="bbox 400 817 1980 890; baseline 0.001 -17"><span class='ocrx_word' id='word_1_26' title='bbox 400 817 750 889; x_wconf 90' lang='lat' dir='ltr'><strong>quandonam</strong></span> <span class='ocrx_word' id='word_1_27' title='bbox 828 818 1044 874; x_wconf 67' lang='lat' dir='ltr'><strong>caeteris</strong></span> <span class='ocrx_word' id='word_1_28' title='bbox 1101 819 1303 873; x_wconf 87' lang='lat' dir='ltr'><strong>creatis</strong></span> <span class='ocrx_word' id='word_1_29' title='bbox 1370 820 1536 874; x_wconf 86' lang='lat' dir='ltr'>rebus</span> <span class='ocrx_word' id='word_1_30' title='bbox 1603 820 1980 890; x_wconf 79' lang='lat' dir='ltr'><strong>pepercisset?</strong></span> 
     </span>
    </p>
   </div>
   <div class='ocr_carea' id='block_1_8' title="bbox 399 909 1975 981">
    <p class='ocr_par' dir='ltr' id='par_1_8' title="bbox 399 909 1975 981">
     <span class='ocr_line' id='line_1_8' title="bbox 399 909 1975 981; baseline 0.001 -18"><span class='ocrx_word' id='word_1_31' title='bbox 399 911 725 980; x_wconf 82' lang='lat' dir='ltr'><strong>Quanquam</strong></span> <span class='ocrx_word' id='word_1_32' title='bbox 783 920 837 965; x_wconf 87' lang='lat' dir='ltr'><strong>et</strong></span> <span class='ocrx_word' id='word_1_33' title='bbox 897 910 1071 965; x_wconf 87' lang='lat' dir='ltr'><strong>sacris</strong></span> <span class='ocrx_word' id='word_1_34' title='bbox 1111 909 1333 965; x_wconf 77' lang='lat' dir='ltr'><strong>Litteris</strong></span> <span class='ocrx_word' id='word_1_35' title='bbox 1371 911 1621 981; x_wconf 87' lang='lat' dir='ltr'><strong>nuspiam</strong></span> <span class='ocrx_word' id='word_1_36' title='bbox 1664 919 1975 981; x_wconf 88' lang='lat' dir='ltr'><strong>appareret,</strong></span> 
     </span>
    </p>
   </div>
   <div class='ocr_carea' id='block_1_9' title="bbox 399 998 1975 1056">
    <p class='ocr_par' dir='ltr' id='par_1_9' title="bbox 399 998 1975 1056">
     <span class='ocr_line' id='line_1_9' title="bbox 399 998 1975 1056; baseline 0.001 -3"><span class='ocrx_word' id='word_1_37' title='bbox 399 1009 526 1055; x_wconf 86' lang='lat' dir='ltr'><strong>voto</strong></span> <span class='ocrx_word' id='word_1_38' title='bbox 585 1007 681 1054; x_wconf 90' lang='lat' dir='ltr'><strong>aut</strong></span> <span class='ocrx_word' id='word_1_39' title='bbox 744 1000 1160 1055; x_wconf 76' lang='lat' dir='ltr'><strong>consecratione</strong></span> <span class='ocrx_word' id='word_1_40' title='bbox 1217 998 1474 1055; x_wconf 79' lang='lat' dir='ltr'><strong>feminam</strong></span> <span class='ocrx_word' id='word_1_41' title='bbox 1544 999 1654 1056; x_wconf 89' lang='lat' dir='ltr'><strong>Deo</strong></span> <span class='ocrx_word' id='word_1_42' title='bbox 1735 1001 1975 1055; x_wconf 80' lang='lat' dir='ltr'><strong>oblatam</strong></span> 
     </span>
    </p>
   </div>
   <div class='ocr_carea' id='block_1_10' title="bbox 402 1091 1977 1162">
    <p class='ocr_par' dir='ltr' id='par_1_10' title="bbox 402 1091 1977 1162">
     <span class='ocr_line' id='line_1_10' title="bbox 402 1091 1977 1162; baseline -0.001 -14"><span class='ocrx_word' id='word_1_43' title='bbox 402 1093 594 1157; x_wconf 84' lang='lat' dir='ltr'><strong>fuisse,</strong></span> <span class='ocrx_word' id='word_1_44' title='bbox 620 1092 859 1147; x_wconf 82' lang='lat' dir='ltr'><strong>maxime</strong></span> <span class='ocrx_word' id='word_1_45' title='bbox 885 1107 1016 1146; x_wconf 89' lang='lat' dir='ltr'><strong>vero</strong></span> <span class='ocrx_word' id='word_1_46' title='bbox 1058 1107 1179 1162; x_wconf 74' lang='lat' dir='ltr'><strong>qure</strong></span> <span class='ocrx_word' id='word_1_47' title='bbox 1233 1091 1284 1146; x_wconf 87' lang='lat' dir='ltr'><strong>in</strong></span> <span class='ocrx_word' id='word_1_48' title='bbox 1324 1092 1526 1161; x_wconf 86' lang='lat' dir='ltr'><strong>templo</strong></span> <span class='ocrx_word' id='word_1_49' title='bbox 1552 1107 1832 1147; x_wconf 86' lang='lat' dir='ltr'><strong>sacrarum</strong></span> <span class='ocrx_word' id='word_1_50' title='bbox 1894 1109 1977 1147; x_wconf 86' lang='lat' dir='ltr'><strong>re-</strong></span> 
     </span>
    </p>
   </div>
   <div class='ocr_carea' id='block_1_11' title="bbox 400 1185 1978 1253">
    <p class='ocr_par' dir='ltr' id='par_1_11' title="bbox 400 1185 1978 1253">
     <span class='ocr_line' id='line_1_11' title="bbox 400 1185 1978 1253; baseline -0.002 -11"><span class='ocrx_word' id='word_1_51' title='bbox 400 1203 520 1243; x_wconf 91' lang='lat' dir='ltr'><strong>rum</strong></span> <span class='ocrx_word' id='word_1_52' title='bbox 581 1186 850 1241; x_wconf 87' lang='lat' dir='ltr'><strong>ministris</strong></span> <span class='ocrx_word' id='word_1_53' title='bbox 881 1194 1402 1250; x_wconf 89' lang='lat' dir='ltr'><strong>connumerarctur;</strong></span> <span class='ocrx_word' id='word_1_54' title='bbox 1433 1186 1550 1253; x_wconf 89' lang='lat' dir='ltr'><strong>ipsa</strong></span> <span class='ocrx_word' id='word_1_55' title='bbox 1595 1192 1773 1238; x_wconf 88' lang='lat' dir='ltr'><strong>tamen</strong></span> <span class='ocrx_word' id='word_1_56' title='bbox 1807 1185 1978 1239; x_wconf 74' lang='lat' dir='ltr'><strong>divini</strong></span> 
     </span>
    </p>
   </div>
   <div class='ocr_carea' id='block_1_12' title="bbox 399 1275 1975 1346">
    <p class='ocr_par' dir='ltr' id='par_1_12' title="bbox 399 1275 1975 1346">
     <span class='ocr_line' id='line_1_12' title="bbox 399 1275 1975 1346; baseline -0.004 -9"><span class='ocrx_word' id='word_1_57' title='bbox 399 1281 602 1337; x_wconf 89' lang='lat' dir='ltr'><strong>amoris</strong></span> <span class='ocrx_word' id='word_1_58' title='bbox 653 1295 882 1335; x_wconf 77' lang='lat' dir='ltr'><strong>excessu</strong></span> <span class='ocrx_word' id='word_1_59' title='bbox 925 1278 1230 1333; x_wconf 87' lang='lat' dir='ltr'><strong>inauditum</strong></span> <span class='ocrx_word' id='word_1_60' title='bbox 1265 1277 1368 1332; x_wconf 88' lang='lat' dir='ltr'><strong>boc</strong></span> <span class='ocrx_word' id='word_1_61' title='bbox 1400 1275 1612 1330; x_wconf 80' lang='lat' dir='ltr'><strong>facinus</strong></span> <span class='ocrx_word' id='word_1_62' title='bbox 1639 1276 1975 1346; x_wconf 80' lang='lat' dir='ltr'><strong>aggreditur,</strong></span> 
     </span>
    </p>
   </div>
   <div class='ocr_carea' id='block_1_13' title="bbox 401 1369 1980 1445">
    <p class='ocr_par' dir='ltr' id='par_1_13' title="bbox 401 1369 1980 1445">
     <span class='ocr_line' id='line_1_13' title="bbox 401 1369 1980 1445; baseline -0.002 -18"><span class='ocrx_word' id='word_1_63' title='bbox 401 1374 739 1445; x_wconf 73' lang='lat' dir='ltr'><strong>prmsignans</strong></span> <span class='ocrx_word' id='word_1_64' title='bbox 784 1372 838 1427; x_wconf 90' lang='lat' dir='ltr'><strong>in</strong></span> <span class='ocrx_word' id='word_1_65' title='bbox 894 1369 1257 1440; x_wconf 88' lang='lat' dir='ltr'><strong>promissione</strong></span> <span class='ocrx_word' id='word_1_66' title='bbox 1308 1385 1507 1424; x_wconf 78' lang='lat' dir='ltr'><strong>novum</strong></span> <span class='ocrx_word' id='word_1_67' title='bbox 1544 1370 1698 1430; x_wconf 72' lang='lat' dir='ltr'><strong>iilud,</strong></span> <span class='ocrx_word' id='word_1_68' title='bbox 1741 1369 1885 1439; x_wconf 91' lang='lat' dir='ltr'><strong>quod</strong></span> <span class='ocrx_word' id='word_1_69' title='bbox 1921 1384 1980 1424; x_wconf 88' lang='lat' dir='ltr'><strong>re</strong></span> 
     </span>
    </p>
   </div>
   <div class='ocr_carea' id='block_1_14' title="bbox 398 1459 1977 1536">
    <p class='ocr_par' dir='ltr' id='par_1_14' title="bbox 398 1459 1977 1536">
     <span class='ocr_line' id='line_1_14' title="bbox 398 1459 1977 1536; baseline -0.006 -16"><span class='ocrx_word' id='word_1_70' title='bbox 398 1467 515 1536; x_wconf 88' lang='lat' dir='ltr'><strong>ipsa</strong></span> <span class='ocrx_word' id='word_1_71' title='bbox 548 1464 792 1519; x_wconf 82' lang='lat' dir='ltr'><strong>futurum</strong></span> <span class='ocrx_word' id='word_1_72' title='bbox 828 1472 964 1517; x_wconf 88' lang='lat' dir='ltr'><strong>erat.</strong></span> <span class='ocrx_word' id='word_1_73' title='bbox 994 1461 1162 1517; x_wconf 84' lang='lat' dir='ltr'><strong>Unica</strong></span> <span class='ocrx_word' id='word_1_74' title='bbox 1197 1462 1341 1515; x_wconf 88' lang='lat' dir='ltr'><strong>enim</strong></span> <span class='ocrx_word' id='word_1_75' title='bbox 1377 1461 1465 1515; x_wconf 87' lang='lat' dir='ltr'><strong>illa</strong></span> <span class='ocrx_word' id='word_1_76' title='bbox 1488 1476 1516 1513; x_wconf 91' lang='lat' dir='ltr'><strong>e</strong></span> <span class='ocrx_word' id='word_1_77' title='bbox 1545 1474 1677 1515; x_wconf 81' lang='lat' dir='ltr'><strong>sexu</strong></span> <span class='ocrx_word' id='word_1_78' title='bbox 1705 1459 1977 1522; x_wconf 80' lang='lat' dir='ltr'><strong>muliebri,</strong></span> 
     </span>
    </p>
   </div>
   <div class='ocr_carea' id='block_1_15' title="bbox 399 1552 1979 1628">
    <p class='ocr_par' dir='ltr' id='par_1_15' title="bbox 399 1552 1979 1628">
     <span class='ocr_line' id='line_1_15' title="bbox 399 1552 1979 1628; baseline -0.003 -19"><span class='ocrx_word' id='word_1_79' title='bbox 399 1572 523 1628; x_wconf 74' lang='lat' dir='ltr'><strong>quae</strong></span> <span class='ocrx_word' id='word_1_80' title='bbox 566 1558 681 1611; x_wconf 89' lang='lat' dir='ltr'><strong>sola</strong></span> <span class='ocrx_word' id='word_1_81' title='bbox 730 1555 986 1625; x_wconf 76' lang='lat' dir='ltr'><strong>primitim</strong></span> <span class='ocrx_word' id='word_1_82' title='bbox 1044 1563 1161 1609; x_wconf 90' lang='lat' dir='ltr'><strong>erat</strong></span> <span class='ocrx_word' id='word_1_83' title='bbox 1216 1562 1426 1608; x_wconf 75' lang='lat' dir='ltr'><strong>natura:</strong></span> <span class='ocrx_word' id='word_1_84' title='bbox 1467 1555 1739 1615; x_wconf 75' lang='lat' dir='ltr'><strong>humanae,</strong></span> <span class='ocrx_word' id='word_1_85' title='bbox 1774 1561 1828 1605; x_wconf 88' lang='lat' dir='ltr'><strong>et</strong></span> <span class='ocrx_word' id='word_1_86' title='bbox 1871 1552 1979 1606; x_wconf 90' lang='lat' dir='ltr'><strong>Deo</strong></span> 
     </span>
    </p>
   </div>
   <div class='ocr_carea' id='block_1_16' title="bbox 400 1644 1976 1717">
    <p class='ocr_par' dir='ltr' id='par_1_16' title="bbox 400 1644 1976 1717">
     <span class='ocr_line' id='line_1_16' title="bbox 400 1644 1976 1717; baseline -0.004 -13"><span class='ocrx_word' id='word_1_87' title='bbox 400 1650 650 1705; x_wconf 83' lang='lat' dir='ltr'><strong>dedicata</strong></span> <span class='ocrx_word' id='word_1_88' title='bbox 669 1647 796 1711; x_wconf 91' lang='lat' dir='ltr'><strong>fuit,</strong></span> <span class='ocrx_word' id='word_1_89' title='bbox 817 1656 871 1701; x_wconf 85' lang='lat' dir='ltr'><strong>et</strong></span> <span class='ocrx_word' id='word_1_90' title='bbox 902 1657 1166 1717; x_wconf 87' lang='lat' dir='ltr'><strong>tanquam</strong></span> <span class='ocrx_word' id='word_1_91' title='bbox 1199 1645 1656 1714; x_wconf 87' lang='lat' dir='ltr'><strong>pretiosissimum</strong></span> <span class='ocrx_word' id='word_1_92' title='bbox 1684 1644 1976 1699; x_wconf 88' lang='lat' dir='ltr'><strong>donarium</strong></span> 
     </span>
    </p>
   </div>
   <div class='ocr_carea' id='block_1_17' title="bbox 399 1737 930 1811">
    <p class='ocr_par' dir='ltr' id='par_1_17' title="bbox 399 1737 930 1811">
     <span class='ocr_line' id='line_1_17' title="bbox 399 1737 930 1811; baseline -0.009 -14"><span class='ocrx_word' id='word_1_93' title='bbox 399 1742 512 1797; x_wconf 87' lang='lat' dir='ltr'><strong>Deo</strong></span> <span class='ocrx_word' id='word_1_94' title='bbox 549 1740 759 1797; x_wconf 78' lang='lat' dir='ltr'><strong>reddita</strong></span> <span class='ocrx_word' id='word_1_95' title='bbox 794 1740 840 1811; x_wconf 81' lang='lat' dir='ltr'><strong>(l</strong></span> <span class='ocrx_word' id='word_1_96' title='bbox 852 1737 930 1809; x_wconf 91' lang='grc'><strong>8).</strong></span> 
     </span>
    </p>
   </div>
   <div class='ocr_carea' id='block_1_18' title="bbox 476 1849 1978 1922">
    <p class='ocr_par' dir='ltr' id='par_1_18' title="bbox 476 1849 1978 1922">
     <span class='ocr_line' id='line_1_18' title="bbox 476 1849 1978 1922; baseline -0.005 -10"><span class='ocrx_word' id='word_1_97' title='bbox 476 1854 619 1913; x_wconf 74' lang='lat' dir='ltr'><strong>XIV.</strong></span> <span class='ocrx_word' id='word_1_98' title='bbox 654 1857 749 1910; x_wconf 62' lang='lat' dir='ltr'><strong>llic</strong></span> <span class='ocrx_word' id='word_1_99' title='bbox 782 1854 970 1909; x_wconf 80' lang='lat' dir='ltr'><strong>felices</strong></span> <span class='ocrx_word' id='word_1_100' title='bbox 1016 1854 1289 1922; x_wconf 79' lang='lat' dir='ltr'><strong>iustorum</strong></span> <span class='ocrx_word' id='word_1_101' title='bbox 1345 1850 1566 1904; x_wconf 89' lang='lat' dir='ltr'><strong>illorum</strong></span> <span class='ocrx_word' id='word_1_102' title='bbox 1617 1858 1821 1914; x_wconf 78' lang='lat' dir='ltr'><strong>sortes,</strong></span> <span class='ocrx_word' id='word_1_103' title='bbox 1862 1849 1978 1905; x_wconf 66' lang='lat' dir='ltr'><strong>ba&#39;c</strong></span> 
     </span>
    </p>
   </div>
   <div class='ocr_carea' id='block_1_19' title="bbox 2080 733 3661 806">
    <p class='ocr_par' dir='ltr' id='par_1_19' title="bbox 2080 733 3661 806">
     <span class='ocr_line' id='line_1_19' title="bbox 2080 733 3661 806; baseline 0 -19"><span class='ocrx_word' id='word_1_104' title='bbox 2080 733 2457 805; x_wconf 72' lang='grc' dir='ltr'><strong>παραμυθίαν,</strong></span> <span class='ocrx_word' id='word_1_105' title='bbox 2489 734 2635 788; x_wconf 69' lang='grc' dir='ltr'>οὕτω</span> <span class='ocrx_word' id='word_1_106' title='bbox 2668 733 2867 806; x_wconf 75' lang='grc' dir='ltr'>ζεούσῃ</span> <span class='ocrx_word' id='word_1_107' title='bbox 2918 734 3238 805; x_wconf 79' lang='grc' dir='ltr'><strong>προαιρέσει</strong></span> <span class='ocrx_word' id='word_1_108' title='bbox 3302 733 3425 802; x_wconf 86' lang='grc' dir='ltr'><strong>Θεῷ</strong></span> <span class='ocrx_word' id='word_1_109' title='bbox 3466 733 3661 788; x_wconf 85' lang='grc' dir='ltr'>ἀνατί-</span> 
     </span>
    </p>
   </div>
   <div class='ocr_carea' id='block_1_20' title="bbox 2080 826 3660 899">
    <p class='ocr_par' dir='ltr' id='par_1_20' title="bbox 2080 826 3660 899">
     <span class='ocr_line' id='line_1_20' title="bbox 2080 826 3660 899; baseline -0.001 -19"><span class='ocrx_word' id='word_1_110' title='bbox 2080 826 2208 897; x_wconf 88' lang='grc' dir='ltr'>θησι</span> <span class='ocrx_word' id='word_1_111' title='bbox 2231 839 2247 855; x_wconf 85' lang='grc'><em>’</em></span> <span class='ocrx_word' id='word_1_112' title='bbox 2281 826 2412 881; x_wconf 83' lang='grc' dir='ltr'>πότε</span> <span class='ocrx_word' id='word_1_113' title='bbox 2471 826 2538 881; x_wconf 86' lang='grc' dir='ltr'><strong>ἀν</strong></span> <span class='ocrx_word' id='word_1_114' title='bbox 2591 828 2689 899; x_wconf 85' lang='grc' dir='ltr'><strong>τῆς</strong></span> <span class='ocrx_word' id='word_1_115' title='bbox 2725 828 2921 899; x_wconf 88' lang='grc' dir='ltr'>λοιπῆς</span> <span class='ocrx_word' id='word_1_116' title='bbox 2962 826 3221 897; x_wconf 75' lang='grc' dir='ltr'><strong>ἐφείσατο</strong></span> <span class='ocrx_word' id='word_1_117' title='bbox 3259 827 3533 893; x_wconf 85' lang='grc' dir='ltr'>κτίσεως;</span> <span class='ocrx_word' id='word_1_118' title='bbox 3565 826 3660 879; x_wconf 89' lang='grc' dir='ltr'><strong>καί</strong></span> 
     </span>
    </p>
   </div>
   <div class='ocr_carea' id='block_1_21' title="bbox 2085 918 3664 990">
    <p class='ocr_par' dir='ltr' id='par_1_21' title="bbox 2085 918 3664 990">
     <span class='ocr_line' id='line_1_21' title="bbox 2085 918 3664 990; baseline -0.002 -17"><span class='ocrx_word' id='word_1_119' title='bbox 2085 937 2167 973; x_wconf 90' lang='grc' dir='ltr'><strong>τοι</strong></span> <span class='ocrx_word' id='word_1_120' title='bbox 2189 920 2292 973; x_wconf 87' lang='grc' dir='ltr'><strong>οὐκ</strong></span> <span class='ocrx_word' id='word_1_121' title='bbox 2321 920 2387 975; x_wconf 80' lang='grc' dir='ltr'>ἄν</span> <span class='ocrx_word' id='word_1_122' title='bbox 2420 937 2519 973; x_wconf 89' lang='grc' dir='ltr'><strong>που</strong></span> <span class='ocrx_word' id='word_1_123' title='bbox 2544 919 2645 990; x_wconf 88' lang='grc' dir='ltr'><strong>τῆς</strong></span> <span class='ocrx_word' id='word_1_124' title='bbox 2674 919 2899 990; x_wconf 79' lang='grc' dir='ltr'>Γραφῆς</span> <span class='ocrx_word' id='word_1_125' title='bbox 2922 918 3286 989; x_wconf 86' lang='grc' dir='ltr'>κατανοηθείη</span> <span class='ocrx_word' id='word_1_126' title='bbox 3309 920 3369 971; x_wconf 73' lang='grc' dir='ltr'><strong>ιν</strong></span> <span class='ocrx_word' id='word_1_127' title='bbox 3417 921 3664 987; x_wconf 66' lang='grc' dir='ltr'>ἀπαγγε-</span> 
     </span>
    </p>
   </div>
   <div class='ocr_carea' id='block_1_22' title="bbox 2079 1010 3665 1082">
    <p class='ocr_par' dir='ltr' id='par_1_22' title="bbox 2079 1010 3665 1082">
     <span class='ocr_line' id='line_1_22' title="bbox 2079 1010 3665 1082; baseline -0.001 -18"><span class='ocrx_word' id='word_1_128' title='bbox 2079 1011 2272 1082; x_wconf 76' lang='grc' dir='ltr'>λίαιςῆ</span> <span class='ocrx_word' id='word_1_129' title='bbox 2308 1013 2366 1066; x_wconf 79' lang='grc' dir='ltr'>ἐν</span> <span class='ocrx_word' id='word_1_130' title='bbox 2395 1012 2719 1082; x_wconf 82' lang='grc' dir='ltr'>ἀφιερώσει,</span> <span class='ocrx_word' id='word_1_131' title='bbox 2750 1012 2871 1077; x_wconf 83' lang='grc' dir='ltr'>Θεῷ</span> <span class='ocrx_word' id='word_1_132' title='bbox 2922 1011 3310 1082; x_wconf 80' lang='grc' dir='ltr'>ἀνατιθέμενον</span> <span class='ocrx_word' id='word_1_133' title='bbox 3347 1010 3508 1079; x_wconf 87' lang='grc' dir='ltr'>θῆλυ,</span> <span class='ocrx_word' id='word_1_134' title='bbox 3567 1011 3665 1063; x_wconf 73' lang='grc' dir='ltr'><strong>καὶ</strong></span> 
     </span>
    </p>
   </div>
   <div class='ocr_carea' id='block_1_23' title="bbox 2084 1101 3664 1174">
    <p class='ocr_par' dir='ltr' id='par_1_23' title="bbox 2084 1101 3664 1174">
     <span class='ocr_line' id='line_1_23' title="bbox 2084 1101 3664 1174; baseline -0.002 -16"><span class='ocrx_word' id='word_1_135' title='bbox 2084 1104 2321 1174; x_wconf 76' lang='grc' dir='ltr'>μάλιστα</span> <span class='ocrx_word' id='word_1_136' title='bbox 2343 1104 2401 1156; x_wconf 74' lang='grc' dir='ltr'>ἐν</span> <span class='ocrx_word' id='word_1_137' title='bbox 2427 1103 2507 1173; x_wconf 82' lang='grc' dir='ltr'>τῷ</span> <span class='ocrx_word' id='word_1_138' title='bbox 2534 1104 2650 1174; x_wconf 86' lang='grc' dir='ltr'>ναῷ</span> <span class='ocrx_word' id='word_1_139' title='bbox 2678 1105 2794 1168; x_wconf 84' lang='grc' dir='ltr'>τοῖς</span> <span class='ocrx_word' id='word_1_140' title='bbox 2826 1102 3163 1173; x_wconf 81' lang='grc' dir='ltr'><strong>λειτουργοῖς</strong></span> <span class='ocrx_word' id='word_1_141' title='bbox 3214 1101 3664 1173; x_wconf 86' lang='grc' dir='ltr'>συναριθμούμε-</span> 
     </span>
    </p>
   </div>
   <div class='ocr_carea' id='block_1_24' title="bbox 2077 1191 3667 1266">
    <p class='ocr_par' dir='ltr' id='par_1_24' title="bbox 2077 1191 3667 1266">
     <span class='ocr_line' id='line_1_24' title="bbox 2077 1191 3667 1266; baseline -0.003 -18"><span class='ocrx_word' id='word_1_142' title='bbox 2077 1212 2169 1248; x_wconf 89' lang='grc' dir='ltr'><strong>νον</strong></span> <span class='ocrx_word' id='word_1_143' title='bbox 2193 1211 2207 1224; x_wconf 92' lang='grc'><strong>·</strong></span> <span class='ocrx_word' id='word_1_144' title='bbox 2240 1194 2355 1248; x_wconf 78' lang='grc' dir='ltr'>ἀλλ’</span> <span class='ocrx_word' id='word_1_145' title='bbox 2387 1196 2536 1264; x_wconf 78' lang='grc' dir='ltr'>ὅμως</span> <span class='ocrx_word' id='word_1_146' title='bbox 2564 1195 2836 1266; x_wconf 74' lang='grc' dir='ltr'>ὑπερϐολῇ</span> <span class='ocrx_word' id='word_1_147' title='bbox 2862 1194 3161 1264; x_wconf 80' lang='grc' dir='ltr'>φιλοθετας,</span> <span class='ocrx_word' id='word_1_148' title='bbox 3184 1191 3323 1263; x_wconf 80' lang='grc' dir='ltr'>αὕτη</span> <span class='ocrx_word' id='word_1_149' title='bbox 3348 1192 3667 1262; x_wconf 85' lang='grc' dir='ltr'>καινουργεῖ</span> 
     </span>
    </p>
   </div>
   <div class='ocr_carea' id='block_1_25' title="bbox 2080 1282 3666 1358">
    <p class='ocr_par' dir='ltr' id='par_1_25' title="bbox 2080 1282 3666 1358">
     <span class='ocr_line' id='line_1_25' title="bbox 2080 1282 3666 1358; baseline -0.003 -19"><span class='ocrx_word' id='word_1_150' title='bbox 2080 1285 2257 1352; x_wconf 84' lang='grc' dir='ltr'>τοῦτο,</span> <span class='ocrx_word' id='word_1_151' title='bbox 2313 1286 2372 1339; x_wconf 73' lang='grc' dir='ltr'>ὲν</span> <span class='ocrx_word' id='word_1_152' title='bbox 2430 1286 2737 1357; x_wconf 72' lang='grc' dir='ltr'><strong>ἐπαγγελίᾳ</strong></span> <span class='ocrx_word' id='word_1_153' title='bbox 2803 1283 3243 1358; x_wconf 83' lang='grc' dir='ltr'>προφητεύουσα,</span> <span class='ocrx_word' id='word_1_154' title='bbox 3294 1285 3393 1355; x_wconf 80' lang='grc' dir='ltr'><strong>τὴν</strong></span> <span class='ocrx_word' id='word_1_155' title='bbox 3443 1282 3666 1338; x_wconf 67' lang='grc' dir='ltr'>ἔσεσθαι</span> 
     </span>
    </p>
   </div>
   <div class='ocr_carea' id='block_1_26' title="bbox 2084 1373 3666 1449">
    <p class='ocr_par' dir='ltr' id='par_1_26' title="bbox 2084 1373 3666 1449">
     <span class='ocr_line' id='line_1_26' title="bbox 2084 1373 3666 1449; baseline -0.003 -16"><span class='ocrx_word' id='word_1_156' title='bbox 2084 1378 2391 1449; x_wconf 88' lang='grc' dir='ltr'>μέλλουσαν</span> <span class='ocrx_word' id='word_1_157' title='bbox 2418 1380 2475 1432; x_wconf 74' lang='grc' dir='ltr'>ὲν</span> <span class='ocrx_word' id='word_1_158' title='bbox 2502 1376 2581 1449; x_wconf 84' lang='grc' dir='ltr'>τῷ</span> <span class='ocrx_word' id='word_1_159' title='bbox 2613 1379 2904 1449; x_wconf 69' lang='grc' dir='ltr'>πράγματι</span> <span class='ocrx_word' id='word_1_160' title='bbox 2925 1376 3306 1449; x_wconf 79' lang='grc' dir='ltr'><strong>καινοτομίαν.</strong></span> <span class='ocrx_word' id='word_1_161' title='bbox 3351 1376 3507 1445; x_wconf 78' lang='grc' dir='ltr'>Μόνη</span> <span class='ocrx_word' id='word_1_162' title='bbox 3553 1373 3666 1443; x_wconf 82' lang='grc' dir='ltr'>γὰρ</span> 
     </span>
    </p>
   </div>
   <div class='ocr_carea' id='block_1_27' title="bbox 2081 1466 3668 1542">
    <p class='ocr_par' dir='ltr' id='par_1_27' title="bbox 2081 1466 3668 1542">
     <span class='ocr_line' id='line_1_27' title="bbox 2081 1466 3668 1542; baseline -0.001 -22"><span class='ocrx_word' id='word_1_163' title='bbox 2081 1472 2180 1540; x_wconf 86' lang='grc' dir='ltr'><strong>τῆς</strong></span> <span class='ocrx_word' id='word_1_164' title='bbox 2205 1471 2523 1538; x_wconf 83' lang='grc' dir='ltr'>γυναικείας</span> <span class='ocrx_word' id='word_1_165' title='bbox 2557 1472 2792 1540; x_wconf 87' lang='grc' dir='ltr'>φύσεως,</span> <span class='ocrx_word' id='word_1_166' title='bbox 2825 1471 2859 1542; x_wconf 79' lang='grc' dir='ltr'><strong>ἡ</strong></span> <span class='ocrx_word' id='word_1_167' title='bbox 2916 1470 3053 1541; x_wconf 85' lang='grc' dir='ltr'>μόνη</span> <span class='ocrx_word' id='word_1_168' title='bbox 3095 1468 3197 1537; x_wconf 87' lang='grc' dir='ltr'><strong>τῆς</strong></span> <span class='ocrx_word' id='word_1_169' title='bbox 3243 1466 3668 1537; x_wconf 76' lang='grc' dir='ltr'>ἀνθρωπότητος</span> 
     </span>
    </p>
   </div>
   <div class='ocr_carea' id='block_1_28' title="bbox 2079 1557 3664 1633">
    <p class='ocr_par' dir='ltr' id='par_1_28' title="bbox 2079 1557 3664 1633">
     <span class='ocr_line' id='line_1_28' title="bbox 2079 1557 3664 1633; baseline -0.005 -16"><span class='ocrx_word' id='word_1_170' title='bbox 2079 1563 2327 1633; x_wconf 77' lang='grc' dir='ltr'>ἀπαρχὴ,</span> <span class='ocrx_word' id='word_1_171' title='bbox 2358 1565 2451 1616; x_wconf 81' lang='grc' dir='ltr'>καὶ</span> <span class='ocrx_word' id='word_1_172' title='bbox 2491 1562 2765 1633; x_wconf 80' lang='grc' dir='ltr'>ὑπεσχέθη</span> <span class='ocrx_word' id='word_1_173' title='bbox 2789 1564 2885 1615; x_wconf 75' lang='grc' dir='ltr'>καὶ</span> <span class='ocrx_word' id='word_1_174' title='bbox 2909 1562 3218 1633; x_wconf 83' lang='grc' dir='ltr'>ὐπέρτιμον</span> <span class='ocrx_word' id='word_1_175' title='bbox 3248 1557 3490 1627; x_wconf 75' lang='grc' dir='ltr'><strong>ἀπεδόθη</strong></span> <span class='ocrx_word' id='word_1_176' title='bbox 3542 1557 3664 1624; x_wconf 85' lang='grc' dir='ltr'>Θεῷ</span> 
     </span>
    </p>
   </div>
   <div class='ocr_carea' id='block_1_29' title="bbox 2080 1656 2358 1726">
    <p class='ocr_par' dir='ltr' id='par_1_29' title="bbox 2080 1656 2358 1726">
     <span class='ocr_line' id='line_1_29' title="bbox 2080 1656 2358 1726; baseline -0.004 -17"><span class='ocrx_word' id='word_1_177' title='bbox 2080 1656 2358 1726; x_wconf 80' lang='grc' dir='ltr'>ἀνάθημα.</span> 
     </span>
    </p>
   </div>
   <div class='ocr_carea' id='block_1_30' title="bbox 2155 1850 3665 1923">
    <p class='ocr_par' dir='ltr' id='par_1_30' title="bbox 2155 1850 3665 1923">
     <span class='ocr_line' id='line_1_30' title="bbox 2155 1850 3665 1923; baseline -0.009 -10"><span class='ocrx_word' id='word_1_178' title='bbox 2155 1857 2250 1913; x_wconf 85' lang='grc' dir='ltr'><strong>ῐΔ’.</strong></span> <span class='ocrx_word' id='word_1_179' title='bbox 2284 1858 2523 1912; x_wconf 85' lang='grc' dir='ltr'>Τοιαῦτα</span> <span class='ocrx_word' id='word_1_180' title='bbox 2550 1859 2619 1911; x_wconf 76' lang='grc' dir='ltr'><strong>τά</strong></span> <span class='ocrx_word' id='word_1_181' title='bbox 2644 1857 2752 1910; x_wconf 86' lang='grc' dir='ltr'><strong>τῶν</strong></span> <span class='ocrx_word' id='word_1_182' title='bbox 2812 1856 3040 1910; x_wconf 80' lang='grc' dir='ltr'>δικαίων</span> <span class='ocrx_word' id='word_1_183' title='bbox 3090 1850 3549 1923; x_wconf 83' lang='grc' dir='ltr'>πλεονεκτήματά</span> <span class='ocrx_word' id='word_1_184' title='bbox 3605 1865 3665 1902; x_wconf 86' lang='grc' dir='ltr'><strong>τε</strong></span> 
     </span>
    </p>
   </div>
   <div class='ocr_carea' id='block_1_31' title="bbox 400 1938 1987 2041">
    <p class='ocr_par' dir='ltr' id='par_1_31' title="bbox 400 1938 1980 2015">
     <span class='ocr_line' id='line_1_31' title="bbox 400 1938 1980 2015; baseline -0.008 -11"><span class='ocrx_word' id='word_1_185' title='bbox 400 1963 593 2004; x_wconf 89' lang='lat' dir='ltr'><strong>eorum</strong></span> <span class='ocrx_word' id='word_1_186' title='bbox 623 1955 755 2002; x_wconf 86' lang='lat' dir='ltr'><strong>sunt</strong></span> <span class='ocrx_word' id='word_1_187' title='bbox 803 1954 976 2015; x_wconf 88' lang='lat' dir='ltr'><strong>gesta.</strong></span> <span class='ocrx_word' id='word_1_188' title='bbox 1005 1944 1070 2000; x_wconf 86' lang='lat' dir='ltr'><strong>Hi</strong></span> <span class='ocrx_word' id='word_1_189' title='bbox 1120 1951 1248 1998; x_wconf 90' lang='lat' dir='ltr'><strong>sunt</strong></span> <span class='ocrx_word' id='word_1_190' title='bbox 1275 1941 1536 1995; x_wconf 88' lang='lat' dir='ltr'><strong>virtutum</strong></span> <span class='ocrx_word' id='word_1_191' title='bbox 1572 1938 1816 2009; x_wconf 85' lang='lat' dir='ltr'><strong>ipsorum</strong></span> <span class='ocrx_word' id='word_1_192' title='bbox 1844 1939 1980 1993; x_wconf 83' lang='lat' dir='ltr'><strong>eba-</strong></span> 
     </span>
    </p>
   </div>
   <div class='ocr_carea' id='block_1_32' title="bbox 2089 1938 3669 2041">
    <p class='ocr_par' dir='ltr' id='par_1_32' title="bbox 2089 1940 3669 2021">
     <span class='ocr_line' id='line_1_32' title="bbox 2089 1940 3669 2021; baseline -0.008 -17"><span class='ocrx_word' id='word_1_193' title='bbox 2089 1952 2176 2004; x_wconf 74' lang='grc' dir='ltr'>καὶ</span> <span class='ocrx_word' id='word_1_194' title='bbox 2194 1951 2535 2021; x_wconf 75' lang='grc' dir='ltr'>διηγήματα.</span> <span class='ocrx_word' id='word_1_195' title='bbox 2565 1942 2736 2013; x_wconf 77' lang='grc' dir='ltr'>Οὗτος</span> <span class='ocrx_word' id='word_1_196' title='bbox 2770 1949 2879 2001; x_wconf 90' lang='grc' dir='ltr'><strong>τῶν</strong></span> <span class='ocrx_word' id='word_1_197' title='bbox 2915 1946 3130 2018; x_wconf 85' lang='grc' dir='ltr'>ἀρετῶν</span> <span class='ocrx_word' id='word_1_198' title='bbox 3152 1945 3333 1998; x_wconf 86' lang='grc' dir='ltr'>αὐτῶν</span> <span class='ocrx_word' id='word_1_199' title='bbox 3360 1944 3409 1997; x_wconf 86' lang='lat' dir='ltr'><strong>ol</strong></span> <span class='ocrx_word' id='word_1_200' title='bbox 3447 1940 3669 2011; x_wconf 71' lang='grc' dir='ltr'>φαιδροὶ</span> 
     </span>
    </p>
   </div>
   <div class='ocr_carea' id='block_1_33' title="bbox 402 2029 1976 2107">
    <p class='ocr_par' dir='ltr' id='par_1_33' title="bbox 402 2029 1976 2107">
     <span class='ocr_line' id='line_1_33' title="bbox 402 2029 1976 2107; baseline -0.008 -13"><span class='ocrx_word' id='word_1_201' title='bbox 402 2048 649 2095; x_wconf 74' lang='grc' dir='ltr'>ταειιτεε</span> <span class='ocrx_word' id='word_1_202' title='bbox 681 2038 945 2107; x_wconf 80' lang='lat' dir='ltr'><strong>insignes,</strong></span> <span class='ocrx_word' id='word_1_203' title='bbox 984 2036 1078 2106; x_wconf 91' lang='lat' dir='ltr'><strong>qui</strong></span> <span class='ocrx_word' id='word_1_204' title='bbox 1119 2033 1288 2088; x_wconf 88' lang='lat' dir='ltr'><strong>animi</strong></span> <span class='ocrx_word' id='word_1_205' title='bbox 1327 2038 1664 2088; x_wconf 75' lang='lat' dir='ltr'><strong>venustatem</strong></span> <span class='ocrx_word' id='word_1_206' title='bbox 1703 2029 1976 2086; x_wconf 87' lang='lat' dir='ltr'><strong>sinceram</strong></span> 
     </span>
    </p>
   </div>
   <div class='ocr_carea' id='block_1_34' title="bbox 401 2122 1977 2201">
    <p class='ocr_par' dir='ltr' id='par_1_34' title="bbox 401 2122 1977 2201">
     <span class='ocr_line' id='line_1_34' title="bbox 401 2122 1977 2201; baseline -0.007 -13"><span class='ocrx_word' id='word_1_207' title='bbox 401 2142 567 2201; x_wconf 86' lang='lat' dir='ltr'><strong>atque</strong></span> <span class='ocrx_word' id='word_1_208' title='bbox 610 2146 826 2195; x_wconf 88' lang='lat' dir='ltr'><strong>eorum,</strong></span> <span class='ocrx_word' id='word_1_209' title='bbox 875 2129 970 2201; x_wconf 89' lang='lat' dir='ltr'><strong>qui</strong></span> <span class='ocrx_word' id='word_1_210' title='bbox 1012 2139 1140 2182; x_wconf 87' lang='lat' dir='ltr'><strong>ante</strong></span> <span class='ocrx_word' id='word_1_211' title='bbox 1195 2126 1554 2189; x_wconf 88' lang='lat' dir='ltr'><strong>claruerant,</strong></span> <span class='ocrx_word' id='word_1_212' title='bbox 1616 2122 1977 2193; x_wconf 69' lang='lat' dir='ltr'><strong>praecellentia</strong></span> 
     </span>
    </p>
   </div>
   <div class='ocr_carea' id='block_1_35' title="bbox 401 2200 1981 2295">
    <p class='ocr_par' dir='ltr' id='par_1_35' title="bbox 401 2200 1981 2295">
     <span class='ocr_line' id='line_1_35' title="bbox 401 2200 1981 2295; baseline -0.007 -16"><span class='ocrx_word' id='word_1_213' title='bbox 401 2200 850 2295; x_wconf 78' lang='lat' dir='ltr'><strong>splendidiorem.</strong></span> <span class='ocrx_word' id='word_1_214' title='bbox 909 2200 1049 2274; x_wconf 83' lang='lat' dir='ltr'><strong>nova</strong></span> <span class='ocrx_word' id='word_1_215' title='bbox 1077 2219 1194 2274; x_wconf 89' lang='lat' dir='ltr'><strong>luce</strong></span> <span class='ocrx_word' id='word_1_216' title='bbox 1248 2218 1660 2273; x_wconf 83' lang='lat' dir='ltr'><strong>collustrarunt.</strong></span> <span class='ocrx_word' id='word_1_217' title='bbox 1686 2213 1981 2283; x_wconf 76' lang='lat' dir='ltr'><strong>Oportebat</strong></span> 
     </span>
    </p>
   </div>
   <div class='ocr_carea' id='block_1_36' title="bbox 403 2307 1981 2381">
    <p class='ocr_par' dir='ltr' id='par_1_36' title="bbox 403 2307 1981 2381">
     <span class='ocr_line' id='line_1_36' title="bbox 403 2307 1981 2381; baseline -0.006 -9"><span class='ocrx_word' id='word_1_218' title='bbox 403 2316 638 2381; x_wconf 82' lang='lat' dir='ltr'><strong>scilicet,</strong></span> <span class='ocrx_word' id='word_1_219' title='bbox 700 2324 756 2367; x_wconf 89' lang='grc' dir='ltr'><strong>ιιι</strong></span> <span class='ocrx_word' id='word_1_220' title='bbox 796 2315 900 2367; x_wconf 84' lang='lat' dir='ltr'><strong>hoc</strong></span> <span class='ocrx_word' id='word_1_221' title='bbox 952 2312 1182 2375; x_wconf 85' lang='lat' dir='ltr'><strong>donum,</strong></span> <span class='ocrx_word' id='word_1_222' title='bbox 1219 2310 1306 2366; x_wconf 91' lang='lat' dir='ltr'><strong>cui</strong></span> <span class='ocrx_word' id='word_1_223' title='bbox 1342 2310 1489 2363; x_wconf 90' lang='lat' dir='ltr'><strong>nulla</strong></span> <span class='ocrx_word' id='word_1_224' title='bbox 1538 2307 1849 2378; x_wconf 85' lang='lat' dir='ltr'><strong>comparari</strong></span> <span class='ocrx_word' id='word_1_225' title='bbox 1894 2322 1981 2362; x_wconf 84' lang='lat' dir='ltr'><strong>res</strong></span> 
     </span>
    </p>
   </div>
   <div class='ocr_carea' id='block_1_37' title="bbox 402 2399 1979 2476">
    <p class='ocr_par' dir='ltr' id='par_1_37' title="bbox 402 2399 1979 2476">
     <span class='ocr_line' id='line_1_37' title="bbox 402 2399 1979 2476; baseline -0.008 -12"><span class='ocrx_word' id='word_1_226' title='bbox 402 2416 584 2464; x_wconf 76' lang='lat' dir='ltr'><strong>creata</strong></span> <span class='ocrx_word' id='word_1_227' title='bbox 644 2413 845 2476; x_wconf 84' lang='lat' dir='ltr'><strong>potest.</strong></span> <span class='ocrx_word' id='word_1_228' title='bbox 896 2419 961 2459; x_wconf 82' lang='lat' dir='ltr'><strong>ex</strong></span> <span class='ocrx_word' id='word_1_229' title='bbox 1000 2402 1373 2474; x_wconf 68' lang='lat' dir='ltr'><strong>praeeniincnti</strong></span> <span class='ocrx_word' id='word_1_230' title='bbox 1417 2401 1684 2456; x_wconf 84' lang='lat' dir='ltr'><strong>electione</strong></span> <span class='ocrx_word' id='word_1_231' title='bbox 1714 2399 1979 2470; x_wconf 81' lang='lat' dir='ltr'><strong>prodiret.</strong></span> 
     </span>
    </p>
   </div>
   <div class='ocr_carea' id='block_1_38' title="bbox 403 2492 1980 2568">
    <p class='ocr_par' dir='ltr' id='par_1_38' title="bbox 403 2492 1980 2568">
     <span class='ocr_line' id='line_1_38' title="bbox 403 2492 1980 2568; baseline -0.003 -15"><span class='ocrx_word' id='word_1_232' title='bbox 403 2497 701 2568; x_wconf 73' lang='lat' dir='ltr'><strong>Oportebat</strong></span> <span class='ocrx_word' id='word_1_233' title='bbox 738 2507 799 2551; x_wconf 88' lang='lat' dir='ltr'><strong>ut</strong></span> <span class='ocrx_word' id='word_1_234' title='bbox 832 2496 1197 2552; x_wconf 63' lang='lat' dir='ltr'><strong>sanctissimae</strong></span> <span class='ocrx_word' id='word_1_235' title='bbox 1222 2496 1303 2549; x_wconf 73' lang='lat' dir='ltr'><strong>liae</strong></span> <span class='ocrx_word' id='word_1_236' title='bbox 1324 2492 1525 2549; x_wconf 77' lang='lat' dir='ltr'><strong>divitia:</strong></span> <span class='ocrx_word' id='word_1_237' title='bbox 1571 2510 1631 2547; x_wconf 80' lang='lat' dir='ltr'><strong>ex</strong></span> <span class='ocrx_word' id='word_1_238' title='bbox 1664 2492 1980 2561; x_wconf 82' lang='lat' dir='ltr'><strong>locupletis-</strong></span> 
     </span>
    </p>
   </div>
   <div class='ocr_carea' id='block_1_39' title="bbox 403 2585 1983 2656">
    <p class='ocr_par' dir='ltr' id='par_1_39' title="bbox 403 2585 1983 2656">
     <span class='ocr_line' id='line_1_39' title="bbox 403 2585 1983 2656; baseline -0.004 -9"><span class='ocrx_word' id='word_1_239' title='bbox 403 2589 563 2647; x_wconf 86' lang='lat' dir='ltr'><strong>simis</strong></span> <span class='ocrx_word' id='word_1_240' title='bbox 590 2588 887 2644; x_wconf 81' lang='lat' dir='ltr'><strong>virtutibus</strong></span> <span class='ocrx_word' id='word_1_241' title='bbox 908 2596 1248 2643; x_wconf 85' lang='lat' dir='ltr'><strong>emanarent.</strong></span> <span class='ocrx_word' id='word_1_242' title='bbox 1270 2585 1590 2656; x_wconf 81' lang='lat' dir='ltr'><strong>Oportebat,</strong></span> <span class='ocrx_word' id='word_1_243' title='bbox 1625 2594 1683 2640; x_wconf 91' lang='lat' dir='ltr'><strong>ut</strong></span> <span class='ocrx_word' id='word_1_244' title='bbox 1712 2600 1777 2639; x_wconf 80' lang='lat' dir='ltr'><strong>ex</strong></span> <span class='ocrx_word' id='word_1_245' title='bbox 1818 2585 1983 2641; x_wconf 86' lang='lat' dir='ltr'><strong>tantis</strong></span> 
     </span>
    </p>
   </div>
   <div class='ocr_carea' id='block_1_40' title="bbox 406 2676 1983 2743">
    <p class='ocr_par' dir='ltr' id='par_1_40' title="bbox 406 2676 1983 2743">
     <span class='ocr_line' id='line_1_40' title="bbox 406 2676 1983 2743; baseline -0.002 -8"><span class='ocrx_word' id='word_1_246' title='bbox 406 2680 684 2736; x_wconf 83' lang='lat' dir='ltr'><strong>laboribus</strong></span> <span class='ocrx_word' id='word_1_247' title='bbox 729 2688 917 2735; x_wconf 75' lang='lat' dir='ltr'><strong>tantus</strong></span> <span class='ocrx_word' id='word_1_248' title='bbox 973 2678 1273 2735; x_wconf 74' lang='lat' dir='ltr'><strong>referretur</strong></span> <span class='ocrx_word' id='word_1_249' title='bbox 1321 2678 1567 2743; x_wconf 90' lang='lat' dir='ltr'><strong>fructus;</strong></span> <span class='ocrx_word' id='word_1_250' title='bbox 1601 2687 1661 2732; x_wconf 90' lang='lat' dir='ltr'><strong>ut</strong></span> <span class='ocrx_word' id='word_1_251' title='bbox 1707 2693 1772 2732; x_wconf 82' lang='lat' dir='ltr'><strong>ex</strong></span> <span class='ocrx_word' id='word_1_252' title='bbox 1815 2676 1983 2732; x_wconf 89' lang='lat' dir='ltr'><strong>nobili</strong></span> 
     </span>
    </p>
   </div>
   <div class='ocr_carea' id='block_1_41' title="bbox 406 2767 1985 2839">
    <p class='ocr_par' dir='ltr' id='par_1_41' title="bbox 406 2767 1985 2839">
     <span class='ocr_line' id='line_1_41' title="bbox 406 2767 1985 2839; baseline -0.002 -13"><span class='ocrx_word' id='word_1_253' title='bbox 406 2772 589 2828; x_wconf 87' lang='lat' dir='ltr'><strong>radice</strong></span> <span class='ocrx_word' id='word_1_254' title='bbox 612 2771 1015 2825; x_wconf 88' lang='lat' dir='ltr'><strong>nobilissimum</strong></span> <span class='ocrx_word' id='word_1_255' title='bbox 1052 2768 1321 2824; x_wconf 80' lang='lat' dir='ltr'><strong>eﬂloreret</strong></span> <span class='ocrx_word' id='word_1_256' title='bbox 1338 2783 1597 2839; x_wconf 90' lang='lat' dir='ltr'><strong>germen;</strong></span> <span class='ocrx_word' id='word_1_257' title='bbox 1631 2782 1805 2838; x_wconf 76' lang='lat' dir='ltr'><strong>exque</strong></span> <span class='ocrx_word' id='word_1_258' title='bbox 1825 2767 1985 2823; x_wconf 87' lang='lat' dir='ltr'><strong>bonis</strong></span> 
     </span>
    </p>
   </div>
   <div class='ocr_carea' id='block_1_42' title="bbox 406 2858 1985 2933">
    <p class='ocr_par' dir='ltr' id='par_1_42' title="bbox 406 2858 1985 2933">
     <span class='ocr_line' id='line_1_42' title="bbox 406 2858 1985 2933; baseline -0.003 -16"><span class='ocrx_word' id='word_1_259' title='bbox 406 2863 608 2919; x_wconf 84' lang='lat' dir='ltr'><strong>lumbis</strong></span> <span class='ocrx_word' id='word_1_260' title='bbox 630 2862 870 2933; x_wconf 90' lang='lat' dir='ltr'><strong>optimus</strong></span> <span class='ocrx_word' id='word_1_261' title='bbox 885 2861 1202 2917; x_wconf 90' lang='lat' dir='ltr'><strong>redderetur</strong></span> <span class='ocrx_word' id='word_1_262' title='bbox 1220 2860 1384 2926; x_wconf 89' lang='lat' dir='ltr'><strong>fetus,</strong></span> <span class='ocrx_word' id='word_1_263' title='bbox 1406 2876 1623 2930; x_wconf 80' lang='lat' dir='ltr'><strong>semper</strong></span> <span class='ocrx_word' id='word_1_264' title='bbox 1646 2860 1826 2914; x_wconf 77' lang='lat' dir='ltr'><strong>virens</strong></span> <span class='ocrx_word' id='word_1_265' title='bbox 1848 2858 1985 2930; x_wconf 82' lang='grc'><strong>(19),</strong></span> 
     </span>
    </p>
   </div>
   <div class='ocr_carea' id='block_1_43' title="bbox 407 2952 1983 3025">
    <p class='ocr_par' dir='ltr' id='par_1_43' title="bbox 407 2952 1983 3025">
     <span class='ocr_line' id='line_1_43' title="bbox 407 2952 1983 3025; baseline -0.003 -16"><span class='ocrx_word' id='word_1_266' title='bbox 407 2954 539 3010; x_wconf 79' lang='lat' dir='ltr'><strong>illud</strong></span> <span class='ocrx_word' id='word_1_267' title='bbox 570 2955 783 3025; x_wconf 78' lang='lat' dir='ltr'><strong>generis</strong></span> <span class='ocrx_word' id='word_1_268' title='bbox 812 2956 998 3018; x_wconf 81' lang='lat' dir='ltr'><strong>decus,</strong></span> <span class='ocrx_word' id='word_1_269' title='bbox 1033 2952 1459 3024; x_wconf 87' lang='lat' dir='ltr'><strong>pulcherrimum</strong></span> <span class='ocrx_word' id='word_1_270' title='bbox 1497 2960 1708 3007; x_wconf 66' lang='lat' dir='ltr'><strong>natura:</strong></span> <span class='ocrx_word' id='word_1_271' title='bbox 1741 2967 1983 3021; x_wconf 80' lang='lat' dir='ltr'><strong>germen,</strong></span> 
     </span>
    </p>
   </div>
   <div class='ocr_carea' id='block_1_44' title="bbox 407 3030 1986 3112">
    <p class='ocr_par' dir='ltr' id='par_1_44' title="bbox 407 3030 1986 3112">
     <span class='ocr_line' id='line_1_44' title="bbox 407 3030 1986 3112; baseline 0 -18"><span class='ocrx_word' id='word_1_272' title='bbox 407 3051 639 3096; x_wconf 81' lang='lat' dir='ltr'><strong>truncus</strong></span> <span class='ocrx_word' id='word_1_273' title='bbox 677 3042 766 3097; x_wconf 86' lang='lat' dir='ltr'><strong>ille</strong></span> <span class='ocrx_word' id='word_1_274' title='bbox 827 3030 1071 3112; x_wconf 72' lang='lat' dir='ltr'><strong>mysterii</strong></span> <span class='ocrx_word' id='word_1_275' title='bbox 1104 3041 1157 3095; x_wconf 93' lang='lat' dir='ltr'><strong>in</strong></span> <span class='ocrx_word' id='word_1_276' title='bbox 1206 3041 1375 3095; x_wconf 82' lang='lat' dir='ltr'><strong>altum</strong></span> <span class='ocrx_word' id='word_1_277' title='bbox 1401 3041 1651 3105; x_wconf 90' lang='lat' dir='ltr'><strong>tendens,</strong></span> <span class='ocrx_word' id='word_1_278' title='bbox 1686 3055 1849 3111; x_wconf 88' lang='lat' dir='ltr'><strong>eqno</strong></span> <span class='ocrx_word' id='word_1_279' title='bbox 1884 3040 1986 3094; x_wconf 92' lang='lat' dir='ltr'><strong>im-</strong></span> 
     </span>
    </p>
   </div>
   <div class='ocr_carea' id='block_1_45' title="bbox 407 3130 1988 3200">
    <p class='ocr_par' dir='ltr' id='par_1_45' title="bbox 407 3130 1988 3200">
     <span class='ocr_line' id='line_1_45' title="bbox 407 3130 1988 3200; baseline -0.001 -15"><span class='ocrx_word' id='word_1_280' title='bbox 407 3132 757 3187; x_wconf 69' lang='lat' dir='ltr'><strong>mortalitatis</strong></span> <span class='ocrx_word' id='word_1_281' title='bbox 791 3130 893 3187; x_wconf 88' lang='lat' dir='ltr'><strong>llos</strong></span> <span class='ocrx_word' id='word_1_282' title='bbox 948 3132 1255 3187; x_wconf 84' lang='lat' dir='ltr'><strong>ascendens</strong></span> <span class='ocrx_word' id='word_1_283' title='bbox 1312 3146 1603 3200; x_wconf 72' lang='lat' dir='ltr'><strong>perennem</strong></span> <span class='ocrx_word' id='word_1_284' title='bbox 1649 3131 1833 3186; x_wconf 86' lang='lat' dir='ltr'><strong>odoris</strong></span> <span class='ocrx_word' id='word_1_285' title='bbox 1862 3145 1988 3186; x_wconf 86' lang='lat' dir='ltr'><strong>sna-</strong></span> 
     </span>
    </p>
   </div>
   <div class='ocr_carea' id='block_1_46' title="bbox 2082 2036 3670 2115">
    <p class='ocr_par' dir='ltr' id='par_1_46' title="bbox 2082 2036 3670 2115">
     <span class='ocr_line' id='line_1_46' title="bbox 2082 2036 3670 2115; baseline -0.008 -18"><span class='ocrx_word' id='word_1_286' title='bbox 2082 2042 2449 2115; x_wconf 75' lang='grc' dir='ltr'>χαρακτῆρες,</span> <span class='ocrx_word' id='word_1_287' title='bbox 2485 2044 2535 2095; x_wconf 85' lang='lat' dir='ltr'><strong>ol</strong></span> <span class='ocrx_word' id='word_1_288' title='bbox 2569 2041 2667 2113; x_wconf 84' lang='grc' dir='ltr'><strong>τὴν</strong></span> <span class='ocrx_word' id='word_1_289' title='bbox 2697 2041 2890 2110; x_wconf 80' lang='grc' dir='ltr'>εὐγενῆ</span> <span class='ocrx_word' id='word_1_290' title='bbox 2920 2041 3020 2111; x_wconf 91' lang='grc' dir='ltr'><strong>τῆς</strong></span> <span class='ocrx_word' id='word_1_291' title='bbox 3053 2038 3233 2109; x_wconf 84' lang='grc' dir='ltr'>ψυχῆς</span> <span class='ocrx_word' id='word_1_292' title='bbox 3262 2037 3358 2090; x_wconf 69' lang='grc' dir='ltr'>καὶ</span> <span class='ocrx_word' id='word_1_293' title='bbox 3410 2036 3670 2105; x_wconf 73' lang='grc' dir='ltr'>λαμπροο</span> 
     </span>
    </p>
   </div>
   <div class='ocr_carea' id='block_1_47' title="bbox 2080 2126 3667 2203">
    <p class='ocr_par' dir='ltr' id='par_1_47' title="bbox 2080 2126 3667 2203">
     <span class='ocr_line' id='line_1_47' title="bbox 2080 2126 3667 2203; baseline -0.006 -16"><span class='ocrx_word' id='word_1_294' title='bbox 2080 2135 2247 2203; x_wconf 80' lang='grc' dir='ltr'>τέραν</span> <span class='ocrx_word' id='word_1_295' title='bbox 2270 2132 2380 2186; x_wconf 89' lang='grc' dir='ltr'><strong>τῶν</strong></span> <span class='ocrx_word' id='word_1_296' title='bbox 2425 2131 2832 2203; x_wconf 76' lang='grc' dir='ltr'>προφανέντων.</span> <span class='ocrx_word' id='word_1_297' title='bbox 2873 2128 3302 2201; x_wconf 76' lang='grc' dir='ltr'>ὲναπήστραψαν</span> <span class='ocrx_word' id='word_1_298' title='bbox 3330 2126 3667 2197; x_wconf 73' lang='grc' dir='ltr'>ὡραιότητα.</span> 
     </span>
    </p>
   </div>
   <div class='ocr_carea' id='block_1_48' title="bbox 2084 2216 3667 2295">
    <p class='ocr_par' dir='ltr' id='par_1_48' title="bbox 2084 2216 3667 2295">
     <span class='ocr_line' id='line_1_48' title="bbox 2084 2216 3667 2295; baseline -0.007 -18"><span class='ocrx_word' id='word_1_299' title='bbox 2084 2224 2233 2277; x_wconf 79' lang='grc' dir='ltr'>Ἔδει</span> <span class='ocrx_word' id='word_1_300' title='bbox 2262 2225 2370 2295; x_wconf 86' lang='grc' dir='ltr'><strong>γὰρ</strong></span> <span class='ocrx_word' id='word_1_301' title='bbox 2399 2224 2457 2289; x_wconf 76' lang='grc' dir='ltr'><strong>ἐξ</strong></span> <span class='ocrx_word' id='word_1_302' title='bbox 2482 2224 2859 2294; x_wconf 81' lang='grc' dir='ltr'>ὑπερεχούσης</span> <span class='ocrx_word' id='word_1_303' title='bbox 2895 2223 3130 2291; x_wconf 76' lang='grc' dir='ltr'>ἐκλογῆς</span> <span class='ocrx_word' id='word_1_304' title='bbox 3184 2221 3285 2291; x_wconf 81' lang='grc' dir='ltr'>τὴν</span> <span class='ocrx_word' id='word_1_305' title='bbox 3326 2216 3667 2287; x_wconf 82' lang='grc' dir='ltr'>ἀσύγκριτον</span> 
     </span>
    </p>
   </div>
   <div class='ocr_carea' id='block_1_49' title="bbox 2081 2308 3673 2385">
    <p class='ocr_par' dir='ltr' id='par_1_49' title="bbox 2081 2308 3673 2385">
     <span class='ocr_line' id='line_1_49' title="bbox 2081 2308 3673 2385; baseline -0.006 -17"><span class='ocrx_word' id='word_1_306' title='bbox 2081 2317 2140 2369; x_wconf 76' lang='grc' dir='ltr'>ὲν</span> <span class='ocrx_word' id='word_1_307' title='bbox 2188 2317 2467 2384; x_wconf 78' lang='grc' dir='ltr'>γεννητοῖς</span> <span class='ocrx_word' id='word_1_308' title='bbox 2514 2315 2799 2385; x_wconf 82' lang='grc' dir='ltr'>προελθεῖν</span> <span class='ocrx_word' id='word_1_309' title='bbox 2843 2314 3093 2383; x_wconf 59' lang='grc' dir='ltr'>δωρεάν</span> <span class='ocrx_word' id='word_1_310' title='bbox 3148 2311 3258 2365; x_wconf 79' lang='grc' dir='ltr'>ἔδει</span> <span class='ocrx_word' id='word_1_311' title='bbox 3307 2311 3367 2377; x_wconf 77' lang='grc' dir='ltr'><strong>ἐξ</strong></span> <span class='ocrx_word' id='word_1_312' title='bbox 3417 2308 3673 2377; x_wconf 81' lang='grc' dir='ltr'><strong>ἀφθόνων</strong></span> 
     </span>
    </p>
   </div>
   <div class='ocr_carea' id='block_1_50' title="bbox 2081 2396 3673 2479">
    <p class='ocr_par' dir='ltr' id='par_1_50' title="bbox 2081 2396 3673 2479">
     <span class='ocr_line' id='line_1_50' title="bbox 2081 2396 3673 2479; baseline -0.009 -16"><span class='ocrx_word' id='word_1_313' title='bbox 2081 2408 2292 2479; x_wconf 80' lang='grc' dir='ltr'>ἀρετῶν</span> <span class='ocrx_word' id='word_1_314' title='bbox 2343 2408 2436 2460; x_wconf 75' lang='grc' dir='ltr'><strong>τὸν</strong></span> <span class='ocrx_word' id='word_1_315' title='bbox 2494 2408 2795 2477; x_wconf 77' lang='grc' dir='ltr'>ὐπεράγιον</span> <span class='ocrx_word' id='word_1_316' title='bbox 2848 2403 3132 2475; x_wconf 72' lang='grc' dir='ltr'>ὲπιϐρίσαι</span> <span class='ocrx_word' id='word_1_317' title='bbox 3193 2398 3446 2454; x_wconf 75' lang='grc' dir='ltr'>πλοῦτον.</span> <span class='ocrx_word' id='word_1_318' title='bbox 3518 2396 3673 2450; x_wconf 81' lang='grc' dir='ltr'>Ἔδει</span> 
     </span>
    </p>
   </div>
   <div class='ocr_carea' id='block_1_51' title="bbox 2081 2489 3666 2565">
    <p class='ocr_par' dir='ltr' id='par_1_51' title="bbox 2081 2489 3666 2565">
     <span class='ocr_line' id='line_1_51' title="bbox 2081 2489 3666 2565; baseline -0.008 -12"><span class='ocrx_word' id='word_1_319' title='bbox 2081 2498 2337 2553; x_wconf 72' lang='grc' dir='ltr'>τοιούτων</span> <span class='ocrx_word' id='word_1_320' title='bbox 2366 2497 2544 2552; x_wconf 78' lang='grc' dir='ltr'>πόνων</span> <span class='ocrx_word' id='word_1_321' title='bbox 2563 2497 2804 2552; x_wconf 84' lang='grc' dir='ltr'>τοιοῦτον</span> <span class='ocrx_word' id='word_1_322' title='bbox 2833 2495 3271 2565; x_wconf 84' lang='grc' dir='ltr'>συγκομισθῆναι</span> <span class='ocrx_word' id='word_1_323' title='bbox 3301 2491 3396 2546; x_wconf 78' lang='grc' dir='ltr'><strong>τὸν</strong></span> <span class='ocrx_word' id='word_1_324' title='bbox 3426 2489 3666 2561; x_wconf 76' lang='grc' dir='ltr'>καρπὸν,</span> 
     </span>
    </p>
   </div>
   <div class='ocr_carea' id='block_1_52' title="bbox 2083 2579 3674 2660">
    <p class='ocr_par' dir='ltr' id='par_1_52' title="bbox 2083 2579 3674 2660">
     <span class='ocr_line' id='line_1_52' title="bbox 2083 2579 3674 2660; baseline -0.007 -18"><span class='ocrx_word' id='word_1_325' title='bbox 2083 2591 2148 2642; x_wconf 74' lang='grc' dir='ltr'>ὲκ</span> <span class='ocrx_word' id='word_1_326' title='bbox 2175 2589 2331 2660; x_wconf 76' lang='grc' dir='ltr'>ῥίζης</span> <span class='ocrx_word' id='word_1_327' title='bbox 2361 2587 2618 2658; x_wconf 77' lang='grc' dir='ltr'>εὐγενοῦς</span> <span class='ocrx_word' id='word_1_328' title='bbox 2665 2588 3055 2656; x_wconf 80' lang='grc' dir='ltr'>εὐγενέστατον</span> <span class='ocrx_word' id='word_1_329' title='bbox 3094 2585 3365 2655; x_wconf 78' lang='grc' dir='ltr'>ὲκφυῆναι</span> <span class='ocrx_word' id='word_1_330' title='bbox 3418 2579 3674 2652; x_wconf 78' lang='grc' dir='ltr'>βλαστὸν,</span> 
     </span>
    </p>
   </div>
   <div class='ocr_carea' id='block_1_53' title="bbox 2082 2678 3674 2763">
    <p class='ocr_par' dir='ltr' id='par_1_53' title="bbox 2082 2678 3674 2763">
     <span class='ocr_line' id='line_1_53' title="bbox 2082 2678 3674 2763; baseline -0.011 -20"><span class='ocrx_word' id='word_1_331' title='bbox 2082 2684 2143 2750; x_wconf 81' lang='grc' dir='ltr'>ἐξ</span> <span class='ocrx_word' id='word_1_332' title='bbox 2177 2684 2386 2755; x_wconf 81' lang='grc' dir='ltr'>ἀγαθῆς</span> <span class='ocrx_word' id='word_1_333' title='bbox 2423 2683 2625 2752; x_wconf 82' lang='grc' dir='ltr'>ὀσφύος</span> <span class='ocrx_word' id='word_1_334' title='bbox 2657 2683 3012 2763; x_wconf 82' lang='grc' dir='ltr'>ἀγαθώτατον</span> <span class='ocrx_word' id='word_1_335' title='bbox 3065 2680 3392 2751; x_wconf 77' lang='grc' dir='ltr'>ἀναδοθῆναι</span> <span class='ocrx_word' id='word_1_336' title='bbox 3431 2678 3623 2747; x_wconf 88' lang='grc' dir='ltr'>κύημα</span> <span class='ocrx_word' id='word_1_337' title='bbox 3652 2690 3674 2707; x_wconf 82' lang='grc'><em>’</em></span> 
     </span>
    </p>
   </div>
   <div class='ocr_carea' id='block_1_54' title="bbox 2083 2765 3671 2845">
    <p class='ocr_par' dir='ltr' id='par_1_54' title="bbox 2083 2765 3671 2845">
     <span class='ocr_line' id='line_1_54' title="bbox 2083 2765 3671 2845; baseline -0.008 -14"><span class='ocrx_word' id='word_1_338' title='bbox 2083 2779 2143 2831; x_wconf 72' lang='grc' dir='ltr'>τὸ</span> <span class='ocrx_word' id='word_1_339' title='bbox 2171 2777 2423 2841; x_wconf 79' lang='grc' dir='ltr'>ἀειθαλὲς</span> <span class='ocrx_word' id='word_1_340' title='bbox 2455 2776 2552 2829; x_wconf 85' lang='grc' dir='ltr'>τοῦ</span> <span class='ocrx_word' id='word_1_341' title='bbox 2581 2778 2777 2845; x_wconf 84' lang='grc' dir='ltr'>γένους</span> <span class='ocrx_word' id='word_1_342' title='bbox 2807 2773 3258 2845; x_wconf 72' lang='grc' dir='ltr'>ἑγκαλλώπισμα,</span> <span class='ocrx_word' id='word_1_343' title='bbox 3291 2770 3352 2824; x_wconf 77' lang='grc' dir='ltr'>τὸ</span> <span class='ocrx_word' id='word_1_344' title='bbox 3417 2769 3517 2838; x_wconf 82' lang='grc' dir='ltr'><strong>τῆς</strong></span> <span class='ocrx_word' id='word_1_345' title='bbox 3560 2765 3671 2834; x_wconf 85' lang='grc' dir='ltr'><strong>φύ-</strong></span> 
     </span>
    </p>
   </div>
   <div class='ocr_carea' id='block_1_55' title="bbox 2085 2848 3677 2939">
    <p class='ocr_par' dir='ltr' id='par_1_55' title="bbox 2085 2848 3677 2939">
     <span class='ocr_line' id='line_1_55' title="bbox 2085 2848 3677 2939; baseline -0.009 -16"><span class='ocrx_word' id='word_1_346' title='bbox 2085 2885 2225 2932; x_wconf 88' lang='grc' dir='ltr'>σεως</span> <span class='ocrx_word' id='word_1_347' title='bbox 2250 2869 2586 2939; x_wconf 75' lang='grc' dir='ltr'>ὡραιότατον</span> <span class='ocrx_word' id='word_1_348' title='bbox 2617 2868 2929 2939; x_wconf 81' lang='grc' dir='ltr'>βλάστημα,</span> <span class='ocrx_word' id='word_1_349' title='bbox 2959 2866 3022 2919; x_wconf 75' lang='grc' dir='ltr'><strong>τὸ</strong></span> <span class='ocrx_word' id='word_1_350' title='bbox 3049 2862 3301 2935; x_wconf 72' lang='grc' dir='ltr'>ὑψιτενὶς</span> <span class='ocrx_word' id='word_1_351' title='bbox 3330 2858 3427 2913; x_wconf 81' lang='grc' dir='ltr'>τοῦ</span> <span class='ocrx_word' id='word_1_352' title='bbox 3464 2848 3677 2928; x_wconf 66' lang='lat' dir='ltr'><strong>postq-</strong></span> 
     </span>
    </p>
   </div>
   <div class='ocr_carea' id='block_1_56' title="bbox 2087 2947 3674 3026">
    <p class='ocr_par' dir='ltr' id='par_1_56' title="bbox 2087 2947 3674 3026">
     <span class='ocr_line' id='line_1_56' title="bbox 2087 2947 3674 3026; baseline -0.006 -17"><span class='ocrx_word' id='word_1_353' title='bbox 2087 2954 2206 3026; x_wconf 87' lang='grc' dir='ltr'>ρίου</span> <span class='ocrx_word' id='word_1_354' title='bbox 2241 2955 2511 3025; x_wconf 83' lang='grc' dir='ltr'>στέλεχος.</span> <span class='ocrx_word' id='word_1_355' title='bbox 2542 2955 2599 3022; x_wconf 71' lang='grc' dir='ltr'>ἐξ</span> <span class='ocrx_word' id='word_1_356' title='bbox 2632 2950 2696 3010; x_wconf 78' lang='grc' dir='ltr'><strong>οὐ</strong></span> <span class='ocrx_word' id='word_1_357' title='bbox 2737 2954 2799 3008; x_wconf 85' lang='grc' dir='ltr'><strong>τδ</strong></span> <span class='ocrx_word' id='word_1_358' title='bbox 2849 2955 2950 3025; x_wconf 89' lang='grc' dir='ltr'><strong>τῆς</strong></span> <span class='ocrx_word' id='word_1_359' title='bbox 3004 2951 3307 3013; x_wconf 79' lang='grc' dir='ltr'>ἀθανασίας</span> <span class='ocrx_word' id='word_1_360' title='bbox 3359 2947 3674 3018; x_wconf 80' lang='grc' dir='ltr'>ἀναδραμὸν</span> 
     </span>
    </p>
   </div>
   <div class='ocr_carea' id='block_1_57' title="bbox 2086 3038 3672 3116">
    <p class='ocr_par' dir='ltr' id='par_1_57' title="bbox 2086 3038 3672 3116">
     <span class='ocr_line' id='line_1_57' title="bbox 2086 3038 3672 3116; baseline -0.003 -15"><span class='ocrx_word' id='word_1_361' title='bbox 2086 3046 2268 3113; x_wconf 86' lang='grc' dir='ltr'>ἀνθος,</span> <span class='ocrx_word' id='word_1_362' title='bbox 2297 3046 2396 3116; x_wconf 70' lang='grc' dir='ltr'><strong>τὴν</strong></span> <span class='ocrx_word' id='word_1_363' title='bbox 2425 3047 2597 3101; x_wconf 75' lang='grc' dir='ltr'>ἀΐδιον</span> <span class='ocrx_word' id='word_1_364' title='bbox 2632 3047 2953 3101; x_wconf 85' lang='grc' dir='ltr'>διέπνευσεν</span> <span class='ocrx_word' id='word_1_365' title='bbox 3008 3046 3259 3112; x_wconf 84' lang='grc' dir='ltr'>εὐωδίαν,</span> <span class='ocrx_word' id='word_1_366' title='bbox 3294 3038 3359 3099; x_wconf 73' lang='grc' dir='ltr'><strong>οὐ</strong></span> <span class='ocrx_word' id='word_1_367' title='bbox 3397 3045 3426 3097; x_wconf 86' lang='grc' dir='ltr'><strong>δ</strong></span> <span class='ocrx_word' id='word_1_368' title='bbox 3455 3040 3672 3113; x_wconf 74' lang='grc' dir='ltr'>καρπὸς</span> 
     </span>
    </p>
   </div>
   <div class='ocr_carea' id='block_1_58' title="bbox 2089 3133 3667 3210">
    <p class='ocr_par' dir='ltr' id='par_1_58' title="bbox 2089 3133 3667 3210">
     <span class='ocr_line' id='line_1_58' title="bbox 2089 3133 3667 3210; baseline -0.006 -18"><span class='ocrx_word' id='word_1_369' title='bbox 2089 3137 2205 3210; x_wconf 77' lang='grc' dir='ltr'><strong>ζωὴ</strong></span> <span class='ocrx_word' id='word_1_370' title='bbox 2236 3139 2331 3192; x_wconf 73' lang='grc' dir='ltr'><strong>καὶ</strong></span> <span class='ocrx_word' id='word_1_371' title='bbox 2366 3138 2645 3208; x_wconf 72' lang='grc' dir='ltr'>ἀφθαρσία</span> <span class='ocrx_word' id='word_1_372' title='bbox 2677 3139 2770 3192; x_wconf 78' lang='grc' dir='ltr'>καὶ</span> <span class='ocrx_word' id='word_1_373' title='bbox 2800 3138 3033 3206; x_wconf 82' lang='grc' dir='ltr'>διαμονὴ</span> <span class='ocrx_word' id='word_1_374' title='bbox 3067 3139 3184 3200; x_wconf 88' lang='grc' dir='ltr'>τοῖς</span> <span class='ocrx_word' id='word_1_375' title='bbox 3215 3135 3505 3206; x_wconf 78' lang='grc' dir='ltr'>μετέχουσι</span> <span class='ocrx_word' id='word_1_376' title='bbox 3533 3133 3667 3185; x_wconf 77' lang='grc' dir='ltr'>πᾶσι</span> 
     </span>
    </p>
   </div>
   <div class='ocr_carea' id='block_1_59' title="bbox 406 3222 1987 3299">
    <p class='ocr_par' dir='ltr' id='par_1_59' title="bbox 406 3222 1986 3294">
     <span class='ocr_line' id='line_1_59' title="bbox 406 3222 1986 3294; baseline -0.001 -15"><span class='ocrx_word' id='word_1_377' title='bbox 406 3225 629 3280; x_wconf 86' lang='lat' dir='ltr'><strong>vitatem</strong></span> <span class='ocrx_word' id='word_1_378' title='bbox 661 3224 960 3289; x_wconf 76' lang='lat' dir='ltr'><strong>exhalavit,</strong></span> <span class='ocrx_word' id='word_1_379' title='bbox 989 3224 1149 3294; x_wconf 92' lang='lat' dir='ltr'><strong>cujus</strong></span> <span class='ocrx_word' id='word_1_380' title='bbox 1207 3224 1416 3278; x_wconf 87' lang='lat' dir='ltr'><strong>fructus</strong></span> <span class='ocrx_word' id='word_1_381' title='bbox 1471 3232 1554 3277; x_wconf 91' lang='lat' dir='ltr'><strong>est</strong></span> <span class='ocrx_word' id='word_1_382' title='bbox 1586 3222 1693 3278; x_wconf 89' lang='lat' dir='ltr'><strong>vita</strong></span> <span class='ocrx_word' id='word_1_383' title='bbox 1723 3232 1777 3277; x_wconf 90' lang='lat' dir='ltr'><strong>et</strong></span> <span class='ocrx_word' id='word_1_384' title='bbox 1806 3223 1986 3278; x_wconf 89' lang='lat' dir='ltr'><strong>incor-</strong></span> 
     </span>
    </p>
   </div>
   <div class='ocr_carea' id='block_1_60' title="bbox 2089 3222 3671 3299">
    <p class='ocr_par' dir='ltr' id='par_1_60' title="bbox 2089 3225 3671 3299">
     <span class='ocr_line' id='line_1_60' title="bbox 2089 3225 3671 3299; baseline -0.006 -14"><span class='ocrx_word' id='word_1_385' title='bbox 2089 3230 2432 3286; x_wconf 83' lang='grc' dir='ltr'>καθίσταται.</span> <span class='ocrx_word' id='word_1_386' title='bbox 2478 3229 2621 3282; x_wconf 80' lang='grc' dir='ltr'>Ἀλλ’</span> <span class='ocrx_word' id='word_1_387' title='bbox 2651 3228 2725 3293; x_wconf 79' lang='grc' dir='ltr'>ὡς</span> <span class='ocrx_word' id='word_1_388' title='bbox 2756 3230 3151 3299; x_wconf 75' lang='grc' dir='ltr'>δεδοξασμένον</span> <span class='ocrx_word' id='word_1_389' title='bbox 3200 3228 3263 3281; x_wconf 75' lang='grc' dir='ltr'><strong>τδ</strong></span> <span class='ocrx_word' id='word_1_390' title='bbox 3323 3227 3533 3280; x_wconf 85' lang='grc' dir='ltr'>τούτων</span> <span class='ocrx_word' id='word_1_391' title='bbox 3589 3225 3671 3287; x_wconf 84' lang='grc' dir='ltr'><strong>είς</strong></span> 
     </span>
    </p>
   </div>
   <div class='ocr_carea' id='block_1_61' title="bbox 409 3314 1987 3403">
    <p class='ocr_par' dir='ltr' id='par_1_61' title="bbox 409 3314 1982 3387">
     <span class='ocr_line' id='line_1_61' title="bbox 409 3314 1982 3387; baseline 0 -17"><span class='ocrx_word' id='word_1_392' title='bbox 409 3320 587 3387; x_wconf 88' lang='lat' dir='ltr'><strong>ruptio</strong></span> <span class='ocrx_word' id='word_1_393' title='bbox 613 3326 667 3371; x_wconf 90' lang='lat' dir='ltr'><strong>et</strong></span> <span class='ocrx_word' id='word_1_394' title='bbox 690 3317 959 3371; x_wconf 81' lang='lat' dir='ltr'><strong>stabilitas</strong></span> <span class='ocrx_word' id='word_1_395' title='bbox 998 3324 1254 3385; x_wconf 86' lang='lat' dir='ltr'><strong>perpetua</strong></span> <span class='ocrx_word' id='word_1_396' title='bbox 1293 3315 1359 3369; x_wconf 88' lang='lat' dir='ltr'><strong>iis</strong></span> <span class='ocrx_word' id='word_1_397' title='bbox 1387 3314 1663 3379; x_wconf 88' lang='lat' dir='ltr'><strong>omnibus,</strong></span> <span class='ocrx_word' id='word_1_398' title='bbox 1695 3316 1788 3385; x_wconf 90' lang='lat' dir='ltr'><strong>qui</strong></span> <span class='ocrx_word' id='word_1_399' title='bbox 1816 3316 1982 3384; x_wconf 87' lang='lat' dir='ltr'><strong>parti-</strong></span> 
     </span>
    </p>
   </div>
   <div class='ocr_carea' id='block_1_62' title="bbox 2089 3314 3673 3403">
    <p class='ocr_par' dir='ltr' id='par_1_62' title="bbox 2089 3315 3673 3392">
     <span class='ocr_line' id='line_1_62' title="bbox 2089 3315 3673 3392; baseline -0.006 -16"><span class='ocrx_word' id='word_1_400' title='bbox 2089 3323 2290 3385; x_wconf 87' lang='grc' dir='ltr'>αίῶνας</span> <span class='ocrx_word' id='word_1_401' title='bbox 2323 3322 2827 3392; x_wconf 82' lang='grc' dir='ltr'>συμπαρατείνεται</span> <span class='ocrx_word' id='word_1_402' title='bbox 2862 3322 3205 3391; x_wconf 77' lang='grc' dir='ltr'>μνημόσυνον</span> <span class='ocrx_word' id='word_1_403' title='bbox 3232 3321 3246 3375; x_wconf 82' lang='lat' dir='ltr'><strong>l</strong></span> <span class='ocrx_word' id='word_1_404' title='bbox 3319 3319 3408 3381; x_wconf 76' lang='grc' dir='ltr'>Ὠς</span> <span class='ocrx_word' id='word_1_405' title='bbox 3441 3315 3673 3383; x_wconf 81' lang='grc' dir='ltr'>ἀναφαί-</span> 
     </span>
    </p>
   </div>
   <div class='ocr_carea' id='block_1_63' title="bbox 406 3402 1987 3485">
    <p class='ocr_par' dir='ltr' id='par_1_63' title="bbox 406 3402 1983 3475">
     <span class='ocr_line' id='line_1_63' title="bbox 406 3402 1983 3475; baseline 0.001 -15"><span class='ocrx_word' id='word_1_406' title='bbox 406 3408 557 3475; x_wconf 87' lang='lat' dir='ltr'><strong>cipes</strong></span> <span class='ocrx_word' id='word_1_407' title='bbox 580 3404 723 3460; x_wconf 82' lang='lat' dir='ltr'><strong>illius</strong></span> <span class='ocrx_word' id='word_1_408' title='bbox 742 3406 871 3460; x_wconf 88' lang='lat' dir='ltr'><strong>sint.</strong></span> <span class='ocrx_word' id='word_1_409' title='bbox 893 3402 1091 3458; x_wconf 87' lang='lat' dir='ltr'><strong>Verum</strong></span> <span class='ocrx_word' id='word_1_410' title='bbox 1112 3420 1275 3473; x_wconf 88' lang='lat' dir='ltr'><strong>quam</strong></span> <span class='ocrx_word' id='word_1_411' title='bbox 1294 3404 1531 3473; x_wconf 85' lang='lat' dir='ltr'><strong>g&#39;oriosa</strong></span> <span class='ocrx_word' id='word_1_412' title='bbox 1563 3404 1756 3459; x_wconf 88' lang='lat' dir='ltr'><strong>borum</strong></span> <span class='ocrx_word' id='word_1_413' title='bbox 1779 3421 1983 3461; x_wconf 66' lang='lat' dir='ltr'><strong>memoo</strong></span> 
     </span>
    </p>
   </div>
   <div class='ocr_carea' id='block_1_64' title="bbox 2089 3402 3666 3485">
    <p class='ocr_par' dir='ltr' id='par_1_64' title="bbox 2090 3408 3666 3485">
     <span class='ocr_line' id='line_1_64' title="bbox 2090 3408 3666 3485; baseline -0.004 -18"><span class='ocrx_word' id='word_1_414' title='bbox 2090 3431 2247 3485; x_wconf 89' lang='grc' dir='ltr'>ρετον</span> <span class='ocrx_word' id='word_1_415' title='bbox 2272 3413 2453 3467; x_wconf 83' lang='grc' dir='ltr'>αὐτῶν</span> <span class='ocrx_word' id='word_1_416' title='bbox 2473 3413 2721 3484; x_wconf 81' lang='grc' dir='ltr'>διαμένει</span> <span class='ocrx_word' id='word_1_417' title='bbox 2742 3414 2805 3467; x_wconf 79' lang='grc' dir='ltr'><strong>τὸ</strong></span> <span class='ocrx_word' id='word_1_418' title='bbox 2843 3413 2999 3477; x_wconf 83' lang='grc' dir='ltr'>κλέος</span> <span class='ocrx_word' id='word_1_419' title='bbox 3027 3429 3043 3445; x_wconf 88' lang='grc'><strong>·</strong></span> <span class='ocrx_word' id='word_1_420' title='bbox 3099 3412 3176 3475; x_wconf 86' lang='grc' dir='ltr'>ὡς</span> <span class='ocrx_word' id='word_1_421' title='bbox 3209 3410 3459 3483; x_wconf 86' lang='grc' dir='ltr'>μακαρία</span> <span class='ocrx_word' id='word_1_422' title='bbox 3495 3408 3595 3478; x_wconf 75' lang='grc' dir='ltr'>μὲν</span> <span class='ocrx_word' id='word_1_423' title='bbox 3632 3408 3666 3477; x_wconf 79' lang='grc' dir='ltr'><strong>ἠ</strong></span> 
     </span>
    </p>
   </div>
   <div class='ocr_carea' id='block_1_65' title="bbox 408 3496 1987 3580">
    <p class='ocr_par' dir='ltr' id='par_1_65' title="bbox 408 3496 1987 3567">
     <span class='ocr_line' id='line_1_65' title="bbox 408 3496 1987 3567; baseline 0 -17"><span class='ocrx_word' id='word_1_424' title='bbox 408 3497 490 3552; x_wconf 81' lang='lat' dir='ltr'><strong>ria</strong></span> <span class='ocrx_word' id='word_1_425' title='bbox 556 3497 609 3551; x_wconf 90' lang='lat' dir='ltr'><strong>in</strong></span> <span class='ocrx_word' id='word_1_426' title='bbox 672 3497 875 3552; x_wconf 72' lang='lat' dir='ltr'><strong>saecula</strong></span> <span class='ocrx_word' id='word_1_427' title='bbox 950 3496 1333 3566; x_wconf 81' lang='lat' dir='ltr'><strong>protenditur!</strong></span> <span class='ocrx_word' id='word_1_428' title='bbox 1408 3511 1573 3566; x_wconf 88' lang='lat' dir='ltr'><strong>quam</strong></span> <span class='ocrx_word' id='word_1_429' title='bbox 1623 3496 1770 3565; x_wconf 88' lang='lat' dir='ltr'><strong>jngis</strong></span> <span class='ocrx_word' id='word_1_430' title='bbox 1824 3506 1987 3567; x_wconf 90' lang='lat' dir='ltr'><strong>atque</strong></span> 
     </span>
    </p>
   </div>
   <div class='ocr_carea' id='block_1_66' title="bbox 2089 3496 3671 3580">
    <p class='ocr_par' dir='ltr' id='par_1_66' title="bbox 2089 3500 3671 3580">
     <span class='ocr_line' id='line_1_66' title="bbox 2089 3500 3671 3580; baseline -0.006 -19"><span class='ocrx_word' id='word_1_431' title='bbox 2089 3506 2309 3577; x_wconf 74' lang='grc' dir='ltr'>ἐκλογὴ,</span> <span class='ocrx_word' id='word_1_432' title='bbox 2341 3507 2678 3580; x_wconf 79' lang='grc' dir='ltr'>μακαριστὸν</span> <span class='ocrx_word' id='word_1_433' title='bbox 2699 3507 2754 3560; x_wconf 77' lang='grc' dir='ltr'>δὲ</span> <span class='ocrx_word' id='word_1_434' title='bbox 2780 3506 2960 3560; x_wconf 85' lang='grc' dir='ltr'>αὐτῶν</span> <span class='ocrx_word' id='word_1_435' title='bbox 2991 3505 3054 3560; x_wconf 81' lang='grc' dir='ltr'>τὸ</span> <span class='ocrx_word' id='word_1_436' title='bbox 3085 3508 3144 3559; x_wconf 78' lang='grc' dir='ltr'>ὲν</span> <span class='ocrx_word' id='word_1_437' title='bbox 3172 3506 3398 3575; x_wconf 81' lang='grc' dir='ltr'>ἀρεταῖς</span> <span class='ocrx_word' id='word_1_438' title='bbox 3453 3500 3671 3556; x_wconf 78' lang='grc' dir='ltr'>εὐδόκι-</span> 
     </span>
    </p>
   </div>
   <div class='ocr_carea' id='block_1_67' title="bbox 410 3586 1987 3667">
    <p class='ocr_par' dir='ltr' id='par_1_67' title="bbox 410 3586 1987 3656">
     <span class='ocr_line' id='line_1_67' title="bbox 410 3586 1987 3656; baseline -0.001 -14"><span class='ocrx_word' id='word_1_439' title='bbox 410 3586 720 3642; x_wconf 81' lang='lat' dir='ltr'><strong>indclebilis</strong></span> <span class='ocrx_word' id='word_1_440' title='bbox 780 3587 1024 3655; x_wconf 89' lang='lat' dir='ltr'><strong>ipsorum</strong></span> <span class='ocrx_word' id='word_1_441' title='bbox 1054 3587 1226 3656; x_wconf 82' lang='lat' dir='ltr'><strong>gloria</strong></span> <span class='ocrx_word' id='word_1_442' title='bbox 1255 3588 1601 3656; x_wconf 85' lang='lat' dir='ltr'><strong>perseverat!</strong></span> <span class='ocrx_word' id='word_1_443' title='bbox 1636 3603 1795 3656; x_wconf 87' lang='lat' dir='ltr'><strong>quam</strong></span> <span class='ocrx_word' id='word_1_444' title='bbox 1831 3588 1987 3642; x_wconf 89' lang='lat' dir='ltr'><strong>beata</strong></span> 
     </span>
    </p>
   </div>
   <div class='ocr_carea' id='block_1_68' title="bbox 2089 3586 3667 3667">
    <p class='ocr_par' dir='ltr' id='par_1_68' title="bbox 2091 3592 3667 3667">
     <span class='ocr_line' id='line_1_68' title="bbox 2091 3592 3667 3667; baseline -0.004 -18"><span class='ocrx_word' id='word_1_445' title='bbox 2091 3615 2214 3666; x_wconf 84' lang='grc' dir='ltr'>μον,</span> <span class='ocrx_word' id='word_1_446' title='bbox 2250 3597 2317 3650; x_wconf 88' lang='grc' dir='ltr'>δι’</span> <span class='ocrx_word' id='word_1_447' title='bbox 2350 3596 2413 3651; x_wconf 82' lang='grc' dir='ltr'><strong>οὐ</strong></span> <span class='ocrx_word' id='word_1_448' title='bbox 2441 3599 2536 3651; x_wconf 69' lang='grc' dir='ltr'><strong>καὶ</strong></span> <span class='ocrx_word' id='word_1_449' title='bbox 2564 3597 2624 3651; x_wconf 86' lang='grc' dir='ltr'><strong>τὸ</strong></span> <span class='ocrx_word' id='word_1_450' title='bbox 2679 3597 2976 3667; x_wconf 75' lang='grc' dir='ltr'>ὲκλεγῆναι</span> <span class='ocrx_word' id='word_1_451' title='bbox 3031 3597 3217 3658; x_wconf 89' lang='grc' dir='ltr'>αὐτοῖς</span> <span class='ocrx_word' id='word_1_452' title='bbox 3276 3592 3667 3666; x_wconf 68' lang='grc' dir='ltr'>προσεγένετο.</span> 
     </span>
    </p>
   </div>
   <div class='ocr_carea' id='block_1_69' title="bbox 410 3679 1987 3760">
    <p class='ocr_par' dir='ltr' id='par_1_69' title="bbox 410 3679 1987 3750">
     <span class='ocr_line' id='line_1_69' title="bbox 410 3679 1987 3750; baseline 0 -17"><span class='ocrx_word' id='word_1_453' title='bbox 410 3679 628 3743; x_wconf 88' lang='lat' dir='ltr'><strong>electio,</strong></span> <span class='ocrx_word' id='word_1_454' title='bbox 662 3694 727 3733; x_wconf 88' lang='lat' dir='ltr'><strong>ac</strong></span> <span class='ocrx_word' id='word_1_455' title='bbox 773 3694 937 3750; x_wconf 91' lang='lat' dir='ltr'><strong>porro</strong></span> <span class='ocrx_word' id='word_1_456' title='bbox 976 3679 1291 3735; x_wconf 86' lang='lat' dir='ltr'><strong>beatissima</strong></span> <span class='ocrx_word' id='word_1_457' title='bbox 1355 3680 1474 3735; x_wconf 83' lang='lat' dir='ltr'><strong>laas</strong></span> <span class='ocrx_word' id='word_1_458' title='bbox 1505 3680 1724 3735; x_wconf 88' lang='lat' dir='ltr'><strong>virtutis</strong></span> <span class='ocrx_word' id='word_1_459' title='bbox 1770 3696 1987 3745; x_wconf 84' lang='lat' dir='ltr'><strong>eorum,</strong></span> 
     </span>
    </p>
   </div>
   <div class='ocr_carea' id='block_1_70' title="bbox 2089 3679 3671 3760">
    <p class='ocr_par' dir='ltr' id='par_1_70' title="bbox 2089 3682 3671 3760">
     <span class='ocr_line' id='line_1_70' title="bbox 2089 3682 3671 3760; baseline -0.004 -20"><span class='ocrx_word' id='word_1_460' title='bbox 2089 3690 2189 3741; x_wconf 84' lang='grc' dir='ltr'>Διά</span> <span class='ocrx_word' id='word_1_461' title='bbox 2215 3689 2375 3742; x_wconf 78' lang='grc' dir='ltr'>τοῦτο</span> <span class='ocrx_word' id='word_1_462' title='bbox 2397 3690 2497 3759; x_wconf 84' lang='grc' dir='ltr'><strong>τῆν</strong></span> <span class='ocrx_word' id='word_1_463' title='bbox 2532 3688 2779 3760; x_wconf 85' lang='grc' dir='ltr'>βασιλίδα</span> <span class='ocrx_word' id='word_1_464' title='bbox 2830 3687 2927 3742; x_wconf 82' lang='grc' dir='ltr'>τοῦ</span> <span class='ocrx_word' id='word_1_465' title='bbox 2978 3687 3199 3750; x_wconf 83' lang='grc' dir='ltr'>παντὸς,</span> <span class='ocrx_word' id='word_1_466' title='bbox 3259 3685 3336 3748; x_wconf 85' lang='grc' dir='ltr'>ὼς</span> <span class='ocrx_word' id='word_1_467' title='bbox 3387 3682 3671 3744; x_wconf 77' lang='grc' dir='ltr'>εὐσεϐείας</span> 
     </span>
    </p>
   </div>
   <div class='ocr_carea' id='block_1_71' title="bbox 417 3772 1987 3852">
    <p class='ocr_par' dir='ltr' id='par_1_71' title="bbox 417 3772 1985 3846">
     <span class='ocr_line' id='line_1_71' title="bbox 417 3772 1985 3846; baseline 0.002 -19"><span class='ocrx_word' id='word_1_468' title='bbox 417 3788 513 3845; x_wconf 88' lang='lat' dir='ltr'><strong>per</strong></span> <span class='ocrx_word' id='word_1_469' title='bbox 545 3787 710 3844; x_wconf 87' lang='lat' dir='ltr'><strong>quam</strong></span> <span class='ocrx_word' id='word_1_470' title='bbox 763 3782 823 3826; x_wconf 80' lang='grc' dir='ltr'><strong>ιιι</strong></span> <span class='ocrx_word' id='word_1_471' title='bbox 846 3773 1177 3844; x_wconf 79' lang='lat' dir='ltr'><strong>eligerentur</strong></span> <span class='ocrx_word' id='word_1_472' title='bbox 1222 3774 1352 3841; x_wconf 92' lang='lat' dir='ltr'><strong>ipsis</strong></span> <span class='ocrx_word' id='word_1_473' title='bbox 1393 3773 1650 3846; x_wconf 83' lang='lat' dir='ltr'><strong>conligit!</strong></span> <span class='ocrx_word' id='word_1_474' title='bbox 1689 3772 1985 3846; x_wconf 86' lang='lat' dir='ltr'><strong>Propterea</strong></span> 
     </span>
    </p>
   </div>
   <div class='ocr_carea' id='block_1_72' title="bbox 2089 3772 3671 3852">
    <p class='ocr_par' dir='ltr' id='par_1_72' title="bbox 2092 3774 3671 3852">
     <span class='ocr_line' id='line_1_72' title="bbox 2092 3774 3671 3852; baseline -0.005 -18"><span class='ocrx_word' id='word_1_475' title='bbox 2092 3781 2188 3834; x_wconf 76' lang='grc' dir='ltr'><strong>καὶ</strong></span> <span class='ocrx_word' id='word_1_476' title='bbox 2223 3782 2455 3851; x_wconf 78' lang='grc' dir='ltr'>κράτους</span> <span class='ocrx_word' id='word_1_477' title='bbox 2476 3782 2689 3852; x_wconf 67' lang='grc' dir='ltr'>καρπὸν</span> <span class='ocrx_word' id='word_1_478' title='bbox 2713 3780 3026 3852; x_wconf 82' lang='grc' dir='ltr'>ἀποκυῆσαι</span> <span class='ocrx_word' id='word_1_479' title='bbox 3045 3777 3486 3849; x_wconf 82' lang='grc' dir='ltr'>κατηξιώθησαν.</span> <span class='ocrx_word' id='word_1_480' title='bbox 3520 3774 3671 3827; x_wconf 83' lang='grc' dir='ltr'>Ἔδει</span> 
     </span>
    </p>
   </div>
   <div class='ocr_carea' id='block_1_73' title="bbox 413 3865 1987 3943">
    <p class='ocr_par' dir='ltr' id='par_1_73' title="bbox 413 3865 1987 3938">
     <span class='ocr_line' id='line_1_73' title="bbox 413 3865 1987 3938; baseline 0.001 -16"><span class='ocrx_word' id='word_1_481' title='bbox 413 3867 559 3922; x_wconf 89' lang='lat' dir='ltr'><strong>enim</strong></span> <span class='ocrx_word' id='word_1_482' title='bbox 624 3866 1005 3921; x_wconf 83' lang='lat' dir='ltr'><strong>universorum</strong></span> <span class='ocrx_word' id='word_1_483' title='bbox 1071 3865 1314 3937; x_wconf 84' lang='lat' dir='ltr'><strong>reginam</strong></span> <span class='ocrx_word' id='word_1_484' title='bbox 1374 3875 1633 3937; x_wconf 85' lang='lat' dir='ltr'><strong>tanquam</strong></span> <span class='ocrx_word' id='word_1_485' title='bbox 1678 3867 1897 3938; x_wconf 88' lang='lat' dir='ltr'><strong>pietatis</strong></span> <span class='ocrx_word' id='word_1_486' title='bbox 1926 3884 1987 3924; x_wconf 91' lang='lat' dir='ltr'><strong>ac</strong></span> 
     </span>
    </p>
   </div>
   <div class='ocr_carea' id='block_1_74' title="bbox 2089 3865 3672 3943">
    <p class='ocr_par' dir='ltr' id='par_1_74' title="bbox 2092 3866 3672 3943">
     <span class='ocr_line' id='line_1_74' title="bbox 2092 3866 3672 3943; baseline -0.002 -20"><span class='ocrx_word' id='word_1_487' title='bbox 2092 3872 2157 3924; x_wconf 75' lang='grc' dir='ltr'>ὲκ</span> <span class='ocrx_word' id='word_1_488' title='bbox 2189 3871 2483 3941; x_wconf 84' lang='grc' dir='ltr'>βασιλικῶν</span> <span class='ocrx_word' id='word_1_489' title='bbox 2513 3873 2838 3943; x_wconf 82' lang='grc' dir='ltr'>φυτουργῶν</span> <span class='ocrx_word' id='word_1_490' title='bbox 2876 3871 2977 3941; x_wconf 81' lang='grc' dir='ltr'>τὴν</span> <span class='ocrx_word' id='word_1_491' title='bbox 3007 3870 3280 3941; x_wconf 81' lang='grc' dir='ltr'>βασίλειόν</span> <span class='ocrx_word' id='word_1_492' title='bbox 3314 3886 3374 3922; x_wconf 86' lang='grc' dir='ltr'><strong>σε</strong></span> <span class='ocrx_word' id='word_1_493' title='bbox 3404 3866 3672 3935; x_wconf 72' lang='grc' dir='ltr'>ἀναδοθῆο</span> 
     </span>
    </p>
   </div>
   <div class='ocr_carea' id='block_1_75' title="bbox 413 3955 1987 4033">
    <p class='ocr_par' dir='ltr' id='par_1_75' title="bbox 413 3956 1987 4028">
     <span class='ocr_line' id='line_1_75' title="bbox 413 3956 1987 4028; baseline 0.001 -15"><span class='ocrx_word' id='word_1_494' title='bbox 413 3957 749 4014; x_wconf 71' lang='lat' dir='ltr'><strong>fortitudinis</strong></span> <span class='ocrx_word' id='word_1_495' title='bbox 842 3956 1078 4011; x_wconf 87' lang='lat' dir='ltr'><strong>fructum</strong></span> <span class='ocrx_word' id='word_1_496' title='bbox 1153 3957 1477 4028; x_wconf 82' lang='lat' dir='ltr'><strong>progignere</strong></span> <span class='ocrx_word' id='word_1_497' title='bbox 1548 3969 1886 4015; x_wconf 90' lang='lat' dir='ltr'><strong>meruerunt.</strong></span> <span class='ocrx_word' id='word_1_498' title='bbox 1950 3962 1987 4015; x_wconf 89' lang='lat' dir='ltr'><strong>E</strong></span> 
     </span>
    </p>
   </div>
   <div class='ocr_carea' id='block_1_76' title="bbox 2089 3955 3673 4033">
    <p class='ocr_par' dir='ltr' id='par_1_76' title="bbox 2089 3955 3673 4033">
     <span class='ocr_line' id='line_1_76' title="bbox 2089 3955 3673 4033; baseline -0.006 -17"><span class='ocrx_word' id='word_1_499' title='bbox 2089 3980 2174 4016; x_wconf 89' lang='grc' dir='ltr'><strong>ναι</strong></span> <span class='ocrx_word' id='word_1_500' title='bbox 2208 3962 2437 4033; x_wconf 77' lang='grc' dir='ltr'>ρἀδον·</span> <span class='ocrx_word' id='word_1_501' title='bbox 2471 3963 2579 4017; x_wconf 79' lang='grc' dir='ltr'>ἔδει</span> <span class='ocrx_word' id='word_1_502' title='bbox 2624 3963 2689 4018; x_wconf 77' lang='grc' dir='ltr'>ὲκ</span> <span class='ocrx_word' id='word_1_503' title='bbox 2724 3962 3051 4031; x_wconf 85' lang='grc' dir='ltr'>περιουσιῶν</span> <span class='ocrx_word' id='word_1_504' title='bbox 3087 3961 3298 4033; x_wconf 86' lang='grc' dir='ltr'>ἀρετῶν</span> <span class='ocrx_word' id='word_1_505' title='bbox 3315 3960 3408 4013; x_wconf 85' lang='grc' dir='ltr'><strong>τὸν</strong></span> <span class='ocrx_word' id='word_1_506' title='bbox 3440 3955 3673 4026; x_wconf 73' lang='grc' dir='ltr'>ἄφθονόν</span> 
     </span>
    </p>
   </div>
   <div class='ocr_carea' id='block_1_77' title="bbox 410 4047 1987 4127">
    <p class='ocr_par' dir='ltr' id='par_1_77' title="bbox 410 4047 1987 4122">
     <span class='ocr_line' id='line_1_77' title="bbox 410 4047 1987 4122; baseline 0.002 -20"><span class='ocrx_word' id='word_1_507' title='bbox 410 4048 685 4119; x_wconf 83' lang='lat' dir='ltr'><strong>regalibus</strong></span> <span class='ocrx_word' id='word_1_508' title='bbox 715 4047 927 4103; x_wconf 90' lang='lat' dir='ltr'><strong>scilicet</strong></span> <span class='ocrx_word' id='word_1_509' title='bbox 950 4048 1381 4117; x_wconf 88' lang='lat' dir='ltr'><strong>plantationibus</strong></span> <span class='ocrx_word' id='word_1_510' title='bbox 1412 4059 1461 4103; x_wconf 92' lang='lat' dir='ltr'><strong>te</strong></span> <span class='ocrx_word' id='word_1_511' title='bbox 1504 4051 1741 4120; x_wconf 84' lang='lat' dir='ltr'><strong>regalem</strong></span> <span class='ocrx_word' id='word_1_512' title='bbox 1780 4053 1987 4122; x_wconf 80' lang='lat' dir='ltr'><strong>virgam</strong></span> 
     </span>
    </p>
   </div>
   <div class='ocr_carea' id='block_1_78' title="bbox 2089 4047 3668 4127">
    <p class='ocr_par' dir='ltr' id='par_1_78' title="bbox 2089 4048 3668 4127">
     <span class='ocr_line' id='line_1_78' title="bbox 2089 4048 3668 4127; baseline -0.004 -20"><span class='ocrx_word' id='word_1_513' title='bbox 2089 4071 2146 4107; x_wconf 88' lang='grc' dir='ltr'><strong>τε</strong></span> <span class='ocrx_word' id='word_1_514' title='bbox 2175 4055 2285 4108; x_wconf 91' lang='grc' dir='ltr'><strong>τῶν</strong></span> <span class='ocrx_word' id='word_1_515' title='bbox 2306 4056 2527 4123; x_wconf 76' lang='grc' dir='ltr'>ἀγαθῶν</span> <span class='ocrx_word' id='word_1_516' title='bbox 2554 4055 2929 4127; x_wconf 85' lang='grc' dir='ltr'>ὐπερχεθῆναι</span> <span class='ocrx_word' id='word_1_517' title='bbox 2960 4054 3221 4108; x_wconf 75' lang='grc' dir='ltr'>πλοῦτονο</span> <span class='ocrx_word' id='word_1_518' title='bbox 3255 4051 3364 4106; x_wconf 72' lang='grc' dir='ltr'>εδει</span> <span class='ocrx_word' id='word_1_519' title='bbox 3404 4067 3464 4105; x_wconf 87' lang='grc' dir='ltr'><strong>σε</strong></span> <span class='ocrx_word' id='word_1_520' title='bbox 3488 4048 3668 4104; x_wconf 82' lang='grc' dir='ltr'>τοιού-</span> 
     </span>
    </p>
   </div>
   <div class='ocr_carea' id='block_1_79' title="bbox 412 4137 1987 4219">
    <p class='ocr_par' dir='ltr' id='par_1_79' title="bbox 412 4137 1987 4210">
     <span class='ocr_line' id='line_1_79' title="bbox 412 4137 1987 4210; baseline 0.003 -18"><span class='ocrx_word' id='word_1_521' title='bbox 412 4139 644 4209; x_wconf 89' lang='lat' dir='ltr'><strong>proferri</strong></span> <span class='ocrx_word' id='word_1_522' title='bbox 707 4140 1018 4208; x_wconf 88' lang='lat' dir='ltr'><strong>oportebat.</strong></span> <span class='ocrx_word' id='word_1_523' title='bbox 1084 4137 1382 4209; x_wconf 90' lang='lat' dir='ltr'><strong>Oportebat</strong></span> <span class='ocrx_word' id='word_1_524' title='bbox 1452 4148 1510 4193; x_wconf 91' lang='lat' dir='ltr'><strong>ut</strong></span> <span class='ocrx_word' id='word_1_525' title='bbox 1559 4155 1626 4194; x_wconf 81' lang='lat' dir='ltr'><strong>ex</strong></span> <span class='ocrx_word' id='word_1_526' title='bbox 1683 4143 1987 4210; x_wconf 79' lang='lat' dir='ltr'><strong>omnigenis</strong></span> 
     </span>
    </p>
   </div>
   <div class='ocr_carea' id='block_1_80' title="bbox 2089 4137 3675 4219">
    <p class='ocr_par' dir='ltr' id='par_1_80' title="bbox 2089 4139 3675 4219">
     <span class='ocr_line' id='line_1_80' title="bbox 2089 4139 3675 4219; baseline -0.004 -20"><span class='ocrx_word' id='word_1_527' title='bbox 2089 4164 2196 4200; x_wconf 85' lang='grc' dir='ltr'>των</span> <span class='ocrx_word' id='word_1_528' title='bbox 2227 4147 2328 4217; x_wconf 67' lang='grc' dir='ltr'>μὲν</span> <span class='ocrx_word' id='word_1_529' title='bbox 2367 4148 2623 4219; x_wconf 81' lang='grc' dir='ltr'>πατέρων</span> <span class='ocrx_word' id='word_1_530' title='bbox 2668 4148 3003 4219; x_wconf 81' lang='grc' dir='ltr'>χρηματίσαι</span> <span class='ocrx_word' id='word_1_531' title='bbox 3045 4145 3342 4216; x_wconf 87' lang='grc' dir='ltr'>θυγατέρα,</span> <span class='ocrx_word' id='word_1_532' title='bbox 3384 4144 3582 4206; x_wconf 86' lang='grc' dir='ltr'>αὐτοὺς</span> <span class='ocrx_word' id='word_1_533' title='bbox 3616 4139 3675 4194; x_wconf 74' lang='grc' dir='ltr'>δὲ</span> 
     </span>
    </p>
   </div>
   <div class='ocr_carea' id='block_1_81' title="bbox 412 4231 1986 4307">
    <p class='ocr_par' dir='ltr' id='par_1_81' title="bbox 412 4231 1986 4307">
     <span class='ocr_line' id='line_1_81' title="bbox 412 4231 1986 4307; baseline 0.001 -21"><span class='ocrx_word' id='word_1_534' title='bbox 412 4231 708 4287; x_wconf 78' lang='lat' dir='ltr'><strong>virtutibus</strong></span> <span class='ocrx_word' id='word_1_535' title='bbox 738 4241 823 4298; x_wconf 86' lang='lat' dir='ltr'><strong>tu,</strong></span> <span class='ocrx_word' id='word_1_536' title='bbox 851 4231 1231 4302; x_wconf 81' lang='lat' dir='ltr'><strong>cepiosissima</strong></span> <span class='ocrx_word' id='word_1_537' title='bbox 1265 4233 1531 4287; x_wconf 86' lang='lat' dir='ltr'><strong>bonorum</strong></span> <span class='ocrx_word' id='word_1_538' title='bbox 1568 4235 1812 4288; x_wconf 91' lang='lat' dir='ltr'><strong>omnium</strong></span> <span class='ocrx_word' id='word_1_539' title='bbox 1850 4251 1986 4307; x_wconf 89' lang='lat' dir='ltr'><strong>opu-</strong></span> 
     </span>
    </p>
   </div>
   <div class='ocr_carea' id='block_1_82' title="bbox 487 4460 1988 4555">
    <p class='ocr_par' dir='ltr' id='par_1_82' title="bbox 487 4460 1988 4555">
     <span class='ocr_line' id='line_1_82' title="bbox 487 4460 1988 4555; baseline -0.001 -14"><span class='ocrx_word' id='word_1_540' title='bbox 487 4484 600 4555; x_wconf 80' lang='grc'><strong>(18)</strong></span> <span class='ocrx_word' id='word_1_541' title='bbox 637 4483 745 4538; x_wconf 76' lang='lat' dir='ltr'><strong>Fac</strong></span> <span class='ocrx_word' id='word_1_542' title='bbox 807 4480 1113 4555; x_wconf 85' lang='lat' dir='ltr'><strong>perpendas</strong></span> <span class='ocrx_word' id='word_1_543' title='bbox 1169 4482 1472 4555; x_wconf 77' lang='lat' dir='ltr'><strong>rationem,</strong></span> <span class='ocrx_word' id='word_1_544' title='bbox 1527 4494 1750 4555; x_wconf 85' lang='lat' dir='ltr'><strong>propter</strong></span> <span class='ocrx_word' id='word_1_545' title='bbox 1806 4460 1988 4555; x_wconf 74' lang='lat' dir='ltr'><strong>quam</strong></span> 
     </span>
    </p>
   </div>
   <div class='ocr_carea' id='block_1_83' title="bbox 413 4553 1988 4626">
    <p class='ocr_par' dir='ltr' id='par_1_83' title="bbox 413 4553 1988 4626">
     <span class='ocr_line' id='line_1_83' title="bbox 413 4553 1988 4626; baseline -0.003 -16"><span class='ocrx_word' id='word_1_546' title='bbox 413 4553 678 4626; x_wconf 77' lang='lat' dir='ltr'><strong>tanquam</strong></span> <span class='ocrx_word' id='word_1_547' title='bbox 736 4554 976 4626; x_wconf 77' lang='lat' dir='ltr'><strong>maxime</strong></span> <span class='ocrx_word' id='word_1_548' title='bbox 1013 4567 1329 4626; x_wconf 73' lang='lat' dir='ltr'><strong>congruum</strong></span> <span class='ocrx_word' id='word_1_549' title='bbox 1391 4553 1443 4606; x_wconf 88' lang='lat' dir='ltr'><strong>id</strong></span> <span class='ocrx_word' id='word_1_550' title='bbox 1506 4554 1790 4626; x_wconf 78' lang='lat' dir='ltr'><strong>probatur,</strong></span> <span class='ocrx_word' id='word_1_551' title='bbox 1841 4553 1988 4624; x_wconf 83' lang='lat' dir='ltr'><strong>quod</strong></span> 
     </span>
    </p>
   </div>
   <div class='ocr_carea' id='block_1_84' title="bbox 417 4623 1993 4689">
    <p class='ocr_par' dir='ltr' id='par_1_84' title="bbox 417 4623 1993 4689">
     <span class='ocr_line' id='line_1_84' title="bbox 417 4623 1993 4689; baseline -0.003 -6"><span class='ocrx_word' id='word_1_552' title='bbox 417 4623 617 4684; x_wconf 85' lang='lat' dir='ltr'><strong>novum</strong></span> <span class='ocrx_word' id='word_1_553' title='bbox 638 4623 863 4679; x_wconf 90' lang='lat' dir='ltr'><strong>omnino</strong></span> <span class='ocrx_word' id='word_1_554' title='bbox 887 4632 939 4678; x_wconf 90' lang='lat' dir='ltr'><strong>et</strong></span> <span class='ocrx_word' id='word_1_555' title='bbox 972 4623 1210 4677; x_wconf 72' lang='lat' dir='ltr'><strong>alienum</strong></span> <span class='ocrx_word' id='word_1_556' title='bbox 1244 4637 1271 4674; x_wconf 89' lang='lat' dir='ltr'><strong>a</strong></span> <span class='ocrx_word' id='word_1_557' title='bbox 1298 4623 1576 4678; x_wconf 87' lang='lat' dir='ltr'><strong>communi</strong></span> <span class='ocrx_word' id='word_1_558' title='bbox 1611 4623 1727 4689; x_wconf 77' lang='lat' dir='ltr'><strong>lege</strong></span> <span class='ocrx_word' id='word_1_559' title='bbox 1762 4623 1993 4680; x_wconf 84' lang='lat' dir='ltr'><strong>censen-</strong></span> 
     </span>
    </p>
   </div>
   <div class='ocr_carea' id='block_1_85' title="bbox 414 4676 2070 4761">
    <p class='ocr_par' dir='ltr' id='par_1_85' title="bbox 414 4676 2070 4761">
     <span class='ocr_line' id='line_1_85' title="bbox 414 4676 2070 4761; baseline -0.002 -9"><span class='ocrx_word' id='word_1_560' title='bbox 414 4676 701 4756; x_wconf 68' lang='lat' dir='ltr'><strong>fuit,</strong></span> <span class='ocrx_word' id='word_1_561' title='bbox 738 4676 997 4748; x_wconf 78' lang='lat' dir='ltr'><strong>feminam</strong></span> <span class='ocrx_word' id='word_1_562' title='bbox 1021 4706 1217 4760; x_wconf 88' lang='lat' dir='ltr'><strong>nempe</strong></span> <span class='ocrx_word' id='word_1_563' title='bbox 1243 4676 1351 4745; x_wconf 89' lang='lat' dir='ltr'><strong>Deo</strong></span> <span class='ocrx_word' id='word_1_564' title='bbox 1370 4695 1421 4745; x_wconf 90' lang='lat' dir='ltr'><strong>in</strong></span> <span class='ocrx_word' id='word_1_565' title='bbox 1439 4676 1638 4761; x_wconf 72' lang='lat' dir='ltr'><strong>templo</strong></span> <span class='ocrx_word' id='word_1_566' title='bbox 1657 4676 1991 4749; x_wconf 60' lang='lat' dir='ltr'><strong>consecrari.</strong></span> <span class='ocrx_word' id='word_1_567' title='bbox 2025 4676 2070 4731; x_wconf 79' lang='grc' dir='ltr'>Ῑ)</span> 
     </span>
    </p>
   </div>
   <div class='ocr_carea' id='block_1_86' title="bbox 416 4762 1987 4835">
    <p class='ocr_par' dir='ltr' id='par_1_86' title="bbox 416 4762 1987 4835">
     <span class='ocr_line' id='line_1_86' title="bbox 416 4762 1987 4835; baseline -0.003 -14"><span class='ocrx_word' id='word_1_568' title='bbox 416 4767 579 4835; x_wconf 87' lang='lat' dir='ltr'><strong>Quia,</strong></span> <span class='ocrx_word' id='word_1_569' title='bbox 613 4764 1034 4835; x_wconf 46' lang='lat' dir='ltr'><strong>inquitauctor,</strong></span> <span class='ocrx_word' id='word_1_570' title='bbox 1061 4762 1317 4835; x_wconf 65' lang='lat' dir='ltr'><strong>_pri_n_iiti&#39;.e</strong></span> <span class='ocrx_word' id='word_1_571' title='bbox 1350 4763 1459 4816; x_wconf 82' lang='lat' dir='ltr'><strong>Deo</strong></span> <span class='ocrx_word' id='word_1_572' title='bbox 1481 4762 1799 4818; x_wconf 67' lang='lat' dir='ltr'><strong>dedicandae</strong></span> <span class='ocrx_word' id='word_1_573' title='bbox 1825 4775 1987 4832; x_wconf 87' lang='lat' dir='ltr'><strong>sunt;</strong></span> 
     </span>
    </p>
   </div>
   <div class='ocr_carea' id='block_1_87' title="bbox 417 4832 1994 4906">
    <p class='ocr_par' dir='ltr' id='par_1_87' title="bbox 417 4832 1994 4906">
     <span class='ocr_line' id='line_1_87' title="bbox 417 4832 1994 4906; baseline -0.001 -15"><span class='ocrx_word' id='word_1_574' title='bbox 417 4832 537 4895; x_wconf 73' lang='lat' dir='ltr'><strong>sola</strong></span> <span class='ocrx_word' id='word_1_575' title='bbox 570 4832 735 4906; x_wconf 76' lang='lat' dir='ltr'><strong>porro</strong></span> <span class='ocrx_word' id='word_1_576' title='bbox 768 4833 943 4906; x_wconf 67' lang='lat' dir='ltr'><strong>Maria</strong></span> <span class='ocrx_word' id='word_1_577' title='bbox 989 4832 1358 4906; x_wconf 81' lang='lat' dir='ltr'><strong>primitiarunt</strong></span> <span class='ocrx_word' id='word_1_578' title='bbox 1394 4835 1645 4906; x_wconf 67' lang='lat' dir='ltr'><strong>humana;</strong></span> <span class='ocrx_word' id='word_1_579' title='bbox 1672 4844 1881 4890; x_wconf 62' lang='lat' dir='ltr'><strong>natura!</strong></span> <span class='ocrx_word' id='word_1_580' title='bbox 1916 4836 1994 4889; x_wconf 89' lang='lat' dir='ltr'><strong>lo-</strong></span> 
     </span>
    </p>
   </div>
   <div class='ocr_carea' id='block_1_88' title="bbox 417 4902 1994 4972">
    <p class='ocr_par' dir='ltr' id='par_1_88' title="bbox 417 4902 1994 4972">
     <span class='ocr_line' id='line_1_88' title="bbox 417 4902 1994 4972; baseline 0 -10"><span class='ocrx_word' id='word_1_581' title='bbox 417 4924 543 4962; x_wconf 88' lang='lat' dir='ltr'><strong>cum</strong></span> <span class='ocrx_word' id='word_1_582' title='bbox 573 4902 748 4961; x_wconf 76' lang='lat' dir='ltr'><strong>tenet.</strong></span> <span class='ocrx_word' id='word_1_583' title='bbox 808 4902 976 4957; x_wconf 80' lang='lat' dir='ltr'><strong>Maria</strong></span> <span class='ocrx_word' id='word_1_584' title='bbox 1021 4917 1149 4972; x_wconf 87' lang='lat' dir='ltr'><strong>ergo</strong></span> <span class='ocrx_word' id='word_1_585' title='bbox 1183 4903 1392 4971; x_wconf 85' lang='lat' dir='ltr'><strong>primus</strong></span> <span class='ocrx_word' id='word_1_586' title='bbox 1445 4915 1499 4958; x_wconf 89' lang='lat' dir='ltr'><strong>et</strong></span> <span class='ocrx_word' id='word_1_587' title='bbox 1545 4904 1743 4960; x_wconf 86' lang='lat' dir='ltr'><strong>unicus</strong></span> <span class='ocrx_word' id='word_1_588' title='bbox 1784 4906 1994 4962; x_wconf 84' lang='lat' dir='ltr'><strong>fructus</strong></span> 
     </span>
    </p>
   </div>
   <div class='ocr_carea' id='block_1_89' title="bbox 422 4974 1994 5048">
    <p class='ocr_par' dir='ltr' id='par_1_89' title="bbox 422 4974 1994 5048">
     <span class='ocr_line' id='line_1_89' title="bbox 422 4974 1994 5048; baseline -0.001 -16"><span class='ocrx_word' id='word_1_589' title='bbox 422 4977 768 5048; x_wconf 63' lang='lat' dir='ltr'><strong>praedicatur,</strong></span> <span class='ocrx_word' id='word_1_590' title='bbox 827 4988 990 5048; x_wconf 86' lang='lat' dir='ltr'><strong>quem</strong></span> <span class='ocrx_word' id='word_1_591' title='bbox 1049 4980 1247 5048; x_wconf 73' lang='lat' dir='ltr'><strong>natura</strong></span> <span class='ocrx_word' id='word_1_592' title='bbox 1294 4974 1531 5048; x_wconf 53' lang='lat' dir='ltr'><strong>luminaria</strong></span> <span class='ocrx_word' id='word_1_593' title='bbox 1582 4982 1841 5048; x_wconf 78' lang='lat' dir='ltr'><strong>tanquam</strong></span> <span class='ocrx_word' id='word_1_594' title='bbox 1899 4975 1994 5048; x_wconf 79' lang='lat' dir='ltr'><strong>Dei</strong></span> 
     </span>
    </p>
   </div>
   <div class='ocr_carea' id='block_1_90' title="bbox 421 5042 1993 5117">
    <p class='ocr_par' dir='ltr' id='par_1_90' title="bbox 421 5042 1993 5117">
     <span class='ocr_line' id='line_1_90' title="bbox 421 5042 1993 5117; baseline -0.004 -14"><span class='ocrx_word' id='word_1_595' title='bbox 421 5042 644 5117; x_wconf 78' lang='lat' dir='ltr'><strong>dignum</strong></span> <span class='ocrx_word' id='word_1_596' title='bbox 676 5042 856 5117; x_wconf 72' lang='lat' dir='ltr'><strong>instar</strong></span> <span class='ocrx_word' id='word_1_597' title='bbox 901 5042 1266 5117; x_wconf 66' lang='lat' dir='ltr'><strong>primitjarum</strong></span> <span class='ocrx_word' id='word_1_598' title='bbox 1314 5044 1512 5117; x_wconf 59' lang='lat' dir='ltr'><strong>diferre</strong></span> <span class='ocrx_word' id='word_1_599' title='bbox 1547 5042 1752 5117; x_wconf 77' lang='lat' dir='ltr'><strong>posset.</strong></span> <span class='ocrx_word' id='word_1_600' title='bbox 1802 5044 1993 5117; x_wconf 79' lang='lat' dir='ltr'><strong>Cogita</strong></span> 
     </span>
    </p>
   </div>
   <div class='ocr_carea' id='block_1_91' title="bbox 421 5111 1992 5183">
    <p class='ocr_par' dir='ltr' id='par_1_91' title="bbox 421 5111 1992 5183">
     <span class='ocr_line' id='line_1_91' title="bbox 421 5111 1992 5183; baseline 0.001 -14"><span class='ocrx_word' id='word_1_601' title='bbox 421 5111 572 5180; x_wconf 68' lang='lat' dir='ltr'><strong>vero,</strong></span> <span class='ocrx_word' id='word_1_602' title='bbox 601 5116 742 5169; x_wconf 87' lang='lat' dir='ltr'><strong>hanc</strong></span> <span class='ocrx_word' id='word_1_603' title='bbox 789 5114 859 5168; x_wconf 89' lang='lat' dir='ltr'><strong>de</strong></span> <span class='ocrx_word' id='word_1_604' title='bbox 913 5116 1026 5183; x_wconf 88' lang='lat' dir='ltr'><strong>ipsa</strong></span> <span class='ocrx_word' id='word_1_605' title='bbox 1076 5111 1318 5183; x_wconf 74' lang='lat' dir='ltr'><strong>Deiparze</strong></span> <span class='ocrx_word' id='word_1_606' title='bbox 1370 5111 1742 5181; x_wconf 82' lang='lat' dir='ltr'><strong>Conceptione</strong></span> <span class='ocrx_word' id='word_1_607' title='bbox 1771 5111 1992 5182; x_wconf 66' lang='lat' dir='ltr'><strong>efferri;</strong></span> 
     </span>
    </p>
   </div>
   <div class='ocr_carea' id='block_1_92' title="bbox 422 5183 1996 5255">
    <p class='ocr_par' dir='ltr' id='par_1_92' title="bbox 422 5183 1996 5255">
     <span class='ocr_line' id='line_1_92' title="bbox 422 5183 1996 5255; baseline 0.001 -15"><span class='ocrx_word' id='word_1_608' title='bbox 422 5202 487 5243; x_wconf 86' lang='lat' dir='ltr'><strong>ac</strong></span> <span class='ocrx_word' id='word_1_609' title='bbox 516 5184 812 5255; x_wconf 82' lang='lat' dir='ltr'><strong>perspicies</strong></span> <span class='ocrx_word' id='word_1_610' title='bbox 846 5184 1013 5247; x_wconf 89' lang='lat' dir='ltr'><strong>illico,</strong></span> <span class='ocrx_word' id='word_1_611' title='bbox 1039 5183 1307 5255; x_wconf 84' lang='lat' dir='ltr'><strong>ejusmodi</strong></span> <span class='ocrx_word' id='word_1_612' title='bbox 1341 5186 1667 5252; x_wconf 85' lang='lat' dir='ltr'><strong>sententias,</strong></span> <span class='ocrx_word' id='word_1_613' title='bbox 1700 5201 1839 5255; x_wconf 87' lang='lat' dir='ltr'><strong>quas</strong></span> <span class='ocrx_word' id='word_1_614' title='bbox 1874 5186 1996 5255; x_wconf 86' lang='lat' dir='ltr'><strong>plus</strong></span> 
     </span>
    </p>
   </div>
   <div class='ocr_carea' id='block_1_93' title="bbox 417 5253 1993 5324">
    <p class='ocr_par' dir='ltr' id='par_1_93' title="bbox 417 5253 1993 5324">
     <span class='ocr_line' id='line_1_93' title="bbox 417 5253 1993 5324; baseline -0.001 -12"><span class='ocrx_word' id='word_1_615' title='bbox 417 5257 588 5312; x_wconf 83' lang='lat' dir='ltr'><strong>semel</strong></span> <span class='ocrx_word' id='word_1_616' title='bbox 646 5253 702 5309; x_wconf 85' lang='lat' dir='ltr'><strong>in</strong></span> <span class='ocrx_word' id='word_1_617' title='bbox 764 5254 1010 5324; x_wconf 10' lang='lat' dir='ltr'><strong>Patrum!</strong></span> <span class='ocrx_word' id='word_1_618' title='bbox 1045 5253 1263 5320; x_wconf 83' lang='lat' dir='ltr'><strong>scriptis</strong></span> <span class='ocrx_word' id='word_1_619' title='bbox 1303 5256 1483 5324; x_wconf 82' lang='lat' dir='ltr'><strong>legere</strong></span> <span class='ocrx_word' id='word_1_620' title='bbox 1540 5265 1645 5320; x_wconf 89' lang='lat' dir='ltr'><strong>est,</strong></span> <span class='ocrx_word' id='word_1_621' title='bbox 1702 5253 1768 5310; x_wconf 78' lang='lat' dir='ltr'><strong>ex</strong></span> <span class='ocrx_word' id='word_1_622' title='bbox 1832 5253 1993 5311; x_wconf 77' lang='lat' dir='ltr'><strong>insita</strong></span> 
     </span>
    </p>
   </div>
   <div class='ocr_carea' id='block_1_94' title="bbox 419 5322 1996 5397">
    <p class='ocr_par' dir='ltr' id='par_1_94' title="bbox 419 5322 1996 5397">
     <span class='ocr_line' id='line_1_94' title="bbox 419 5322 1996 5397; baseline 0 -15"><span class='ocrx_word' id='word_1_623' title='bbox 419 5328 559 5396; x_wconf 88' lang='lat' dir='ltr'><strong>ipsis</strong></span> <span class='ocrx_word' id='word_1_624' title='bbox 582 5326 938 5395; x_wconf 89' lang='lat' dir='ltr'><strong>persuasione</strong></span> <span class='ocrx_word' id='word_1_625' title='bbox 980 5322 1049 5377; x_wconf 87' lang='lat' dir='ltr'><strong>de</strong></span> <span class='ocrx_word' id='word_1_626' title='bbox 1105 5333 1297 5380; x_wconf 83' lang='lat' dir='ltr'><strong>sancta</strong></span> <span class='ocrx_word' id='word_1_627' title='bbox 1344 5322 1587 5395; x_wconf 79' lang='lat' dir='ltr'><strong>Deiparae</strong></span> <span class='ocrx_word' id='word_1_628' title='bbox 1623 5326 1996 5397; x_wconf 84' lang='lat' dir='ltr'><strong>Conceptione</strong></span> 
     </span>
    </p>
   </div>
   <div class='ocr_carea' id='block_1_95' title="bbox 419 5397 943 5467">
    <p class='ocr_par' dir='ltr' id='par_1_95' title="bbox 419 5397 943 5467">
     <span class='ocr_line' id='line_1_95' title="bbox 419 5397 943 5467; baseline -0.006 -15"><span class='ocrx_word' id='word_1_629' title='bbox 419 5406 615 5467; x_wconf 87' lang='lat' dir='ltr'><strong>sponte</strong></span> <span class='ocrx_word' id='word_1_630' title='bbox 639 5397 943 5467; x_wconf 73' lang='lat' dir='ltr'><strong>dimanare.</strong></span> 
     </span>
    </p>
   </div>
   <div class='ocr_carea' id='block_1_96' title="bbox 492 5464 1995 5537">
    <p class='ocr_par' dir='ltr' id='par_1_96' title="bbox 492 5464 1995 5537">
     <span class='ocr_line' id='line_1_96' title="bbox 492 5464 1995 5537; baseline -0.001 -16"><span class='ocrx_word' id='word_1_631' title='bbox 492 5468 610 5537; x_wconf 82' lang='lat' dir='ltr'><strong>(l9)</strong></span> <span class='ocrx_word' id='word_1_632' title='bbox 645 5464 924 5519; x_wconf 90' lang='lat' dir='ltr'><strong>Sententia</strong></span> <span class='ocrx_word' id='word_1_633' title='bbox 956 5476 1063 5534; x_wconf 89' lang='lat' dir='ltr'><strong>qua</strong></span> <span class='ocrx_word' id='word_1_634' title='bbox 1094 5464 1380 5537; x_wconf 88' lang='lat' dir='ltr'><strong>Deiparam</strong></span> <span class='ocrx_word' id='word_1_635' title='bbox 1407 5475 1507 5537; x_wconf 74' lang='lat' dir='ltr'><strong>aut</strong></span> <span class='ocrx_word' id='word_1_636' title='bbox 1536 5481 1751 5536; x_wconf 88' lang='lat' dir='ltr'><strong>semper</strong></span> <span class='ocrx_word' id='word_1_637' title='bbox 1778 5483 1995 5536; x_wconf 82' lang='lat' dir='ltr'><strong>puram.</strong></span> 
     </span>
    </p>
   </div>
   <div class='ocr_carea' id='block_1_97' title="bbox 418 5534 1998 5606">
    <p class='ocr_par' dir='ltr' id='par_1_97' title="bbox 418 5534 1998 5606">
     <span class='ocr_line' id='line_1_97' title="bbox 418 5534 1998 5606; baseline 0.002 -16"><span class='ocrx_word' id='word_1_638' title='bbox 418 5534 511 5591; x_wconf 81' lang='lat' dir='ltr'><strong>aut</strong></span> <span class='ocrx_word' id='word_1_639' title='bbox 537 5534 751 5604; x_wconf 83' lang='lat' dir='ltr'><strong>semper</strong></span> <span class='ocrx_word' id='word_1_640' title='bbox 770 5544 1038 5606; x_wconf 77' lang='lat' dir='ltr'><strong>sanctam,</strong></span> <span class='ocrx_word' id='word_1_641' title='bbox 1059 5545 1151 5590; x_wconf 91' lang='lat' dir='ltr'><strong>aut</strong></span> <span class='ocrx_word' id='word_1_642' title='bbox 1174 5534 1389 5604; x_wconf 76' lang='lat' dir='ltr'><strong>semper</strong></span> <span class='ocrx_word' id='word_1_643' title='bbox 1407 5534 1514 5606; x_wconf 85' lang='lat' dir='ltr'><strong>Deo</strong></span> <span class='ocrx_word' id='word_1_644' title='bbox 1534 5534 1755 5591; x_wconf 81' lang='lat' dir='ltr'><strong>charam</strong></span> <span class='ocrx_word' id='word_1_645' title='bbox 1776 5534 1998 5606; x_wconf 80' lang='lat' dir='ltr'><strong>prolite-</strong></span> 
     </span>
    </p>
   </div>
   <div class='ocr_carea' id='block_1_98' title="bbox 420 5604 1994 5675">
    <p class='ocr_par' dir='ltr' id='par_1_98' title="bbox 420 5604 1994 5675">
     <span class='ocr_line' id='line_1_98' title="bbox 420 5604 1994 5675; baseline 0.001 -15"><span class='ocrx_word' id='word_1_646' title='bbox 420 5621 571 5671; x_wconf 84' lang='lat' dir='ltr'><strong>tnur,</strong></span> <span class='ocrx_word' id='word_1_647' title='bbox 595 5604 866 5675; x_wconf 86' lang='lat' dir='ltr'><strong>ejusmodi</strong></span> <span class='ocrx_word' id='word_1_648' title='bbox 893 5610 997 5666; x_wconf 88' lang='lat' dir='ltr'><strong>est,</strong></span> <span class='ocrx_word' id='word_1_649' title='bbox 1023 5620 1145 5673; x_wconf 66' lang='lat' dir='ltr'><strong>quae</strong></span> <span class='ocrx_word' id='word_1_650' title='bbox 1178 5606 1423 5661; x_wconf 88' lang='lat' dir='ltr'><strong>eamdem</strong></span> <span class='ocrx_word' id='word_1_651' title='bbox 1454 5605 1507 5658; x_wconf 88' lang='lat' dir='ltr'><strong>iu</strong></span> <span class='ocrx_word' id='word_1_652' title='bbox 1532 5607 1649 5675; x_wconf 89' lang='lat' dir='ltr'><strong>ipsa</strong></span> <span class='ocrx_word' id='word_1_653' title='bbox 1670 5609 1754 5661; x_wconf 86' lang='lat' dir='ltr'><strong>sui</strong></span> <span class='ocrx_word' id='word_1_654' title='bbox 1776 5604 1994 5662; x_wconf 75' lang='lat' dir='ltr'><strong>Conce-</strong></span> 
     </span>
    </p>
   </div>
   <div class='ocr_carea' id='block_1_99' title="bbox 461 5674 1993 5747">
    <p class='ocr_par' dir='ltr' id='par_1_99' title="bbox 461 5674 1993 5747">
     <span class='ocr_line' id='line_1_99' title="bbox 461 5674 1993 5747; baseline 0.001 -17"><span class='ocrx_word' id='word_1_655' title='bbox 461 5679 607 5732; x_wconf 83' lang='lat' dir='ltr'><strong>tione</strong></span> <span class='ocrx_word' id='word_1_656' title='bbox 622 5674 692 5730; x_wconf 80' lang='lat' dir='ltr'><strong>ab</strong></span> <span class='ocrx_word' id='word_1_657' title='bbox 713 5674 859 5747; x_wconf 87' lang='lat' dir='ltr'><strong>omni</strong></span> <span class='ocrx_word' id='word_1_658' title='bbox 880 5675 1000 5747; x_wconf 78' lang='lat' dir='ltr'><strong>labe</strong></span> <span class='ocrx_word' id='word_1_659' title='bbox 1023 5691 1238 5743; x_wconf 88' lang='lat' dir='ltr'><strong>puram,</strong></span> <span class='ocrx_word' id='word_1_660' title='bbox 1257 5690 1323 5729; x_wconf 88' lang='lat' dir='ltr'><strong>ac</strong></span> <span class='ocrx_word' id='word_1_661' title='bbox 1342 5674 1589 5730; x_wconf 82' lang='lat' dir='ltr'><strong>sanctam</strong></span> <span class='ocrx_word' id='word_1_662' title='bbox 1611 5679 1769 5745; x_wconf 86' lang='lat' dir='ltr'><strong>plane</strong></span> <span class='ocrx_word' id='word_1_663' title='bbox 1790 5681 1993 5747; x_wconf 74' lang='lat' dir='ltr'><strong>exigat.</strong></span> 
     </span>
    </p>
   </div>
   <div class='ocr_carea' id='block_1_100' title="bbox 448 5742 1998 5816">
    <p class='ocr_par' dir='ltr' id='par_1_100' title="bbox 448 5742 1998 5816">
     <span class='ocr_line' id='line_1_100' title="bbox 448 5742 1998 5816; baseline 0.004 -19"><span class='ocrx_word' id='word_1_664' title='bbox 448 5745 565 5816; x_wconf 66' lang='lat' dir='ltr'><strong>Ergo</strong></span> <span class='ocrx_word' id='word_1_665' title='bbox 598 5744 930 5799; x_wconf 83' lang='lat' dir='ltr'><strong>immaculati</strong></span> <span class='ocrx_word' id='word_1_666' title='bbox 950 5742 1185 5815; x_wconf 72' lang='lat' dir='ltr'><strong>Virginis</strong></span> <span class='ocrx_word' id='word_1_667' title='bbox 1213 5742 1801 5816; x_wconf 51' lang='lat' dir='ltr'><strong>Conceptusdis&#39;ertam</strong></span> <span class='ocrx_word' id='word_1_668' title='bbox 1834 5742 1998 5803; x_wconf 64' lang='lat' dir='ltr'><strong>habe-</strong></span> 
     </span>
    </p>
   </div>
   <div class='ocr_carea' id='block_1_101' title="bbox 420 5815 1995 5885">
    <p class='ocr_par' dir='ltr' id='par_1_101' title="bbox 420 5815 1995 5885">
     <span class='ocr_line' id='line_1_101' title="bbox 420 5815 1995 5885; baseline 0.004 -18"><span class='ocrx_word' id='word_1_669' title='bbox 420 5815 547 5885; x_wconf 80' lang='lat' dir='ltr'><strong>mus</strong></span> <span class='ocrx_word' id='word_1_670' title='bbox 601 5817 1002 5885; x_wconf 79' lang='lat' dir='ltr'><strong>professiOnem</strong></span> <span class='ocrx_word' id='word_1_671' title='bbox 1059 5817 1223 5870; x_wconf 90' lang='lat' dir='ltr'><strong>etiam</strong></span> <span class='ocrx_word' id='word_1_672' title='bbox 1273 5818 1326 5870; x_wconf 92' lang='lat' dir='ltr'><strong>in</strong></span> <span class='ocrx_word' id='word_1_673' title='bbox 1362 5815 1467 5871; x_wconf 90' lang='lat' dir='ltr'><strong>hoc</strong></span> <span class='ocrx_word' id='word_1_674' title='bbox 1507 5815 1695 5871; x_wconf 80' lang='lat' dir='ltr'><strong>Jacobi</strong></span> <span class='ocrx_word' id='word_1_675' title='bbox 1730 5819 1872 5880; x_wconf 84' lang='lat' dir='ltr'><strong>loco,</strong></span> <span class='ocrx_word' id='word_1_676' title='bbox 1903 5819 1995 5873; x_wconf 90' lang='lat' dir='ltr'><strong>ubi</strong></span> 
     </span>
    </p>
   </div>
   <div class='ocr_carea' id='block_1_102' title="bbox 426 5883 1995 5956">
    <p class='ocr_par' dir='ltr' id='par_1_102' title="bbox 426 5883 1995 5956">
     <span class='ocr_line' id='line_1_102' title="bbox 426 5883 1995 5956; baseline 0.002 -18"><span class='ocrx_word' id='word_1_677' title='bbox 426 5883 703 5956; x_wconf 74' lang='lat' dir='ltr'><strong>Virginem</strong></span> <span class='ocrx_word' id='word_1_678' title='bbox 734 5886 962 5954; x_wconf 75' lang='lat' dir='ltr'><strong>appellat</strong></span> <span class='ocrx_word' id='word_1_679' title='bbox 985 5888 1201 5956; x_wconf 88' lang='lat' dir='ltr'><strong>generis</strong></span> <span class='ocrx_word' id='word_1_680' title='bbox 1244 5887 1468 5942; x_wconf 89' lang='lat' dir='ltr'><strong>humani</strong></span> <span class='ocrx_word' id='word_1_681' title='bbox 1515 5904 1719 5954; x_wconf 78' lang='lat' dir='ltr'><strong>semper</strong></span> <span class='ocrx_word' id='word_1_682' title='bbox 1743 5890 1995 5941; x_wconf 82' lang='lat' dir='ltr'><strong>virentem</strong></span> 
     </span>
    </p>
   </div>
   <div class='ocr_carea' id='block_1_103' title="bbox 421 5955 1996 6025">
    <p class='ocr_par' dir='ltr' id='par_1_103' title="bbox 421 5955 1996 6025">
     <span class='ocr_line' id='line_1_103' title="bbox 421 5955 1996 6025; baseline 0.004 -16"><span class='ocrx_word' id='word_1_683' title='bbox 421 5955 829 6025; x_wconf 75' lang='lat' dir='ltr'><strong>gloriationem.</strong></span> <span class='ocrx_word' id='word_1_684' title='bbox 850 5956 962 6012; x_wconf 64' lang='lat' dir='ltr'><strong>l‘iisi</strong></span> <span class='ocrx_word' id='word_1_685' title='bbox 995 5955 1138 6012; x_wconf 82' lang='lat' dir='ltr'><strong>forte</strong></span> <span class='ocrx_word' id='word_1_686' title='bbox 1161 5958 1341 6013; x_wconf 89' lang='lat' dir='ltr'><strong>minus</strong></span> <span class='ocrx_word' id='word_1_687' title='bbox 1368 5958 1582 6013; x_wconf 81' lang='lat' dir='ltr'><strong>roboris</strong></span> <span class='ocrx_word' id='word_1_688' title='bbox 1608 5957 1792 6014; x_wconf 80' lang='lat' dir='ltr'><strong>Jacobi</strong></span> <span class='ocrx_word' id='word_1_689' title='bbox 1817 5960 1996 6015; x_wconf 84' lang='lat' dir='ltr'><strong>verbis</strong></span> 
     </span>
    </p>
   </div>
   <div class='ocr_carea' id='block_1_104' title="bbox 2088 4231 3677 4310">
    <p class='ocr_par' dir='ltr' id='par_1_104' title="bbox 2088 4231 3677 4310">
     <span class='ocr_line' id='line_1_104' title="bbox 2088 4231 3677 4310; baseline -0.005 -18"><span class='ocrx_word' id='word_1_690' title='bbox 2088 4238 2358 4310; x_wconf 69' lang='grc' dir='ltr'>θυγατρὸς</span> <span class='ocrx_word' id='word_1_691' title='bbox 2401 4237 2661 4309; x_wconf 88' lang='grc' dir='ltr'>τοιαύτης</span> <span class='ocrx_word' id='word_1_692' title='bbox 2692 4236 3080 4309; x_wconf 81' lang='grc' dir='ltr'>ἀναδειχθῆναι</span> <span class='ocrx_word' id='word_1_693' title='bbox 3118 4236 3384 4307; x_wconf 78' lang='grc' dir='ltr'>πατέρας.</span> <span class='ocrx_word' id='word_1_694' title='bbox 3429 4233 3534 4287; x_wconf 73' lang='grc' dir='ltr'><strong>Καὶ</strong></span> <span class='ocrx_word' id='word_1_695' title='bbox 3563 4231 3677 4303; x_wconf 81' lang='grc' dir='ltr'>γὰρ</span> 
     </span>
    </p>
   </div>
   <div class='ocr_carea' id='block_1_105' title="bbox 2101 4483 3677 4568">
    <p class='ocr_par' dir='ltr' id='par_1_105' title="bbox 2101 4483 3677 4568">
     <span class='ocr_line' id='line_1_105' title="bbox 2101 4483 3677 4568; baseline 0.001 -29"><span class='ocrx_word' id='word_1_696' title='bbox 2101 4487 2283 4568; x_wconf 65' lang='lat' dir='ltr'><strong>inesse</strong></span> <span class='ocrx_word' id='word_1_697' title='bbox 2315 4486 2438 4568; x_wconf 76' lang='lat' dir='ltr'><strong>ideo</strong></span> <span class='ocrx_word' id='word_1_698' title='bbox 2466 4485 2593 4568; x_wconf 76' lang='lat' dir='ltr'><strong>quis</strong></span> <span class='ocrx_word' id='word_1_699' title='bbox 2647 4492 2821 4568; x_wconf 77' lang='lat' dir='ltr'><strong>putet,</strong></span> <span class='ocrx_word' id='word_1_700' title='bbox 2854 4483 2981 4568; x_wconf 75' lang='lat' dir='ltr'><strong>quia</strong></span> <span class='ocrx_word' id='word_1_701' title='bbox 3018 4484 3258 4568; x_wconf 61' lang='lat' dir='ltr'><strong>figurata</strong></span> <span class='ocrx_word' id='word_1_702' title='bbox 3287 4483 3481 4568; x_wconf 51' lang='lat' dir='ltr'><strong>titiluq</strong></span> <span class='ocrx_word' id='word_1_703' title='bbox 3521 4484 3677 4540; x_wconf 82' lang='lat' dir='ltr'><strong>locu-</strong></span> 
     </span>
    </p>
   </div>
   <div class='ocr_carea' id='block_1_106' title="bbox 2105 4553 3678 4626">
    <p class='ocr_par' dir='ltr' id='par_1_106' title="bbox 2105 4553 3678 4626">
     <span class='ocr_line' id='line_1_106' title="bbox 2105 4553 3678 4626; baseline 0.001 -16"><span class='ocrx_word' id='word_1_704' title='bbox 2105 4559 2269 4610; x_wconf 87' lang='lat' dir='ltr'><strong>tione.</strong></span> <span class='ocrx_word' id='word_1_705' title='bbox 2311 4559 2375 4610; x_wconf 83' lang='grc' dir='ltr'>Αι</span> <span class='ocrx_word' id='word_1_706' title='bbox 2411 4553 2541 4626; x_wconf 87' lang='lat' dir='ltr'><strong>quid</strong></span> <span class='ocrx_word' id='word_1_707' title='bbox 2603 4553 2823 4617; x_wconf 79' lang='lat' dir='ltr'><strong>mirum,</strong></span> <span class='ocrx_word' id='word_1_708' title='bbox 2856 4553 2901 4609; x_wconf 83' lang='lat' dir='ltr'><strong>si</strong></span> <span class='ocrx_word' id='word_1_709' title='bbox 2931 4570 2996 4611; x_wconf 83' lang='lat' dir='ltr'><strong>ea</strong></span> <span class='ocrx_word' id='word_1_710' title='bbox 3046 4553 3259 4608; x_wconf 84' lang='lat' dir='ltr'><strong>dicendi</strong></span> <span class='ocrx_word' id='word_1_711' title='bbox 3285 4553 3517 4608; x_wconf 84' lang='lat' dir='ltr'><strong>formula</strong></span> <span class='ocrx_word' id='word_1_712' title='bbox 3545 4572 3678 4611; x_wconf 65' lang='lat' dir='ltr'><strong>usus</strong></span> 
     </span>
    </p>
   </div>
   <div class='ocr_carea' id='block_1_107' title="bbox 2104 4626 3679 4695">
    <p class='ocr_par' dir='ltr' id='par_1_107' title="bbox 2104 4626 3679 4695">
     <span class='ocr_line' id='line_1_107' title="bbox 2104 4626 3679 4695; baseline 0.001 -15"><span class='ocrx_word' id='word_1_713' title='bbox 2104 4636 2188 4681; x_wconf 87' lang='lat' dir='ltr'><strong>est</strong></span> <span class='ocrx_word' id='word_1_714' title='bbox 2214 4626 2475 4691; x_wconf 85' lang='lat' dir='ltr'><strong>Jacobus,</strong></span> <span class='ocrx_word' id='word_1_715' title='bbox 2505 4642 2669 4695; x_wconf 87' lang='lat' dir='ltr'><strong>quam</strong></span> <span class='ocrx_word' id='word_1_716' title='bbox 2699 4626 2951 4695; x_wconf 89' lang='lat' dir='ltr'><strong>pluribus</strong></span> <span class='ocrx_word' id='word_1_717' title='bbox 2974 4639 3335 4695; x_wconf 85' lang='lat' dir='ltr'><strong>communem</strong></span> <span class='ocrx_word' id='word_1_718' title='bbox 3370 4626 3679 4692; x_wconf 89' lang='lat' dir='ltr'><strong>reperimus</strong></span> 
     </span>
    </p>
   </div>
   <div class='ocr_carea' id='block_1_108' title="bbox 2096 4694 3674 4821">
    <p class='ocr_par' dir='ltr' id='par_1_108' title="bbox 2096 4694 3674 4821">
     <span class='ocr_line' id='line_1_108' title="bbox 2096 4694 3674 4821; baseline 0.001 -71"><span class='ocrx_word' id='word_1_719' title='bbox 2096 4697 2231 4821; x_wconf 53' lang='lat' dir='ltr'><strong>gjua</strong></span> <span class='ocrx_word' id='word_1_720' title='bbox 2285 4697 2352 4751; x_wconf 88' lang='lat' dir='ltr'><strong>de</strong></span> <span class='ocrx_word' id='word_1_721' title='bbox 2413 4712 2472 4751; x_wconf 90' lang='lat' dir='ltr'><strong>re</strong></span> <span class='ocrx_word' id='word_1_722' title='bbox 2526 4694 2590 4750; x_wconf 81' lang='lat' dir='ltr'><strong>in</strong></span> <span class='ocrx_word' id='word_1_723' title='bbox 2652 4694 3102 4759; x_wconf 75' lang='lat' dir='ltr'><strong>Cbmmentario),</strong></span> <span class='ocrx_word' id='word_1_724' title='bbox 3136 4696 3282 4747; x_wconf 88' lang='lat' dir='ltr'><strong>etin</strong></span> <span class='ocrx_word' id='word_1_725' title='bbox 3327 4694 3465 4761; x_wconf 86' lang='lat' dir='ltr'><strong>ipsis</strong></span> <span class='ocrx_word' id='word_1_726' title='bbox 3499 4698 3674 4752; x_wconf 79' lang='lat' dir='ltr'><strong>saci&#39;is</strong></span> 
     </span>
     <span class='ocr_line' id='line_1_109' title="bbox 2148 4763 3674 4821; baseline 0 -2"><span class='ocrx_word' id='word_1_727' title='bbox 2148 4768 2336 4821; x_wconf 72' lang='lat' dir='ltr'><strong>rientis</strong></span> <span class='ocrx_word' id='word_1_728' title='bbox 2384 4766 2640 4821; x_wconf 72' lang='lat' dir='ltr'><strong>Ecclesia:</strong></span> <span class='ocrx_word' id='word_1_729' title='bbox 2696 4765 2900 4821; x_wconf 74' lang='lat' dir='ltr'><strong>Ofﬁciis</strong></span> <span class='ocrx_word' id='word_1_730' title='bbox 2943 4765 3144 4821; x_wconf 71' lang='lat' dir='ltr'><strong>smnius</strong></span> <span class='ocrx_word' id='word_1_731' title='bbox 3200 4763 3530 4821; x_wconf 78' lang='lat' dir='ltr'><strong>relictitam?</strong></span> <span class='ocrx_word' id='word_1_732' title='bbox 3567 4767 3674 4820; x_wconf 83' lang='lat' dir='ltr'><strong>Ant</strong></span> 
     </span>
    </p>
   </div>
   <div class='ocr_carea' id='block_1_109' title="bbox 2148 4763 3677 4834">
    <p class='ocr_par' dir='ltr' id='par_1_109' title="bbox 2148 4763 3677 4834">
     <span class='ocr_line' id='line_1_110' title="bbox 2148 4763 3677 4834; baseline 0.001 -15"><span class='ocrx_word' id='word_1_733' title='bbox 2148 4763 2336 4822; x_wconf 72' lang='lat' dir='ltr'><strong>rientis</strong></span> <span class='ocrx_word' id='word_1_734' title='bbox 2384 4766 2640 4821; x_wconf 74' lang='lat' dir='ltr'><strong>Ecclesia:</strong></span> <span class='ocrx_word' id='word_1_735' title='bbox 2696 4765 2900 4821; x_wconf 86' lang='lat' dir='ltr'><strong>Olliciis</strong></span> <span class='ocrx_word' id='word_1_736' title='bbox 2943 4765 3144 4834; x_wconf 70' lang='lat' dir='ltr'><strong>smpius</strong></span> <span class='ocrx_word' id='word_1_737' title='bbox 3200 4763 3530 4834; x_wconf 80' lang='lat' dir='ltr'><strong>repetitam?</strong></span> <span class='ocrx_word' id='word_1_738' title='bbox 3567 4767 3677 4820; x_wconf 84' lang='lat' dir='ltr'><strong>Ant</strong></span> 
     </span>
    </p>
   </div>
   <div class='ocr_carea' id='block_1_110' title="bbox 2096 4833 3676 4906">
    <p class='ocr_par' dir='ltr' id='par_1_110' title="bbox 2096 4833 3676 4906">
     <span class='ocr_line' id='line_1_111' title="bbox 2096 4833 3676 4906; baseline 0.001 -17"><span class='ocrx_word' id='word_1_739' title='bbox 2096 4852 2371 4906; x_wconf 76' lang='lat' dir='ltr'><strong>quamam,</strong></span> <span class='ocrx_word' id='word_1_740' title='bbox 2404 4853 2613 4905; x_wconf 69' lang='lat' dir='ltr'><strong>quaeso.</strong></span> <span class='ocrx_word' id='word_1_741' title='bbox 2634 4837 2722 4891; x_wconf 86' lang='lat' dir='ltr'><strong>hic</strong></span> <span class='ocrx_word' id='word_1_742' title='bbox 2755 4833 3444 4906; x_wconf 64' lang='lat' dir='ltr'><strong>intelligereturviritlitas,</strong></span> <span class='ocrx_word' id='word_1_743' title='bbox 3478 4847 3676 4904; x_wconf 67' lang='lat' dir='ltr'><strong>praeter</strong></span> 
     </span>
    </p>
   </div>
   <div class='ocr_carea' id='block_1_111' title="bbox 2095 4904 3678 4977">
    <p class='ocr_par' dir='ltr' id='par_1_111' title="bbox 2095 4904 3678 4977">
     <span class='ocr_line' id='line_1_112' title="bbox 2095 4904 3678 4977; baseline -0.002 -15"><span class='ocrx_word' id='word_1_744' title='bbox 2095 4904 2239 4971; x_wconf 77' lang='lat' dir='ltr'><strong>eam,</strong></span> <span class='ocrx_word' id='word_1_745' title='bbox 2269 4904 2433 4976; x_wconf 85' lang='lat' dir='ltr'><strong>cujus</strong></span> <span class='ocrx_word' id='word_1_746' title='bbox 2468 4907 2642 4977; x_wconf 89' lang='lat' dir='ltr'><strong>gratia</strong></span> <span class='ocrx_word' id='word_1_747' title='bbox 2676 4917 2729 4961; x_wconf 88' lang='lat' dir='ltr'><strong>et</strong></span> <span class='ocrx_word' id='word_1_748' title='bbox 2767 4922 2954 4961; x_wconf 89' lang='lat' dir='ltr'><strong>ramus</strong></span> <span class='ocrx_word' id='word_1_749' title='bbox 3001 4904 3285 4977; x_wconf 64' lang='lat' dir='ltr'><strong>mysticus,</strong></span> <span class='ocrx_word' id='word_1_750' title='bbox 3329 4910 3386 4977; x_wconf 75' lang='lat' dir='ltr'><strong>et</strong></span> <span class='ocrx_word' id='word_1_751' title='bbox 3425 4906 3678 4977; x_wconf 84' lang='lat' dir='ltr'><strong>pulcher-</strong></span> 
     </span>
    </p>
   </div>
   <div class='ocr_carea' id='block_1_112' title="bbox 2097 4974 3673 5049">
    <p class='ocr_par' dir='ltr' id='par_1_112' title="bbox 2097 4974 3673 5049">
     <span class='ocr_line' id='line_1_113' title="bbox 2097 4974 3673 5049; baseline -0.001 -18"><span class='ocrx_word' id='word_1_752' title='bbox 2097 4978 2297 5049; x_wconf 86' lang='lat' dir='ltr'><strong>rimum</strong></span> <span class='ocrx_word' id='word_1_753' title='bbox 2334 4974 2559 5049; x_wconf 76' lang='lat' dir='ltr'><strong>germen</strong></span> <span class='ocrx_word' id='word_1_754' title='bbox 2594 4978 2793 5049; x_wconf 74' lang='lat' dir='ltr'><strong>ibidem</strong></span> <span class='ocrx_word' id='word_1_755' title='bbox 2831 4974 3229 5049; x_wconf 73' lang='lat' dir='ltr'><strong>proclamatnrl</strong></span> <span class='ocrx_word' id='word_1_756' title='bbox 3260 4974 3501 5049; x_wconf 75' lang='lat' dir='ltr'><strong>Denique</strong></span> <span class='ocrx_word' id='word_1_757' title='bbox 3525 4976 3673 5029; x_wconf 90' lang='lat' dir='ltr'><strong>nulla</strong></span> 
     </span>
    </p>
   </div>
   <div class='ocr_carea' id='block_1_113' title="bbox 2097 5047 3672 5113">
    <p class='ocr_par' dir='ltr' id='par_1_113' title="bbox 2097 5047 3672 5113">
     <span class='ocr_line' id='line_1_114' title="bbox 2097 5047 3672 5113; baseline -0.001 -12"><span class='ocrx_word' id='word_1_758' title='bbox 2097 5047 2410 5102; x_wconf 77' lang='lat' dir='ltr'><strong>obscuritas</strong></span> <span class='ocrx_word' id='word_1_759' title='bbox 2438 5057 2522 5102; x_wconf 88' lang='lat' dir='ltr'><strong>est</strong></span> <span class='ocrx_word' id='word_1_760' title='bbox 2550 5048 2603 5101; x_wconf 91' lang='lat' dir='ltr'><strong>in</strong></span> <span class='ocrx_word' id='word_1_761' title='bbox 2638 5048 2915 5101; x_wconf 89' lang='lat' dir='ltr'><strong>locutione</strong></span> <span class='ocrx_word' id='word_1_762' title='bbox 2951 5047 3201 5113; x_wconf 80' lang='lat' dir='ltr'><strong>ligurata,</strong></span> <span class='ocrx_word' id='word_1_763' title='bbox 3242 5047 3463 5113; x_wconf 86' lang='lat' dir='ltr'><strong>quando</strong></span> <span class='ocrx_word' id='word_1_764' title='bbox 3488 5051 3672 5099; x_wconf 87' lang='lat' dir='ltr'><strong>omni-</strong></span> 
     </span>
    </p>
   </div>
   <div class='ocr_carea' id='block_1_114' title="bbox 2097 5114 3676 5186">
    <p class='ocr_par' dir='ltr' id='par_1_114' title="bbox 2097 5114 3676 5186">
     <span class='ocr_line' id='line_1_115' title="bbox 2097 5114 3676 5186; baseline -0.001 -15"><span class='ocrx_word' id='word_1_765' title='bbox 2097 5117 2201 5171; x_wconf 88' lang='lat' dir='ltr'><strong>bus</strong></span> <span class='ocrx_word' id='word_1_766' title='bbox 2224 5129 2350 5171; x_wconf 89' lang='lat' dir='ltr'><strong>nota</strong></span> <span class='ocrx_word' id='word_1_767' title='bbox 2379 5126 2462 5171; x_wconf 90' lang='lat' dir='ltr'><strong>est</strong></span> <span class='ocrx_word' id='word_1_768' title='bbox 2491 5132 2555 5170; x_wconf 90' lang='lat' dir='ltr'><strong>ac</strong></span> <span class='ocrx_word' id='word_1_769' title='bbox 2602 5126 2814 5186; x_wconf 87' lang='lat' dir='ltr'><strong>recepta</strong></span> <span class='ocrx_word' id='word_1_770' title='bbox 2873 5117 3162 5177; x_wconf 80' lang='lat' dir='ltr'><strong>sententia,</strong></span> <span class='ocrx_word' id='word_1_771' title='bbox 3198 5130 3321 5183; x_wconf 64' lang='lat' dir='ltr'><strong>quae</strong></span> <span class='ocrx_word' id='word_1_772' title='bbox 3357 5114 3544 5186; x_wconf 82' lang='lat' dir='ltr'><strong>figuris</strong></span> <span class='ocrx_word' id='word_1_773' title='bbox 3574 5117 3676 5169; x_wconf 83' lang='lat' dir='ltr'><strong>ob-</strong></span> 
     </span>
    </p>
   </div>
   <div class='ocr_carea' id='block_1_115' title="bbox 2097 5184 3675 5242">
    <p class='ocr_par' dir='ltr' id='par_1_115' title="bbox 2097 5184 3675 5242">
     <span class='ocr_line' id='line_1_116' title="bbox 2097 5184 3675 5242; baseline 0 -4"><span class='ocrx_word' id='word_1_774' title='bbox 2097 5187 2358 5242; x_wconf 83' lang='lat' dir='ltr'><strong>volvitur.</strong></span> <span class='ocrx_word' id='word_1_775' title='bbox 2419 5188 2489 5240; x_wconf 82' lang='grc' dir='ltr'>Αι</span> <span class='ocrx_word' id='word_1_776' title='bbox 2543 5187 2684 5241; x_wconf 87' lang='lat' dir='ltr'><strong>banc</strong></span> <span class='ocrx_word' id='word_1_777' title='bbox 2728 5184 3070 5240; x_wconf 74' lang='lat' dir='ltr'><strong>sententiam</strong></span> <span class='ocrx_word' id='word_1_778' title='bbox 3123 5187 3468 5239; x_wconf 79' lang='lat' dir='ltr'><strong>notissimam</strong></span> <span class='ocrx_word' id='word_1_779' title='bbox 3502 5184 3675 5240; x_wconf 82' lang='lat' dir='ltr'><strong>fuisse</strong></span> 
     </span>
    </p>
   </div>
   <div class='ocr_carea' id='block_1_116' title="bbox 2099 5254 3676 5338">
    <p class='ocr_par' dir='ltr' id='par_1_116' title="bbox 2099 5254 3676 5338">
     <span class='ocr_line' id='line_1_117' title="bbox 2099 5254 3676 5338; baseline -0.001 -27"><span class='ocrx_word' id='word_1_780' title='bbox 2099 5258 2423 5338; x_wconf 60' lang='lat' dir='ltr'><strong>indepatet,</strong></span> <span class='ocrx_word' id='word_1_781' title='bbox 2451 5259 2597 5327; x_wconf 88' lang='lat' dir='ltr'><strong>quod</strong></span> <span class='ocrx_word' id='word_1_782' title='bbox 2628 5260 2679 5309; x_wconf 90' lang='lat' dir='ltr'><strong>in</strong></span> <span class='ocrx_word' id='word_1_783' title='bbox 2708 5258 2842 5338; x_wconf 77' lang='lat' dir='ltr'><strong>ipsis</strong></span> <span class='ocrx_word' id='word_1_784' title='bbox 2871 5258 3042 5338; x_wconf 81' lang='lat' dir='ltr'><strong>sacris</strong></span> <span class='ocrx_word' id='word_1_785' title='bbox 3072 5255 3369 5338; x_wconf 73' lang='lat' dir='ltr'><strong>Orientalis</strong></span> <span class='ocrx_word' id='word_1_786' title='bbox 3417 5254 3676 5338; x_wconf 64' lang='lat' dir='ltr'><strong>Ecclesiae.</strong></span> 
     </span>
    </p>
   </div>
   <div class='ocr_carea' id='block_1_117' title="bbox 2097 5326 3675 5395">
    <p class='ocr_par' dir='ltr' id='par_1_117' title="bbox 2097 5326 3675 5395">
     <span class='ocr_line' id='line_1_118' title="bbox 2097 5326 3675 5395; baseline -0.003 -13"><span class='ocrx_word' id='word_1_787' title='bbox 2097 5326 2303 5382; x_wconf 79' lang='lat' dir='ltr'><strong>Ofﬁciis</strong></span> <span class='ocrx_word' id='word_1_788' title='bbox 2334 5326 2559 5395; x_wconf 86' lang='lat' dir='ltr'><strong>Deipara</strong></span> <span class='ocrx_word' id='word_1_789' title='bbox 2584 5344 2689 5381; x_wconf 88' lang='lat' dir='ltr'><strong>non</strong></span> <span class='ocrx_word' id='word_1_790' title='bbox 2718 5328 2876 5382; x_wconf 88' lang='lat' dir='ltr'><strong>modo</strong></span> <span class='ocrx_word' id='word_1_791' title='bbox 2920 5336 3181 5394; x_wconf 84' lang='lat' dir='ltr'><strong>tanquam</strong></span> <span class='ocrx_word' id='word_1_792' title='bbox 3224 5326 3376 5395; x_wconf 91' lang='lat' dir='ltr'><strong>nullo</strong></span> <span class='ocrx_word' id='word_1_793' title='bbox 3406 5340 3514 5377; x_wconf 89' lang='lat' dir='ltr'><strong>non</strong></span> <span class='ocrx_word' id='word_1_794' title='bbox 3539 5334 3675 5379; x_wconf 83' lang='lat' dir='ltr'><strong>tem-</strong></span> 
     </span>
    </p>
   </div>
   <div class='ocr_carea' id='block_1_118' title="bbox 2098 5394 3677 5466">
    <p class='ocr_par' dir='ltr' id='par_1_118' title="bbox 2098 5394 3677 5466">
     <span class='ocr_line' id='line_1_119' title="bbox 2098 5394 3677 5466; baseline 0.001 -15"><span class='ocrx_word' id='word_1_795' title='bbox 2098 5413 2231 5466; x_wconf 88' lang='lat' dir='ltr'><strong>pore</strong></span> <span class='ocrx_word' id='word_1_796' title='bbox 2287 5394 2480 5452; x_wconf 82' lang='lat' dir='ltr'><strong>sancta</strong></span> <span class='ocrx_word' id='word_1_797' title='bbox 2537 5398 2936 5462; x_wconf 88' lang='lat' dir='ltr'><strong>celebrabatur,</strong></span> <span class='ocrx_word' id='word_1_798' title='bbox 2976 5398 3071 5451; x_wconf 88' lang='lat' dir='ltr'><strong>sed</strong></span> <span class='ocrx_word' id='word_1_799' title='bbox 3124 5396 3204 5449; x_wconf 88' lang='lat' dir='ltr'><strong>vel</strong></span> <span class='ocrx_word' id='word_1_800' title='bbox 3260 5394 3677 5452; x_wconf 84' lang='lat' dir='ltr'><strong>sublimissimis</strong></span> 
     </span>
    </p>
   </div>
   <div class='ocr_carea' id='block_1_119' title="bbox 2100 5466 3671 5537">
    <p class='ocr_par' dir='ltr' id='par_1_119' title="bbox 2100 5466 3671 5537">
     <span class='ocr_line' id='line_1_120' title="bbox 2100 5466 3671 5537; baseline -0.001 -16"><span class='ocrx_word' id='word_1_801' title='bbox 2100 5467 2387 5537; x_wconf 83' lang='lat' dir='ltr'><strong>Seraphiin</strong></span> <span class='ocrx_word' id='word_1_802' title='bbox 2434 5484 2635 5536; x_wconf 78' lang='lat' dir='ltr'><strong>semper</strong></span> <span class='ocrx_word' id='word_1_803' title='bbox 2682 5469 2942 5521; x_wconf 76' lang='lat' dir='ltr'><strong>sanctior.</strong></span> <span class='ocrx_word' id='word_1_804' title='bbox 2982 5466 3073 5537; x_wconf 65' lang='lat' dir='ltr'><strong>Sic</strong></span> <span class='ocrx_word' id='word_1_805' title='bbox 3104 5467 3251 5519; x_wconf 90' lang='lat' dir='ltr'><strong>enim</strong></span> <span class='ocrx_word' id='word_1_806' title='bbox 3286 5481 3340 5518; x_wconf 87' lang='lat' dir='ltr'><strong>In</strong></span> <span class='ocrx_word' id='word_1_807' title='bbox 3373 5467 3512 5537; x_wconf 75' lang='lat' dir='ltr'><strong>festo</strong></span> <span class='ocrx_word' id='word_1_808' title='bbox 3537 5482 3671 5521; x_wconf 85' lang='lat' dir='ltr'><strong>san-</strong></span> 
     </span>
    </p>
   </div>
   <div class='ocr_carea' id='block_1_120' title="bbox 2098 5534 3672 5607">
    <p class='ocr_par' dir='ltr' id='par_1_120' title="bbox 2098 5534 3672 5607">
     <span class='ocr_line' id='line_1_121' title="bbox 2098 5534 3672 5607; baseline 0.001 -17"><span class='ocrx_word' id='word_1_809' title='bbox 2098 5539 2170 5590; x_wconf 89' lang='lat' dir='ltr'><strong>cti</strong></span> <span class='ocrx_word' id='word_1_810' title='bbox 2199 5534 2459 5606; x_wconf 82' lang='lat' dir='ltr'><strong>martyris</strong></span> <span class='ocrx_word' id='word_1_811' title='bbox 2515 5534 2886 5604; x_wconf 76' lang='lat' dir='ltr'><strong>Atlicnogenis</strong></span> <span class='ocrx_word' id='word_1_812' title='bbox 2939 5536 3123 5607; x_wconf 66' lang='lat' dir='ltr'><strong>(Mem.</strong></span> <span class='ocrx_word' id='word_1_813' title='bbox 3162 5537 3253 5589; x_wconf 86' lang='lat' dir='ltr'><strong>die</strong></span> <span class='ocrx_word' id='word_1_814' title='bbox 3309 5551 3423 5598; x_wconf 78' lang='lat' dir='ltr'><strong>xvr,</strong></span> <span class='ocrx_word' id='word_1_815' title='bbox 3457 5534 3567 5590; x_wconf 85' lang='lat' dir='ltr'><strong>Jul.</strong></span> <span class='ocrx_word' id='word_1_816' title='bbox 3603 5540 3672 5592; x_wconf 77' lang='lat' dir='ltr'><strong>ad</strong></span> 
     </span>
    </p>
   </div>
   <div class='ocr_carea' id='block_1_121' title="bbox 2101 5607 3675 5675">
    <p class='ocr_par' dir='ltr' id='par_1_121' title="bbox 2101 5607 3675 5675">
     <span class='ocr_line' id='line_1_122' title="bbox 2101 5607 3675 5675; baseline 0 -15"><span class='ocrx_word' id='word_1_817' title='bbox 2101 5609 2351 5662; x_wconf 73' lang='lat' dir='ltr'><strong>Matutin.</strong></span> <span class='ocrx_word' id='word_1_818' title='bbox 2393 5609 2497 5663; x_wconf 83' lang='lat' dir='ltr'><strong>Od.</strong></span> <span class='ocrx_word' id='word_1_819' title='bbox 2549 5611 2620 5675; x_wconf 86' lang='grc' dir='ltr'><strong>γ’)</strong></span> <span class='ocrx_word' id='word_1_820' title='bbox 2668 5626 2679 5659; x_wconf 88' lang='lat'><strong>:</strong></span> <span class='ocrx_word' id='word_1_821' title='bbox 2736 5607 2895 5661; x_wconf 63' lang='lat' dir='ltr'><strong>Cattis</strong></span> <span class='ocrx_word' id='word_1_822' title='bbox 2939 5607 3216 5661; x_wconf 75' lang='lat' dir='ltr'><strong>sublimior</strong></span> <span class='ocrx_word' id='word_1_823' title='bbox 3264 5607 3584 5675; x_wconf 78' lang='lat' dir='ltr'><strong>apparuisti,</strong></span> <span class='ocrx_word' id='word_1_824' title='bbox 3644 5625 3675 5660; x_wconf 83' lang='grc' dir='ltr'><strong>ο</strong></span> 
     </span>
    </p>
   </div>
   <div class='ocr_carea' id='block_1_122' title="bbox 2097 5677 3677 5747">
    <p class='ocr_par' dir='ltr' id='par_1_122' title="bbox 2097 5677 3677 5747">
     <span class='ocr_line' id='line_1_123' title="bbox 2097 5677 3677 5747; baseline -0.001 -15"><span class='ocrx_word' id='word_1_825' title='bbox 2097 5678 2379 5742; x_wconf 64' lang='lat' dir='ltr'><strong>Innocenti,</strong></span> <span class='ocrx_word' id='word_1_826' title='bbox 2408 5690 2456 5732; x_wconf 79' lang='lat' dir='ltr'><strong>et</strong></span> <span class='ocrx_word' id='word_1_827' title='bbox 2483 5677 2763 5745; x_wconf 73' lang='lat' dir='ltr'><strong>Seraphim</strong></span> <span class='ocrx_word' id='word_1_828' title='bbox 2786 5695 2988 5745; x_wconf 77' lang='lat' dir='ltr'><strong>semper</strong></span> <span class='ocrx_word' id='word_1_829' title='bbox 3036 5677 3294 5739; x_wconf 79' lang='lat' dir='ltr'><strong>sanctior,</strong></span> <span class='ocrx_word' id='word_1_830' title='bbox 3329 5687 3506 5743; x_wconf 84' lang='lat' dir='ltr'><strong>utpote</strong></span> <span class='ocrx_word' id='word_1_831' title='bbox 3557 5693 3677 5747; x_wconf 81' lang='lat' dir='ltr'><strong>qua:</strong></span> 
     </span>
    </p>
   </div>
   <div class='ocr_carea' id='block_1_123' title="bbox 2100 5747 3678 5817">
    <p class='ocr_par' dir='ltr' id='par_1_123' title="bbox 2100 5747 3678 5817">
     <span class='ocr_line' id='line_1_124' title="bbox 2100 5747 3678 5817; baseline 0.001 -16"><span class='ocrx_word' id='word_1_832' title='bbox 2100 5754 2465 5803; x_wconf 83' lang='lat' dir='ltr'><strong>universorum</strong></span> <span class='ocrx_word' id='word_1_833' title='bbox 2532 5750 2818 5803; x_wconf 80' lang='lat' dir='ltr'><strong>Dominum</strong></span> <span class='ocrx_word' id='word_1_834' title='bbox 2874 5766 2938 5801; x_wconf 86' lang='lat' dir='ltr'><strong>ac</strong></span> <span class='ocrx_word' id='word_1_835' title='bbox 2998 5747 3189 5817; x_wconf 85' lang='lat' dir='ltr'><strong>Regem</strong></span> <span class='ocrx_word' id='word_1_836' title='bbox 3256 5764 3422 5816; x_wconf 85' lang='lat' dir='ltr'><strong>supra</strong></span> <span class='ocrx_word' id='word_1_837' title='bbox 3467 5759 3678 5803; x_wconf 69' lang='lat' dir='ltr'><strong>nature</strong></span> 
     </span>
    </p>
   </div>
   <div class='ocr_carea' id='block_1_124' title="bbox 2100 5818 3674 5890">
    <p class='ocr_par' dir='ltr' id='par_1_124' title="bbox 2100 5818 3674 5890">
     <span class='ocr_line' id='line_1_125' title="bbox 2100 5818 3674 5890; baseline -0.001 -17"><span class='ocrx_word' id='word_1_838' title='bbox 2100 5821 2235 5889; x_wconf 72' lang='lat' dir='ltr'><strong>leges</strong></span> <span class='ocrx_word' id='word_1_839' title='bbox 2275 5818 2777 5890; x_wconf 65' lang='lat' dir='ltr'><strong>genuisti.(&#39;9:pO‘q;</strong></span> <span class='ocrx_word' id='word_1_840' title='bbox 2812 5818 3084 5889; x_wconf 85' lang='grc' dir='ltr'>οὐρανῶν,</span> <span class='ocrx_word' id='word_1_841' title='bbox 3121 5818 3674 5890; x_wconf 11' lang='grc' dir='ltr'>Ἀγγνὴηύψηλοτέρα,</span> 
     </span>
    </p>
   </div>
   <div class='ocr_carea' id='block_1_125' title="bbox 2099 5888 3676 5960">
    <p class='ocr_par' dir='ltr' id='par_1_125' title="bbox 2099 5888 3676 5960">
     <span class='ocr_line' id='line_1_126' title="bbox 2099 5888 3676 5960; baseline -0.001 -17"><span class='ocrx_word' id='word_1_842' title='bbox 2099 5888 2196 5943; x_wconf 78' lang='grc' dir='ltr'><strong>καὶ</strong></span> <span class='ocrx_word' id='word_1_843' title='bbox 2249 5888 2359 5943; x_wconf 85' lang='grc' dir='ltr'><strong>τῶν</strong></span> <span class='ocrx_word' id='word_1_844' title='bbox 2407 5888 2666 5960; x_wconf 76' lang='grc' dir='ltr'>Σεραφὶμ</span> <span class='ocrx_word' id='word_1_845' title='bbox 2697 5890 2785 5942; x_wconf 80' lang='grc' dir='ltr'><strong>ἀεὶ</strong></span> <span class='ocrx_word' id='word_1_846' title='bbox 2826 5888 3125 5958; x_wconf 82' lang='grc' dir='ltr'>ἁγιωτέρα,</span> <span class='ocrx_word' id='word_1_847' title='bbox 3160 5889 3237 5952; x_wconf 84' lang='grc' dir='ltr'>ὡς</span> <span class='ocrx_word' id='word_1_848' title='bbox 3274 5888 3384 5941; x_wconf 83' lang='grc' dir='ltr'><strong>τῶν</strong></span> <span class='ocrx_word' id='word_1_849' title='bbox 3417 5889 3676 5942; x_wconf 83' lang='grc' dir='ltr'>ἁπάντων</span> 
     </span>
    </p>
   </div>
   <div class='ocr_carea' id='block_1_126' title="bbox 2099 5958 3530 6033">
    <p class='ocr_par' dir='ltr' id='par_1_126' title="bbox 2099 5958 3530 6033">
     <span class='ocr_line' id='line_1_127' title="bbox 2099 5958 3530 6033; baseline -0.003 -19"><span class='ocrx_word' id='word_1_850' title='bbox 2099 5964 2376 6033; x_wconf 82' lang='grc' dir='ltr'>Δεσπότην</span> <span class='ocrx_word' id='word_1_851' title='bbox 2411 5958 2753 6016; x_wconf 70' lang='grc' dir='ltr'>καὶΒασιλέα</span> <span class='ocrx_word' id='word_1_852' title='bbox 2774 5960 3068 6029; x_wconf 72' lang='grc' dir='ltr'>ὑπερφυῶς</span> <span class='ocrx_word' id='word_1_853' title='bbox 3097 5962 3530 6030; x_wconf 77' lang='grc' dir='ltr'>κυοφορήσασα).</span> 
     </span>
    </p>
   </div>
  </div>
