4104 6430
486 401 599 462 5τὸ

1318 402 1605 463 ORATIO
1640 404 1718 463 IN
1754 402 2343 463 CONCEl’TlUNE.“
2382 405 2485 463 SS.
2530 403 2908 465 DEIPARJE.

3670 403 3778 468 566

480 516 545 569 ῶς
570 531 673 586 περ
703 516 768 569 σύ
793 516 892 586 τῆς
915 517 1134 588 ἀπάσης
1157 518 1389 581 κτίσεως
1419 520 1498 581 εἰς
1521 518 1657 572 Θεοῦ
1688 518 1924 613 Μητέρα
1953 534 2087 587 προ-

2199 518 2385 583 letma,
2418 518 2688 587 prodires.
2718 517 3036 586 Oportebat,
3071 524 3130 573 ut
3175 517 3445 588 ejusmodi
3481 528 3777 589 parentum

479 607 760 678 εξελέγης,
781 607 959 673 οὕτως
988 610 1145 664 αὐτοὶ
1173 609 1280 663 τῶν
1303 610 1572 663 τεκόντων
1603 607 1862 664 ἁπάντων
1891 627 2084 681 προτι-

484 700 732 769 μηθῆναι
763 702 1203 774 κατηξιώθησαν.
1247 703 1334 766 Ὠς
1370 703 1901 775 ὐπερδεδοξασμὲνον
1952 702 2084 771 γοῦν

481 792 545 844 τὸ
579 793 679 862 τῆς
719 796 1065 866 προμηθείας
1109 795 1395 866 μεγαλεῖον
1426 811 1439 824 ⁸
1469 796 1546 859 ῶς
1573 796 1780 865 ἐφετῶν
1826 795 2084 850 ἁπάντων

483 886 867 958 ποθεινότερα,
897 889 966 942 τὰ
994 889 1083 943 διὰ
1113 888 1207 941 σοῦ
1236 889 1660 958 παραγενόμενα
1692 887 1853 942 καλά.

2194 620 2251 665 ιιι
2290 627 2441 667 esses
2506 611 2637 674 lilia,
2689 611 2791 679 ipsi
2844 625 2975 664 vero
3032 610 3307 679 ejusmodi
3351 610 3475 664 tiliae
3523 622 3779 680 parentes

2191 714 2396 758 essent.
2434 702 2590 758 Sicut
2641 705 2786 757 cnim
2838 703 2893 758 in
2943 702 3036 757 Dei
3083 702 3312 759 Matrem
3361 719 3470 772 prae
3516 704 3777 760 onmibus

2191 797 2461 850 creaturis
2495 795 2780 865 praelecta
2821 804 2878 851 tu
2910 796 3095 863 fuisti;
3130 799 3211 853 sic
3241 797 3341 866 ipsi
3377 813 3484 865 prae
3515 797 3778 852 omnibus

2186 888 2530 958 genitoribus
2542 889 2898 944 condecorari
2918 899 3359 959 promeruerunt.
3386 888 3558 955 Quam
3585 890 3771 957 itaque

480 981 638 1036 omni
679 981 849 1051 gloria
910 982 1085 1052 major
1140 992 1223 1037 est
1276 981 1632 1051 providentia!
1673 981 1872 1035 divinae
1928 977 2366 1051 magniﬁcentia!
2422 998 2588 1053 quam
2651 981 3040 1038 desiderabilia
3075 996 3185 1051 pra‘:
3216 983 3427 1037 cunctis
3478 981 3778 1035 desidera-

484 1076 691 1132 bilibus
712 1086 843 1130 sunt
871 1076 1034 1143 bona,
1059 1093 1179 1148 qua:
1206 1092 1301 1148 per
1332 1089 1380 1131 te
1418 1085 1572 1147 parta
1604 1086 1732 1130 sunt
1757 1078 1771 1131 ι

556 1167 943 1239 Λαληθήσεται
982 1170 1094 1239 γὰρ
1120 1171 1234 1232 τοῖς
1266 1168 1403 1222 πᾶσι
1433 1167 1500 1219 τὰ
1548 1168 1678 1238 περὶ
1709 1165 1804 1221 σοῦ
1834 1182 1850 1197 ⁸
1906 1164 2077 1235 λαλη-

486 1262 720 1333 θήσεται
752 1262 844 1314 καὶ
878 1261 1306 1333 κηρυχθήσεται,
1338 1263 1439 1316 οὐκ
1473 1265 1563 1317 ἐπὶ
1596 1262 1699 1330 γῆς
1725 1260 1908 1330 μόνον,
1942 1257 2080 1312 ἀλλὰ

487 1356 589 1407 καὶ
622 1356 680 1408 ἐν
706 1354 955 1424 οὐρανοῖς
992 1372 1007 1387 ⁸
1040 1354 1144 1407 οὐκ
1175 1355 1551 1425 ἀνθρωπίναις
1574 1356 1789 1419 ἀκοαῖς,
1821 1353 1957 1407 ἀλλὰ
1987 1355 2080 1408 καὶ

485 1442 671 1507 θείαις
694 1444 1094 1516 ὲνηχηθὴσεται
1117 1447 1357 1517 νοήσεσι.
1389 1446 1500 1499 Καὶ
1523 1447 1632 1516 γάρ
1663 1448 1689 1498 ὁ
1713 1443 1877 1497 Δαυῖδ
1906 1443 2080 1496 ταῦτα

486 1535 942 1605 πρωνεφὼνησε,
984 1537 1078 1590 καὶ
1106 1536 1183 1599 ὡς
1212 1537 1517 1608 γενομένην
1552 1538 1651 1608 τὴν
1680 1538 1790 1589 τῶν
1847 1536 2072 1606 μελλόν-

483 1646 600 1682 των
637 1628 1366 1699 προανεκήρυξεν,ἔκ6ασιν,
1407 1630 1506 1701 τὴν
1541 1629 1917 1701 ἀπαραίτητον
1964 1630 2075 1683 τῶν

482 1721 767 1789 ἐσομένων
818 1720 1078 1790 ἀλήθειαν
1111 1761 1126 1786 ,
1199 1720 1276 1792 τῷ
1326 1723 1687 1794 παρῳχηκότι
1732 1721 2076 1792 διασημᾶνας

482 1814 668 1884 χρόνῳ
699 1829 714 1844 ⁸
747 1812 1173 1881 Δεδοξασμένα
1211 1813 1344 1883 γὰρ,
1397 1815 1588 1884 φησιν,
1630 1812 1900 1880 ἐλαλήθη
1939 1813 2075 1881 περὶ

479 1906 638 1970 σοῦ,
675 1907 713 1974 ἡ
747 1906 925 1971 πόλις
959 1906 1067 1960 τοῦ
1092 1906 1264 1961 Θεοῦ.
1293 1905 1672 1976 Δεδοξασμένα
1703 1905 1845 1974 ὑπὲρ
1894 1906 2076 1958 πᾶσαν

480 1997 852 2068 διηγουμένην
907 1998 1067 2063 δόξαν
1101 2014 1115 2029 ·
1172 1998 1540 2069 δεδοξασμένα
1607 2000 1731 2062 ταῖς
1809 1996 2075 2051 ἀνωτάτω

478 2089 753 2159 δυνάμεσι
793 2106 807 2120 ο
840 2089 1187 2161 τετιμημένα
1217 2093 1314 2147 καὶ
1342 2090 1559 2161 ποθητὰ
1595 2092 1705 2155 τοῖς
1756 2090 2077 2161 ὀμογενέσιν

478 2178 820 2250 ἀνθρώποις,
846 2180 1164 2250 ἐπιθυμητά
1192 2182 1585 2253 πατριάρχαις,
1629 2182 1802 2235 σεπτά
1856 2181 2076 2252 προπά-

478 2288 697 2341 τορσιν,
756 2273 1091 2345 ἀνάγραπτα
1152 2276 1247 2329 καὶ
1296 2272 1537 2347 ζητητέα
1590 2277 1917 2347 προφήταις.
1978 2275 2077 2328 Διά

476 2365 662 2421 ταῦτα
691 2367 842 2420 πᾶσα
876 2367 1055 2431 κτίσις
1083 2368 1441 2438 εὐφραίνεται
1470 2386 1483 2400 ⁸
1516 2368 1731 2433 τούτοις
1782 2368 2079 2437 ἀγγελικαὶ

480 2460 806 2530 συνήδονται
834 2462 1084 2532 στρατιαί
1122 2476 1138 2492 ⁸
1171 2461 1383 2526 τούτοις
1410 2463 1438 2516 ό
1466 2461 1688 2534 σύμπας
1719 2462 2077 2534 ὲνωραίζεται

478 2552 717 2621 κόσμος.
757 2552 845 2615 Ὠς
880 2554 1143 2625 μακάριοι
1180 2554 1278 2624 τῆς
1322 2554 1715 2625 ἐντρυφήσεως
1770 2555 1821 2607 oi
1869 2553 2076 2606 τούτων

484 2645 608 2697 κατ’
636 2644 795 2709 ἀξίαν
817 2645 1187 2699 ὲπαπολαύειν
1218 2646 1494 2717 τυχόντες.
1551 2645 1702 2718 Λῦτη
1736 2648 1845 2716 γὰρ
1878 2645 1945 2699 ἂν
1988 2644 2073 2716 εἴη

489 2735 625 2804 μόνη
654 2735 882 2798 δικαίως
915 2735 1242 2801 ἀπόλαυσις,
1305 2736 1445 2807 αῦτη
1498 2738 1679 2809 τρυφή
1737 2738 1885 2790 ἐστιν
1943 2736 2076 2789 ἀδα-

493 2825 749 2896 πᾶνητος,
783 2828 817 2896 ὴ
840 2828 952 2880 τῶν
987 2828 1096 2882 σῶν
1127 2828 1330 2900 δηλαδὴ
1362 2828 1699 2900 ὲντρύφησις
1725 2829 2070 2901 παραδόξων.

554 3003 652 3060 1Ε’.
718 3003 858 3058 Ἀλλ’
889 2998 933 3058 ὧ
966 3005 1066 3077 τῆς
1098 3004 1380 3076 παρούσης
1411 3006 1506 3059 καὶ
1536 3006 1635 3076 τῆς
1665 3005 1935 3079 ἐσομένης
1982 3007 2073 3061 εὐ-

479 3095 758 3165 φροσύνης
819 3094 1072 3165 πρόξενε,
1130 3087 1176 3147 ὦ
1224 3096 1320 3148 καὶ
1390 3095 1705 3167 παρρησίας
1765 3094 1859 3148 καὶ
1907 3095 2076 3166 τιμῆς

480 3187 896 3258 σεμνολόγημα,
950 3188 1016 3241 σύ
1074 3188 1174 3257 τῆς
1219 3186 1363 3257 ὑπὲρ
1409 3185 1517 3239 τῶν
1553 3186 1660 3238 σῶν
1711 3189 2075 3258 πανηγύρεων

475 3281 740 3350 εὐωχίας,
782 3282 883 3348 τὴν
916 3280 1181 3334 ἀνωτάτω
1206 3280 1533 3334 πανδαισίαν
1568 3279 1855 3350 ἀμείψαιο.
1878 3281 1952 3333 Σὺ
1980 3280 2074 3334 τοῦ

477 3375 626 3441 ὑπὲρ
656 3372 763 3425 τῶν
780 3373 1042 3426 τοιούτων
1072 3370 1357 3443 προθύμου
1393 3372 1491 3435 τὰς
1519 3371 1767 3443 μεγάλας
1784 3371 2076 3442 ἀντεισφέ-

480 3482 600 3535 ροις
628 3466 837 3532 δωρεάς
867 3477 882 3491 ⁸
908 3464 1191 3534 κόσμησον
1220 3462 1295 3523 ὡς
1326 3465 1392 3533 τῇ
1423 3464 1656 3533 αἰσθητῇ
1693 3463 1789 3516 καὶ
1811 3465 1877 3534 τῇ
1907 3464 2073 3532 νοητῇ

479 3555 939 3628 φαιδρότητιτὴν
966 3556 1250 3627 παροῦσαν
1298 3557 1604 3627 ὁμήγυριν·
1656 3556 1927 3627 ῥύθμισον
1975 3558 2075 3626 τὴν

479 3650 1010 3719 συγκεκροτημένην
1045 3648 1337 3719 θειοτέρως
1370 3648 1735 3718 χοροστασίαν
1757 3663 1771 3678 ⁸
1808 3650 2072 3720 ἐῐνήχησοιν

476 3744 625 3812 αὐτῇ
663 3740 984 3811 ἐναρμόνιον
1010 3739 1226 3809 καὶτῆς
1260 3739 1370 3793 τῶν
1408 3740 1782 3811 ἑορταζόντων
1827 3741 1888 3794 ὲν
1910 3741 2049 3812 οὐρα

478 3836 598 3897 vei;
623 3831 1003 3901 ἀγαλλιάσεως
1034 3831 1216 3903 μέλος.
1253 3831 1447 3885 Ἐπιδε
1502 3832 1642 3902 πρὸς
1693 3832 1795 3903 τὴν
1839 3832 2075 3886 ἑκάστου

478 3925 728 3980 διάνοιαν
754 3941 771 3957 ο
827 3923 1024 3977 ἔτασον
1049 3924 1111 3977 τὸ
1145 3922 1239 3976 τοῦ
1269 3922 1438 3977 πόθου
1490 3923 1777 3995 διάπυρον,
1823 3925 1939 3979 ,καὶ
1996 3924 2075 3994 τῷ

480 4015 797 4080 ἐξετᾶζοντι
825 4014 897 4070 τὰ
930 4014 1025 4069 τοῦ
1054 4012 1359 4078 συνειδότος
1389 4014 1630 4086 ἄρρητα.
1683 4013 2076 4081 καθυπόδειξον

481 4108 645 4164 τοῦτο
726 4108 975 4179 Δεσπότῃ
1015 4124 1030 4140 ⁸
1104 4104 1393 4178 πρότεινον
1453 4106 1524 4161 τὰ
1588 4109 1689 4178 τῆς
1777 4108 2075 4174 διαθέσεως

479 4201 562 4269 τῷ
617 4199 1173 4271 ἀνακεκαλυμμένως
1218 4199 1527 4270 καθορῶντι
1575 4199 1645 4254 τὰ
1688 4200 1914 4272 κρύφια.
1950 4200 2073 4257 Οἵδε

484 4294 589 4365 μὲν
626 4292 700 4356 ὡς
741 4292 852 4345 τῶν
900 4290 1150 4346 ἀθεάτων
1190 4291 1408 4346 ἅπαντα
1452 4290 1741 4360 γνὼστης,
1771 4293 1862 4347 τόν
1894 4311 1954 4348 τε
2006 4295 2075 4350 δι’

479 4385 647 4438 αὐτὸν
685 4385 765 4448 είς
804 4382 866 4437 σὲ
913 4381 1022 4435 τῶν
1079 4381 1523 4453 ὑμνολογούντων
1576 4388 1941 4453 συγκατανοεί
1977 4386 2076 4440 πό-

481 4477 598 4540 θον,
622 4476 871 4548 βούλεται
893 4476 1065 4531 δὲκαὶ
1094 4475 1215 4529 λίαν
1244 4475 1655 4545 ἀγαθοπρεπῶς
1686 4477 1775 4531 διὰ
1803 4479 2076 4550 μητρῴων

479 4569 801 4635 ἐντεύξεων,
836 4569 932 4624 καὶ
963 4570 1342 4640 προτείνεσθαι
1382 4569 1556 4624 ταῦτα
1592 4572 1687 4625 καὶ
1712 4572 2071 4645 ἀποπληροῦ-

483 4662 633 4717 σθαι.
660 4662 830 4716 Τοῦτο
874 4661 985 4733 γὰρ
1015 4663 1074 4716 τὸ
1106 4664 1243 4733 πρὸς
1274 4664 1441 4717 αὐτόν
1474 4683 1568 4719 σου
1597 4665 1691 4719 καὶ
1716 4667 1873 4737 ἡμῶν
1902 4670 1981 4732 είς
2013 4668 2073 4722 σὲ

479 4753 922 4825 ἐγκαλλὼπισμα
957 4753 1155 4808 ’τοῦτο
1208 4755 1495 4827 γνώρισμα
1549 4758 1650 4829 τῆς
1686 4759 1773 4814 διὰ
1838 4760 1932 4815 σοῦ
1985 4779 2076 4831 γε.

479 4846 791 4916 γενημένης
825 4845 993 4901 αὐτοῦ
1029 4845 1468 4918 φιλανθρωπίας.
1533 4852 1720 4922 Ταύτῃ
1749 4855 1871 4916 ταῖς
1894 4853 2077 4909 ἐλπίσι

484 4936 978 5007 συνανυψούμενοι,
1003 4938 1103 5008 τῆς
1141 4940 1352 5003 οἰκείας
1387 4944 1841 5014 καταφρονοῦμεν
1882 4962 2077 4999 ταπειε

482 5033 733 5104 νότητος,
763 5036 863 5104 τῆς
900 5034 1241 5105 χαμαιζήλου
1288 5036 1384 5091 καὶ
1423 5038 1663 5103 γεώδους
1715 5039 2076 5094 ἐπιλανθανό-

486 5125 633 5198 μεθα
672 5125 973 5197 διαγωγῆς.
1025 5126 1306 5180 Ἐντεῦθεν
1365 5127 1473 5181 τῶν
1532 5130 1630 5199 τῆς
1664 5129 1768 5198 γῆς
1818 5132 2077 5202 ἀπαίρειν

482 5219 584 5271 καὶ
608 5216 745 5288 πρὸς
769 5215 999 5287 οὐρανὸν
1036 5215 1358 5285 ἐπείγεσθαι
1382 5217 1818 5289 προθυμούμεθα
1853 5238 1865 5250 ·
1893 5220 2076 5272 ἐντεῦ-

484 5311 577 5363 θεν
609 5310 741 5381 ἡμῖν
773 5310 829 5362 αἱ
868 5308 1217 5377 ἀδιάᾇευστοι
1266 5308 1376 5362 τῶν
1415 5309 1651 5362 αἰωνίων
1705 5312 2025 5381 προσδοκίαι
2053 5327 2066 5341 ·

482 5404 571 5458 διὰ
601 5402 760 5457 τοῦτο
788 5401 1127 5471 φιλοφρόνως
1152 5401 1252 5469 τὴν
1280 5398 1520 5471 εὔσημον
1548 5404 1642 5456 καὶ
1691 5402 1842 5457 θείαν
1864 5401 2072 5473 ταύτην

483 5501 712 5567 ἄγοντες
746 5494 965 5566 ἑορτὴν,
991 5496 1066 5566 τῷ
1095 5496 1176 5559 εἰς
1229 5494 1439 5549 οἰκείαν
1498 5496 1713 5550 ἅπαντα
1767 5515 2075 5568 προνοησα-

486 5594 636 5665 μένῳ
673 5590 857 5658 δόξαν,
889 5591 969 5652 εἰς
1011 5589 1280 5662 μητρικόν
1309 5606 1366 5642 τε
1395 5590 1656 5662 καύχημα
1683 5591 1777 5644 καὶ
1807 5593 2075 5662 σωτήριον

481 5683 592 5736 τῶν
628 5681 889 5753 ὑπηκόων
914 5680 1385 5752 ὲγκαλλιῢπισμάι,⁴
1412 5681 1509 5754 τὴν
1554 5682 1909 5755 εὐχαριστίαν
1944 5684 2078 5739 ἀνα-

561 5859 598 5889 ³¹
632 5858 778 5917 Psal.
815 5876 1041 5929 ιςιινι,
1070 5859 1124 5914 5.

2248 1163 2568 1219 Crebrescet
2589 1178 2721 1219 sane
2757 1162 2901 1217 fama
2944 1163 3278 1231 magnalium
3314 1172 3558 1234 tuorum,
3598 1161 3649 1214 in
3679 1178 3777 1218 ore

2178 1253 2425 1309 omnium
2481 1254 2596 1308 lure
2656 1262 2840 1318 erunt,
2875 1263 2930 1308 et
2960 1253 3441 1307 ammntiabuntur
3480 1252 3763 1315 omnibus.

2180 1362 2290 1401 non
2356 1346 2413 1400 in
2468 1355 2614 1401 terra
2656 1346 2858 1412 solum,
2916 1346 3010 1401 sed
3066 1347 3233 1401 etiam
3278 1346 3332 1399 in
3374 1346 3551 1408 caelis,
3596 1359 3776 1414 neque

2179 1438 2342 1494 modo
2364 1438 2621 1492 bumanis
2666 1437 2894 1493 auribus
2928 1437 3284 1501 insonabnnl,
3328 1437 3421 1492 sed
3455 1437 3776 1494 coelestibus

2183 1517 2345 1586 etiam
2375 1530 2771 1601 intelligentiis.
2798 1530 2923 1585 Hmc
2950 1531 3095 1584 enim
3122 1530 3288 1584 David
3316 1540 3475 1584 anlca
3502 1531 3774 1600 praedixit,

2188 1640 2253 1680 ac
2288 1624 2583 1694 velutijam
2624 1632 2775 1694 gesta
2806 1632 3006 1688 essent,
3033 1622 3345 1678 futurorum
3380 1623 3773 1693 przenuntiavit

2185 1726 2465 1781 eventum,
2501 1716 2872 1771 certissimam
2909 1731 3126 1779 eorum.
3179 1732 3302 1786 qua:
3331 1727 3555 1770 ventura
3589 1724 3771 1781 erant,
3808 1734 3821 1743 ν

2186 1806 2470 1861 veritatem
2500 1821 2594 1875 per
2634 1815 2850 1876 tempus
2902 1807 3237 1877 praeteritum
3291 1806 3523 1863 eﬂ'ercns
3571 1824 3588 1864 :
3634 1805 3767 1863 Glo-

2111 1882 2148 1938 υ
2181 1898 2323 1951 riosa
2356 1899 2516 1963 enim,
2578 1899 2777 1968 inquit,
2808 1899 2950 1952 dictv:
2984 1907 3107 1953 sunt
3147 1898 3210 1953 de
3257 1907 3326 1965 le,
3359 1900 3546 1955 civitas
3577 1900 3670 1953 Dei
3706 1900 3775 1953 ιθ.

2181 1988 2433 2044 Gloriosa
2480 2005 2647 2059 super
2710 2006 2952 2055 omnem,
3010 2006 3132 2061 qum
3183 2004 3455 2055 narretur,
3499 1993 3772 2063 gloriam;

2182 2082 2419 2151 gloriosa
2464 2096 2649 2137 coram
2705 2083 3022 2139 cmlestibus
3087 2083 3424 2151 virtutibus;
3473 2085 3775 2155 glorificata

2182 2184 2236 2229 et
2257 2183 2514 2245 exoptata
2542 2175 2791 2245 ejusdem
2828 2186 3039 2232 natura:
3068 2177 3425 2245 hominibus;
3458 2177 3773 2233 desiderata

2184 2265 2544 2335 patriarcbis;
2573 2268 2883 2321 veneranda
2913 2267 3381 2338 progenitoribus,
3405 2276 3533 2322 ante
3560 2268 3774 2321 descri-

2186 2367 2274 2428 pta
2319 2368 2377 2414 et
2410 2359 2685 2430 exquisita
2734 2359 3037 2430 prepbetis.
3087 2359 3318 2430 Propter
3359 2361 3477 2415 inec
3506 2361 3776 2414 universa:

2182 2463 2449 2508 creatura:
2479 2453 2797 2517 exsultant;
2829 2452 3024 2507 borum
3047 2454 3219 2524 gratia
3263 2452 3498 2526 angelici
3531 2469 3775 2516 congau-

2182 2541 2314 2595 dent
2350 2542 2653 2605 exereitus,
2689 2540 2777 2594 bis
2806 2541 3106 2596 universus
3154 2550 3424 2596 terrarum
3458 2539 3608 2594 orbis
3642 2555 3776 2592 con—

2181 2632 2469 2690 decoratus
2491 2635 2756 2704 superbit.
2798 2633 2843 2690 0
2878 2650 3042 2705 quam
3094 2634 3259 2692 beati.
3289 2633 3383 2702 qui
3420 2633 3523 2687 liae
3566 2632 3773 2702 jucun-

2182 2725 2371 2787 ditate,
2404 2727 2494 2796 qui
2522 2726 2671 2781 hisce
2704 2742 2804 2796 pro
2854 2726 3117 2796 dignitate
3151 2724 3357 2795 perfrui
3413 2723 3771 2778 meruerunt!

2186 2815 2308 2872 Ilaec
2329 2821 2473 2872 enim
2504 2817 2618 2872 sola
2641 2816 2765 2888 jure
2797 2820 2992 2871 merito
3010 2817 3201 2872 fruitio
3221 2815 3450 2871 dicenda
3482 2816 3664 2877 fuerit,
3691 2815 3775 2871 ba:

2181 2911 2392 2968 delicia:
2409 2909 2767 2977 inexhaustae,
2785 2911 2894 2964 tuis
2907 2911 3115 2965 scilicet
3131 2909 3474 2964 mirabilibus
3492 2910 3771 2967 delectari.

2253 3000 2372 3056 XV.
2406 2999 2513 3056 Sed
2538 3016 2571 3055 ο
2606 3002 2895 3071 praesentis
2925 3000 3234 3072 futuraque
3270 3003 3477 3057 laetitiae
3506 3002 3773 3058 concilia-

2184 3095 2312 3159 trix,
2365 3109 2398 3149 ο
2443 3109 2634 3149 eorum
2695 3093 2790 3164 qui
2852 3093 2919 3147 ad
2966 3102 3016 3148 te
3048 3107 3173 3148 cum
3209 3091 3411 3147 ﬁducia
3481 3091 3773 3155 accedunt,

2185 3194 2347 3255 teque
2370 3185 2584 3239 honore
2646 3193 3078 3255 prosequuntur,
3107 3185 3368 3240 eximium
3413 3185 3771 3255 prmconium.

2185 3275 2265 3330 Tu
2295 3292 2393 3346 pro
2447 3276 2660 3340 laetitia,
2705 3292 2815 3347 qua
2869 3287 2977 3332 ture
3027 3287 3369 3347 peraguntur
3414 3275 3772 3340 festivitates,

2184 3368 2407 3423 caeleste
2465 3367 2734 3438 rependas
2785 3368 3140 3435 convivium;
3206 3376 3263 3422 tu
3310 3383 3409 3437 pro
3457 3369 3767 3433 alacritate,

2185 3476 2293 3531 qua
2321 3461 2483 3515 hasce
2523 3461 2892 3528 celebramus,
2937 3460 3026 3516 fac
3078 3470 3169 3515 tua
3204 3478 3432 3516 munera
3471 3463 3769 3531 adaugeas.

2187 3551 2513 3607 Praesentem
2568 3561 2775 3608 emtum
2840 3563 2955 3607 tum
3009 3554 3258 3610 sensibili
3327 3564 3441 3610 tum
3498 3554 3773 3625 spirituali

2184 3645 2383 3714 gaudio
2422 3644 2732 3715 perfunde;
2783 3646 3016 3717 ipsamet
3077 3645 3317 3703 divinius
3370 3660 3765 3718 congiegatum

2186 3737 2471 3793 moderare
2499 3736 2761 3804 oliorum;
2787 3752 3052 3808 suggeras
3082 3739 3185 3809 ipsi
3214 3740 3384 3797 melos
3408 3742 3763 3802 concinnum.

2184 3844 2249 3884 ac
2275 3829 2437 3899 quale
2463 3837 2547 3884 est
2571 3844 2786 3897 eorum,
2812 3832 2905 3900 qui
2931 3830 3272 3887 exsultantes
3304 3831 3505 3887 festum
3547 3833 3602 3887 in
3635 3833 3771 3903 ipsis

2184 3924 2341 3979 cmlis
2376 3930 2565 3993 agunt.
2604 3921 2834 3992 Respice
2875 3922 2943 3976 ad
3001 3922 3442 3993 uniuscujusque
3486 3933 3768 3993 mentem;

2185 4015 2393 4084 inspice
2459 4013 2714 4069 desiderii
2798 4012 3102 4078 fervorem,
3156 4025 3211 4069 et
3269 4030 3393 4070 eum
3454 4017 3771 4071 demonstra

2184 4108 2436 4171 Domino,
2460 4107 2555 4177 qui
2596 4105 2949 4161 conscientia:
2988 4115 3196 4162 secreta
3237 4107 3497 4163 rimatur.
3530 4108 3773 4164 Affectus

2184 4213 2406 4256 nostros
2435 4200 2483 4254 ei
2520 4198 2613 4271 qui
2672 4200 2887 4254 occulta
2919 4199 3065 4254 videt
3110 4200 3423 4265 manifesta,
3470 4202 3769 4271 prmtende.

2184 4290 2346 4347 Novit
2394 4292 2612 4363 quidem
2689 4292 2777 4347 ille
2838 4294 3025 4347 omnia
3075 4302 3266 4360 utpene
3320 4303 3374 4348 et
3412 4294 3770 4351 invisibllium

2183 4387 2454 4457 cognitor,
2494 4393 2659 4454 atque
2688 4399 2882 4442 eorum
2915 4387 3006 4456 qui
3049 4395 3269 4457 propter
3301 4402 3426 4441 eum
3472 4396 3523 4443 te
3559 4388 3772 4444 collau-

2184 4482 2337 4549 dant,
2402 4480 2658 4537 atl‘ectum
2695 4498 2761 4537 ac
2814 4481 3085 4537 desideria
3132 4482 3418 4549 intuetur;
3466 4483 3772 4538 voluntatis

2107 4611 2150 4665 Β
2187 4587 2370 4631 tamen
2407 4577 2529 4644 ejus
2557 4586 2660 4640 est,
2695 4584 2749 4631 et
2779 4575 2997 4644 quidem
3016 4577 3533 4647 peramantissinne,
3566 4568 3623 4630 ut
3658 4577 3774 4631 inec

2186 4669 2460 4724 mediante
2504 4667 2693 4723 Matris
2760 4669 3155 4726 intercessione
3207 4679 3264 4725 et
3326 4670 3649 4733 oli'erautur,
3719 4678 3774 4724 ct

2185 4763 2610 4833 adimpleantur.
2663 4760 2787 4816 llaec
2826 4762 3082 4817 videlicet
3130 4771 3222 4818 tua
3259 4772 3341 4816 est
3381 4771 3601 4830 prepter
3635 4778 3760 4815 eum

2185 4855 2458 4925 gloriatio,
2504 4869 2571 4909 ac
2609 4863 2797 4908 nostra
2838 4862 3059 4923 propter
3112 4862 3200 4921 te;
3242 4852 3345 4908 hoc
3379 4853 3648 4907 indicium
3688 4862 3772 4907 est

2175 4948 2387 5014 gratiae,
2442 4960 2605 5016 quam
2661 4945 2961 4999 humanum
2994 4960 3166 5014 genus
3196 4960 3291 5015 per
3341 4953 3392 4998 te
3420 4944 3563 5015 apud
3617 4944 3768 4998 illum

2177 5037 2406 5091 invenit.
2458 5035 2751 5106 Propterea
2813 5052 2909 5106 spe
2959 5038 3149 5102 erecti,
3199 5037 3394 5091 humili
3452 5036 3771 5091 conditione

2178 5140 2360 5182 nostra
2418 5144 2524 5182 nou
2562 5138 2870 5195 terremur;
2904 5129 3242 5200 abjcctmque
3271 5144 3336 5183 ac
3384 5140 3613 5183 terrena:
3645 5130 3770 5183 vita:

2177 5220 2583 5277 obliviscimur.
2620 5220 2759 5275 llinc
2787 5223 2857 5276 ab
2889 5224 3015 5278 imis
3069 5221 3190 5279 istis
3246 5223 3567 5289 abscedere,
3603 5231 3767 5293 atque

2170 5315 2237 5369 ad
2262 5315 2462 5370 coelum
2488 5330 2780 5386 properare
2806 5315 3106 5387 gestimus;
3133 5317 3259 5372 hinc
3285 5318 3442 5373 nobis
3461 5317 3771 5373 certissima

2171 5415 2503 5461 aeternorum
2556 5408 2922 5477 exapectatio.
2986 5408 3286 5479 Pr0ptcrca
3335 5408 3770 5479 propensissimu

2173 5498 2358 5552 animo
2385 5498 2655 5567 insignem
2685 5499 2825 5555 hanc
2857 5499 3210 5570 divinumque
3235 5501 3580 5554 celebrantes
3611 5497 3769 5551 festi-

2173 5593 2420 5655 vitatem,
2446 5590 2545 5657 illi,
2574 5591 2668 5661 qui
2704 5592 2960 5647 universa
2993 5590 3062 5645 ad
3110 5606 3269 5648 suam
3302 5589 3476 5658 ipsius
3511 5589 3765 5658 gloriam,

2179 5684 2246 5741 ad
2279 5682 2470 5741 Matris
2521 5697 2635 5741 sua:
2689 5682 2974 5752 honorem,
3033 5693 3087 5739 et
3136 5683 3199 5738 ad
3259 5677 3607 5736 salutiferum
3661 5678 3767 5733 sibi
