4104 6424
371 365 474 426 567

1653 384 1916 444 JACOBI
1958 385 2311 449 MONACHI

3541 399 3647 462 568

367 486 784 556 obsequentium
805 488 974 546 decus
992 508 1102 563 prae
1123 494 1394 564 lisposuit,
1417 495 1661 561 Christo,
1696 500 1937 568 inquam.

2056 506 2294 576 φέρομεν
2312 508 2541 579 Χριστῳ
2573 526 2649 580 τῳ
2681 511 2789 564 τῶν
2824 510 3046 579 ἀγαθῶν
3081 510 3241 580 αἰτίῳ
3271 510 3367 563 καὶ
3396 511 3645 579 παρόχῳ,

373 579 641 636 bonorum
697 585 907 638 auctori
969 600 1033 639 ac
1087 586 1330 657 largitori
1367 591 1570 659 gratias
1619 591 1947 658 referimus;

370 671 475 741 ipsi
536 674 683 728 enim
730 675 959 731 debetur
994 677 1192 745 honor,
1253 682 1499 738 adoratio
1527 694 1580 739 et
1620 685 1949 754 gloriﬁcatio

368 780 493 819 eum
529 763 690 821 Patre
724 777 778 822 et
819 768 1024 839 Spiritu
1058 782 1249 828 sancto
1296 790 1443 833 nunc
1475 785 1525 829 et
1554 791 1772 846 semper
1796 788 1851 832 et
1894 779 1947 832 in

367 860 563 916 smcula
579 863 931 918 saeculorum.
954 868 1147 922 Amen.

982 1020 1240 1078 ORATIO
1287 1022 1348 1078 ΙΙ.

365 1126 426 1180 In
458 1128 793 1184 nativitatem
821 1134 1171 1188 sanctissima:
1212 1134 1454 1189 Dominre
1486 1143 1685 1189 nostra:
1721 1134 1817 1189 Dei
1849 1133 1949 1190 Ge-

930 1206 1133 1259 m'trt'cis
1170 1204 1379 1261 Merita.

433 1342 475 1408 ι.
502 1340 797 1398 Universos
832 1360 932 1397 nos
967 1343 1031 1397 ad
1067 1358 1197 1399 suas
1232 1344 1421 1413 epulas
1453 1352 1720 1397 c0nvocat
1744 1343 1952 1410 magni-

364 1438 525 1489 licunt
582 1437 861 1505 pra‘sentis
908 1437 1091 1505 gaudii
1139 1436 1452 1490 convivium
1501 1453 1515 1490 :
1565 1438 1697 1506 quin
1747 1436 1948 1504 potius,

361 1544 426 1579 νο
457 1544 563 1581 non
595 1527 972 1590 abscedentes,
1006 1529 1363 1598 cupiditatem
1398 1543 1597 1598 augere
1628 1527 1947 1581 insatiabili-

362 1636 469 1687 que
492 1619 762 1674 desiderio
793 1621 1075 1690 appositas
1098 1621 1264 1690 dapes
1301 1621 1578 1689 percipere
1605 1619 1947 1673 adhortatur.

362 1714 418 1765 ln
442 1728 508 1767 eo
529 1712 673 1766 enim
698 1727 859 1766 sensa
888 1713 1055 1776 varia,
1076 1712 1248 1765 instar
1275 1710 1627 1777 ferculorum,
1650 1712 1947 1779 prodeunt;

361 1815 421 1858 ut
458 1812 514 1858 et
553 1804 642 1859 illa
675 1804 878 1860 lautius
929 1820 1049 1874 quae
1082 1805 1149 1860 ad
1188 1805 1520 1875 Voluptatem
1568 1804 1949 1874 superioribus

2054 600 2138 652 ὅτι
2173 601 2323 671 αὐτῷ
2356 602 2560 674 πρέπει
2584 605 2740 674 τιμὴ,
2784 605 3180 675 προσκύνησις,
3213 602 3496 671 δοξολογία
3551 602 3649 654 σὺν

2052 691 2130 762 τῷ
2168 694 2341 764 Πατρὶ
2366 696 2462 749 καὶ
2485 694 2563 765 τῷ
2591 697 2730 766 ἁγίῳ
2755 697 3055 767 Πνεύματι,
3096 695 3194 751 νῦν
3243 696 3339 748 καὶ
3393 694 3502 758 ἀεὶ,
3553 695 3653 749 καὶ

2051 785 2132 847 είς
2162 786 2287 850 τοὺς
2309 786 2516 852 αίῶνας
2540 788 2651 844 τῶν
2688 789 2922 844 αίώνων.
2951 790 3151 861 Ἀμήν.

2687 1018 2905 1073 ΛΟΓΟΣ
2939 1015 3019 1075 Β’.

2048 1135 2153 1200 Εἰς
2205 1132 2321 1200 τὴν
2372 1131 2701 1212 γέννησιν-
2741 1134 2853 1212 τῆς
2918 1135 3251 1212 ὑπεραγιας
3310 1135 3643 1201 Δεσποίνης

2576 1203 2750 1273 ήμῶν
2790 1206 3045 1257 Θεοτόκο
3055 1224 3108 1258 υ.

2122 1343 2199 1396 A'.
2235 1341 2508 1410 Συγκαλεῖ
2540 1340 2749 1404 πάντας
2772 1343 2923 1411 ἡμᾶς
2950 1344 3029 1404 εἰς
3055 1341 3154 1412 τὴν
3172 1344 3381 1395 οἰκείαν
3405 1343 3655 1397 ἑστίασιν

2052 1436 2085 1504 ἡ
2125 1433 2426 1504 πολυτελὴς
2456 1434 2554 1503 τῆς
2599 1435 2778 1504 χαρᾶς
2832 1433 3073 1504 εὐωχία·
3108 1435 3314 1505 μᾶλλον
3342 1435 3399 1488 δὲ
3442 1437 3647 1506 ταύτης

2051 1528 2152 1581 οὐκ
2179 1526 2547 1596 ἀποστάντας,
2583 1526 2880 1581 ἐπιτείνειν
2905 1526 3006 1597 τὴν
3028 1527 3219 1596 ἔφεσιν
3245 1529 3341 1582 καὶ
3365 1527 3474 1582 τῶν
3510 1545 3650 1598 προ-

2051 1617 2297 1687 θεμένων
2336 1618 2650 1687 ἀκορέστως
2708 1618 2960 1689 μετέχειν
2997 1619 3395 1691 προτρέπεται.
3430 1617 3650 1689 Προκύ-

2052 1727 2248 1763 πτουσι
2292 1708 2402 1780 γάρ
2453 1711 2513 1763 ἐν
2562 1709 2737 1781 ταύτῃ
2790 1709 3015 1763 ποικίλα
3056 1712 3333 1779 νοήματα.
3391 1711 3648 1782 καθάπερ

2053 1802 2368 1871 ἐδέσματα·
2403 1802 2480 1866 ὡς
2531 1801 2589 1856 δὲ
2638 1802 2832 1866 ταῦτα,
2892 1802 3362 1871 πολυτελεστέραν
3413 1803 3651 1874 ἐχόντων

362 1899 593 1954 habeant
615 1909 777 1967 atque
811 1896 878 1952 ad
926 1914 985 1953 se
1034 1899 1413 1955 nanciscentes
1472 1897 1692 1953 trahant
1731 1912 1796 1952 ac
1824 1912 1937 1967 pro‘

2053 1894 2162 1947 τῶν
2186 1870 2516 1964 ιρθασάντων
2546 1895 2646 1967 τὴν
2682 1896 2899 1967 ἡδονὴν,
2939 1900 3033 1951 καὶ
3065 1896 3204 1969 πρὸς
3242 1870 3419 1950 ἑαυτὰ
3445 1870 3647 1967 μεθέλ-

360 1991 531 2059 ptiam
575 1989 774 2060 cuique
807 1990 1227 2046 delectationem
1276 1999 1594 2061 suggerant.
1629 1989 1767 2057 Quia
1819 2003 1949 2059 ergo

356 2097 547 2135 eorum
585 2081 889 2152 proprium,
919 2083 1011 2153 qui
1042 2083 1096 2136 in
1131 2099 1327 2137 manus
1369 2094 1618 2146 Sltttllttll,
1669 2081 1949 2137 fruitionis

356 2173 586 2229 ellicitur
635 2175 871 2239 lucrutn,
921 2189 1046 2229 cum
1100 2175 1277 2233 liceat.
1325 2174 1548 2244 depulsa
1598 2172 1944 2242 negligentia,

357 2268 735 2337 incorruptam
771 2267 1037 2335 consequi
1083 2266 1443 2335 voluptatem,
1475 2265 1703 2334 ejusque
1736 2266 1943 2334 gratim,

356 2376 480 2429 quae
531 2358 763 2414 ubertim
817 2359 1118 2424 confertur,
1155 2340 1428 2428 jacturam
1490 2358 1734 2421 evitare;
1778 2356 1942 2410 alacri

357 2452 584 2520 proinde
640 2453 825 2506 animo
884 2451 951 2506 ad
1011 2451 1191 2506 omnis
1252 2451 1384 2506 illud
1439 2451 1657 2522 generis
1714 2450 1944 2520 dapibus

358 2547 686 2600 instructum
718 2544 1047 2611 convivium
1068 2544 1353 2610 adeamus,
1387 2544 1647 2614 praeclara
1677 2543 1768 2597 illa
1802 2558 1906 2597 con
1928 2572 1940 2582 -

354 2637 475 2689 viva
526 2635 780 2706 prteduce
823 2652 946 2706 quae
986 2637 1402 2707 incomparabili
1450 2637 1616 2707 Virgo
1653 2637 1941 2692 dulcedine

352 2728 609 2783 convivas
662 2729 923 2796 impertit.
978 2725 1103 2783 Haec
1157 2728 1326 2794 enim,
1378 2744 1504 2783 cum
1552 2729 1801 2795 voluptas
1858 2740 1942 2784 est

356 2832 467 2874 tum
513 2820 858 2889 provocatio;
906 2820 1022 2877 haac
1054 2822 1365 2876 convivium
1406 2821 1695 2891 omnisque
1721 2822 1940 2891 generis

352 2913 557 2982 epulae;
595 2913 710 2968 haec
759 2913 945 2968 laetitia
988 2929 1052 2969 ac
1088 2912 1387 2969 exsultatio
1429 2922 1533 2969 est.
1574 2913 1763 2968 Venite
1808 2928 1939 2983 ergo

354 3021 461 3059 una
524 3022 761 3073 mecum,
847 3006 1177 3077 porrigentlo
1242 3007 1441 3077 gaudio
1513 3006 1937 3070 collaborantes,

349 3098 578 3152 exordia
626 3099 847 3152 nectite.
885 3097 1094 3153 Gaudio
1146 3099 1212 3153 ad
1260 3098 1670 3153 adhortandqu
1723 3097 1934 3167 erigite,

348 3189 547 3259 gaudio
584 3205 895 3244 sermonem
945 3189 1179 3244 excitate
1228 3200 1395 3260 atque
1442 3189 1491 3243 ei
1541 3189 1730 3256 gratia:
1775 3202 1935 3257 opem

348 3281 845 3350 supplicationibus
876 3281 1187 3349 impetrato.

422 3372 486 3428 ΙΙ.
549 3373 687 3439 Quia
737 3375 1019 3428 enimvero
1089 3374 1314 3445 propius
1372 3376 1485 3445 jam
1551 3383 1933 3444 argumentum

348 3468 481 3532 adii,
512 3468 588 3521 rei
636 3467 1005 3522 immensitate
1052 3476 1242 3523 teneor
1292 3480 1348 3522 ut
1402 3484 1467 3524 ne
1510 3470 1659 3538 loqui
1706 3473 1934 3539 possim,

348 3562 677 3630 animusque
729 3577 839 3630 prae
871 3563 1119 3618 miraculi
1172 3564 1547 3631 magnitudine
1591 3564 1800 3619 deﬁxus
1831 3564 1938 3617 ha:-

348 3665 451 3718 tet,
509 3669 707 3709 novum
752 3657 1023 3726 quoddam
1083 3671 1147 3711 ac
1189 3657 1468 3711 insolitum
1531 3668 1821 3726 aspectans
1880 3655 1931 3709 in

348 3754 491 3797 terra
530 3743 867 3813 mysterium.
904 3744 1061 3810 Quod
1096 3760 1294 3800 arcane
1339 3755 1463 3801 ante
1498 3749 1702 3801 saecula
1747 3747 1931 3801 omnia

346 3835 676 3904 promissum
722 3833 823 3889 fuit
860 3834 1130 3904 Salutare,
1172 3855 1319 3893 nunc
1357 3839 1463 3893 diei
1510 3840 1709 3910 accipit
1743 3840 1932 3894 termi-

346 3944 498 3981 tnun.
536 3926 815 3983 Peculiare
850 3931 954 3985 hoc
980 3941 1266 4000 parentum
1306 3930 1543 4002 Virginis
1577 3934 1793 3989 exsistit
1834 3950 1933 3989 en-

342 4022 605 4076 comiunt.
628 4022 971 4078 ‘Prmeminm
1005 4024 1107 4078 hoc
1136 4040 1446 4079 sermonum
1476 4027 1720 4081 omnium
1758 4028 1933 4081 inten-

346 4113 548 4167 tionem
606 4113 760 4185 fugit.
800 4115 939 4169 Iiuic
989 4116 1208 4173 animus
1260 4119 1585 4174 incumbens
1628 4136 1693 4176 ac
1752 4120 1931 4176 factus

343 4208 736 4276 debilior,suis
762 4209 876 4278 ipse
911 4210 1113 4265 tinibus
1139 4211 1393 4265 excessit.
1429 4210 1727 4266 Considera
1757 4211 1926 4273 enim.

343 4301 578 4370 quisque
606 4302 835 4356 istorum
874 4303 1096 4356 auditor
1134 4301 1374 4364 exsistis,
1410 4310 1675 4371 quantum
1707 4301 1834 4357 inde
1864 4316 1930 4356 ac

341 4407 505 4459 qnam
534 4394 738 4459 grande
767 4392 1091 4446 miraculum
1116 4390 1293 4445 visum
1313 4391 1404 4445 sit.
1437 4390 1564 4445 Sola
1596 4391 1930 4460 benignitate

340 4501 405 4537 ex
450 4483 622 4536 nihilo
669 4481 949 4539 fueramus
985 4500 1016 4539 a
1053 4482 1163 4538 Deo
1209 4487 1397 4538 lictore
1449 4483 1701 4553 producti
1739 4501 1754 4537 :
1786 4483 1924 4552 jussi

339 4592 560 4630 eramus
618 4575 932 4646 paradisum
985 4576 1225 4631 incolere
1284 4576 1335 4629 in
1396 4576 1654 4644 Operibus
1721 4576 2010 4655 bonis:D

342 4668 486 4724 malo
520 4670 839 4722 mandatum
877 4669 1109 4724 consilio
1143 4667 1523 4739 repuleramus
1564 4687 1576 4723 :
1624 4668 1926 4734 voluntate,

337 4761 392 4814 in
433 4770 621 4816 nostra
666 4761 845 4832 capita
897 4770 1127 4816 mortem
1171 4764 1543 4817 asciveramus
1588 4778 1602 4816 :
1656 4762 1928 4831 promissa

338 4853 696 4908 nihilominus
747 4868 776 4905 a
834 4852 1092 4908 Creatore
1122 4850 1225 4910 fuit
1267 4854 1539 4919 liberatio,
1576 4863 1802 4921 eratque
1838 4856 1927 4908 illa

340 4944 544 5011 futura,
598 4945 983 5016 quaerebatque
1040 4955 1253 5015 tempus
1308 4945 1400 5017 ςιιί
1470 4945 1652 4999 idonei
1717 4945 1921 5000 forent.

336 5033 697 5090 Przeteribant
754 5036 1162 5106 generationes;
1216 5038 1375 5107 juges
1436 5038 1737 5107 prephetiac
1792 5039 1926 5092 ede-

340 5134 540 5180 bantur
576 5144 588 5178 :
629 5127 1063 5193 patriarcharum
1102 5144 1210 5194 res,
1244 5145 1309 5184 ac
1353 5131 1598 5182 omnium
1645 5128 1924 5198 iustorum

340 5218 392 5270 in
427 5229 522 5285 spe
549 5217 739 5284 positae
771 5225 947 5271 erant.
990 5217 1267 5271 Abraham
1321 5221 1633 5284 transierat,
1663 5235 1727 5274 ac
1761 5234 1928 5288 nepo-

339 5294 599 5372 tes,vcum
647 5307 683 5360 ii
729 5308 784 5361 in
826 5308 1086 5379 symboiis
1135 5309 1241 5363 diei
1298 5320 1705 5365 sacramentum
1748 5310 1928 5366 edocti

338 5409 555 5466 essent,
618 5408 782 5470 atque
833 5401 1006 5455 hianti
1080 5403 1263 5456 animo
1324 5405 1376 5456 in
1437 5404 1605 5459 futuri
1668 5416 1924 5459 eventum

340 5492 623 5546 haberent.
655 5491 1007 5547 Admirabilis
1054 5488 1405 5564 ille'llloyscs
1450 5497 1628 5551 claras
1679 5498 1927 5569 mystcrii

340 5587 545 5653 tiguras
571 5583 941 5654 conspiciens,
973 5600 1038 5638 ac
1067 5585 1307 5641 veritatis
1348 5595 1506 5641 notas
1544 5590 1923 5653 considerans,

342 5676 516 5745 ipsius
548 5685 791 5746 tempore
819 5677 1249 5747 implcnda,qu:e
1274 5680 1426 5748 prius
1467 5688 1686 5735 ostensa
1719 5691 1925 5745 essent,

343 5769 741 5824 arbitrabatur.
794 5768 923 5824 Erat
980 5785 1104 5840 spcs
1152 5771 1207 5825 in
1256 5771 1474 5828 deserto
1509 5790 1521 5825 :
1556 5772 1608 5826 in
1648 5774 1926 5843 jnditzibus

342 5862 526 5931 [epuli
586 5862 819 5921 ducibus
884 5866 1220 5937 exspectatio
1290 5883 1303 5925 :
1375 5865 1602 5922 Samuel
1662 5882 1926 5940 responsa

2061 2004 2227 2040 κοντα
2262 1988 2389 2051 τοὺς
2421 1988 2874 2057 ἐντυγχάνοντας,
2912 1988 3007 2044 καὶ
3051 1991 3261 2044 οίκείαν
3296 1990 3515 2057 ἑκάστῳ
3547 1987 3650 2059 τὴν

2049 2079 2394 2150 εὐφροσύνην
2441 2080 2756 2151 πορίζοντα.
2812 2082 3025 2136 Οὐκοῦν
3076 2084 3311 2154 ἐπείπερ
3357 2083 3493 2137 ίδιον
3535 2082 3651 2135 τῶν

2052 2175 2601 2246 μεταχειριζομένων
2632 2177 2694 2229 τὸ
2734 2177 2835 2246 τῆς
2878 2175 3237 2240 ἀπολαύσεως
3271 2176 3486 2244 γίνεται
3516 2177 3651 2246 κέρ-

2047 2267 2157 2334 δος,
2209 2268 2331 2321 ἐνὸν
2371 2268 2446 2339 μὴ
2497 2269 2597 2339 τῆς
2645 2268 2933 2340 ἀκηράτου
2993 2268 3447 2340 καταμελοῦντας
3504 2270 3647 2323 άπο-

2046 2358 2341 2428 τυγχάνειν
2361 2360 2601 2429 τρυφῆς,
2618 2361 2710 2414 καὶ
2728 2360 3062 2430 ζημιοῦσθαι
3077 2361 3178 2431 τὴν
3197 2361 3380 2432 χάριν,
3396 2360 3650 2428 ἀφθόνως

2047 2452 2465 2523 παρεχομένηψ
2513 2452 2653 2506 ίτέον
2703 2453 2885 2507 τοίνυν
2923 2452 3181 2523 εὐθύμως
3219 2454 3313 2506 ἐπὶ
3358 2451 3456 2521 τὴν
3503 2468 3649 2506 παν-

2045 2543 2285 2606 δαισίαν,
2317 2544 2635 2616 ἑστιάτορος
2661 2546 3081 2616 καθηγουμένου
3111 2544 3393 2615 λαμπροῦ,
3424 2546 3526 2615 τῆς
3552 2542 3648 2597 τὸν

2046 2633 2386 2705 ἀσύγκριτον
2416 2635 2736 2706 γλυκασμδν
2793 2636 3111 2707 εὐωχούσης
3149 2636 3454 2707 Παρθένου.
3491 2634 3643 2704 Αὕτη

2045 2726 2154 2796 γὰρ
2204 2729 2297 2780 καὶ
2330 2730 2511 2800 τρυφή
2564 2730 2682 2782 ὲστι
2726 2728 2824 2782 καὶ
2878 2730 3203 2801 προτροπήο
3240 2728 3382 2800 αὕτη
3434 2729 3645 2798 εὐωχία

2044 2824 2140 2877 καὶ
2202 2823 2536 2877 πανδαίσια·
2590 2822 2732 2895 αὕτη
2786 2823 3097 2895 εὐφροσύνη
3148 2822 3244 2875 καὶ
3296 2822 3643 2899 ἀγαλλίασις.

2056 2916 2222 2969 Δεῦτε
2256 2912 2350 2969 οὖν
2380 2917 2459 2988 τῷ
2505 2918 2712 2986 ταύτης
2736 2916 3017 2987 πορισμῷ,
3054 2916 3467 2986 συγκάμνοντες
3497 2914 3646 2985 χαρᾷ

2043 3009 2142 3063 σὺν
2178 3009 2325 3079 ἐμοὶ,
2362 3010 2429 3064 τὰ
2479 3008 2740 3082 προοίρια
2785 3007 3051 3073 πλέξατε·
3089 3010 3236 3080 χαρᾷ
3269 3009 3367 3079 τὴν
3407 3023 3639 3078 προτρο-

2043 3102 2153 3173 πὴν
2173 3102 2503 3173 διεγείρατε,
2536 3096 2890 3173 χαρμονικῶς
2919 3100 3011 3154 τὸν
3037 3100 3197 3170 λόγον
3218 3100 3640 3171 διαναστήσατε,

2044 3195 2141 3247 καὶ
2162 3193 2349 3264 χάριτι
2382 3193 2575 3247 τοῦτον
2603 3192 2985 3263 συνεργεῖσθαι
3019 3192 3473 3249 καθικετεύσατε.

2118 3371 2193 3426 B'.
2250 3371 2394 3425 Ἀλλ’
2426 3371 2618 3443 ἐπειδὴ
2666 3372 2836 3442 ἐγγὺς
2866 3373 3136 3444 ἐγενόμην
3162 3372 3261 3441 τῆς
3301 3369 3639 3433 ὑποθέσεως,

2046 3463 2333 3535 ἀμηχανία
2368 3463 2462 3517 τοῦ
2495 3465 2826 3535 πράγματος
2850 3465 2945 3519 τὸν
2990 3464 3152 3535 λόγον
3186 3465 3515 3535 κατέχομαι,
3540 3466 3639 3517 καὶ

2044 3561 2123 3630 τῷ
2156 3559 2382 3628 μεγέθει
2411 3558 2505 3613 τοῦ
2531 3558 2813 3629 θαύματος
2846 3558 3228 3630 ὲκπλήττομαι
3252 3559 3351 3629 τὴν
3374 3558 3639 3621 διάνοιαν,

2047 3651 2196 3717 ξένον
2224 3651 2371 3723 ὁρῶν
2406 3652 2499 3704 καὶ
2540 3650 2851 3720 παράδοξον
2892 3650 2986 3719 επὶ
3017 3650 3124 3719 γῆς
3152 3650 3478 3721 τελούμενον
3531 3666 3640 3719 μυ-

2046 3744 2289 3813 στήριον.
2325 3743 2384 3796 '0
2408 3742 2514 3813 πρὸ
2542 3742 2761 3796 πάντων
2790 3741 3005 3797 αίώνων
3034 3744 3290 3814 ἀρρήτως
3316 3740 3639 3812 ὲπηγγέλθη

2044 3836 2334 3906 σωτήριον,
2366 3835 2486 3888 νυνὶ
2531 3835 2703 3905 πέρας
2733 3834 2972 3904 δέχεται.
3017 3836 3192 3889 Τοῦτο
3216 3833 3326 3887 τῶν
3364 3836 3466 3903 τὴν
3495 3852 3643 3905 παρα

2043 3926 2195 3980 θένον
2228 3926 2501 3980 τεκόντων
2528 3928 2906 3998 ἁνῳκισμένον
2930 3925 3231 3999 ἐγκώμιον.
3261 3927 3641 3999 Τοῦτοπροοί-

2044 4034 2168 4089 μιον
2203 4019 2385 4071 πᾶσαν
2419 4018 2689 4094 ἐκφεῦγον
2712 4019 2890 4087 λόγων
2912 4019 3176 4073 ὲπίόοσιν.
3205 4018 3379 4073 Τοῦτο
3400 4021 3639 4090 προσόα-

2039 4108 2147 4163 λὼν
2177 4109 2277 4179 μὲν
2322 4111 2350 4162 ὁ
2382 4110 2524 4171 νοῦς,
2570 4110 2943 4182 ὲξασθενήσας
2987 4112 3045 4166 δὲ
3085 4113 3194 4166 τῶν
3233 4113 3456 4167 οἰκείων
3491 4113 3638 4184 ὅρων

2040 4201 2324 4273 ὲξέστηκε.
2364 4203 2568 4257 Σκόπει
2602 4204 2712 4273 γάρ
2743 4204 2800 4267 ὃς
2824 4222 2907 4268 τις
2933 4203 3000 4258 ἂν
3034 4201 3101 4276 ἧς
3129 4208 3156 4258 ὁ
3184 4205 3394 4259 τούτων
3427 4206 3637 4276 ἀκροα-

2037 4293 2157 4364 τὴς,
2192 4293 2379 4363 ἡλίκον
2412 4295 2665 4350 ἐντεῦθεν
2706 4297 2880 4368 ἐφάνη
2915 4298 2977 4350 τὸ
3029 4297 3215 4370 θαῦμα
3248 4299 3637 4370 φιλανθρωπίᾳ

2042 4388 2181 4461 μόνῃ
2211 4391 2274 4442 ἐκ
2325 4389 2399 4460 μὴ
2429 4388 2600 4442 ὄντων
2635 4389 2740 4442 ὑπὸ
2781 4388 2876 4442 τοῦ
2923 4389 3173 4444 Πλάστου
3217 4372 3591 4462 παρήχθημεν
3617 4410 3631 4424 ·

2039 4480 2127 4534 ἐπ’
2162 4481 2348 4551 ἔργοις
2371 4483 2600 4550 ἀγαθοῖς
2642 4483 2736 4536 τὸν
2784 4483 3117 4554 παράδεισον
3150 4488 3428 4539 κατοικεῖν
3463 4502 3636 4555 προσ-

2037 4571 2318 4642 ετάγημεν
2343 4590 2358 4605 ο
2404 4574 2505 4643 τὴν
2539 4573 2764 4645 ἐντολὴν
2819 4575 3244 4647 κακοϐουλήτως
3277 4578 3636 4649 ἁπεκρουσά-

2040 4667 2181 4735 μεθα
2203 4681 2218 4696 ο
2253 4667 2485 4719 θάνατον
2509 4668 2577 4737 τῇ
2606 4669 2926 4738 προαιρέσει
2953 4669 3393 4739 ὲπεσπασάμεθα
3420 4687 3432 4701 ·
3463 4671 3634 4741 ἐπηγ-

2035 4758 2207 4829 γέλθη
2240 4759 2392 4829 παρὰ
2434 4759 2529 4811 τοῦ
2563 4761 2800 4814 κτίστου
2829 4761 3137 4834 ἐλευθερία,
3167 4764 3263 4816 καὶ
3298 4764 3361 4817 τὸ
3393 4765 3631 4835 πρᾶγμα

2034 4849 2249 4918 ἔμελλε,
2303 4852 2398 4904 καὶ
2434 4852 2463 4905 ὁ
2510 4854 2701 4923 χρόνος
2746 4855 2876 4918 τοὺς
2924 4856 3271 4921 ἐπιτηδείους
3325 4858 3629 4927 ἀνηρεύνα.

2036 4942 2383 5013 Παρέτρεχον
2413 4944 2467 4996 αἱ
2511 4944 2727 5011 γενεαΞ’
2760 4946 2818 4997 αἱ
2856 4949 3195 5017 προφητεῖαι
3238 4951 3483 5017 συνεχεῖς
3530 4966 3632 5001 κα-

2034 5037 2361 5089 τεὸάλλοντο
2384 5052 2398 5065 ·
2446 5038 2505 5090 ὲν
2540 5037 2754 5091 ἐλπίσιν
2785 5035 2854 5109 ἧν
2896 5041 2963 5093 τά
3003 5040 3116 5094 τῶν
3140 5042 3500 5112 πατριαρχῶν
3532 5043 3629 5094 καὶ

2034 5131 2252 5183 πάντων
2291 5129 2538 5183 δικαίων.
2586 5131 2839 5202 Ἀϐραάμ
2886 5132 3236 5203 παρέδραμε,
3272 5135 3366 5187 καὶ
3413 5136 3463 5186 oi
3509 5135 3628 5203 μετ’

2035 5223 2263 5286 ἐκεῖνον,
2306 5224 2364 5275 ὲν
2424 5223 2718 5293 συμϐόλοις
2765 5226 2832 5277 τὰ
2879 5223 2981 5294 τῆς
3031 5226 3248 5295 ἡμέρας
3299 5227 3624 5297 μυηθέντες,

2035 5316 2131 5369 xal.
2187 5314 2327 5385 πρὸς
2375 5315 2475 5386 τὴν
2533 5315 2760 5370 ἔκϐασιν
2808 5317 2903 5371 τοῦ
2955 5318 3245 5387 μελλόντος
3305 5323 3625 5390 κεχηνότες.

2033 5406 2277 5475 Μωῢσῆς
2305 5405 2361 5459 δὲ
2398 5409 2426 5460 ὀ
2470 5406 2757 5471 θεσπέσιος
2802 5411 3069 5480 ἐμφανεῖς
3120 5414 3248 5474 τοὺς
3294 5411 3500 5476 τύπους
3530 5412 3624 5465 τοῦ

2037 5500 2340 5570 μυστηρίου
2385 5501 2550 5569 ὁρῶν,
2584 5504 2677 5554 καὶ
2712 5503 2981 5571 δείγματα
3014 5505 3115 5572 τῆς
3153 5504 3413 5575 ἀληθείας
3453 5523 3612 5558 κατα-

2031 5591 2194 5656 νοῶν,
2232 5592 2407 5645 ὲδόκει
2450 5594 2588 5664 πρὸς
2619 5595 2813 5647 ἑαυτὸν
2845 5594 3191 5665 πληροῦσθαι
3225 5596 3293 5649 τὰ
3323 5597 3623 5667 προδηλού·

2039 5702 2196 5754 μενα.
2247 5687 2336 5737 Ἔν
2375 5690 2440 5758 τῇ
2492 5689 2685 5758 ἐρήμῳ
2716 5690 2748 5758 ἡ
2799 5687 2989 5750 ἐλπίς·
3024 5690 3082 5740 ἐν
3112 5691 3227 5752 τοῖς
3271 5689 3383 5742 τῶν
3417 5691 3622 5758 κριτῶν

2034 5776 2387 5845 δημαγωγοῖς
2427 5781 2459 5847 ὴ
2496 5778 2830 5849 προσδοκίαο
2868 5778 3124 5849 Σαμουὴλ
3173 5779 3615 5849 ἐχρηματίζετο·

2035 5869 2200 5923 Δαὸἱδ
2246 5871 2413 5939 ἐγγὺς
2443 5872 2540 5942 τὴν
2584 5872 2796 5944 ἡμέραν
2848 5870 3172 5940 ἁναφωνῶν,
3213 5871 3613 5941 άπεμάκρυνεο
