4104 6414
297 416 395 481 559

296 627 391 722 ἐπὶ.
427 627 599 722 θύρας
630 628 773 689 εἶναι
823 639 919 693 τὸν
952 641 1191 713 Χριστὸν
1226 627 1575 722 κατεμήνυε..
1595 627 1804 718 Πάντες
1833 657 1890 711 δὲ

294 719 409 774 τῶν
469 720 849 782 ἐλπισθέντων
911 733 1279 807 ἀποτυχόντες
1335 719 1712 816 παρέδραμον.
1782 749 1892 802 Kal.

299 815 601 911 ἐπειδήπερ
632 821 661 873 ό
698 823 900 893 χρόνος
945 828 1044 882 σὺν
1082 834 1198 897 τοῖς
1238 834 1412 899 ἀξίοις
1442 839 1887 911 ἀπελιμπάνετο·

298 898 432 1004 εὗρε
473 910 530 1004 δε
554 911 683 976 τούς
709 914 897 981 ἀξίους
933 920 1173 1004 οίκείως,
1193 924 1254 990 ἐξ
1282 898 1465 983 αὐτῶν
1497 898 1889 1004 ὡρμημένους,

296 1002 395 1055 καὶ
423 1003 565 1074 πρὸς
592 1007 757 1061 τοῦτο
790 1009 870 1080 τῷ
908 1012 1125 1087 κτίστῃ
1166 1002 1677 1093 εὐτρεπισμένους·
1736 1027 1889 1081 Ἰωα-

293 1094 435 1166 κείμ
456 1114 541 1161 τε,
574 1102 742 1171 φημὶ,
784 1103 881 1157 καὶ
909 1105 1107 1161 Ἀνναν
1138 1109 1265 1174 τοὺς
1313 1112 1414 1185 τὴν
1458 1110 1640 1171 αἰτίαν
1672 1117 1767 1171 τοῦ
1799 1118 1890 1173 τέ-

290 1188 428 1253 λους
473 1191 586 1245 τῶν
639 1195 992 1263 μηνυθέντων
1032 1200 1403 1269 ἀποτεκόντας
1447 1207 1741 1280 (Ἰωακεὶμ
1791 1211 1891 1281 μὲν

289 1281 411 1353 γὰρ
469 1282 890 1376 ἀποκείμενος,
930 1290 1100 1347 Ἀννα
1155 1295 1212 1349 δὲ
1262 1295 1436 1367 χάρις
1474 1301 1889 1376 ἑρμηνευομένη

290 1376 673 1449 ξεκύρωταψ
712 1374 859 1436 οὗτοι
909 1384 978 1439 τὰ
1027 1385 1142 1468 τῶν
1193 1392 1560 1463 προρρήσεων
1599 1396 1680 1458 εἰς
1727 1374 1891 1468 ἔργον

286 1469 697 1558 κατεϐάλλοντο
731 1474 999 1546 προοίμια
1022 1495 1036 1509 ·
1076 1464 1223 1535 οὗτοι
1264 1484 1375 1538 τῶν
1408 1464 1893 1558 προσδοκηθέντων

285 1556 397 1626 τὴν
426 1558 590 1630 ῥίζαν
614 1561 959 1634 ἐϐλάστησαν
977 1581 993 1597 ο
1019 1559 1164 1623 οὗτοι
1188 1571 1298 1625 τῶν
1330 1556 1779 1644 ἐπαγγελθέντων
1802 1581 1892 1633 τὶν

288 1650 555 1720 θεμέλιον
586 1656 933 1727 κατέπηξανο
966 1659 1033 1713 ἐκ
1053 1662 1261 1717 τούτων
1293 1666 1423 1737 ἡμῖν
1453 1670 1485 1739 ή
1516 1668 1616 1740 τῆς
1645 1673 1892 1742 ἰατρείας

291 1745 594 1817 μυροθήκη
624 1750 1038 1822 κατεσκευάσθη
1065 1770 1080 1785 ·
1111 1756 1175 1810 ἐκ
1211 1758 1420 1813 τούτων
1453 1764 1485 1833 ἡ
1528 1764 1638 1816 τῶν
1671 1781 1891 1836 προφη-

286 1837 401 1889 τῶν
434 1839 760 1913 ἐπεδήμησε
790 1842 1110 1916 πλήρωσις·
1151 1847 1217 1902 ἐκ
1249 1850 1457 1905 τούτων
1489 1854 1522 1924 ἡ
1554 1855 1656 1924 τῆς
1693 1857 1892 1926 εὐφρο-

290 1930 469 2000 σύνης
534 1934 873 1990 ἁνατέταλκιιρ
940 1937 1243 2011 πρόξενος·
1301 1944 1366 1997 ὲκ
1415 1944 1621 2001 τούτων
1674 1949 1744 2003 τὰ
1789 1950 1888 2019 τῆς

289 2027 473 2093 χαρᾶς
525 2027 980 2100 προωδοποίησεν
1039 2032 1297 2106 ἐνέχυρα.
1355 2031 1518 2092 Οὗτοι
1575 2041 1757 2097 τοίνυν
1817 2042 1886 2096 δι’

292 2117 755 2188 ὑπερϐάλλουσαν
801 2124 1010 2196 ἀρετὴν
1045 2130 1200 2195 παρὰ
1252 2129 1464 2207 πάντας
1493 2133 1765 2205 γνώριμοι
1799 2118 1888 2207 ’τῷ

293 2212 507 2287 Κτίστῃ
556 2214 944 2273 καθίστανται.
996 2220 1091 2274 Διδ
1138 2198 1322 2277 πᾶσαν
1373 2198 1514 2278 ὁδὸν*
1544 2198 1884 2297 βαδίσαντεςξ

291 2305 431 2376 πρὸς
454 2306 560 2376 τὴν
584 2307 866 2378 ἀκρότητα
898 2311 1001 2382 τῆς
1025 2312 1365 2384 τελειότητος
1388 2300 1633 2389 κατήντη
1643 2336 1763 2382 σαν,
1790 2321 1886 2374 καὶ

297 2400 450 2469 μόνοι
483 2400 598 2457 τῶν
634 2400 911 2467 πλείστοις
949 2402 1010 2470 ἐξ
1041 2404 1240 2469 αἰῶνος
1276 2407 1735 2482 ἑπιθυμουμένων
1764 2414 1889 2468 ἐπέ-

292 2508 478 2563 τυχον.

361 2584 440 2641 1".
479 2584 608 2640 Τῶν
634 2585 745 2658 γὰρ
769 2586 980 2659 ὲθίμων
1000 2589 1096 2644 τοῦ
1124 2591 1295 2663 νόμου
1329 2594 1683 2665 προστάξεων
1719 2601 1785 2670 τῇ
1807 2599 1890 2652 εὐ·
1962 2638 1971 2643 ι

288 2676 487 2746 τεκνία
532 2674 954 2749 προκρινουσῶν
1009 2680 1108 2752 τὴν
1176 2682 1489 2751 εὐσέϐειαν,
1544 2685 1645 2740 καὶ
1681 2689 1889 2758 τεκμή-

304 2785 420 2837 ριον
476 2769 708 2839 ἀψευδὲς
766 2770 1024 2841 εὐλογίας
1075 2772 1177 2845 τὴν
1216 2774 1475 2846 εὐθηνίαν
1524 2778 1624 2845 τῆς
1673 2779 1889 2849 φύσεως

304 2856 682 2929 λογιζομένων,
710 2861 773 2927 ἐξ
794 2864 968 2935 αὐτῆς
997 2863 1090 2918 τοῦ
1128 2865 1496 2938 ὲξιλάσματος
1522 2869 1631 2924 τῶν
1664 2870 1886 2952 θυσιῶν,
1942 2884 1945 2885 ⁷

304 2952 622 3025 προέκρινον
642 2955 705 3009 τὸ
742 2955 963 3010 δεκτέον
999 2974 1014 2989 ο
1055 2958 1209 3043 οὐδὲν
1263 2960 1498 3029 ἀλόγως,
1540 2958 1717 3033 οἶμαι,
1765 2967 1889 3020 οὐδὲ

294 3045 395 3116 τῆς
425 3045 534 3100 τῶν
560 3048 955 3118 προσαγόντων
1007 3050 1320 3124 παχύτητος
1379 3053 1660 3125 ἀλλότριον
1702 3057 1892 3111 θεσπι-

291 3137 526 3203 ζουσῶν.
578 3139 799 3212 Ἐπειδὴ
856 3141 968 3211 γὰρ
1009 3144 1467 3215 σωματικώτερον
1518 3147 1567 3199 oi
1621 3147 1741 3200 τότε
1782 3148 1891 3202 διέ-

332 440 395 542 ou
681 538 708 542 _
1148 440 1434 505 ORATIO
1474 448 1559 509 IN
1598 450 1649 511 Ν
1653 453 1833 516 ATlV
1837 453 1888 513 ΙἾ

1988 457 2130 519 ΓΕΜ
2164 461 2273 526 SS.
2314 465 2700 533 DEIPARIE.

428 538 753 642 359091]th
779 542 809 596 ὁ
856 546 1018 642 χορὸς
1060 548 1403 624 διαπρυσίως
1451 559 1743 633 ἐκήρυττε,
1797 567 1891 618 καὶ
1919 565 1966 623 Δ
1994 571 2297 642 accipiebat

3482 476 3591 543 570

2345 594 2359 631 :
2413 576 2603 643 David,
2652 594 2822 649 prope
2883 579 3027 636 diem
3095 597 3219 638 esse
3270 583 3584 654 clamando,

1994 668 2202 724 multus
2246 679 2366 726 erat
2407 687 2422 727 :
2456 674 2845 743 prophetarum
2891 676 3096 731 chorus
3127 677 3274 735 clara
3306 679 3576 749 pnedica-

1990 762 2083 818 bat
2124 780 2275 831 voce,
2308 764 2701 837 Christumque
2729 766 2839 837 jam
2877 767 2929 822 in
2965 768 3153 838 januis
3187 773 3576 828 annuntiabat.

1992 855 2196 913 Omnes
2240 856 2597 913 nihilominus
2645 872 2742 928 spe
2784 874 2883 914 sua
2929 857 3176 916 frustrati
3216 863 3572 920 transierant.

1992 947 2130 1015 Quia
2178 965 2304 1006 vero
2352 951 2640 1007 deﬁciebat
2708 961 2949 1022 tempus,
3005 969 3130 1008 cum
3173 954 3241 1009 iis
3285 957 3376 1026 qui
3433 956 3583 1030 digni

1991 1050 2174 1108 erant;
2223 1042 2553 1114 tandemque
2600 1042 2735 1098 illud
2791 1059 2918 1099 vere
2986 1045 3183 1115 dignos
3251 1047 3460 1103 invenit
3514 1065 3583 1105 ex

1992 1148 2185 1189 eorum
2219 1141 2371 1190 ortos
2399 1135 2675 1205 prosapia,
2711 1144 2874 1206 atque
2901 1136 2955 1190 in
2987 1150 3113 1191 eum
3147 1136 3308 1193 linem
3339 1154 3366 1191 a
3398 1155 3581 1194 rerum
3638 1210 3641 1213 _

1992 1227 2228 1280 Auctore
2262 1237 2617 1296 praeparatos,
2649 1226 2922 1293 Joachim,
2960 1229 3212 1299 inquam,
3246 1239 3299 1285 et
3331 1229 3545 1285 Annam
3567 1272 3582 1299 ,

1991 1319 2113 1390 ejus
2162 1328 2449 1390 parentes;
2504 1336 2628 1391 qua:
2681 1336 2849 1377 causa
2902 1323 3112 1378 exstitit
3175 1332 3404 1378 eventus
3452 1339 3578 1392 pro-

1992 1411 2289 1468 missorum
2319 1426 2335 1465 :
2378 1428 2502 1467 nam
2533 1411 2781 1469 Joachim
2817 1414 3061 1484 quidem,
3100 1417 3398 1484 repositus;
3424 1417 3583 1472 Anna

1992 1520 2145 1570 vero,
2188 1506 2387 1576 gratia,
2438 1505 2646 1576 liquido
2695 1508 3015 1577 exponitur.
3066 1501 3156 1573 Hi,
3190 1511 3433 1565 oraculis
3483 1526 3586 1564 an-

1993 1601 2368 1655 nuntiatorum
2401 1599 2651 1667 exordia,
2681 1603 2736 1655 in
2774 1615 2914 1670 opus
2954 1612 3201 1657 sternere
3241 1611 3526 1672 coeperunt
3561 1620 3576 1658 :

1992 1689 2050 1746 hi
2084 1706 2266 1746 rerum
2303 1691 2356 1745 in
2392 1706 2489 1761 spe
2539 1692 2843 1761 positarum
2878 1692 3114 1748 radicem
3142 1695 3526 1764 germinarunt
3564 1712 3580 1749 :

1995 1783 2052 1839 bi
2095 1785 2522 1855 promissionum
2575 1783 2992 1839 fundamentum
3046 1785 3423 1842 ﬁxerunt:ex
3479 1787 3586 1841 illis

1996 1877 2355 1947 pigmentaria
2392 1877 2550 1933 nobis
2594 1877 2916 1947 medicaque
2954 1876 3169 1933 oﬂicina
3209 1889 3418 1936 structa
3446 1889 3531 1935 est
3567 1896 3582 1934 :

1995 1986 2061 2025 ex
2091 1970 2158 2026 iis
2197 1971 2348 2025 venit
2378 1968 2771 2040 prophetarum
2809 1969 3055 2039 impletio
3092 1987 3107 2025 :
3144 1986 3211 2025 ex
3247 1970 3315 2026 iis
3342 1980 3460 2025 orta
3495 1982 3583 2027 est

1989 2058 2190 2117 laetitiae
2222 2062 2471 2128 auctrix;
2503 2077 2568 2117 ex
2597 2062 2666 2117 iis
2710 2060 3009 2132 praeierunt
3031 2062 3213 2131 gaudii
3238 2062 3484 2132 pignora.
3518 2061 3584 2118 Hi

1990 2154 2175 2225 itaque
2233 2154 2302 2209 ab
2329 2153 2614 2210 excellenti
2638 2167 2805 2222 supra
2835 2166 3027 2208 omnes
3077 2153 3279 2207 virtute
3335 2151 3583 2209 Creatori

1989 2245 2270 2316 conspicui
2287 2244 2718 2300 constituuntur.
2739 2242 2951 2297 Idcirco
2974 2243 3122 2297 omni
3144 2242 3373 2298 decursa
3392 2242 3495 2306 via,
3516 2243 3583 2297 ad

1991 2351 2268 2394 summum
2304 2335 2657 2407 perfectionis
2697 2335 2957 2390 verticem
3009 2342 3407 2399 occurrerunt,
3445 2334 3582 2389 soli-

1990 2445 2095 2500 que
2141 2424 2232 2485 res
2277 2429 2551 2499 plerisque
2600 2444 2631 2483 a
2677 2429 2877 2483 saeculo
2938 2427 3276 2485 desideratas
3321 2427 3583 2497 consequi

1992 2528 2333 2576 meruerunt.
2886 2576 2887 2579 η

2063 2611 2150 2666 Ill.
2208 2610 2347 2666 Nam
2403 2626 2529 2667 cum
2600 2611 2852 2683 legalium
2927 2613 3392 2670 constitutionum
3454 2613 3580 2683 jura

1989 2703 2159 2774 prolis
2187 2702 2344 2773 copia
2388 2702 2645 2772 pietatem
2702 2714 3011 2769 censerent,
3039 2713 3363 2775 certumque
3413 2705 3584 2760 bene‘

1990 2793 2248 2850 dictionis
2271 2802 2683 2865 argumentum,
2708 2803 2920 2850 natura:
2952 2798 3254 2861 ubertatem
3284 2796 3575 2863 haberent,

1990 2901 2054 2942 ex
2084 2901 2149 2942 ea
2179 2885 2565 2951 decernebant,
2593 2894 2651 2939 ut
2684 2887 2874 2942 hostiae
2912 2896 3099 2957 gratae,
3123 2902 3189 2943 ac
3213 2890 3580 2959 acceptabiles

1989 2984 2175 3033 essent
2206 2993 2219 3031 :
2255 2976 2328 3030 ita
2374 2991 2530 3040 sane,
2577 2985 2637 3031 ut
2691 2992 2809 3032 mea
2851 2977 3071 3047 quidem
3116 2979 3408 3047 sententia,
3442 2981 3581 3035 nihil

1991 3068 2083 3124 illa
2134 3083 2164 3123 a
2224 3068 2464 3132 ratione,
2514 3079 2679 3123 autve
2724 3068 3070 3123 oli'erentium
3128 3084 3316 3125 crasso
3367 3071 3582 3134 animo,

1992 3159 2233 3214 alienum
2274 3159 2573 3215 sancirent.
2616 3159 2753 3225 Quia
2780 3159 2928 3215 enim
2958 3160 3079 3231 ejus
3105 3162 3283 3217 aetatis
3322 3162 3575 3217 homines

291 3247 498 3297 κειντο,
530 3235 600 3304 τῇ
632 3232 743 3286 τῶν
777 3232 1049 3305 βιωτικῶν
1066 3235 1307 3290 ἐπιδόσει
1336 3237 1406 3290 τὰ
1431 3238 1534 3308 τῆς
1559 3238 1741 3312 ψυχῆς
1762 3257 1888 3310 συγ-

291 3323 662 3344 -μῒγ⁸---μᾲ--
707 3326 767 3344 ’γε
810 3325 863 3344 Δὶ
927 3323 980 3344 ΡΙ
1228 3328 1255 3340 ιι·
1392 3329 1484 3344 -.ι-
1564 3332 1575 3344 ι
1793 3334 1816 3344 Α

1992 3251 2318 3321 corporibus
2337 3251 2689 3317 addictiores,
2708 3253 3054 3310 saecularium
3079 3263 3371 3326 augmento
3408 3254 3580 3309 animi

288 3323 664 3389 καλύπτοντες
697 3325 899 3394 ἀγαθὰ,
925 3323 1068 3391 ξένοι
1100 3344 1159 3380 τε
1186 3328 1295 3383 τῶν
1326 3329 1420 3382 τοῦ
1441 3331 1582 3384 Πνεύ
1592 3349 1762 3401 ματος
1789 3334 1885 3387 δα-

284 3417 462 3487 ψιλῶν
482 3418 848 3488 χαρισμάτων
888 3418 1273 3489 τυγχάνοντες,
1316 3421 1378 3474 τὸ
1409 3423 1772 3480 εὐαπόδεκτον
1821 3430 1887 3481 ἐκ

285 3507 498 3563 τούτων
546 3510 1040 3581 κατεστοχάζοντο.
1089 3513 1262 3566 Τοῦτο
1303 3513 1488 3569 τοίνυν
1528 3519 1576 3570 οί
1620 3520 1685 3589 τῇ
1756 3523 1887 3593 σκιᾷ

285 3601 641 3666 δουλεύοντες
666 3602 724 3656 τὸ
747 3603 867 3668 ἔθος
895 3604 1244 3676 κατέχοντες,
1282 3607 1543 3672 ἀπαιδίας
1578 3608 1741 3664 ἕνεκα
1773 3612 1885 3667 τῶν

286 3696 518 3752 δικαίων
551 3697 617 3751 οὐ
638 3699 993 3770 προσήκαντο
1018 3700 1084 3755 τά
1115 3700 1510 3774 προσαγόμενα
1535 3702 1704 3775 δῶρα.
1727 3705 1887 3762 Οὕτω

288 3787 418 3854 γοῦν
451 3787 852 3854 ὀνειδισθέντες
874 3776 923 3845 oi
949 3792 1172 3859 δίκαιοι,
1202 3793 1236 3865 ἢ
1269 3794 1366 3847 καὶ
1405 3795 1883 3867 ἀποπεμφθέντες,

294 3880 417 3949 μίαν
440 3882 660 3936 τούτων
693 3882 1018 3954 ἀπαλλαγὴν
1047 3885 1459 3957 ὲφευρίσκουσι,
1490 3888 1590 3958 τὴν
1634 3890 1712 3954 είς
1753 3890 1886 3946 Θεὸν

288 3972 645 4042 καταφυγήν.
684 3972 776 4025 Διὸ
809 3974 901 4026 ἐπὶ
919 3974 1010 4027 τὸν
1050 3975 1330 4047 Ἀϐραὰμ,
1367 3979 1464 4031 καὶ
1498 3979 1742 4053 Σάρραν,
1790 3984 1886 4036 καὶ

293 4067 498 4119 ’Δνναν
528 4066 796 4138 ἀλλήλους
829 4069 1072 4142 καθορᾷν
1119 4071 1564 4142 περεκελεύοντο,
1614 4075 1708 4128 καὶ
1768 4077 1886 4146 μετ’

290 4159 514 4214 ἐκείνων
537 4159 641 4231 τὴν
700 4163 798 4232 τῆς
856 4163 1024 4233 εὐχῆς
1069 4164 1477 4236 ἀπολαμϐάνειν
1523 4167 1885 4241 παρώτρυνον

288 4246 538 4307 ἔκϐασιν.
604 4250 821 4308 Καλὴν
870 4253 1012 4324 ἡμῖν
1046 4252 1234 4323 οὗτοι,
1297 4259 1453 4330 φησὶ,
1513 4260 1887 4332 παράδειγμα

289 4348 661 4416 πρόκεινται,
692 4350 742 4403 εί
773 4347 1149 4416 ἁδιστάκτως
1167 4353 1283 4420 τὴν
1314 4351 1534 4422 δέησιν
1562 4358 1881 4424 προϐαλοί-

284 4443 458 4508 μεθα.
482 4439 694 4495 Καλὸν
717 4438 1039 4510 τεκμήριον
1069 4442 1107 4510 ἡ
1138 4442 1249 4511 τῆς
1277 4443 1512 4513 Σάῤῥας
1542 4447 1883 4516 στείρωσις,

287 4533 369 4598 είς
389 4532 752 4599 ἁπαλότητα
774 4534 1244 4602 μεταϐληθεῒσα.
1287 4538 1493 4592 Καλὸν
1538 4539 1793 4609 σημεῖον
1843 4543 1883 4611 ἡ

1991 3345 2134 3401 bona
2171 3343 2550 3415 contegebant,
2585 3353 2748 3416 atque
2795 3344 2866 3399 ab
2903 3343 3165 3401 uberibus
3194 3343 3436 3414 Spiritus
3469 3345 3572 3400 do-

1989 3437 2075 3492 nis
2107 3435 2272 3491 alie'ni
2316 3444 2493 3500 erant,
2525 3451 2591 3491 ex
2642 3435 2734 3503 iis,
2777 3444 2839 3491 ut
2873 3437 3107 3507 quisque
3145 3435 3366 3491 Numini
3414 3452 3576 3492 acce-

1987 3538 2113 3598 ptus
2149 3535 2317 3593 esset,
2361 3527 2708 3597 colligebant.
2739 3528 2876 3585 Cum
2911 3531 3096 3599 itaque
3131 3531 3225 3599 qui
3262 3529 3582 3585 serviebant

1988 3621 2114 3691 legi,
2141 3635 2261 3676 eam
2289 3617 2416 3687 jure
2461 3630 2728 3690 perpetuo
2782 3621 3236 3677 consuetudinem
3290 3622 3579 3690 baberent,

1987 3712 2167 3768 oblata
2197 3710 2420 3780 ajustis
2467 3725 2694 3766 munera
2740 3710 2810 3766 ob
2847 3711 3155 3767 sterilitatis
3203 3713 3422 3782 culpam
3464 3729 3573 3770 non

1987 3803 2280 3859 admisere.
2315 3801 2406 3867 Sic
2453 3814 2585 3871 ergo
2635 3802 2717 3857 illi
2758 3803 2962 3874 probro
3010 3802 3208 3870 aﬂ‘ecti,
3238 3813 3403 3875 atque
3435 3805 3580 3860 alta-

1988 3894 2143 3950 ribus
2182 3894 2353 3962 vetiti,
2393 3910 2564 3949 unum
2604 3895 2710 3950 hoc
2765 3895 3125 3951 adiuveniunt
3167 3899 3492 3964 remedium,
3524 3908 3578 3954 ul

1987 3986 2303 4058 confugiant
2326 3986 2393 4040 ad
2426 3984 2617 4042 Deum.
2650 3985 3017 4054 Quamobrem
3056 3997 3247 4043 mutua
3276 4004 3335 4045 se
3367 3992 3573 4046 exhor—

1989 4081 2213 4144 tatione,
2271 4089 2328 4134 ut
2369 4081 2433 4134 ad
2483 4078 2795 4144 Abraham,
2838 4088 2894 4135 et
2951 4080 3198 4143 Sarratn,
3253 4099 3319 4138 ac
3366 4087 3578 4139 Annam

1986 4172 2303 4241 respiciant,
2337 4178 2710 4235 commonent,
2745 4185 2810 4226 ac
2841 4187 2949 4226 una
2989 4187 3115 4226 cum
3160 4173 3267 4228 illis
3310 4175 3579 4230 orationis

1972 4261 2241 4321 eventum
2283 4263 2526 4332 recipere
2574 4273 2847 4333 satagant.
2882 4263 3111 4319 Pulchro
3159 4266 3330 4331 nobis,
3376 4268 3579 4338 inquit,

1986 4359 2080 4413 isti
2111 4369 2233 4410 sunt
2275 4355 2513 4425 exemplo
2540 4356 2822 4427 propositi,
2854 4356 3116 4426 siquidem
3154 4359 3377 4412 indubia
3410 4368 3579 4413 mente

1987 4450 2278 4505 orationem
2331 4447 2783 4516 proposuerimus.
2835 4446 3132 4501 Pulchrum
3204 4459 3576 4519 argumentum

1989 4542 2217 4612 suggerit
2249 4538 2430 4595 Sarra:
2467 4538 2743 4606 sterilitas,
2773 4537 2828 4593 in
2865 4538 3100 4608 juventa:
3127 4540 3400 4596 mollitiem
3438 4558 3578 4594 com-

286 4623 365 4689 τῷ
392 4623 568 4695 γήρει
594 4624 958 4694 καμφθεῖσα,
990 4626 1090 4680 καὶ
1112 4629 1199 4694 εις
1245 4628 1632 4698 ἀκμαζόντων
1673 4632 1879 4702 μελῶν

1988 4643 2214 4689 mutata.
2258 4629 2551 4685 Pulchrum
2577 4631 2806 4700 signum,
2847 4629 2945 4684 illa
2967 4632 3115 4685 senio
3145 4632 3388 4694 incurva,
3416 4631 3575 4700 inque

285 4716 599 4786 ἐνέργειαν
625 4718 1215 4784 μετασκευασθεῗσα.
1240 4720 1572 4792 Βλέψωμεν
1600 4724 1688 4790 είς
1736 4725 1875 4779 Ἀν-

285 4828 397 4865 ναν
421 4811 546 4880 τὴν
582 4811 871 4879 Ἐλκαι·ἁ,
906 4813 968 4867 τὸ
988 4809 1131 4868 ἶσον
1168 4814 1244 4868 δι’
1266 4814 1458 4885 εὐχῆς
1491 4814 1639 4888 ἡμῖν
1687 4818 1879 4884 πάθος

1979 4736 2274 4798 vegetorum
2326 4722 2683 4781 membrorum
2743 4724 2987 4777 virtutem
3042 4722 3340 4776 demutata.
3388 4722 3577 4792 Respi-

1980 4819 2184 4872 ciamus
2227 4815 2297 4871 ad
2328 4817 2539 4870 Annam
2572 4830 2789 4868 uxorem
2827 4811 3046 4867 Elcana:
3077 4816 3142 4847 "'
3178 4832 3191 4868 :
3228 4814 3455 4879 Annam,
3493 4816 3576 4867 in-

285 4905 689 4976 ἁποθεμένην.
734 4904 1030 4976 Μάθωμεν
1085 4906 1275 4976 αὐτῆς
1316 4909 1384 4962 τὸ
1444 4909 1552 4977 τῆς
1612 4911 1879 4979 δεήσεως

1988 4927 2160 4981 quam,
2206 4926 2239 4962 a
2293 4908 2459 4962 simili
2520 4907 2670 4961 nobis
2722 4906 2904 4958 morbo
2960 4906 3198 4973 precibus
3257 4904 3569 4960 liberatam.

285 4998 574 5068 ἔμμονον,
603 4999 701 5051 καὶ
736 4997 803 5052 τὸ
839 4997 949 5068 τῆς
989 4998 1260 5065 διανοίας
1306 5000 1595 5070 ἔμπυρον.
1631 5003 1879 5074 Γνῶμεν

285 5089 466 5156 ὅπως,
516 5089 618 5143 καὶ
665 5090 861 5158 μέθην
922 5089 1380 5159 ἑγκαλουμένη,
1440 5095 1553 5147 οὐκ
1594 5095 1871 5150 ἐνεδίδου

285 5180 773 5250 προσευχτμένη.
819 5184 1050 5250 Ταύτην
1082 5183 1254 5251 ἡμεῖς
1272 5186 1665 5255 μιμησώμεθα
1703 5204 1716 5218 ·
1739 5188 1878 5242 ταύ-

284 5287 393 5337 της
414 5272 681 5326 κατόπιν
707 5271 1091 5342 ἐπειγώμεθα.
1127 5275 1292 5343 Αὕτη
1335 5278 1686 5347 χειραγωγεῖ
1729 5280 1877 5349 πρὸς

286 5363 402 5416 τῶν
437 5362 853 5432 ἐλπιζομένων
890 5365 1008 5433 τὴν
1033 5366 1309 5435 αἴτησιν,
1366 5370 1464 5421 καὶ
1525 5371 1641 5438 τὴν
1668 5356 1878 5427 ἐπιτυ-

286 5456 447 5522 χίαν,
491 5454 567 5508 δι’
606 5448 695 5508 ὧν
717 5454 1080 5525 ἐνήργησεν,
1110 5457 1566 5528 ἐπαγγέλλεται.

354 5548 429 5599 Δ’.
452 5544 677 5615 Ταύτην
704 5541 801 5599 οὖν
819 5547 919 5617 τὴν
939 5547 1249 5620 συμϐουλὴν
1266 5550 1346 5613 εἰς
1376 5549 1535 5622 ἔργον
1569 5551 1874 5622 ἐξήνεγκαν

285 5637 587 5694 οἰΔίκαιοι.
614 5639 696 5693 Τά
728 5643 829 5709 τῆς
865 5640 1032 5713 εὐχῆς
1081 5643 1332 5697 ἐντεῦθεν
1393 5643 1574 5698 αὐτῶν
1631 5647 1874 5718 κατεπή-

282 5726 398 5784 δετο
456 5733 705 5804 ῥήματα.
755 5732 881 5799 Σὺ,
937 5735 1092 5806 φησὶ,
1152 5739 1350 5807 Κύριε,
1403 5738 1483 5804 τῷ
1539 5737 1872 5810 πατριάρχῃ

351 5870 412 5899 ¹⁶’
440 5871 460 5928 I
486 5870 622 5944 Reg.
652 5885 701 5925 ι.

1983 5003 2260 5057 Discamus
2301 5000 2415 5069 ejus
2454 4998 2714 5053 orationis
2751 4998 3131 5061 constantiam,
3164 5015 3226 5052 ac
3264 5000 3432 5052 animi
3461 5000 3577 5069 fer-

1987 5111 2187 5151 vorem.
2214 5091 2559 5159 Noverimus,
2585 5101 2643 5145 ut
2671 5107 2835 5159 neque
2859 5090 3126 5145 ebrietatis
3150 5091 3302 5145 illato
3331 5093 3574 5158 crimine,

1984 5187 2223 5242 studium
2261 5183 2451 5237 orandi
2474 5183 2753 5237 remiserit.
2784 5180 2937 5236 Hanc
2964 5182 3065 5251 ipsi
3093 5183 3386 5238 imitentur.
3413 5183 3573 5239 Hanc

1985 5279 2134 5350 sequi
2166 5278 2497 5348 festinemus.
2528 5273 2639 5328 Illa
2684 5275 2796 5329 dua:
2829 5277 2926 5329 erit
2975 5276 3046 5328 ad
3083 5292 3144 5328 ea
3178 5276 3425 5343 petenda,
3455 5293 3574 5346 qua:

1985 5378 2451 5441 speramus,atque
2476 5384 2539 5424 ex
2563 5369 2630 5423 iis
2666 5385 2781 5439 qua:
2813 5369 2995 5439 gessit,
3013 5369 3127 5436 fore
3153 5380 3207 5424 ut
3238 5371 3576 5440 impetremus

1985 5466 2268 5533 promittit.

2053 5556 2143 5613 ιγ.
2175 5557 2289 5615 Hoc
2308 5574 2438 5632 ergo
2466 5558 2608 5618 Justt
2636 5560 2928 5617 consilium
2954 5559 3020 5616 ad
3044 5575 3184 5630 Opus
3212 5559 3565 5629 redegerunt.

1983 5649 2122 5706 Hinc
2144 5652 2409 5709 orationis
2433 5660 2721 5724 coeperunt
2740 5655 2993 5711 occinere
3017 5652 3204 5709 verba.
3239 5650 3338 5718 Tu,
3363 5649 3562 5718 inquit,

1986 5740 2223 5811 Domine,
2258 5743 2525 5813 pollicitus
2573 5746 2896 5815 patriarcha!
2932 5744 3066 5815 fore,
3127 5752 3185 5798 ut
3231 5741 3343 5807 eius
3393 5755 3563 5794 semen
