4104 6426
564 440 665 504 571

1841 444 2103 507 JACOBI
2144 444 2490 507 MONACIII

3720 453 3823 517 572

564 571 720 624 super
763 566 1036 609 numerum
1077 571 1250 609 arena:
1288 556 1474 619 maris,
1512 555 1925 627 multiplicatum
1957 571 2139 610 excre-

2255 557 2745 628 ἒπαγγειλάμενος
2772 560 2926 629 ὑπὲρ
2951 561 3203 630 ἀριθμὸν
3231 561 3481 631 ψάμμου
3506 561 3825 631 θαλάσσης

563 649 791 712 sceret’,
817 664 918 699 non
947 663 1012 701 ea:
1048 647 1330 717 multiplici
1362 648 1507 716 prole
1548 664 1657 701 rem
1699 647 2025 717 prwstitisti,
2055 646 2145 701 sed

562 752 629 791 ea:
650 753 753 789 uno
781 736 930 804 fastu,
970 753 1177 806 unaque
1205 737 1451 792 editione.
1482 736 1582 801 Tu,
1611 746 1805 790 terram
1839 735 2148 789 hatreditate

565 826 956 896 possidendam.
1000 844 1103 880 non
1143 842 1207 881 ex
1239 827 1444 889 multis,
1474 827 1564 880 sed
1600 842 1665 880 e1:
1709 843 1810 879 uno
1838 826 1931 878 illo
1963 824 2144 878 distri-

568 918 749 972 buisti.
802 917 879 972 Tu
930 918 1112 973 Sarra:
1163 920 1602 988 infecunditatem
1648 917 2015 972 commutasti.
2068 914 2148 968 Tu

566 1009 681 1078 ejus
729 1014 952 1065 remissa
1004 1012 1260 1074 membra,
1294 1020 1349 1063 ut
1382 1021 1470 1064 tuo
1502 1011 1815 1064 inservirent
1867 1008 2145 1073 mandato,

564 1100 854 1156 roborasti.
892 1102 968 1156 Tu
1007 1103 1120 1172 ejus
1170 1103 1592 1156 incredulitatem
1643 1104 1697 1155 in
1740 1101 1896 1169 ﬁdem
1935 1116 2149 1154 conver-

565 1194 699 1258 tisti,
731 1211 793 1248 ac
828 1195 1150 1248 dubietatem
1187 1197 1239 1248 in
1270 1196 1502 1250 indubia:
1537 1195 1725 1249 mentis
1759 1193 2148 1262 firmitudinem

566 1286 812 1343 mutasti.
855 1284 980 1339 Non
1018 1286 1273 1349 ridemus,
1309 1296 1364 1339 ut
1409 1287 1541 1349 illa;
1588 1290 1678 1340 sed
1707 1286 2144 1356 supplicesoobse-

568 1392 801 1439 eramus,
833 1387 890 1430 ut
920 1378 1095 1430 Anna.
1133 1377 1253 1430 Non
1285 1394 1468 1431 sumus
1498 1378 1553 1431 in
1584 1378 1827 1430 oratione
1860 1376 2029 1439 dubii,
2060 1374 2151 1428 sed

567 1468 629 1521 de
679 1477 863 1521 eventu
911 1468 1132 1523 creduli.
1186 1468 1263 1522 Tu
1316 1469 1559 1538 patribus
1622 1469 1823 1522 nostris
1873 1467 2147 1522 mirabilia

568 1572 813 1629 operatus
852 1579 924 1617 es.
958 1563 1036 1617 Tu
1071 1565 1384 1618 benedixisti
1411 1562 1598 1627 Iacob,
1634 1580 1696 1616 ac
1726 1561 1985 1617 Israelem
2034 1578 2144 1615 mu-

568 1662 678 1706 tato
733 1655 941 1707 nomine
984 1653 1258 1723 appellans
1288 1655 1329 1717 ³.
1371 1654 1485 1723 ejus
1518 1654 1633 1707 inde
1687 1653 1855 1707 animi
1883 1652 2152 1721 perspica-

567 1745 781 1798 citatem
837 1747 1107 1799 indicasti.
1153 1745 1252 1810 Tu,
1293 1749 1529 1816 provide,
1582 1755 1641 1799 ut
1699 1745 1814 1814 ejus
1869 1760 2043 1799 semen
2094 1744 2152 1797 in

566 1834 855 1905 Egyplum
889 1837 1328 1906 proﬁcisceretur,
1358 1855 1419 1891 ac
1460 1839 1573 1890 illic
1604 1838 1947 1899 detineretur,
1973 1838 2152 1902 dispo-

2248 650 2364 717 τὴν
2401 651 2509 704 τοῦ
2539 651 2880 720 σπέρματος
2923 654 3112 707 αὐτοῦ
3162 646 3514 720 πληθύνειν,
3540 654 3821 710 ἐπίδοσιν

2250 743 2361 794 οὐκ
2405 740 2473 792 ἐκ
2508 743 2911 807 πολυτεκνίας
2960 746 3135 797 τοῦτο
3163 743 3510 812 ἐνήργησας
3543 760 3557 775 ·
3593 746 3731 799 ἀλλ’
3756 747 3826 800 ἐκ

2243 825 2384 895 μιᾶς
2417 827 2678 896 προόδου
2713 830 2829 897 τὴν
2858 832 3202 899 ὑπόσχεσιν
3224 833 3592 899 ἐξετέλεσας.
3614 836 3695 888 Σὺ
3713 835 3829 902 τὴν

2249 918 2624 989 κατάσχεσιν
2638 921 2747 989 τῆς
2760 922 2872 992 γῆς
2886 925 2998 979 οὐκ
3022 925 3090 978 ἐκ
3122 927 3439 990 πλειόνων,
3464 928 3601 981 ἀλλ’
3627 928 3693 981 ἐκ
3721 929 3828 983 τοῦ

2248 1012 2389 1077 ἐνὸς
2437 1014 2650 1068 τούτου
2693 1015 3204 1083 ἐκληροδότησας.
3257 1017 3343 1070 Σὺ
3395 1017 3511 1085 τὴν
3575 1020 3832 1088 ἀτονίαν

2250 1102 2362 1172 τῆς
2392 1103 2625 1172 Σάρρας
2655 1109 2742 1173 εὶς
2764 1109 3156 1182 τεκνογονίαν
3217 1107 3563 1178 μετέϐαλες.
3626 1112 3709 1164 Σὺ
3760 1112 3833 1165 τὰ

2251 1195 2576 1265 παρειμένα
2602 1198 2824 1266 ταύτης
2852 1200 3012 1268 μέλη
3046 1201 3199 1267 πρὸς
3224 1200 3341 1267 τὴν
3393 1202 3520 1268 σὴν
3568 1203 3837 1270 ἐντολὴν

2249 1290 2589 1358 ἐνίσχυσας
2618 1291 3021 1361 ὑπουργῆσαι.
3073 1295 3157 1348 Σὺ
3189 1296 3301 1362 τὴν
3356 1296 3648 1349 ἀπιστίαν
3696 1299 3837 1351 tati-

2251 1397 2360 1448 της
2387 1385 2474 1448 εις
2504 1385 2714 1436 πίστιν
2740 1386 3127 1454 μετήνεγκας,
3178 1388 3276 1441 καὶ
3326 1393 3415 1457 εις
3466 1391 3839 1445 ἀδίστακτον

2251 1476 2493 1543 γνώμην
2528 1476 2601 1529 τὰ
2634 1477 2737 1531 τοῦ
2765 1478 3093 1547 δισταγμοῦ
3117 1485 3589 1549 μετεσκεύασας.
3621 1485 3705 1536 Οὐ
3734 1502 3837 1552 γε-

2251 1563 2473 1634 λῶμεν,
2514 1567 2594 1631 ὠς
2623 1567 2825 1636 ἐκείνη
2858 1586 2871 1600 ο
2895 1571 3350 1638 ίκετεύομεν,ὠς
3394 1574 3432 1636 ἡ
3460 1576 3666 1628 Ἀννα.
3706 1578 3837 1628 Οὐκ

2251 1657 2711 1728 ἀμφιϐάλλομεν
2766 1662 2857 1725 είς
2910 1661 3026 1730 τὴν
3085 1662 3333 1728 δέησιν,
3383 1667 3544 1719 ἀλλὰ
3583 1670 3836 1720 πιστεύο

2252 1767 2398 1818 ομεν
2416 1751 2565 1818 πρὸς
2604 1751 2719 1817 τὴν
2756 1753 3024 1809 ἔκϐασιν.
3083 1755 3167 1810 Σὺ
3226 1756 3299 1809 τὰ
3352 1757 3659 1824 παράδοξα
3708 1758 3840 1823 τοῖς

2253 1841 2554 1910 πατράσιν
2581 1842 2748 1912 ἡμῶν
2775 1842 3141 1914 ἐνήργησας.
3188 1846 3271 1899 Σὺ
3301 1848 3406 1899 τὸν
3441 1849 3639 1901 Ἰακὼϐ
3663 1851 3843 1901 sintd-

566 1930 723 1982 suisti
750 1929 791 1981 ⁸.
828 1928 951 1983 Νοιι
1006 1932 1293 1998 permisisti
1340 1941 1393 1984 ut
1436 1931 1812 2001 Egyptiorum
1866 1930 2148 1985 crudelitas

2257 1947 2474 2000 τησας,
2510 1935 2607 1986 καὶ
2651 1934 2898 2001 Ἰσραὴλ
2922 1937 3360 2004 μετεκάλεσας,
3394 1939 3462 1990 τὸ
3501 1938 3843 2006 διορατικὸν

566 2030 715 2075 tuum
755 2023 1089 2077 imminueret
1115 2026 1389 2092 populum.
1429 2024 1505 2078 Tu
1534 2043 1621 2080 eos
1650 2025 1937 2080 dirissimis
1976 2025 2149 2093 plagis

565 2113 780 2169 rebelles
833 2117 1105 2181 punivisti,
1146 2133 1249 2184 quo
1299 2127 1349 2171 et
1400 2127 1505 2172 tua:
1553 2118 1841 2173 clementia:
1887 2118 2150 2182 specimen

564 2209 765 2271 ederes,
802 2209 1118 2276 illarumque
1148 2210 1375 2264 durities
1415 2211 1597 2279 palam
1627 2211 1794 2280 fieret.
1828 2209 1925 2272 Tu.
1960 2225 2147 2264 novam

566 2299 622 2350 in
649 2300 786 2352 mari
823 2300 962 2354 viam
1008 2302 1321 2370 designasti.
1357 2300 1457 2365 Tu,
1489 2302 1866 2357 elementorum
1898 2304 2031 2357 vires
2065 2304 2150 2356 in»

567 2392 794 2445 novasti.
845 2391 940 2458 Tu,
998 2404 1248 2447 naturam
1296 2392 1526 2462 fluxam,
1558 2396 1611 2448 in
1644 2396 1794 2449 durte
1846 2412 1909 2447 ac
1962 2396 2151 2449 solida:

565 2482 785 2549 speciem
815 2484 1162 2548 transtulisti,
1189 2493 1439 2554 tuumque
1465 2486 1716 2555 populum
1745 2489 1886 2538 sicco
1933 2485 2150 2554 vestigio

566 2573 878 2628 traduxisti.
915 2574 1014 2636 Tu,
1057 2576 1266 2629 uberem
1303 2593 1571 2630 annonam
1602 2577 1655 2631 in
1687 2578 1894 2631 deserto
1937 2582 2144 2644 pineus,

563 2666 801 2720 eumdem
870 2669 1189 2723 esurientem
1251 2670 1458 2723 abunde
1514 2671 1750 2725 satiasti.
1810 2669 1886 2723 Tu
1941 2679 2148 2738 petram

563 2758 909 2811 durissimum
976 2775 1168 2829 aquam
1227 2760 1492 2815 scaturire
1547 2760 1741 2830 fecisti,
1794 2761 2149 2831 populumque

561 2848 824 2902 sitientem
872 2852 1093 2919 potasti.
1145 2851 1225 2905 Ad
1282 2868 1442 2921 quam
1499 2853 1599 2921 ipsi
1648 2852 2005 2920 respicientes,
2047 2869 2149 2905 non

560 2943 717 3012 quasi
753 2943 923 3007 dubii,
951 2958 1162 3011 precum
1195 2945 1581 2999 obsecrationes
1609 2946 1987 3015 supprimimus
2011 2985 2027 3008 ,
2059 2946 2148 2998 sed

561 3036 884 3101 sinceritate,
908 3037 1015 3103 spei
1047 3037 1457 3106 supplicationes
1496 3038 1837 3092 intendimus.
1876 3034 2147 3105 Siquidem

561 3125 722 3190 enim,
760 3127 814 3179 in
860 3125 1048 3195 quibus
1091 3127 1227 3180 nihil
1271 3136 1408 3190 erat,
1446 3137 1503 3180 ut
1545 3143 1604 3180 ea
1640 3127 2005 3195 producerent,
2032 3141 2149 3194 qua:

564 3227 686 3270 sunt
713 3216 998 3286 producta,
1038 3216 1280 3279 Domine,
1322 3229 1569 3287 operatus
1616 3233 1709 3283 es;
1736 3233 1906 3271 nonne
1950 3216 2015 3270 iis
2055 3232 2150 3280 po-

566 3308 695 3370 tius,
725 3323 842 3376 quw
888 3318 993 3362 tua:
1039 3309 1292 3379 originali
1338 3310 1448 3380 lege
1503 3310 1558 3363 in
1609 3309 1756 3364 nobis
1804 3311 1976 3378 posita
2006 3320 2150 3372 sunt,

564 3417 659 3470 pro
703 3411 796 3454 tua
849 3399 1127 3454 clementia
1165 3401 1559 3456 auxiliaberis?
1603 3400 1870 3472 Siquidem
1930 3419 1993 3456 ea
2036 3418 2153 3472 qua:

567 3501 678 3546 toto
710 3508 894 3564 genere
923 3493 1151 3547 discreta
1184 3504 1358 3557 erant,
1387 3495 1756 3547 communione
1803 3497 2107 3561 temperasti
2126 3512 2147 3560 ;

563 3601 736 3639 nonne
763 3601 880 3656 quia
910 3594 1102 3639 natura
1129 3587 1280 3640 unita
1319 3595 1462 3651 sunt,
1501 3604 1564 3640 ac
1589 3587 1788 3641 viribus
1811 3588 2037 3655 defecta,
2076 3589 2146 3642 ad

566 3678 621 3731 id
671 3677 883 3731 reduces
919 3681 1058 3747 quod
1109 3688 1184 3734 est
1233 3682 1547 3748 propriam?
1590 3680 1693 3745 Qui
1742 3690 2045 3734 creaturam
2081 3695 2147 3735 ex

567 3767 733 3822 nihilo
747 3770 1050 3836 produxisti
1068 3787 1086 3833 ;
1123 3770 1378 3840 numquid
1399 3770 1536 3824 male
1567 3771 1815 3839 affectam
1845 3788 1947 3826 non
1977 3772 2136 3825 resti-

568 3871 703 3927 tues,
729 3861 809 3913 uti
837 3860 1092 3916 Dominus
1118 3861 1140 3913 ?
1169 3859 1339 3914 Tuum
1371 3863 1468 3939 hoc
1506 3871 1606 3926 est,
1633 3879 1663 3916 ο
1696 3863 1938 3928 Domine,
1974 3880 2103 3932 opus
2128 3878 2148 3916 :

566 3966 714 4007 tuum
744 3955 899 4008 unius
930 3954 1162 4024 facinus,
1197 3956 1318 4010 aliis
1354 3958 1597 4009 omnibus
1643 3956 1991 4024 impossibile.
2037 3956 2154 4011 Tua

564 4046 820 4113 potentia,
876 4047 1113 4099 maxima
1166 4063 1385 4116 qumque
1429 4057 1675 4115 portenta
1734 4048 1983 4104 eduntur.
2040 4048 2153 4104 Tuo

564 4144 823 4203 pra’cepto
854 4136 1135 4204 ﬂuminum
1177 4137 1516 4191 decurrentes
1549 4156 1721 4209 aqum,
1759 4144 1972 4194 reducto
2000 4141 2155 4210 fluxu

567 4236 923 4287 revertuntur.
956 4227 1205 4282 Jussione
1241 4238 1356 4294 tua,
1393 4230 1473 4282 sol
1508 4246 1720 4283 cursum
1758 4232 2004 4300 reﬂectit.
2041 4230 2156 4286 Tua

561 4321 822 4389 jussione,
872 4320 1151 4390 multiplex
1193 4337 1355 4391 genus
1398 4337 1500 4373 non
1559 4322 1895 4391 genitalium,
1926 4324 2156 4393 genitale

567 4413 638 4466 ad
673 4413 1053 4466 successionem
1085 4423 1398 4482 perseverat.
1437 4414 1778 4469 Ordinationi
1826 4424 1930 4469 tua:
1962 4417 2155 4469 cedunt

568 4502 766 4563 omnia,
798 4518 891 4555 nec
922 4503 1211 4572 quidquam
1241 4512 1331 4557 tuo
1367 4515 1626 4574 prazcepto
1660 4507 1895 4561 obsistit.
1934 4506 2009 4560 Τιι
2044 4507 2156 4560 An-

2175 3267 2222 3331 C

2257 2024 2443 2077 αἰντοῦ
2465 2024 2749 2078 ἐντεῦθεν
2778 2027 3297 2095 ὑπαινιττόμενος.
3324 2029 3408 2082 Σὺ
3435 2028 3514 2093 τῷ
3539 2030 3843 2098 σπέρματι

2258 2114 2445 2168 αὐτοῦ
2479 2114 2594 2182 τὴν
2620 2118 2708 2181 εις
2731 2117 3039 2186 Αιγυπτον
3060 2119 3412 2189 ὁδοιπορίαν
3454 2121 3554 2174 καὶ
3604 2138 3757 2175 συντ
3770 2122 3840 2190 ήο

2253 2222 2443 2275 ρησιν
2469 2208 2884 2276 ῲκονόμησιις.
2920 2210 3005 2264 Σὺ
3036 2209 3152 2278 τὴν
3189 2214 3533 2281 Αἰγυπτίων
3586 2231 3839 2281 μιαιφο-

2260 2298 2400 2350 νίαν
2427 2299 2535 2351 τὸν
2553 2301 2707 2352 λαόν
2731 2316 2848 2354 σου
2886 2302 3395 2370 κατασμικρύνειν
3450 2305 3524 2358 οὺ
3572 2306 3846 2371 συνεχώ-

2250 2406 2471 2456 ρησας.
2510 2390 2595 2444 Σὺ
2632 2393 2894 2460 πληγαῖς
2923 2394 3250 2462 ἀφορήτοις
3282 2394 3682 2460 ἀπειθοῦντας
3704 2399 3844 2451 τούς

2261 2498 2403 2547 τους
2457 2483 2785 2550 ἐκόλασας,
2841 2487 2941 2539 ira
2981 2487 3186 2540 καὶτὸ
3243 2488 3362 2540 σὸν
3409 2489 3847 2556 φιλάνθρωπον

2259 2575 2609 2644 ἀποδειχθῇ,
2642 2578 2939 2631 κάκείνων
2986 2582 3052 2631 τὸ
3096 2579 3446 2649 ἀμείλικτον
3502 2582 3839 2649 φανερωθῇ.

2260 2668 2344 2721 Σὺ
2376 2667 2564 2734 ξένην
2588 2668 2734 2721 όδὸν
2759 2670 2827 2722 ἐν
2850 2668 2925 2737 τῇ
2946 2670 3239 2740 θαλάσση
3272 2671 3465 2738 creati;
3482 2689 3675 2740 γησας
3691 2713 3706 2727 .
3762 2674 3837 2728 Σὺ

2261 2758 2366 2821 τὰς
2402 2754 2522 2809 τῶν
2553 2760 2873 2827 στοιχείων
2894 2760 3199 2829 ἐνεργείας
3223 2761 3729 2830 ἐκαινοτόμησας.
3765 2764 3843 2818 Σὺ

2259 2849 2375 2915 τὴν
2387 2849 2584 2916 ῥοώδη
2616 2851 2807 2917 φύσιν
2826 2851 2915 2916 εις
2943 2851 3278 2905 ἀντίτυπον
3310 2852 3522 2922 σχῆμα
3545 2853 3844 2921 μετέστη-

2258 2939 2395 3005 σας,
2425 2940 2523 2993 καὶ
2555 2940 2663 2993 τὸν
2688 2943 2845 2996 λαόν
2870 2956 2987 2995 σου
3036 2942 3272 3010 ἀϐρόχῳ
3328 2945 3538 3009 πορείᾳ
3588 2943 3847 2998 διεὸιίῐίι⁹

2258 3043 2395 3095 σας.
2430 3029 2514 3083 Σὺ
2547 3029 2661 3096 τὴν
2687 3030 2957 3099 ἄφθονον
2984 3032 3218 3101 τροφὴν
3236 3035 3306 3086 ἐν
3323 3034 3524 3102 ἐρήμῳ
3548 3034 3760 3101 saton
3784 3036 3849 3100 ή-

2257 3135 2395 3186 σας,
2447 3122 2745 3176 πεινῶντα
2801 3123 3019 3177 τοῦτον
3056 3126 3144 3191 εις
3196 3126 3380 3193 κόρον
3436 3126 3713 3194 ἔθρεψας.
3761 3127 3847 3180 Σὺ

2258 3212 2373 3281 τὴν
2394 3214 2730 3284 ἀκρότομον
2750 3214 2976 3283 πέτραν
3002 3215 3159 3285 ὕδωρ
3184 3215 3454 3286 πηγάσαι
3475 3219 3846 3284 πεποίηκας.

2256 3303 2354 3356 καὶ
2403 3304 2672 3373 διψῶντα
2718 3306 2936 3360 τοῦτον
2973 3308 3283 3373 ἐπότισας.
3348 3309 3501 3377 Πρὸς
3542 3308 3618 3376 ἣν
3673 3311 3853 3380 ἡμεῖς

2253 3396 2722 3464 ἀποϐλέποντες,
2776 3400 2889 3452 οὐκ
2921 3398 3246 3469 ἀμφιϐολίᾳ
3290 3400 3397 3466 τὰς
3423 3402 3612 3469 εὐχῆς
3659 3420 3849 3456 κατα-

2256 3488 2597 3556 στέλλομεν
2627 3490 3069 3559 παρακλήσεις,
3109 3493 3271 3547 ἀλλὰ
3322 3494 3677 3561 εὶλικρινείᾳ
3742 3496 3853 3560 τὰς

2257 3575 2367 3644 τῆς
2396 3579 2645 3645 ἐλπίδος
2681 3580 3057 3652 ἐπιτείνομεν
3078 3583 3400 3650 ἐντεύξεις.
3446 3586 3517 3637 El
3579 3585 3691 3654 γὰρ
3754 3588 3856 3657 ἐφ’

2257 3664 2346 3735 οἷς
2377 3673 2487 3725 οὐκ
2517 3671 2667 3735 ἐστι,
2701 3674 2898 3743 Κύριε,
2932 3675 3240 3744 προάγειν,
3273 3676 3313 3731 ἀ
3334 3676 3633 3746 προήχθη,
3661 3680 3848 3747 ἐνήρο

2258 3777 2453 3832 γησας
2483 3780 2495 3793 ·
2530 3764 2657 3829 τοῖς
2682 3765 2775 3833 ἐφ’
2815 3765 2962 3835 ἡμῖν
2993 3767 3291 3837 κειμένοις
3320 3771 3475 3823 κατά
3530 3769 3639 3823 τὸν
3680 3770 3860 3840 ἀρχι-

2256 3855 2370 3909 κὸν
2428 3855 2572 3925 ὅρον
2638 3860 2712 3912 οὐ
2753 3859 3159 3929 συνεργήσεις
3196 3861 3623 3930 φιλάνθρωπτη
3679 3866 3755 3917 Ei
3784 3865 3859 3918 τὰ

2256 3947 2437 4001 παντί
2459 3947 2816 4015 διεστηκότα
2840 3949 2918 4015 τῷ
2944 3951 3104 4020 γένει
3151 3955 3241 4019 εις
3284 3954 3604 4008 κοινωνίαν
3642 3955 3860 4024 ἐκέρα-

2256 4057 2375 4107 σας
2407 4060 2420 4072 ·
2450 4040 2728 4110 ἡνωμένα
2759 4040 2832 4111 τῇ
2858 4044 3038 4110 φύσει
3094 4045 3245 4111 πρὸς
3307 4045 3466 4099 ἴδιον
3525 4047 3637 4100 οὐκ
3693 4047 3856 4102 dru-

2256 4131 2543 4201 στρέψεις
2574 4131 3113 4204 ἐξασθενήσαν[[.-
3149 4131 3380 4206 cat-ita];
3427 4132 3491 4188 El
3512 4133 3597 4203 μὴ
3648 4130 3860 4194 οὖσαν

2258 4220 2374 4289 τὴν
2404 4223 2598 4291 φύσιν
2634 4223 3000 4291 παρήγαγες,
3043 4223 3129 4292 μὴ
3174 4219 3241 4278 εὖ
3288 4223 3675 4294 διακειμένην
3740 4230 3859 4282 οὐκ

2256 4313 2625 4381 ἀνορθώσεις
2655 4313 2737 4379 ὠς
2774 4314 2985 4383 Κύριος
3009 4331 3028 4381 ;
3070 4316 3210 4379 Σὸν,
3235 4311 3282 4370 ὦ
3309 4316 3603 4381 Δέσποτα,
3670 4319 3862 4374 τοῦτο

2257 4406 2322 4460 τὸ
2385 4407 2597 4476 ἔργον
2667 4407 2787 4460 σὸν
2833 4407 2899 4462 τὸ
2950 4409 3317 4477 κατόρθωμα,
3372 4409 3441 4462 τὸ
3469 4407 3663 4463 πᾶσιν
3696 4408 3861 4479 ἀμή-

2258 4514 2469 4567 χανον.
2509 4496 2589 4567 Τῇ
2623 4498 2709 4566 σῇ
2740 4498 3068 4566 δυναστείᾳ
3102 4498 3175 4551 τὰ
3216 4498 3471 4569 μέγιστα
3522 4498 3644 4554 τῶν
3701 4518 3865 4569 πρα-

566 4610 693 4647 nam
726 4595 905 4647 eodem
953 4595 1246 4648 sterilitatis
1297 4594 1475 4648 morbo
1516 4596 1865 4662 laborantem,
1918 4602 2148 4669 copiosa:

2259 4588 2496 4659 γμάτων
2526 4590 3005 4658 τερατοιιργεῖται
3032 4606 3045 4619 ·
3077 4590 3150 4658 τῇ
3203 4590 3286 4659 σῇ
3336 4591 3666 4660 προστάξει
3731 4591 3866 4645 τῶν

561 4686 727 4757 prolis
777 4696 998 4742 matrem
1052 4687 1382 4743 reddidisti:
1420 4689 1789 4760 (Batulumque,
1840 4695 2033 4744 multos
2083 4693 2152 4747 li-

563 4780 713 4834 beros
761 4780 1059 4845 habentem,
1115 4782 1227 4835 sine
1260 4770 1439 4835 liberis
1481 4781 1674 4849 fecisti.
1716 4780 1884 4836 Nobis
1923 4799 2145 4853 quoque,

561 4869 857 4934 oDomine,
895 4887 977 4925 res
1022 4871 1215 4940 probro
1262 4873 1505 4938 vertitur,
1558 4890 1660 4925 non
1726 4890 1833 4927 una
1882 4875 2145 4928 duntaxat

562 4964 924 5018 contubernali
976 4965 1172 5033 femina
1232 4966 1519 5035 inferente,
1570 4967 1661 5019 sed
1705 4968 1845 5019 tribu
1894 4968 2143 5019 universa

564 5056 783 5121 miriﬁce
817 5056 1168 5109 declamante.
1209 5055 1285 5109 Tu
1317 5058 1490 5123 ipsum
1530 5056 1741 5125 auferre
1776 5069 1943 5125 potes.
1992 5057 2142 5110 Vales

560 5144 672 5211 ipse
707 5155 913 5200 naturae
944 5147 1399 5215 infecunditatem,
1447 5149 1502 5202 in
1537 5148 1921 5216 fecunditatem
1966 5149 2146 5218 facilis

563 5236 877 5304 transferre.

2258 4682 2544 4752 ποταμῶν
2574 4683 2647 4737 τὰ
2669 4684 2941 4751 ῥεύματα
2976 4686 3063 4748 εις
3096 4683 3434 4751 τοῦμπαλιν
3484 4683 3811 4755 ἀνατρέχει
3845 4702 3862 4717 ο

2256 4773 2332 4842 τῇ
2359 4772 2445 4843 σῇ
2480 4774 2761 4828 κελεύσει
2796 4778 2828 4827 ό
2852 4773 3025 4842 ἣλιος
3058 4775 3165 4827 τὸν
3191 4774 3418 4843 δρόμον
3442 4773 3820 4843 ἀναχαιτίζει
3844 4790 3861 4804 ·

2253 4868 2326 4933 τῇ
2361 4866 2447 4934 σῇ
2479 4868 2761 4921 κελεύσει
2819 4868 2892 4919 τὰ
2930 4865 3222 4934 πολυειδῆ
3264 4865 3382 4920 τῶν
3410 4868 3646 4937 ἀγόνων
3673 4867 3863 4935 γένη,

2253 4962 2465 5028 γόνιμα
2504 4959 2652 5027 πρὸς
2691 4959 2987 5028 διαδοχὴν
3011 4959 3365 5028 διαμένουσι
3406 4976 3420 4989 ·
3486 4957 3559 5028 τῇ
3599 4957 3684 5027 σῇ
3718 4958 3867 5014 δια-

2252 5052 2418 5115 τάξει
2456 5053 2654 5105 πάντα
2678 5054 2931 5116 ὑπείκει,
2985 5053 3081 5106 καὶ
3126 5051 3207 5116 τῷ
3250 5051 3671 5121 προστάγματι
3725 5067 3863 5105 σου

2253 5143 2437 5198 οὐδὲν
2482 5145 2842 5199 ἀντιπίπτει.
2891 5144 2974 5197 Σὺ
3025 5144 3139 5211 τὴν
3200 5145 3431 5198 Ἀνναν
3481 5145 3598 5210 τὴν
3646 5143 3868 5211 αὐτὴν

2253 5240 2539 5293 ἀτεκνίαν
2557 5237 2924 5305 νοσήσασαν
2960 5240 3047 5303 είς
3098 5238 3478 5292 πολύτεκνον
3516 5237 3863 5306 μετεποίη-

562 5341 701 5391 σας,
734 5326 835 5381 καὶ
883 5327 999 5398 τὴν
1032 5333 1409 5388 πολύτεκνον
1458 5338 1547 5402 είς
1596 5335 1856 5389 ἄτεκνον
1902 5334 2248 5403 μετέϐαλες.
2296 5333 2470 5386 Ἐστι
2519 5331 2618 5384 καὶ
2668 5329 2815 5398 ἡμῖν
2882 5329 3244 5397 ὀνειδισμὸς,
3278 5324 3325 5383 ὦ
3375 5328 3670 5391 Δέσποτα,
3730 5328 3867 5379 οὐκ

562 5423 631 5475 ἐκ
650 5422 793 5490 μιᾶς
814 5422 923 5491 τῆς
950 5427 1242 5481 συνοίκου
1294 5431 1581 5497 γυναικὸς
1632 5432 2139 5499 προσφερόμενος,
2172 5429 2330 5484 ἀλλὰ
2353 5429 2513 5494 παρὰ
2571 5424 2677 5493 τῆς
2716 5418 2923 5495 φυλῆς
2966 5424 3214 5491 ἀπάσης
3264 5420 3865 5491 ἑκτραγῳδούμενος.

563 5514 648 5569 Σὺ
685 5514 943 5585 δυνατὸς
972 5518 1189 5573 τοῦτον
1212 5520 1420 5589 ἐξᾶραι
1445 5538 1463 5556 ⁸
1496 5524 1576 5577 σὺ
1610 5524 1816 5590 ἱκανὸς
1875 5524 1991 5592 τὴν
2048 5523 2161 5591 τῆς
2188 5522 2429 5592 φύσεως
2487 5520 2812 5589 ἀκαρπίαν,
2857 5522 2946 5583 εις
2976 5519 3391 5586 καρποφορίαν
3428 5513 3865 5582 ἐξευμαρίσαι,

640 5605 766 5663 Ηωο
808 5608 1084 5679 iustorum
1133 5612 1308 5666 oratio
1346 5630 1359 5666 :
1397 5623 1731 5684 quapropter
1780 5616 1945 5670 etiam
1999 5617 2136 5667 inte-

569 5709 834 5757 meratam
860 5703 1003 5758 illam
1030 5712 1318 5773 generant;
1358 5705 1504 5760 illam
1541 5706 1697 5761 nobis
1721 5707 2146 5777 regenerationis

2318 5609 2392 5665 A'.
2448 5611 2597 5680 Λῦτη
2625 5610 2733 5663 τῶν
2764 5608 2993 5662 δικαίων
3024 5609 3057 5677 ἡ
3094 5608 3281 5677 δέησις
3312 5624 3325 5638 ·
3361 5605 3441 5658 διὸ
3483 5604 3578 5657 καὶ
3610 5598 3869 5668 γεννῶτι

2253 5706 2353 5776 τὴν
2384 5706 2670 5777 ἄχραντον,
2698 5702 2795 5775 τὴν
2817 5702 2913 5775 τῆς
2934 5703 3348 5770 ἀναγεννήσεως
3382 5696 3535 5768 ἡμῶν
3558 5711 3632 5764 πρ
3649 5693 3868 5760 iisut»),

653 5881 672 5909 ²
701 5876 838 5934 Gen.
873 5895 1006 5947 xvn,
1030 5896 1190 5949 mu,
1218 5898 1332 5939 ut.
1409 5884 1429 5915 ³
1460 5882 1882 5953 Gen.xxm,28.
1963 5887 1981 5916 δ
2016 5886 2188 5941 Exod.
2242 5903 2325 5951 ιιι,
2367 5894 2473 5940 etc.
