4104 6426
312 471 414 534 573

1139 473 1427 535 ORATIO
1475 475 1550 536 IN
1591 475 2126 537 NATIVlTATEM
2166 479 2273 540 SS.
2319 482 2700 544 ΒΕΙΡΑῐὶίΕ.

3486 490 3586 554 574

308 596 408 664 τὴν
423 591 526 662 τῆς
545 592 911 656 ἀναπλάσεως
928 593 961 663 ἡ
970 594 1089 662 μῶν
1115 592 1320 657 αἰτίαν,
1338 594 1405 647 δι’
1423 587 1490 664 ἧς
1503 593 1564 646 τὸ
1586 593 1706 647 κατ’
1721 593 1907 646 εἰκόνα

2012 596 2308 650 auctricem
2345 614 2360 650 :
2396 596 2541 650 illam
2570 597 2728 650 nobis
2770 595 3174 654 reformationis
3211 615 3468 668 causam;
3497 619 3585 671 per

311 683 444 738 Geor")
481 684 810 756 ἀχρειωθὲν,
846 684 986 756 πρὸς
1010 684 1108 755 τὴν
1141 686 1350 738 οἰκείαν
1391 684 1663 756 ἐπανῆλθε
1697 687 1900 758 εὐπρέ-

315 794 478 832 πειαν
501 793 514 806 ”
546 777 612 829 δι’
641 770 705 848 ἦς
728 776 1086 848 ἀνεκαινίσθη
1107 782 1167 831 τὸ
1189 778 1418 832 παλαιὸν
1441 778 1599 849 ἡμῶν
1631 779 1859 852 φύραμα
1885 797 1899 810 ·

311 870 377 924 δι’
399 865 473 942 ἧς
511 871 638 933 τοὺς
677 871 780 940 τῆς
818 871 1099 942 ἁμαρτίας
1120 869 1354 942 χιτῶνας
1383 871 1771 937 ἀποϐαλόντες,
1800 874 1902 942 τὴν

309 962 405 1016 τοῦ
430 963 610 1032 φωτὸς
639 963 836 1032 στολὴν
866 963 1269 1034 ἡμφιασάμεθα
1300 963 1411 1032 ’,τὸ
1440 963 1549 1017 τῶν
1603 965 1902 1035 προφητῶν

307 1057 678 1129 ἀναφώνημα.
706 1057 768 1110 τὸ
796 1057 905 1110 τῶν
935 1056 1094 1112 θείων
1117 1058 1382 1129 χρησμῶν
1419 1059 1784 1132 ἐκπλήρωμα,
1843 1060 1902 1114 τὸ

305 1153 407 1221 τῆς
428 1151 592 1222 ἡμῶν
614 1150 892 1222 σωτηρίας
916 1151 1236 1221 κεφάλαιον.
1267 1151 1332 1205 Ὦ
1361 1153 1458 1224 τῆς
1493 1153 1602 1207 τῶν
1630 1154 1900 1209 τεκόντων

305 1245 632 1310 εὐτεκνίαςί
671 1240 926 1299 ἀ’τόκου
965 1244 1036 1298 τὰ
1077 1244 1217 1314 ὑπὲρ
1245 1245 1372 1301 νοῦν
1405 1246 1587 1312 ἀγαθά
1634 1247 1901 1318 προξενή-

307 1353 512 1399 σαντος
535 1338 649 1400 τοῖς
680 1336 969 1405 ὲνεγγάσιν
1004 1335 1070 1409 [Ῑ.
1098 1335 1412 1409 ὲνέγκασιν]
1443 1339 1456 1393 l
1497 1338 1624 1392 Ἐπὶ
1655 1339 1755 1410 μὲν
1786 1341 1896 1414 γὰρ

302 1431 414 1485 τῶν
446 1429 762 1502 καθ’ἡμᾶς,
797 1431 914 1484 ὅσοι
936 1430 1176 1501 πατέρες
1206 1429 1398 1501 ἔτυχον
1427 1431 1704 1500 γενέσθαι,
1735 1433 1766 1503 ῆ
1810 1451 1902 1486 κο-

305 1531 540 1598 σμικαῖς
598 1527 982 1600 περιτανείαις
1024 1526 1151 1590 τοὺς
1194 1526 1253 1591 ἐξ
1301 1525 1479 1581 αὐτῶν
1533 1510 1898 1592 προελθόντας

302 1618 791 1689 ἀνακηρυχθέντας
833 1619 1054 1684 ἰδόντες,
1087 1619 1120 1689 ἢ
1155 1618 1264 1672 τῶν
1293 1616 1508 1687 ἀρετῶν
1555 1619 1694 1687 φωτὶ
1727 1635 1896 1671 κατα-

300 1709 686 1779 λαμφθέντας.
742 1709 775 1781 ἢ
825 1709 1075 1777 γενναῖόν
1130 1727 1184 1762 τι
1243 1710 1336 1763 καὶ
1369 1709 1513 1779 μέγα
1564 1709 1757 1762 δοκοῦν
1786 1709 1896 1761 τῶν

300 1803 402 1870 τῆς
469 1801 728 1871 ἀνδρείας
771 1801 1218 1872 κατορθωμάτων
1253 1802 1685 1872 ἐνδειξαμένους,
1717 1804 1778 1856 οὐ
1835 1803 1896 1856 τὸ

300 1891 464 1960 τυχὸν
501 1892 566 1943 ἐκ
600 1889 808 1944 τούτων
861 1889 1240 1964 προσκτῶνται
1289 1891 1476 1956 κλέος,
1535 1895 1600 1964 τῇ
1639 1893 1894 1964 κοινωνίᾳ

297 1987 398 2052 τῆς
433 1982 658 2051 φύσεως
693 1982 1130 2053 συμμετέχοντες
1154 1983 1254 2052 τῆς
1288 1983 1530 2048 εὐδοξίας
1552 2002 1566 2015 '
1597 1986 1690 2038 ἐπὶ
1707 1985 1764 2038 δὲ
1785 1985 1893 2038 τῶν

299 2077 593 2145 παρόντων
623 2075 708 2137 τίς
739 2075 806 2128 ἂν
841 2074 1116 2147 ὑπερϐολὴ
1144 2075 1302 2145 δόξης
1331 2075 1665 2147 ἐπινοηθείη,
1696 2072 1762 2150 ἧς
1786 2077 1894 2130 τῶν

299 2166 595 2237 πρωτείων
638 2167 738 2219 οὐκ
781 2165 1006 2236 ἕτυχον;
1043 2167 1152 2218 Καὶ
1196 2165 1250 2218 τί
1304 2165 1385 2219 δεῖ
1444 2167 1894 2237 μακρολογοῦντα

295 2260 420 2320 τοὺς
447 2257 735 2326 ἀκροατὰς
767 2257 1163 2327 παρενοχλεῖν;
1196 2257 1412 2328 Ὠσπερ
1440 2257 1604 2330 γάρὴ
1639 2260 1892 2330 τεχθεῖσα

295 2352 354 2406 τὸ
383 2351 669 2406 ἀνώτατον
698 2353 836 2420 πλὴν
853 2350 946 2404 τοῦ
974 2339 1320 2422 Δημιουργοῦ
1363 2353 1663 2424 ἀπείληφεν
1683 2369 1695 2383 ο
1751 2355 1896 2409 οὕτω

299 2445 388 2496 καί
428 2435 607 2507 οὗτοι,
633 2442 693 2495 τὸ
720 2441 816 2495 τοῦ
854 2440 1044 2506 κλέους
1073 2441 1410 2512 ἀσύγκριτον
1459 2443 1611 2514 παρά
1651 2445 1778 2508 τοὺς
1803 2463 1893 2499 τε·

295 2536 499 2601 κόν-ξας
527 2535 1026 2607 ἀπεκληρώσαντο.

383 2802 463 2854 E'.
493 2801 786 2872 Τεχθείσης
812 2801 997 2856 τοίνυν
1025 2803 1126 2873 τῆς
1149 2803 1467 2868 Θεόπαιδος,
1521 2806 1553 2874 ἠ
1601 2806 1772 2860 ’Ἅννα
1797 2809 1891 2870 τὰς

315 2894 498 2963 φυλὰς
530 2897 892 2958 συνεκαλεῖτο,
925 2895 1126 2961 Δεῦτε,
1149 2897 1408 2965 λέγουσα,
1440 2901 1788 2968 σευγχάρητε
1813 2901 1894 2967 τῷ

303 2985 431 3057 ἐμῷ
469 2989 617 3053 τόκῳ
643 2988 868 3051 ·δεῦτε,
910 2987 1041 3054 ταῖς
1073 2988 1245 3058 ἐμαῖς
1285 2989 1454 3045 ὠδῖσι
1511 2995 1894 3061 συνευφρίὶνο

299 3082 447 3146 ante
484 3095 500 3110 '
537 3079 733 3142 δεῦτε,
773 3078 1077 3133 θεάσασθε
1098 3079 1214 3148 τὴν
1247 3083 1388 3149 παρ’
1435 3081 1657 3136 ἐλπίδα
1709 3083 1893 3150 θηλά-

295 3169 530 3230 ζὶιυσαν
559 3187 573 3200 ·
601 3169 796 3235 δεῦτε,
829 3169 944 3236 τὴν
990 3169 1058 3234 ἐξ
1087 3169 1376 3239 ἀκάρπων
1423 3172 1704 3241 λαγόνων
1758 3174 1894 3228 ἀνά-

2006 701 2170 754 qnam
2207 687 2299 742 Dei
2337 689 2390 742 in
2442 689 2601 744 nobis
2631 689 2798 743 oblita
2840 689 3038 756 imago,
3067 690 3131 744 ad
3173 691 3463 760 pristinum
3506 711 3585 748 re-

2005 779 2106 833 diit
2138 781 2390 835 decorem
2428 799 2441 835 :
2473 798 2567 851 per
2612 799 2773 852 quam
2837 789 2996 838 vetus
3050 795 3236 839 noetra
3268 787 3588 854 conspersio

2007 881 2264 928 renovata
2302 885 2383 928 est
2420 891 2434 927 :
2473 890 2570 944 per
2605 890 2766 944 quam
2806 885 3071 930 ementes
3107 879 3311 944 peccati
3349 879 3584 939 tunicas,

2005 964 2142 1019 lucis
2184 966 2379 1020 stolam
2431 966 2743 1032 induimus;
2781 965 3171 1037 prophetarum
3219 968 3363 1021 illam
3409 970 3586 1023 excla-

2003 1059 2298 1114 mationem
2335 1076 2348 1111 :
2377 1058 2684 1113 divinorum
2711 1059 3061 1114 oraculorum
3093 1059 3532 1129 adimpletionem
3568 1079 3582 1114 :

2002 1158 2204 1204 nostra:
2231 1150 2362 1205 illud
2399 1151 2594 1206 salutis
2634 1161 2816 1220 caput.
2841 1151 2884 1206 ι)
2929 1163 3215 1219 parentum
3261 1156 3580 1222 prmclaram

2002 1245 2243 1314 prolem!
2279 1243 2321 1298 Ο
2345 1255 2559 1314 partum
2603 1245 2812 1315 majora
2849 1247 3087 1315 cogitatu
3124 1246 3263 1300 bona
3296 1247 3584 1301 edentibus

2003 1336 2421 1392 conciliantem!
2474 1337 2608 1392 Nam
2663 1338 2718 1392 in
2760 1339 3015 1393 omnibus
3057 1339 3298 1406 quidem,
3344 1341 3388 1393 Si
3445 1355 3584 1408 quos

2005 1429 2244 1483 lmmano
2276 1444 2429 1484 more
2463 1430 2690 1499 contigit
2726 1440 2976 1498 parentes
3016 1431 3172 1497 etliei,
3207 1441 3265 1485 ut
3300 1431 3383 1486 vel
3414 1447 3586 1486 δευου-

2000 1522 2197 1578 larium
2264 1521 2590 1592 dignitatum
2655 1522 3036 1590 splendoribus
3097 1533 3289 1578 auctos
3367 1523 3586 1578 videant

2000 1614 2220 1677 liberos,
2257 1624 2348 1667 aut
2397 1615 2658 1667 virtutum
2707 1615 2828 1667 luce
2890 1614 3130 1668 illustres
3181 1614 3440 1678 redditos,
3489 1626 3586 1668 aut

2001 1716 2283 1763 strenuum
2318 1706 2446 1776 quid
2478 1721 2540 1760 ac
2579 1722 2838 1778 magnum
2871 1706 3334 1776 designasse,quo
3363 1705 3583 1760 fortituo

1998 1800 2142 1855 dinis
2198 1800 2285 1853 lau
2309 1799 2412 1853 lem
2468 1799 2723 1864 habeant,
2764 1814 2869 1854 non
2929 1801 3202 1853 modicum
3256 1797 3380 1850 inde
3414 1797 3583 1850 decus

2000 1899 2340 1960 comparant,
2384 1907 2447 1945 ex
2497 1893 2886 1947 communione
2955 1901 3184 1954 naturm,
3234 1906 3338 1944 una
3398 1871 3584 1958 gloria:

1999 1997 2063 2036 ac
2093 1981 2427 2036 celebritatis
2464 1983 2891 2051 comparticipes
2917 1981 3096 2036 eﬂ'ccli
3126 1999 3138 2034 :
3165 1982 3217 2034 in
3261 1981 3344 2035 bis
3375 1988 3580 2042 autem,

1998 2074 2103 2129 hoc
2125 2085 2447 2145 argumento
2475 2075 2757 2142 subjectis,
2787 2089 3034 2142 quaenam
3058 2073 3242 2142 gloriae
3261 2070 3581 2126 excellentia

1997 2169 2296 2238 excogitari
2345 2177 2528 2236 queat,
2565 2167 2725 2235 cujus
2776 2166 2853 2220 illi
2886 2167 3300 2236 praerogativam
3335 2179 3440 2217 non
3471 2163 3584 2218 sint

1999 2261 2320 2316 consecuti?
2363 2259 2504 2326 Quid
2566 2275 2692 2314 vero
2743 2275 2882 2328 Opus
2947 2257 3276 2327 productiori
3325 2271 3583 2312 sermone

1997 2354 2344 2408 auditoribus
2368 2352 2669 2407 molestiam
2694 2351 2907 2405 facere?
2933 2349 3402 2417 Quemadmodum
3427 2348 3573 2402 enim

1996 2455 2122 2500 nata
2159 2445 2360 2516 puella,
2392 2454 2449 2498 ut
2483 2453 2760 2500 auctorem
2801 2444 3062 2513 excipias,
3093 2442 3239 2512 quod
3269 2451 3354 2495 est
3385 2456 3584 2510 supre-

1996 2555 2146 2593 mum
2199 2539 2434 2608 recepit;
2471 2538 2544 2592 ita
2592 2538 2644 2591 hi
2691 2552 2912 2607 quoque
2952 2533 3438 2602 incomparabilem
3491 2532 3584 2583 de-

1997 2635 2142 2689 coris
2187 2630 2561 2702 praestantiam
2597 2630 2801 2694 sortiti,
2839 2637 3094 2698 parentes
3146 2627 3434 2680 universos
3490 2639 3586 2676 su-

1995 2733 2204 2796 perant.

2067 2815 2134 2870 V.
2173 2815 2360 2869 Divina
2419 2815 2603 2882 itaque
2633 2813 2809 2882 puella
2849 2811 3015 2874 edita,
3053 2811 3212 2864 Anna
3243 2809 3418 2862 tribus
3452 2823 3580 2860 con-

1995 2915 2156 2960 vocat
2189 2923 2202 2959 :
2243 2903 2445 2965 Venite,
2478 2903 2674 2972 inquit,
2725 2899 3048 2970 congaudete
3092 2915 3218 2952 mea:
3265 2896 3431 2966 prolis
3468 2896 3583 2950 edi-

1997 2997 2148 3051 tioni.
2198 2995 2398 3056 Venite,
2436 3010 2548 3047 meo
2586 2993 2766 3061 partui
2794 2991 3148 3045 colla’temini.
3186 2988 3378 3049 Venite,
3409 2987 3576 3040 videte

1996 3091 2260 3158 insperato
2310 3087 2616 3140 laetantem.
2682 3084 2879 3148 Venite,
2921 3084 3125 3152 uirgam
3176 3097 3240 3135 ea:
3286 3077 3583 3148 infecundi:

1999 3180 2191 3234 luanbis
2239 3190 2452 3232 enatam
2500 3175 2814 3245 perspicite;
2865 3189 3104 3242 eamque,
3137 3188 3255 3242 quia
3299 3171 3582 3239 infecunda

292 3260 566 3330 ρυεῖσαν
584 3261 817 3328 ῥάϐδον
855 3261 1149 3326 κατίδετε,
1181 3264 1280 3316 καὶ
1307 3263 1422 3332 τὴν
1452 3264 1694 3334 ἄγονον,
1753 3283 1891 3320 κυο-

1998 3283 2133 3338 erat,
2172 3272 2500 3326 cansiderate
2531 3271 2711 3339 {tutam
2736 3268 3020 3322 redditam.
3061 3266 3244 3320 Alacri
3279 3265 3578 3318 concurrite

293 3354 494 3422 φόρον
524 3352 958 3419 κατανοήσατε.
992 3353 1370 3422 Συνδράμετε
1395 3358 1736 3427 προθύμως,
1793 3357 1891 3410 καὶ

293 3445 414 3512 τὴν
452 3445 528 3498 ἐν
563 3442 642 3510 τῷ
668 3444 792 3510 ναῷ
832 3445 1041 3514 ἄφιξιν
1065 3445 1606 3515 προοδοποιτξσατε.
1653 3450 1894 3518 Κοσμή-

292 3552 448 3590 σατε
475 3535 586 3601 τὰς
613 3537 903 3602 ἐπαύλεις
931 3553 945 3568 ’
980 3539 1435 3607 καταφωτὶσατε
1452 3541 1850 3608 τὰςεὶσόδους
1874 3559 1889 3574 '

293 3625 823 3695 καταραιδριίνατε
851 3627 1126 3696 λαμπάσι
1159 3629 1267 3694 τὰς
1312 3629 1632 3696 προόδους.
1692 3631 1893 3702 Ἐξάρο

296 3721 442 3785 ξατο
471 3720 604 3790 μετ’
633 3721 1042 3789 εὐφροσύνης.
1073 3717 1298 3792 ’ᾼόνατε
1321 3721 1742 3792 ἐπιθαλάμιον,
1791 3727 1892 3781 καὶ

296 3816 381 3882 ὠς
416 3794 685 3883 νύμφην
712 3813 983 3883 καθαρὰν
1004 3811 1084 3880 τῷ
1121 3812 1248 3876 ναῷ
1277 3813 1396 3884 τὴν
1439 3817 1624 3872 παῖδα
1674 3819 1894 3888 προσά·

299 3910 466 3974 fate.
502 3906 870 3976 Πληρὼσατε
894 3907 1017 3961 σὺν
1041 3907 1173 3976 ἐμοὶ
1201 3906 1316 3976 τὴν
1342 3909 1784 3982 εὐχαριστίαν,ζ
1805 3913 1894 3967 ὅτι

299 4004 370 4068 ἐξ
397 4003 572 4056 οτιιου
594 4019 720 4072 μου
745 4003 963 4070 Κύριος
989 4000 1202 4070 ἀφεῖλε
1235 4002 1304 4056 τὸ
1333 4001 1564 4070 ὄνειδος
1595 4020 1611 4036 ’
1635 4005 1725 4058 ὅτι
1775 4008 1892 4062 οὐκ

297 4097 390 4161 εις
437 4093 624 4148 κενὸν
664 4092 738 4147 τὰ
791 4092 904 4161 τῆς
945 4092 1199 4158 ἐλπίδος
1249 4091 1577 4163 ἐξέϐησαν.
1625 4096 1781 4150 Ἰδοὺ
1820 4099 1893 4153 τὰ

297 4187 421 4242 τῶν
451 4185 728 4252 δεήσεων
753 4188 839 4251 εὶς
863 4185 1043 4254 ἔργον
1070 4184 1466 4255 κατήντησαν
1483 4202 1498 4216 ·
1527 4187 1658 4242 ίδοὺ
1685 4189 1756 4243 τὰ
1784 4189 1895 4258 τῆς

295 4277 667 4346 ἐπαγγελίας
696 4276 762 4330 τὸ
779 4275 968 4344 πέρας
989 4275 1216 4331 ἔλαϐον
1231 4293 1246 4308 ·
1283 4277 1416 4331 ἰδοὺ
1439 4277 1554 4347 τὴν
1577 4281 1896 4348 τεχθεῖσαν

296 4373 380 4438 ὡς
410 4371 793 4439 ὑπεσχόμην,
814 4369 882 4422 ἐν
913 4367 1060 4436 οἴκῳ
1115 4370 1332 4438 Κυρίου
1375 4371 1711 4441 ἀνατίθημι.
1753 4374 1894 4428 Δεῦ-

300 4481 384 4531 τε,
434 4463 623 4530 ταύτῃ
677 4460 1128 4520 συνεισέλθετε,
1171 4461 1280 4525 ,καὶ
1312 4462 1392 4527 ὠς
1443 4464 1896 4529 εὐπρόσδεκτον

294 4558 547 4626 δώρημα
566 4552 741 4624 κοινῇ
770 4555 998 4622 ταύτην
1032 4551 1112 4618 τῷ
1162 4554 1438 4622 Δεσπότῃ
1485 4553 1896 4624 προσενέγκω-

293 4666 432 4719 μεν.
467 4647 627 4701 Οὕτω
655 4648 765 4715 γὰρ
797 4648 831 4717 ὴ
883 4647 1070 4715 μήτηρ
1107 4645 1421 4714 προθυμίας
1469 4646 1632 4716 τόνῳ,
1683 4647 1752 4700 τὰ
1793 4648 1892 4716 μὲν

293 4742 402 4811 τῆς
431 4740 784 4810 ὑποσχέσεως
807 4737 1117 4808 ἐκπληροῦν
1153 4738 1549 4807 κατηπείγετο,
1580 4740 1717 4810 προς
1755 4741 1892 4793 ἀνα-

295 4833 468 4904 εολην
490 4831 547 4885 δὲ
565 4829 849 4886 ἀνθεῖλκεν
888 4829 916 4881 ό
940 4829 1043 4897 τῆς
1072 4828 1399 4898 νηπιότητος
1440 4829 1653 4898 χρόνος,
1681 4830 1781 4884 οὐκ
1803 4832 1894 4899 ἐγ-

294 4927 590 4996 γυώμενος
622 4921 938 4994 παραυτίκα
983 4919 1082 4992 τὴν
1120 4920 1232 4973 τῶν
1284 4921 1556 4974 τεκόντων
1611 4922 1888 4993 στέρησιν,

292 5019 440 5073 ἀλλὰ
472 5016 816 5087 παραμένειν
849 5011 1365 5084 παρακελευόμενος
1393 5013 1455 5068 τὸ
1503 5016 1603 5084 τῆς
1671 5015 1890 5085 ἡλικίας

295 5111 640 5181 ἐπιτήδειον.
669 5108 768 5161 Διά
803 5105 962 5160 τοῦτο
986 5103 1366 5175 τριετίζουσαν
1405 5106 1613 5177 ταύτην
1646 5107 1723 5177 τῷ
1772 5109 1885 5179 ναῷ

296 5201 700 5275 προσφέρουσι,
735 5201 798 5253 τὸ
826 5199 1008 5270 τίμιον
1029 5198 1198 5261 ὅντως
1224 5197 1503 5268 ἀνάθημα,
1531 5199 1626 5252 καὶ
1643 5200 1896 5268 ἀγγέλοις

296 5297 585 5364 αἰδέσιμον
613 5309 626 5321 ⁸
651 5293 712 5346 τὸ
743 5292 1054 5362 ὑπέρτατον
1098 5291 1194 5343 καὶ
1244 5289 1644 5359 καθαρώτατον
1695 5291 1894 5361 κειμή-

293 5390 417 5443 λιον
438 5406 450 5417 ο
477 5381 601 5456 ὲνῷ
636 5387 687 5438 oi
718 5385 820 5454 τῆς
858 5384 1082 5454 χάριτος
1135 5383 1404 5454 θησαυροὶ
1443 5383 1852 5454 ὲναπετέθησαν
1877 5401 1891 5414 ο

293 5484 356 5535 ἐν
470 5479 540 5531 τὰ
577 5477 677 5543 τῆς
711 5476 986 5547 σωτηρίας
1014 5475 1174 5548 ἡμῶν
1202 5473 1506 5545 ὲταμιεύθη
1539 5475 1811 5547 ὲνέχυρᾳο
1837 5476 1896 5527 ἐν

293 5570 340 5644 ᾧ
369 5577 400 5628 ό
421 5573 525 5643 τῆς
547 5570 868 5639 οἰκονομίας
891 5567 1122 5632 πλοῦτος
1147 5568 1479 5638 ἀπορῤήτως
1497 5567 1762 5620 ἀπέκειτο
1785 5585 1798 5596 ·
1828 5567 1894 5621 τὸ

294 5665 609 5736 φωτοὸόχον
629 5660 856 5732 χωρίον,
888 5660 947 5727 ἐξ
985 5653 1046 5713 οὗ
1105 5659 1382 5728 σωτηρίας
1421 5656 1642 5722 ἀκτινες
1685 5662 1752 5731 τῇ
1811 5660 1893 5712 οἰ-

293 5758 546 5828 πωυμένῃ
605 5743 954 5824 ὲπέλαμίίκαν.
1021 5751 1168 5804 Ἔδει
1225 5750 1336 5822 γὰρ
1381 5753 1475 5803 καὶ
1533 5751 1624 5803 τὸν
1648 5753 1800 5821 τρεῖς
1832 5751 1891 5804 ἐν

294 5851 437 5920 αὒτῇ
467 5852 532 5919 τῇ
557 5844 778 5914 ἀσπίλῳ
806 5842 1106 5914 τιμηθῆναι
1140 5841 1396 5914 ἀριθμόν.
1430 5843 1542 5896 Καὶ
1574 5841 1751 5896 ταῦτα
1787 5842 1889 5912 μὲν

1995 3368 2193 3432 animo,
2251 3374 2406 3434 atque
2446 3364 2500 3416 in
2549 3361 2799 3431 templum
2856 3361 3000 3414 eunti
3051 3361 3255 3428 praeite.
3311 3356 3585 3409 Adornate

1997 3462 2139 3514 atria
2169 3475 2188 3512 :
2221 3457 2528 3512 collustrate
2579 3456 2849 3525 ingressus
2886 3451 3058 3507 :lazta
3108 3450 3420 3518 lampadum
3469 3445 3582 3500 luce

1995 3567 2268 3622 processus
2344 3548 2660 3604 exhilarate.
2725 3543 3094 3613 Auspicamini
3179 3556 3297 3594 cum
3371 3539 3582 3592 lmtitia.

1997 3641 2186 3696 Canite
2215 3637 2638 3708 epithalamium,
2677 3633 3015 3702 puellamque
3045 3641 3100 3684 ut
3129 3631 3382 3684 mundam
3421 3645 3580 3696 spon-

1995 3748 2113 3787 sam
2167 3747 2222 3784 tn
2282 3727 2533 3796 templum
2579 3724 2848 3777 adducite.
2889 3721 3007 3775 Una
3044 3737 3245 3773 mecum
3287 3719 3583 3789 gratiarum

1997 3822 2257 3876 actionem
2305 3817 2536 3886 implete,
2585 3815 2723 3886 quod
2768 3813 3023 3866 Dominus
3057 3812 3402 3881 opprobrium
3452 3810 3582 3862 abr-

1999 3913 2178 3967 tulerit
2229 3930 2260 3965 a
2314 3912 2470 3965 domo
2531 3924 2644 3960 mea
2693 3921 2712 3958 :
2759 3911 2896 3975 quod
2947 3919 3062 3972 spes
3111 3920 3215 3956 non
3277 3904 3331 3955 in
3361 3917 3585 3954 vacuum

1994 4004 2239 4060 evaserit.
2275 4001 2411 4055 Ecce
2427 4000 2546 4068 jam
2567 3999 2836 4052 orationes
2872 3997 2924 4049 in
2959 4010 3090 4063 opus
3120 4002 3420 4047 evaserunt.
3453 3990 3587 4043 Ecce

1987 4097 2107 4166 jam
2157 4095 2529 4164 promissiones
2582 4092 2738 4160 linem
2809 4096 3142 4156 acceperunt.
3211 4083 3347 4137 Ecce
3397 4093 3580 4136 natum

1995 4187 2266 4258 puellam,
2325 4193 2384 4238 ut
2439 4186 2593 4250 vovi,
2659 4183 2716 4235 in
2785 4181 2941 4235 domo
3007 4179 3220 4232 Domini
3300 4177 3585 4230 donarium

1997 4280 2182 4348 oﬂero.
2220 4276 2418 4341 Venite,
2453 4292 2561 4328 una
2595 4291 2714 4328 cum
2747 4274 2839 4327 illa
2873 4275 3092 4337 intrate,
3127 4288 3188 4326 ac
3214 4287 3306 4325 ceu
3341 4281 3583 4339 accepta~

1997 4372 2100 4427 bile
2163 4387 2390 4433 munus,
2451 4367 2818 4423 communibus
2889 4383 3005 4421 eam
3067 4367 3291 4432 studiis,
3363 4365 3594 4420 Domino

1997 4466 2305 4535 offeramus.
2340 4464 2433 4518 Sic
2466 4462 2611 4516 enim
2666 4470 2836 4516 mater
2881 4459 3183 4514 alacritatis
3237 4459 3595 4514 contentione-

1998 4569 2185 4616 votum
2241 4559 2466 4628 implere
2517 4557 2812 4611 festinabat
2861 4573 2874 4609 :
2923 4570 3116 4608 verum
3158 4554 3472 4608 retrahebat
3521 4567 3586 4623 ac

1997 4650 2224 4722 cogebat
2252 4649 2321 4702 ad
2353 4663 2559 4712 moras,
2598 4645 2845 4701 infantia:
2881 4654 3121 4714 tempus,
3151 4657 3259 4697 non
3314 4643 3496 4697 ferens
3528 4651 3588 4694 ut

1992 4742 2174 4798 statim
2210 4741 2302 4794 illa
2351 4746 2640 4809 parentum
2673 4751 2802 4790 cura
2839 4734 3254 4792 destitueretur,
3287 4744 3352 4784 ac
3383 4729 3586 4797 jubens

1991 4843 2052 4890 ut
2075 4831 2437 4903 opportunior
2467 4838 2600 4884 aetas
2639 4833 3072 4896 exspectaretur.
3111 4821 3379 4887 Quocirca
3413 4817 3584 4873 trien-

1990 4942 2113 4981 nem
2143 4925 2288 4979 illam
2318 4922 2520 4989 templo
2558 4918 2816 4978 offerunt,
2848 4914 3154 4984 pretiosum
3186 4925 3376 4965 revera
3412 4911 3588 4961 dona-

1995 5019 2159 5078 rium,
2193 5017 2437 5085 ipsisque
2490 5011 2626 5065 adeo
2673 5007 2880 5077 angelis
2935 5001 3308 5059 venerandum
3346 5018 3360 5054 :
3396 5013 3588 5068 supre-

2008 5124 2157 5164 mum
2214 5123 2278 5162 ac
2326 5102 2750 5160 mundissimum
2807 5097 3106 5162 cimelium,
3140 5096 3194 5149 in
3240 5107 3351 5163 quo
3399 5092 3590 5163 gratiae

1997 5200 2239 5258 thesauri
2271 5196 2496 5266 repositi
2543 5193 2795 5256 fuerunt;
2833 5190 2884 5243 in
2919 5203 3026 5259 quo
3066 5187 3260 5243 salutis
3305 5187 3586 5240 recondita

1997 5295 2255 5364 pignora;
2285 5291 2344 5345 in
2388 5304 2500 5356 quo
2552 5283 2947 5341 incarnationis
2995 5281 3218 5342 divitiae,
3269 5293 3475 5334 arcana
3524 5295 3590 5332 ac

1997 5381 2228 5438 tnirabili
2263 5379 2475 5434 ratione
2505 5375 2768 5445 deposita:
2800 5389 2816 5439 ;
2852 5371 3076 5426 luminis
3109 5371 3241 5425 illud
3285 5377 3585 5438 concepta-

1997 5476 2202 5540 culum,
2233 5488 2298 5528 ex
2335 5486 2447 5542 quo
2481 5469 2674 5525 salutis
2729 5467 2889 5531 radii,
2927 5465 3046 5520 orbi
3082 5473 3355 5519 terrarum
3395 5463 3588 5515 illuxe-

2005 5577 2152 5621 runt.
2183 5563 2287 5618 Par
2330 5563 2530 5632 quippe
2564 5571 2683 5616 erat
2726 5561 2780 5613 in
2839 5559 2955 5627 ipsa
2993 5571 3214 5626 quoque
3263 5554 3585 5606 intemerata

2001 5654 2260 5712 honorari
2291 5653 2592 5709 ternarium
2629 5637 2942 5705 ntimerum.
2973 5646 3040 5700 Et
3076 5649 3193 5701 luec
3221 5644 3442 5712 quidem
3493 5655 3585 5694 re—

1998 5766 2101 5805 rus
2151 5748 2358 5802 indicat
2407 5760 2619 5811 sermo;
2674 5759 2775 5798 nos
2820 5750 3000 5796 autem
3056 5736 3464 5810 progenitorum
3523 5749 3583 5786 ιο

1996 5841 2386 5921 prophetarum
2422 5838 2490 5892 ad
2523 5853 2580 5894 se
2615 5835 2884 5908 pertraltit
2913 5841 3111 5889 caelus.

295 5947 323 5999 ὁ
351 5943 561 6015 ἀληθὴς
585 5938 922 6010 ὑπεμφαίνει
945 5937 1102 6007 λόγος
1133 5953 1146 5967 ·
1187 5936 1334 6008 ἡμᾶς
1393 5938 1449 5992 δὲ
1511 5938 1644 6009 πρὲς
1694 5937 1892 6007 ἑαυτὴν
1946 5919 2095 5992 ἕλκει
2123 5935 2231 5992 τῶν
2256 5933 2617 6006 προπατόρων
2641 5929 2736 5986 καὶ
2769 5924 3061 5999 προφητῶν
3092 5925 3125 5993 ἡ
3154 5919 3450 5990 ὁμήγυρις·
