4104 6478
512 528 619 592 575

1793 517 2056 580 ΙΑΟΟΒΙ
2096 515 2449 578 MONACHI

3680 501 3800 565 2:76

584 645 673 699 Vl.
704 644 842 710 Quia
892 642 1037 697 enim
1071 656 1209 693 mors
1241 640 1305 693 ab
1338 639 1511 692 Adam
1542 639 1778 709 regnavit
1818 653 1983 707 usque
2020 634 2089 689 ad

2268 631 2362 700 ς’.
2406 630 2625 701 Ἐπειδὴ
2667 628 2777 699 γὰρ
2815 627 3223 683 ἐϐασίλευσεν
3286 624 3319 675 δ
3363 620 3619 683 θάνατος
3670 620 3798 671 ἀπ’»

514 737 569 792 Μ
580 754 749 807 )ysen,
780 736 938 789 etiam
976 735 1030 787 in
1074 734 1137 786 iis
1173 734 1260 803 qui
1302 749 1405 785 non
1456 741 1799 800 peccaverunt
1830 730 1913 795 “;
1957 728 2095 782 adeo

2210 729 2384 796 Ἀδὰμ
2421 727 2599 797 μέχρι
2630 724 2928 788 Μωῦσέως
2962 718 3060 774 καί
3098 716 3196 772 ἐπὶ
3223 715 3365 779 τοὺς
3404 712 3488 780 μὴ
3527 711 3804 779 ἁμαρτή-

512 841 569 880 ιιι
605 827 671 880 ab
712 826 805 879 illo
851 824 1112 878 omnibus
1162 825 1585 877 dominaretur:
1629 819 1877 889 regnavit
1913 826 2094 871 autent

2220 838 2451 887 γαντας,
2496 819 2639 873 ὥστε
2668 818 2891 889 κρατεῖν
2918 814 3017 885 μὲν
3048 811 3108 876 ἐξ
3130 810 3342 865 ἐκείνου
3364 807 3584 859 πάντων
3612 821 3623 833 ·
3664 804 3801 856 ἐϐα-

516 917 981 987 praevaricationis
1028 916 1198 969 multa
1248 916 1501 968 lii-mante
1551 931 1564 966 :
1622 913 1830 967 idcirco
1895 912 1987 981 qui
2043 911 2095 963 in

512 1008 838 1063 humilitatis
883 1006 1124 1060 tenebris
1171 1019 1391 1059 carcere
1442 1003 1617 1058 clausi
1678 1011 1855 1066 erant,
1908 1005 2095 1072 jugem

511 1102 559 1154 ei
590 1099 1047 1168 supplicationem
1085 1097 1407 1159 offerebant,
1441 1097 1532 1165 qui
1564 1095 1915 1163 appariturus
1951 1100 2099 1146 esset

513 1191 600 1251 iis.
644 1191 734 1259 qui
771 1190 829 1242 in
863 1190 1086 1242 tenebris
1136 1189 1319 1241 mortis
1355 1189 1592 1241 sederent
1625 1187 1670 1240 ⁵.
1709 1183 2101 1253 Respiciebant

513 1282 567 1335 in
601 1281 841 1335 futurum
889 1280 1307 1347 lledemptorem
1344 1296 1358 1333 :
1392 1280 1696 1333 libertatem
1747 1277 2038 1347 sperabant
2081 1293 2096 1329 :

514 1387 680 1443 atque
727 1374 760 1426 ii
814 1374 1056 1442 quidem,
1105 1372 1197 1439 qui
1249 1372 1449 1426 inferni
1500 1371 1630 1423 olim
1687 1384 1908 1422 carcere
1951 1375 2100 1421 tene-

519 1467 735 1528 buntur,
776 1479 869 1517 eos
902 1464 1292 1533 investigantes
1339 1462 1432 1531 qui
1486 1469 1671 1530 postea
1718 1459 2100 1523 adveniebant,

519 1555 998 1623 percautabantur,
1072 1552 1350 1623 Numquid
1405 1553 1468 1606 de
1557 1550 1901 1620 Redemptore
1949 1550 2105 1604 intel-

521 1646 731 1699 lexisti?
784 1644 931 1698 Num
986 1644 1093 1712 iam
1152 1645 1517 1698 inclinatiouis
1574 1660 1685 1696 sute
1740 1644 1793 1696 in
1863 1652 2103 1697 nostrum

526 1739 732 1791 modum
775 1740 953 1791 radios
991 1739 1049 1790 in
1092 1739 1288 1791 mundo
1340 1737 1649 1805 explicavit.
1678 1738 1766 1805 qui
1820 1735 2103 1801 Dominus,

522 1830 740 1899 infernis
788 1831 868 1882 his
920 1830 1046 1883 locis
1109 1830 1327 1884 illucere
1380 1829 1578 1883 habet?
1634 1826 1967 1881 Illuminatio
2013 1828 2106 1881 illa

519 1923 885 1976 exsistentium
909 1921 1244 1975 intenebris?
1273 1921 1368 1975 Sol
1396 1921 1485 1974 ille
1507 1920 1771 1990 justitite?
1798 1922 1886 1990 qui
1924 1920 2108 1973 Deita-

522 2013 589 2065 tis
630 2011 907 2079 splendore
954 2011 1179 2065 obscura
1215 2011 1411 2081 inferni
1461 2012 1794 2081 receptacula
1828 2027 2106 2065 eversurus

520 2112 624 2166 est;
660 2103 848 2173 quique
877 2104 990 2157 luce
1024 2103 1452 2171 incomparabili,
1479 2119 1632 2156 suum
1671 2104 1780 2171 ipse
1803 2103 2109 2172 ﬁgmentum

519 2194 747 2262 eripiet?
804 2191 1099 2247 Nullumne
1165 2194 1219 2247 in
1286 2193 1482 2246 mundo
1539 2194 1652 2261 ejus
1725 2194 2111 2246 incarnationis

523 2295 725 2338 certum
762 2284 1067 2338 indicium?
1107 2282 1301 2338 Fuitne
1345 2285 1757 2338 mundissimum
1813 2286 1928 2354 ejus
1982 2301 2110 2353 pro-

522 2377 742 2429 ductum
784 2376 1143 2440 domicilium,
1174 2377 1311 2445 quod
1360 2376 1487 2430 olim
1536 2377 1590 2430 in
1635 2378 1826 2441 spiritu
1870 2378 2112 2446 futurum

523 2467 931 2536 prtedicarimus
952 2469 977 2521 ?
1025 2468 1181 2523 Estne
1209 2469 1473 2538 explicata
1504 2470 1665 2522 nubes
1699 2469 1900 2532 lucida,
1926 2471 2111 2541 jugem

524 2559 678 2613 illum
708 2559 956 2629 depluens
1005 2576 1199 2625 rorem,
1249 2577 1351 2630 quo
1397 2562 1660 2614 mazstitire
1702 2570 1862 2616 cestus
1911 2564 2114 2615 exstin-

525 2650 761 2719 guendus
793 2652 914 2704 est?
947 2667 1166 2721 aquam,
1198 2652 1436 2721 inquam,
1487 2668 1590 2721 qua
1639 2654 1837 2705 mortui
1888 2652 2111 2705 debeant

444 2718 467 2737 ‘
528 2743 768 2810 reparari
813 2743 881 2795 ad
923 2743 1127 2797 vitam?
1179 2740 1383 2795 Fixane
1430 2740 1505 2796 est
1557 2743 1741 2806 scala,
1804 2760 1896 2811 per
1952 2760 2113 2813 quam

526 2835 811 2888 antestium
863 2835 1117 2889 virtutum
1174 2834 1282 2889 Rea:
1332 2837 1401 2889 ad
1458 2836 1697 2905 inﬁmum
1752 2848 1993 2891 nostrum
2033 2840 2117 2891 in-

528 2924 758 2979 colatum
788 2926 1134 2980 descensurus
1173 2937 1247 2981 est
1268 2929 1288 2960 ⁸
1309 2928 1332 2980 ?
1356 2926 1595 2982 Sublime
1619 2930 1851 2998 positum
1886 2940 1965 2983 est
1997 2945 2117 2983 cau-

527 3018 825 3080 delabrum,
864 3018 1002 3086 quod
1053 3019 1417 3090 lampadulam
1458 3020 1732 3075 Christum
1776 3029 2115 3088 portaturum

526 3108 653 3163 est?
706 3109 846 3174 Quid
908 3111 973 3163 de
1033 3121 1191 3180 porta
1266 3113 1518 3173 audistis,
1574 3128 1665 3179 per
1719 3127 1879 3181 quam
1939 3110 2118 3164 nullus

529 3201 836 3256 transiet"?
898 3201 1001 3255 Per
1029 3220 1187 3271 quam
1238 3204 1383 3256 solus
1434 3204 1524 3257 ille
1574 3203 1766 3257 Potens
1812 3204 2115 3287 ‘transiens,

2202 914 2414 967 σίλευσε
2449 911 2505 965 δὲ
2534 908 2612 979 τῷ
2638 908 2736 980 τῆς
2793 904 3155 976 παραδάσεως
3204 899 3462 966 humu-Ity
3521 895 3797 966 κρατυνό-

2204 1023 2365 1078 pavo:
2400 1020 2413 1033 °
2444 1002 2695 1057 ἐντεῦθεν
2717 1000 2849 1053 οῑὲν
2891 1001 2957 1067 τῇ
3013 994 3205 1065 σκοτίᾳ
3252 993 3352 1062 τῆς
3403 990 3805 1056 ταπεινότητος

2200 1094 2609 1167 καθειργμένοι,
2641 1092 2920 1147 ἄπαυστον
2938 1090 3036 1157 τὴν
3064 1085 3351 1156 ἱκετηρίαν
3385 1083 3522 1152 προς
3539 1082 3631 1133 τὸν
3661 1082 3793 1133 ἐπι-

2204 1188 2370 1257 φᾶναι
2400 1185 2666 1256 μέλλοντα
2703 1185 2817 1243 τοῖς
2866 1182 2925 1233 ὲν
2965 1178 3154 1232 σκότει
3201 1176 3295 1229 τοῦ
3341 1174 3576 1228 θανάτου
3624 1172 3810 1240 καθη-

2208 1279 2390 1349 μένοις
2456 1274 2758 1330 ὲποιοῦντο.
2805 1271 3159 1324 ’Ἅπέὅλεπον
3187 1269 3328 1337 πρδς
3369 1267 3462 1319 τὸν
3512 1263 3808 1332 λυτρωσό-

2207 1389 2369 1443 μενον
2402 1385 2416 1401 ⁶
2442 1368 2669 1441 ἤλπιζον
2703 1366 2801 1435 τὴν
2825 1363 3169 1433 ἐλευθερίαν.
3201 1359 3312 1413 Καὶ
3347 1362 3398 1412 oi
3445 1359 3547 1429 μὲν
3584 1373 3811 1428 προκα-

2204 1462 2563 1535 τασχεθὲντες
2595 1462 2650 1512 ἐν
2686 1461 2752 1527 τῇ
2775 1454 2871 1509 τοῦ
2924 1455 3055 1526 ᾅδου
3105 1453 3343 1524 φρουρᾷ,
3385 1452 3512 1513 τοὺς
3563 1449 3812 1517 ὕστερον

2206 1553 2608 1626 ἐπιδημοῦντας
2665 1548 3004 1621 ἀνηρεύνων.
3059 1546 3457 1615 πυνθανόμενοι
3490 1559 3504 1573 ·
3564 1538 3713 1610 Ἆρά
3754 1559 3813 1594 τι

2206 1648 2341 1717 περὶ
2362 1646 2468 1700 τοῦ
2509 1642 2823 1711 Λυτρωτοῦ
2863 1638 3196 1705 συνήκατε,
3222 1631 3339 1705 ἄρα
3371 1637 3478 1701 τὰς
3512 1634 3624 1703 τῆς
3646 1649 3809 1701 σιὟ⁶

2207 1739 2590 1803 καταϐάσεως
2613 1730 2863 1800 ἀκτῖνάς
2883 1732 3253 1811 ἐφήπλωσεν
3300 1730 3371 1782 ἐν
3432 1728 3514 1793 τῷ
3565 1730 3809 1795 κόσμῳ,

2210 1838 2242 1890 ό
2257 1832 2500 1904 μέλλων
2538 1832 2607 1882 ἐν
2627 1829 2754 1894 τοῖς
2793 1826 2923 1880 καθ’
2944 1822 3101 1893 ἡμᾶς
3127 1869 3139 1892 ,
3167 1821 3533 1891 ὲπιλάμπειν
3577 1819 3815 1872 Δεσπόι

2210 1941 2361 1992 της;
2394 1925 2427 1977 ό
2454 1920 2762 1991 φωτισμικς
2781 1916 2899 1969 τῶν
2945 1916 3013 1968 ἐν
3051 1914 3259 1969 σκότει
3290 1929 3308 1979 ;
3356 1916 3389 1966 ό
3424 1912 3539 1979 τῆς
3582 1910 3811 1963 δικαιο-

2214 2019 2415 2086 σύνης
2444 2015 2653 2082 ἦλιος;
2687 2015 2718 2065 ό
2748 2009 2823 2078 τῇ
2861 2009 3239 2077 λαμπρότητι
3267 2006 3379 2072 τῆς
3411 2006 3696 2071 θεότητος
3736 2001 3814 2055 τὰ

2215 2104 2445 2177 ἀθρεῖνγηῖ
2480 2106 2585 2159 τοῦ
2616 2104 2764 2171 ᾅδου
2798 2098 3244 2168 καταστρὰψων
3274 2096 3485 2167 ταμεῖα
3513 2138 3529 2163 ,
3581 2095 3683 2149 καὶ
3743 2095 3818 2147 ἐν

2213 2198 2561 2268 ἀσυγκρίτῳ
2581 2194 2730 2265 φωτὶ
2771 2193 2837 2247 τὸ
2868 2191 3094 2246 οίκεῖον
3119 2190 3488 2259 ἐξαρπάσων
3509 2187 3774 2254 πλάσμα
3796 2201 3817 2246 ;

2218 2295 2396 2346 Ἐστι
2427 2287 2750 2358 τεκμήριόν
2773 2303 2827 2338 τι
2852 2282 2958 2351 τῆς
2989 2282 3179 2337 αὐτοῦ
3205 2278 3723 2350 συτκαταὸἁσεως
3746 2278 3821 2330 ἐν

2216 2385 2295 2451 τῷ
2312 2384 2457 2449 ﬁla);
2491 2379 2772 2448 παρήχθη
2812 2393 2878 2430 τε
2910 2375 3333 2444 καθαρώτατον
3358 2371 3547 2426 αὑτοῦ
3581 2370 3817 2423 ἐνδιαί-

2215 2493 2391 2546 τημα,
2425 2473 2455 2527 ὃ
2485 2472 2830 2546 φθάσαντες
2857 2469 2929 2522 ἐν
2958 2467 3252 2534 πνεύματι
3284 2462 3818 2531 προεκηρύξαμενς

2215 2543 2600 2640 Ἔένήπλωται
2632 2563 2672 2631 ἡ
2714 2543 2975 2632 φώτεινὴ
2997 2558 3248 2628 νεφέλη,
3290 2558 3329 2625 ἠ
3370 2556 3489 2624 τὴν
3550 2553 3821 2609 ἀένναον

2216 2662 2532 2722 ὑετίζουσα
2552 2657 2803 2726 δρόσον,
2836 2653 2943 2708 τὸν
2973 2651 3039 2725 [Ι.
3063 2650 3199 2724 τὴν]
3238 2649 3347 2718 τῆς
3391 2647 3651 2718 ἀθυμίας
3712 2646 3817 2698 τὸν

2219 2751 2498 2825 φλογμὸν
2554 2744 3015 2802 κατασϐἐσοντα
3064 2740 3165 2813 [f.-
3188 2737 3502 2809 σουσαν];
3560 2737 3630 2791 τὸ
3676 2733 3822 2798 τοὺς

2217 2842 2704 2913 νενεκρωμένους
2821 2833 3185 2902 ζωοποιῆσαι
3273 2830 3503 2895 μέλλον
3589 2831 3755 2895 ὕδωρ
3803 2871 3818 2893 ,

2221 2941 2532 3004 Ἢρεισται
2568 2931 2606 2998 η
2641 2927 2887 2997 κλίμαξ,
2919 2926 2993 2979 δι’
3022 2920 3095 2995 ἧς
3124 2921 3245 2977 τῶν
3289 2922 3590 2989 οὐρανίων
3632 2921 3817 2975 δυνά-

2215 3043 2376 3097 μεων
2429 3026 2461 3078 ό
2513 3019 2818 3085 Βασιλεὺς
2890 3015 3040 3084 πρὸς
3095 3015 3213 3081 τὴν
3260 3013 3607 3081 κατωτάτην
3646 3012 3825 3081 ἡμῶν

2224 3116 2625 3182 καταθήσεται
2660 3109 3019 3179 παροικίαν;
3050 3106 3312 3161 Τέθειται
3344 3104 3636 3174 μετέωρος
3674 3105 3711 3172 ή
3748 3109 3826 3158 τὸ

2221 3209 2567 3280 λαμπάδιον
2591 3204 2849 3275 Χριστὸν
2900 3200 3202 3271 κομιοῦσα
3252 3198 3518 3266 λυχνία;
3571 3198 3629 3251 Τι’
3682 3208 3827 3268 περι

528 3304 712 3363 portas
744 3311 806 3346 ac
836 3304 999 3347 vectes
1025 3294 1220 3363 inferni
1253 3296 1581 3366 confringet,-
1620 3286 1819 3364 nosque
1843 3307 1899 3349 ut
1938 3295 2115 3351 Fortis

2226 3304 2335 3373 τῆς
2368 3298 2720 3357 ἀδιοδεύτου
2754 3295 2956 3362 πύλης
2993 3294 3327 3358 ἀκηκόατε;
3363 3292 3437 3344 δι’
3471 3286 3546 3362 ἧς
3572 3292 3605 3344 ό
3643 3289 3817 3344 avra

532 3388 738 3457 rapiet?
770 3388 912 3452 Quid
943 3389 1210 3442 didicistis
1237 3390 1300 3443 de
1329 3406 1448 3442 vero
1496 3391 1835 3443 tabernaculo
1857 3394 1882 3446 .9
1910 3390 2069 3444 Illinc
2096 3391 2116 3423 ⁸

532 3490 777 3543 ornatus,
806 3481 1055 3550 varioque
1086 3498 1239 3551 opere
1277 3482 1518 3537 excultus
1571 3483 1880 3537 thalamus?
1909 3482 2122 3537 Instru-

534 3581 688 3623 ctane
719 3583 797 3624 est
835 3587 1035 3637 mensa,
1079 3589 1265 3642 panem
1313 3574 1483 3643 ferens
1536 3576 1655 3627 vita:
1700 3574 1981 3629 νειίίιείυωῖ
2013 3577 2124 3629 Au-

538 3678 750 3716 reumne
782 3675 1027 3730 paratum
1061 3669 1253 3733 altare,
1286 3668 1340 3719 in
1390 3683 1491 3737 quo
1536 3666 1891 3721 desolatorius
1922 3668 2125 3736 peccati

2218 3398 2320 3463 τὸς
2345 3394 2536 3465 μόνος
2558 3387 2967 3457 ἐπιδημήσας,
3007 3386 3210 3451 πύλας
3257 3384 3355 3438 καὶ
3394 3382 3667 3453 μοχλοὺς
3714 3384 3829 3436 τοῦ

2217 3489 2367 3557 ᾅδου
2388 3483 2733 3553 συντρίψει,
2749 3480 2845 3535 καὶ
2863 3476 3022 3547 ἡμᾶς
3043 3477 3123 3543 ὡς
3146 3474 3428 3546 κραταιὸς
3450 3471 3830 3544 ἁφαρπάσει,

2224 3581 2290 3636 Τί
2319 3577 2454 3647 περὶ
2487 3575 2599 3645 τῆς
2630 3570 2872 3639 σκηνῆς
2892 3570 3138 3640 ἐμαθετε
3163 3567 3279 3637 τῆς
3296 3566 3621 3634 ἀληθινῆς;
3649 3569 3836 3620 Κεκόο

2223 3686 2448 3743 σμηται
2477 3668 2665 3735 ταύτῃ
2697 3665 2794 3719 καί
2825 3664 3208 3737 πεποίκιλται
3232 3663 3270 3729 ἠ
3320 3660 3561 3724 παστὰς
3585 3675 3605 3714 :
3658 3675 3835 3713 κατε-

536 3756 695 3809 carbo
714 3772 871 3811 carne
909 3761 1167 3813 exardens
1200 3761 1242 3822 ⁸,
1276 3776 1487 3813 suavem
1530 3759 1679 3813 nobis
1719 3760 2125 3813 resurrectionis

555 3847 764 3898 odorem
806 3845 1076 3914 efﬂaturus
1110 3844 1228 3897 est?
1266 3842 1456 3897 Iamne
1500 3842 1703 3911 forceps
1742 3844 1964 3913 mystica
1999 3858 2126 3895 cusa

552 3950 627 3989 est
658 3938 745 3989 ‘°?
800 3935 1086 3991 Prodncta:
1137 3944 1262 3989 sunt
1310 3936 1503 3988 tabulae
1563 3934 1697 3989 Novi
1753 3934 2115 3989 Testamentii

2232 3948 2439 3987 πισται
2475 3931 2932 3999 θυσιαστήριον,
2961 3932 3031 3985 ἐν
3055 3926 3104 3999 ᾧ
3140 3932 3443 4001 σαρκικῶς
3482 3932 3725 4001 ἁνὰψας
3780 3936 3818 3987 ό
3885 3918 3890 3924 ’

556 4026 832 4089 Quodnam
862 4026 925 4077 de
955 4026 1035 4077 Itis
1068 4024 1311 4077 omnibus
1364 4024 1563 4089 liquido
1609 4026 1818 4092 signum
1850 4023 2115 4091 cognitum

2230 4025 2637 4092 δαπανητικὸς
2668 4022 2780 4092 τῆς
2812 4025 3100 4092 ἁμαρτίας
3137 4027 3363 4095 ἄνθραξ
3372 4068 3384 4090 ,
3411 4028 3526 4094 τὴν
3553 4026 3821 4081 εὐωδίαν

536 4107 1010 4165 est?Annuntiate
1043 4121 1311 4181 speratam
1344 4112 1663 4167 libertatem.
1712 4115 1880 4169 Dicite
1919 4116 2115 4172 ltetitiw

2223 4122 2368 4191 ἡμῖν
2390 4118 2750 4173 ἐπιπνεύσει
2788 4114 2898 4182 τῆς
2942 4113 3385 4178 ἀναστάσεως-ς
3449 4109 3839 4178 Ἑχαλκεύθη

2225 3765 2561 3820 στεύασται
2603 3758 2641 3827 η
2694 3757 2802 3809 τὸν
2840 3754 3023 3823 ἄρτον
3075 3751 3182 3820 τῆς
3226 3748 3605 3814 ἀναθιὼσεως
3654 3744 3832 3817 ἡμῶν

2228 3841 2626 3904 ,ϐαστάζουσα
2651 3838 2941 3908 τράπεζῖι;
2988 3835 3131 3908 Ἀρα
3161 3840 3227 3894 τὸ
3280 3839 3558 3908 χρυσοῦν
3589 3837 3817 3905 ηὐτρέ-

538 4197 863 4267 symbolum,
916 4203 1268 4256 necessarium
1329 4205 1638 4259 habentibus
1705 4206 1923 4277 aliquod
1977 4207 2126 4262 sola-

541 4290 696 4344 tium.

2220 4212 2340 4283 ἤδη
2370 4213 2408 4280 ἡ
2447 4207 2715 4280 μυστικὴ
2759 4206 2937 4271 λαΰίς
2959 4221 2978 4269 ;
3038 4202 3455 4272 Παρήκθ-ησαν
3488 4205 3549 4255 αι
3588 4200 3835 4266 πλάκες

2237 4302 2349 4371 τῆς
2412 4300 2569 4367 Νέης
2630 4298 2967 4367 Διαθήκηςε
3031 4298 3091 4351 Τί
3122 4295 3514 4363 περὶτούτων
3548 4291 3843 4348 ἁπάντων

539 4381 790 4450 ἐναργὲς
862 4382 1281 4452 συνέγνωσται
1330 4388 1625 4457 σημεῖον;
1680 4392 2125 4462 Καταγγείλατε
2162 4391 2278 4461 τὴν
2316 4389 2719 4459 ἐλπιζομένην
2748 4387 3103 4457 ἐλευθερίαν
3132 4401 3147 4419 ο
3193 4383 3406 4439 elevate
3485 4401 3540 4439 τι
3606 4384 3842 4454 σύμϐο-

540 4479 657 4529 λον
686 4476 975 4544 εὐθυμίας
998 4478 1121 4544 τοῖς
1160 4479 1468 4549 δεομένοις
1489 4486 1893 4553 παραμυθίας.

619 4563 727 4621 VII.
774 4566 897 4623 llznc
923 4570 1108 4624 omnia
1144 4574 1422 4642 prophetae
1452 4576 1692 4646 acjusti,
1718 4578 1922 4648 jugiter
1959 4580 2115 4633 inter-

2308 4576 2382 4633 Z'.
2434 4576 2621 4631 Ταῦτα
2692 4575 2874 4628 πάντα
2922 4575 2973 4627 οἱ
3016 4574 3297 4644 προφῆται
3345 4571 3438 4625 καὶ
3477 4570 3680 4625 δίκαιοι
3733 4572 3844 4627 οὐκ

546 4658 845 4727 rogabant;
899 4673 1074 4728 eoque
1120 4675 1468 4716 communem
1537 4664 1603 4718 ad
1665 4664 2119 4734 Redemptorem.

542 4747 993 4815 supplicationem
1042 4749 1430 4816 submittentes
1487 4770 1500 4805 :
1564 4752 1811 4819 Inclina,
1875 4755 2120 4821 Domine,

541 4837 778 4900 aiebant,
810 4838 986 4906 ctelos,
1014 4850 1061 4893 et
1095 4840 1371 4899 descende.
1409 4842 1535 4898 Veni
1564 4847 1851 4901 vindictam
1880 4848 2124 4915 [acturus

541 4929 606 4982 de
639 4938 728 4983 tuo
753 4933 1024 5001 ﬁgmento.
1067 4931 1235 4999 Imple
1266 4945 1370 4991 tua:
1399 4937 1651 4991 bonitatis
1690 4941 1975 5006 promissa,
2009 4956 2127 5011 quae

544 5022 675 5073 olim
711 5026 1047 5078 annuntiasti
1099 5029 1263 5081 servis
1314 5031 1440 5083 tuis.
1478 5028 1759 5095 Memento,
1796 5043 1851 5085 tu
1881 5033 2129 5095 clemens.

546 5117 846 5168 testamenti
876 5116 937 5147 η’
961 5120 1100 5185 quod
1127 5120 1432 5175 condidisti.
1460 5122 1615 5187 Ecce,
1637 5124 1881 5190 Domine,
1914 5126 2133 5195 ﬁgmen-

546 5217 659 5259 tum
713 5215 860 5260 tnum
918 5211 1203 5265 crudeliter
1258 5216 1534 5284 tyrannidi
1607 5219 1969 5286 mancipatum
2027 5231 2127 5271 est.

550 5289 696 5351 Mors
717 5307 929 5353 tuarum
955 5317 1209 5357 manuum
1236 5322 1366 5375 opus
1387 5306 1630 5361 destruit.
1652 5308 1874 5362 Carcere
1900 5318 2138 5362 tenemur

548 5389 605 5440 in
637 5397 791 5442 terra:
819 5389 945 5446 locis
993 5394 1232 5462 inﬁmis;
1273 5397 1329 5449 in
1366 5397 1652 5453 tenebrosis
1697 5399 1886 5453 incola:
1929 5416 2137 5464 sumus,

549 5497 614 5535 ac
663 5482 852 5536 umbra
899 5488 1082 5540 mortis
1126 5503 1143 5540 :
1191 5497 1326 5542 tenet
1388 5492 1560 5543 tristis
1610 5492 1808 5561 inferni
1856 5495 2141 5563 tyrannis:

545 5592 694 5631 mors
729 5576 993 5645 gloriatur
1020 5595 1038 5633 :
1070 5580 1233 5634 hostis
1265 5583 1356 5634 ille
1388 5583 1722 5656 adversarius
1757 5587 1984 5656 insurgit
2014 5602 2032 5639 :
2060 5602 2142 5640 res

550 5678 771 5735 nostraz,
814 5670 1201 5740 qui‘tenemur,
1240 5672 1310 5726 ad
1360 5652 1637 5745 angustias
1700 5680 1931 5734 redactae
1977 5690 2148 5735 sunt:

2233 4671 2612 4740 ἀπελίμπανον
2646 4666 3041 4738 διερωτῶντες.
3105 4665 3199 4718 Διδ
3251 4665 3439 4731 κοινὴν
3477 4663 3578 4735 τὴν
3623 4664 3844 4719 ἱκεσίαν

2234 4764 2371 4835 πρὸς
2392 4763 2483 4815 τὸν
2509 4758 2878 4831 ἑλευΟερωτὴν
2924 4759 3241 4828 ἀνέπεμπον
3263 4774 3276 4789 ⁶
3323 4757 3571 4816 κλῖνον,
3632 4757 3842 4824 Κύριε,

2234 4858 2378 4922 τοὺς
2407 4855 2708 4924 οὐρανοὺς
2744 4855 3018 4921 λέγοντες,
3044 4854 3140 4908 καὶ
3169 4853 3458 4921 κατάϐηθι
3512 4852 3655 4906 ἐλθὲ
3722 4852 3840 4920 τὴν

2232 4950 2554 5016 ἐκδίκησιν
2612 4947 2719 5001 τοῦ
2784 4949 2902 5002 σοῦ
2973 4948 3381 5015 ποιησόμενος
3452 4945 3844 5015 πλάσματος.

2239 5041 2578 5111 Πλήρωσον
2606 5042 2716 5107 τὰς
2744 5039 3118 5109 ὑποσχέσεις
3150 5040 3263 5107 τῆς
3292 5038 3409 5106 σῆς
3438 5039 3843 5104 ἁγαθότητος,

2236 5134 2310 5201 ἇς
2341 5133 2855 5202 προκατήγγειλας
2894 5133 3018 5199 τοῖς
3046 5133 3292 5199 δούλοις
3320 5147 3457 5185 σου.
3519 5129 3849 5200 Μνήσθητι

2239 5226 2536 5292 διαθήκης
2581 5220 2658 5293 ἧς
2689 5223 2916 5289 διέθου,
2945 5223 3354 5293 ςριλάνθρωπε.
3401 5221 3583 5285 Ἰδοὺ,
3607 5221 3849 5274 Δέσπο-

2237 5336 2333 5380 τα.
2374 5316 2441 5370 τὸ
2472 5317 2591 5369 σὸν
2613 5314 2862 5385 ἀπηνῶς
2882 5315 3263 5383 τυραννεῒται
3310 5315 3801 5382 πλαστοιξρτημα
3826 5330 3840 5344 ’

2238 5412 2308 5465 τὸ
2341 5410 2461 5464 τῶν
2491 5408 2710 5481 χειρῶν
2761 5424 2877 5465 σου
2930 5408 3128 5476 ἔργον,
3180 5410 3213 5461 ό
3265 5407 3521 5472 θάνατος
3581 5410 3849 5460 καταλυ-

2237 5505 2536 5573 μαίνεται.
2562 5502 3016 5570 Καθεὶρχθημεν
3047 5501 3118 5553 ἐν
3158 5500 3285 5565 τοῖς
3333 5498 3703 5563 ,κατωτὰτοις
3737 5498 3847 5563 τῆς

2242 5589 2360 5660 γῆς
2394 5606 2408 5620 ο
2441 5589 2510 5643 ὲν
2532 5590 2874 5654 σκοτεινοῖς
2898 5588 2998 5642 καὶ
3030 5589 3102 5642 ἐν
3136 5587 3281 5656 σκιᾷ
3323 5588 3587 5643 θανάτου
3646 5602 3849 5655 παρῳ-

2245 5681 2521 5752 κήσαμεν
2550 5698 2564 5712 ’
2592 5682 2630 5750 η
2650 5680 2903 5752 ἀμειδὴς
2920 5681 3026 5735 τοῦ
3048 5680 3198 5748 ᾅδου
3238 5679 3451 5763 κρατεῖ
3502 5679 3798 5747 τυραννίς
3828 5691 3843 5708 ο

627 5865 668 5949 ζ’
696 5861 864 5949 βοτη.
916 5882 968 5949 ξ,
1157 5871 1203 5949 ’⁸
1234 5869 1368 5949 Luc.
1424 5890 1464 5938 ι,
1504 5875 1593 5949 59.
1670 5878 1691 5909 ⁸
1724 5878 1860 5935 Gen.
1892 5896 2085 5948 xxvut,

2290 5884 2310 5917 '
2351 5882 2553 5939 Ezech.
2579 5896 2728 5949 κων,
2763 5882 2812 5935 l.
2892 5882 2912 5914 ⁸
2945 5880 3076 5938 Luc.
3109 5897 3151 5946 ι,
3184 5881 3274 5935 2i.
3354 5882 3375 5914 ⁹
3411 5879 3556 5936 Psal.
3594 5897 3743 5946 επις,
3792 5882 3839 5936 i.

560 5935 602 5965 ιο
639 5932 763 5989 Ιξοί.
802 5951 875 6001 γι,
917 5937 971 5991 6.
1052 5940 1119 5971 ιο·
1149 5939 1357 6002 Judith.
1395 5932 1472 6012 α’,
1510 5948 1595 6001 l8.
