4104 6446
250 380 347 443 57⁸1

1081 374 1372 438 ORATIO
1413 374 1497 436 IN
1534 372 2071 440 NATIVITATEM
2108 376 2220 439 SS.
2260 379 2642 444 DEIPAR/E.
3438 389 3542 454 578

227 491 555 559 ,ὀύάνατος
585 493 974 564 ἐγκαυχᾱται
997 508 1012 525 ’
1041 496 1075 549 ὁ
1112 494 1404 563 πολέμιος
1450 493 1665 562 ἐχθρὸς
1708 509 1846 546 κατ-

1962 496 2011 548 in
2043 495 2228 552 dolore
2261 510 2340 554 est
2390 511 2574 556 noster
2624 503 2927 560 incolatus:
2955 504 3107 560 nulla
3170 506 3283 560 alia
3343 508 3548 579 reliqua

243 585 651 651 επανίσταται
680 601 697 616 ·
738 587 815 641 έν
845 586 1068 654 ἀπορίᾳ
1111 586 1184 641 τὰ
1232 584 1352 638 τῶν
1389 583 1807 654 κατεχομένων
1834 601 1849 616 ·

242 678 314 731 ἐν
342 677 536 745 ὀδύνῃ
573 677 651 730 τὰ
681 676 799 746 τῆς
828 677 1166 745 παροικίας.
1203 678 1325 729 Οὐκ
1353 676 1528 730 ἔστιν
1555 678 1715 743 ἄλλη
1743 676 1853 745 τῆς

248 766 739 835 ἀπολυτρώσεως
769 767 971 833 ἐλπὶς,
1003 766 1173 834 πλὴν
1199 765 1309 835 τῆς
1331 766 1854 834 πανευσπλάχνου

249 880 366 918 σου
394 860 920 931 συγκαταϐἀσεως
951 874 965 888 ⁸
1007 860 1237 926 ταύτην
1285 857 1549 926 διψῶσιν
1603 856 1854 927 ἐγκατά-

248 961 524 1010 κλειστοι
572 955 776 1022 ψυχαί
801 973 812 985 ·
847 954 1075 1021 ταύτην
1131 951 1484 1012 ἐλπίζουσιν
1526 956 1580 1006 ot
1630 952 1854 1006 αἰώνιοι

242 1047 579 1117 δεσμῶται.
618 1046 970 1116 Παραγενοῦ
1022 1046 1256 1109 τοίνυν,
1318 1045 1518 1111 Κύριε,
1574 1043 1682 1097 τοῦ
1736 1042 1853 1096 σοῦ

239 1141 590 1209 ποιήματος
647 1139 1163 1208 ἀντιληψόμενος.
1203 1135 1573 1206 Ἐξεγέρθητι
1621 1150 1856 1206 aurita-

242 1235 502 1290 ταὸάσει
537 1234 648 1287 τοῦ
677 1233 967 1300 πατρικοῦ
998 1246 1118 1287 σου
1158 1233 1399 1299 θρόνου,
1450 1232 1483 1284 ό
1538 1228 1853 1298 πανταχοῦ

240 1329 482 1396 παρὼν,
522 1328 623 1381 καὶ
664 1327 885 1391 τούτου
906 1325 995 1394 μὴ
1022 1325 1523 1392 ἀπολειπόμενος,
1550 1322 1648 1376 καὶ
1676 1322 1855 1390 δεῦρο

244 1424 369 1476 τῶν
430 1418 991 1488 καταπονουμένων
1053 1420 1140 1484 είς
1190 1418 1504 1484 βοήθειαν.
1580 1416 1776 1481 Ἐλθὲ,
1813 1416 1852 1483 ἠ

244 1512 739 1582 προσδοκωμένη
770 1510 1113 1576 ἀνάστασις
1134 1524 1149 1540 ·
1192 1510 1232 1578 ὴ
1271 1508 1616 1578 ποθουμένη
1648 1509 1805 1579 χαρά
1837 1525 1850 1538 ·

245 1607 285 1675 ἡ
320 1606 690 1676 ἐλπιζομένη
748 1605 1075 1669 ἁναϐίωσις
1107 1620 1121 1634 ·
1184 1605 1224 1671 ἡ
1269 1601 1561 1672 ἀναψυχὴ
1603 1602 1701 1655 και
1756 1602 1856 1656 εὐ-

246 1698 537 1768 φροσύνη
568 1696 685 1750 τῶν
711 1696 1130 1763 ἠπορηκότων.
1200 1692 1482 1763 Admiror,
1524 1693 1698 1747 ’Ἡλιε
1743 1690 1854 1760 τῆς

246 1790 663 1857 δικαιοσύνης
681 1787 805 1854 τοῖς
839 1788 912 1842 ἐν
943 1788 1160 1855 σκοτίᾳ
1197 1784 1463 1843 θανάτου
1494 1784 1856 1855 καθημένοις

250 1886 362 1950 τὰς
397 1881 518 1952 τῆς
566 1881 690 1952 σῆς
750 1881 1121 1952 ἀταθότητος
1184 1879 1455 1946 ἀκτῖνας.
1526 1880 1860 1949 Ἐπίφανον

251 1979 377 2043 τοῖς
407 1976 484 2030 ἐν
508 1975 724 2029 σκότει
745 1972 863 2042 τὴν
887 1972 1078 2038 δόξαν
1095 1990 1233 2028 σου.
1269 1973 1613 2042 Σύντριψὸν
1659 1973 1860 2039 πύλας

252 2070 563 2140 ἀρῤαγεῖς,
603 2066 704 2122 καὶ
725 2066 1006 2137 μοχλοὺς
1048 2067 1348 2133 αίωνίους,
1402 2067 1505 2121 καὶ
1551 2067 1694 2134 τοὺς
1751 2083 1858 2121 πε-

252 2161 646 2232 πεδημένους
667 2157 1041 2227 ἐξάρπασον.
1065 2159 1431 2214 Σύνθλασον
1453 2158 1522 2214 τὸ
1545 2157 1652 2212 τοῦ
1682 2159 1863 2214 θανά-

248 2272 364 2309 του
398 2252 688 2321 κέντρον.
717 2248 1051 2318 Διάρρηξον
1075 2247 1191 2317 τὴν
1219 2248 1545 2319 παμφάγον
1570 2250 1678 2305 τοῦ
1711 2250 1860 2318 ᾅδου

254 2346 547 2418 γαστέρα.
578 2341 938 2412 Δέσμευσον
978 2340 1087 2395 τὸν
1114 2340 1477 2398 ἀντίπαλον.
1548 2343 1862 2398 Κατάϐαλε

257 2440 363 2506 τὰς
376 2436 689 2507 πολεμίας
720 2432 819 2488 καὶ
848 2433 1261 2503 ἀντικειμένας
1296 2434 1502 2502 σαυτῷ
1549 2434 1858 2505 δυνάμεις.

252 2531 590 2597 Οἵκτειρον,
631 2524 965 2596 πανάγαθε,
1023 2525 1167 2592 τοὺς
1222 2527 1293 2581 ἐν
1329 2526 1579 2598 δεσμοῖς
1614 2546 1859 2599 κατεχο-

242 2623 510 2693 μένους.
578 2618 886 2685 Ἐλέησον
967 2616 1120 2686 πρὸς
1173 2618 1239 2671 τὸ
1286 2616 1396 2687 τῆς
1445 2622 1862 2690 αἰχμαλωσίας

250 2713 497 2770 ἀπιδὼν
518 2710 810 2778 ἀνήλεον.
848 2709 993 2778 Παρ’
1027 2708 1221 2779 ήμῶν,
1246 2706 1294 2766 ὦ
1335 2710 1626 2776 Δέσποτα,
1679 2713 1718 2780 ἡ
1750 2713 1862 2782 τῆς

265 2806 634 2875 θνητότητος
658 2801 989 2870 ἐξεύρηται
1013 2803 1174 2856 αἰτία
1208 2819 1223 2835 ο
1281 2803 1445 2871 παρὰ
1475 2803 1546 2857 δὲ
1596 2804 1707 2874 τῆς
1739 2806 1861 2875 σῆς

268 2897 683 2965 χρηστότητος
728 2895 768 2964 ἠ
806 2893 915 2947 τοῦ
946 2894 1161 2960 ἐλέους
1185 2893 1486 2954 ἐλπίζεται
1520 2896 1858 2967 ἐλευθερία.

276 2986 492 3057 Ἡμεῖς
520 2987 621 3041 τόν
641 2985 908 3043 θάνατον
941 2984 1326 3056 ὠδινήσαμεν
1355 3003 1373 3020 ο
1419 2988 1502 3042 σὺ
1547 2988 1665 3057 τὴν
1710 2990 1861 3045 died-

250 3095 499 3136 ,στασιν
520 3076 1060 3153 προκατήγγειλας.
1117 3077 1319 3144 Ἡμεῖς
1366 3079 1552 3149 θύρας
1600 3080 1861 3149 ἐξηνεῴ-

1957 598 2135 655 manet
2186 607 2302 660 spes
2355 594 2752 664 redemptionis,
2790 599 2893 652 nisi
2938 608 2996 652 ut
3043 609 3098 652 tu
3138 608 3187 652 te
3239 598 3414 666 nobis,
3452 611 3548 655 tua

1956 684 2052 739 illa
2098 703 2307 742 summa
2351 691 2741 757 misericordia,
2771 693 2993 748 inclines
3024 710 3043 748 :
3077 693 3214 747 hanc
3267 695 3346 748 tui
3388 695 3549 748 inmi-

1956 780 2226 833 nutionem
2249 783 2463 845 sitiunt,
2492 800 2611 851 qua:
2650 784 2849 838 clausa:
2886 793 3129 838 tenentur
3158 785 3353 838 anima:
3383 800 3402 838 :
3429 800 3546 838 eam

1955 884 2165 940 sperant
2221 874 2384 928 vincti
2441 875 2525 929 illi
2567 879 2754 930 teterni
2785 877 2848 931 “.
2917 876 3045 931 Veni
3105 894 3249 947 ergo,
3288 877 3536 939 Domine,

1955 967 2317 1020 auxiliaturus
2347 980 2436 1021 tuo
2466 970 2733 1039 ﬁgmenta.
2764 970 3024 1040 Exsurge,
3045 972 3265 1040 benigno
3293 971 3545 1026 descensu

1954 1056 2027 1108 ad
2088 1072 2184 1111 nos
2226 1074 2254 1111 e
2306 1070 2529 1126 paterno
2568 1061 2722 1126 solio,
2749 1063 2839 1130 qui
2898 1063 3091 1132 ubique
3140 1063 3286 1127 ades,
3340 1079 3431 1116 nec
3485 1078 3547 1116 eo

1952 1146 2284 1201 discessurus
2317 1165 2406 1213 es;
2438 1166 2501 1203 ac
2531 1152 2664 1215 veni,
2698 1161 2755 1205 ιιι
2779 1169 2865 1206 eos
2900 1155 2990 1222 qui
3024 1153 3287 1217 laborant,
3306 1155 3544 1223 adjuves.

1963 1236 2113 1300 Veni,
2158 1250 2462 1306 exspectata
2496 1243 2834 1298 resurrectio.
2897 1241 3043 1309 Veni,
3091 1246 3349 1314 gaudium
3403 1247 3547 1300 desi-

1956 1328 2222 1384 deratum.
2290 1329 2446 1394 Veni,
2505 1346 2720 1402 sperata
2777 1336 2896 1389 vitat
2964 1336 3292 1389 instauratio
3337 1350 3355 1388 :
3406 1339 3546 1398 veni,

1959 1422 2287 1491 refrigerium
2303 1439 2364 1476 ac
2386 1422 2573 1477 ltetitia
2597 1425 2943 1494 defectorum.
2964 1425 3158 1492 Illuce,
3177 1427 3407 1494 justitite
3430 1425 3548 1494 Sol,

1959 1519 2065 1564 tua:
2131 1511 2383 1565 bonitatis
2447 1513 2653 1577 radios,
2716 1515 2782 1567 iis
2830 1515 2921 1584 qui
2956 1515 3013 1568 in
3074 1514 3303 1567 tenebris
3358 1516 3548 1567 mortis

1958 1604 2159 1658 sedent.
2191 1602 2422 1658 Ostende
2455 1604 2682 1675 gloriam
2719 1615 2866 1659 tuam
2904 1606 3280 1660 exsistentibus
3313 1605 3366 1658 in
3406 1615 3551 1658 tene-

1958 1694 2091 1750 bris.
2117 1693 2341 1751 Contere
2374 1698 2575 1767 inferni
2603 1697 2922 1753 durissimas
2967 1710 3173 1768 portas,
3215 1714 3279 1752 ac
3325 1708 3550 1752 a'ternos

1960 1798 2147 1853 vectes,
2197 1804 2389 1859 eosque
2428 1788 2599 1843 libera
2651 1806 2783 1859 quos
2850 1790 2942 1844 ille
2986 1790 3308 1858 compeditos
3371 1789 3547 1843 habet.

1960 1879 2241 1950 Confringe
2293 1882 2479 1934 mortis
2529 1881 2792 1936 aculeum.
2860 1879 3117 1949 Dirumpe
3160 1881 3342 1934 omnia
3394 1878 3554 1933 devo-

1961 1981 2167 2027 rantem
2216 1972 2415 2041 inferni
2464 1981 2694 2026 uterum.
2726 1972 2947 2027 Ilostem
2995 1973 3201 2044 alliga;
3232 1972 3453 2026 hostiles
3490 1986 3554 2025 ac

1960 2067 2059 2119 tibi
2098 2065 2437 2119 adversarius
2464 2064 2678 2119 destrue
2703 2068 2941 2120 virtutes.
2970 2064 3238 2126 Miserere,
3270 2079 3471 2117 summe
3497 2073 3554 2116 tu

1961 2160 2111 2224 bone,
2146 2173 2328 2211 eorum
2365 2158 2456 2227 qui
2506 2166 2749 2212 tenentur
2793 2158 2847 2210 in
2898 2156 3147 2211 vinculis.
3201 2154 3459 2210 Miserere
3500 2157 3555 2206 in

1956 2251 2227 2305 crudelem
2272 2251 2557 2320 respiciens
2599 2251 2982 2320 captivitatem.
3034 2249 3073 2301 Α
3124 2247 3276 2302 nobis
3319 2247 3552 2317 quidem,

1961 2359 1992 2398 ο
2018 2341 2262 2407 Domine,
2327 2343 2612 2397 adinventa
2653 2351 2731 2395 est
2766 2339 3115 2394 mortalitatis
3151 2354 3317 2392 causa
3345 2351 3363 2389 :
3391 2354 3424 2390 a
3456 2346 3551 2390 tua

1960 2439 2223 2492 enimvero
2275 2437 2508 2490 bonitate
2557 2443 2804 2503 speratur
2853 2431 3236 2487 misericordia:
3278 2428 3552 2483 liberatio.

1964 2529 2190 2583 Mortem
2232 2529 2336 2599 ipsi
2376 2527 2801 2596 parturivimus;
2846 2533 2903 2585 tu
2953 2522 3396 2578 resurrectionem
3427 2520 3555 2574 olim

1961 2621 2317 2674 annuntiasti.
2357 2617 2475 2673 Nos
2518 2617 2825 2686 aperuimus
2869 2626 3100 2684 portam,
3136 2623 3248 2667 tute
3286 2624 3342 2665 ut
3398 2613 3557 2682 fortis

1962 2713 2274 2766 clausurum
2299 2710 2615 2780 promisisti.
2645 2710 2689 2761 Α
2731 2715 2925 2760 natura
2958 2707 3057 2775 fuit
3085 2703 3424 2774 negligentia,
3448 2720 3478 2755 ιι
3507 2714 3558 2753 te

1961 2821 2082 2860 vero
2113 2804 2411 2858 clementia.
2441 2801 2541 2866 Tu,
2587 2799 2831 2864 Domine,
2863 2797 3184 2866 ine/)‘abilem
3228 2804 3376 2849 tuam
3401 2794 3555 2847 illaut

1958 2901 2018 2953 in
2044 2913 2197 2951 usum
2222 2905 2460 2950 nostrum
2493 2892 2892 2947 inclinationem
2922 2906 3016 2944 nos
3051 2890 3301 2945 docuisti.
3336 2887 3416 2941 Tu
3448 2888 3556 2940 tuis

1963 2990 2184 3061 famulis
2211 3004 2328 3043 eam
2355 2987 2651 3055 inspirasti,
2668 2999 2895 3053 eamque
2922 3000 3017 3038 nos
3042 2982 3245 3053 pridem
3269 2983 3326 3035 iu
3360 2982 3557 3034 mundo

1962 3083 2390 3151 prwdicavimus.
2426 3077 2593 3148 Cujus
2624 3076 2951 3132 ostendimus
2993 3075 3254 3147 sgmbola,
3286 3090 3402 3128 eam
3441 3089 3472 3124 a
3506 3082 3557 3125 te

250 3170 596 3241 ξαμενοσὺ
637 3170 874 3237 ταύτην
903 3168 986 3267 οὓς
1040 3171 1323 3236 κραταιὸς
1365 3172 1666 3241 ἐμφράξαι
1718 3182 1859 3232 καθ-

1974 3172 2296 3243 benignitate
2344 3169 2708 3241 praestandam
2737 3168 3065 3238 ﬂagitamus.
3099 3165 3340 3234 Exsurge
3380 3164 3559 3227 itaque

254 3264 631 3332 υπεσχέθης.
658 3261 826 3329 Παρὰ
854 3258 963 3328 τῆς
981 3260 1224 3329 φύσεως
1251 3265 1292 3330 ἡ
1313 3263 1679 3334 ἀπροσεξία,
1707 3277 1871 3343 παρὰ

259 3356 326 3434 δέ
348 3355 534 3423 σοῦή
556 3354 995 3423 φιλανθρωπία.
1037 3354 1145 3419 Σὺ,
1188 3355 1389 3423 Κύριε.
1449 3358 1567 3427 τὴν
1604 3362 1868 3434 ἄρρητόν

255 3428 376 3503 σίου
428 3446 900 3515 συγκαταϐασιν
950 3443 1113 3513 ἡμᾶς
1176 3428 1750 3521 ἐμυσταγώγησάξξ
1779 3458 1867 3512 Σὺ

257 3537 381 3603 τοῖς
412 3535 682 3599 οἰκέταις
705 3549 824 3616 σου
849 3533 1079 3600 ταύτην
1110 3535 1512 3605 ἐνέπνευσας,
1545 3539 1627 3609 ἢν
1682 3545 1754 3599 ἐν
1784 3545 1868 3612 τῷ

260 3631 469 3698 κόσμῳ
497 3625 1110 3700 προεκηρύξαμειηῆς
1154 3628 1229 3682 τὰ
1274 3630 1552 3700 σύμϐολα
1592 3641 1867 3692 καθυπε-

260 3721 575 3791 δείξαμεν,
607 3722 839 3790 ταύτην
870 3720 947 3789 δή
979 3737 1054 3776 σε
1084 3722 1195 3777 τὸν
1234 3722 1663 3794 φιλάνθρωπον
1702 3730 1866 3796 ἐξαι-

260 3815 548 3883 τούμεθα.
619 3813 951 3882 Ἀνάστηθι
1024 3816 1236 3869 τοίνυν
1301 3815 1413 3886 τῆς
1462 3823 1866 3893 ταλαιπωρίας

262 3903 474 3958 ἕνεκεν
512 3901 642 3957 τῶν
683 3903 962 3973 πενήτων
1001 3921 1140 3959 σου.
1166 3906 1699 3980 Παρρουσιάσθητι
1713 3915 1866 3983 μετὰ

265 3998 520 4068 σαρκὸς,
548 3998 582 4050 ὁ
611 3997 1058 4068 ἀπερίγραπτος
1109 3995 1186 4067 τῇ
1242 4000 1496 4068 θεότητι.
1545 4003 1864 4076 Περίζωσαι

266 4091 364 4154 τὴν
395 4090 689 4161 ῥομφαίαν
722 4106 815 4142 σου
847 4089 943 4142 ἐπὶ
968 4090 1061 4143 τὸν
1096 4091 1271 4163 μηρόν
1302 4109 1422 4159 σου,
1448 4093 1666 4151 δυνατέ.
1694 4101 1865 4168 Περι·

274 4181 463 4237 δαλοῦ
490 4182 563 4235 τὸ
594 4180 891 4250 ἡμέτερον
917 4183 1162 4252 φύραμα
1189 4186 1217 4238 ὁ
1243 4184 1588 4256 περιϐάλλων
1624 4187 1719 4242 τὸν
1765 4190 1861 4243 οὐ·

266 4274 432 4342 ρανὸν
469 4276 534 4328 ὲν
556 4274 812 4342 νεφέλαις
851 4291 867 4305 ⁸
903 4274 978 4328 δι’
1017 4270 1089 4331 οὗ
1117 4274 1235 4343 τὴν
1279 4276 1580 4347 ἡμετέραν
1623 4278 1864 4336 ἐλευθε-

257 4368 401 4433 ρίαν
429 4365 757 4434 ἀπεργάσῃ
790 4383 804 4395 ·
838 4365 912 4418 δι’
944 4361 1018 4422 οὗ
1059 4367 1168 4421 τὸν
1196 4368 1539 4424 ἀντίπαλον
1583 4374 1864 4441 παραδει-

264 4460 608 4528 γματίσεις.
666 4455 908 4525 Στῆσον
958 4458 1032 4512 τὰ
1085 4456 1207 4512 τῶν
1258 4463 1693 4530 προρρήσεων·
1755 4467 1864 4536 δὸς

1970 3275 2184 3336 propter
2230 3264 2501 3318 miseriam
2545 3270 2759 3314 tuorum
2797 3274 3091 3328 pauperum
3131 3258 3198 3313 “.
3243 3255 3432 3309 Libere
3464 3269 3560 3323 age

1970 3375 2091 3414 cum
2131 3373 2291 3413 carne
2317 3358 2383 3422 ³³,
2412 3357 2504 3426 qui
2548 3355 3043 3421 incircumscriptus
3075 3350 3290 3406 exsistis
3339 3349 3553 3403 deitate.

1969 3450 2270 3520 Accingere
2316 3449 2497 3519 gladio
2527 3455 2623 3503 tuo
2651 3462 2818 3518 super
2858 3446 3040 3502 femur
3072 3455 3253 3510 tuum,
3289 3440 3558 3513 potentis-

1970 3545 2110 3599 sime
2141 3543 2208 3596 “.
2244 3539 2478 3595 Induere
2515 3549 2756 3595 nostram
2791 3555 3046 3603 massam,
3082 3538 3175 3608 qui
3218 3536 3404 3606 operis
3442 3549 3559 3589 ccc-

1970 3638 2082 3691 lum
2110 3635 2351 3691 nubibus
2369 3636 2435 3702 ",
2463 3650 2556 3704 per
2577 3650 2735 3705 quam
2767 3648 2861 3687 nos
2893 3634 2946 3686 in
2975 3631 3279 3686 libertatem
3307 3644 3516 3683 asseras
3536 3646 3560 3694 ,-

1965 3745 2061 3799 per
2094 3745 2255 3800 quam
2299 3728 2664 3784 adversarium
2707 3725 3007 3797 ignominia
3059 3724 3336 3778 traducas.
3371 3720 3561 3776 Statue

1966 3824 2250 3894 promissa.
2284 3821 2367 3875 Da
2402 3831 2463 3875 ut
2496 3820 2756 3892 supplices
2783 3861 2799 3885 ,
2831 3820 2936 3873 cito
2993 3829 3203 3873 eventus
3266 3818 3553 3885 aspiciant.

1969 3914 2180 3984 Accipe,
2213 3930 2371 3985 quam
2412 3915 2506 3967 tibi
2557 3915 2609 3967 in
2652 3912 3017 3966 mediatricem
3060 3909 3456 3975 prwdestiuasti
3487 3908 3557 3960 ad

1970 4006 2455 4062 reconciliationem
2532 4014 2792 4059 nostram.
2860 4001 3073 4056 Produc
3148 3998 3559 4053 immaculatum

1968 4118 2182 4174 agnam,
2212 4115 2279 4154 ex
2305 4115 2410 4170 qua
2436 4109 2643 4152 natura:
2669 4097 2850 4149 lanam
2871 4094 3118 4157 induens,
3138 4090 3558 4161 speciosissimus

1966 4191 2140 4258 nobis,
2169 4192 2260 4261 qui
2301 4192 2358 4244 in
2403 4189 2628 4244 tenebris
2687 4202 2980 4252 versamur,
3020 4199 3301 4254 appareas.
3335 4179 3491 4235 Hanc
3524 4197 3560 4234 α

1968 4294 2017 4338 te
2066 4300 2160 4338 nos
2216 4282 2516 4353 informati,
2550 4281 2694 4335 varie
2740 4279 3174 4350 prtedicavimus.
3218 4274 3352 4345 Ejus
3391 4290 3558 4343 spem,

1968 4374 2229 4430 libertatis
2258 4376 2446 4443 pignus
2474 4374 2783 4427 retinemus.
2826 4370 2982 4424 Hanc
3003 4367 3290 4438 prop/tetiis
3320 4381 3560 4434 praecon-

1967 4467 2322 4521 cinnavimus.
2372 4463 2525 4519 lianc
2579 4464 2740 4518 variis
2801 4463 3080 4533 prteconiis
3151 4457 3559 4514 exornavimus:

262 4551 515 4620 ταχείας
563 4548 833 4602 κατιδεῖν
896 4549 1023 4615 τοῖς
1076 4548 1383 4620 δεομένοις
1408 4554 1516 4621 τὰς
1560 4553 1859 4626 ἐκϐάσεις.

1967 4561 2200 4614 decorem
2234 4560 2437 4630 generis
2456 4599 2469 4623 ,
2506 4567 2715 4612 natura:
2738 4557 3112 4628 gloriationem
3132 4594 3146 4620 ,
3182 4568 3356 4607 veram
3382 4566 3562 4603 resur-

262 4643 421 4697 Λάεε
457 4641 581 4708 τὴν
612 4642 704 4706 είς
726 4639 1129 4709 καταλλαγὴν
1173 4640 1344 4710 ἡμῶν
1396 4647 1859 4713 προορισθεῒσάν

1965 4651 2215 4706 rectionis
2288 4662 2485 4705 nostra:
2552 4648 3029 4716 exspectationem,
3090 4645 3205 4715 ejus
3300 4642 3561 4695 orationis

262 4750 364 4788 σοι
391 4731 671 4803 μεσῖτιν.
700 4731 1013 4801 Παράγαγε
1042 4731 1158 4798 τὴν
1186 4730 1454 4786 ἄσπιλον
1495 4734 1756 4803 ἀμνάδα,
1798 4740 1859 4805 ἐξ

1965 4742 2178 4812 plenum
2213 4757 2271 4797 os
2320 4740 2601 4796 libertatis.
2633 4741 2727 4795 Sic
2761 4739 2945 4793 videre
2991 4744 3109 4791 erat
3138 4735 3424 4789 universos
3468 4732 3561 4799 ju-

262 4820 337 4894 ἧς
364 4827 438 4878 τὸ
463 4822 582 4893 τῆς
611 4824 855 4893 φύσεως
871 4823 1382 4892 περιϐαλλόμενος
1412 4824 1601 4893 ἔριον,
1648 4829 1859 4898 ὡραιό-

1971 4842 2088 4889 stos
2135 4842 2526 4897 memorantes,
2565 4847 2631 4886 ac
2667 4829 2882 4884 Domini
2930 4827 3226 4884 salutarem
3258 4823 3554 4878 adventum

264 4934 443 4985 τατος
475 4917 635 4988 ἡμῖν
672 4917 917 4987 ὀφθιὶσῃ
952 4916 1078 4982 τοῖς
1115 4917 1185 4970 ἐν
1212 4910 1294 4981 τῷ
1332 4919 1565 4973 σκότει.
1644 4921 1859 4990 Ταύτην

1978 4926 2356 4995 implorantes.
2396 4922 2583 4993 Neque
2623 4921 2769 4975 enim
2807 4919 2911 4973 alia
2943 4926 3141 4988 praeter
3174 4928 3299 4970 eum
3345 4913 3558 4980 reliqua

260 5013 377 5079 ί.πό
412 5008 541 5067 σοῦ
575 5010 1023 5091 ἐντυπωθὲντες
1052 5008 1345 5074 ποικίλως
1392 5009 1854 5082 ἀνεκηρύξαμεν

1975 5023 2059 5069 est
2094 5028 2220 5082 spes
2248 5012 2357 5066 ulla
2390 5010 2802 5080 redemptionis.
3358 5054 3361 5057 .

258 5109 490 5172 ταύτης
526 5106 826 5175 ἑνέχιφον
845 5105 1187 5171 ἐλευθερίας
1218 5101 1335 5168 τὴν
1359 5102 1581 5157 ἐλπίδα
1619 5108 1952 5178 κατέχομεν
1975 5126 1988 5141 -
2016 5111 2243 5177 ταύτην
2281 5106 2669 5176 προφητείαις
2701 5101 3281 5173 προκατηρτίσαμεν’
3336 5095 3563 5159 ταύτην

257 5207 584 5272 ἐγκωμίοις
645 5199 1157 5267 κατεποικίλαμεν
1190 5208 1205 5223 ’
1275 5196 1393 5262 τὴν
1432 5199 1804 5269 κοσμιότητα
1844 5219 1859 5256 ι

2004 5205 2221 5273 γένους
2247 5219 2262 5235 ’
2314 5202 2381 5255 τὸ
2432 5199 2908 5271 ἐγκαλλώπισμα
2953 5195 3064 5263 τῆς
3118 5193 3358 5263 φύσεως
3384 5204 3399 5219 ⁸
3445 5188 3564 5256 τὴν

257 5294 507 5364 ἀψευδῆ
546 5291 660 5361 τῆς
688 5292 1083 5357 ἀναστάσεως
1107 5287 1279 5359 ἡμῶν
1307 5288 1681 5355 προσδοκίαν
1700 5309 1713 5323 ο
1734 5295 1802 5348 τὸ
1832 5296 1943 5366 τῆς
1981 5298 2247 5366 δεήσεως
2293 5299 2515 5365 ταύτης
2550 5295 3082 5365 εὐπαρψισίαστον
3130 5291 3345 5357 στόμα.
3396 5285 3564 5338 Οὕτω

260 5394 438 5461 δῆπου
505 5392 764 5452 ἅπαντας
781 5388 1030 5450 δικαίους
1084 5382 1470 5462 μεμνημένους
1501 5379 1571 5455 ἦν
1625 5388 1774 5454 ἰδεῖν,
1820 5394 1917 5447 καὶ
1950 5394 2049 5465 τὴν
2070 5396 2336 5467 σωτήριον
2364 5392 2827 5464 ἐπικαλουμένους
2875 5390 2969 5443 τοῦ
3018 5386 3290 5441 Δεσπότου
3348 5397 3561 5453 παρου-

266 5490 407 5542 σίαν.
441 5488 585 5542 Οὐδὲ
614 5487 727 5559 γὰρ
752 5485 891 5555 ἄλλη
944 5498 1032 5544 τις
1093 5476 1426 5546 κατελείφθη
1475 5480 1575 5549 τῆς
1601 5483 2036 5559 ἀπολυτρώσεως
2062 5491 2217 5554 ἐλπὶς
2250 5490 2282 5562 ἢ
2319 5488 2481 5559 αὕτη.

336 5581 419 5635 H’.
456 5580 526 5634 Τί
553 5580 600 5633 δ’
636 5580 702 5634 ἀν
730 5594 816 5640 τις
849 5577 982 5647 περὶ
1010 5572 1104 5627 τοῦ
1139 5570 1488 5642 προπάτορες
1561 5571 1732 5645 Ἀδὰμ.
1785 5580 1859 5633 έν.

2051 5582 2189 5637 \‘lll.
2217 5583 2356 5647 Quid
2427 5596 2555 5635 vero
2610 5579 2734 5650 quis
2771 5580 2839 5633 de
2874 5579 3052 5648 primo
3086 5583 3312 5646 parente
3345 5573 3556 5628 Adamo

272 5673 475 5743 νοήσειε
504 5691 521 5706 ο
553 5673 680 5735 πῶς
694 5670 1018 5743 ἀμυθήτους
1037 5667 1136 5730 τὰς
1147 5665 1258 5720 τῶν
1279 5660 1485 5716 ὀδυνῶν
1508 5663 1690 5732 αἰτίας
1707 5668 1859 5740 ἔχων,

1979 5670 2344 5741 cogitaverit?
2388 5670 2459 5726 Ut
2492 5669 2742 5724 dolorum
2799 5683 2997 5724 causas
3050 5668 3286 5737 majores
3326 5663 3551 5726 habens,

356 5838 391 5869 ¹¹
424 5836 637 5895 Thren.
675 5847 762 5903 tu,
795 5832 888 5889 34.
972 5832 1016 5863 ¹²
1051 5828 1197 5888 Psal.
1230 5847 1305 5900 xu,
1336 5829 1390 5886 6.
1468 5832 1513 5865 ¹⁸
1542 5830 1691 5889 Psal.
1728 5844 1855 5886 xcm

1962 5878 1963 5881 η
2044 5832 2086 5864 ’⁵
2117 5830 2262 5887 P:ai.
2299 5844 2442 5900 μιν,
2483 5830 2535 5886 τι.
2618 5830 2660 5863 ⁸⁸
2690 5828 2836 5888 Psal.
2881 5844 3061 5897 υκαι,
3112 5829 3164 5882 8-
