4104 6416
600 359 706 424 ΞΠ]

1879 350 2141 414 ΙΛΟΟΒΙ
2183 349 2531 413 MONACHI

3764 345 3876 408 580

600 487 768 543 quam
807 479 863 525 ut
883 469 1310 526 consolationem
1328 466 1709 531 admitterent,
1742 466 1948 521 luctum
1973 465 2183 535 lugeret

2300 462 2710 534 ίπαρηγόρητον
2743 478 2857 532 ειχε
2900 459 2997 514 καί
3033 458 3097 514 τὸ
3129 458 3345 524 πένθος.
3378 457 3456 512 Οὐ
3483 458 3592 529 γὰρ
3614 457 3679 530 δὴ
3708 459 3878 529 μόνον

602 562 1095 619 inconsolabilem?
1145 559 1355 616 Nedum
1407 561 1554 616 enim
1597 557 1933 629 dcccptionis
1963 572 2180 623 sensus,

601 652 891 721 cssiliique
938 651 1220 705 damnatio
1255 692 1271 716 ,
1311 651 1537 705 amissio
1588 649 1717 703 item
1769 648 1976 719 gratias,
2023 654 2186 715 atque

603 745 673 799 ab
742 742 999 801 inellabili
1063 744 1154 797 illo
1213 743 1422 798 honore
1477 743 1815 811 abruptum,
1880 739 2185 809 maiestatis

607 835 803 888 divina:
858 845 1065 888 reatum
1122 834 1443 897 incurrisse,
1503 833 1657 887 triste
1709 831 1782 885 illi
1818 846 1884 886 ac
1934 845 2185 885 alnarum

602 924 864 979 seculum
902 924 1217 989 faciebant;
1247 940 1433 979 verum
1488 924 1652 978 etiam
1693 938 1817 977 cum
1865 931 2185 977 sanctorum

602 1017 831 1071 chorum
884 1017 1000 1086 pari
1060 1032 1248 1071 secum
1303 1017 1580 1086 ergastulo
1629 1016 1907 1070 detentum
1955 1016 2185 1080 videret,

607 1122 945 1178 causamque
985 1108 1313 1163 detentionis
1340 1123 1404 1162 ac
1440 1107 1679 1163 carceris
1723 1107 1826 1163 sibi
1854 1107 1957 1177 ipsi
1982 1108 2188 1165 haerere

603 1204 956 1272 perspiceret,
990 1203 1275 1271 quidnam,
1313 1218 1445 1273 rogo
1478 1220 1493 1270 ;
1530 1202 1879 1274 patiebatur?
1909 1201 2185 1269 Quidnam

604 1295 915 1350 sustinebat
930 1294 1140 1349 doloris
1160 1295 1181 1348 ?
1200 1294 1479 1361 Quosnam
1519 1295 1758 1366 gemitus
1780 1294 2016 1349 edebat?
2044 1294 2189 1361 Qua-

607 1402 733 1442 nam
764 1387 1021 1442 mmstitia
1056 1388 1388 1442 tenebatur?
1433 1386 1571 1455 Quis
1615 1402 1747 1444 vero
1777 1387 1897 1455 ejus
1920 1387 1973 1442 in
2009 1387 2188 1458 specie

605 1478 865 1547 ejulatus,
931 1478 1075 1549 stylo
1137 1479 1425 1549 complecti
1511 1478 1722 1549 queat?
1790 1479 2025 1534 lamenta
2080 1494 2180 1550 pro

606 1570 1082 1640 transgressione;
1120 1586 1415 1625 maerorem
1459 1585 1561 1636 pro
1597 1569 1946 1627 damnatione
1971 1586 1987 1635 ;
2012 1571 2189 1625 tristi-

609 1663 740 1715 tiam
767 1675 867 1731 pro
892 1661 1085 1717 mortis
1109 1663 1309 1732 pinna?
1333 1661 1519 1733 jugem
1552 1663 1906 1718 conscientias
1922 1662 2187 1730 iudicem,

606 1770 770 1824 quem
814 1768 1006 1809 severe
1030 1754 1325 1809 admodum
1354 1769 1420 1808 ac
1445 1754 1582 1809 dure
1615 1753 1832 1825 generis
1862 1769 2031 1811 causa
2052 1770 2189 1810 con—

610 1848 955 1901 demnantem
984 1847 1360 1917 prospiceret?
1388 1862 1489 1902 nec
1521 1846 1667 1902 enim
1699 1861 1864 1919 grave
1892 1847 2030 1903 adeo
2064 1847 2191 1916 quis

612 1938 828 2005 habeat,
862 1947 921 1992 ut
943 1939 1093 1994 solus
1122 1938 1261 2008 ipse,
1298 1953 1395 2007 pro
1424 1938 1492 1993 iis
1542 1952 1663 2008 quia
1697 1939 1962 2009 peccavit,
1997 1954 2190 2009 pinnas

612 2028 749 2095 luat,
812 2038 976 2099 atque
1026 2039 1086 2084 ut
1138 2029 1276 2085 alios
1308 2030 1473 2083 etiam
1528 2029 1584 2083 in
1613 2030 1859 2095 easdem.
1886 2044 1984 2085 sua
2019 2030 2193 2101 ipsius

617 2123 927 2175 temeritate
990 2119 1272 2190 coniectos
1339 2120 1627 2190 intelligat.
1657 2117 1794 2174 Nam
1831 2120 1935 2176 sibi
1967 2120 2188 2190 quidem

616 2226 793 2283 paenae
826 2228 1050 2268 causam
1103 2213 1407 2279 ascribens,
1451 2212 1635 2267 solatii
1689 2212 1896 2281 aliquid
1948 2228 2192 2282 congrua

614 2306 831 2360 ratione
856 2305 1270 2376 percipiat:pro
1287 2320 1352 2361 eo
1379 2316 1560 2360 autem
1591 2315 1653 2361 ut
1679 2305 1824 2367 aliis.
1855 2307 1948 2376 qui
1980 2305 2192 2363 innoxii

608 2397 923 2462 videantur,
951 2398 1196 2466 ejusdem
1241 2412 1426 2453 secum
1462 2412 1636 2467 pinna:
1677 2406 1871 2453 auctor
1901 2399 2189 2466 exatiterit,

612 2502 778 2557 quam
808 2488 1028 2543 demum
1063 2488 1496 2543 consolationem
1533 2489 1817 2544 inveniat?
1850 2490 1944 2545 Sic
1982 2504 2115 2545 sane
2139 2498 2194 2545 et

609 2581 824 2650 primus
854 2595 1075 2650 parens,
1128 2595 1240 2636 non
1294 2580 1470 2635 solum
1512 2597 1667 2636 suam
1723 2582 1839 2652 ipse
1875 2582 2196 2650 deplorabat

612 2672 917 2736 miseriam,
939 2688 1128 2728 verum
1153 2672 1318 2727 etiam
1351 2687 1450 2742 pro
1481 2673 1735 2730 universo
1763 2689 1963 2746 genere
1981 2676 2196 2732 discru-

611 2766 884 2831 ciabatur,
911 2774 1174 2835 tantoque
1200 2766 1435 2837 amplius
1464 2782 1629 2837 quam
1670 2783 1771 2838 pro
1837 2769 2043 2839 seipso,
2083 2782 2195 2838 quo

612 2857 813 2929 seipse,
844 2858 1138 2928 primitias,
1166 2858 1367 2926 quibus
1392 2861 1589 2915 mortis
1641 2863 1912 2917 sententia
1944 2862 2193 2932 ingressa

613 2960 780 3016 esset,
809 2950 1212 3006 considerabat.
1252 2950 1394 3016 Quid
1417 2966 1548 3006 vero
1576 2966 1759 3021 opera:
1792 2953 2026 3021 pretium
2051 2953 2195 3009 hunc

612 3043 734 3113 ejus
759 3042 1004 3097 dolorem
1038 3040 1092 3095 in
1129 3043 1593 3097 latnentationum
1623 3053 2003 3117 argumentum
2043 3045 2194 3101 adle-

2288 557 2323 627 ἡ
2350 557 2450 627 τῆς
2473 553 2846 627 παρτφάσεως
2872 550 3250 622 συναίσθησις,
3278 550 3376 606 καί
3402 553 3437 623 ἡ
3467 553 3573 621 τῆς
3611 550 3879 616 ἀποικίας

2288 646 2558 719 καταδίκη
2591 662 2606 677 ·
2639 647 2703 700 τό
2732 663 2793 699 τε
2818 643 3174 716 γυμνωθῆναι
3193 644 3294 715 τῆς
3327 643 3573 714 χάριτος,
3633 644 3728 697 καί⁸
3773 646 3880 714 τῆς

2287 741 2499 811 ἀφάτου
2527 744 2696 812 τιμῆς
2728 740 3141 813 ἀπορραγῆναι,
3181 740 3275 791 καὶ
3308 739 3389 801 είς
3414 737 3476 791 τὸ
3524 739 3623 808 τῆς
3674 736 3875 807 θνητό-

2286 851 2452 906 τητος
2490 834 2827 888 καταπεσεῖν
2882 832 3179 904 ἐπιτίμιον,
3232 831 3512 884 ἐπώδυνον
3577 829 3728 901 αὐτῷ
3776 830 3880 883 τὸν

2288 926 2463 982 αἰῶνα
2493 926 2718 980 διετίθει
2754 941 2770 957 ο
2812 924 2949 979 ἀλλὰ
2974 927 3068 979 καὶ
3094 924 3188 978 τὸν
3220 924 3384 994 χορὸν
3415 923 3526 976 τῶν
3549 923 3724 990 ἁγίων
3759 923 3882 977 ἐνο-

2292 1020 2402 1092 ρῶν
2435 1017 2960 1089 συγκαθειρχθέντα,
2984 1017 3081 1071 καὶ
3121 1016 3221 1088 τὴν
3264 1016 3450 1070 αἰτίαν
3498 1016 3596 1086 τῆς
3647 1014 3882 1086 καθείρ-

2290 1113 2427 1180 ξεως
2458 1111 2640 1181 ἑαυτῷ
2666 1111 3119 1180 περιαπτομένην
3142 1107 3370 1178 ἐνορῶν,
3396 1107 3451 1161 τί
3479 1107 3565 1179 ἄρ’
3595 1105 3883 1178 ἔπασχεν;

2287 1207 2422 1279 ὅσην
2448 1205 2551 1277 τὴν
2590 1207 2786 1280 ὀδύνην
2821 1204 3094 1276 ὑπέμενεν
3131 1220 3146 1271 ;
3182 1202 3303 1266 οἶας
3334 1202 3435 1264 τὰς
3478 1200 3725 1271 οἰμωγὰς
3747 1200 3887 1255 ἀνέ-

2287 1319 2476 1373 πεμπε
2503 1318 2519 1369 ;
2550 1302 2673 1355 τίνα
2698 1300 2797 1372 τὴν
2826 1299 3068 1368 ἀθυμίαν
3092 1292 3245 1369 εῐχες
3277 1296 3390 1351 Καὶ
3417 1294 3503 1358 τίς
3539 1294 3606 1348 ἂν
3642 1293 3744 1357 τὰς
3779 1294 3890 1347 αὖ·

2288 1393 2385 1448 τοῦ
2450 1394 2573 1448 κατ’
2616 1388 2758 1458 εἶδος
2813 1390 3159 1464 περιγράψαι
3210 1388 3467 1460 δυνηθείη
3512 1386 3886 1456 δλοφύρσεις;

2287 1487 2380 1541 τὸν
2409 1490 2506 1559 τῆς
2545 1486 2832 1557 παρακοῆς
2855 1486 3055 1556 θρῆνον
3089 1485 3217 1546 ’τὰς
3258 1484 3357 1553 τῆς
3382 1482 3683 1552 καταδίκης
3698 1478 3888 1543 ἀνίας*

2288 1581 2351 1634 τδ
2382 1579 2629 1651 λυπηρὸν
2649 1579 2751 1649 τῆς
2783 1576 2879 1631 τοῦ
2907 1577 3144 1631 θανάτου
3168 1575 3442 1647 τιμωρίας
3485 1590 3500 1606 ·
3531 1574 3625 1628 τὸν
3650 1574 3889 1645 διηνεκῆ

2289 1672 2387 1728 τοῦ
2449 1672 2753 1735 συνειδότος
2804 1670 3090 1741 δικαστὴν,
3160 1669 3221 1723 δν
3266 1668 3355 1723 διὰ
3409 1670 3472 1723 τὸ
3519 1667 3677 1737 γένος
3732 1667 3892 1721 ἅπαν

2289 1766 2543 1837 χαλεπῶς
2592 1761 3027 1827 καταδικάζοντα
3081 1763 3392 1834 προωρᾶτο.
3425 1759 3522 1825 ξυὺ
3568 1759 3680 1832 γὰρ
3734 1758 3893 1812 οὕτω

2290 1860 2465 1915 δεινὸν
2520 1858 2740 1928 ἡγεῖταί
2774 1874 2881 1925 τις,
2912 1856 3122 1910 ὁπόταν
3166 1855 3266 1927 μὲν
3291 1852 3457 1917 αὐτὸς
3497 1852 3607 1906 τῶν
3661 1852 3891 1905 οἰκείων

2289 1938 2713 2025 ἁμαρτημάτων
2748 1952 2909 2023 δίκην
2936 1949 3173 2012 δίδωσιν,
3192 1947 3272 2012 ὡς
3320 1947 3489 2018 ἡνίκα
3528 1948 3652 2008 ταῖς
3713 1944 3893 1998 αὑτοῦ

2293 2045 2719 2116 συμπάσχοντες
2773 2042 3082 2106 ἀδουλίαις,
3130 2040 3227 2094 καὶ
3272 2038 3498 2109 ἑτέρους
3542 2037 3892 2090 κατανοοῖτο.

2304 2134 2519 2208 Ἑαυτῷ
2554 2135 2654 2207 μὲν
2687 2135 2796 2205 γὰρ
2824 2133 3053 2196 εἰκότως
3082 2131 3152 2186 ἂν
3174 2128 3502 2201 έπιγραφων
3538 2128 3639 2198 τὴν
3699 2126 3894 2181 αἰτίαν

2290 2231 2392 2300 τῆς
2415 2227 2716 2301 τιμωρίας,
2762 2225 2991 2296 εὔλογον
3022 2223 3583 2297 παρηγορηοησεταιο
3617 2221 3752 2293 περί
3812 2213 3894 2274 ὧν

2292 2322 2350 2376 δὲ
2380 2322 2608 2393 ἀφορμὴ
2636 2319 2965 2376 καθίσταται
2993 2319 3089 2372 τοῦ
3109 2318 3461 2389 συμπάσχειν
3481 2315 3705 2388 ἑτέρους
3728 2315 3894 2367 ἀνευ-

2295 2414 2490 2477 θύνους
2515 2410 2658 2468 εἰναι
2684 2412 2997 2478 δοκοῦντας,
3026 2410 3150 2464 τίνα
3180 2409 3281 2481 τὴν
3305 2407 3668 2479 παραμυθίαν
3718 2407 3891 2479 εὑρή-

2298 2522 2414 2572 σεις
2443 2503 2603 2559 Οὕτω
2623 2504 2689 2576 δὴ
2724 2505 2821 2558 καὶ
2844 2505 2872 2557 ὁ
2893 2502 3200 2572 προπάτωρ
3223 2500 3404 2572 ἡμῶν,
3454 2499 3514 2552 οὐ
3571 2498 3747 2569 μόνον
3794 2498 3890 2570 τὴν

2294 2597 2504 2651 οἰκείαν
2533 2595 2957 2667 κατωλοφύρετο
2986 2592 3390 2664 ταλαιπωρίαν,
3430 2589 3591 2654 ἀλλὰ,
3620 2591 3718 2643 καὶ
3751 2589 3881 2661 deep

2297 2689 2503 2753 παντὸς
2528 2688 2771 2743 ὠδυνᾶτο
2821 2687 2916 2741 τοῦ
2943 2685 3157 2757 γένους,
3193 2685 3289 2738 καί
3314 2683 3517 2754 μᾶλλον
3539 2682 3574 2755 ἢ
3608 2683 3744 2754 περί
3769 2685 3883 2737 ἐαυ-

2296 2782 2416 2849 τοῦ,
2445 2784 2570 2836 ὅσον
2592 2779 2857 2855 ,ἀπαρχὴν
2903 2778 3096 2833 ἑαυτὸν
3115 2776 3216 2843 τῆς
3248 2776 3344 2830 τοῦ
3372 2776 3606 2831 θανάτου
3637 2775 3891 2830 κατενόει

2297 2876 2510 2930 εἰσόδου
2564 2877 2666 2946 τῆς
2714 2873 2920 2943 ψήφου.
2962 2871 3075 2925 Καὶ
3109 2870 3163 2925 τί
3211 2869 3292 2923 δεῖ
3326 2869 3427 2940 τὴν
3476 2866 3643 2922 αὐτοῦ
3686 2867 3894 2938 ταύτην

2297 2966 2491 3038 ὀδύνην
2534 2965 2616 3029 εἰς
2667 2964 2888 3035 θρήνων
2957 2962 3217 3032 ἀφορμὴν
3267 2958 3619 3028 καταλέγειν,
3685 2959 3897 3021 παντὸς

2299 3056 2559 3111 ὑπόθεσιν
2588 3053 2844 3118 πένθους,
2874 3051 2974 3123 τὴν
3005 3051 3201 3123 πρώην
3226 3048 3496 3122 μονῳδίας
3526 3046 3901 3116 ὑπερδαινούο

613 3149 762 3203 gere,
828 3134 1055 3203 antiqua
1127 3134 1338 3199 naznia,
1383 3149 1602 3190 onmem
1656 3136 1837 3205 luctus
1907 3137 2192 3192 materiam

2301 3165 2435 3216 σης;
2470 3148 2534 3202 Εἰ
2553 3147 2665 3218 γάρ
2695 3162 2779 3209 τις
2806 3146 2909 3208 τὰς
2938 3142 3337 3210 ὲλεεινολογίας
3367 3139 3581 3201 ὲκείνας
3614 3137 3702 3192 ἐπ’
3760 3138 3901 3207 δψιν

617 3224 956 3294 superante?
988 3224 1055 3280 Ut
1086 3225 1213 3294 quis
1240 3225 1385 3281 enim
1408 3226 1594 3281 tristes
1623 3226 1744 3282 illas
1779 3227 2197 3284 lamentationes

619 3315 723 3369 sub
758 3314 1011 3368 obtutum
1037 3314 1173 3368 velit
1195 3315 1486 3382 adducere,
1520 3330 1658 3385 quas
1712 3316 1804 3372 ille
1830 3331 2002 3387 nuper
2034 3332 2197 3387 para-

617 3406 738 3463 diso
770 3405 979 3473 eiectus
1032 3403 1248 3475 lugubri
1278 3406 1501 3476 planctu
1560 3416 1888 3475 prosecutus
1934 3417 2039 3473 est,
2080 3423 2196 3463 rem

620 3498 859 3552 inveniet
896 3496 1044 3551 omni
1104 3497 1371 3569 majorem
1414 3498 1810 3553 consolatione.
1860 3496 2001 3565 Quid
2048 3499 2195 3554 enim

620 3606 729 3645 non
777 3590 1204 3664 dixitﬁQuem,
1227 3607 1336 3647 non
1374 3591 1652 3659 planctum
1684 3592 1843 3661 egit?
1871 3591 2047 3659 Quam
2085 3608 2197 3649 non

619 3683 811 3753 pansit
870 3684 1359 3739 lamentationem?
1413 3683 1694 3755 Ejusmodi
1724 3684 1864 3740 forte
1904 3685 2199 3755 gemitibus

622 3776 786 3831 verba
814 3777 1198 3843 commiscens,
1235 3776 1540 3848 lugubriter
1566 3776 1910 3832 acrlamabat
1969 3777 2193 3831 dicens:

689 3864 782 3919 IX.
829 3866 873 3922 0
913 3883 1073 3937 quam
1108 3866 1249 3937 felici
1281 3866 1399 3921 uitta
1442 3875 1585 3921 statu
1637 3867 1910 3920 miseriam
1963 3881 2199 3920 commu-

618 3959 724 4013 tavi
751 3960 772 4012 ί
798 3958 960 4024 Quali
996 3975 1112 4012 sum
1190 3958 1435 4013 addictus
1473 3959 1696 4013 exsilio!
1723 3958 1767 4014 0
1812 3958 2013 4013 malum
2063 3957 2199 4012 illud

618 4052 1008 4121 profanumque
1033 4050 1339 4117 consilium,
1369 4051 1507 4120 quod
1538 4051 1892 4114 deceptionem
1952 4067 2015 4104 ac
2047 4051 2200 4122 frau-

618 4141 736 4193 dent
764 4140 969 4204 texuit;
1000 4139 1138 4209 quod
1152 4139 1343 4193 letltale
1363 4140 1505 4192 uirus
1533 4142 1662 4194 meis
1691 4140 1910 4195 auribus
1938 4140 2201 4194 immisit!

620 4229 667 4282 Ο
694 4230 874 4283 livoris
905 4231 1137 4297 plenam,
1180 4246 1244 4282 ac
1279 4230 1581 4285 invidentiw
1631 4232 2045 4298 perversitatem,
2081 4247 2200 4301 qua:

621 4321 903 4374 exitiosum
942 4322 1191 4374 nuntium
1224 4320 1443 4374 attulit!
1464 4320 1515 4397 _0
1545 4322 1757 4387 mulier,
1785 4323 2046 4393 quomodo
2073 4339 2201 4376 acu-

548 4422 556 4430 '
626 4422 736 4463 tum
767 4413 819 4464 in
850 4428 942 4464 nos
969 4411 1207 4481 gladium
1242 4412 1494 4480 inferens,
1544 4428 1647 4465 non
1672 4412 2025 4467 intellexisti?
2048 4413 2198 4479 Quo-

2297 3238 2526 3307 ἀγαγείν
2558 3235 2873 3307 βουληθείη,
2907 3232 2976 3299 ἃς
3002 3233 3234 3303 ἔναγχος
3266 3229 3675 3301 ἐκϐεϐλημένος
3716 3228 3894 3300 ἔτρα-

2295 3328 2511 3399 γῴδησε
2532 3326 2628 3382 τοῦ
2651 3325 3008 3399 παραδείσου,
3024 3325 3250 3395 εὑρήσει
3278 3321 3341 3376 τὸ
3355 3321 3647 3392 λεγόμενον
3667 3321 3788 3373 ἀπα
3796 3336 3900 3390 ρα-

2299 3421 2563 3492 μύθητον.
2612 3419 2680 3475 Τί
2717 3419 2828 3490 γὰρ
2862 3419 2965 3473 οὐκ
2992 3416 3061 3473 ἂν
3106 3412 3268 3483 εἶπες
3323 3414 3447 3469 τίνα
3495 3414 3732 3469 κοπετὸν
3795 3415 3901 3467 οὐκ

2296 3515 2568 3586 exeam;
2595 3515 2720 3569 τίνα
2744 3512 3056 3586 θρηνῳδίαν
3080 3511 3181 3566 οὐκ
3194 3508 3424 3575 1,ίτιιλεξες
3447 3507 3588 3578 τάχα
3613 3507 3901 3572 τοιούτους

2295 3609 2418 3671 ταῖς
2467 3607 2739 3679 οἰμωγαῖς
2797 3604 3076 3677 ἀναμίξας
3146 3603 3276 3667 τοὺς
3334 3601 3563 3671 λόγους,
3613 3600 3904 3672 ὀδυνηρῶς

2297 3698 2523 3764 ὲπεὸόα,

2369 3880 2450 3935 ϐ’.
2483 3881 2547 3935 Ὠ
2576 3880 2711 3947 οἵας
2740 3896 2850 3948 της
2875 3881 3178 3951 μακαρίας
3200 3880 3520 3952 διαγωγῆς,
3552 3882 3670 3951 τὴν
3700 3887 3908 3940 ταλαι-

2298 3972 2531 4039 πωρίαν
2550 3970 3030 4041 ἀντηλλαξάμην
3048 3971 3069 4025 !
3089 3972 3226 4026 οταν
3242 3972 3354 4041 τὴν
3373 3974 3695 4042 παροικίαν
3720 3991 3908 4030 κατε-

2298 4063 2634 4132 δικάσθηνί
2665 4064 2727 4116 Ὠ
2752 4062 3023 4132 πονηρᾶς
3055 4064 3296 4134 ἐκείνης
3323 4065 3420 4120 καὶ
3446 4067 3705 4121 ἀνοσίου
3743 4084 3909 4138 συμ-

2300 4148 2760 4218 ϐουλῆςίἼΙτις
2787 4151 2906 4219 τὴν
2967 4151 3200 4220 ἀπάτην
3268 4153 3656 4221 συνέπλεξεν
3688 4175 3705 4190 ο
3768 4158 3911 4226 ἣτις

2302 4242 2402 4296 τὸν
2443 4244 2864 4313 θανατηφόρον
2912 4245 3008 4299 ἰὸν
3062 4244 3133 4299 ἐν
3189 4245 3312 4310 τοῖς
3367 4246 3533 4316 ἐμοῖς
3582 4248 3912 4318 ἐπαφῆκεν

2299 4331 2490 4389 ὡσίνί
2520 4336 2589 4391 Ὃ
2610 4334 2913 4405 φθονερᾶς
2942 4337 3043 4389 καί
3062 4335 3407 4406 μισοκάλου
3432 4341 3756 4407 σκαιωρίας
3794 4343 3914 4409 τῆς

2301 4424 2417 4488 τὴν
2474 4425 2757 4494 ὀλεθρίαν
2810 4427 3156 4495 κομισάσης
3195 4429 3489 4499 ἀγγελίαν
3504 4430 3526 4483 .'
3581 4432 3644 4483 Ὤ
3698 4432 3912 4500 γύναι,

623 4502 778 4555 modo
818 4519 920 4555 non
975 4504 1288 4570 perspexisti
1328 4502 1469 4573 ferre
1521 4514 1570 4557 te
1616 4507 1667 4557 in
1716 4504 1899 4574 lingua
1938 4507 2196 4560 mortem?

2306 4513 2432 4581 πῶς
2463 4514 2529 4568 τὸ
2554 4516 2683 4570 καθ’
2714 4513 2885 4584 ἡμῶν
2918 4516 3302 4586 ἠκονημένον
3326 4518 3703 4587 ἐπιφέρουσα
3725 4520 3917 4592 ξίφες

628 4590 825 4662 thuid
876 4597 1078 4647 malum
1139 4593 1235 4647 hoc
1302 4595 1666 4665 excogitasti?
1718 4594 1835 4648 Heu
1872 4595 1990 4648 me!
2031 4595 2202 4660 Quam

628 4698 921 4751 receperam
994 4684 1331 4752 adjutricem,
1369 4686 1754 4739 insidiatricem
1805 4688 1997 4742 inueni.
2032 4687 2204 4754 Quam

620 4793 675 4827 m
752 4776 899 4829 battis
976 4765 1364 4831 attxtliuturam
1425 4780 1749 4847 sperabam,
1816 4782 2205 4835 contrariorum

619 4868 911 4921 auctricem
934 4870 1217 4937 perspicio.
1236 4868 1529 4922 Jlembrum
1554 4886 1747 4933 meum,
1770 4873 1987 4925 exitiale
2008 4873 2168 4927 telum
2185 4891 2204 4928 :

623 4960 756 5025 Quae
802 4960 1132 5012 matrimonii
1154 4960 1277 5028 jure
1312 4959 1502 5029 juncta
1539 4959 1721 5028 [ueras
1766 4964 1821 5015 in
1854 4962 2203 5032 adjutorium,

621 5067 730 5102 una
757 5052 1055 5119 expellendi
1102 5052 1381 5107 consilium
1436 5054 1632 5108 iniisti.
1677 5052 1876 5124 thuid
1928 5057 2066 5109 enim
2092 5072 2206 5110 ser-

622 5141 1058 5209 penticredidisti
1081 5141 1107 5193 ἱ)
1133 5141 1489 5204 Quamobrem
1521 5158 1641 5197 vero
1674 5145 1854 5197 relicto
1886 5155 1975 5199 tuo
2009 5146 2206 5215 capite,

624 5247 776 5299 uaga,
809 5249 870 5284 ac
892 5233 1167 5285 interitum
1188 5226 1453 5289 asciscens'
1470 5237 1800 5291 circumisti?
1838 5238 2013 5304 Quare
2029 5238 2210 5292 subdi-

629 5332 802 5373 torum
863 5324 1070 5376 cessisti
1129 5326 1396 5382 consilio?
1456 5326 1709 5397 Praefecti
1743 5346 1956 5383 eramus
2001 5339 2057 5382 ut
2092 5331 2209 5385 ani-

628 5415 901 5466 mantibus
970 5414 1138 5468 brutis
1199 5419 1613 5487 imperaremus,
1679 5436 1785 5474 non
1836 5437 2021 5474 earum
2072 5422 2210 5481 iussi

628 5505 850 5572 imperio
879 5519 1066 5571 parere
1088 5522 1106 5559 :
1138 5516 1195 5560 ut
1236 5524 1421 5561 earum
1468 5511 1763 5578 potiremur
1792 5511 2049 5578 dominio,
2103 5503 2220 5568 non

630 5606 685 5649 ut
714 5595 822 5649 illa:
855 5607 1057 5651 nostro.
1090 5596 1133 5653 0
1155 5599 1541 5668 deprecandam
1588 5620 1651 5656 ac
1706 5605 1912 5657 tristem
1954 5605 2212 5660 mutatio-

629 5685 789 5741 nem!
827 5685 932 5749 Qui
958 5688 1163 5757 imperii
1200 5690 1458 5759 dignitate
1489 5691 1795 5745 honestatus
1820 5710 1989 5759 eram,
2025 5694 2211 5749 subdi-

634 5779 700 5833 tis
727 5776 1090 5835 inhonoratior
1122 5781 1342 5836 exsisto.
1393 5782 1499 5847 Qui
1542 5784 1741 5852 regiam
1770 5792 2080 5841 potestatem
2121 5787 2209 5841 in-

2312 4612 2386 4663 οὑ
2447 4609 2795 4675 auter-decc;
2823 4608 2950 4676 πῶς
2981 4610 3053 4663 ἐν
3077 4609 3311 4681 γλώττῃ
3352 4613 3461 4665 τὸν
3509 4613 3778 4667 θάνατον
3838 4617 3916 4670 οὐ

2311 4698 2621 4765 συνεώρας
2668 4700 3114 4765 ,βαστάζουσα;
3160 4701 3224 4754 Τί
3272 4702 3339 4755 τὸ
3390 4702 3663 4771 χαλεπὸν
3725 4704 3919 4759 τοῦτο

2310 4791 2645 4859 ἐποίησας;
2678 4792 2887 4861 οἶμοιί
2916 4791 2998 4860 ἣν
3020 4793 3257 4861 ,βοηθὸν
3300 4792 3605 4863 ἐδεξάμην
3627 4834 3642 4860 ,
3672 4797 3920 4863 ταύτην

2310 4884 2642 4938 ἐπίϐουλον
2669 4880 2852 4952 εὗρον
2874 4899 2890 4915 ⁸
2916 4882 2998 4953 ἥν
3024 4889 3328 4955 συνεργὸν
3356 4885 3612 4955 ἤλπιζον
3649 4887 3725 4941 ἐν
3782 4890 3922 4955 τοῖς

2312 4976 2547 5041 καλοῖς,
2580 4977 2816 5045 ταύτην
2842 4975 2963 5031 τῶν
3008 4979 3304 5032 ἐναντίων
3363 4980 3663 5047 πρόξενον
3726 4998 3927 5036 κατα-

2313 5063 2462 5119 νοῶ.
2493 5066 2565 5120 Τὸ
2598 5065 2747 5135 ἐμὸν
2779 5068 2989 5135 μέλος,
3014 5069 3394 5137 ἀναιρετικὸν
3426 5070 3635 5137 βέλος.
3711 5071 3786 5126 Ἦ
3830 5078 3926 5140 εἰς

2310 5151 2604 5217 βοήθειαν
2643 5152 3112 5223 συνεζευγμένη,
3152 5156 3454 5210 συνωθεῖν
3502 5156 3919 5226 ἐμελέτησας.

2322 5244 2383 5295 Ti
2406 5243 2517 5310 γὰρ
2556 5240 2636 5307 τῷ
2669 5242 2801 5313 ὄφει
2829 5245 3115 5310 casiam};
3147 5248 3204 5299 τί
3233 5246 3439 5316 δὲτὴν
3478 5248 3604 5314 σὴν
3653 5248 3925 5317 ἐγκατα-

2315 5334 2588 5401 λείψασα
2610 5333 2908 5402 κεφαλὴν,
2941 5334 3224 5404 περιῆγες
3247 5339 3631 5405 πλανωμένη,
3664 5339 3771 5392 καί
3806 5340 3929 5393 τὸν

2318 5425 2571 5492 ὄλεθρον
2598 5426 3018 5496 ἐπεισάγουσα
3048 5445 3063 5494 ;
3097 5428 3255 5484 ὃιατί
3283 5429 3359 5499 τῇ
3398 5429 3517 5485 τῶν
3548 5433 3930 5501 ὑποχειρίων

2322 5515 2578 5582 ὑπεῖξας
2618 5517 2975 5587 συμϐουλῇ;
3010 5519 3255 5588 ’Λρχειν
3317 5522 3547 5577 τούτων
3583 5523 3929 5591 ὲτέθημεν.

2311 5607 2399 5677 μὴ
2439 5607 2731 5677 ἄρχεσθαι
2774 5611 2878 5664 ὑπ’
2926 5608 3128 5665 αὐτῶν
3174 5612 3634 5684 προσετάγημεν
3658 5630 3672 5643 ⁸
3731 5614 3935 5679 ,ϐασι-

2316 5700 2522 5754 λεύειν
2557 5700 2759 5755 αὐτῶν
2792 5718 2805 5732 ·
2834 5701 2920 5770 μὴ
2946 5703 3057 5772 γὰρ
3085 5703 3531 5769 ,ϐασιλεύεσθαι
3568 5705 3930 5761 ὑπἀῠτῶν.

2324 5793 2394 5847 ’Ὠ
2427 5793 2537 5863 τῆς
2565 5794 2939 5862 ἀπευκταίας
2965 5795 3310 5867 μεταϐολῆς
3333 5797 3354 5850 ί
3381 5797 3444 5852 '0
3473 5797 3554 5865 τῷ
3580 5794 3688 5867 τῆς
3719 5797 3936 5869 ἀρχῆς
