4104 6436
312 382 417 451 531

1134 379 1430 440 ORATIO
1470 378 1550 439 IN
1592 374 2121 441 NATIVITATEM
2159 373 2266 435 SS.
2295 374 2673 436 DEIPAIUE.

3492 375 3599 442 552

314 491 705 566 τετιμημένος
725 492 1038 562 ἀξιώματι,
1084 489 1224 545 τῶν-⁸
1243 490 1595 559 ἀρχομένων
1642 488 1907 558 ἀτιμότε-

2021 486 2179 538 dutus
2204 500 2374 550 eram,
2399 486 2651 554 pelticeas
2707 482 2915 537 tunicas
2965 482 3138 537 indui.
3177 481 3283 549 Qui
3304 484 3440 540 velut
3470 503 3602 556 pur-

303 603 438 660 ρος.
503 584 568 637 '0
619 582 739 649 τὴν
777 583 1108 648 βασίλειον
1187 581 1702 650 περιϐαλλόμενος
1742 579 1909 644 ἐξου-

308 674 480 738 σίαν,
511 673 657 738 τοὺς
684 672 1087 741 δερματίνους
1142 671 1569 740 περιϐέϐλημαι
1627 669 1905 739 χιτῶνας.

322 766 388 817 Ὀ
413 761 685 832 καθάπερ
709 762 1036 833 πορφυρίδι
1060 760 1133 830 τῇ
1172 760 1281 815 τοῦ
1329 760 1457 814 κατ’
1505 762 1712 816 εἰκόνα
1760 777 1910 830 σεμ-

313 857 658 925 νυνόμενος
704 855 1042 924 ὠραιότητι,
1094 852 1169 922 τῇ
1223 855 1488 924 αίσχύνῃ
1535 857 1912 923 καλύπτομαι

313 948 433 1016 τῆς
457 947 798 1017 παρακοῆς.
832 948 894 1000 Ὢ
932 945 1164 1015 πικρῶν
1181 945 1470 1015 ῥημάτων
1492 945 1611 1001 τῶν
1628 946 1910 1013 διακονη-

312 1040 604 1108 σαμένων
651 1039 896 1109 φθόνῳί
924 1041 992 1093 Ὢ
1046 1039 1398 1105 βασκανίας
1446 1039 1557 1107 τῆς
1603 1039 1912 1104 τοσαύτην

309 1130 820 1198 ἀποσλεεησάσης
852 1130 1063 1194 δόξαν,
1085 1131 1196 1200 τῆς
1232 1131 1348 1199 τὴν
1372 1129 1527 1200 ἐμὴν
1548 1130 1912 1198 εὐπρέπειαν

309 1223 776 1293 περιελούσηςί
818 1223 873 1274 '0
905 1222 1337 1290 ἐνπαραδείσῳ
1379 1220 1782 1290 διαιτώμενος,
1840 1221 1911 1273 ἐν

308 1317 577 1385 ἐργασίᾳ
653 1315 1159 1385 ταλαιπωροῦμαι.
1237 1315 1302 1369 '0
1358 1316 1699 1384 παρρησίας
1757 1313 1908 1368 ἀπο-

308 1410 565 1473 λαύων,
628 1406 701 1460 ἐν
755 1408 1049 1476 κατηφείᾳ
1110 1406 1386 1461 διατελῶ.
1477 1407 1538 1461 Τί
1612 1406 1907 1469 πέπονθα,

308 1502 345 1553 ὁ
388 1498 794 1567 περίϐλεπτος
838 1495 914 1567 τῇ
972 1498 1167 1552 κτίσει
1189 1537 1204 1559 .
1262 1498 1716 1565 πολυθρήνητος
1772 1497 1912 1550 ταύ-

307 1610 421 1660 τῃξ
472 1589 603 1658 πῶς
662 1590 794 1645 κατ’
841 1590 1104 1661 ἐμαυτοῦ
1148 1589 1214 1643 τὸ
1278 1589 1458 1659 ξίφος
1498 1587 1740 1654 dignate;
1782 1586 1913 1654 πῶς

308 1684 511 1752 vinela
588 1681 757 1751 δεξιᾷ
828 1684 937 1736 τὸν
1005 1682 1269 1737 θάνατον
1328 1682 1787 1751 ἀπεσπασὰμην
1842 1679 1907 1753 [f.

310 1774 519 1848 ἐπεσ.]
547 1777 655 1841 ςὮ
696 1775 808 1843 τῆς
850 1775 959 1829 τοῦ
1005 1776 1234 1845 φθόνου
1288 1772 1548 1843 φονικῆς
1598 1774 1911 1842 ἐπηρείας]

2011 592 2148 641 pura
2186 579 2438 646 imaginis
2489 579 2677 631 decore
2719 576 3057 641 honestabar,
3103 578 3471 633 inobedientia:
3500 594 3603 647 pu-

2010 667 2138 719 dore
2162 669 2391 735 operior.
2438 665 2484 721 Ο
2524 665 2937 733 amara_verba,
2995 683 3114 735 quin
3162 667 3377 722 invidia:
3404 672 3601 723 servie-

2012 759 2178 812 runt!
2207 759 2251 814 0
2279 759 2518 822 livorem,
2550 760 2810 829 ingentem
2837 758 2968 812 adeo
3003 758 3229 828 gloriam
3258 761 3594 829 pradatum;

2011 854 2199 924 quique
2221 853 2458 907 decorem
2495 853 2716 907 abstulit
2756 867 2925 905 meum
2948 851 2970 903 ί
3000 852 3103 916 Qui
3134 852 3299 906 vitam
3341 853 3394 906 in
3427 868 3595 923 para~

2011 947 2128 1001 diso
2185 946 2445 1018 agebam,
2502 945 2770 1014 cperando
2835 946 3090 1000 aerumnis
3140 947 3416 1022 conficior.
3490 946 3597 1012 Qui

2014 1039 2255 1093 libertate
2276 1038 2538 1109 patiebar,
2572 1040 2741 1093 tristis
2764 1055 2827 1092 ac
2850 1036 3102 1107 confusus
3134 1055 3255 1108 ago.
3285 1039 3427 1103 Quid
3465 1040 3596 1092 mihi

2011 1129 2108 1183 hoc
2135 1130 2329 1183 accidit
2354 1130 2375 1182 .'
2404 1129 2508 1195 Qui
2538 1132 2832 1194 creatis,ac
2855 1140 3062 1184 natura:
3085 1116 3596 1200 spectabilis,eidem

2010 1221 2277 1291 impendio
2316 1222 2702 1276 lamentabilis.
2756 1220 3032 1287 Quomodo
3056 1223 3109 1275 in
3149 1238 3231 1275 me
3278 1222 3388 1288 ipse
3412 1223 3601 1291 impuli

2008 1312 2284 1382 gladium?
2329 1315 2606 1378 Quomodo
2657 1330 2773 1367 mea
2823 1315 2933 1383 ipse
2984 1329 3153 1366 manu.
3186 1324 3408 1367 mortem
3470 1316 3601 1367 mihi

2013 1406 2177 1459 ascivi
2204 1405 2228 1458 ?
2258 1404 2302 1461 Ο
2337 1407 2555 1459 invidia:
2601 1406 2869 1460 crudelem
2920 1407 3154 1459 noxam!
3187 1405 3233 1461 0
3271 1406 3600 1475 insperatam

2011 1496 2398 1551 mutationem!
2430 1497 2508 1550 Ab
2531 1499 2943 1565 eauperantibus
2971 1499 3196 1563 divitiis,
3228 1499 3283 1552 in
3305 1511 3597 1553 extremam

2010 1589 2244 1659 dejectus
2268 1606 2387 1644 sum
2409 1601 2818 1659 paupertatem;
2849 1608 2880 1644 a
2916 1591 3062 1660 regni
3099 1601 3267 1656 statu,
3302 1592 3371 1645 ad
3407 1592 3595 1660 priva-

2013 1691 2123 1735 tam
2170 1693 2390 1737 sortem.
2447 1681 2553 1737 Ille
2601 1698 2695 1752 ego
2725 1684 2991 1747 sublimis,
3049 1684 3304 1749 subjectis
3360 1685 3600 1738 omnibus

2011 1774 2267 1828 Immilior
2295 1791 2413 1829 sum
2439 1789 2458 1838 ;
2489 1775 2743 1829 terribilis
2773 1775 2881 1841 ille,
2910 1775 3250 1829 meticulosus
3268 1793 3287 1842 ;
3318 1775 3600 1846 inglorius,

315 1869 384 1920 Ὠ
404 1867 786 1921 ἀνελπίστου
796 1864 1165 1935 μεταϐολῆς]
1179 1866 1280 1919 Ἐκ
1298 1865 1404 1918 τοῦ
1422 1864 1797 1932 ὑπερϐάλλον
1806 1882 1908 1933 τος

2021 1868 2105 1936 qui
2137 1866 2395 1934 prwclare
2424 1868 2597 1937 gloria
2628 1867 2807 1921 clarus
2839 1884 3003 1925 eram.
3027 1866 3079 1920 Ν
3087 1884 3185 1921 unc
3213 1868 3339 1922 mihi
3364 1868 3602 1938 volupras

314 1958 692 2024 πλούτουείς
739 1958 1199 2026 ὑπεραίρουσαν
1234 1958 1620 2025 κατηνέχθην
1657 1957 1906 2011 πενίαν’

315 2052 381 2103 ἐκ
403 2050 747 2116 ,ϐασιλείας
775 2052 866 2117 είς
889 2049 1203 2107 ἰδιωτείαν.
1253 2051 1307 2102 ’0
1342 2051 1583 2120 ὑψηλὸς
1612 2050 1738 2117 τοῖς
1762 2053 1906 2103 ὐπο-

322 2140 739 2209 secantes-occ,
772 2141 1194 2209 ταπεινότερος
1219 2141 1504 2197 ἁπάντων
1535 2158 1550 2173 ·
1574 2145 1607 2196 ό
1633 2143 1908 2211 φοϐερὸς,

319 2234 653 2303 περίφοϐος
683 2251 701 2266 ο
734 2235 954 2301 ἄδοξος
989 2238 1022 2290 ό
1042 2236 1114 2291 ἐν
1143 2234 1409 2304 εὐδοξίᾳ.
1464 2234 1751 2304 Περιέστη
1808 2253 1917 2304 μοι

318 2324 440 2379 νῦν
472 2326 512 2395 ἠ
544 2325 659 2395 τῆς
695 2325 927 2397 τρυφῆς
973 2327 1323 2393 ἀπόλαυσις
1377 2330 1466 2393 είς
1518 2331 1913 2399 πολύμοχθον

319 2419 638 2487 ἐργασίαν,
673 2420 772 2474 καὶ
802 2422 835 2474 ό
869 2418 945 2490 τῇ
994 2419 1190 2491 χάριτι
1255 2422 1663 2489 πιαινόμενος,
1713 2422 1912 2491 ἱδρῶτι

323 2512 709 2582 περιρῤἐομαι
732 2530 745 2544 ·
775 2517 809 2569 ό
835 2512 911 2584 τῇ
958 2514 1111 2583 δόξῃ
1144 2514 1599 2584 ἐστολισμένος,
1653 2519 1909 2587 γυμνός⁸

321 2603 561 2672 ἄτιμος,
592 2606 628 2657 ό
680 2603 1070 2675 τετιμημένος
1102 2619 1117 2634 ⁸
1152 2602 1465 2672 ἐξόριστος
1507 2608 1540 2658 ό
1593 2605 1910 2670 βασιλεύς.

324 2695 452 2749 Ποῦ
482 2708 633 2750 ποτε
653 2691 756 2767 ἧς,
778 2696 818 2764 ἡ
847 2696 1114 2766 μακαριά
1140 2694 1400 2766 διαγωγή
1436 2696 1596 2761 ;ποῦ
1621 2698 1658 2765 ἡ
1689 2697 1916 2751 ἀνώλε-

333 2787 475 2851 θρος
496 2787 690 2856 τρυφή
719 2785 878 2850 ;ποῦ
906 2789 944 2856 ἡ
977 2786 1286 2852 ἀνώδυνος
1309 2786 1577 2856 διατριϐή
1601 2802 1620 2848 ,'
1641 2787 1767 2853 πῶς
1806 2788 1915 2841 τὸν

340 2876 464 2930 σον
490 2879 875 2948 ἀπεσυλήθης
899 2881 1163 2950 φύλακα,
1196 2878 1243 2933 ὦ
1269 2878 1598 2949 παράδεισε
1624 2879 1762 2944 θεῖε,
1813 2879 1913 2933 καὶ

332 2962 533 3034 χῶρος
559 2968 741 3037 ἅγιος,
765 2969 866 3023 καὶ
889 2968 1140 3038 ποθεινὴ
1170 2969 1521 3034 ἀπόλαυσις
1552 2985 1572 3035 ;
1603 2967 1790 3036 Δεῦρό
1809 2985 1914 3038 μοι

332 3057 718 3126 τὸν“θρῆνον
776 3061 1292 3129 συνερανίσασθε.
1366 3061 1829 3131 Συμπένθησον,
1874 3063 1913 3132 ἡ

2012 1967 2170 2027 atque
2197 1958 2421 2019 deliciar,
2442 1959 2498 2012 in
2524 1959 2802 2013 molestum
2831 1961 3001 2028 operis
3033 1961 3266 2014 laborem
3300 1970 3600 2025 cesserunt;

2011 2048 2201 2118 quique
2220 2052 2396 2118 gratia
2424 2053 2784 2120 impinguatus
2798 2067 2961 2113 eram,
2984 2052 3328 2121 undequaque
3346 2052 3600 2121 lacrymis

2013 2142 2215 2213 diﬂluo.
2255 2143 2360 2208 Qui
2406 2145 2588 2214 gloria
2624 2145 2866 2210 indutus,
2898 2145 3070 2199 nudus
3101 2162 3221 2215 ago.
3255 2145 3379 2200 Sine
3404 2148 3600 2215 gloria,

2014 2236 2103 2305 qui
2128 2235 2324 2290 honore
2354 2248 2579 2304 auctus;
2602 2238 2772 2299 exsul.
2795 2239 2885 2308 qui
2912 2254 3069 2309 regno
3088 2238 3346 2308 patiebar.
3375 2238 3603 2293 Ubinam

2017 2328 2231 2382 tandem
2265 2347 2389 2394 es,o
2412 2337 2568 2385 beata
2629 2333 2786 2387 vita?
2823 2330 2922 2386 Ubi
2980 2331 3223 2398 voluptas
3248 2331 3602 2385 immortalis?

2021 2422 2121 2478 Ubi
2170 2423 2466 2478 demoratio
2517 2426 2722 2480 doloris
2770 2442 2951 2493 expers
2981 2427 3006 2480 1°
3038 2424 3315 2491 Quomodo
3352 2432 3475 2478 tuus
3507 2424 3601 2477 tibi

2016 2526 2192 2570 custos
2224 2518 2438 2570 ablatus
2457 2526 2556 2582 est,
2587 2533 2616 2570 ο
2645 2516 2910 2587 paradise
2928 2517 3122 2580 divine,
3149 2525 3439 2586 sanctaque
3460 2516 3603 2584 regio

2017 2625 2080 2662 ac
2102 2613 2362 2678 possessio
2392 2611 2803 2667 desiderabilis!
2838 2608 3036 2678 Venite,
3054 2625 3162 2663 una
3186 2625 3385 2663 mecum
3400 2608 3604 2661 luctum

2015 2701 2268 2769 conferte.
2303 2700 2517 2755 Pariter
2561 2701 2780 2769 deploro
2815 2702 3060 2754 universa
3112 2708 3253 2753 terra
3279 2699 3419 2768 quod
3455 2707 3604 2751 tuan:

2017 2809 2275 2847 coronam
2299 2795 2582 2858 amiseris;
2615 2795 2753 2863 quod
2808 2803 3065 2865 tyrannus
3093 2807 3262 2860 regem
3295 2800 3445 2843 tuum
3479 2789 3606 2843 dolo

2016 2885 2304 2951 devicerit;
2340 2886 2478 2955 quod
2518 2886 2657 2940 latro
2699 2902 2839 2949 eum,
2885 2884 3097 2954 fraude,
3134 2881 3385 2952 originali
3418 2881 3604 2933 decore

2016 2977 2244 3032 exuerit.
2280 2975 2527 3040 Domine,
2559 2976 2798 3031 Domine.
2832 2976 3015 3046 justus
3046 2992 3124 3040 es,
3149 2982 3199 3029 et
3237 2970 3604 3026 misericordia

2017 3068 2261 3121 maxima
2311 3069 2525 3137 plenum
2581 3067 2854 3137 judicium
2898 3065 3043 3119 istud
3092 3077 3278 3128 tuum,
3349 3074 3604 3132 tanquam

323 3147 593 3218 ἐπίγειος
626 3152 835 3207 ἅπασα
875 3154 1093 3218 κτίσις,
1127 3153 1216 3207 ὅτι
1258 3153 1366 3207 τὸν
1419 3155 1538 3206 σὸν
1604 3153 1915 3222 ἀφῄρησαι

2021 3161 2300 3215 clementia
2361 3162 2533 3216 multa
2596 3171 3064 3230 contemperatum.
3127 3159 3234 3213 Nec
3288 3158 3426 3212 enim
3506 3172 3603 3225 pro

322 3238 642 3308 στέφανον
669 3257 681 3269 ’
725 3242 815 3297 ὅτι
859 3243 1019 3310 δόλῳ
1056 3246 1164 3298 τὸν
1196 3246 1464 3309 βασιλέα
1493 3262 1609 3302 σου
1637 3251 1669 3301 ὀ
1701 3250 1919 3317 τύραν-

2021 3253 2335 3306 meritorum
2362 3254 2571 3307 ratione
2601 3269 2695 3322 ego
2743 3253 2936 3322 punior
2970 3267 2989 3305 :
3029 3267 3132 3305 non
3172 3267 3304 3320 quas
3344 3264 3441 3321 par
3470 3258 3604 3303 esset

324 3348 433 3398 νος
467 3332 868 3402 ἐχειρώσατο·
907 3335 1107 3407 ἀπάτῃ
1139 3336 1256 3404 τὴν
1283 3339 1547 3407 ἀρχικὴν
1600 3341 1633 3393 ὁ
1677 3339 1920 3409 λῃστὴς

325 3424 719 3488 ἀπεξέδυσεν
749 3426 1103 3496 ὡραιότητα.
1134 3430 1332 3498 Κύριε,
1360 3431 1561 3498 Κύριε,
1583 3430 1816 3497 δίκαιος
1843 3428 1917 3500 εἳ,

295 3514 429 3578 ,καὶ
462 3515 1067 3583 οίκτιρμονικώτατόν
1092 3517 1228 3571 ἐστι
1260 3518 1328 3571 τὸ
1346 3519 1528 3587 κρῖμά
1565 3534 1681 3575 σου
1717 3521 1917 3588 τοῦτο,

324 3603 406 3669 ὡς
432 3602 647 3673 πολλῆ
675 3606 1172 3677 συγκεκραμένον
1200 3608 1640 3677 φιλανθρωπίᾳ.
1705 3611 1786 3664 Οὐ
1811 3610 1921 3680 γὰρ

2017 3361 2196 3413 penus
2231 3344 2355 3411 luo,
2397 3346 2489 3399 sed
2512 3362 2630 3414 qua:
2658 3346 2887 3398 multum
2926 3344 3122 3405 absint,
3153 3350 3211 3396 ut
3241 3342 3403 3412 a'quis
3434 3340 3610 3397 ratio-

2021 3439 2172 3493 nibus
2201 3440 2408 3491 meritis
2453 3438 2823 3506 respmrdeant.
2859 3435 3185 3490 Immensum
3219 3434 3361 3488 enim
3397 3432 3608 3486 miseri-

2018 3526 2257 3579 cordiam
2276 3526 2488 3595 judicio
2520 3527 2847 3595 temperasti.
2882 3523 3160 3580 Summam
3189 3528 3477 3595 quamdam
3504 3519 3610 3576 mei

2019 3630 2228 3680 curam,
2252 3618 2343 3687 qui
2368 3616 2535 3670 Deum
2561 3616 2904 3685 oﬁ‘enderam.
2938 3617 3116 3687 egisti.

331 3702 445 3768 τὴν
475 3701 610 3756 κατ’
646 3703 832 3768 ἀξίαν
901 3702 1017 3772 ἐγὼ
1067 3702 1246 3771 δίκην
1295 3703 1731 3774 εἰσπράττομαι
1758 3721 1772 3736 ο
1816 3707 1960 3760 οὐδὲ
1995 3708 2112 3779 τὴν
2165 3710 2608 3780 προσήκουσαν
2664 3712 2953 3785 τιμωρίαν
3025 3709 3391 3779 ἀποδίδωμι·
3445 3709 3611 3765 ἀλλὰ

328 3797 495 3851 πολὺ
526 3796 654 3851 τῶν
709 3797 1122 3867 ὀφειλομένων
1168 3796 1581 3851 ἀποδέουσαν.
1652 3799 1939 3868 Ἄπειρον
2004 3807 2117 3873 γὰρ
2153 3803 2230 3875 τῇ
2288 3805 2485 3873 κρίσει
2519 3803 2587 3857 τὸ
2622 3803 2798 3869 ἕλεος
2845 3803 3148 3872 ἐκέρασας
3178 3819 3192 3834 ·
3246 3802 3613 3858 ἀνείκαστον

330 3895 467 3963 περὶ
499 3891 609 3960 ἐμὲ
631 3892 742 3944 τὸν
760 3892 1084 3945 ἐπταικότα
1097 3891 1214 3958 τὴν
1232 3892 1600 3961 κηδεμονίαν
1612 3893 1918 3958 ἐπεδείξω.

406 3986 463 4043 I'.
504 3986 675 4041 Ἔδει
719 3979 854 4053 οὖν,
887 3985 934 4038 ὦ
962 3984 1256 4050 Δέσποτα,
1286 3984 1373 4054 μὴ
1404 3988 1598 4054 μόνον
1631 3987 1817 4055 ταύτῃ
1850 4002 1927 4055 με

333 4079 410 4150 τῇ
431 4080 686 4144 ἀποικίᾳ
707 4076 1246 4146 καταδικασθῆναι,
1274 4078 1437 4132 ἀλλὰ
1466 4075 1565 4131 καὶ
1593 4078 1662 4130 ἐκ
1691 4076 1928 4145 προσώ-

332 4186 456 4225 που
510 4168 724 4235 πάσης
782 4164 892 4235 τῆς
964 4164 1076 4236 γῆς
1141 4169 1323 4232 εὐθὺς
1375 4165 1789 4236 ἀφανισθῆναι
1848 4164 1929 4230 τῷ

331 4259 713 4329 προσήκοντι
741 4259 919 4328 λόγῳ.
954 4259 1037 4310 Δι’
1065 4258 1408 4328 ἀγαθότητα
1453 4259 1562 4325 γὰρ
1605 4258 1805 4327 μόνην
1859 4258 1928 4313 ἐκ

330 4349 419 4420 μὴ
443 4351 638 4403 ὄντων
650 4351 740 4414 είς
756 4347 821 4401 τὸ
841 4343 999 4402 εἷναί
1020 4363 1097 4415 με
1112 4349 1473 4417 παρήγαγες.
1505 4347 1518 4367 ⁸
1533 4347 1685 4423 Υπὲρ
1715 4346 1924 4405 πᾶσαν

2098 3979 2168 4034 Χ.
2206 3979 2497 4050 Oportebat
2535 3997 2680 4050 ergo,
2731 3997 2761 4033 ο
2819 3981 3062 4044 Domine.
3091 3991 3151 4035 ut
3201 3982 3392 4036 nedum
3417 3987 3609 4041 exsilio

2026 4072 2123 4126 hoc
2178 4072 2486 4133 damnarer,
2523 4088 2701 4127 verum
2733 4072 2897 4127 etiam
2949 4082 3006 4126 ut
3042 4074 3227 4127 statim
3267 4091 3299 4126 ιι
3327 4074 3466 4143 facie
3484 4078 3611 4131 uni-

2026 4181 2189 4219 versa:
2257 4176 2413 4219 terra:
2477 4166 2882 4227 exterminarer,
2925 4166 3077 4235 justa
3120 4167 3332 4237 quidem
3380 4169 3606 4224 ratione.

2024 4254 2155 4311 Sola
2197 4259 2339 4310 enim
2390 4256 2622 4310 bonitate
2652 4272 2718 4310 ex
2747 4257 2912 4310 nihilo
2962 4256 3325 4326 produxeras;
3375 4262 3613 4314 terrestri

2032 4349 2176 4401 omni
2207 4360 2403 4401 natura
2453 4348 2802 4416 amplioribus
2844 4349 3130 4404 honoribus
3167 4366 3447 4417 auxeras;
3489 4354 3612 4405 ani-

332 4441 454 4510 τὴν
467 4443 738 4509 ἐπίγειον
766 4440 1055 4509 ἐτίμησας
1088 4441 1308 4494 κτίσιν.
1343 4439 1560 4511 Ψυχὴν
1577 4458 1679 4510 μοι
1702 4444 1924 4509 νεαρὰν

2032 4458 2175 4496 mam
2200 4442 2495 4496 intellectus
2523 4442 2781 4510 facultate
2811 4445 3094 4511 prtvditam
3135 4443 3261 4498 mihi
3291 4460 3564 4499 creaveras
3593 4462 3612 4510 ;

333 4535 841 4604 ἐδημιούργησας.
880 4534 1051 4602 Λόγῳ
1088 4532 1446 4602 προέκρινας
1474 4551 1488 4564 ⁸
1522 4534 1712 4601 σοφίᾳ
1752 4549 1924 4587 κατε-

334 4629 665 4695 κόσμησας
698 4641 712 4655 ·
739 4625 837 4679 καὶ
871 4623 1054 4679 οὐδὲν
1082 4624 1234 4692 ὑπὲρ
1267 4626 1497 4678 τούτων
1524 4624 1811 4678 ἀπάντων
1839 4627 1929 4691 είς

334 4716 683 4785 ἀπολογίαν
735 4716 939 4785 ἔχοντι
991 4713 1460 4785 προϐάλλεσθαι,
1510 4714 1789 4784 μειζόνως
1844 4715 1927 4770 σὺ

335 4812 449 4877 τὰς
510 4809 736 4879 δωρεὰς
788 4806 1169 4876 ἐπηύξησας.
1239 4808 1379 4861 Κατ’
1411 4808 1618 4862 εἰκόνα
1665 4807 1792 4876 σὴν
1829 4808 1931 4862 καὶ

337 4902 637 4974 ὁμοίωσιν
658 4900 1136 4964 κατεσκεύασας.
1173 4900 1473 4968 Ἄρχοντα
1511 4898 1612 4952 καὶ
1659 4898 1931 4963 βασιλέα

337 4997 462 5050 τῶν
508 4994 612 5049 ἐπὶ
663 4991 774 5065 γῆς
832 4990 1233 5059 ἀνεκήρυξας.
1264 4991 1467 5045 Πάντα
1515 4989 1591 5060 τῇ
1630 4992 1782 5060 χειρί
1809 5008 1929 5060 μου

336 5086 797 5152 καθυπέταξας,
835 5084 934 5140 καὶ
978 5083 1054 5152 τῇ
1096 5084 1594 5150 αὑτεξουσιότητι
1647 5081 1763 5152 τὴν
1810 5083 1932 5136 τῶν

338 5180 665 5253 πρακτέων
714 5179 983 5247 ἐκλογὴν
1037 5177 1450 5247 ἐγκατέλιπες.
1498 5175 1622 5230 Τῶν
1667 5176 1933 5244 ἀπείρων

339 5277 561 5329 τοίνυν
585 5273 814 5326 τούτων
836 5267 1095 5339 ἀγαθῶν,
1131 5269 1232 5324 καὶ
1281 5267 1392 5338 τῆς
1413 5266 1647 5336 ἀφάτου
1677 5268 1932 5338 κηδεμο-

337 5369 477 5435 νίας
488 5363 934 5436 ἀμνημονήσας
948 5361 1084 5432 ἐγὼ,
1102 5361 1168 5416 τὸ
1186 5361 1527 5430 ἀνεπαχθὲς
1542 5359 1654 5430 τῆς
1671 5360 1932 5430 ἐντολῆς

341 5475 464 5513 σου
495 5456 812 5524 παρέϐην’
850 5452 1143 5525 ἀγνώμων
1171 5453 1306 5521 περὶ
1348 5452 1425 5506 σὲ
1460 5452 1570 5507 τὸν
1611 5453 1934 5524 εὐεργέτην

341 5551 646 5620 ἐγενόμην
672 5564 687 5579 ο
736 5547 1101 5617 παρήκουσα
1164 5547 1273 5600 τοῦ
1336 5546 1637 5612 σωτηρίου
1693 5549 1884 5616 νόμου
1913 5564 1927 5579 ⁸

344 5642 611 5713 ἐμαυτοῦ
640 5640 751 5695 τὸν
792 5640 1047 5707 ὄλεθρον
1097 5638 1636 5707 περιεποιησάμην,
1687 5638 1788 5693 καὶ
1835 5637 1936 5692 διὰ

345 5736 523 5803 τοῦτο
574 5733 710 5791 κατ’
766 5731 1031 5804 ἐμαυτοῦ
1089 5731 1205 5797 τὴν
1257 5730 1469 5800 ψῆφον
1518 5728 1715 5799 ἐξάγω
1742 5745 1758 5760 ο
1804 5730 1935 5783 κατ’

345 5830 609 5901 ἐμαυτοῦ
639 5826 759 5899 τὴν
781 5824 1122 5895 ἀποτομίαν
1151 5825 1580 5895 ἀποφαίνομαι.
1605 5819 1826 5885 Μεῖζον
1865 5822 1935 5876 τὸ

2028 4535 2252 4586 rationis
2278 4534 2547 4604 privilegio
2562 4533 2888 4598 donnverns;
2912 4534 3175 4601 sapientia
3190 4550 3568 4603 perornaveras
3591 4551 3610 4590 :

2029 4641 2252 4695 cumque
2300 4626 2435 4679 nihil
2480 4634 2798 4696 suppeteret,
2842 4626 2981 4695 quod
3033 4643 3129 4695 pro
3182 4628 3248 4680 iis
3291 4628 3611 4697 defensionis

2033 4720 2189 4774 titulo
2223 4721 2460 4789 proferre
2500 4736 2730 4789 possent,
2777 4719 3037 4788 majorem
3072 4730 3129 4772 tu
3152 4721 3209 4772 in
3248 4720 3462 4773 modum
3489 4736 3612 4773 mu-

2030 4828 2160 4866 nera
2180 4828 2434 4868 auxeras.
2462 4811 2547 4865 Ad
2594 4812 2880 4880 imaginem
2933 4819 3080 4864 tuam
3127 4822 3176 4862 et
3209 4796 3614 4864 similitudinem

2032 4905 2237 4975 feceras
2255 4920 2273 4969 ,'
2291 4904 2579 4973 principem
2608 4917 2672 4956 ac
2719 4919 2912 4972 regem,
2937 4918 3121 4956 eorum
3149 4917 3264 4969 qua
3290 4912 3412 4956 sunt
3457 4918 3617 4972 super

2041 5003 2261 5056 terram,
2289 5008 2563 5047 creaveras
2585 5008 2605 5057 ,'
2657 4995 2835 5047 omnia
2871 4992 2999 5045 mihi
3023 4993 3077 5045 in
3104 5008 3264 5045 manu
3292 4991 3613 5061 subjeceras,

2036 5086 2302 5156 liberoque
2341 5085 2563 5139 arbitrio
2610 5084 2932 5154 agendorum
2958 5083 3262 5137 electionem
3300 5083 3614 5154 reliqueras.

2034 5176 2422 5231 lmmensorum
2461 5175 2637 5243 itaque
2671 5175 2858 5227 horum
2892 5174 3147 5228 bonorum
3187 5174 3465 5229 immemor
3499 5191 3616 5246 ego,

2034 5267 2349 5321 mandatum
2409 5264 2545 5319 nihil
2587 5282 2741 5336 grave
2795 5275 3156 5336 transgressus
3217 5283 3355 5320 sum.
3412 5265 3618 5322 Factus

2036 5374 2155 5413 sum
2228 5359 2283 5412 in
2354 5367 2402 5412 te
2486 5359 2797 5427 beneﬁcum,
2849 5360 3093 5429 ingratus
3126 5375 3147 5414 :
3183 5359 3486 5415 inobediens
3536 5360 3616 5429 fui

2036 5451 2266 5505 salutari
2293 5459 2397 5505 tua:
2420 5450 2545 5523 legi.
2582 5451 2718 5506 Mihi
2747 5452 2851 5519 ipsi
2878 5452 3152 5506 interitum
3181 5454 3435 5517 conscivi,
3457 5468 3618 5522 eoque

2037 5543 2389 5597 adversusme
2428 5543 2539 5610 ipse
2569 5544 2883 5597 sententiam
2934 5543 3168 5613 profero.
3211 5543 3506 5596 Adversum
3537 5556 3617 5595 me

2029 5636 2295 5705 judicium
2334 5635 2527 5690 durum
2587 5638 2892 5707 pronuntio.
2984 5635 3167 5705 Hujus
3221 5645 3297 5689 est
3341 5640 3615 5703 peccatum

2040 5745 2213 5783 meum
2255 5728 2621 5786 retributione.
2672 5728 2939 5800 Deﬁciunt
2978 5743 3142 5798 paena:
3181 5744 3213 5780 a
3244 5726 3518 5794 condigna,
3553 5739 3615 5774 ac

2037 5837 2157 5892 quis
2190 5836 2290 5892 par
2327 5832 2482 5890 esset,
2530 5823 2746 5880 ultione.
2784 5820 3177 5893 Easuperanter
3209 5819 3349 5871 enim
3391 5816 3614 5871 scaturit
