  <div class='ocr_page' id='page_1' title='image "/cluster/home/n/w/nwhite01/storage/ocr_20150623/127/coo.31924054870328/299.png"; bbox 0 0 4104 6416; ppageno 0'>
   <div class='ocr_carea' id='block_1_1' title="bbox 550 365 655 429">
    <p class='ocr_par' dir='ltr' id='par_1_1' title="bbox 550 365 655 429">
     <span class='ocr_line' id='line_1_1' title="bbox 550 365 655 429; baseline 0 0"><span class='ocrx_word' id='word_1_1' title='bbox 550 365 655 429; x_wconf 81' lang='lat'><strong>583</strong></span> 
     </span>
    </p>
   </div>
   <div class='ocr_carea' id='block_1_2' title="bbox 1827 352 2479 415">
    <p class='ocr_par' dir='ltr' id='par_1_2' title="bbox 1827 352 2479 415">
     <span class='ocr_line' id='line_1_2' title="bbox 1827 352 2479 415; baseline -0.006 0"><span class='ocrx_word' id='word_1_2' title='bbox 1827 355 1859 415; x_wconf 85' lang='lat' dir='ltr'><strong>J</strong></span> <span class='ocrx_word' id='word_1_3' title='bbox 1870 352 2087 414; x_wconf 73' lang='lat' dir='ltr'><strong>ACOBl</strong></span> <span class='ocrx_word' id='word_1_4' title='bbox 2128 352 2479 414; x_wconf 83' lang='lat' dir='ltr'><strong>MONACHI</strong></span> 
     </span>
    </p>
   </div>
   <div class='ocr_carea' id='block_1_3' title="bbox 3724 346 3833 409">
    <p class='ocr_par' dir='ltr' id='par_1_3' title="bbox 3724 346 3833 409">
     <span class='ocr_line' id='line_1_3' title="bbox 3724 346 3833 409; baseline 0 0"><span class='ocrx_word' id='word_1_5' title='bbox 3724 346 3833 409; x_wconf 77' lang='grc'>584</span> 
     </span>
    </p>
   </div>
   <div class='ocr_carea' id='block_1_4' title="bbox 552 463 2136 543">
    <p class='ocr_par' dir='ltr' id='par_1_4' title="bbox 552 472 2131 543">
     <span class='ocr_line' id='line_1_4' title="bbox 552 472 2131 543; baseline -0.008 -6"><span class='ocrx_word' id='word_1_6' title='bbox 552 494 646 537; x_wconf 85' lang='lat' dir='ltr'><strong>tua</strong></span> <span class='ocrx_word' id='word_1_7' title='bbox 673 477 1058 541; x_wconf 74' lang='lat' dir='ltr'><strong>misericordia,</strong></span> <span class='ocrx_word' id='word_1_8' title='bbox 1093 475 1337 541; x_wconf 82' lang='lat' dir='ltr'><strong>Domine,</strong></span> <span class='ocrx_word' id='word_1_9' title='bbox 1369 490 1430 528; x_wconf 87' lang='lat' dir='ltr'><strong>ac</strong></span> <span class='ocrx_word' id='word_1_10' title='bbox 1451 472 1816 543; x_wconf 77' lang='lat' dir='ltr'><strong>supereﬁluunt</strong></span> <span class='ocrx_word' id='word_1_11' title='bbox 1847 472 2131 527; x_wconf 67' lang='lat' dir='ltr'><strong>dementire</strong></span> 
     </span>
    </p>
   </div>
   <div class='ocr_carea' id='block_1_5' title="bbox 2239 463 3832 543">
    <p class='ocr_par' dir='ltr' id='par_1_5' title="bbox 2241 463 3832 539">
     <span class='ocr_line' id='line_1_5' title="bbox 2241 463 3832 539; baseline -0.003 -16"><span class='ocrx_word' id='word_1_12' title='bbox 2241 468 2557 539; x_wconf 78' lang='grc' dir='ltr'>ἁμάρτημα</span> <span class='ocrx_word' id='word_1_13' title='bbox 2586 466 2697 535; x_wconf 85' lang='grc' dir='ltr'>τῆς</span> <span class='ocrx_word' id='word_1_14' title='bbox 2728 464 3215 531; x_wconf 76' lang='grc' dir='ltr'>ἀνταποδόσεως.</span> <span class='ocrx_word' id='word_1_15' title='bbox 3258 463 3722 520; x_wconf 67' lang='grc' dir='ltr'>Ἐπιλείπουσιν</span> <span class='ocrx_word' id='word_1_16' title='bbox 3766 471 3832 519; x_wconf 78' lang='grc' dir='ltr'><strong>αι</strong></span> 
     </span>
    </p>
   </div>
   <div class='ocr_carea' id='block_1_6' title="bbox 551 569 1222 640">
    <p class='ocr_par' dir='ltr' id='par_1_6' title="bbox 551 569 1222 640">
     <span class='ocr_line' id='line_1_6' title="bbox 551 569 1222 640; baseline -0.013 -11"><span class='ocrx_word' id='word_1_17' title='bbox 551 590 615 629; x_wconf 79' lang='lat' dir='ltr'><strong>ac</strong></span> <span class='ocrx_word' id='word_1_18' title='bbox 645 570 980 640; x_wconf 72' lang='lat' dir='ltr'><strong>benignitatis</strong></span> <span class='ocrx_word' id='word_1_19' title='bbox 1002 569 1222 622; x_wconf 76' lang='lat' dir='ltr'><strong>diuitiw.</strong></span> 
     </span>
    </p>
   </div>
   <div class='ocr_carea' id='block_1_7' title="bbox 628 832 2134 905">
    <p class='ocr_par' dir='ltr' id='par_1_7' title="bbox 628 832 2134 905">
     <span class='ocr_line' id='line_1_7' title="bbox 628 832 2134 905; baseline 0 -17"><span class='ocrx_word' id='word_1_20' title='bbox 628 835 721 891; x_wconf 80' lang='lat' dir='ltr'><strong>XI.</strong></span> <span class='ocrx_word' id='word_1_21' title='bbox 749 833 901 889; x_wconf 86' lang='lat' dir='ltr'><strong>Talia</strong></span> <span class='ocrx_word' id='word_1_22' title='bbox 935 832 1074 890; x_wconf 79' lang='lat' dir='ltr'><strong>forte</strong></span> <span class='ocrx_word' id='word_1_23' title='bbox 1100 834 1313 904; x_wconf 83' lang='lat' dir='ltr'><strong>primus</strong></span> <span class='ocrx_word' id='word_1_24' title='bbox 1347 834 1436 888; x_wconf 87' lang='lat' dir='ltr'><strong>ille</strong></span> <span class='ocrx_word' id='word_1_25' title='bbox 1478 833 1694 905; x_wconf 80' lang='lat' dir='ltr'><strong>generis</strong></span> <span class='ocrx_word' id='word_1_26' title='bbox 1727 847 1921 902; x_wconf 90' lang='lat' dir='ltr'><strong>parens</strong></span> <span class='ocrx_word' id='word_1_27' title='bbox 1952 832 2134 903; x_wconf 85' lang='lat' dir='ltr'><strong>prolo—</strong></span> 
     </span>
    </p>
   </div>
   <div class='ocr_carea' id='block_1_8' title="bbox 555 923 2129 1000">
    <p class='ocr_par' dir='ltr' id='par_1_8' title="bbox 555 923 2129 1000">
     <span class='ocr_line' id='line_1_8' title="bbox 555 923 2129 1000; baseline -0.005 -15"><span class='ocrx_word' id='word_1_28' title='bbox 555 930 849 1000; x_wconf 79' lang='lat' dir='ltr'><strong>quebatur,</strong></span> <span class='ocrx_word' id='word_1_29' title='bbox 881 929 1094 997; x_wconf 88' lang='lat' dir='ltr'><strong>sicque,</strong></span> <span class='ocrx_word' id='word_1_30' title='bbox 1130 935 1189 981; x_wconf 92' lang='lat' dir='ltr'><strong>ut</strong></span> <span class='ocrx_word' id='word_1_31' title='bbox 1228 926 1463 989; x_wconf 86' lang='lat' dir='ltr'><strong>videtur,</strong></span> <span class='ocrx_word' id='word_1_32' title='bbox 1503 923 1802 995; x_wconf 87' lang='lat' dir='ltr'><strong>ejulatibus</strong></span> <span class='ocrx_word' id='word_1_33' title='bbox 1855 924 2129 979; x_wconf 89' lang='lat' dir='ltr'><strong>habebat:</strong></span> 
     </span>
    </p>
   </div>
   <div class='ocr_carea' id='block_1_9' title="bbox 552 1016 2134 1092">
    <p class='ocr_par' dir='ltr' id='par_1_9' title="bbox 552 1016 2134 1092">
     <span class='ocr_line' id='line_1_9' title="bbox 552 1016 2134 1092; baseline -0.002 -17"><span class='ocrx_word' id='word_1_34' title='bbox 552 1023 682 1092; x_wconf 88' lang='lat' dir='ltr'><strong>quin</strong></span> <span class='ocrx_word' id='word_1_35' title='bbox 717 1021 891 1075; x_wconf 88' lang='lat' dir='ltr'><strong>multo</strong></span> <span class='ocrx_word' id='word_1_36' title='bbox 927 1020 1108 1090; x_wconf 90' lang='lat' dir='ltr'><strong>plura,</strong></span> <span class='ocrx_word' id='word_1_37' title='bbox 1155 1034 1219 1073; x_wconf 89' lang='lat' dir='ltr'><strong>ac</strong></span> <span class='ocrx_word' id='word_1_38' title='bbox 1272 1018 1318 1072; x_wconf 87' lang='lat' dir='ltr'><strong><em>si</em></strong></span> <span class='ocrx_word' id='word_1_39' title='bbox 1370 1032 1477 1087; x_wconf 89' lang='lat' dir='ltr'><strong>qua</strong></span> <span class='ocrx_word' id='word_1_40' title='bbox 1544 1016 1751 1071; x_wconf 89' lang='lat' dir='ltr'><strong>doloris</strong></span> <span class='ocrx_word' id='word_1_41' title='bbox 1818 1016 2134 1086; x_wconf 88' lang='lat' dir='ltr'><strong>magnitudo</strong></span> 
     </span>
    </p>
   </div>
   <div class='ocr_carea' id='block_1_10' title="bbox 552 1107 2131 1182">
    <p class='ocr_par' dir='ltr' id='par_1_10' title="bbox 552 1107 2131 1182">
     <span class='ocr_line' id='line_1_10' title="bbox 552 1107 2131 1182; baseline -0.004 -14"><span class='ocrx_word' id='word_1_42' title='bbox 552 1113 804 1182; x_wconf 86' lang='lat' dir='ltr'><strong>cogehat,</strong></span> <span class='ocrx_word' id='word_1_43' title='bbox 836 1126 897 1166; x_wconf 91' lang='lat' dir='ltr'><strong>ea</strong></span> <span class='ocrx_word' id='word_1_44' title='bbox 928 1110 1234 1181; x_wconf 88' lang='lat' dir='ltr'><strong>promebat.</strong></span> <span class='ocrx_word' id='word_1_45' title='bbox 1268 1107 1470 1162; x_wconf 82' lang='lat' dir='ltr'><strong>Verum</strong></span> <span class='ocrx_word' id='word_1_46' title='bbox 1506 1122 1770 1162; x_wconf 70' lang='lat' dir='ltr'><strong>conversa</strong></span> <span class='ocrx_word' id='word_1_47' title='bbox 1792 1118 1878 1161; x_wconf 82' lang='lat' dir='ltr'><strong>est</strong></span> <span class='ocrx_word' id='word_1_48' title='bbox 1912 1108 2131 1162; x_wconf 72' lang='lat' dir='ltr'><strong>tristitia</strong></span> 
     </span>
    </p>
   </div>
   <div class='ocr_carea' id='block_1_11' title="bbox 551 1198 2129 1272">
    <p class='ocr_par' dir='ltr' id='par_1_11' title="bbox 551 1198 2129 1272">
     <span class='ocr_line' id='line_1_11' title="bbox 551 1198 2129 1272; baseline -0.006 -12"><span class='ocrx_word' id='word_1_49' title='bbox 551 1206 609 1260; x_wconf 88' lang='lat' dir='ltr'><strong>iu</strong></span> <span class='ocrx_word' id='word_1_50' title='bbox 635 1204 901 1268; x_wconf 66' lang='lat' dir='ltr'><strong>laetitiam,</strong></span> <span class='ocrx_word' id='word_1_51' title='bbox 932 1203 1199 1272; x_wconf 90' lang='lat' dir='ltr'><strong>plenaque</strong></span> <span class='ocrx_word' id='word_1_52' title='bbox 1219 1199 1425 1255; x_wconf 91' lang='lat' dir='ltr'><strong>doloris</strong></span> <span class='ocrx_word' id='word_1_53' title='bbox 1456 1199 1734 1264; x_wconf 74' lang='lat' dir='ltr'><strong>mtestitia,</strong></span> <span class='ocrx_word' id='word_1_54' title='bbox 1763 1198 1816 1252; x_wconf 90' lang='lat' dir='ltr'><strong>in</strong></span> <span class='ocrx_word' id='word_1_55' title='bbox 1842 1199 2129 1268; x_wconf 76' lang='lat' dir='ltr'><strong>pristinam</strong></span> 
     </span>
    </p>
   </div>
   <div class='ocr_carea' id='block_1_12' title="bbox 556 1290 2135 1364">
    <p class='ocr_par' dir='ltr' id='par_1_12' title="bbox 556 1290 2135 1364">
     <span class='ocr_line' id='line_1_12' title="bbox 556 1290 2135 1364; baseline -0.004 -15"><span class='ocrx_word' id='word_1_56' title='bbox 556 1295 726 1349; x_wconf 79' lang='lat' dir='ltr'><strong>cessit</strong></span> <span class='ocrx_word' id='word_1_57' title='bbox 751 1293 1174 1364; x_wconf 70' lang='lat' dir='ltr'><strong>iucunditatem.</strong></span> <span class='ocrx_word' id='word_1_58' title='bbox 1210 1291 1486 1345; x_wconf 84' lang='lat' dir='ltr'><strong>Siluerunt</strong></span> <span class='ocrx_word' id='word_1_59' title='bbox 1504 1290 1760 1360; x_wconf 80' lang='lat' dir='ltr'><strong>gemitus,</strong></span> <span class='ocrx_word' id='word_1_60' title='bbox 1778 1292 2135 1359; x_wconf 80' lang='lat' dir='ltr'><strong>apparuitque</strong></span> 
     </span>
    </p>
   </div>
   <div class='ocr_carea' id='block_1_13' title="bbox 556 1380 2134 1455">
    <p class='ocr_par' dir='ltr' id='par_1_13' title="bbox 556 1380 2134 1455">
     <span class='ocr_line' id='line_1_13' title="bbox 556 1380 2134 1455; baseline -0.003 -14"><span class='ocrx_word' id='word_1_61' title='bbox 556 1387 800 1442; x_wconf 85' lang='lat' dir='ltr'><strong>laudatio</strong></span> <span class='ocrx_word' id='word_1_62' title='bbox 834 1386 887 1440; x_wconf 90' lang='lat' dir='ltr'><strong>in</strong></span> <span class='ocrx_word' id='word_1_63' title='bbox 913 1384 1214 1455; x_wconf 73' lang='lat' dir='ltr'><strong>gratiarum</strong></span> <span class='ocrx_word' id='word_1_64' title='bbox 1252 1387 1522 1436; x_wconf 75' lang='lat' dir='ltr'><strong>actionem</strong></span> <span class='ocrx_word' id='word_1_65' title='bbox 1569 1382 1761 1436; x_wconf 74' lang='lat' dir='ltr'><strong>ell‘usa.</strong></span> <span class='ocrx_word' id='word_1_66' title='bbox 1796 1380 1957 1436; x_wconf 84' lang='lat' dir='ltr'><strong>Venit</strong></span> <span class='ocrx_word' id='word_1_67' title='bbox 1979 1398 2134 1436; x_wconf 88' lang='lat' dir='ltr'><strong>nam-</strong></span> 
     </span>
    </p>
   </div>
   <div class='ocr_carea' id='block_1_14' title="bbox 556 1471 2136 1549">
    <p class='ocr_par' dir='ltr' id='par_1_14' title="bbox 556 1471 2136 1549">
     <span class='ocr_line' id='line_1_14' title="bbox 556 1471 2136 1549; baseline -0.005 -16"><span class='ocrx_word' id='word_1_68' title='bbox 556 1493 665 1549; x_wconf 87' lang='lat' dir='ltr'><strong>que</strong></span> <span class='ocrx_word' id='word_1_69' title='bbox 693 1477 1010 1533; x_wconf 80' lang='lat' dir='ltr'><strong>exsultatio.</strong></span> <span class='ocrx_word' id='word_1_70' title='bbox 1040 1476 1214 1530; x_wconf 84' lang='lat' dir='ltr'><strong>llluxit</strong></span> <span class='ocrx_word' id='word_1_71' title='bbox 1246 1474 1527 1544; x_wconf 78' lang='lat' dir='ltr'><strong>gaudium.</strong></span> <span class='ocrx_word' id='word_1_72' title='bbox 1571 1471 1707 1526; x_wconf 85' lang='lat' dir='ltr'><strong>Nam</strong></span> <span class='ocrx_word' id='word_1_73' title='bbox 1751 1474 1977 1544; x_wconf 77' lang='lat' dir='ltr'><strong>pignora</strong></span> <span class='ocrx_word' id='word_1_74' title='bbox 2012 1475 2136 1544; x_wconf 87' lang='lat' dir='ltr'><strong>qui-</strong></span> 
     </span>
    </p>
   </div>
   <div class='ocr_carea' id='block_1_15' title="bbox 557 1563 2133 1637">
    <p class='ocr_par' dir='ltr' id='par_1_15' title="bbox 557 1563 2133 1637">
     <span class='ocr_line' id='line_1_15' title="bbox 557 1563 2133 1637; baseline -0.002 -15"><span class='ocrx_word' id='word_1_75' title='bbox 557 1569 681 1623; x_wconf 89' lang='lat' dir='ltr'><strong>dem</strong></span> <span class='ocrx_word' id='word_1_76' title='bbox 710 1567 992 1637; x_wconf 87' lang='lat' dir='ltr'><strong>proposita</strong></span> <span class='ocrx_word' id='word_1_77' title='bbox 1023 1576 1173 1627; x_wconf 85' lang='lat' dir='ltr'><strong>sunt,</strong></span> <span class='ocrx_word' id='word_1_78' title='bbox 1203 1578 1513 1635; x_wconf 80' lang='lat' dir='ltr'><strong>sponsaque</strong></span> <span class='ocrx_word' id='word_1_79' title='bbox 1564 1563 1789 1633; x_wconf 87' lang='lat' dir='ltr'><strong>innupta</strong></span> <span class='ocrx_word' id='word_1_80' title='bbox 1830 1565 2133 1634; x_wconf 57' lang='lat' dir='ltr'><strong>praelecta.</strong></span> 
     </span>
    </p>
   </div>
   <div class='ocr_carea' id='block_1_16' title="bbox 555 1656 2136 1727">
    <p class='ocr_par' dir='ltr' id='par_1_16' title="bbox 555 1656 2136 1727">
     <span class='ocr_line' id='line_1_16' title="bbox 555 1656 2136 1727; baseline -0.001 -14"><span class='ocrx_word' id='word_1_81' title='bbox 555 1658 891 1713; x_wconf 88' lang='lat' dir='ltr'><strong>Productum</strong></span> <span class='ocrx_word' id='word_1_82' title='bbox 956 1667 1039 1712; x_wconf 89' lang='lat' dir='ltr'><strong>est</strong></span> <span class='ocrx_word' id='word_1_83' title='bbox 1073 1665 1239 1725; x_wconf 83' lang='lat' dir='ltr'><strong>atque</strong></span> <span class='ocrx_word' id='word_1_84' title='bbox 1270 1666 1521 1724; x_wconf 86' lang='lat' dir='ltr'><strong>paratum</strong></span> <span class='ocrx_word' id='word_1_85' title='bbox 1565 1656 1825 1710; x_wconf 87' lang='lat' dir='ltr'><strong>hodierna</strong></span> <span class='ocrx_word' id='word_1_86' title='bbox 1873 1656 1962 1711; x_wconf 89' lang='lat' dir='ltr'><strong>die</strong></span> <span class='ocrx_word' id='word_1_87' title='bbox 1988 1656 2136 1727; x_wconf 84' lang='lat' dir='ltr'><strong>pala-</strong></span> 
     </span>
    </p>
   </div>
   <div class='ocr_carea' id='block_1_17' title="bbox 2240 556 3836 629">
    <p class='ocr_par' dir='ltr' id='par_1_17' title="bbox 2240 556 3836 629">
     <span class='ocr_line' id='line_1_17' title="bbox 2240 556 3836 629; baseline -0.001 -16"><span class='ocrx_word' id='word_1_88' title='bbox 2240 563 2506 629; x_wconf 78' lang='grc' dir='ltr'>τιμωρίαι</span> <span class='ocrx_word' id='word_1_89' title='bbox 2562 559 2672 628; x_wconf 85' lang='grc' dir='ltr'>τῆς</span> <span class='ocrx_word' id='word_1_90' title='bbox 2721 559 3164 628; x_wconf 77' lang='grc' dir='ltr'><strong>προσηκούσης</strong></span> <span class='ocrx_word' id='word_1_91' title='bbox 3220 557 3570 623; x_wconf 79' lang='grc' dir='ltr'>καταδίκης.</span> <span class='ocrx_word' id='word_1_92' title='bbox 3617 556 3836 626; x_wconf 74' lang='grc' dir='ltr'>’Υπερ-</span> 
     </span>
    </p>
   </div>
   <div class='ocr_carea' id='block_1_18' title="bbox 2240 649 3836 723">
    <p class='ocr_par' dir='ltr' id='par_1_18' title="bbox 2240 649 3836 723">
     <span class='ocr_line' id='line_1_18' title="bbox 2240 649 3836 723; baseline -0.001 -17"><span class='ocrx_word' id='word_1_93' title='bbox 2240 651 2433 723; x_wconf 77' lang='grc' dir='ltr'><strong>ϐλύζει</strong></span> <span class='ocrx_word' id='word_1_94' title='bbox 2492 654 2601 722; x_wconf 78' lang='grc' dir='ltr'>γὰρ</span> <span class='ocrx_word' id='word_1_95' title='bbox 2669 652 2735 706; x_wconf 86' lang='grc' dir='ltr'>τὸ</span> <span class='ocrx_word' id='word_1_96' title='bbox 2772 652 2892 706; x_wconf 82' lang='grc' dir='ltr'><strong>σὸν</strong></span> <span class='ocrx_word' id='word_1_97' title='bbox 2917 651 3114 717; x_wconf 75' lang='grc' dir='ltr'>ἕλεος,</span> <span class='ocrx_word' id='word_1_98' title='bbox 3144 651 3341 718; x_wconf 82' lang='grc' dir='ltr'>Κύριε,</span> <span class='ocrx_word' id='word_1_99' title='bbox 3372 649 3480 703; x_wconf 81' lang='grc' dir='ltr'><strong>καί</strong></span> <span class='ocrx_word' id='word_1_100' title='bbox 3519 653 3554 702; x_wconf 82' lang='grc' dir='ltr'><strong><em>ό</em></strong></span> <span class='ocrx_word' id='word_1_101' title='bbox 3587 649 3697 717; x_wconf 82' lang='grc' dir='ltr'>τῆς</span> <span class='ocrx_word' id='word_1_102' title='bbox 3728 668 3836 719; x_wconf 72' lang='grc' dir='ltr'><strong>φε-</strong></span> 
     </span>
    </p>
   </div>
   <div class='ocr_carea' id='block_1_19' title="bbox 2238 742 3310 812">
    <p class='ocr_par' dir='ltr' id='par_1_19' title="bbox 2238 742 3310 812">
     <span class='ocr_line' id='line_1_19' title="bbox 2238 742 3310 812; baseline -0.003 -15"><span class='ocrx_word' id='word_1_103' title='bbox 2238 744 2627 812; x_wconf 76' lang='grc' dir='ltr'>λανθρωπιας</span> <span class='ocrx_word' id='word_1_104' title='bbox 2658 742 2999 811; x_wconf 80' lang='grc' dir='ltr'>ὐπερχεῖται</span> <span class='ocrx_word' id='word_1_105' title='bbox 3025 742 3310 806; x_wconf 73' lang='grc' dir='ltr'>πλοῦτος.</span> 
     </span>
    </p>
   </div>
   <div class='ocr_carea' id='block_1_20' title="bbox 2307 834 3834 906">
    <p class='ocr_par' dir='ltr' id='par_1_20' title="bbox 2307 834 3834 906">
     <span class='ocr_line' id='line_1_20' title="bbox 2307 834 3834 906; baseline -0.001 -16"><span class='ocrx_word' id='word_1_106' title='bbox 2307 838 2409 890; x_wconf 87' lang='lat' dir='ltr'><strong>IA&#39;.</strong></span> <span class='ocrx_word' id='word_1_107' title='bbox 2452 836 2703 889; x_wconf 90' lang='grc' dir='ltr'>Τοσαῦτα</span> <span class='ocrx_word' id='word_1_108' title='bbox 2735 835 2896 905; x_wconf 69' lang='grc' dir='ltr'>τυχὸν</span> <span class='ocrx_word' id='word_1_109' title='bbox 2918 834 3424 906; x_wconf 80' lang='grc' dir='ltr'>κατολοφυρόμενον</span> <span class='ocrx_word' id='word_1_110' title='bbox 3454 834 3638 903; x_wconf 82' lang='grc' dir='ltr'>λέγειν</span> <span class='ocrx_word' id='word_1_111' title='bbox 3678 835 3834 898; x_wconf 70' lang='grc' dir='ltr'>εἰκὸς</span> 
     </span>
    </p>
   </div>
   <div class='ocr_carea' id='block_1_21' title="bbox 2234 927 3836 999">
    <p class='ocr_par' dir='ltr' id='par_1_21' title="bbox 2234 927 3836 999">
     <span class='ocr_line' id='line_1_21' title="bbox 2234 927 3836 999; baseline 0 -18"><span class='ocrx_word' id='word_1_112' title='bbox 2234 929 2328 982; x_wconf 67' lang='grc' dir='ltr'>τὸν</span> <span class='ocrx_word' id='word_1_113' title='bbox 2390 929 2745 999; x_wconf 74' lang='grc' dir='ltr'><strong>προπάτορα·</strong></span> <span class='ocrx_word' id='word_1_114' title='bbox 2808 928 3009 999; x_wconf 76' lang='grc' dir='ltr'>μᾶλλον</span> <span class='ocrx_word' id='word_1_115' title='bbox 3069 927 3125 980; x_wconf 83' lang='grc' dir='ltr'>δὲ</span> <span class='ocrx_word' id='word_1_116' title='bbox 3181 928 3665 995; x_wconf 74' lang='grc' dir='ltr'><strong>πολλαπλασίονα,</strong></span> <span class='ocrx_word' id='word_1_117' title='bbox 3725 929 3836 981; x_wconf 83' lang='grc' dir='ltr'>ὅσα</span> 
     </span>
    </p>
   </div>
   <div class='ocr_carea' id='block_1_22' title="bbox 2235 1018 3832 1091">
    <p class='ocr_par' dir='ltr' id='par_1_22' title="bbox 2235 1018 3832 1091">
     <span class='ocr_line' id='line_1_22' title="bbox 2235 1018 3832 1091; baseline 0.001 -18"><span class='ocrx_word' id='word_1_118' title='bbox 2235 1020 2501 1091; x_wconf 82' lang='grc' dir='ltr'>προάγειν</span> <span class='ocrx_word' id='word_1_119' title='bbox 2560 1019 2638 1090; x_wconf 83' lang='grc' dir='ltr'>τῷ</span> <span class='ocrx_word' id='word_1_120' title='bbox 2688 1020 2782 1073; x_wconf 87' lang='grc' dir='ltr'><strong>τοῦ</strong></span> <span class='ocrx_word' id='word_1_121' title='bbox 2837 1020 3045 1082; x_wconf 85' lang='grc' dir='ltr'>πάθους</span> <span class='ocrx_word' id='word_1_122' title='bbox 3121 1019 3506 1090; x_wconf 68' lang='grc' dir='ltr'><strong>κατηνάγκαζε</strong></span> <span class='ocrx_word' id='word_1_123' title='bbox 3575 1018 3832 1089; x_wconf 81' lang='grc' dir='ltr'>μέγεθος.</span> 
     </span>
    </p>
   </div>
   <div class='ocr_carea' id='block_1_23' title="bbox 2246 1111 3838 1183">
    <p class='ocr_par' dir='ltr' id='par_1_23' title="bbox 2246 1111 3838 1183">
     <span class='ocr_line' id='line_1_23' title="bbox 2246 1111 3838 1183; baseline -0.001 -18"><span class='ocrx_word' id='word_1_124' title='bbox 2246 1112 2389 1165; x_wconf 71' lang='grc' dir='ltr'>Ἀλλ’</span> <span class='ocrx_word' id='word_1_125' title='bbox 2426 1112 2732 1183; x_wconf 73' lang='grc' dir='ltr'>ἐπανῆλθεν</span> <span class='ocrx_word' id='word_1_126' title='bbox 2778 1113 2812 1181; x_wconf 83' lang='grc' dir='ltr'>ἠ</span> <span class='ocrx_word' id='word_1_127' title='bbox 2853 1112 2998 1179; x_wconf 74' lang='grc' dir='ltr'>λύπη</span> <span class='ocrx_word' id='word_1_128' title='bbox 3033 1111 3170 1181; x_wconf 75' lang='grc' dir='ltr'>πρὸς</span> <span class='ocrx_word' id='word_1_129' title='bbox 3206 1111 3567 1181; x_wconf 70' lang='grc' dir='ltr'>εὐφροσύνην,</span> <span class='ocrx_word' id='word_1_130' title='bbox 3637 1113 3733 1164; x_wconf 76' lang='grc' dir='ltr'><strong>καὶ</strong></span> <span class='ocrx_word' id='word_1_131' title='bbox 3798 1113 3838 1179; x_wconf 74' lang='grc' dir='ltr'>ἡ</span> 
     </span>
    </p>
   </div>
   <div class='ocr_carea' id='block_1_24' title="bbox 2234 1202 3841 1274">
    <p class='ocr_par' dir='ltr' id='par_1_24' title="bbox 2234 1202 3841 1274">
     <span class='ocr_line' id='line_1_24' title="bbox 2234 1202 3841 1274; baseline -0.003 -14"><span class='ocrx_word' id='word_1_132' title='bbox 2234 1204 2544 1267; x_wconf 85' lang='grc' dir='ltr'>κατώδυνος</span> <span class='ocrx_word' id='word_1_133' title='bbox 2578 1204 2806 1274; x_wconf 86' lang='grc' dir='ltr'>ἀθυμία,</span> <span class='ocrx_word' id='word_1_134' title='bbox 2840 1206 2920 1267; x_wconf 81' lang='grc' dir='ltr'><strong>είς</strong></span> <span class='ocrx_word' id='word_1_135' title='bbox 2967 1203 3066 1271; x_wconf 78' lang='grc' dir='ltr'>τὴν</span> <span class='ocrx_word' id='word_1_136' title='bbox 3105 1202 3275 1256; x_wconf 83' lang='grc' dir='ltr'>πάλαι</span> <span class='ocrx_word' id='word_1_137' title='bbox 3341 1202 3682 1272; x_wconf 83' lang='grc' dir='ltr'>μετεποιήθη</span> <span class='ocrx_word' id='word_1_138' title='bbox 3735 1202 3841 1255; x_wconf 85' lang='grc' dir='ltr'>εὐ-</span> 
     </span>
    </p>
   </div>
   <div class='ocr_carea' id='block_1_25' title="bbox 2235 1295 3839 1368">
    <p class='ocr_par' dir='ltr' id='par_1_25' title="bbox 2235 1295 3839 1368">
     <span class='ocr_line' id='line_1_25' title="bbox 2235 1295 3839 1368; baseline -0.003 -16"><span class='ocrx_word' id='word_1_139' title='bbox 2235 1298 2456 1368; x_wconf 89' lang='grc' dir='ltr'>θυμίαν.</span> <span class='ocrx_word' id='word_1_140' title='bbox 2474 1296 2967 1366; x_wconf 81' lang='grc' dir='ltr'>Κατεσιγάσθησαν</span> <span class='ocrx_word' id='word_1_141' title='bbox 2985 1295 3034 1347; x_wconf 82' lang='grc' dir='ltr'>οἱ</span> <span class='ocrx_word' id='word_1_142' title='bbox 3066 1295 3383 1364; x_wconf 76' lang='grc' dir='ltr'>στεναγμοὶ,</span> <span class='ocrx_word' id='word_1_143' title='bbox 3421 1296 3513 1347; x_wconf 79' lang='grc' dir='ltr'>καὶ</span> <span class='ocrx_word' id='word_1_144' title='bbox 3536 1295 3637 1363; x_wconf 82' lang='grc' dir='ltr'><strong>τῆς</strong></span> <span class='ocrx_word' id='word_1_145' title='bbox 3657 1295 3839 1363; x_wconf 83' lang='grc' dir='ltr'>εὐχα-</span> 
     </span>
    </p>
   </div>
   <div class='ocr_carea' id='block_1_26' title="bbox 2237 1380 3846 1460">
    <p class='ocr_par' dir='ltr' id='par_1_26' title="bbox 2237 1380 3846 1460">
     <span class='ocr_line' id='line_1_26' title="bbox 2237 1380 3846 1460; baseline -0.008 -16"><span class='ocrx_word' id='word_1_146' title='bbox 2237 1390 2447 1460; x_wconf 84' lang='grc' dir='ltr'>ριστίας</span> <span class='ocrx_word' id='word_1_147' title='bbox 2475 1388 2830 1457; x_wconf 73' lang='grc' dir='ltr'>ἀναφαίνεται</span> <span class='ocrx_word' id='word_1_148' title='bbox 2853 1385 3151 1454; x_wconf 65' lang='grc' dir='ltr'>δοξοὶογία.</span> <span class='ocrx_word' id='word_1_149' title='bbox 3170 1380 3343 1439; x_wconf 82' lang='grc' dir='ltr'>Ἦλθε</span> <span class='ocrx_word' id='word_1_150' title='bbox 3374 1386 3485 1458; x_wconf 77' lang='grc' dir='ltr'>γὰρ</span> <span class='ocrx_word' id='word_1_151' title='bbox 3511 1387 3545 1457; x_wconf 82' lang='grc' dir='ltr'><strong>ἡ</strong></span> <span class='ocrx_word' id='word_1_152' title='bbox 3567 1388 3846 1455; x_wconf 73' lang='grc' dir='ltr'>ἀγαλλία-</span> 
     </span>
    </p>
   </div>
   <div class='ocr_carea' id='block_1_27' title="bbox 2238 1479 3843 1551">
    <p class='ocr_par' dir='ltr' id='par_1_27' title="bbox 2238 1479 3843 1551">
     <span class='ocr_line' id='line_1_27' title="bbox 2238 1479 3843 1551; baseline -0.002 -17"><span class='ocrx_word' id='word_1_153' title='bbox 2238 1499 2343 1543; x_wconf 68' lang='grc' dir='ltr'>σιςο</span> <span class='ocrx_word' id='word_1_154' title='bbox 2367 1481 2737 1551; x_wconf 79' lang='grc' dir='ltr'>ὲπέλαμψενή</span> <span class='ocrx_word' id='word_1_155' title='bbox 2769 1481 2934 1550; x_wconf 86' lang='grc' dir='ltr'>χαρά.</span> <span class='ocrx_word' id='word_1_156' title='bbox 2967 1480 3076 1533; x_wconf 79' lang='grc' dir='ltr'><strong>Καὶ</strong></span> <span class='ocrx_word' id='word_1_157' title='bbox 3102 1481 3212 1549; x_wconf 61' lang='grc' dir='ltr'><strong>γὰρ</strong></span> <span class='ocrx_word' id='word_1_158' title='bbox 3233 1479 3300 1532; x_wconf 72' lang='grc' dir='ltr'>τὰ</span> <span class='ocrx_word' id='word_1_159' title='bbox 3317 1483 3417 1549; x_wconf 86' lang='grc' dir='ltr'><strong>μὲν</strong></span> <span class='ocrx_word' id='word_1_160' title='bbox 3443 1480 3677 1550; x_wconf 77' lang='grc' dir='ltr'>ἐνέχυρα</span> <span class='ocrx_word' id='word_1_161' title='bbox 3697 1498 3843 1551; x_wconf 77' lang='grc' dir='ltr'>προ-</span> 
     </span>
    </p>
   </div>
   <div class='ocr_carea' id='block_1_28' title="bbox 2236 1572 3841 1643">
    <p class='ocr_par' dir='ltr' id='par_1_28' title="bbox 2236 1572 3841 1643">
     <span class='ocr_line' id='line_1_28' title="bbox 2236 1572 3841 1643; baseline -0.001 -16"><span class='ocrx_word' id='word_1_162' title='bbox 2236 1575 2502 1637; x_wconf 75' lang='grc' dir='ltr'><strong>τέθειται,</strong></span> <span class='ocrx_word' id='word_1_163' title='bbox 2523 1573 2617 1626; x_wconf 78' lang='grc' dir='ltr'>καὶ</span> <span class='ocrx_word' id='word_1_164' title='bbox 2642 1573 3036 1642; x_wconf 78' lang='grc' dir='ltr'>ἡάνύμφευτος</span> <span class='ocrx_word' id='word_1_165' title='bbox 3060 1572 3423 1643; x_wconf 78' lang='grc' dir='ltr'>προκέκριται</span> <span class='ocrx_word' id='word_1_166' title='bbox 3448 1572 3661 1642; x_wconf 73' lang='grc' dir='ltr'>νύμφη·</span> <span class='ocrx_word' id='word_1_167' title='bbox 3682 1575 3743 1625; x_wconf 72' lang='grc' dir='ltr'>τό</span> <span class='ocrx_word' id='word_1_168' title='bbox 3771 1591 3841 1626; x_wconf 80' lang='grc' dir='ltr'><strong>τε</strong></span> 
     </span>
    </p>
   </div>
   <div class='ocr_carea' id='block_1_29' title="bbox 2239 1662 3841 1734">
    <p class='ocr_par' dir='ltr' id='par_1_29' title="bbox 2239 1662 3841 1734">
     <span class='ocr_line' id='line_1_29' title="bbox 2239 1662 3841 1734; baseline 0.001 -18"><span class='ocrx_word' id='word_1_169' title='bbox 2239 1664 2504 1717; x_wconf 84' lang='grc' dir='ltr'>παλάτιον</span> <span class='ocrx_word' id='word_1_170' title='bbox 2558 1662 2867 1734; x_wconf 81' lang='grc' dir='ltr'>παρῆκται,</span> <span class='ocrx_word' id='word_1_171' title='bbox 2909 1663 3004 1716; x_wconf 74' lang='grc' dir='ltr'><strong>καὶ</strong></span> <span class='ocrx_word' id='word_1_172' title='bbox 3046 1663 3400 1733; x_wconf 79' lang='grc' dir='ltr'>εὐτρέπισται</span> <span class='ocrx_word' id='word_1_173' title='bbox 3451 1664 3713 1733; x_wconf 78' lang='grc' dir='ltr'>σήμερον.</span> <span class='ocrx_word' id='word_1_174' title='bbox 3766 1667 3841 1717; x_wconf 75' lang='grc' dir='ltr'><strong>*Ω</strong></span> 
     </span>
    </p>
   </div>
   <div class='ocr_carea' id='block_1_30' title="bbox 560 1746 2136 1827">
    <p class='ocr_par' dir='ltr' id='par_1_30' title="bbox 560 1746 2136 1818">
     <span class='ocr_line' id='line_1_30' title="bbox 560 1746 2136 1818; baseline -0.001 -15"><span class='ocrx_word' id='word_1_175' title='bbox 560 1751 717 1805; x_wconf 89' lang='lat' dir='ltr'><strong>tium.</strong></span> <span class='ocrx_word' id='word_1_176' title='bbox 751 1748 794 1804; x_wconf 91' lang='lat'>0</span> <span class='ocrx_word' id='word_1_177' title='bbox 829 1749 1110 1817; x_wconf 68' lang='lat' dir='ltr'><strong>praesentis</strong></span> <span class='ocrx_word' id='word_1_178' title='bbox 1142 1748 1338 1803; x_wconf 66' lang='lat' dir='ltr'><strong>laatitiae</strong></span> <span class='ocrx_word' id='word_1_179' title='bbox 1368 1747 1637 1818; x_wconf 79' lang='lat' dir='ltr'><strong>gratiam!</strong></span> <span class='ocrx_word' id='word_1_180' title='bbox 1668 1746 1712 1803; x_wconf 92' lang='grc' dir='ltr'><strong>Ο</strong></span> <span class='ocrx_word' id='word_1_181' title='bbox 1732 1748 1837 1803; x_wconf 91' lang='lat' dir='ltr'><strong>diei</strong></span> <span class='ocrx_word' id='word_1_182' title='bbox 1862 1747 2136 1803; x_wconf 80' lang='lat' dir='ltr'><strong>hodierna:</strong></span> 
     </span>
    </p>
   </div>
   <div class='ocr_carea' id='block_1_31' title="bbox 2239 1746 3837 1827">
    <p class='ocr_par' dir='ltr' id='par_1_31' title="bbox 2240 1752 3837 1827">
     <span class='ocr_line' id='line_1_31' title="bbox 2240 1752 3837 1827; baseline -0.002 -18"><span class='ocrx_word' id='word_1_183' title='bbox 2240 1756 2464 1827; x_wconf 88' lang='grc' dir='ltr'>χάριτος</span> <span class='ocrx_word' id='word_1_184' title='bbox 2497 1754 2596 1825; x_wconf 81' lang='grc' dir='ltr'>τῆς</span> <span class='ocrx_word' id='word_1_185' title='bbox 2629 1756 2725 1808; x_wconf 86' lang='grc' dir='ltr'><strong>νῦν</strong></span> <span class='ocrx_word' id='word_1_186' title='bbox 2770 1752 3146 1824; x_wconf 81' lang='grc' dir='ltr'>εὐφροσύνηςί</span> <span class='ocrx_word' id='word_1_187' title='bbox 3205 1754 3272 1807; x_wconf 78' lang='grc' dir='ltr'><strong><em>Ὢ</em></strong></span> <span class='ocrx_word' id='word_1_188' title='bbox 3325 1753 3686 1824; x_wconf 79' lang='grc' dir='ltr'>φαιδρότητος</span> <span class='ocrx_word' id='word_1_189' title='bbox 3730 1756 3837 1823; x_wconf 73' lang='grc' dir='ltr'>τῆς</span> 
     </span>
    </p>
   </div>
   <div class='ocr_carea' id='block_1_32' title="bbox 553 1817 2136 1918">
    <p class='ocr_par' dir='ltr' id='par_1_32' title="bbox 553 1817 2136 1913">
     <span class='ocr_line' id='line_1_32' title="bbox 553 1817 2136 1913; baseline -0.001 -18"><span class='ocrx_word' id='word_1_190' title='bbox 553 1843 995 1911; x_wconf 72' lang='lat' dir='ltr'><strong>iucunditatem!</strong></span> <span class='ocrx_word' id='word_1_191' title='bbox 1063 1840 1240 1907; x_wconf 89' lang='lat' dir='ltr'><strong>Quam</strong></span> <span class='ocrx_word' id='word_1_192' title='bbox 1320 1817 1484 1896; x_wconf 85' lang='lat' dir='ltr'><strong>claris</strong></span> <span class='ocrx_word' id='word_1_193' title='bbox 1532 1841 1721 1913; x_wconf 71' lang='lat' dir='ltr'><strong>gratiae</strong></span> <span class='ocrx_word' id='word_1_194' title='bbox 1764 1840 1933 1896; x_wconf 88' lang='lat' dir='ltr'><strong>radiis</strong></span> <span class='ocrx_word' id='word_1_195' title='bbox 1988 1840 2136 1894; x_wconf 72' lang='lat' dir='ltr'><strong>varie</strong></span> 
     </span>
    </p>
   </div>
   <div class='ocr_carea' id='block_1_33' title="bbox 2239 1817 3835 1918">
    <p class='ocr_par' dir='ltr' id='par_1_33' title="bbox 2240 1817 3835 1918">
     <span class='ocr_line' id='line_1_33' title="bbox 2240 1817 3835 1918; baseline 0.001 -19"><span class='ocrx_word' id='word_1_196' title='bbox 2240 1817 2524 1918; x_wconf 67' lang='grc' dir='ltr'>παρούσης</span> <span class='ocrx_word' id='word_1_197' title='bbox 2552 1817 2765 1918; x_wconf 62' lang='grc' dir='ltr'>ημέρας</span> <span class='ocrx_word' id='word_1_198' title='bbox 2794 1847 2806 1901; x_wconf 84' lang='lat' dir='ltr'><strong>l</strong></span> <span class='ocrx_word' id='word_1_199' title='bbox 2850 1817 2942 1909; x_wconf 56' lang='grc' dir='ltr'>ῖέις</span> <span class='ocrx_word' id='word_1_200' title='bbox 2995 1817 3245 1914; x_wconf 79' lang='grc' dir='ltr'>διάυγέσι</span> <span class='ocrx_word' id='word_1_201' title='bbox 3271 1817 3393 1910; x_wconf 76' lang='grc' dir='ltr'>ταῖς</span> <span class='ocrx_word' id='word_1_202' title='bbox 3579 1817 3835 1918; x_wconf 40' lang='grc' dir='ltr'>’χάριτος</span> 
     </span>
    </p>
   </div>
   <div class='ocr_carea' id='block_1_34' title="bbox 560 1930 2139 2001">
    <p class='ocr_par' dir='ltr' id='par_1_34' title="bbox 560 1930 2139 2001">
     <span class='ocr_line' id='line_1_34' title="bbox 560 1930 2139 2001; baseline -0.001 -15"><span class='ocrx_word' id='word_1_203' title='bbox 560 1933 894 1987; x_wconf 87' lang='lat' dir='ltr'><strong>illustratur!</strong></span> <span class='ocrx_word' id='word_1_204' title='bbox 955 1930 1130 1998; x_wconf 87' lang='lat' dir='ltr'><strong>Quam</strong></span> <span class='ocrx_word' id='word_1_205' title='bbox 1191 1932 1273 1987; x_wconf 90' lang='lat' dir='ltr'><strong>sol</strong></span> <span class='ocrx_word' id='word_1_206' title='bbox 1328 1932 1529 1987; x_wconf 79' lang='lat' dir='ltr'><strong>eximie</strong></span> <span class='ocrx_word' id='word_1_207' title='bbox 1590 1931 1849 2001; x_wconf 83' lang='lat' dir='ltr'><strong>pulchros</strong></span> <span class='ocrx_word' id='word_1_208' title='bbox 1897 1931 2139 1987; x_wconf 86' lang='lat' dir='ltr'><strong>ostendit</strong></span> 
     </span>
    </p>
   </div>
   <div class='ocr_carea' id='block_1_35' title="bbox 561 2024 2140 2095">
    <p class='ocr_par' dir='ltr' id='par_1_35' title="bbox 561 2024 2140 2095">
     <span class='ocr_line' id='line_1_35' title="bbox 561 2024 2140 2095; baseline -0.002 -16"><span class='ocrx_word' id='word_1_209' title='bbox 561 2041 749 2081; x_wconf 89' lang='lat' dir='ltr'><strong>roseos</strong></span> <span class='ocrx_word' id='word_1_210' title='bbox 780 2025 985 2092; x_wconf 88' lang='lat' dir='ltr'><strong>radios,</strong></span> <span class='ocrx_word' id='word_1_211' title='bbox 1043 2039 1108 2081; x_wconf 88' lang='lat' dir='ltr'><strong>ac</strong></span> <span class='ocrx_word' id='word_1_212' title='bbox 1176 2024 1566 2095; x_wconf 83' lang='lat' dir='ltr'><strong>limpidissimo</strong></span> <span class='ocrx_word' id='word_1_213' title='bbox 1595 2025 1650 2079; x_wconf 90' lang='lat' dir='ltr'><strong>in</strong></span> <span class='ocrx_word' id='word_1_214' title='bbox 1672 2033 1872 2079; x_wconf 90' lang='lat' dir='ltr'><strong>terram</strong></span> <span class='ocrx_word' id='word_1_215' title='bbox 1904 2024 2140 2093; x_wconf 76' lang='lat' dir='ltr'><strong>inspexit</strong></span> 
     </span>
    </p>
   </div>
   <div class='ocr_carea' id='block_1_36' title="bbox 558 2115 2135 2187">
    <p class='ocr_par' dir='ltr' id='par_1_36' title="bbox 558 2115 2135 2187">
     <span class='ocr_line' id='line_1_36' title="bbox 558 2115 2135 2187; baseline -0.002 -14"><span class='ocrx_word' id='word_1_216' title='bbox 558 2120 790 2184; x_wconf 85' lang='lat' dir='ltr'><strong>lumine,</strong></span> <span class='ocrx_word' id='word_1_217' title='bbox 832 2133 954 2174; x_wconf 92' lang='lat' dir='ltr'><strong>cum</strong></span> <span class='ocrx_word' id='word_1_218' title='bbox 1008 2118 1142 2173; x_wconf 87' lang='lat' dir='ltr'><strong>solis</strong></span> <span class='ocrx_word' id='word_1_219' title='bbox 1172 2116 1399 2187; x_wconf 71' lang='lat' dir='ltr'><strong>iustitiae</strong></span> <span class='ocrx_word' id='word_1_220' title='bbox 1427 2115 1693 2172; x_wconf 80' lang='lat' dir='ltr'><strong>ferculum</strong></span> <span class='ocrx_word' id='word_1_221' title='bbox 1731 2125 1998 2172; x_wconf 83' lang='lat' dir='ltr'><strong>structum</strong></span> <span class='ocrx_word' id='word_1_222' title='bbox 2020 2117 2135 2170; x_wconf 86' lang='lat' dir='ltr'><strong>est!</strong></span> 
     </span>
    </p>
   </div>
   <div class='ocr_carea' id='block_1_37' title="bbox 559 2210 2137 2277">
    <p class='ocr_par' dir='ltr' id='par_1_37' title="bbox 559 2210 2137 2277">
     <span class='ocr_line' id='line_1_37' title="bbox 559 2210 2137 2277; baseline 0.001 -11"><span class='ocrx_word' id='word_1_223' title='bbox 559 2212 730 2277; x_wconf 82' lang='lat' dir='ltr'><strong>Quam</strong></span> <span class='ocrx_word' id='word_1_224' title='bbox 771 2210 976 2265; x_wconf 88' lang='lat' dir='ltr'><strong>mundo</strong></span> <span class='ocrx_word' id='word_1_225' title='bbox 1002 2210 1281 2267; x_wconf 70' lang='lat' dir='ltr'><strong>laetissima</strong></span> <span class='ocrx_word' id='word_1_226' title='bbox 1339 2210 1459 2266; x_wconf 90' lang='lat' dir='ltr'><strong>luce</strong></span> <span class='ocrx_word' id='word_1_227' title='bbox 1499 2211 1878 2267; x_wconf 86' lang='lat' dir='ltr'><strong>collustratum</strong></span> <span class='ocrx_word' id='word_1_228' title='bbox 1911 2224 1993 2266; x_wconf 78' lang='grc' dir='ltr'><strong>εει</strong></span> <span class='ocrx_word' id='word_1_229' title='bbox 2024 2227 2137 2267; x_wconf 78' lang='lat' dir='ltr'><strong>rte-</strong></span> 
     </span>
    </p>
   </div>
   <div class='ocr_carea' id='block_1_38' title="bbox 562 2301 2134 2371">
    <p class='ocr_par' dir='ltr' id='par_1_38' title="bbox 562 2301 2134 2371">
     <span class='ocr_line' id='line_1_38' title="bbox 562 2301 2134 2371; baseline 0.001 -16"><span class='ocrx_word' id='word_1_230' title='bbox 562 2304 697 2368; x_wconf 88' lang='lat' dir='ltr'><strong>lum,</strong></span> <span class='ocrx_word' id='word_1_231' title='bbox 725 2303 965 2371; x_wconf 87' lang='lat' dir='ltr'><strong>glorioso</strong></span> <span class='ocrx_word' id='word_1_232' title='bbox 1019 2302 1113 2356; x_wconf 89' lang='lat' dir='ltr'><strong>illo</strong></span> <span class='ocrx_word' id='word_1_233' title='bbox 1143 2315 1208 2355; x_wconf 90' lang='lat' dir='ltr'><strong>ac</strong></span> <span class='ocrx_word' id='word_1_234' title='bbox 1265 2302 1540 2370; x_wconf 74' lang='lat' dir='ltr'><strong>eapziciori</strong></span> <span class='ocrx_word' id='word_1_235' title='bbox 1589 2302 1911 2357; x_wconf 81' lang='lat' dir='ltr'><strong>adveniente</strong></span> <span class='ocrx_word' id='word_1_236' title='bbox 1953 2301 2134 2357; x_wconf 68' lang='lat' dir='ltr'><strong>Caelo!</strong></span> 
     </span>
    </p>
   </div>
   <div class='ocr_carea' id='block_1_39' title="bbox 563 2392 2139 2460">
    <p class='ocr_par' dir='ltr' id='par_1_39' title="bbox 563 2392 2139 2460">
     <span class='ocr_line' id='line_1_39' title="bbox 563 2392 2139 2460; baseline 0.001 -14"><span class='ocrx_word' id='word_1_237' title='bbox 563 2393 737 2460; x_wconf 85' lang='lat' dir='ltr'><strong>Quam</strong></span> <span class='ocrx_word' id='word_1_238' title='bbox 774 2393 944 2448; x_wconf 88' lang='lat' dir='ltr'><strong>nubes</strong></span> <span class='ocrx_word' id='word_1_239' title='bbox 981 2393 1217 2447; x_wconf 66' lang='lat' dir='ltr'><strong>laetitiam</strong></span> <span class='ocrx_word' id='word_1_240' title='bbox 1254 2392 1556 2458; x_wconf 86' lang='lat' dir='ltr'><strong>stillabant,</strong></span> <span class='ocrx_word' id='word_1_241' title='bbox 1596 2406 1722 2447; x_wconf 91' lang='lat' dir='ltr'><strong>cum</strong></span> <span class='ocrx_word' id='word_1_242' title='bbox 1764 2394 1955 2448; x_wconf 85' lang='lat' dir='ltr'><strong>imbris</strong></span> <span class='ocrx_word' id='word_1_243' title='bbox 1995 2395 2139 2448; x_wconf 88' lang='lat' dir='ltr'><strong>illius</strong></span> 
     </span>
    </p>
   </div>
   <div class='ocr_carea' id='block_1_40' title="bbox 559 2482 2136 2554">
    <p class='ocr_par' dir='ltr' id='par_1_40' title="bbox 559 2482 2136 2554">
     <span class='ocr_line' id='line_1_40' title="bbox 559 2482 2136 2554; baseline 0.001 -18"><span class='ocrx_word' id='word_1_244' title='bbox 559 2484 742 2539; x_wconf 81' lang='lat' dir='ltr'><strong>vitalis</strong></span> <span class='ocrx_word' id='word_1_245' title='bbox 799 2483 994 2547; x_wconf 87' lang='lat' dir='ltr'><strong>nubes,</strong></span> <span class='ocrx_word' id='word_1_246' title='bbox 1057 2483 1209 2538; x_wconf 86' lang='lat' dir='ltr'><strong>orbis</strong></span> <span class='ocrx_word' id='word_1_247' title='bbox 1239 2482 1440 2538; x_wconf 84' lang='lat' dir='ltr'><strong>ﬁnibus</strong></span> <span class='ocrx_word' id='word_1_248' title='bbox 1490 2483 1893 2554; x_wconf 90' lang='lat' dir='ltr'><strong>explicaretur!</strong></span> <span class='ocrx_word' id='word_1_249' title='bbox 1963 2485 2136 2551; x_wconf 87' lang='lat' dir='ltr'><strong>Quam</strong></span> 
     </span>
    </p>
   </div>
   <div class='ocr_carea' id='block_1_41' title="bbox 560 2574 2138 2645">
    <p class='ocr_par' dir='ltr' id='par_1_41' title="bbox 560 2574 2138 2645">
     <span class='ocr_line' id='line_1_41' title="bbox 560 2574 2138 2645; baseline 0 -14"><span class='ocrx_word' id='word_1_250' title='bbox 560 2586 783 2631; x_wconf 84' lang='lat' dir='ltr'><strong>sanctus</strong></span> <span class='ocrx_word' id='word_1_251' title='bbox 816 2574 989 2638; x_wconf 90' lang='lat' dir='ltr'><strong>locus,</strong></span> <span class='ocrx_word' id='word_1_252' title='bbox 1022 2588 1086 2628; x_wconf 89' lang='lat' dir='ltr'><strong>ac</strong></span> <span class='ocrx_word' id='word_1_253' title='bbox 1120 2574 1355 2645; x_wconf 78' lang='lat' dir='ltr'><strong>gloriosi</strong></span> <span class='ocrx_word' id='word_1_254' title='bbox 1409 2576 1575 2641; x_wconf 84' lang='lat' dir='ltr'><strong>lares,</strong></span> <span class='ocrx_word' id='word_1_255' title='bbox 1623 2576 1717 2631; x_wconf 90' lang='lat' dir='ltr'><strong>ubi</strong></span> <span class='ocrx_word' id='word_1_256' title='bbox 1756 2576 1901 2630; x_wconf 79' lang='lat' dir='ltr'><strong>edita</strong></span> <span class='ocrx_word' id='word_1_257' title='bbox 1928 2586 2010 2631; x_wconf 82' lang='lat' dir='ltr'><strong>est</strong></span> <span class='ocrx_word' id='word_1_258' title='bbox 2048 2577 2138 2631; x_wconf 87' lang='lat' dir='ltr'><strong>Dei</strong></span> 
     </span>
    </p>
   </div>
   <div class='ocr_carea' id='block_1_42' title="bbox 559 2666 2140 2739">
    <p class='ocr_par' dir='ltr' id='par_1_42' title="bbox 559 2666 2140 2739">
     <span class='ocr_line' id='line_1_42' title="bbox 559 2666 2140 2739; baseline 0.001 -17"><span class='ocrx_word' id='word_1_259' title='bbox 559 2666 956 2722; x_wconf 80' lang='lat' dir='ltr'><strong>sanctiﬁcatio!</strong></span> <span class='ocrx_word' id='word_1_260' title='bbox 993 2666 1085 2721; x_wconf 92' lang='lat' dir='ltr'><strong>ubi</strong></span> <span class='ocrx_word' id='word_1_261' title='bbox 1137 2667 1333 2722; x_wconf 90' lang='lat' dir='ltr'><strong>domus</strong></span> <span class='ocrx_word' id='word_1_262' title='bbox 1362 2668 1535 2738; x_wconf 86' lang='lat' dir='ltr'><strong>gloria</strong></span> <span class='ocrx_word' id='word_1_263' title='bbox 1576 2667 1830 2734; x_wconf 80' lang='lat' dir='ltr'><strong>fundata,</strong></span> <span class='ocrx_word' id='word_1_264' title='bbox 1873 2670 1966 2725; x_wconf 89' lang='lat' dir='ltr'><strong>ubi</strong></span> <span class='ocrx_word' id='word_1_265' title='bbox 2003 2685 2140 2739; x_wconf 67' lang='lat' dir='ltr'><strong>prae-</strong></span> 
     </span>
    </p>
   </div>
   <div class='ocr_carea' id='block_1_43' title="bbox 558 2759 2135 2830">
    <p class='ocr_par' dir='ltr' id='par_1_43' title="bbox 558 2759 2135 2830">
     <span class='ocr_line' id='line_1_43' title="bbox 558 2759 2135 2830; baseline 0.002 -17"><span class='ocrx_word' id='word_1_266' title='bbox 558 2768 807 2813; x_wconf 78' lang='lat' dir='ltr'><strong>sanctum</strong></span> <span class='ocrx_word' id='word_1_267' title='bbox 842 2773 907 2814; x_wconf 89' lang='lat' dir='ltr'><strong>ac</strong></span> <span class='ocrx_word' id='word_1_268' title='bbox 928 2759 1480 2829; x_wconf 79' lang='lat' dir='ltr'><strong>incomprehensibile</strong></span> <span class='ocrx_word' id='word_1_269' title='bbox 1507 2762 1771 2830; x_wconf 88' lang='lat' dir='ltr'><strong>templum</strong></span> <span class='ocrx_word' id='word_1_270' title='bbox 1803 2772 2135 2817; x_wconf 89' lang='lat' dir='ltr'><strong>exstructum</strong></span> 
     </span>
    </p>
   </div>
   <div class='ocr_carea' id='block_1_44' title="bbox 560 2848 2140 2922">
    <p class='ocr_par' dir='ltr' id='par_1_44' title="bbox 560 2848 2140 2922">
     <span class='ocr_line' id='line_1_44' title="bbox 560 2848 2140 2922; baseline 0.001 -18"><span class='ocrx_word' id='word_1_271' title='bbox 560 2850 881 2915; x_wconf 82' lang='lat' dir='ltr'><strong>estlQuam</strong></span> <span class='ocrx_word' id='word_1_272' title='bbox 917 2848 1163 2905; x_wconf 77' lang='lat' dir='ltr'><strong>divinum</strong></span> <span class='ocrx_word' id='word_1_273' title='bbox 1207 2859 1338 2905; x_wconf 87' lang='lat' dir='ltr'><strong>tunc</strong></span> <span class='ocrx_word' id='word_1_274' title='bbox 1385 2850 1654 2906; x_wconf 84' lang='lat' dir='ltr'><strong>libertatis</strong></span> <span class='ocrx_word' id='word_1_275' title='bbox 1702 2851 1899 2922; x_wconf 87' lang='lat' dir='ltr'><strong>pignus</strong></span> <span class='ocrx_word' id='word_1_276' title='bbox 1929 2852 2140 2921; x_wconf 80' lang='lat' dir='ltr'><strong>accepit</strong></span> 
     </span>
    </p>
   </div>
   <div class='ocr_carea' id='block_1_45' title="bbox 563 2940 2136 3010">
    <p class='ocr_par' dir='ltr' id='par_1_45' title="bbox 563 2940 2136 3010">
     <span class='ocr_line' id='line_1_45' title="bbox 563 2940 2136 3010; baseline 0.001 -16"><span class='ocrx_word' id='word_1_277' title='bbox 563 2949 726 3007; x_wconf 90' lang='lat' dir='ltr'><strong>terra,</strong></span> <span class='ocrx_word' id='word_1_278' title='bbox 781 2940 1201 2996; x_wconf 83' lang='lat' dir='ltr'><strong>desiderabilem</strong></span> <span class='ocrx_word' id='word_1_279' title='bbox 1254 2941 1405 2996; x_wconf 87' lang='lat' dir='ltr'><strong>illam</strong></span> <span class='ocrx_word' id='word_1_280' title='bbox 1466 2957 1531 2998; x_wconf 88' lang='lat' dir='ltr'><strong>ac</strong></span> <span class='ocrx_word' id='word_1_281' title='bbox 1590 2952 1836 2998; x_wconf 87' lang='lat' dir='ltr'><strong>sanetam</strong></span> <span class='ocrx_word' id='word_1_282' title='bbox 1913 2954 2136 3010; x_wconf 87' lang='lat' dir='ltr'><strong>terram,</strong></span> 
     </span>
    </p>
   </div>
   <div class='ocr_carea' id='block_1_46' title="bbox 562 3031 2135 3105">
    <p class='ocr_par' dir='ltr' id='par_1_46' title="bbox 562 3031 2135 3105">
     <span class='ocr_line' id='line_1_46' title="bbox 562 3031 2135 3105; baseline 0.003 -20"><span class='ocrx_word' id='word_1_283' title='bbox 562 3031 751 3086; x_wconf 88' lang='lat' dir='ltr'><strong>mundi</strong></span> <span class='ocrx_word' id='word_1_284' title='bbox 782 3032 1197 3088; x_wconf 84' lang='lat' dir='ltr'><strong>instaurationis</strong></span> <span class='ocrx_word' id='word_1_285' title='bbox 1221 3048 1470 3099; x_wconf 88' lang='lat' dir='ltr'><strong>causam,</strong></span> <span class='ocrx_word' id='word_1_286' title='bbox 1516 3049 1612 3105; x_wconf 87' lang='lat' dir='ltr'><strong>per</strong></span> <span class='ocrx_word' id='word_1_287' title='bbox 1641 3049 1805 3105; x_wconf 90' lang='lat' dir='ltr'><strong>quam</strong></span> <span class='ocrx_word' id='word_1_288' title='bbox 1853 3035 2135 3105; x_wconf 85' lang='lat' dir='ltr'><strong>spinarum</strong></span> 
     </span>
    </p>
   </div>
   <div class='ocr_carea' id='block_1_47' title="bbox 2237 1931 3839 2010">
    <p class='ocr_par' dir='ltr' id='par_1_47' title="bbox 2237 1931 3839 2010">
     <span class='ocr_line' id='line_1_47' title="bbox 2237 1931 3839 2010; baseline -0.001 -18"><span class='ocrx_word' id='word_1_289' title='bbox 2237 1940 2421 1993; x_wconf 83' lang='grc' dir='ltr'>ἀκτῖσι</span> <span class='ocrx_word' id='word_1_290' title='bbox 2446 1938 2926 1992; x_wconf 85' lang='grc' dir='ltr'>καταποικίλλεται</span> <span class='ocrx_word' id='word_1_291' title='bbox 2948 1938 2961 1992; x_wconf 81' lang='lat' dir='ltr'><strong>l</strong></span> <span class='ocrx_word' id='word_1_292' title='bbox 2981 1936 3073 2001; x_wconf 82' lang='grc' dir='ltr'>Ὠς</span> <span class='ocrx_word' id='word_1_293' title='bbox 3097 1938 3197 1990; x_wconf 89' lang='grc' dir='ltr'><strong>ὐπε</strong></span> <span class='ocrx_word' id='word_1_294' title='bbox 3208 1940 3397 2010; x_wconf 79' lang='grc' dir='ltr'>ριραιῖς</span> <span class='ocrx_word' id='word_1_295' title='bbox 3413 1939 3469 1992; x_wconf 78' lang='grc' dir='ltr'><strong>αἱ</strong></span> <span class='ocrx_word' id='word_1_296' title='bbox 3487 1931 3645 2009; x_wconf 84' lang='grc' dir='ltr'>ὧραι,</span> <span class='ocrx_word' id='word_1_297' title='bbox 3667 1941 3724 1992; x_wconf 79' lang='grc' dir='ltr'>ἐν</span> <span class='ocrx_word' id='word_1_298' title='bbox 3743 1935 3839 2002; x_wconf 73' lang='grc' dir='ltr'>αἷς</span> 
     </span>
    </p>
   </div>
   <div class='ocr_carea' id='block_1_48' title="bbox 2237 2031 3837 2103">
    <p class='ocr_par' dir='ltr' id='par_1_48' title="bbox 2237 2031 3837 2103">
     <span class='ocr_line' id='line_1_48' title="bbox 2237 2031 3837 2103; baseline 0.002 -20"><span class='ocrx_word' id='word_1_299' title='bbox 2237 2033 2370 2102; x_wconf 82' lang='grc' dir='ltr'>ἡμῖν</span> <span class='ocrx_word' id='word_1_300' title='bbox 2405 2033 2438 2101; x_wconf 80' lang='grc' dir='ltr'><strong>ἡ</strong></span> <span class='ocrx_word' id='word_1_301' title='bbox 2465 2031 2567 2085; x_wconf 84' lang='grc' dir='ltr'><strong>τοῦ</strong></span> <span class='ocrx_word' id='word_1_302' title='bbox 2605 2031 2784 2101; x_wconf 73' lang='grc' dir='ltr'>φωτὸς</span> <span class='ocrx_word' id='word_1_303' title='bbox 2823 2031 3063 2085; x_wconf 77' lang='grc' dir='ltr'>ἀνέτειλε</span> <span class='ocrx_word' id='word_1_304' title='bbox 3088 2031 3326 2101; x_wconf 75' lang='grc' dir='ltr'>νεφέληί</span> <span class='ocrx_word' id='word_1_305' title='bbox 3378 2031 3466 2094; x_wconf 82' lang='grc' dir='ltr'>Ὠς</span> <span class='ocrx_word' id='word_1_306' title='bbox 3501 2034 3837 2103; x_wconf 80' lang='grc' dir='ltr'>ὐπερωραία</span> 
     </span>
    </p>
   </div>
   <div class='ocr_carea' id='block_1_49' title="bbox 2243 2123 3835 2197">
    <p class='ocr_par' dir='ltr' id='par_1_49' title="bbox 2243 2123 3835 2197">
     <span class='ocr_line' id='line_1_49' title="bbox 2243 2123 3835 2197; baseline 0.001 -20"><span class='ocrx_word' id='word_1_307' title='bbox 2243 2125 2484 2197; x_wconf 77' lang='grc' dir='ltr'>ῥοδοειδῆ</span> <span class='ocrx_word' id='word_1_308' title='bbox 2515 2124 2870 2189; x_wconf 65' lang='grc' dir='ltr'>καθυπέδενξε</span> <span class='ocrx_word' id='word_1_309' title='bbox 2890 2124 3060 2194; x_wconf 88' lang='grc' dir='ltr'>κάλλη</span> <span class='ocrx_word' id='word_1_310' title='bbox 3088 2126 3116 2177; x_wconf 82' lang='grc' dir='ltr'><strong>ὁ</strong></span> <span class='ocrx_word' id='word_1_311' title='bbox 3138 2123 3309 2194; x_wconf 81' lang='grc' dir='ltr'>ἦλιο-,</span> <span class='ocrx_word' id='word_1_312' title='bbox 3327 2126 3421 2177; x_wconf 67' lang='grc' dir='ltr'><strong>καὶ</strong></span> <span class='ocrx_word' id='word_1_313' title='bbox 3439 2125 3725 2194; x_wconf 78' lang='grc' dir='ltr'>φανοτάτῳ</span> <span class='ocrx_word' id='word_1_314' title='bbox 3763 2129 3835 2197; x_wconf 80' lang='grc' dir='ltr'>τῇ</span> 
     </span>
    </p>
   </div>
   <div class='ocr_carea' id='block_1_50' title="bbox 2240 2216 3840 2289">
    <p class='ocr_par' dir='ltr' id='par_1_50' title="bbox 2240 2216 3840 2289">
     <span class='ocr_line' id='line_1_50' title="bbox 2240 2216 3840 2289; baseline -0.001 -19"><span class='ocrx_word' id='word_1_315' title='bbox 2240 2218 2334 2270; x_wconf 79' lang='grc' dir='ltr'>ὑπ’</span> <span class='ocrx_word' id='word_1_316' title='bbox 2354 2216 2816 2288; x_wconf 76' lang='grc' dir='ltr'>οὐρανὸνδιέκυψε</span> <span class='ocrx_word' id='word_1_317' title='bbox 2846 2218 3007 2286; x_wconf 77' lang='grc' dir='ltr'>φωτὶ,</span> <span class='ocrx_word' id='word_1_318' title='bbox 3030 2216 3219 2287; x_wconf 78' lang='grc' dir='ltr'>ἡνίκα,</span> <span class='ocrx_word' id='word_1_319' title='bbox 3239 2216 3300 2270; x_wconf 76' lang='grc' dir='ltr'>τὸ</span> <span class='ocrx_word' id='word_1_320' title='bbox 3333 2219 3429 2287; x_wconf 82' lang='grc' dir='ltr'><strong>τῆς</strong></span> <span class='ocrx_word' id='word_1_321' title='bbox 3480 2217 3840 2289; x_wconf 72' lang='grc' dir='ltr'>δικαιοσύνης</span> 
     </span>
    </p>
   </div>
   <div class='ocr_carea' id='block_1_51' title="bbox 2238 2308 3841 2382">
    <p class='ocr_par' dir='ltr' id='par_1_51' title="bbox 2238 2308 3841 2382">
     <span class='ocr_line' id='line_1_51' title="bbox 2238 2308 3841 2382; baseline 0 -19"><span class='ocrx_word' id='word_1_322' title='bbox 2238 2309 2331 2363; x_wconf 82' lang='grc' dir='ltr'><strong>τοῦ</strong></span> <span class='ocrx_word' id='word_1_323' title='bbox 2379 2310 2558 2363; x_wconf 86' lang='grc' dir='ltr'>Ἡλίου</span> <span class='ocrx_word' id='word_1_324' title='bbox 2592 2310 2777 2380; x_wconf 74' lang='grc' dir='ltr'>ὄχημα</span> <span class='ocrx_word' id='word_1_325' title='bbox 2831 2308 3281 2378; x_wconf 78' lang='grc' dir='ltr'>κατεσκευάσθῃί</span> <span class='ocrx_word' id='word_1_326' title='bbox 3352 2308 3439 2370; x_wconf 80' lang='lat'><strong>&#39;0;</strong></span> <span class='ocrx_word' id='word_1_327' title='bbox 3488 2310 3841 2382; x_wconf 74' lang='grc' dir='ltr'>φαιδροτάτῳ</span> 
     </span>
    </p>
   </div>
   <div class='ocr_carea' id='block_1_52' title="bbox 2239 2399 3837 2473">
    <p class='ocr_par' dir='ltr' id='par_1_52' title="bbox 2239 2399 3837 2473">
     <span class='ocr_line' id='line_1_52' title="bbox 2239 2399 3837 2473; baseline 0 -17"><span class='ocrx_word' id='word_1_328' title='bbox 2239 2403 2479 2473; x_wconf 78' lang='grc' dir='ltr'>κόσμῳό</span> <span class='ocrx_word' id='word_1_329' title='bbox 2512 2402 2740 2472; x_wconf 82' lang='grc' dir='ltr'>οὐρανὸς</span> <span class='ocrx_word' id='word_1_330' title='bbox 2784 2401 3220 2472; x_wconf 83' lang='grc' dir='ltr'>περιελάμπετο,</span> <span class='ocrx_word' id='word_1_331' title='bbox 3270 2399 3364 2453; x_wconf 81' lang='grc' dir='ltr'><strong>τοῦ</strong></span> <span class='ocrx_word' id='word_1_332' title='bbox 3414 2399 3837 2471; x_wconf 69' lang='grc' dir='ltr'>δεδοξασμένον,</span> 
     </span>
    </p>
   </div>
   <div class='ocr_carea' id='block_1_53' title="bbox 2240 2493 3838 2565">
    <p class='ocr_par' dir='ltr' id='par_1_53' title="bbox 2240 2493 3838 2565">
     <span class='ocr_line' id='line_1_53' title="bbox 2240 2493 3838 2565; baseline -0.001 -17"><span class='ocrx_word' id='word_1_333' title='bbox 2240 2496 2335 2548; x_wconf 79' lang='grc' dir='ltr'>καὶ</span> <span class='ocrx_word' id='word_1_334' title='bbox 2389 2494 2834 2565; x_wconf 85' lang='grc' dir='ltr'>εὐρυχωροτέρου</span> <span class='ocrx_word' id='word_1_335' title='bbox 2897 2494 3353 2564; x_wconf 69' lang='grc' dir='ltr'>παραγενομένου</span> <span class='ocrx_word' id='word_1_336' title='bbox 3407 2493 3682 2563; x_wconf 72' lang='grc' dir='ltr'>οὐρανοῦι</span> <span class='ocrx_word' id='word_1_337' title='bbox 3748 2495 3838 2557; x_wconf 79' lang='grc' dir='ltr'>Ὠς</span> 
     </span>
    </p>
   </div>
   <div class='ocr_carea' id='block_1_54' title="bbox 2241 2586 3827 2659">
    <p class='ocr_par' dir='ltr' id='par_1_54' title="bbox 2241 2586 3827 2659">
     <span class='ocr_line' id='line_1_54' title="bbox 2241 2586 3827 2659; baseline -0.001 -19"><span class='ocrx_word' id='word_1_338' title='bbox 2241 2587 2587 2657; x_wconf 80' lang='grc' dir='ltr'>εὐφροσύνην</span> <span class='ocrx_word' id='word_1_339' title='bbox 2624 2588 2682 2640; x_wconf 89' lang='grc' dir='ltr'><strong>αί</strong></span> <span class='ocrx_word' id='word_1_340' title='bbox 2714 2586 2936 2655; x_wconf 74' lang='grc' dir='ltr'>νεφέλαι</span> <span class='ocrx_word' id='word_1_341' title='bbox 2975 2587 3366 2659; x_wconf 79' lang='grc' dir='ltr'>κατέρραινον,</span> <span class='ocrx_word' id='word_1_342' title='bbox 3394 2587 3483 2641; x_wconf 80' lang='grc' dir='ltr'>ὅτε</span> <span class='ocrx_word' id='word_1_343' title='bbox 3533 2589 3566 2658; x_wconf 85' lang='grc' dir='ltr'><strong>ἡ</strong></span> <span class='ocrx_word' id='word_1_344' title='bbox 3628 2589 3827 2656; x_wconf 67' lang='grc' dir='ltr'>νεφέλη</span> 
     </span>
    </p>
   </div>
   <div class='ocr_carea' id='block_1_55' title="bbox 2239 2676 3833 2751">
    <p class='ocr_par' dir='ltr' id='par_1_55' title="bbox 2239 2676 3833 2751">
     <span class='ocr_line' id='line_1_55' title="bbox 2239 2676 3833 2751; baseline -0.001 -21"><span class='ocrx_word' id='word_1_345' title='bbox 2239 2679 2333 2731; x_wconf 84' lang='grc' dir='ltr'><strong>τοῦ</strong></span> <span class='ocrx_word' id='word_1_346' title='bbox 2389 2678 2715 2749; x_wconf 78' lang='grc' dir='ltr'>ζωπαρόχου</span> <span class='ocrx_word' id='word_1_347' title='bbox 2769 2676 2835 2750; x_wconf 63' lang='lat' dir='ltr'><strong>[ﬂ</strong></span> <span class='ocrx_word' id='word_1_348' title='bbox 2873 2676 3153 2751; x_wconf 79' lang='grc' dir='ltr'>ζωοπαρ.]</span> <span class='ocrx_word' id='word_1_349' title='bbox 3212 2678 3368 2732; x_wconf 81' lang='grc' dir='ltr'>ὑετοῦ</span> <span class='ocrx_word' id='word_1_350' title='bbox 3423 2682 3534 2741; x_wconf 87' lang='grc' dir='ltr'>τοῖς</span> <span class='ocrx_word' id='word_1_351' title='bbox 3597 2681 3833 2748; x_wconf 76' lang='grc' dir='ltr'>πέρασιν</span> 
     </span>
    </p>
   </div>
   <div class='ocr_carea' id='block_1_56' title="bbox 2239 2768 3837 2840">
    <p class='ocr_par' dir='ltr' id='par_1_56' title="bbox 2239 2768 3837 2840">
     <span class='ocr_line' id='line_1_56' title="bbox 2239 2768 3837 2840; baseline 0 -19"><span class='ocrx_word' id='word_1_352' title='bbox 2239 2768 2551 2839; x_wconf 75' lang='grc' dir='ltr'>ὲφηπλοῦτο</span> <span class='ocrx_word' id='word_1_353' title='bbox 2573 2771 2585 2823; x_wconf 88' lang='lat' dir='ltr'><strong>l</strong></span> <span class='ocrx_word' id='word_1_354' title='bbox 2628 2769 2716 2833; x_wconf 82' lang='grc' dir='ltr'>Ὠς</span> <span class='ocrx_word' id='word_1_355' title='bbox 2740 2770 3075 2840; x_wconf 79' lang='grc' dir='ltr'>ἡγιασμένος</span> <span class='ocrx_word' id='word_1_356' title='bbox 3096 2770 3319 2834; x_wconf 82' lang='grc' dir='ltr'>ὁτόπος,</span> <span class='ocrx_word' id='word_1_357' title='bbox 3339 2770 3433 2823; x_wconf 67' lang='grc' dir='ltr'>καὶ</span> <span class='ocrx_word' id='word_1_358' title='bbox 3463 2769 3837 2839; x_wconf 81' lang='grc' dir='ltr'>δεδοξασμὲνη</span> 
     </span>
    </p>
   </div>
   <div class='ocr_carea' id='block_1_57' title="bbox 2240 2859 3840 2933">
    <p class='ocr_par' dir='ltr' id='par_1_57' title="bbox 2240 2859 3840 2933">
     <span class='ocr_line' id='line_1_57' title="bbox 2240 2859 3840 2933; baseline 0.002 -22"><span class='ocrx_word' id='word_1_359' title='bbox 2240 2860 2273 2930; x_wconf 80' lang='grc' dir='ltr'>ἡ</span> <span class='ocrx_word' id='word_1_360' title='bbox 2304 2860 2478 2926; x_wconf 81' lang='grc' dir='ltr'>ἑστία,</span> <span class='ocrx_word' id='word_1_361' title='bbox 2518 2860 2648 2914; x_wconf 78' lang='grc' dir='ltr'>ἔνθα</span> <span class='ocrx_word' id='word_1_362' title='bbox 2679 2860 2740 2913; x_wconf 82' lang='grc' dir='ltr'>τὸ</span> <span class='ocrx_word' id='word_1_363' title='bbox 2770 2859 2865 2914; x_wconf 90' lang='grc' dir='ltr'><strong>τοῦ</strong></span> <span class='ocrx_word' id='word_1_364' title='bbox 2894 2860 3029 2915; x_wconf 83' lang='grc' dir='ltr'>Θεοῦ</span> <span class='ocrx_word' id='word_1_365' title='bbox 3053 2861 3340 2933; x_wconf 84' lang='grc' dir='ltr'>ἀπεκυήθη</span> <span class='ocrx_word' id='word_1_366' title='bbox 3383 2861 3634 2930; x_wconf 83' lang='grc' dir='ltr'>ἀγίασμα</span> <span class='ocrx_word' id='word_1_367' title='bbox 3658 2877 3672 2890; x_wconf 90' lang='grc'><strong>·</strong></span> <span class='ocrx_word' id='word_1_368' title='bbox 3700 2861 3840 2914; x_wconf 79' lang='grc' dir='ltr'>ἔνθα</span> 
     </span>
    </p>
   </div>
   <div class='ocr_carea' id='block_1_58' title="bbox 2238 2947 3838 3023">
    <p class='ocr_par' dir='ltr' id='par_1_58' title="bbox 2238 2947 3838 3023">
     <span class='ocr_line' id='line_1_58' title="bbox 2238 2947 3838 3023; baseline 0 -18"><span class='ocrx_word' id='word_1_369' title='bbox 2238 2947 2432 3015; x_wconf 74' lang='grc' dir='ltr'>ὀοῐκος</span> <span class='ocrx_word' id='word_1_370' title='bbox 2459 2952 2794 3022; x_wconf 81' lang='grc' dir='ltr'>ὲθεμελίωσε</span> <span class='ocrx_word' id='word_1_371' title='bbox 2831 2952 2930 3023; x_wconf 75' lang='grc' dir='ltr'><strong>τὴν</strong></span> <span class='ocrx_word' id='word_1_372' title='bbox 2967 2952 3123 3019; x_wconf 80' lang='grc' dir='ltr'>δόξαν</span> <span class='ocrx_word' id='word_1_373' title='bbox 3158 2969 3172 2985; x_wconf 77' lang='grc' dir='ltr'><strong>ο</strong></span> <span class='ocrx_word' id='word_1_374' title='bbox 3203 2953 3331 3006; x_wconf 76' lang='grc' dir='ltr'>ἔνθα</span> <span class='ocrx_word' id='word_1_375' title='bbox 3355 2956 3383 3005; x_wconf 82' lang='grc' dir='ltr'>ὁ</span> <span class='ocrx_word' id='word_1_376' title='bbox 3403 2954 3704 3023; x_wconf 76' lang='grc' dir='ltr'>ὐπεράγιος</span> <span class='ocrx_word' id='word_1_377' title='bbox 3734 2954 3838 3005; x_wconf 70' lang='grc' dir='ltr'>καὶ</span> 
     </span>
    </p>
   </div>
   <div class='ocr_carea' id='block_1_59' title="bbox 2240 3042 3838 3116">
    <p class='ocr_par' dir='ltr' id='par_1_59' title="bbox 2240 3042 3838 3116">
     <span class='ocr_line' id='line_1_59' title="bbox 2240 3042 3838 3116; baseline -0.001 -19"><span class='ocrx_word' id='word_1_378' title='bbox 2240 3042 2626 3113; x_wconf 86' lang='grc' dir='ltr'>ἀκατάληπτος</span> <span class='ocrx_word' id='word_1_379' title='bbox 2655 3043 2983 3115; x_wconf 81' lang='grc' dir='ltr'>ᾠκοδομήθη</span> <span class='ocrx_word' id='word_1_380' title='bbox 3023 3045 3181 3111; x_wconf 70' lang='grc' dir='ltr'>ναόςξί</span> <span class='ocrx_word' id='word_1_381' title='bbox 3218 3043 3305 3107; x_wconf 87' lang='grc' dir='ltr'>Ὦς</span> <span class='ocrx_word' id='word_1_382' title='bbox 3349 3044 3640 3116; x_wconf 75' lang='grc' dir='ltr'>ἀρραϐῶνα</span> <span class='ocrx_word' id='word_1_383' title='bbox 3682 3043 3838 3096; x_wconf 86' lang='grc' dir='ltr'>θεῖον</span> 
     </span>
    </p>
   </div>
   <div class='ocr_carea' id='block_1_60' title="bbox 450 5067 2140 5147">
    <p class='ocr_par' dir='ltr' id='par_1_60' title="bbox 450 5067 2140 5147">
     <span class='ocr_line' id='line_1_60' title="bbox 450 5067 2140 5147; baseline 0.002 -26"><span class='ocrx_word' id='word_1_384' title='bbox 450 5141 457 5147; x_wconf 85' lang='lat'><em>_</em></span> <span class='ocrx_word' id='word_1_385' title='bbox 563 5076 733 5137; x_wconf 88' lang='lat' dir='ltr'><strong>gnant</strong></span> <span class='ocrx_word' id='word_1_386' title='bbox 767 5067 1025 5137; x_wconf 85' lang='lat' dir='ltr'><strong>gratiam.</strong></span> <span class='ocrx_word' id='word_1_387' title='bbox 1061 5067 1265 5136; x_wconf 82' lang='lat' dir='ltr'><strong>Aperta</strong></span> <span class='ocrx_word' id='word_1_388' title='bbox 1291 5067 1434 5121; x_wconf 89' lang='lat' dir='ltr'><strong>enim</strong></span> <span class='ocrx_word' id='word_1_389' title='bbox 1461 5078 1546 5123; x_wconf 88' lang='lat' dir='ltr'><strong>est</strong></span> <span class='ocrx_word' id='word_1_390' title='bbox 1591 5068 1861 5123; x_wconf 89' lang='lat' dir='ltr'><strong>honorum</strong></span> <span class='ocrx_word' id='word_1_391' title='bbox 1894 5069 2140 5140; x_wconf 82' lang='lat' dir='ltr'><strong>abyssus,</strong></span> 
     </span>
    </p>
   </div>
   <div class='ocr_carea' id='block_1_61' title="bbox 559 3121 2136 3220">
    <p class='ocr_par' dir='ltr' id='par_1_61' title="bbox 559 3121 2135 3189">
     <span class='ocr_line' id='line_1_61' title="bbox 559 3121 2135 3189; baseline 0.004 -13"><span class='ocrx_word' id='word_1_392' title='bbox 559 3121 696 3177; x_wconf 88' lang='lat' dir='ltr'><strong>diris</strong></span> <span class='ocrx_word' id='word_1_393' title='bbox 737 3123 981 3189; x_wconf 81' lang='lat' dir='ltr'><strong>liberata,</strong></span> <span class='ocrx_word' id='word_1_394' title='bbox 1016 3124 1414 3180; x_wconf 87' lang='lat' dir='ltr'><strong>benedictionis</strong></span> <span class='ocrx_word' id='word_1_395' title='bbox 1462 3123 1675 3181; x_wconf 82' lang='lat' dir='ltr'><strong>fructus</strong></span> <span class='ocrx_word' id='word_1_396' title='bbox 1726 3125 1925 3181; x_wconf 87' lang='lat' dir='ltr'><strong>edidit!</strong></span> <span class='ocrx_word' id='word_1_397' title='bbox 1972 3125 2135 3182; x_wconf 87' lang='lat' dir='ltr'><strong>Beata</strong></span> 
     </span>
    </p>
   </div>
   <div class='ocr_carea' id='block_1_62' title="bbox 2239 3121 3838 3220">
    <p class='ocr_par' dir='ltr' id='par_1_62' title="bbox 2239 3133 3838 3205">
     <span class='ocr_line' id='line_1_62' title="bbox 2239 3133 3838 3205; baseline 0 -19"><span class='ocrx_word' id='word_1_398' title='bbox 2239 3133 2340 3202; x_wconf 80' lang='grc' dir='ltr'>τῆς</span> <span class='ocrx_word' id='word_1_399' title='bbox 2401 3133 2716 3203; x_wconf 69' lang='grc' dir='ltr'>ἐλευθερίας</span> <span class='ocrx_word' id='word_1_400' title='bbox 2787 3134 2821 3205; x_wconf 77' lang='grc' dir='ltr'><strong>ἡ</strong></span> <span class='ocrx_word' id='word_1_401' title='bbox 2883 3133 2956 3203; x_wconf 82' lang='grc' dir='ltr'>γῆ</span> <span class='ocrx_word' id='word_1_402' title='bbox 2981 3134 3104 3186; x_wconf 75' lang='grc' dir='ltr'>τότε</span> <span class='ocrx_word' id='word_1_403' title='bbox 3150 3134 3250 3205; x_wconf 76' lang='grc' dir='ltr'><strong>τὴν</strong></span> <span class='ocrx_word' id='word_1_404' title='bbox 3314 3133 3660 3205; x_wconf 75' lang='grc' dir='ltr'>ἐπιθυμητὴν</span> <span class='ocrx_word' id='word_1_405' title='bbox 3730 3135 3838 3186; x_wconf 80' lang='grc' dir='ltr'>καὶ</span> 
     </span>
    </p>
   </div>
   <div class='ocr_carea' id='block_1_63' title="bbox 561 3196 2136 3297">
    <p class='ocr_par' dir='ltr' id='par_1_63' title="bbox 561 3215 2136 3288">
     <span class='ocr_line' id='line_1_63' title="bbox 561 3215 2136 3288; baseline 0.004 -21"><span class='ocrx_word' id='word_1_406' title='bbox 561 3216 781 3282; x_wconf 85' lang='lat' dir='ltr'><strong>domus,</strong></span> <span class='ocrx_word' id='word_1_407' title='bbox 818 3232 941 3286; x_wconf 82' lang='lat' dir='ltr'><strong>quae</strong></span> <span class='ocrx_word' id='word_1_408' title='bbox 968 3215 1212 3285; x_wconf 86' lang='lat' dir='ltr'><strong>spiritale</strong></span> <span class='ocrx_word' id='word_1_409' title='bbox 1249 3218 1663 3272; x_wconf 87' lang='lat' dir='ltr'><strong>tabernaculum</strong></span> <span class='ocrx_word' id='word_1_410' title='bbox 1713 3217 2004 3288; x_wconf 86' lang='lat' dir='ltr'><strong>produxit!</strong></span> <span class='ocrx_word' id='word_1_411' title='bbox 2034 3217 2136 3275; x_wconf 88' lang='lat' dir='ltr'><strong>Ter</strong></span> 
     </span>
    </p>
   </div>
   <div class='ocr_carea' id='block_1_64' title="bbox 2239 3196 3839 3297">
    <p class='ocr_par' dir='ltr' id='par_1_64' title="bbox 2240 3196 3839 3297">
     <span class='ocr_line' id='line_1_64' title="bbox 2240 3196 3839 3297; baseline -0.001 -19"><span class='ocrx_word' id='word_1_412' title='bbox 2240 3196 2404 3293; x_wconf 76' lang='grc' dir='ltr'>ἁγίαν</span> <span class='ocrx_word' id='word_1_413' title='bbox 2438 3196 2739 3289; x_wconf 76' lang='grc' dir='ltr'>ὑπεδέξατο</span> <span class='ocrx_word' id='word_1_414' title='bbox 2779 3196 2910 3295; x_wconf 72' lang='grc' dir='ltr'>γῆν,</span> <span class='ocrx_word' id='word_1_415' title='bbox 2945 3196 2956 3203; x_wconf 33' lang='grc' dir='ltr'><strong>Ι</strong></span> <span class='ocrx_word' id='word_1_416' title='bbox 2978 3225 3076 3296; x_wconf 79' lang='grc' dir='ltr'>τὴν</span> <span class='ocrx_word' id='word_1_417' title='bbox 3106 3196 3523 3297; x_wconf 30' lang='grc' dir='ltr'>τοῦΙκαινισμονῦ</span> <span class='ocrx_word' id='word_1_418' title='bbox 3548 3196 3660 3295; x_wconf 48' lang='grc' dir='ltr'>’της</span> <span class='ocrx_word' id='word_1_419' title='bbox 3709 3227 3839 3278; x_wconf 77' lang='grc' dir='ltr'>κτί-</span> 
     </span>
    </p>
   </div>
   <div class='ocr_carea' id='block_1_65' title="bbox 560 3308 2136 3389">
    <p class='ocr_par' dir='ltr' id='par_1_65' title="bbox 560 3308 2136 3380">
     <span class='ocr_line' id='line_1_65' title="bbox 560 3308 2136 3380; baseline 0.004 -20"><span class='ocrx_word' id='word_1_420' title='bbox 560 3308 782 3362; x_wconf 88' lang='lat' dir='ltr'><strong>beatum</strong></span> <span class='ocrx_word' id='word_1_421' title='bbox 830 3318 1119 3378; x_wconf 89' lang='lat' dir='ltr'><strong>parentum</strong></span> <span class='ocrx_word' id='word_1_422' title='bbox 1173 3309 1364 3374; x_wconf 87' lang='lat' dir='ltr'><strong>decus,</strong></span> <span class='ocrx_word' id='word_1_423' title='bbox 1389 3309 1483 3379; x_wconf 92' lang='lat' dir='ltr'><strong>qui</strong></span> <span class='ocrx_word' id='word_1_424' title='bbox 1542 3309 1714 3373; x_wconf 82' lang='lat' dir='ltr'><strong>illam,</strong></span> <span class='ocrx_word' id='word_1_425' title='bbox 1749 3325 1873 3380; x_wconf 80' lang='lat' dir='ltr'><strong>qua:</strong></span> <span class='ocrx_word' id='word_1_426' title='bbox 1899 3310 2014 3366; x_wconf 87' lang='lat' dir='ltr'><strong>sola</strong></span> <span class='ocrx_word' id='word_1_427' title='bbox 2060 3320 2136 3367; x_wconf 87' lang='lat' dir='ltr'><strong>est</strong></span> 
     </span>
    </p>
   </div>
   <div class='ocr_carea' id='block_1_66' title="bbox 2239 3308 3837 3389">
    <p class='ocr_par' dir='ltr' id='par_1_66' title="bbox 2240 3310 3837 3389">
     <span class='ocr_line' id='line_1_66' title="bbox 2240 3310 3837 3389; baseline 0.002 -21"><span class='ocrx_word' id='word_1_428' title='bbox 2240 3332 2380 3380; x_wconf 83' lang='grc' dir='ltr'>σεως</span> <span class='ocrx_word' id='word_1_429' title='bbox 2410 3317 2614 3382; x_wconf 88' lang='grc' dir='ltr'>αίτίαν,</span> <span class='ocrx_word' id='word_1_430' title='bbox 2653 3316 2721 3370; x_wconf 88' lang='grc' dir='ltr'>δι’</span> <span class='ocrx_word' id='word_1_431' title='bbox 2747 3310 2813 3388; x_wconf 77' lang='grc' dir='ltr'>ἧς</span> <span class='ocrx_word' id='word_1_432' title='bbox 2838 3316 2940 3387; x_wconf 84' lang='grc' dir='ltr'>τῆς</span> <span class='ocrx_word' id='word_1_433' title='bbox 2962 3317 3309 3381; x_wconf 76' lang='grc' dir='ltr'>ἀκανθώδους</span> <span class='ocrx_word' id='word_1_434' title='bbox 3343 3320 3481 3389; x_wconf 80' lang='grc' dir='ltr'>ἀρᾶς</span> <span class='ocrx_word' id='word_1_435' title='bbox 3511 3316 3837 3389; x_wconf 68' lang='grc' dir='ltr'>ἀπηλλάγη,</span> 
     </span>
    </p>
   </div>
   <div class='ocr_carea' id='block_1_67' title="bbox 557 3400 2136 3482">
    <p class='ocr_par' dir='ltr' id='par_1_67' title="bbox 557 3400 2136 3473">
     <span class='ocr_line' id='line_1_67' title="bbox 557 3400 2136 3473; baseline 0.004 -22"><span class='ocrx_word' id='word_1_436' title='bbox 557 3400 822 3473; x_wconf 74' lang='lat' dir='ltr'><strong>gloriosa,</strong></span> <span class='ocrx_word' id='word_1_437' title='bbox 868 3403 976 3455; x_wconf 88' lang='lat' dir='ltr'><strong>sint</strong></span> <span class='ocrx_word' id='word_1_438' title='bbox 1017 3400 1249 3469; x_wconf 82' lang='lat' dir='ltr'><strong>gloriam</strong></span> <span class='ocrx_word' id='word_1_439' title='bbox 1285 3401 1500 3456; x_wconf 89' lang='lat' dir='ltr'><strong>sortiti!</strong></span> <span class='ocrx_word' id='word_1_440' title='bbox 1552 3400 1904 3459; x_wconf 87' lang='lat' dir='ltr'><strong>llonorabilis</strong></span> <span class='ocrx_word' id='word_1_441' title='bbox 1945 3404 2136 3459; x_wconf 84' lang='lat' dir='ltr'><strong>contri-</strong></span> 
     </span>
    </p>
   </div>
   <div class='ocr_carea' id='block_1_68' title="bbox 2239 3400 3838 3482">
    <p class='ocr_par' dir='ltr' id='par_1_68' title="bbox 2239 3408 3838 3482">
     <span class='ocr_line' id='line_1_68' title="bbox 2239 3408 3838 3482; baseline 0.001 -20"><span class='ocrx_word' id='word_1_442' title='bbox 2239 3408 2334 3462; x_wconf 78' lang='grc' dir='ltr'>καὶ</span> <span class='ocrx_word' id='word_1_443' title='bbox 2360 3408 2613 3478; x_wconf 79' lang='grc' dir='ltr'>εὐλογίας</span> <span class='ocrx_word' id='word_1_444' title='bbox 2654 3410 2902 3480; x_wconf 71' lang='grc' dir='ltr'>καρποὺς</span> <span class='ocrx_word' id='word_1_445' title='bbox 2931 3412 3265 3482; x_wconf 74' lang='grc' dir='ltr'>προενήνοχε</span> <span class='ocrx_word' id='word_1_446' title='bbox 3302 3413 3314 3465; x_wconf 94' lang='lat'><strong>!</strong></span> <span class='ocrx_word' id='word_1_447' title='bbox 3353 3410 3641 3481; x_wconf 79' lang='grc' dir='ltr'>Μακάριος</span> <span class='ocrx_word' id='word_1_448' title='bbox 3687 3411 3716 3462; x_wconf 81' lang='grc' dir='ltr'><strong>ὁ</strong></span> <span class='ocrx_word' id='word_1_449' title='bbox 3746 3408 3838 3463; x_wconf 77' lang='grc' dir='ltr'><strong>οἷ-</strong></span> 
     </span>
    </p>
   </div>
   <div class='ocr_carea' id='block_1_69' title="bbox 554 3490 2136 3571">
    <p class='ocr_par' dir='ltr' id='par_1_69' title="bbox 554 3490 2136 3566">
     <span class='ocr_line' id='line_1_69' title="bbox 554 3490 2136 3566; baseline 0.003 -20"><span class='ocrx_word' id='word_1_450' title='bbox 554 3490 780 3546; x_wconf 86' lang='lat' dir='ltr'><strong>’hulium</strong></span> <span class='ocrx_word' id='word_1_451' title='bbox 814 3492 869 3546; x_wconf 93' lang='lat' dir='ltr'><strong>in</strong></span> <span class='ocrx_word' id='word_1_452' title='bbox 910 3492 1229 3563; x_wconf 87' lang='lat' dir='ltr'><strong>genealogia</strong></span> <span class='ocrx_word' id='word_1_453' title='bbox 1290 3505 1702 3564; x_wconf 84' lang='lat' dir='ltr'><strong>assumptorum</strong></span> <span class='ocrx_word' id='word_1_454' title='bbox 1758 3495 2136 3566; x_wconf 86' lang='lat' dir='ltr'><strong>nuncupatio;</strong></span> 
     </span>
    </p>
   </div>
   <div class='ocr_carea' id='block_1_70' title="bbox 2239 3490 3853 3571">
    <p class='ocr_par' dir='ltr' id='par_1_70' title="bbox 2240 3497 3853 3571">
     <span class='ocr_line' id='line_1_70' title="bbox 2240 3497 3853 3571; baseline -0.001 -19"><span class='ocrx_word' id='word_1_455' title='bbox 2240 3514 2337 3561; x_wconf 87' lang='grc' dir='ltr'><strong>κος</strong></span> <span class='ocrx_word' id='word_1_456' title='bbox 2374 3500 2403 3551; x_wconf 87' lang='grc' dir='ltr'>ὀ</span> <span class='ocrx_word' id='word_1_457' title='bbox 2432 3497 2530 3570; x_wconf 78' lang='grc' dir='ltr'>τὴν</span> <span class='ocrx_word' id='word_1_458' title='bbox 2552 3499 2749 3571; x_wconf 85' lang='grc' dir='ltr'>νοητὴν</span> <span class='ocrx_word' id='word_1_459' title='bbox 2786 3499 3067 3570; x_wconf 66' lang='grc' dir='ltr'>προτάξας</span> <span class='ocrx_word' id='word_1_460' title='bbox 3132 3502 3338 3571; x_wconf 68' lang='grc' dir='ltr'>σκηνήν</span> <span class='ocrx_word' id='word_1_461' title='bbox 3373 3502 3386 3554; x_wconf 88' lang='lat'><strong>!</strong></span> <span class='ocrx_word' id='word_1_462' title='bbox 3414 3501 3853 3571; x_wconf 62' lang='grc' dir='ltr'>Τρισμακάριοτ</span> 
     </span>
    </p>
   </div>
   <div class='ocr_carea' id='block_1_71' title="bbox 560 3578 2136 3661">
    <p class='ocr_par' dir='ltr' id='par_1_71' title="bbox 560 3578 2136 3656">
     <span class='ocr_line' id='line_1_71' title="bbox 560 3578 2136 3656; baseline 0.001 -19"><span class='ocrx_word' id='word_1_463' title='bbox 560 3582 746 3638; x_wconf 77' lang='lat' dir='ltr'><strong>divino</strong></span> <span class='ocrx_word' id='word_1_464' title='bbox 774 3583 952 3638; x_wconf 75' lang='lat' dir='ltr'><strong>albatu</strong></span> <span class='ocrx_word' id='word_1_465' title='bbox 988 3578 1147 3638; x_wconf 67' lang='lat' dir='ltr'><strong>dictae</strong></span> <span class='ocrx_word' id='word_1_466' title='bbox 1190 3585 1297 3639; x_wconf 89' lang='lat' dir='ltr'><strong>diei</strong></span> <span class='ocrx_word' id='word_1_467' title='bbox 1331 3585 1496 3655; x_wconf 83' lang='lat' dir='ltr'><strong>hujus</strong></span> <span class='ocrx_word' id='word_1_468' title='bbox 1529 3586 1847 3656; x_wconf 75' lang='lat' dir='ltr'><strong>prophetiae.</strong></span> <span class='ocrx_word' id='word_1_469' title='bbox 1889 3586 2136 3642; x_wconf 84' lang='lat' dir='ltr'><strong>Gloriosa</strong></span> 
     </span>
    </p>
   </div>
   <div class='ocr_carea' id='block_1_72' title="bbox 2239 3578 3841 3661">
    <p class='ocr_par' dir='ltr' id='par_1_72' title="bbox 2239 3586 3841 3661">
     <span class='ocr_line' id='line_1_72' title="bbox 2239 3586 3841 3661; baseline 0.001 -21"><span class='ocrx_word' id='word_1_470' title='bbox 2239 3586 2298 3640; x_wconf 79' lang='grc' dir='ltr'>τὸ</span> <span class='ocrx_word' id='word_1_471' title='bbox 2323 3588 2433 3641; x_wconf 87' lang='grc' dir='ltr'>τῶν</span> <span class='ocrx_word' id='word_1_472' title='bbox 2464 3589 2731 3644; x_wconf 81' lang='grc' dir='ltr'>τεκόντων</span> <span class='ocrx_word' id='word_1_473' title='bbox 2759 3588 2937 3652; x_wconf 85' lang='grc' dir='ltr'>κλέος.</span> <span class='ocrx_word' id='word_1_474' title='bbox 2975 3589 3050 3652; x_wconf 85' lang='grc' dir='ltr'>ὠς</span> <span class='ocrx_word' id='word_1_475' title='bbox 3082 3590 3182 3661; x_wconf 79' lang='grc' dir='ltr'>τὴν</span> <span class='ocrx_word' id='word_1_476' title='bbox 3234 3590 3403 3660; x_wconf 79' lang='grc' dir='ltr'>μόνην</span> <span class='ocrx_word' id='word_1_477' title='bbox 3429 3589 3841 3659; x_wconf 58' lang='grc' dir='ltr'>δεδοξασμένῃ*</span> 
     </span>
    </p>
   </div>
   <div class='ocr_carea' id='block_1_73' title="bbox 562 3675 2136 3752">
    <p class='ocr_par' dir='ltr' id='par_1_73' title="bbox 562 3675 2134 3749">
     <span class='ocr_line' id='line_1_73' title="bbox 562 3675 2134 3749; baseline 0.001 -19"><span class='ocrx_word' id='word_1_478' title='bbox 562 3685 752 3746; x_wconf 88' lang='lat' dir='ltr'><strong>partus</strong></span> <span class='ocrx_word' id='word_1_479' title='bbox 798 3675 1019 3731; x_wconf 88' lang='lat' dir='ltr'><strong>indicia.</strong></span> <span class='ocrx_word' id='word_1_480' title='bbox 1084 3676 1480 3733; x_wconf 85' lang='lat' dir='ltr'><strong>Desiderabiles</strong></span> <span class='ocrx_word' id='word_1_481' title='bbox 1516 3676 1720 3741; x_wconf 74' lang='lat' dir='ltr'><strong>fasciae,</strong></span> <span class='ocrx_word' id='word_1_482' title='bbox 1755 3693 1878 3748; x_wconf 65' lang='lat' dir='ltr'><strong>quae</strong></span> <span class='ocrx_word' id='word_1_483' title='bbox 1901 3678 2134 3749; x_wconf 78' lang='lat' dir='ltr'><strong>regalem</strong></span> 
     </span>
    </p>
   </div>
   <div class='ocr_carea' id='block_1_74' title="bbox 2239 3675 3843 3752">
    <p class='ocr_par' dir='ltr' id='par_1_74' title="bbox 2245 3679 3843 3752">
     <span class='ocr_line' id='line_1_74' title="bbox 2245 3679 3843 3752; baseline -0.001 -19"><span class='ocrx_word' id='word_1_484' title='bbox 2245 3679 2689 3750; x_wconf 78' lang='grc' dir='ltr'>κληρωσαμένων</span> <span class='ocrx_word' id='word_1_485' title='bbox 2725 3679 2919 3746; x_wconf 76' lang='grc' dir='ltr'>δόξανί</span> <span class='ocrx_word' id='word_1_486' title='bbox 2952 3682 3301 3752; x_wconf 86' lang='grc' dir='ltr'>Τετιμημένη</span> <span class='ocrx_word' id='word_1_487' title='bbox 3344 3681 3453 3734; x_wconf 83' lang='grc' dir='ltr'><strong>τῶν</strong></span> <span class='ocrx_word' id='word_1_488' title='bbox 3478 3680 3843 3749; x_wconf 83' lang='grc' dir='ltr'>γενεαλογου-</span> 
     </span>
    </p>
   </div>
   <div class='ocr_carea' id='block_1_75' title="bbox 562 3767 2136 3845">
    <p class='ocr_par' dir='ltr' id='par_1_75' title="bbox 562 3767 2136 3839">
     <span class='ocr_line' id='line_1_75' title="bbox 562 3767 2136 3839; baseline -0.001 -16"><span class='ocrx_word' id='word_1_489' title='bbox 562 3775 927 3836; x_wconf 79' lang='lat' dir='ltr'><strong>suseeperunt</strong></span> <span class='ocrx_word' id='word_1_490' title='bbox 988 3782 1315 3837; x_wconf 89' lang='lat' dir='ltr'><strong>purpuram.</strong></span> <span class='ocrx_word' id='word_1_491' title='bbox 1370 3767 1676 3823; x_wconf 72' lang='lat' dir='ltr'><strong>Benedictze</strong></span> <span class='ocrx_word' id='word_1_492' title='bbox 1734 3784 1952 3828; x_wconf 87' lang='lat' dir='ltr'><strong>manus.</strong></span> <span class='ocrx_word' id='word_1_493' title='bbox 2014 3783 2136 3839; x_wconf 69' lang='lat' dir='ltr'><strong>quae</strong></span> 
     </span>
    </p>
   </div>
   <div class='ocr_carea' id='block_1_76' title="bbox 2239 3767 3841 3845">
    <p class='ocr_par' dir='ltr' id='par_1_76' title="bbox 2248 3772 3841 3845">
     <span class='ocr_line' id='line_1_76' title="bbox 2248 3772 3841 3845; baseline 0.002 -20"><span class='ocrx_word' id='word_1_494' title='bbox 2248 3772 2427 3841; x_wconf 80' lang='grc' dir='ltr'>μένων</span> <span class='ocrx_word' id='word_1_495' title='bbox 2460 3773 2872 3843; x_wconf 79' lang='grc' dir='ltr'>συμφυλετῶνή</span> <span class='ocrx_word' id='word_1_496' title='bbox 2912 3775 3257 3845; x_wconf 82' lang='grc' dir='ltr'>προσηγορία</span> <span class='ocrx_word' id='word_1_497' title='bbox 3281 3791 3296 3807; x_wconf 77' lang='lat'><strong><em>°</em></strong></span> <span class='ocrx_word' id='word_1_498' title='bbox 3342 3774 3695 3827; x_wconf 86' lang='grc' dir='ltr'>θεόπνευστοι</span> <span class='ocrx_word' id='word_1_499' title='bbox 3728 3774 3841 3845; x_wconf 83' lang='grc' dir='ltr'>τῆς</span> 
     </span>
    </p>
   </div>
   <div class='ocr_carea' id='block_1_77' title="bbox 561 3858 2136 3936">
    <p class='ocr_par' dir='ltr' id='par_1_77' title="bbox 561 3858 2136 3930">
     <span class='ocr_line' id='line_1_77' title="bbox 561 3858 2136 3930; baseline -0.001 -16"><span class='ocrx_word' id='word_1_500' title='bbox 561 3859 946 3915; x_wconf 87' lang='lat' dir='ltr'><strong>universorum</strong></span> <span class='ocrx_word' id='word_1_501' title='bbox 976 3868 1455 3916; x_wconf 85' lang='lat' dir='ltr'><strong>contrectaverunt</strong></span> <span class='ocrx_word' id='word_1_502' title='bbox 1489 3858 1773 3930; x_wconf 85' lang='lat' dir='ltr'><strong>Reginam.</strong></span> <span class='ocrx_word' id='word_1_503' title='bbox 1813 3858 1986 3926; x_wconf 87' lang='lat' dir='ltr'><strong>Quam</strong></span> <span class='ocrx_word' id='word_1_504' title='bbox 2017 3859 2136 3929; x_wconf 90' lang='lat' dir='ltr'><strong>pul-</strong></span> 
     </span>
    </p>
   </div>
   <div class='ocr_carea' id='block_1_78' title="bbox 2239 3858 3841 3936">
    <p class='ocr_par' dir='ltr' id='par_1_78' title="bbox 2246 3862 3841 3936">
     <span class='ocr_line' id='line_1_78' title="bbox 2246 3862 3841 3936; baseline 0.003 -22"><span class='ocrx_word' id='word_1_505' title='bbox 2246 3862 2530 3932; x_wconf 84' lang='grc' dir='ltr'>παρούσης</span> <span class='ocrx_word' id='word_1_506' title='bbox 2556 3863 2769 3934; x_wconf 80' lang='grc' dir='ltr'>ἡμέρας</span> <span class='ocrx_word' id='word_1_507' title='bbox 2814 3864 2871 3917; x_wconf 84' lang='grc' dir='ltr'>αι</span> <span class='ocrx_word' id='word_1_508' title='bbox 2926 3866 3279 3936; x_wconf 71' lang='grc' dir='ltr'>προρρήσεις.</span> <span class='ocrx_word' id='word_1_509' title='bbox 3327 3865 3701 3935; x_wconf 78' lang='grc' dir='ltr'>Δεδοξασμένα</span> <span class='ocrx_word' id='word_1_510' title='bbox 3759 3866 3841 3919; x_wconf 71' lang='grc' dir='ltr'>τὰ</span> 
     </span>
    </p>
   </div>
   <div class='ocr_carea' id='block_1_79' title="bbox 474 3946 2136 4030">
    <p class='ocr_par' dir='ltr' id='par_1_79' title="bbox 474 3946 2134 4022">
     <span class='ocr_line' id='line_1_79' title="bbox 474 3946 2134 4022; baseline -0.003 -14"><span class='ocrx_word' id='word_1_511' title='bbox 474 3946 483 3955; x_wconf 83' lang='grc'><strong>’</strong></span> <span class='ocrx_word' id='word_1_512' title='bbox 561 3954 693 4008; x_wconf 83' lang='lat' dir='ltr'><strong>chra</strong></span> <span class='ocrx_word' id='word_1_513' title='bbox 737 3962 866 4008; x_wconf 89' lang='lat' dir='ltr'><strong>tunc</strong></span> <span class='ocrx_word' id='word_1_514' title='bbox 886 3962 1087 4007; x_wconf 72' lang='lat' dir='ltr'><strong>nostra:</strong></span> <span class='ocrx_word' id='word_1_515' title='bbox 1109 3953 1304 4008; x_wconf 87' lang='lat' dir='ltr'><strong>salutis</strong></span> <span class='ocrx_word' id='word_1_516' title='bbox 1328 3953 1607 4022; x_wconf 88' lang='lat' dir='ltr'><strong>surgentia</strong></span> <span class='ocrx_word' id='word_1_517' title='bbox 1640 3951 1922 4021; x_wconf 82' lang='lat' dir='ltr'><strong>symbolal</strong></span> <span class='ocrx_word' id='word_1_518' title='bbox 1959 3950 2134 4016; x_wconf 76' lang='lat' dir='ltr'><strong>Quam</strong></span> 
     </span>
    </p>
   </div>
   <div class='ocr_carea' id='block_1_80' title="bbox 2239 3946 3841 4030">
    <p class='ocr_par' dir='ltr' id='par_1_80' title="bbox 2244 3955 3841 4030">
     <span class='ocr_line' id='line_1_80' title="bbox 2244 3955 3841 4030; baseline 0.001 -21"><span class='ocrx_word' id='word_1_519' title='bbox 2244 3955 2340 4009; x_wconf 86' lang='grc' dir='ltr'><strong>τοῦ</strong></span> <span class='ocrx_word' id='word_1_520' title='bbox 2369 3956 2530 4009; x_wconf 89' lang='grc' dir='ltr'>τόκου</span> <span class='ocrx_word' id='word_1_521' title='bbox 2563 3956 2879 4026; x_wconf 78' lang='grc' dir='ltr'>μηνύματα.</span> <span class='ocrx_word' id='word_1_522' title='bbox 2906 3957 3272 4027; x_wconf 79' lang='grc' dir='ltr'>Πεποθημένα</span> <span class='ocrx_word' id='word_1_523' title='bbox 3303 3960 3597 4029; x_wconf 84' lang='grc' dir='ltr'>σπάργανα</span> <span class='ocrx_word' id='word_1_524' title='bbox 3634 3959 3704 4013; x_wconf 89' lang='grc' dir='ltr'><strong>τά</strong></span> <span class='ocrx_word' id='word_1_525' title='bbox 3728 3958 3841 4030; x_wconf 83' lang='grc' dir='ltr'>τὴν</span> 
     </span>
    </p>
   </div>
   <div class='ocr_carea' id='block_1_81' title="bbox 565 4041 2136 4119">
    <p class='ocr_par' dir='ltr' id='par_1_81' title="bbox 565 4041 2136 4114">
     <span class='ocr_line' id='line_1_81' title="bbox 565 4041 2136 4114; baseline -0.003 -14"><span class='ocrx_word' id='word_1_526' title='bbox 565 4056 696 4100; x_wconf 89' lang='lat' dir='ltr'><strong>tunc</strong></span> <span class='ocrx_word' id='word_1_527' title='bbox 723 4054 999 4112; x_wconf 86' lang='lat' dir='ltr'><strong>creatura,</strong></span> <span class='ocrx_word' id='word_1_528' title='bbox 1041 4043 1304 4099; x_wconf 81' lang='lat' dir='ltr'><strong>ineﬂ‘abili</strong></span> <span class='ocrx_word' id='word_1_529' title='bbox 1335 4044 1649 4114; x_wconf 88' lang='lat' dir='ltr'><strong>replebatur</strong></span> <span class='ocrx_word' id='word_1_530' title='bbox 1675 4044 1856 4099; x_wconf 67' lang='lat' dir='ltr'><strong>laetitia</strong></span> <span class='ocrx_word' id='word_1_531' title='bbox 1885 4043 1899 4097; x_wconf 90' lang='lat' dir='ltr'><strong>l</strong></span> <span class='ocrx_word' id='word_1_532' title='bbox 1939 4041 2136 4097; x_wconf 80' lang='lat' dir='ltr'><strong>Exsul-</strong></span> 
     </span>
    </p>
   </div>
   <div class='ocr_carea' id='block_1_82' title="bbox 2239 4041 3837 4119">
    <p class='ocr_par' dir='ltr' id='par_1_82' title="bbox 2239 4046 3837 4119">
     <span class='ocr_line' id='line_1_82' title="bbox 2239 4046 3837 4119; baseline 0.001 -19"><span class='ocrx_word' id='word_1_533' title='bbox 2239 4046 2527 4119; x_wconf 80' lang='grc' dir='ltr'>βασιλικὴν</span> <span class='ocrx_word' id='word_1_534' title='bbox 2563 4047 2836 4118; x_wconf 81' lang='grc' dir='ltr'>δεξάμενα</span> <span class='ocrx_word' id='word_1_535' title='bbox 2867 4047 3179 4119; x_wconf 76' lang='grc' dir='ltr'>πορφύραν.</span> <span class='ocrx_word' id='word_1_536' title='bbox 3206 4049 3585 4119; x_wconf 85' lang='grc' dir='ltr'>Εὐλογημέναι</span> <span class='ocrx_word' id='word_1_537' title='bbox 3621 4050 3680 4102; x_wconf 78' lang='lat' dir='ltr'><strong>al</strong></span> <span class='ocrx_word' id='word_1_538' title='bbox 3712 4052 3837 4119; x_wconf 84' lang='grc' dir='ltr'>χεῖ-</span> 
     </span>
    </p>
   </div>
   <div class='ocr_carea' id='block_1_83' title="bbox 564 4135 2136 4211">
    <p class='ocr_par' dir='ltr' id='par_1_83' title="bbox 564 4135 2136 4209">
     <span class='ocr_line' id='line_1_83' title="bbox 564 4135 2136 4209; baseline -0.002 -17"><span class='ocrx_word' id='word_1_539' title='bbox 564 4138 753 4193; x_wconf 86' lang='lat' dir='ltr'><strong>tabant</strong></span> <span class='ocrx_word' id='word_1_540' title='bbox 777 4138 1093 4209; x_wconf 88' lang='lat' dir='ltr'><strong>angelorum</strong></span> <span class='ocrx_word' id='word_1_541' title='bbox 1122 4139 1301 4193; x_wconf 90' lang='lat' dir='ltr'><strong>chori.</strong></span> <span class='ocrx_word' id='word_1_542' title='bbox 1343 4135 1542 4193; x_wconf 89' lang='lat' dir='ltr'><strong>Sancta</strong></span> <span class='ocrx_word' id='word_1_543' title='bbox 1572 4147 1894 4203; x_wconf 84' lang='lat' dir='ltr'><strong>sanctorum</strong></span> <span class='ocrx_word' id='word_1_544' title='bbox 1926 4136 1994 4191; x_wconf 86' lang='lat' dir='ltr'><strong>ad</strong></span> <span class='ocrx_word' id='word_1_545' title='bbox 2017 4151 2136 4190; x_wconf 88' lang='lat' dir='ltr'><strong>eam</strong></span> 
     </span>
    </p>
   </div>
   <div class='ocr_carea' id='block_1_84' title="bbox 2239 4135 3836 4211">
    <p class='ocr_par' dir='ltr' id='par_1_84' title="bbox 2239 4139 3836 4211">
     <span class='ocr_line' id='line_1_84' title="bbox 2239 4139 3836 4211; baseline 0.002 -18"><span class='ocrx_word' id='word_1_546' title='bbox 2239 4157 2354 4211; x_wconf 83' lang='grc' dir='ltr'>ρες,</span> <span class='ocrx_word' id='word_1_547' title='bbox 2379 4142 2437 4194; x_wconf 77' lang='lat' dir='ltr'><strong>ai.</strong></span> <span class='ocrx_word' id='word_1_548' title='bbox 2463 4139 2565 4209; x_wconf 81' lang='grc' dir='ltr'>τῆς</span> <span class='ocrx_word' id='word_1_549' title='bbox 2584 4141 2693 4193; x_wconf 84' lang='grc' dir='ltr'><strong>τῶν</strong></span> <span class='ocrx_word' id='word_1_550' title='bbox 2725 4140 2864 4194; x_wconf 83' lang='grc' dir='ltr'>ὅλων</span> <span class='ocrx_word' id='word_1_551' title='bbox 2906 4140 3330 4211; x_wconf 76' lang='grc' dir='ltr'>προσψαύσασαι</span> <span class='ocrx_word' id='word_1_552' title='bbox 3379 4141 3673 4211; x_wconf 80' lang='grc' dir='ltr'>βασιλίδος.</span> <span class='ocrx_word' id='word_1_553' title='bbox 3741 4143 3836 4206; x_wconf 84' lang='grc' dir='ltr'>Ὡς</span> 
     </span>
    </p>
   </div>
   <div class='ocr_carea' id='block_1_85' title="bbox 564 4230 2136 4304">
    <p class='ocr_par' dir='ltr' id='par_1_85' title="bbox 564 4230 2136 4300">
     <span class='ocr_line' id='line_1_85' title="bbox 564 4230 2136 4300; baseline 0.001 -17"><span class='ocrx_word' id='word_1_554' title='bbox 564 4230 971 4299; x_wconf 84' lang='lat' dir='ltr'><strong>suscipiendam</strong></span> <span class='ocrx_word' id='word_1_555' title='bbox 1008 4230 1365 4300; x_wconf 85' lang='lat' dir='ltr'><strong>parabantur,</strong></span> <span class='ocrx_word' id='word_1_556' title='bbox 1425 4246 1547 4300; x_wconf 71' lang='lat' dir='ltr'><strong>quae</strong></span> <span class='ocrx_word' id='word_1_557' title='bbox 1594 4231 1711 4286; x_wconf 89' lang='lat' dir='ltr'><strong>sola</strong></span> <span class='ocrx_word' id='word_1_558' title='bbox 1777 4230 2136 4285; x_wconf 77' lang='lat' dir='ltr'><strong>sanctificatio</strong></span> 
     </span>
    </p>
   </div>
   <div class='ocr_carea' id='block_1_86' title="bbox 2239 4230 3835 4304">
    <p class='ocr_par' dir='ltr' id='par_1_86' title="bbox 2239 4231 3835 4304">
     <span class='ocr_line' id='line_1_86' title="bbox 2239 4231 3835 4304; baseline 0.001 -19"><span class='ocrx_word' id='word_1_559' title='bbox 2239 4232 2466 4303; x_wconf 87' lang='grc' dir='ltr'>λαμπρά</span> <span class='ocrx_word' id='word_1_560' title='bbox 2504 4231 2812 4301; x_wconf 66' lang='grc' dir='ltr'>τηνικαῦτα</span> <span class='ocrx_word' id='word_1_561' title='bbox 2860 4231 2928 4284; x_wconf 80' lang='grc' dir='ltr'><strong>τά</strong></span> <span class='ocrx_word' id='word_1_562' title='bbox 2978 4232 3081 4300; x_wconf 80' lang='grc' dir='ltr'>τῆς</span> <span class='ocrx_word' id='word_1_563' title='bbox 3136 4234 3411 4302; x_wconf 76' lang='grc' dir='ltr'>σωτηρίας</span> <span class='ocrx_word' id='word_1_564' title='bbox 3462 4233 3621 4304; x_wconf 76' lang='grc' dir='ltr'>ἡμῶν</span> <span class='ocrx_word' id='word_1_565' title='bbox 3656 4234 3835 4286; x_wconf 75' lang='grc' dir='ltr'>διανίο</span> 
     </span>
    </p>
   </div>
   <div class='ocr_carea' id='block_1_87' title="bbox 561 4320 3837 4395">
    <p class='ocr_par' dir='ltr' id='par_1_87' title="bbox 561 4320 3837 4395">
     <span class='ocr_line' id='line_1_87' title="bbox 561 4320 3837 4395; baseline 0.001 -19"><span class='ocrx_word' id='word_1_566' title='bbox 561 4322 798 4377; x_wconf 78' lang='lat' dir='ltr'><strong>exsistit.</strong></span> <span class='ocrx_word' id='word_1_567' title='bbox 2241 4339 2441 4393; x_wconf 87' lang='grc' dir='ltr'>σχοντα</span> <span class='ocrx_word' id='word_1_568' title='bbox 2501 4322 2781 4392; x_wconf 76' lang='grc' dir='ltr'>σύμόολαῑ</span> <span class='ocrx_word' id='word_1_569' title='bbox 2838 4320 2916 4386; x_wconf 81' lang='grc' dir='ltr'>ὡς</span> <span class='ocrx_word' id='word_1_570' title='bbox 2975 4322 3344 4393; x_wconf 79' lang='grc' dir='ltr'>ἀνεκλαλήτου</span> <span class='ocrx_word' id='word_1_571' title='bbox 3401 4325 3522 4377; x_wconf 87' lang='grc' dir='ltr'>τότε</span> <span class='ocrx_word' id='word_1_572' title='bbox 3558 4327 3592 4395; x_wconf 76' lang='grc' dir='ltr'>ἡ</span> <span class='ocrx_word' id='word_1_573' title='bbox 3647 4327 3837 4390; x_wconf 83' lang='grc' dir='ltr'>κτίσις</span> 
     </span>
    </p>
   </div>
   <div class='ocr_carea' id='block_1_88' title="bbox 564 4416 3838 4494">
    <p class='ocr_par' dir='ltr' id='par_1_88' title="bbox 564 4416 3838 4494">
     <span class='ocr_line' id='line_1_88' title="bbox 564 4416 3838 4494; baseline 0.001 -25"><span class='ocrx_word' id='word_1_574' title='bbox 564 4418 869 4489; x_wconf 77' lang='grc' dir='ltr'>ἐπληροῦτο</span> <span class='ocrx_word' id='word_1_575' title='bbox 888 4419 988 4487; x_wconf 82' lang='grc' dir='ltr'>τῆς</span> <span class='ocrx_word' id='word_1_576' title='bbox 1024 4417 1388 4489; x_wconf 81' lang='grc' dir='ltr'>εὐφροσύνης.</span> <span class='ocrx_word' id='word_1_577' title='bbox 1419 4419 1485 4471; x_wconf 79' lang='lat' dir='ltr'><strong>Ai.</strong></span> <span class='ocrx_word' id='word_1_578' title='bbox 1514 4416 1622 4471; x_wconf 85' lang='grc' dir='ltr'>τῶν</span> <span class='ocrx_word' id='word_1_579' title='bbox 1660 4418 1912 4487; x_wconf 85' lang='grc' dir='ltr'>ἀγγέλων</span> <span class='ocrx_word' id='word_1_580' title='bbox 1945 4417 2345 4490; x_wconf 79' lang='grc' dir='ltr'>ὴγαλλιάσαντο</span> <span class='ocrx_word' id='word_1_581' title='bbox 2395 4420 2608 4490; x_wconf 83' lang='grc' dir='ltr'>χορεῖαι</span> <span class='ocrx_word' id='word_1_582' title='bbox 2634 4435 2651 4453; x_wconf 86' lang='grc'><strong>·</strong></span> <span class='ocrx_word' id='word_1_583' title='bbox 2697 4418 2767 4473; x_wconf 89' lang='grc' dir='ltr'><strong>τά</strong></span> <span class='ocrx_word' id='word_1_584' title='bbox 2810 4418 2920 4473; x_wconf 85' lang='grc' dir='ltr'><strong>τῶν</strong></span> <span class='ocrx_word' id='word_1_585' title='bbox 2976 4419 3150 4488; x_wconf 89' lang='grc' dir='ltr'>ἀγίων</span> <span class='ocrx_word' id='word_1_586' title='bbox 3173 4419 3339 4487; x_wconf 79' lang='grc' dir='ltr'>Ἅγια</span> <span class='ocrx_word' id='word_1_587' title='bbox 3368 4421 3502 4489; x_wconf 79' lang='grc' dir='ltr'>πρὸς</span> <span class='ocrx_word' id='word_1_588' title='bbox 3559 4421 3838 4494; x_wconf 81' lang='grc' dir='ltr'>ὑποδοχὴν</span> 
     </span>
    </p>
   </div>
   <div class='ocr_carea' id='block_1_89' title="bbox 562 4509 1740 4581">
    <p class='ocr_par' dir='ltr' id='par_1_89' title="bbox 562 4509 1740 4581">
     <span class='ocr_line' id='line_1_89' title="bbox 562 4509 1740 4581; baseline -0.001 -16"><span class='ocrx_word' id='word_1_589' title='bbox 562 4511 657 4565; x_wconf 84' lang='grc' dir='ltr'><strong>τοῦ</strong></span> <span class='ocrx_word' id='word_1_590' title='bbox 697 4512 860 4580; x_wconf 88' lang='grc' dir='ltr'>μόνου</span> <span class='ocrx_word' id='word_1_591' title='bbox 884 4509 1233 4581; x_wconf 82' lang='grc' dir='ltr'>ἁγιάσματος</span> <span class='ocrx_word' id='word_1_592' title='bbox 1266 4510 1740 4581; x_wconf 74' lang='grc' dir='ltr'>ὲξηυτρεπίςοντο.</span> 
     </span>
    </p>
   </div>
   <div class='ocr_carea' id='block_1_90' title="bbox 634 4603 2136 4680">
    <p class='ocr_par' dir='ltr' id='par_1_90' title="bbox 634 4607 2133 4677">
     <span class='ocr_line' id='line_1_90' title="bbox 634 4607 2133 4677; baseline 0.001 -15"><span class='ocrx_word' id='word_1_593' title='bbox 634 4607 753 4663; x_wconf 76' lang='lat' dir='ltr'><strong>XII.</strong></span> <span class='ocrx_word' id='word_1_594' title='bbox 785 4607 982 4662; x_wconf 88' lang='lat' dir='ltr'><strong>Omnia</strong></span> <span class='ocrx_word' id='word_1_595' title='bbox 1036 4621 1166 4676; x_wconf 89' lang='lat' dir='ltr'><strong>ergo</strong></span> <span class='ocrx_word' id='word_1_596' title='bbox 1200 4616 1330 4661; x_wconf 89' lang='lat' dir='ltr'><strong>tunc</strong></span> <span class='ocrx_word' id='word_1_597' title='bbox 1377 4607 1726 4663; x_wconf 85' lang='lat' dir='ltr'><strong>exsultabant</strong></span> <span class='ocrx_word' id='word_1_598' title='bbox 1760 4608 1919 4662; x_wconf 70' lang='lat' dir='ltr'><strong>editae</strong></span> <span class='ocrx_word' id='word_1_599' title='bbox 1966 4607 2133 4677; x_wconf 89' lang='lat' dir='ltr'><strong>prolis</strong></span> 
     </span>
    </p>
   </div>
   <div class='ocr_carea' id='block_1_91' title="bbox 2239 4603 3838 4680">
    <p class='ocr_par' dir='ltr' id='par_1_91' title="bbox 2311 4603 3838 4680">
     <span class='ocr_line' id='line_1_91' title="bbox 2311 4603 3838 4680; baseline -0.001 -19"><span class='ocrx_word' id='word_1_600' title='bbox 2311 4607 2411 4661; x_wconf 83' lang='lat' dir='ltr'><strong>lB’.</strong></span> <span class='ocrx_word' id='word_1_601' title='bbox 2468 4606 2655 4660; x_wconf 85' lang='grc' dir='ltr'>Πάντα</span> <span class='ocrx_word' id='word_1_602' title='bbox 2700 4603 2992 4676; x_wconf 81' lang='grc' dir='ltr'>τοιγαροῦν</span> <span class='ocrx_word' id='word_1_603' title='bbox 3046 4605 3385 4673; x_wconf 80' lang='grc' dir='ltr'>ὲπαγάλλετο</span> <span class='ocrx_word' id='word_1_604' title='bbox 3435 4610 3499 4677; x_wconf 81' lang='grc' dir='ltr'>τῇ</span> <span class='ocrx_word' id='word_1_605' title='bbox 3558 4608 3838 4680; x_wconf 66' lang='grc' dir='ltr'>κυηθείσῃ</span> 
     </span>
    </p>
   </div>
   <div class='ocr_carea' id='block_1_92' title="bbox 564 4696 2136 4769">
    <p class='ocr_par' dir='ltr' id='par_1_92' title="bbox 564 4697 2136 4769">
     <span class='ocr_line' id='line_1_92' title="bbox 564 4697 2136 4769; baseline -0.001 -15"><span class='ocrx_word' id='word_1_606' title='bbox 564 4698 800 4767; x_wconf 85' lang='lat' dir='ltr'><strong>gaudio;</strong></span> <span class='ocrx_word' id='word_1_607' title='bbox 823 4712 1010 4752; x_wconf 83' lang='lat' dir='ltr'><strong>verum</strong></span> <span class='ocrx_word' id='word_1_608' title='bbox 1041 4699 1204 4752; x_wconf 88' lang='lat' dir='ltr'><strong>modo</strong></span> <span class='ocrx_word' id='word_1_609' title='bbox 1237 4698 1574 4768; x_wconf 78' lang='lat' dir='ltr'><strong>superetbuit</strong></span> <span class='ocrx_word' id='word_1_610' title='bbox 1613 4697 1754 4751; x_wconf 80' lang='lat' dir='ltr'><strong>facta</strong></span> <span class='ocrx_word' id='word_1_611' title='bbox 1790 4707 1921 4752; x_wconf 89' lang='lat' dir='ltr'><strong>tunc</strong></span> <span class='ocrx_word' id='word_1_612' title='bbox 1944 4700 2136 4769; x_wconf 86' lang='lat' dir='ltr'><strong>gratia.</strong></span> 
     </span>
    </p>
   </div>
   <div class='ocr_carea' id='block_1_93' title="bbox 2239 4696 3837 4769">
    <p class='ocr_par' dir='ltr' id='par_1_93' title="bbox 2240 4696 3837 4769">
     <span class='ocr_line' id='line_1_93' title="bbox 2240 4696 3837 4769; baseline 0.001 -18"><span class='ocrx_word' id='word_1_613' title='bbox 2240 4697 2362 4751; x_wconf 85' lang='grc' dir='ltr'>τότε</span> <span class='ocrx_word' id='word_1_614' title='bbox 2400 4713 2416 4728; x_wconf 76' lang='grc' dir='ltr'><strong>ο</strong></span> <span class='ocrx_word' id='word_1_615' title='bbox 2447 4696 2563 4751; x_wconf 83' lang='grc' dir='ltr'>ἀλλ’</span> <span class='ocrx_word' id='word_1_616' title='bbox 2599 4699 2993 4769; x_wconf 83' lang='grc' dir='ltr'>ὑπερεκχεῖται</span> <span class='ocrx_word' id='word_1_617' title='bbox 3034 4697 3129 4750; x_wconf 80' lang='grc' dir='ltr'><strong>νῦν</strong></span> <span class='ocrx_word' id='word_1_618' title='bbox 3172 4699 3205 4767; x_wconf 81' lang='grc' dir='ltr'>ἠ</span> <span class='ocrx_word' id='word_1_619' title='bbox 3230 4697 3350 4750; x_wconf 80' lang='grc' dir='ltr'>τότε</span> <span class='ocrx_word' id='word_1_620' title='bbox 3385 4700 3564 4768; x_wconf 75' lang='grc' dir='ltr'>χάρις.</span> <span class='ocrx_word' id='word_1_621' title='bbox 3622 4699 3837 4769; x_wconf 86' lang='grc' dir='ltr'>Ὑπερ-</span> 
     </span>
    </p>
   </div>
   <div class='ocr_carea' id='block_1_94' title="bbox 567 4788 2136 4861">
    <p class='ocr_par' dir='ltr' id='par_1_94' title="bbox 567 4789 2136 4861">
     <span class='ocr_line' id='line_1_94' title="bbox 567 4789 2136 4861; baseline -0.001 -14"><span class='ocrx_word' id='word_1_622' title='bbox 567 4791 989 4861; x_wconf 88' lang='lat' dir='ltr'><strong>Superabundat</strong></span> <span class='ocrx_word' id='word_1_623' title='bbox 1024 4789 1325 4844; x_wconf 71' lang='lat' dir='ltr'><strong>laetantium</strong></span> <span class='ocrx_word' id='word_1_624' title='bbox 1370 4790 1519 4859; x_wconf 87' lang='lat' dir='ltr'><strong>jugis</strong></span> <span class='ocrx_word' id='word_1_625' title='bbox 1575 4789 1916 4859; x_wconf 88' lang='lat' dir='ltr'><strong>jucunditas.</strong></span> <span class='ocrx_word' id='word_1_626' title='bbox 1947 4792 2136 4845; x_wconf 83' lang='lat' dir='ltr'><strong>Abun-</strong></span> 
     </span>
    </p>
   </div>
   <div class='ocr_carea' id='block_1_95' title="bbox 2239 4788 3833 4861">
    <p class='ocr_par' dir='ltr' id='par_1_95' title="bbox 2242 4788 3833 4860">
     <span class='ocr_line' id='line_1_95' title="bbox 2242 4788 3833 4860; baseline 0.002 -17"><span class='ocrx_word' id='word_1_627' title='bbox 2242 4788 2529 4852; x_wconf 78' lang='grc' dir='ltr'>πλεονάζει</span> <span class='ocrx_word' id='word_1_628' title='bbox 2556 4790 2666 4844; x_wconf 86' lang='grc' dir='ltr'><strong>τῶν</strong></span> <span class='ocrx_word' id='word_1_629' title='bbox 2689 4790 3135 4859; x_wconf 77' lang='grc' dir='ltr'>εὐφραινομένων</span> <span class='ocrx_word' id='word_1_630' title='bbox 3180 4791 3212 4859; x_wconf 82' lang='grc' dir='ltr'><strong>ἡ</strong></span> <span class='ocrx_word' id='word_1_631' title='bbox 3248 4790 3527 4859; x_wconf 85' lang='grc' dir='ltr'>ἀδιάδοχος</span> <span class='ocrx_word' id='word_1_632' title='bbox 3563 4790 3833 4860; x_wconf 78' lang='grc' dir='ltr'>θυμηδία.</span> 
     </span>
    </p>
   </div>
   <div class='ocr_carea' id='block_1_96' title="bbox 565 4880 2136 4952">
    <p class='ocr_par' dir='ltr' id='par_1_96' title="bbox 565 4880 2136 4952">
     <span class='ocr_line' id='line_1_96' title="bbox 565 4880 2136 4952; baseline -0.001 -15"><span class='ocrx_word' id='word_1_633' title='bbox 565 4884 788 4938; x_wconf 84' lang='lat' dir='ltr'><strong>dantius</strong></span> <span class='ocrx_word' id='word_1_634' title='bbox 825 4881 1109 4939; x_wconf 90' lang='lat' dir='ltr'><strong>exundant</strong></span> <span class='ocrx_word' id='word_1_635' title='bbox 1146 4882 1405 4951; x_wconf 88' lang='lat' dir='ltr'><strong>perennis</strong></span> <span class='ocrx_word' id='word_1_636' title='bbox 1435 4882 1616 4952; x_wconf 83' lang='lat' dir='ltr'><strong>gaudii</strong></span> <span class='ocrx_word' id='word_1_637' title='bbox 1664 4880 1910 4948; x_wconf 76' lang='lat' dir='ltr'><strong>(lumina,</strong></span> <span class='ocrx_word' id='word_1_638' title='bbox 1942 4891 2136 4937; x_wconf 87' lang='lat' dir='ltr'><strong>totam-</strong></span> 
     </span>
    </p>
   </div>
   <div class='ocr_carea' id='block_1_97' title="bbox 2239 4880 3840 4952">
    <p class='ocr_par' dir='ltr' id='par_1_97' title="bbox 2252 4880 3840 4952">
     <span class='ocr_line' id='line_1_97' title="bbox 2252 4880 3840 4952; baseline 0.002 -19"><span class='ocrx_word' id='word_1_639' title='bbox 2252 4880 2751 4952; x_wconf 78' lang='grc' dir='ltr'>’Υπερεκὸλύςουσι</span> <span class='ocrx_word' id='word_1_640' title='bbox 2776 4881 2873 4950; x_wconf 83' lang='grc' dir='ltr'>τῆς</span> <span class='ocrx_word' id='word_1_641' title='bbox 2909 4881 3105 4934; x_wconf 85' lang='grc' dir='ltr'>ἀενάου</span> <span class='ocrx_word' id='word_1_642' title='bbox 3135 4882 3310 4950; x_wconf 74' lang='grc' dir='ltr'>χαρᾶς</span> <span class='ocrx_word' id='word_1_643' title='bbox 3343 4881 3392 4934; x_wconf 80' lang='grc' dir='ltr'>οἱ</span> <span class='ocrx_word' id='word_1_644' title='bbox 3417 4883 3677 4951; x_wconf 70' lang='grc' dir='ltr'>ποταμοὶ,</span> <span class='ocrx_word' id='word_1_645' title='bbox 3732 4883 3840 4936; x_wconf 82' lang='grc' dir='ltr'>καὶ</span> 
     </span>
    </p>
   </div>
   <div class='ocr_carea' id='block_1_98' title="bbox 566 4970 2136 5046">
    <p class='ocr_par' dir='ltr' id='par_1_98' title="bbox 566 4974 2136 5046">
     <span class='ocr_line' id='line_1_98' title="bbox 566 4974 2136 5046; baseline 0.001 -15"><span class='ocrx_word' id='word_1_646' title='bbox 566 4991 674 5046; x_wconf 88' lang='lat' dir='ltr'><strong>que</strong></span> <span class='ocrx_word' id='word_1_647' title='bbox 713 4987 913 5031; x_wconf 86' lang='lat' dir='ltr'><strong>terram</strong></span> <span class='ocrx_word' id='word_1_648' title='bbox 943 4976 998 5030; x_wconf 91' lang='lat' dir='ltr'><strong>in</strong></span> <span class='ocrx_word' id='word_1_649' title='bbox 1029 4976 1219 5029; x_wconf 90' lang='lat' dir='ltr'><strong>orbem</strong></span> <span class='ocrx_word' id='word_1_650' title='bbox 1252 4976 1523 5045; x_wconf 86' lang='lat' dir='ltr'><strong>gyrantia,</strong></span> <span class='ocrx_word' id='word_1_651' title='bbox 1562 4974 1948 5031; x_wconf 88' lang='lat' dir='ltr'><strong>inexhaustam</strong></span> <span class='ocrx_word' id='word_1_652' title='bbox 1973 4986 2136 5032; x_wconf 87' lang='lat' dir='ltr'><strong>resta-</strong></span> 
     </span>
    </p>
   </div>
   <div class='ocr_carea' id='block_1_99' title="bbox 2239 4970 3837 5046">
    <p class='ocr_par' dir='ltr' id='par_1_99' title="bbox 2241 4970 3837 5042">
     <span class='ocr_line' id='line_1_99' title="bbox 2241 4970 3837 5042; baseline -0.002 -17"><span class='ocrx_word' id='word_1_653' title='bbox 2241 4973 2428 5041; x_wconf 80' lang='grc' dir='ltr'>κύκλῳ</span> <span class='ocrx_word' id='word_1_654' title='bbox 2460 4974 2642 5026; x_wconf 80' lang='grc' dir='ltr'>πᾶσαν</span> <span class='ocrx_word' id='word_1_655' title='bbox 2665 4971 2764 5040; x_wconf 82' lang='grc' dir='ltr'>τὴν</span> <span class='ocrx_word' id='word_1_656' title='bbox 2809 4972 2901 5025; x_wconf 83' lang='grc' dir='ltr'>ὐπ’</span> <span class='ocrx_word' id='word_1_657' title='bbox 2927 4970 3159 5042; x_wconf 81' lang='grc' dir='ltr'>οὐρανὸν</span> <span class='ocrx_word' id='word_1_658' title='bbox 3212 4972 3573 5042; x_wconf 72' lang='grc' dir='ltr'>περιθέοντες,</span> <span class='ocrx_word' id='word_1_659' title='bbox 3636 4970 3837 5041; x_wconf 74' lang='grc' dir='ltr'>πλημο</span> 
     </span>
    </p>
   </div>
   <div class='ocr_carea' id='block_1_100' title="bbox 2248 5062 3838 5135">
    <p class='ocr_par' dir='ltr' id='par_1_100' title="bbox 2248 5062 3838 5135">
     <span class='ocr_line' id='line_1_100' title="bbox 2248 5062 3838 5135; baseline -0.001 -18"><span class='ocrx_word' id='word_1_660' title='bbox 2248 5064 2518 5135; x_wconf 81' lang='grc' dir='ltr'>μύρουσιν</span> <span class='ocrx_word' id='word_1_661' title='bbox 2546 5064 2647 5135; x_wconf 80' lang='grc' dir='ltr'>τὴν</span> <span class='ocrx_word' id='word_1_662' title='bbox 2684 5062 3082 5130; x_wconf 77' lang='grc' dir='ltr'>ἀνεξάντλητον</span> <span class='ocrx_word' id='word_1_663' title='bbox 3118 5064 3297 5133; x_wconf 79' lang='grc' dir='ltr'>χάριν.</span> <span class='ocrx_word' id='word_1_664' title='bbox 3337 5063 3591 5133; x_wconf 86' lang='grc' dir='ltr'>Διηνοίγη</span> <span class='ocrx_word' id='word_1_665' title='bbox 3622 5063 3737 5134; x_wconf 76' lang='grc' dir='ltr'><strong>γὰρ</strong></span> <span class='ocrx_word' id='word_1_666' title='bbox 3793 5065 3838 5135; x_wconf 78' lang='grc' dir='ltr'><strong>ἡ</strong></span> 
     </span>
    </p>
   </div>
   <div class='ocr_carea' id='block_1_101' title="bbox 2241 5156 3837 5226">
    <p class='ocr_par' dir='ltr' id='par_1_101' title="bbox 2241 5156 3837 5226">
     <span class='ocr_line' id='line_1_101' title="bbox 2241 5156 3837 5226; baseline 0 -16"><span class='ocrx_word' id='word_1_667' title='bbox 2241 5156 2351 5210; x_wconf 85' lang='grc' dir='ltr'>τῶν</span> <span class='ocrx_word' id='word_1_668' title='bbox 2414 5157 2636 5225; x_wconf 87' lang='grc' dir='ltr'>ἀγαθῶν</span> <span class='ocrx_word' id='word_1_669' title='bbox 2682 5156 2941 5223; x_wconf 80' lang='grc' dir='ltr'>ἄϐυσσος,</span> <span class='ocrx_word' id='word_1_670' title='bbox 2985 5156 3084 5210; x_wconf 82' lang='grc' dir='ltr'>καὶ</span> <span class='ocrx_word' id='word_1_671' title='bbox 3131 5159 3254 5220; x_wconf 86' lang='grc' dir='ltr'>ταῖς</span> <span class='ocrx_word' id='word_1_672' title='bbox 3311 5157 3515 5226; x_wconf 85' lang='grc' dir='ltr'>ταύτης</span> <span class='ocrx_word' id='word_1_673' title='bbox 3544 5157 3837 5225; x_wconf 73' lang='grc' dir='ltr'>ἀναλόγως</span> 
     </span>
    </p>
   </div>
   <div class='ocr_carea' id='block_1_102' title="bbox 2244 5250 3835 5320">
    <p class='ocr_par' dir='ltr' id='par_1_102' title="bbox 2244 5250 3835 5320">
     <span class='ocr_line' id='line_1_102' title="bbox 2244 5250 3835 5320; baseline 0.002 -18"><span class='ocrx_word' id='word_1_674' title='bbox 2244 5251 2510 5320; x_wconf 84' lang='grc' dir='ltr'>προχοαῖς</span> <span class='ocrx_word' id='word_1_675' title='bbox 2531 5250 2657 5313; x_wconf 72' lang='grc' dir='ltr'>τοὺς</span> <span class='ocrx_word' id='word_1_676' title='bbox 2680 5250 3109 5320; x_wconf 74' lang='grc' dir='ltr'>κεχαρισμένους</span> <span class='ocrx_word' id='word_1_677' title='bbox 3150 5251 3494 5319; x_wconf 77' lang='grc' dir='ltr'>συνεπιρρέει</span> <span class='ocrx_word' id='word_1_678' title='bbox 3540 5251 3835 5319; x_wconf 80' lang='grc' dir='ltr'>κρουνούς.</span> 
     </span>
    </p>
   </div>
   <div class='ocr_carea' id='block_1_103' title="bbox 568 5340 2136 5416">
    <p class='ocr_par' dir='ltr' id='par_1_103' title="bbox 568 5341 2136 5416">
     <span class='ocr_line' id='line_1_103' title="bbox 568 5341 2136 5416; baseline 0.001 -19"><span class='ocrx_word' id='word_1_679' title='bbox 568 5342 768 5397; x_wconf 87' lang='lat' dir='ltr'><strong>divites</strong></span> <span class='ocrx_word' id='word_1_680' title='bbox 797 5341 1208 5396; x_wconf 72' lang='lat' dir='ltr'><strong>misericordiae.</strong></span> <span class='ocrx_word' id='word_1_681' title='bbox 1266 5342 1554 5412; x_wconf 90' lang='lat' dir='ltr'><strong>Copiosam</strong></span> <span class='ocrx_word' id='word_1_682' title='bbox 1595 5345 1857 5399; x_wconf 81' lang='lat' dir='ltr'><strong>virtutum</strong></span> <span class='ocrx_word' id='word_1_683' title='bbox 1885 5354 2136 5416; x_wconf 79' lang='lat' dir='ltr'><strong>segetem,</strong></span> 
     </span>
    </p>
   </div>
   <div class='ocr_carea' id='block_1_104' title="bbox 2239 5340 3831 5416">
    <p class='ocr_par' dir='ltr' id='par_1_104' title="bbox 2254 5340 3831 5413">
     <span class='ocr_line' id='line_1_104' title="bbox 2254 5340 3831 5413; baseline -0.001 -15"><span class='ocrx_word' id='word_1_684' title='bbox 2254 5341 2634 5412; x_wconf 81' lang='grc' dir='ltr'>Ὀχετηγεῖται</span> <span class='ocrx_word' id='word_1_685' title='bbox 2664 5342 2762 5395; x_wconf 89' lang='grc' dir='ltr'><strong>νῦν</strong></span> <span class='ocrx_word' id='word_1_686' title='bbox 2791 5345 2856 5413; x_wconf 80' lang='grc' dir='ltr'>τῇ</span> <span class='ocrx_word' id='word_1_687' title='bbox 2887 5341 3064 5395; x_wconf 80' lang='grc' dir='ltr'>κτίσει</span> <span class='ocrx_word' id='word_1_688' title='bbox 3102 5340 3199 5394; x_wconf 88' lang='grc' dir='ltr'><strong>τοῦ</strong></span> <span class='ocrx_word' id='word_1_689' title='bbox 3253 5341 3435 5404; x_wconf 83' lang='grc' dir='ltr'>ἐλέους</span> <span class='ocrx_word' id='word_1_690' title='bbox 3481 5344 3510 5394; x_wconf 86' lang='grc' dir='ltr'>ὁ</span> <span class='ocrx_word' id='word_1_691' title='bbox 3574 5342 3831 5407; x_wconf 83' lang='grc' dir='ltr'>πλοῦτος.</span> 
     </span>
    </p>
   </div>
   <div class='ocr_carea' id='block_1_105' title="bbox 569 5432 2136 5507">
    <p class='ocr_par' dir='ltr' id='par_1_105' title="bbox 569 5433 2136 5507">
     <span class='ocr_line' id='line_1_105' title="bbox 569 5433 2136 5507; baseline 0.001 -17"><span class='ocrx_word' id='word_1_692' title='bbox 569 5433 866 5490; x_wconf 85' lang='lat' dir='ltr'><strong>rationales</strong></span> <span class='ocrx_word' id='word_1_693' title='bbox 888 5433 1062 5488; x_wconf 87' lang='lat' dir='ltr'><strong>valles</strong></span> <span class='ocrx_word' id='word_1_694' title='bbox 1126 5434 1473 5489; x_wconf 78' lang='lat' dir='ltr'><strong>lructilieant.</strong></span> <span class='ocrx_word' id='word_1_695' title='bbox 1505 5434 1660 5492; x_wconf 86' lang='lat' dir='ltr'><strong>Nunc</strong></span> <span class='ocrx_word' id='word_1_696' title='bbox 1708 5437 2030 5507; x_wconf 88' lang='lat' dir='ltr'><strong>aperiuntur</strong></span> <span class='ocrx_word' id='word_1_697' title='bbox 2062 5438 2136 5491; x_wconf 90' lang='lat' dir='ltr'><strong>in-</strong></span> 
     </span>
    </p>
   </div>
   <div class='ocr_carea' id='block_1_106' title="bbox 2239 5432 3833 5507">
    <p class='ocr_par' dir='ltr' id='par_1_106' title="bbox 2243 5432 3833 5505">
     <span class='ocr_line' id='line_1_106' title="bbox 2243 5432 3833 5505; baseline 0.001 -17"><span class='ocrx_word' id='word_1_698' title='bbox 2243 5432 2672 5505; x_wconf 78' lang='grc' dir='ltr'>Καρποφοροῦσι</span> <span class='ocrx_word' id='word_1_699' title='bbox 2706 5434 2804 5503; x_wconf 82' lang='grc' dir='ltr'><strong>τὴν</strong></span> <span class='ocrx_word' id='word_1_700' title='bbox 2833 5434 2942 5486; x_wconf 82' lang='grc' dir='ltr'>τῶν</span> <span class='ocrx_word' id='word_1_701' title='bbox 2965 5433 3178 5503; x_wconf 82' lang='grc' dir='ltr'>ἀρετῶν</span> <span class='ocrx_word' id='word_1_702' title='bbox 3193 5433 3451 5503; x_wconf 82' lang='grc' dir='ltr'>ἀφθονίαν</span> <span class='ocrx_word' id='word_1_703' title='bbox 3508 5435 3565 5486; x_wconf 88' lang='grc' dir='ltr'>αἱ</span> <span class='ocrx_word' id='word_1_704' title='bbox 3609 5435 3833 5501; x_wconf 81' lang='grc' dir='ltr'>λογικαὶ</span> 
     </span>
    </p>
   </div>
   <div class='ocr_carea' id='block_1_107' title="bbox 570 5523 2136 5599">
    <p class='ocr_par' dir='ltr' id='par_1_107' title="bbox 570 5523 2135 5599">
     <span class='ocr_line' id='line_1_107' title="bbox 570 5523 2135 5599; baseline 0.004 -21"><span class='ocrx_word' id='word_1_705' title='bbox 570 5525 851 5582; x_wconf 69' lang='lat' dir='ltr'><strong>violabiles</strong></span> <span class='ocrx_word' id='word_1_706' title='bbox 880 5524 1142 5579; x_wconf 82' lang='lat' dir='ltr'><strong>thesauri.</strong></span> <span class='ocrx_word' id='word_1_707' title='bbox 1176 5523 1333 5580; x_wconf 86' lang='lat' dir='ltr'><strong>Nunc</strong></span> <span class='ocrx_word' id='word_1_708' title='bbox 1388 5529 1541 5596; x_wconf 81' lang='lat' dir='ltr'><strong>regni</strong></span> <span class='ocrx_word' id='word_1_709' title='bbox 1603 5527 1918 5598; x_wconf 89' lang='lat' dir='ltr'><strong>panduntur</strong></span> <span class='ocrx_word' id='word_1_710' title='bbox 1946 5538 2135 5599; x_wconf 64' lang='lat' dir='ltr'><strong>portae.</strong></span> 
     </span>
    </p>
   </div>
   <div class='ocr_carea' id='block_1_108' title="bbox 2239 5523 3829 5599">
    <p class='ocr_par' dir='ltr' id='par_1_108' title="bbox 2247 5525 3829 5597">
     <span class='ocr_line' id='line_1_108' title="bbox 2247 5525 3829 5597; baseline 0.002 -20"><span class='ocrx_word' id='word_1_711' title='bbox 2247 5525 2515 5589; x_wconf 82' lang='grc' dir='ltr'>κοιλάδες.</span> <span class='ocrx_word' id='word_1_712' title='bbox 2553 5525 2669 5578; x_wconf 85' lang='grc' dir='ltr'>Νῦν</span> <span class='ocrx_word' id='word_1_713' title='bbox 2720 5526 2770 5577; x_wconf 83' lang='grc' dir='ltr'>οἱ</span> <span class='ocrx_word' id='word_1_714' title='bbox 2810 5525 3070 5595; x_wconf 86' lang='grc' dir='ltr'>ἀσύλητοι</span> <span class='ocrx_word' id='word_1_715' title='bbox 3121 5525 3479 5593; x_wconf 75' lang='grc' dir='ltr'>διανοίγονται</span> <span class='ocrx_word' id='word_1_716' title='bbox 3538 5527 3829 5597; x_wconf 75' lang='grc' dir='ltr'>θησαυροί.</span> 
     </span>
    </p>
   </div>
   <div class='ocr_carea' id='block_1_109' title="bbox 569 5616 2136 5691">
    <p class='ocr_par' dir='ltr' id='par_1_109' title="bbox 569 5618 2136 5691">
     <span class='ocr_line' id='line_1_109' title="bbox 569 5618 2136 5691; baseline -0.001 -17"><span class='ocrx_word' id='word_1_717' title='bbox 569 5620 728 5676; x_wconf 78' lang='lat' dir='ltr'><strong>Nunc</strong></span> <span class='ocrx_word' id='word_1_718' title='bbox 777 5633 883 5673; x_wconf 91' lang='lat' dir='ltr'><strong>una</strong></span> <span class='ocrx_word' id='word_1_719' title='bbox 937 5618 1151 5671; x_wconf 89' lang='lat' dir='ltr'><strong>ratione</strong></span> <span class='ocrx_word' id='word_1_720' title='bbox 1204 5618 1553 5687; x_wconf 82' lang='lat' dir='ltr'><strong>praeditorum</strong></span> <span class='ocrx_word' id='word_1_721' title='bbox 1597 5621 1761 5691; x_wconf 88' lang='lat' dir='ltr'><strong>digna</strong></span> <span class='ocrx_word' id='word_1_722' title='bbox 1817 5620 1910 5675; x_wconf 91' lang='lat' dir='ltr'><strong>illa</strong></span> <span class='ocrx_word' id='word_1_723' title='bbox 1961 5621 2136 5688; x_wconf 81' lang='lat' dir='ltr'><strong>agitur</strong></span> 
     </span>
    </p>
   </div>
   <div class='ocr_carea' id='block_1_110' title="bbox 2239 5616 3831 5691">
    <p class='ocr_par' dir='ltr' id='par_1_110' title="bbox 2247 5616 3831 5686">
     <span class='ocr_line' id='line_1_110' title="bbox 2247 5616 3831 5686; baseline 0 -16"><span class='ocrx_word' id='word_1_724' title='bbox 2247 5616 2363 5670; x_wconf 87' lang='grc' dir='ltr'>Νῦν</span> <span class='ocrx_word' id='word_1_725' title='bbox 2407 5617 2463 5670; x_wconf 78' lang='grc' dir='ltr'>αἱ</span> <span class='ocrx_word' id='word_1_726' title='bbox 2494 5617 2592 5685; x_wconf 81' lang='grc' dir='ltr'>τῆς</span> <span class='ocrx_word' id='word_1_727' title='bbox 2640 5617 2915 5686; x_wconf 78' lang='grc' dir='ltr'>βασ;λείας</span> <span class='ocrx_word' id='word_1_728' title='bbox 2949 5617 3420 5671; x_wconf 80' lang='grc' dir='ltr'>ἀναπετάννυνται</span> <span class='ocrx_word' id='word_1_729' title='bbox 3477 5617 3663 5670; x_wconf 84' lang='grc' dir='ltr'>πύλαι.</span> <span class='ocrx_word' id='word_1_730' title='bbox 3710 5620 3831 5671; x_wconf 75' lang='grc' dir='ltr'><strong>Γῖῡν</strong></span> 
     </span>
    </p>
   </div>
   <div class='ocr_carea' id='block_1_111' title="bbox 571 5706 2136 5779">
    <p class='ocr_par' dir='ltr' id='par_1_111' title="bbox 571 5706 2136 5767">
     <span class='ocr_line' id='line_1_111' title="bbox 571 5706 2136 5767; baseline 0.002 -4"><span class='ocrx_word' id='word_1_731' title='bbox 571 5710 791 5763; x_wconf 90' lang='lat' dir='ltr'><strong>chorea.</strong></span> <span class='ocrx_word' id='word_1_732' title='bbox 819 5706 980 5761; x_wconf 87' lang='lat' dir='ltr'><strong>Modo</strong></span> <span class='ocrx_word' id='word_1_733' title='bbox 1007 5708 1236 5761; x_wconf 85' lang='lat' dir='ltr'><strong>terrenis</strong></span> <span class='ocrx_word' id='word_1_734' title='bbox 1260 5718 1511 5765; x_wconf 86' lang='lat' dir='ltr'><strong>conserta</strong></span> <span class='ocrx_word' id='word_1_735' title='bbox 1536 5722 1665 5764; x_wconf 88' lang='lat' dir='ltr'><strong>sunt</strong></span> <span class='ocrx_word' id='word_1_736' title='bbox 1691 5712 1955 5767; x_wconf 68' lang='lat' dir='ltr'><strong>coelestia.</strong></span> <span class='ocrx_word' id='word_1_737' title='bbox 1986 5711 2136 5767; x_wconf 80' lang='lat' dir='ltr'><strong>Nunc</strong></span> 
     </span>
    </p>
   </div>
   <div class='ocr_carea' id='block_1_112' title="bbox 2239 5706 3825 5779">
    <p class='ocr_par' dir='ltr' id='par_1_112' title="bbox 2252 5707 3825 5779">
     <span class='ocr_line' id='line_1_112' title="bbox 2252 5707 3825 5779; baseline 0.003 -20"><span class='ocrx_word' id='word_1_738' title='bbox 2252 5708 2353 5779; x_wconf 89' lang='grc' dir='ltr'><strong>μία</strong></span> <span class='ocrx_word' id='word_1_739' title='bbox 2399 5707 2508 5760; x_wconf 82' lang='grc' dir='ltr'><strong>τῶν</strong></span> <span class='ocrx_word' id='word_1_740' title='bbox 2558 5708 2795 5777; x_wconf 77' lang='grc' dir='ltr'>λογικῶν</span> <span class='ocrx_word' id='word_1_741' title='bbox 2837 5709 2966 5775; x_wconf 81' lang='grc' dir='ltr'>ἀξία</span> <span class='ocrx_word' id='word_1_742' title='bbox 3038 5711 3420 5778; x_wconf 87' lang='grc' dir='ltr'>συγκροτεῖται</span> <span class='ocrx_word' id='word_1_743' title='bbox 3474 5712 3825 5779; x_wconf 82' lang='grc' dir='ltr'>χοροστασία.</span> 
     </span>
    </p>
   </div>
   <div class='ocr_carea' id='block_1_113' title="bbox 576 5800 2136 5872">
    <p class='ocr_par' dir='ltr' id='par_1_113' title="bbox 576 5800 2136 5871">
     <span class='ocr_line' id='line_1_113' title="bbox 576 5800 2136 5871; baseline 0.004 -16"><span class='ocrx_word' id='word_1_744' title='bbox 576 5801 777 5869; x_wconf 79' lang='lat' dir='ltr'><strong>pariter</strong></span> <span class='ocrx_word' id='word_1_745' title='bbox 817 5800 1090 5856; x_wconf 77' lang='lat' dir='ltr'><strong>exsultant</strong></span> <span class='ocrx_word' id='word_1_746' title='bbox 1149 5800 1464 5871; x_wconf 84' lang='lat' dir='ltr'><strong>angelorum</strong></span> <span class='ocrx_word' id='word_1_747' title='bbox 1511 5804 1751 5861; x_wconf 88' lang='lat' dir='ltr'><strong>ordines.</strong></span> <span class='ocrx_word' id='word_1_748' title='bbox 1785 5802 1939 5861; x_wconf 84' lang='lat' dir='ltr'><strong>Nune</strong></span> <span class='ocrx_word' id='word_1_749' title='bbox 1983 5806 2136 5861; x_wconf 90' lang='lat' dir='ltr'><strong>intel-</strong></span> 
     </span>
    </p>
   </div>
   <div class='ocr_carea' id='block_1_114' title="bbox 2239 5800 3827 5872">
    <p class='ocr_par' dir='ltr' id='par_1_114' title="bbox 2252 5800 3827 5872">
     <span class='ocr_line' id='line_1_114' title="bbox 2252 5800 3827 5872; baseline 0.001 -18"><span class='ocrx_word' id='word_1_750' title='bbox 2252 5802 2417 5872; x_wconf 78' lang='grc' dir='ltr'>Ἀρτι</span> <span class='ocrx_word' id='word_1_751' title='bbox 2455 5802 2567 5863; x_wconf 80' lang='grc' dir='ltr'>τοῖς</span> <span class='ocrx_word' id='word_1_752' title='bbox 2599 5801 2865 5871; x_wconf 74' lang='grc' dir='ltr'>ἐπιγείοις</span> <span class='ocrx_word' id='word_1_753' title='bbox 2900 5800 2968 5854; x_wconf 86' lang='grc' dir='ltr'><strong>τά</strong></span> <span class='ocrx_word' id='word_1_754' title='bbox 2988 5801 3215 5871; x_wconf 77' lang='grc' dir='ltr'>οὐράνια</span> <span class='ocrx_word' id='word_1_755' title='bbox 3263 5802 3655 5871; x_wconf 76' lang='grc' dir='ltr'>συνήρμοσται.</span> <span class='ocrx_word' id='word_1_756' title='bbox 3709 5800 3827 5855; x_wconf 77' lang='grc' dir='ltr'>Νῦν</span> 
     </span>
    </p>
   </div>
   <div class='ocr_carea' id='block_1_115' title="bbox 567 5157 2146 5231">
    <p class='ocr_par' dir='ltr' id='par_1_115' title="bbox 567 5157 2146 5231">
     <span class='ocr_line' id='line_1_115' title="bbox 567 5157 2146 5231; baseline 0.002 -19"><span class='ocrx_word' id='word_1_757' title='bbox 567 5173 631 5213; x_wconf 90' lang='lat' dir='ltr'><strong>ac</strong></span> <span class='ocrx_word' id='word_1_758' title='bbox 695 5172 794 5225; x_wconf 91' lang='lat' dir='ltr'><strong>pro</strong></span> <span class='ocrx_word' id='word_1_759' title='bbox 842 5159 1008 5226; x_wconf 84' lang='lat' dir='ltr'><strong>hujus</strong></span> <span class='ocrx_word' id='word_1_760' title='bbox 1040 5157 1369 5212; x_wconf 85' lang='lat' dir='ltr'><strong>ﬂuentorum</strong></span> <span class='ocrx_word' id='word_1_761' title='bbox 1420 5160 1657 5226; x_wconf 89' lang='lat' dir='ltr'><strong>ratione,</strong></span> <span class='ocrx_word' id='word_1_762' title='bbox 1708 5170 1893 5231; x_wconf 85' lang='lat' dir='ltr'><strong>gratas</strong></span> <span class='ocrx_word' id='word_1_763' title='bbox 1942 5161 2146 5231; x_wconf 87' lang='lat' dir='ltr'><strong>pariter</strong></span> 
     </span>
    </p>
   </div>
   <div class='ocr_carea' id='block_1_116' title="bbox 567 5248 2143 5317">
    <p class='ocr_par' dir='ltr' id='par_1_116' title="bbox 567 5248 2143 5317">
     <span class='ocr_line' id='line_1_116' title="bbox 567 5248 2143 5317; baseline 0.003 -14"><span class='ocrx_word' id='word_1_764' title='bbox 567 5249 931 5317; x_wconf 84' lang='lat' dir='ltr'><strong>scaturigines</strong></span> <span class='ocrx_word' id='word_1_765' title='bbox 990 5248 1191 5302; x_wconf 84' lang='lat' dir='ltr'><strong>inﬂuit.</strong></span> <span class='ocrx_word' id='word_1_766' title='bbox 1239 5248 1395 5304; x_wconf 85' lang='lat' dir='ltr'><strong>Nunc</strong></span> <span class='ocrx_word' id='word_1_767' title='bbox 1439 5251 1758 5305; x_wconf 83' lang='lat' dir='ltr'><strong>derivantur</strong></span> <span class='ocrx_word' id='word_1_768' title='bbox 1791 5262 2005 5307; x_wconf 64' lang='lat' dir='ltr'><strong>natura:</strong></span> <span class='ocrx_word' id='word_1_769' title='bbox 2040 5252 2143 5307; x_wconf 79' lang='lat' dir='ltr'><strong>rivi</strong></span> 
     </span>
    </p>
   </div>
  </div>
