4104 6462
353 484 466 551 589

1221 486 1514 552 ORATIO
1546 486 1630 551 IN
1671 486 2203 553 NATIVITATEM
2246 489 2351 552 SS.
2400 488 2771 552 DEIPARJE.

3534 494 3639 559 590

358 596 583 662 σκάλοις
611 599 1040 671 συμπαρετίθει.
1089 600 1326 664 Τούτους
1364 602 1475 676 γὰρ
1519 600 1587 673 δὴ
1645 600 1955 671 συγκεκλη-

2065 615 2125 656 ac
2166 604 2444 673 magistris
2485 607 2732 677 apponit.
2785 602 3046 660 lnvitatos
3098 602 3244 660 enim
3296 602 3643 664 discumbere

361 688 563 760 μένους
599 691 923 758 ἀνακλίνας,
955 691 1032 763 τῷ
1049 693 1391 764 φαιδροτάτῳ
1407 694 1507 764 τῆς
1529 691 1758 764 γνώμης
1780 709 1951 746 κατα-

359 782 646 853 γλυκαίνει
715 784 941 856 μᾶλλον,
997 785 1032 855 ἢ
1092 788 1204 851 τοῖς
1261 787 1540 856 διαφόροις
1593 786 1704 838 τῶν
1759 785 1951 855 ἡδέων.

372 874 539 929 Ἀλλὰ
564 876 676 947 γάρ
706 877 805 930 καὶ
837 876 960 930 θεία
989 894 1073 942 τις
1089 871 1159 948 ἦν
1194 879 1227 946 ή
1254 876 1638 947 καθηδύνουσα
1679 877 1802 930 τότε
1851 875 1954 946 τὴν

359 966 603 1038 εὐωχίαν
637 968 821 1039 χάρις,
865 969 987 1039 ἥτις
1025 969 1089 1023 τὸ
1115 968 1432 1041 ὐπέργλυκύ
1480 986 1541 1022 τε
1597 967 1694 1022 καὶ
1752 967 1954 1039 ἀκόρε-

362 1075 496 1112 στον
518 1059 790 1132 ὑπεδήλου
821 1061 923 1133 τῆς
948 1060 1260 1133 τεχθείσης,
1294 1061 1388 1115 καὶ
1416 1060 1516 1133 τὴν
1559 1059 1826 1131 ἐσομένην
1886 1059 1954 1113 δι’
1984 1081 1990 1086 ’

362 1151 545 1220 αὐτῆς
575 1151 941 1223 ἀδιαφόρητον
993 1155 1441 1225 προανεκήρυττε
1494 1154 1594 1223 τῆς
1626 1152 1963 1220 θεογνωσίας

360 1240 630 1312 ήδύτητα.
673 1242 831 1298 Οὕτω
857 1244 1039 1299 τοίνυν
1093 1244 1529 1315 μεγαλοπρεπῶς
1582 1244 1952 1319 ὲστιαθέντας,

360 1335 465 1387 καὶ
495 1335 531 1403 ἡ
549 1331 643 1387 τοῦ
676 1333 992 1403 Πνεῦματος
1021 1336 1149 1399 τοὺς
1180 1335 1302 1390 κατ’
1324 1335 1483 1400 ἀξίαν
1512 1335 1695 1390 αὐτῶν
1724 1337 1959 1406 ὲμφορεῖ

362 1423 554 1494 χάρις,
576 1422 643 1476 δι’
672 1415 747 1477 ὧν
775 1426 842 1496 τῇ
884 1424 1222 1498 προταθείση
1247 1425 1432 1497 δεήσει
1475 1429 1545 1479 τά
1582 1427 1651 1480 δι’
1688 1427 1756 1498 ἢν
1814 1427 1955 1498 αὐτῇ

361 1517 688 1587 προσήγετο
745 1517 1011 1586 μεγαλεῖα
1058 1520 1426 1589 κατεμήνυεν.
1502 1514 1788 1590 ’Λχθείσης
1846 1518 1957 1588 γάρ

362 1608 459 1660 ἔτι*
485 1608 744 1676 ἀγκαλῶν
772 1610 1084 1681 φερομένης
1115 1612 1208 1664 ἐπὶ
1230 1611 1330 1682 τῆς
1358 1613 1594 1681 εὐωχίας
1641 1614 1741 1681 τῆς
1769 1611 1957 1680 κοινῆς

366 1700 635 1755 ἁπάντων
650 1702 1011 1775 εὐφροσύνης,
1034 1702 1135 1774 τῆς
1157 1703 1326 1775 μόνης
1344 1704 1548 1775 ἀστείῳ
1564 1703 1658 1757 καὶ
1684 1702 1956 1774 ἁσυγκρί-

364 1810 450 1863 τῳ
504 1794 1014 1865 καταλαμπομένης
1074 1795 1265 1849 κάλλει
1291 1810 1307 1825 ο
1376 1797 1478 1866 τῆς
1527 1795 1628 1865 τὴν
1664 1795 1957 1849 ἀνόθευτον

366 1888 768 1957 περικειμένης
800 1887 1114 1959 ὡραιότητα
1151 1905 1166 1918 ν
1195 1888 1290 1942 τοῦ
1321 1887 1579 1956 εὐγενοῦς
1627 1882 1723 1942 τοῦ
1765 1888 1957 1956 γένους

368 1976 758 2049 βλαστήματος
798 1995 815 2010 ·
866 1978 966 2048 τῆς
1001 1977 1266 2043 εὐθαλοῦς
1311 1979 1668 2050 παραφυάδος
1724 1980 1827 2049 τῆς
1864 1980 1960 2051 φύε

369 2087 515 2133 σεως
541 2086 557 2100 ⁸
593 2070 694 2140 τῆς
719 2071 833 2133 τοῖς
883 2071 1178 2142 συμϐόλοις
1206 2074 1308 2144 τῆς
1333 2073 1619 2144 ἀδιαδόχου
1664 2073 1958 2144 φαιδρυνο-

368 2161 548 2231 μένης
576 2163 786 2233 χαρᾶς·
817 2163 918 2234 τῆς
952 2165 1082 2228 τοὺς
1115 2163 1430 2236 θησαυροὺς
1450 2165 1560 2220 τῶν
1579 2166 1824 2235 ἀγαθῶν,
1864 2167 1961 2221 καὶ

366 2253 463 2305 τὸν
492 2251 595 2321 τῆς
652 2251 907 2321 εὐλογίας
961 2256 1416 2326 ταμιευσαμένης
1476 2254 1734 2322 πλοῦτον,
1791 2274 1962 2311 κατα-

366 2342 703 2414 πλήττονται
740 2344 840 2415 μὲν
865 2346 1087 2417 πρῶτον
1119 2346 1196 2417 τῷ
1223 2347 1450 2401 θεοειδεῖ
1469 2347 1674 2417 ταύτης
1713 2349 1762 2402 οἱ
1791 2349 1963 2419 ὁρῶν-

360 2453 459 2498 τες
520 2436 714 2490 κάλλει
748 2453 762 2466 ’
808 2437 1083 2509 θυμηδίας
1132 2438 1191 2492 δὲ
1249 2440 1450 2494 αὐτίκα
1509 2441 1880 2512 χαριεστάτης
1924 2444 1959 2513 ἡ

365 2525 574 2596 εὐωχία
605 2527 937 2599 πληροῦται,
985 2530 1203 2585 πάντων
1255 2530 1441 2593 αὐτοῖς
1501 2531 1613 2584 τῶν
1671 2532 1960 2602 παρόντων

366 2620 754 2690 συνησθέντων
794 2620 993 2691 ἐπίσης
1026 2637 1040 2649 ·
1087 2621 1183 2675 καὶ
1225 2621 1336 2673 τῶν
1376 2622 1477 2693 μὲν
1530 2623 1960 2693 κεχαρισμέναις

362 2711 734 2782 δεξιουμένων
765 2715 974 2781 φωναῖς
994 2728 1008 2744 ο
1041 2713 1153 2767 τῶν
1189 2715 1381 2785 ἱερέων
1405 2715 1486 2781 δὲ,
1526 2717 1810 2786 κρείττοσι
1838 2721 1961 2783 ταῖς

372 2804 513 2874 πρὸς
539 2803 602 2856 τὸ
618 2803 776 2858 Θεῖον
796 2805 1178 2875 εὐχαριστίαις
1223 2804 1295 2860 τὰ
1324 2808 1421 2875 τῆς
1454 2807 1813 2861 θεοπνεύστου
1839 2825 1964 2863 συν-

389 2897 765 2964 αναφερόντων
795 2896 1005 2961 ἱκεσίας
1025 2897 1243 2967 ῥήματα
1263 2913 1277 2929 ο
1307 2897 1480 2951 ταῦτα
1510 2897 1569 2951 δὲ
1586 2898 1810 2951 τοιαῦτά
1839 2918 1961 2954 τινα

385 2989 748 3057 προύτείνετο,
790 2989 866 3051 ὡς
899 2990 1250 3058 προφητείαν
1284 2989 1487 3062 δηλαδὴ
1519 2990 1631 3043 τῶν
1683 2992 1962 3062 ἐσομένων

374 3073 518 3131 εῖναι
554 3078 918 3150 βεϐαιοτάτην
937 3080 1280 3150 νομίζεσθαι.

443 3170 564 3239 ις’.
603 3173 666 3224 Οἱ
701 3172 801 3241 μὲν
823 3173 931 3243 γὰρ
958 3172 1052 3224 τὸν
1087 3171 1197 3225 τῶν
1241 3172 1612 3245 προπατόρων
1667 3172 1963 3227 ἐπικαλού-

2059 693 2286 763 faciens,
2311 698 2474 751 animi
2508 698 2712 768 ingenti
2742 697 2948 759 laetitia,
2967 713 3132 767 quam
3161 697 3390 753 delicata
3417 699 3639 769 dapium

2059 785 2322 841 varietate
2364 788 2539 858 magis
2572 788 2899 843 delectabat.
2955 786 3061 843 Sed
3085 799 3141 843 et
3175 788 3360 843 divina
3390 791 3641 858 quaedam

2058 875 2234 943 gratia
2271 875 2320 928 ei
2382 884 2513 931 tunc
2552 877 2806 933 convivio
2829 877 3109 933 dulcorem
3142 877 3484 944 aﬂ‘undebat,
3519 896 3644 950 qua:

2060 965 2319 1021 nimirum
2354 968 2515 1022 edita:
2537 968 2733 1038 puellae
2759 984 2925 1039 supra
2958 970 3185 1042 modum,
3214 969 3403 1026 dulces
3434 986 3636 1037 mores,

2058 1072 2124 1113 ac
2159 1058 2474 1116 insatiabile
2505 1061 2841 1118 desiderium
2877 1061 3161 1127 habentes,
3205 1064 3543 1130 declararet,
3577 1081 3642 1120 ac

2058 1163 2155 1218 per
2175 1164 2317 1217 eam,
2358 1153 2632 1208 universis
2663 1154 2930 1224 perviam,
2970 1155 3457 1225 promiscuamque
3485 1155 3641 1210 futu-

2059 1257 2175 1296 ram
2223 1244 2466 1299 scientia:
2511 1245 2609 1300 Dei
2683 1244 3027 1301 dulcedinem
3082 1247 3497 1316 praenuntiam.
3549 1246 3643 1301 Sin

2056 1350 2187 1406 ergo
2213 1336 2498 1407 magniﬁce
2523 1335 2792 1406 epulatos,
2830 1335 3070 1406 Spiritus
3116 1353 3338 1407 quoque
3382 1339 3642 1408 adimpIet

2059 1429 2257 1500 gratia,
2293 1428 2466 1496 siqui
2503 1443 2569 1482 ex
2611 1428 2721 1484 illis
2743 1429 2892 1499 digni
2928 1440 3106 1492 erant,
3139 1431 3345 1500 quibus
3390 1443 3643 1500 porrecta
3714 1464 3718 1471 ι

2059 1518 2330 1583 oratione,
2377 1519 2498 1587 ejus
2548 1529 2767 1589 propter
2809 1534 2973 1588 quam
3022 1520 3129 1589 ipsi
3182 1520 3494 1586 oﬂ‘erretur,
3524 1537 3644 1577 ma-

2059 1611 2239 1680 gnalia
2262 1612 2518 1665 ostendit.
2545 1610 2696 1665 lllata
2719 1611 2865 1665 enim
2891 1613 3142 1667 convivio
3161 1614 3212 1667 in
3239 1614 3383 1669 ulnis
3409 1625 3641 1685 gestata,

2060 1702 2337 1757 communi
2385 1704 2768 1758 universorum
2818 1703 3046 1758 laetitia:
3082 1719 3169 1770 ea,
3224 1706 3470 1776 inquam,
3517 1724 3642 1778 qua:

2061 1793 2177 1847 sola
2209 1794 2444 1863 eleganti
2474 1807 2539 1848 ac
2585 1793 2999 1863 incomparabili
3042 1794 3241 1850 decore
3292 1797 3636 1864 splenderet;

2061 1899 2186 1955 quae
2222 1886 2439 1940 sincera
2470 1887 2653 1955 specie
2698 1886 2921 1956 praedita
2969 1897 3151 1952 esset;
3186 1888 3356 1942 nobili
3387 1889 3481 1944 illo
3516 1904 3641 1945 sur-

2059 1978 2184 2033 culo
2243 1978 2496 2050 generis;
2548 1979 2745 2036 virenti
2786 1981 2880 2035 illo
2932 1993 3146 2037 naturae
3200 1984 3463 2039 stolone:
3497 1999 3645 2039 sem.

2060 2070 2254 2136 piterni
2309 2072 2401 2125 illa
2449 2072 2633 2142 gaudii
2675 2074 2939 2143 symbolis
2979 2075 3321 2142 exhilarata;
3356 2076 3468 2142 illa,
3519 2093 3644 2145 qua:

2058 2161 2329 2216 bonorum
2391 2162 2681 2218 thesauros
2735 2164 3065 2229 recondidit,
3120 2181 3185 2220 ac
3244 2165 3642 2223 benedictionis

2057 2250 2278 2306 divitias
2315 2269 2329 2306 :
2364 2252 2604 2323 primum
2651 2254 3071 2324 obstupescunt,
3106 2256 3349 2325 augusti,
3381 2272 3449 2311 ac
3497 2257 3641 2311 divi-

2060 2359 2193 2398 num
2245 2343 2375 2413 quid
2436 2343 2709 2411 habentis,
2771 2346 2890 2414 ejus
2942 2346 3158 2402 decoris
3199 2359 3465 2418 aspectu;
3523 2357 3637 2404 tum

2060 2436 2244 2490 statim
2286 2436 2604 2491 convivium
2641 2437 2972 2493 suavissima
3000 2438 3348 2509 jucunditate
3377 2441 3639 2510 repletur,

2062 2525 2334 2580 universis
2363 2526 2590 2595 perinde
2630 2526 2887 2600 convivis~
2918 2528 3152 2584 invicem
3193 2531 3597 2601 gratuiantibus
3626 2553 3639 2586 :

2060 2632 2147 2672 ac-
2172 2618 2295 2672 aliis
2327 2617 2545 2687 quidem
2597 2618 2767 2689 gratis
2817 2620 3043 2676 vocibus
3078 2622 3516 2692 excipientibus;
3553 2640 3642 2679 sa-

2062 2709 2378 2766 cerdotibus
2399 2722 2606 2779 autem,
2638 2712 2945 2783 potioribus
2977 2716 3282 2783 gratiarum
3307 2717 3640 2780 actionibus,

2063 2804 2340 2875 inspirata:
2374 2821 2405 2860 a
2437 2807 2548 2861 Deo
2590 2808 3008 2877 supplicationis
3043 2810 3209 2866 verba
3259 2813 3468 2881 pariter
3498 2816 3643 2868 rele-

2062 2898 2340 2964 reutibus;
2375 2900 2512 2965 huic,
2545 2914 2610 2953 ac
2637 2898 2905 2968 ejusmodi
2931 2903 3180 2971 quaedam
3221 2905 3641 2973 promebantur,

2064 2999 2125 3044 ut
2147 2991 2456 3046 certissima
2486 2991 2797 3047 futurorum
2830 2994 3115 3062 prophetia
3144 2995 3482 3052 viderentur.

2134 3168 2276 3225 XVI.
2301 3169 2435 3226 Nam
2464 3172 2556 3227 alii
2588 3172 2831 3243 quidem,
2854 3174 3023 3229 Deum
3058 3182 3268 3242 patrum
3304 3176 3645 3242 invocantes,

372 3282 533 3335 μενοι
550 3264 718 3329 Θεὸν,
740 3265 1039 3333 εὐλογῆσαι
1086 3264 1188 3335 τὴν
1236 3266 1428 3331 παῖδα,
1464 3266 1586 3321 ικαὶ
1653 3263 1963 3325 διαιωνίζον

2065 3265 2299 3336 puellam
2358 3268 2702 3330 benedicere,
2767 3285 2832 3324 ac
2886 3271 3281 3340 sempiternum
3338 3275 3389 3330 ei
3445 3290 3643 3330 nomen

368 3358 516 3427 αὐτῇ
546 3358 809 3428 παρέξειν
837 3355 1015 3421 ὄνομα
1051 3357 1430 3429 προσηύχοντο
1463 3374 1477 3389 ·
1508 3360 1561 3412 οἱ
1616 3357 1674 3411 δὲ
1721 3358 1814 3410 τὸν
1855 3357 1962 3411 τῶν

368 3449 689 3520 ὐψωμάτων
718 3449 1092 3521 ἐπιϐλέψαντα
1125 3451 1281 3513 θεὸν,
1307 3451 1579 3522 ἁδιαδόχῳ
1625 3451 1833 3521 ταύτην
1872 3451 1963 3503 ea.

366 3542 536 3614 λογίᾳ
566 3546 1015 3614 κατακοσμῆσαι.
1046 3544 1155 3610 Δὸς
1187 3542 1295 3615 γὰρ
1325 3542 1505 3612 αὐτῇ,
1539 3545 1726 3613 φησὶν,
1773 3543 1965 3613 ὄνομα

366 3633 623 3689 αἰώνιον
647 3635 717 3688 ἐν
745 3635 974 3700 πάσαις
1010 3628 1142 3702 ταῖς
1177 3636 1434 3706 γενεαῖς,
1485 3636 1587 3690 καὶ
1620 3636 1966 3704 εὐλόγησωθ

366 3725 574 3792 αὐτὴν
595 3726 865 3794 εὐλογίᾳ,
900 3724 1034 3793 ἣτις
1077 3725 1373 3796 διαδοχὴν
1409 3727 1521 3794 οὐχ
1576 3724 1720 3790 ἕξει.
1781 3726 1965 3780 Πάντα

372 3816 828 3888 προκψύγματα
877 3817 986 3872 τῶν
1040 3816 1425 3888 ἐπιϐεϐηκότων
1473 3818 1575 3889 ήδη
1604 3834 1617 3846 ·
1655 3817 1713 3871 τὸ
1746 3818 1966 3872 αἰώνιον

370 3909 575 3980 ινομα,
634 3909 694 3962 τὺ
749 3911 955 3971 πάσαις
1010 3909 1359 3980 θρυλλεῖσθαι
1423 3914 1544 3974 ταῖς
1596 3913 1833 3979 γενεαῖς,
1869 3909 1966 3964 καὶ

376 4001 665 4071 ἀδιάὂοχον
692 3994 834 4054 εἶναι
877 4000 976 4071 τὴν
1018 4000 1293 4070 εὐλογίαν.
1348 4001 1470 4055 Τῶν
1526 4001 1836 4073 ὐψωμάτων
1884 4002 1964 4065 δὲ,

374 4097 471 4147 τὸν
494 4092 605 4147 τῶν
662 4092 981 4163 θαυμασίων
1031 4093 1399 4147 ἐπεκαλοῦντο
1435 4093 1590 4157 Θεὸν,
1621 4094 1711 4147 τὸν
1752 4093 1969 4157 ἐξαίσια

375 4188 476 4241 καὶ
506 4187 801 4258 ἀπόρρητα
826 4186 1254 4259 καινοτομοῦντα
1284 4188 1613 4259 πράγματα,
1656 4188 1750 4240 τὸν
1786 4191 1968 4241 πᾶσαν

376 4278 652 4349 γεννητὴν
682 4278 1052 4350 ὑπεραίροντα
1078 4281 1286 4351 νόησιν.
1336 4282 1398 4334 ’0
1427 4283 1594 4348 Θεὸς,
1640 4282 1797 4352 φησὶ,
1853 4280 1969 4333 τῶν

374 4370 744 4439 ὑψωμὰτῳν,
790 4371 1125 4440 ἐπίϐλεψον
1166 4372 1265 4425 ἐπὶ
1318 4373 1436 4440 τὴν
1491 4372 1675 4427 παῖδα
1717 4375 1966 4437 ταύτην,

380 4462 481 4515 καὶ
511 4462 860 4531 εὐλόγησον
907 4462 1105 4531 αὐτὴν
1148 4463 1455 4533 εὐλογίαν,
1506 4463 1639 4532 ἥτις
1676 4463 1969 4530 διαδοχὴν·

376 4554 496 4621 οὐχ
530 4550 678 4616 ἔξει.
701 4552 823 4605 Τῶν
849 4552 1181 4623 ὐψωμάτων,
1237 4555 1393 4624 φησι,
1454 4553 1566 4606 τῶν
1621 4554 1969 4624 ὑψηλοτέρων

2068 3359 2308 3426 praebere
2334 3359 2701 3429 precabantur
2739 3380 2753 3415 :
2787 3362 2878 3416 alii
2914 3378 3044 3417 vero
3073 3379 3194 3428 suo,
3228 3364 3394 3420 Deum
3430 3367 3648 3423 celsita-

2068 3459 2204 3514 tum,
2246 3463 2496 3520 aspectu,
2544 3451 2878 3520 sempiterna
2926 3470 3046 3509 eam
3108 3455 3489 3511 benedictione
3550 3473 3645 3513 cr-

2067 3556 2255 3596 nare:
2302 3540 2384 3595 Da
2446 3544 2606 3603 enim.
2679 3545 2877 3611 inquit,
2927 3548 2976 3599 ei
3027 3559 3284 3600 (sternunt
3343 3564 3528 3602 nanum
3589 3552 3644 3604 in

2068 3633 2324 3686 universis
2380 3635 2830 3702 generationibus,
2889 3653 3107 3707 eamque
3171 3639 3440 3708 ejusmodi
3489 3642 3647 3697 bene-

2064 3723 2299 3779 dictione
2327 3723 2551 3795 adauge,
2576 3742 2693 3795 qua:
2729 3743 2833 3780 non
2879 3729 2950 3781 sit
3003 3729 3252 3783 habitura
3295 3731 3476 3799 finem.
3513 3731 3648 3786 Uni-

2067 3830 2452 3881 versa,corum
2490 3834 2610 3887 qua:
2633 3818 2746 3887 jam
2776 3821 3365 3889 eveneritnt,quaeda:n
3401 3824 3645 3878 oracula.

2067 3907 2357 3965 Eternum
2395 3925 2614 3972 nomen,
2646 3911 2938 3967 celebritas
2971 3912 3062 3966 illa
3095 3914 3150 3967 in
3178 3915 3435 3968 munibus
3472 3932 3642 3985 gene-

2069 4002 2396 4065 rationibus,
2430 4018 2497 4057 ac
2542 4004 2878 4073 sempiterna
2923 4004 3233 4059 benedictio
3265 4014 3371 4060 est.
3411 4006 3647 4063 Celsita-

2069 4103 2184 4149 tum
2231 4110 2361 4149 veto
2412 4093 2578 4148 Deum
2629 4095 2976 4159 invocabant,
3028 4096 3195 4151 Deum
3240 4098 3427 4167 utique
3472 4103 3646 4154 mira-

2069 4184 2292 4250 hiliutn;
2327 4185 2421 4255 qui
2486 4187 2744 4239 nimirum
2805 4187 3073 4255 stupenda
3132 4203 3197 4241 ac
3257 4188 3646 4244 incnarrabilia

2073 4280 2332 4341 innovat;
2363 4279 2454 4348 qui
2484 4292 2725 4333 ert-alam
2780 4295 2997 4332 omnem
3037 4280 3450 4350 intelligentiam
3491 4299 3650 4337 cxce-

2071 4371 2169 4424 dit.
2217 4370 2377 4434 Deus,
2431 4372 2625 4439 inquit,
2680 4369 3006 4436 celsitatum,
3055 4373 3232 4440 aspice
3284 4389 3441 4442 super
3492 4374 3648 4425 istam

2071 4458 2325 4528 puellam,
2358 4474 2522 4523 eaque
2560 4475 2678 4513 eam
2724 4460 3080 4513 benedictione
3130 4461 3359 4532 adauge,
3388 4477 3505 4531 qtae
3546 4478 3652 4515 non

2072 4551 2141 4604 sit
2190 4551 2440 4604 habitura
2486 4551 2664 4618 ﬁnem.
2699 4550 3042 4613 Cclsitatum,
3075 4552 3281 4621 inquit;
3316 4554 3371 4607 id
3411 4563 3516 4618 est,
3549 4570 3645 4607 su-

380 4644 628 4713 νοήσεως
647 4659 663 4674 ’
697 4645 807 4699 τῶν
825 4645 1184 4717 ἐξῃρημένων
1198 4647 1434 4710 διανοίας
1454 4662 1469 4678 ⁸
1497 4646 1607 4699 τῶν
1634 4648 1973 4718 ἀνερμηνεύ-

2078 4641 2395 4695 blimiorum
2458 4640 2769 4705 intellectu,
2826 4640 2974 4693 omni
3042 4640 3310 4709 majorum
3375 4640 3649 4710 cogitatu.

380 4753 493 4788 των
539 4737 639 4790 καὶ
691 4738 1113 4807 ἀκαταλήπτων.
1155 4738 1429 4807 ’Υψηλὸς
1485 4739 1598 4808 γάρ
1657 4740 1824 4794 ἐστιν
1870 4738 1972 4791 ἐπὶ

382 4825 624 4893 ,πάντας
690 4828 833 4893 τοὺς
879 4827 1071 4896 ,λαοὺς
1115 4831 1149 4882 ὀ
1185 4830 1399 4897 Κύριος
1430 4842 1444 4857 ⁸
1486 4830 1731 4883 τουτέστι
1759 4869 1776 4895 ,
1835 4829 1970 4882 θαυ-

386 4919 868 4989 μαστότατος,ιιαὶ
913 4920 1097 4990 πάσης
1144 4918 1422 4990 λογισμῶν
1488 4920 1769 4991 περινοίας
1827 4920 1970 4974 ἀνά»

383 5028 575 5081 τερος.
619 5012 737 5065 οὐκ
791 5014 1056 5067 ἐννοεῖται
1112 5011 1191 5084 νῷ
1244 5014 1314 5067 τὰ
1353 5013 1668 5082 παράδοξαδ
1722 5014 1820 5083 οὐχ
1877 5015 1971 5084 ἐρ-

390 5103 693 5174 pandunt
720 5100 897 5176 λόγφυ
927 5104 1191 5176 ὑπεράνω
1224 5103 1333 5159 τῶν
1378 5105 1625 5175 οὐρανῶν
1685 5105 1973 5173 περιεπτι-

387 5212 481 5249 ται
512 5212 529 5226 ·
573 5198 670 5266 τῆς
718 5195 829 5249 τῶν
869 5198 1184 5266 ἀσωμάτων
1233 5198 1475 5268 νοήσεως
1506 5197 1923 5268 ἀποκρύπτεται
1954 5212 1970 5226 ·

385 5288 487 5357 τὴν
523 5287 636 5340 τῶν
671 5288 1081 5359 πολυομμάτων
1118 5289 1400 5357 ὁξυωπίαν
1429 5290 1801 5359 ὐπεκφσύγει·
1833 5288 1973 5343 θαύ-

391 5396 523 5448 ματι
553 5378 702 5450 μόνῳ
732 5379 826 5434 καὶ
849 5381 1058 5452 ἀφασίᾳ
1079 5382 1140 5434 τὸ
1178 5381 1527 5454 καταληπτὸν
1555 5381 1689 5454 ἔχει.

396 5578 404 5589 ο
462 5557 563 5614 1Ζ’.
591 5558 753 5614 Ἀλλά
776 5560 915 5632 πρὸς
932 5560 1031 5631 τήν
1051 5560 1308 5628 γλυκεῖαν
1329 5559 1493 5614 πάλιν
1527 5559 1673 5630 ἡμᾶς
1720 5560 1753 5629 ή
1795 5559 1980 5631 μήτηρ

419 5652 497 5707 ῶν
518 5652 782 5720 γενεσίων
811 5654 1135 5720 ἐπισυνάγει
1177 5653 1527 5713 πανδαισίαν,
1586 5654 1682 5706 καὶ
1746 5652 1844 5723 τὴν
1906 5653 1973 5705 ὲκ

424 5742 649 5815 ιωδοχῆς
694 5745 833 5816 αὐτῇ
869 5745 1161 5816 προσᾴδειν
1211 5744 1562 5816 εὐχαριστίαν
1597 5742 1974 5813 παρακελεύε-

462 5927 508 5963 ¹⁷
538 5926 684 5983 Psal.
718 5938 908 5990 xcvnt,
941 5924 1001 5982 2.

2074 4747 2192 4801 qua:
2227 4733 2486 4801 explicari
2519 4740 2798 4803 nequeunt
2842 4747 2907 4786 ac
2938 4730 3350 4801 comprehendi.
3388 4731 3651 4785 Excelsns

2072 4827 2218 4881 enim
2273 4840 2438 4893 supra
2477 4840 2667 4880 omnes
2696 4826 2923 4893 populos
2974 4822 3239 4877 Dominus
3274 4821 3341 4885 ⁸⁷,
3413 4821 3517 4875 hoc
3544 4832 3648 4882 est,

2075 4933 2287 4973 summe
2339 4916 2628 4980 mirabiiis,
2671 4930 2735 4970 ac
2778 4915 2927 4968 omni
2974 4913 3265 4968 sublimior
3306 4913 3508 4966 mentis
3559 4928 3655 4967 co-

2074 5009 2270 5078 gitatu.
2317 5006 2602 5077 Ejusmodi
2670 5016 2802 5062 sunt
2863 5005 3157 5072 mirabilia,
3211 5015 3267 5059 ut
3334 5019 3491 5058 mens
3542 5021 3651 5059 non

2079 5099 2342 5169 intelligat
2361 5137 2376 5161 ,
2412 5108 2472 5152 ut
2492 5098 2669 5152 oratio
2691 5097 2966 5167 explicare
3001 5106 3256 5165 nequeat.
3278 5094 3455 5165 Supra
3477 5098 3653 5152 cmlos

2078 5192 2246 5256 volat;
2324 5190 2779 5261 incorporearum
2865 5189 3235 5259 intelligentia!
3309 5190 3655 5255 occultatur;

2075 5284 2331 5340 subtilem
2382 5284 2634 5339 obtutum
2684 5282 2874 5337 multis
2912 5283 3089 5338 oculis
3143 5282 3495 5352 praeditorum
3528 5284 3648 5337 illo-

2078 5391 2224 5439 rum,
2264 5391 2332 5430 ac
2379 5390 2604 5431 sensum
2642 5374 2799 5446 fugit.
2838 5374 2968 5430 Solo
3015 5377 3282 5432 miraculo
3331 5391 3395 5432 ac
3435 5379 3659 5432 silentio

2082 5475 2262 5536 potest
2287 5465 2698 5536 comprehendi.

2156 5550 2321 5612 XVII.
2371 5554 2568 5611 Verum
2610 5573 2714 5612 nos
2754 5557 2952 5613 iterum
2998 5568 3170 5614 mater
3218 5561 3281 5615 ad
3328 5558 3486 5612 dulce
3515 5573 3656 5611 con-

2083 5658 2271 5720 gregat
2319 5650 2688 5704 natalitiorum
2758 5651 3103 5716 cunvivinm,
3153 5650 3659 5717 succedancamquc

2086 5742 2188 5814 ipsi
2231 5744 2530 5813 gratiarum
2579 5743 2847 5798 actionem
2894 5745 3142 5809 accinere
3177 5742 3351 5811 jubet.
3387 5741 3478 5794 Sic
3510 5740 3655 5795 enim
