  <div class='ocr_page' id='page_1' title='image "/cluster/home/n/w/nwhite01/storage/ocr_20150623/127/coo.31924054870328/303.png"; bbox 0 0 4104 6446; ppageno 0'>
   <div class='ocr_carea' id='block_1_1' title="bbox 455 471 556 539">
    <p class='ocr_par' dir='ltr' id='par_1_1' title="bbox 455 471 556 539">
     <span class='ocr_line' id='line_1_1' title="bbox 455 471 556 539; baseline -0.02 0"><span class='ocrx_word' id='word_1_1' title='bbox 455 471 556 539; x_wconf 73' lang='lat'><strong>591</strong></span> 
     </span>
    </p>
   </div>
   <div class='ocr_carea' id='block_1_2' title="bbox 1764 471 2404 534">
    <p class='ocr_par' dir='ltr' id='par_1_2' title="bbox 1764 471 2404 534">
     <span class='ocr_line' id='line_1_2' title="bbox 1764 471 2404 534; baseline -0.002 -3"><span class='ocrx_word' id='word_1_2' title='bbox 1764 471 2023 531; x_wconf 82' lang='lat' dir='ltr'><strong>JACOBI</strong></span> <span class='ocrx_word' id='word_1_3' title='bbox 2059 471 2404 534; x_wconf 81' lang='lat' dir='ltr'><strong>MONAClll</strong></span> 
     </span>
    </p>
   </div>
   <div class='ocr_carea' id='block_1_3' title="bbox 3620 472 3727 538">
    <p class='ocr_par' dir='ltr' id='par_1_3' title="bbox 3620 472 3727 538">
     <span class='ocr_line' id='line_1_3' title="bbox 3620 472 3727 538; baseline 0.019 -2"><span class='ocrx_word' id='word_1_4' title='bbox 3620 472 3727 538; x_wconf 73' lang='lat'><strong>592</strong></span> 
     </span>
    </p>
   </div>
   <div class='ocr_carea' id='block_1_4' title="bbox 452 588 2023 686">
    <p class='ocr_par' dir='ltr' id='par_1_4' title="bbox 452 588 2023 657">
     <span class='ocr_line' id='line_1_4' title="bbox 452 588 2023 657; baseline -0.003 -10"><span class='ocrx_word' id='word_1_5' title='bbox 452 591 696 657; x_wconf 76' lang='lat' dir='ltr'><strong>vicatiis,</strong></span> <span class='ocrx_word' id='word_1_6' title='bbox 745 605 810 646; x_wconf 90' lang='lat' dir='ltr'><strong>ac</strong></span> <span class='ocrx_word' id='word_1_7' title='bbox 853 598 1044 644; x_wconf 90' lang='lat' dir='ltr'><strong>mutuo</strong></span> <span class='ocrx_word' id='word_1_8' title='bbox 1085 588 1506 644; x_wconf 86' lang='lat' dir='ltr'><strong>succedentibus</strong></span> <span class='ocrx_word' id='word_1_9' title='bbox 1563 589 1862 655; x_wconf 85' lang='lat' dir='ltr'><strong>dulciariis,</strong></span> <span class='ocrx_word' id='word_1_10' title='bbox 1914 599 2023 645; x_wconf 90' lang='lat' dir='ltr'><strong>tum</strong></span> 
     </span>
    </p>
   </div>
   <div class='ocr_carea' id='block_1_5' title="bbox 2128 588 3726 686">
    <p class='ocr_par' dir='ltr' id='par_1_5' title="bbox 2137 590 3726 662">
     <span class='ocr_line' id='line_1_5' title="bbox 2137 590 3726 662; baseline 0.003 -19"><span class='ocrx_word' id='word_1_11' title='bbox 2137 609 2253 648; x_wconf 88' lang='grc' dir='ltr'>ται.</span> <span class='ocrx_word' id='word_1_12' title='bbox 2285 590 2442 644; x_wconf 68' lang='grc' dir='ltr'>Οὕτω</span> <span class='ocrx_word' id='word_1_13' title='bbox 2477 590 2586 662; x_wconf 71' lang='grc' dir='ltr'>γὰρ</span> <span class='ocrx_word' id='word_1_14' title='bbox 2626 590 2936 662; x_wconf 70' lang='grc' dir='ltr'>άμοιϐαίοις</span> <span class='ocrx_word' id='word_1_15' title='bbox 2964 593 3076 655; x_wconf 84' lang='grc' dir='ltr'>τοῖς</span> <span class='ocrx_word' id='word_1_16' title='bbox 3110 593 3206 660; x_wconf 79' lang='grc' dir='ltr'><strong>τῆς</strong></span> <span class='ocrx_word' id='word_1_17' title='bbox 3237 591 3544 660; x_wconf 71' lang='grc' dir='ltr'>δοξολοτίας</span> <span class='ocrx_word' id='word_1_18' title='bbox 3591 593 3726 653; x_wconf 82' lang='grc' dir='ltr'>ἡδύ-</span> 
     </span>
    </p>
   </div>
   <div class='ocr_carea' id='block_1_6' title="bbox 451 681 2031 753">
    <p class='ocr_par' dir='ltr' id='par_1_6' title="bbox 451 681 2031 753">
     <span class='ocr_line' id='line_1_6' title="bbox 451 681 2031 753; baseline -0.002 -14"><span class='ocrx_word' id='word_1_19' title='bbox 451 685 728 753; x_wconf 88' lang='lat' dir='ltr'><strong>antiquos,</strong></span> <span class='ocrx_word' id='word_1_20' title='bbox 781 691 895 736; x_wconf 91' lang='lat' dir='ltr'><strong>tum</strong></span> <span class='ocrx_word' id='word_1_21' title='bbox 945 694 1119 734; x_wconf 82' lang='lat' dir='ltr'><strong>novos</strong></span> <span class='ocrx_word' id='word_1_22' title='bbox 1162 681 1420 736; x_wconf 76' lang='lat' dir='ltr'><strong>convivas</strong></span> <span class='ocrx_word' id='word_1_23' title='bbox 1469 682 1754 750; x_wconf 83' lang='lat' dir='ltr'><strong>magniﬁce</strong></span> <span class='ocrx_word' id='word_1_24' title='bbox 1806 682 2031 752; x_wconf 77' lang='lat' dir='ltr'><strong>excipit.</strong></span> 
     </span>
    </p>
   </div>
   <div class='ocr_carea' id='block_1_7' title="bbox 451 773 2028 845">
    <p class='ocr_par' dir='ltr' id='par_1_7' title="bbox 451 773 2028 845">
     <span class='ocr_line' id='line_1_7' title="bbox 451 773 2028 845; baseline -0.002 -14"><span class='ocrx_word' id='word_1_25' title='bbox 451 777 627 844; x_wconf 85' lang='lat' dir='ltr'><strong>Quam</strong></span> <span class='ocrx_word' id='word_1_26' title='bbox 682 788 812 845; x_wconf 83' lang='lat' dir='ltr'><strong>ergo</strong></span> <span class='ocrx_word' id='word_1_27' title='bbox 870 773 1028 828; x_wconf 84' lang='lat' dir='ltr'><strong>dulce</strong></span> <span class='ocrx_word' id='word_1_28' title='bbox 1071 774 1346 828; x_wconf 86' lang='lat' dir='ltr'><strong>canticum</strong></span> <span class='ocrx_word' id='word_1_29' title='bbox 1405 773 1536 828; x_wconf 92' lang='lat' dir='ltr'><strong>illud</strong></span> <span class='ocrx_word' id='word_1_30' title='bbox 1589 775 1734 844; x_wconf 89' lang='lat' dir='ltr'><strong>quod</strong></span> <span class='ocrx_word' id='word_1_31' title='bbox 1792 775 2028 829; x_wconf 85' lang='lat' dir='ltr'><strong>accinit!</strong></span> 
     </span>
    </p>
   </div>
   <div class='ocr_carea' id='block_1_8' title="bbox 449 865 2033 937">
    <p class='ocr_par' dir='ltr' id='par_1_8' title="bbox 449 865 2033 937">
     <span class='ocr_line' id='line_1_8' title="bbox 449 865 2033 937; baseline -0.002 -14"><span class='ocrx_word' id='word_1_32' title='bbox 449 869 623 933; x_wconf 84' lang='lat' dir='ltr'><strong>Quam</strong></span> <span class='ocrx_word' id='word_1_33' title='bbox 665 865 1044 936; x_wconf 87' lang='lat' dir='ltr'><strong>spectantibus</strong></span> <span class='ocrx_word' id='word_1_34' title='bbox 1073 865 1466 921; x_wconf 89' lang='lat' dir='ltr'><strong>desiderabiles</strong></span> <span class='ocrx_word' id='word_1_35' title='bbox 1498 867 1810 920; x_wconf 88' lang='lat' dir='ltr'><strong>cbarissimi</strong></span> <span class='ocrx_word' id='word_1_36' title='bbox 1842 867 2033 937; x_wconf 84' lang='lat' dir='ltr'><strong>pigno-</strong></span> 
     </span>
    </p>
   </div>
   <div class='ocr_carea' id='block_1_9' title="bbox 451 958 2034 1029">
    <p class='ocr_par' dir='ltr' id='par_1_9' title="bbox 451 958 2034 1029">
     <span class='ocr_line' id='line_1_9' title="bbox 451 958 2034 1029; baseline -0.001 -15"><span class='ocrx_word' id='word_1_37' title='bbox 451 962 529 1016; x_wconf 89' lang='lat' dir='ltr'><strong>ris</strong></span> <span class='ocrx_word' id='word_1_38' title='bbox 597 959 938 1029; x_wconf 76' lang='lat' dir='ltr'><strong>complexus,</strong></span> <span class='ocrx_word' id='word_1_39' title='bbox 1001 973 1233 1027; x_wconf 64' lang='lat' dir='ltr'><strong>qumque</strong></span> <span class='ocrx_word' id='word_1_40' title='bbox 1294 958 1347 1012; x_wconf 90' lang='lat' dir='ltr'><strong>id</strong></span> <span class='ocrx_word' id='word_1_41' title='bbox 1401 959 1665 1028; x_wconf 74' lang='lat' dir='ltr'><strong>temporis</strong></span> <span class='ocrx_word' id='word_1_42' title='bbox 1732 959 2034 1028; x_wconf 77' lang='lat' dir='ltr'><strong>prepbetia:</strong></span> 
     </span>
    </p>
   </div>
   <div class='ocr_carea' id='block_1_10' title="bbox 449 1049 2034 1120">
    <p class='ocr_par' dir='ltr' id='par_1_10' title="bbox 449 1049 2034 1120">
     <span class='ocr_line' id='line_1_10' title="bbox 449 1049 2034 1120; baseline -0.001 -13"><span class='ocrx_word' id='word_1_43' title='bbox 449 1052 752 1107; x_wconf 85' lang='lat' dir='ltr'><strong>edebantur</strong></span> <span class='ocrx_word' id='word_1_44' title='bbox 811 1065 935 1104; x_wconf 91' lang='lat' dir='ltr'><strong>cum</strong></span> <span class='ocrx_word' id='word_1_45' title='bbox 976 1051 1278 1120; x_wconf 63' lang='lat' dir='ltr'><strong>gratiarum</strong></span> <span class='ocrx_word' id='word_1_46' title='bbox 1327 1049 1571 1105; x_wconf 84' lang='lat' dir='ltr'><strong>actione!</strong></span> <span class='ocrx_word' id='word_1_47' title='bbox 1610 1050 1712 1106; x_wconf 91' lang='lat' dir='ltr'><strong>Ubi</strong></span> <span class='ocrx_word' id='word_1_48' title='bbox 1756 1052 1926 1116; x_wconf 90' lang='lat' dir='ltr'><strong>enim,</strong></span> <span class='ocrx_word' id='word_1_49' title='bbox 1966 1051 2034 1107; x_wconf 91' lang='lat' dir='ltr'><strong>iis</strong></span> 
     </span>
    </p>
   </div>
   <div class='ocr_carea' id='block_1_11' title="bbox 448 1140 2031 1209">
    <p class='ocr_par' dir='ltr' id='par_1_11' title="bbox 448 1140 2031 1209">
     <span class='ocr_line' id='line_1_11' title="bbox 448 1140 2031 1209; baseline -0.001 -13"><span class='ocrx_word' id='word_1_50' title='bbox 448 1156 714 1203; x_wconf 85' lang='lat' dir='ltr'><strong>consona,</strong></span> <span class='ocrx_word' id='word_1_51' title='bbox 747 1155 867 1209; x_wconf 68' lang='lat' dir='ltr'><strong>quze</strong></span> <span class='ocrx_word' id='word_1_52' title='bbox 897 1140 1050 1209; x_wconf 88' lang='lat' dir='ltr'><strong>prius</strong></span> <span class='ocrx_word' id='word_1_53' title='bbox 1075 1140 1394 1194; x_wconf 88' lang='lat' dir='ltr'><strong>annuntiata</strong></span> <span class='ocrx_word' id='word_1_54' title='bbox 1438 1150 1641 1203; x_wconf 83' lang='lat' dir='ltr'><strong>essent,</strong></span> <span class='ocrx_word' id='word_1_55' title='bbox 1677 1141 2031 1196; x_wconf 91' lang='lat' dir='ltr'><strong>sacerdotum</strong></span> 
     </span>
    </p>
   </div>
   <div class='ocr_carea' id='block_1_12' title="bbox 449 1232 2031 1302">
    <p class='ocr_par' dir='ltr' id='par_1_12' title="bbox 449 1232 2031 1302">
     <span class='ocr_line' id='line_1_12' title="bbox 449 1232 2031 1302; baseline -0.002 -13"><span class='ocrx_word' id='word_1_56' title='bbox 449 1248 759 1298; x_wconf 82' lang='lat' dir='ltr'><strong>sermones,</strong></span> <span class='ocrx_word' id='word_1_57' title='bbox 801 1247 866 1286; x_wconf 92' lang='lat' dir='ltr'><strong>ac</strong></span> <span class='ocrx_word' id='word_1_58' title='bbox 916 1232 986 1285; x_wconf 78' lang='lat' dir='ltr'><strong>al)</strong></span> <span class='ocrx_word' id='word_1_59' title='bbox 1038 1233 1119 1286; x_wconf 91' lang='lat' dir='ltr'><strong>eis</strong></span> <span class='ocrx_word' id='word_1_60' title='bbox 1173 1233 1514 1300; x_wconf 81' lang='lat' dir='ltr'><strong>precantium</strong></span> <span class='ocrx_word' id='word_1_61' title='bbox 1572 1235 1756 1302; x_wconf 84' lang='lat' dir='ltr'><strong>specie</strong></span> <span class='ocrx_word' id='word_1_62' title='bbox 1817 1233 2031 1302; x_wconf 89' lang='lat' dir='ltr'><strong>prolata</strong></span> 
     </span>
    </p>
   </div>
   <div class='ocr_carea' id='block_1_13' title="bbox 450 1323 2031 1394">
    <p class='ocr_par' dir='ltr' id='par_1_13' title="bbox 450 1323 2031 1394">
     <span class='ocr_line' id='line_1_13' title="bbox 450 1323 2031 1394; baseline 0.001 -16"><span class='ocrx_word' id='word_1_63' title='bbox 450 1324 836 1394; x_wconf 70' lang='lat' dir='ltr'><strong>perspexisset,</strong></span> <span class='ocrx_word' id='word_1_64' title='bbox 897 1323 1039 1376; x_wconf 84' lang='lat' dir='ltr'><strong>haud</strong></span> <span class='ocrx_word' id='word_1_65' title='bbox 1081 1323 1220 1376; x_wconf 89' lang='lat' dir='ltr'><strong>ultra</strong></span> <span class='ocrx_word' id='word_1_66' title='bbox 1267 1337 1432 1391; x_wconf 90' lang='lat' dir='ltr'><strong>quam</strong></span> <span class='ocrx_word' id='word_1_67' title='bbox 1490 1324 1854 1392; x_wconf 88' lang='lat' dir='ltr'><strong>parturiebat,</strong></span> <span class='ocrx_word' id='word_1_68' title='bbox 1898 1339 2031 1394; x_wconf 85' lang='lat' dir='ltr'><strong>pro-</strong></span> 
     </span>
    </p>
   </div>
   <div class='ocr_carea' id='block_1_14' title="bbox 451 1415 2029 1486">
    <p class='ocr_par' dir='ltr' id='par_1_14' title="bbox 451 1415 2029 1486">
     <span class='ocr_line' id='line_1_14' title="bbox 451 1415 2029 1486; baseline 0.004 -22"><span class='ocrx_word' id='word_1_69' title='bbox 451 1416 645 1484; x_wconf 73' lang='lat' dir='ltr'><strong>phetia:</strong></span> <span class='ocrx_word' id='word_1_70' title='bbox 669 1416 925 1485; x_wconf 77' lang='lat' dir='ltr'><strong>gratiam,</strong></span> <span class='ocrx_word' id='word_1_71' title='bbox 960 1416 1197 1480; x_wconf 86' lang='lat' dir='ltr'><strong>retinet;</strong></span> <span class='ocrx_word' id='word_1_72' title='bbox 1228 1415 1324 1470; x_wconf 87' lang='lat' dir='ltr'><strong>sed</strong></span> <span class='ocrx_word' id='word_1_73' title='bbox 1365 1416 1684 1469; x_wconf 82' lang='lat' dir='ltr'><strong>thesaurum</strong></span> <span class='ocrx_word' id='word_1_74' title='bbox 1726 1417 2029 1486; x_wconf 88' lang='lat' dir='ltr'><strong>repositum</strong></span> 
     </span>
    </p>
   </div>
   <div class='ocr_carea' id='block_1_15' title="bbox 453 1508 2027 1578">
    <p class='ocr_par' dir='ltr' id='par_1_15' title="bbox 453 1508 2027 1578">
     <span class='ocr_line' id='line_1_15' title="bbox 453 1508 2027 1578; baseline 0 -15"><span class='ocrx_word' id='word_1_75' title='bbox 453 1511 507 1563; x_wconf 93' lang='lat' dir='ltr'><strong>in</strong></span> <span class='ocrx_word' id='word_1_76' title='bbox 554 1510 730 1562; x_wconf 78' lang='lat' dir='ltr'><strong>lucem</strong></span> <span class='ocrx_word' id='word_1_77' title='bbox 781 1509 1052 1578; x_wconf 89' lang='lat' dir='ltr'><strong>producit,</strong></span> <span class='ocrx_word' id='word_1_78' title='bbox 1086 1508 1376 1576; x_wconf 79' lang='lat' dir='ltr'><strong>palamque</strong></span> <span class='ocrx_word' id='word_1_79' title='bbox 1430 1523 1495 1561; x_wconf 87' lang='lat' dir='ltr'><strong>ac</strong></span> <span class='ocrx_word' id='word_1_80' title='bbox 1537 1508 1756 1575; x_wconf 84' lang='lat' dir='ltr'><strong>publice</strong></span> <span class='ocrx_word' id='word_1_81' title='bbox 1805 1508 2027 1563; x_wconf 84' lang='lat' dir='ltr'><strong>divitias</strong></span> 
     </span>
    </p>
   </div>
   <div class='ocr_carea' id='block_1_16' title="bbox 449 1599 2030 1672">
    <p class='ocr_par' dir='ltr' id='par_1_16' title="bbox 449 1599 2030 1672">
     <span class='ocr_line' id='line_1_16' title="bbox 449 1599 2030 1672; baseline 0.001 -17"><span class='ocrx_word' id='word_1_82' title='bbox 449 1602 698 1672; x_wconf 89' lang='lat' dir='ltr'><strong>proprias</strong></span> <span class='ocrx_word' id='word_1_83' title='bbox 745 1603 1019 1670; x_wconf 74' lang='lat' dir='ltr'><strong>proponit.</strong></span> <span class='ocrx_word' id='word_1_84' title='bbox 1068 1599 1291 1655; x_wconf 87' lang='lat' dir='ltr'><strong>Tollens</strong></span> <span class='ocrx_word' id='word_1_85' title='bbox 1339 1601 1485 1652; x_wconf 90' lang='lat' dir='ltr'><strong>enim</strong></span> <span class='ocrx_word' id='word_1_86' title='bbox 1542 1610 1716 1655; x_wconf 89' lang='lat' dir='ltr'><strong>mater</strong></span> <span class='ocrx_word' id='word_1_87' title='bbox 1769 1616 1799 1655; x_wconf 91' lang='lat' dir='ltr'><strong>e</strong></span> <span class='ocrx_word' id='word_1_88' title='bbox 1851 1601 2030 1658; x_wconf 89' lang='lat' dir='ltr'><strong>medio</strong></span> 
     </span>
    </p>
   </div>
   <div class='ocr_carea' id='block_1_17' title="bbox 448 1693 2030 1758">
    <p class='ocr_par' dir='ltr' id='par_1_17' title="bbox 448 1693 2030 1758">
     <span class='ocr_line' id='line_1_17' title="bbox 448 1693 2030 1758; baseline 0.001 -10"><span class='ocrx_word' id='word_1_89' title='bbox 448 1693 699 1748; x_wconf 79' lang='lat' dir='ltr'><strong>convivio</strong></span> <span class='ocrx_word' id='word_1_90' title='bbox 725 1693 950 1748; x_wconf 89' lang='lat' dir='ltr'><strong>delicias</strong></span> <span class='ocrx_word' id='word_1_91' title='bbox 978 1707 1129 1758; x_wconf 87' lang='lat' dir='ltr'><strong>suas,</strong></span> <span class='ocrx_word' id='word_1_92' title='bbox 1155 1707 1218 1746; x_wconf 90' lang='lat' dir='ltr'><strong>ac</strong></span> <span class='ocrx_word' id='word_1_93' title='bbox 1257 1701 1471 1748; x_wconf 73' lang='lat' dir='ltr'><strong>natura:</strong></span> <span class='ocrx_word' id='word_1_94' title='bbox 1497 1694 1766 1748; x_wconf 72' lang='lat' dir='ltr'><strong>universa:</strong></span> <span class='ocrx_word' id='word_1_95' title='bbox 1793 1693 2030 1750; x_wconf 86' lang='lat' dir='ltr'><strong>delecta-</strong></span> 
     </span>
    </p>
   </div>
   <div class='ocr_carea' id='block_1_18' title="bbox 449 1786 2028 1856">
    <p class='ocr_par' dir='ltr' id='par_1_18' title="bbox 449 1786 2028 1856">
     <span class='ocr_line' id='line_1_18' title="bbox 449 1786 2028 1856; baseline 0.002 -15"><span class='ocrx_word' id='word_1_96' title='bbox 449 1795 716 1852; x_wconf 86' lang='lat' dir='ltr'><strong>mentum,</strong></span> <span class='ocrx_word' id='word_1_97' title='bbox 753 1787 1001 1856; x_wconf 86' lang='lat' dir='ltr'><strong>atquein</strong></span> <span class='ocrx_word' id='word_1_98' title='bbox 1037 1787 1160 1841; x_wconf 85' lang='lat' dir='ltr'><strong>sinu</strong></span> <span class='ocrx_word' id='word_1_99' title='bbox 1195 1801 1296 1842; x_wconf 89' lang='lat' dir='ltr'><strong>suo</strong></span> <span class='ocrx_word' id='word_1_100' title='bbox 1325 1787 1626 1853; x_wconf 78' lang='lat' dir='ltr'><strong>collocatis,</strong></span> <span class='ocrx_word' id='word_1_101' title='bbox 1657 1786 1778 1843; x_wconf 81' lang='lat' dir='ltr'><strong>fusa</strong></span> <span class='ocrx_word' id='word_1_102' title='bbox 1822 1789 2028 1844; x_wconf 84' lang='lat' dir='ltr'><strong>osculis</strong></span> 
     </span>
    </p>
   </div>
   <div class='ocr_carea' id='block_1_19' title="bbox 448 1880 2028 1951">
    <p class='ocr_par' dir='ltr' id='par_1_19' title="bbox 448 1880 2028 1951">
     <span class='ocr_line' id='line_1_19' title="bbox 448 1880 2028 1951; baseline 0.001 -17"><span class='ocrx_word' id='word_1_103' title='bbox 448 1881 883 1951; x_wconf 68' lang='lat' dir='ltr'><strong>amplexabantur,</strong></span> <span class='ocrx_word' id='word_1_104' title='bbox 928 1895 991 1935; x_wconf 90' lang='lat' dir='ltr'><strong>ac</strong></span> <span class='ocrx_word' id='word_1_105' title='bbox 1045 1881 1156 1936; x_wconf 89' lang='lat' dir='ltr'><strong>cito</strong></span> <span class='ocrx_word' id='word_1_106' title='bbox 1206 1880 1259 1935; x_wconf 91' lang='lat' dir='ltr'><strong>in</strong></span> <span class='ocrx_word' id='word_1_107' title='bbox 1305 1882 1566 1936; x_wconf 89' lang='lat' dir='ltr'><strong>sacellum</strong></span> <span class='ocrx_word' id='word_1_108' title='bbox 1623 1882 1891 1943; x_wconf 76' lang='lat' dir='ltr'><strong>referens.</strong></span> <span class='ocrx_word' id='word_1_109' title='bbox 1921 1882 2028 1939; x_wconf 80' lang='lat' dir='ltr'><strong>fer-</strong></span> 
     </span>
    </p>
   </div>
   <div class='ocr_carea' id='block_1_20' title="bbox 2141 685 3729 754">
    <p class='ocr_par' dir='ltr' id='par_1_20' title="bbox 2141 685 3729 754">
     <span class='ocr_line' id='line_1_20' title="bbox 2141 685 3729 754; baseline 0.002 -18"><span class='ocrx_word' id='word_1_110' title='bbox 2141 701 2313 754; x_wconf 79' lang='grc' dir='ltr'>σμασι</span> <span class='ocrx_word' id='word_1_111' title='bbox 2345 685 2472 748; x_wconf 75' lang='grc' dir='ltr'>τοὺς</span> <span class='ocrx_word' id='word_1_112' title='bbox 2506 685 2694 750; x_wconf 86' lang='grc' dir='ltr'>πάλαι,</span> <span class='ocrx_word' id='word_1_113' title='bbox 2717 685 2815 739; x_wconf 77' lang='grc' dir='ltr'>καὶ</span> <span class='ocrx_word' id='word_1_114' title='bbox 2843 686 2969 748; x_wconf 78' lang='grc' dir='ltr'>τοὺς</span> <span class='ocrx_word' id='word_1_115' title='bbox 3001 685 3097 738; x_wconf 89' lang='grc' dir='ltr'><strong>νῦν</strong></span> <span class='ocrx_word' id='word_1_116' title='bbox 3134 685 3545 754; x_wconf 79' lang='grc' dir='ltr'>φιλοφρονεῖται</span> <span class='ocrx_word' id='word_1_117' title='bbox 3605 685 3729 739; x_wconf 86' lang='grc' dir='ltr'>δαι-</span> 
     </span>
    </p>
   </div>
   <div class='ocr_carea' id='block_1_21' title="bbox 2135 776 3726 849">
    <p class='ocr_par' dir='ltr' id='par_1_21' title="bbox 2135 776 3726 849">
     <span class='ocr_line' id='line_1_21' title="bbox 2135 776 3726 849; baseline 0.001 -21"><span class='ocrx_word' id='word_1_118' title='bbox 2135 777 2396 846; x_wconf 85' lang='grc' dir='ltr'>τυμόνας.</span> <span class='ocrx_word' id='word_1_119' title='bbox 2435 778 2523 841; x_wconf 83' lang='grc' dir='ltr'>Ὠς</span> <span class='ocrx_word' id='word_1_120' title='bbox 2558 779 2712 849; x_wconf 76' lang='grc' dir='ltr'>ἡδεῖα</span> <span class='ocrx_word' id='word_1_121' title='bbox 2746 777 2926 830; x_wconf 79' lang='grc' dir='ltr'>τοίνυν</span> <span class='ocrx_word' id='word_1_122' title='bbox 2961 776 3122 847; x_wconf 79' lang='grc' dir='ltr'>ἡτῶν</span> <span class='ocrx_word' id='word_1_123' title='bbox 3147 777 3362 846; x_wconf 79' lang='grc' dir='ltr'><strong>ἐκείνης</strong></span> <span class='ocrx_word' id='word_1_124' title='bbox 3389 777 3726 848; x_wconf 76' lang='grc' dir='ltr'>ἐπᾳσμάτων</span> 
     </span>
    </p>
   </div>
   <div class='ocr_carea' id='block_1_22' title="bbox 2135 865 3725 938">
    <p class='ocr_par' dir='ltr' id='par_1_22' title="bbox 2135 865 3725 938">
     <span class='ocr_line' id='line_1_22' title="bbox 2135 865 3725 938; baseline 0 -20"><span class='ocrx_word' id='word_1_125' title='bbox 2135 867 2293 938; x_wconf 70' lang='grc' dir='ltr'>ᾠεήί</span> <span class='ocrx_word' id='word_1_126' title='bbox 2343 867 2432 930; x_wconf 85' lang='grc' dir='ltr'>Ὠς</span> <span class='ocrx_word' id='word_1_127' title='bbox 2461 867 2708 921; x_wconf 77' lang='grc' dir='ltr'>ποθειναὶ</span> <span class='ocrx_word' id='word_1_128' title='bbox 2738 869 2848 930; x_wconf 87' lang='grc' dir='ltr'>τοῖς</span> <span class='ocrx_word' id='word_1_129' title='bbox 2892 867 3186 936; x_wconf 78' lang='grc' dir='ltr'><strong>θεωμένοις</strong></span> <span class='ocrx_word' id='word_1_130' title='bbox 3245 867 3304 920; x_wconf 81' lang='grc' dir='ltr'>αϊ</span> <span class='ocrx_word' id='word_1_131' title='bbox 3353 882 3411 918; x_wconf 86' lang='grc' dir='ltr'><strong>τε</strong></span> <span class='ocrx_word' id='word_1_132' title='bbox 3473 865 3725 936; x_wconf 81' lang='grc' dir='ltr'>μητρῷαι</span> 
     </span>
    </p>
   </div>
   <div class='ocr_carea' id='block_1_23' title="bbox 2135 957 3726 1030">
    <p class='ocr_par' dir='ltr' id='par_1_23' title="bbox 2135 957 3726 1030">
     <span class='ocr_line' id='line_1_23' title="bbox 2135 957 3726 1030; baseline -0.002 -18"><span class='ocrx_word' id='word_1_133' title='bbox 2135 960 2271 1030; x_wconf 80' lang='grc' dir='ltr'>πρὸς</span> <span class='ocrx_word' id='word_1_134' title='bbox 2303 959 2366 1012; x_wconf 72' lang='grc' dir='ltr'>τὸ</span> <span class='ocrx_word' id='word_1_135' title='bbox 2388 959 2647 1028; x_wconf 83' lang='grc' dir='ltr'>φίλτατον</span> <span class='ocrx_word' id='word_1_136' title='bbox 2684 959 3037 1027; x_wconf 76' lang='grc' dir='ltr'>περιπλοκαὶ,</span> <span class='ocrx_word' id='word_1_137' title='bbox 3076 960 3172 1011; x_wconf 75' lang='grc' dir='ltr'><strong>καὶ</strong></span> <span class='ocrx_word' id='word_1_138' title='bbox 3194 960 3252 1012; x_wconf 81' lang='grc' dir='ltr'>αἱ</span> <span class='ocrx_word' id='word_1_139' title='bbox 3283 957 3381 1011; x_wconf 86' lang='grc' dir='ltr'><strong>σὺν</strong></span> <span class='ocrx_word' id='word_1_140' title='bbox 3400 958 3726 1028; x_wconf 71' lang='grc' dir='ltr'><strong>εὐχαριστίᾳ</strong></span> 
     </span>
    </p>
   </div>
   <div class='ocr_carea' id='block_1_24' title="bbox 2137 1049 3724 1122">
    <p class='ocr_par' dir='ltr' id='par_1_24' title="bbox 2137 1049 3724 1122">
     <span class='ocr_line' id='line_1_24' title="bbox 2137 1049 3724 1122; baseline -0.002 -18"><span class='ocrx_word' id='word_1_141' title='bbox 2137 1053 2545 1122; x_wconf 79' lang='grc' dir='ltr'>κηρυττόμεναι</span> <span class='ocrx_word' id='word_1_142' title='bbox 2572 1049 2878 1119; x_wconf 89' lang='grc' dir='ltr'>τηνικαῦτα</span> <span class='ocrx_word' id='word_1_143' title='bbox 2923 1052 3252 1121; x_wconf 74' lang='grc' dir='ltr'><strong>προφητεῖαι</strong></span> <span class='ocrx_word' id='word_1_144' title='bbox 3279 1051 3290 1103; x_wconf 92' lang='lat'><strong>!</strong></span> <span class='ocrx_word' id='word_1_145' title='bbox 3371 1050 3587 1119; x_wconf 82' lang='grc' dir='ltr'><strong>Ἐπειδὴ</strong></span> <span class='ocrx_word' id='word_1_146' title='bbox 3616 1051 3724 1118; x_wconf 82' lang='grc' dir='ltr'>γὰρ</span> 
     </span>
    </p>
   </div>
   <div class='ocr_carea' id='block_1_25' title="bbox 2137 1141 3725 1212">
    <p class='ocr_par' dir='ltr' id='par_1_25' title="bbox 2137 1141 3725 1212">
     <span class='ocr_line' id='line_1_25' title="bbox 2137 1141 3725 1212; baseline -0.003 -17"><span class='ocrx_word' id='word_1_147' title='bbox 2137 1142 2405 1211; x_wconf 80' lang='grc' dir='ltr'>σύμφωνα</span> <span class='ocrx_word' id='word_1_148' title='bbox 2431 1145 2546 1204; x_wconf 87' lang='grc' dir='ltr'>τοῖς</span> <span class='ocrx_word' id='word_1_149' title='bbox 2574 1141 2679 1212; x_wconf 71' lang='grc' dir='ltr'>ήδη</span> <span class='ocrx_word' id='word_1_150' title='bbox 2712 1142 3132 1212; x_wconf 79' lang='grc' dir='ltr'>προαγγελθεῖσι</span> <span class='ocrx_word' id='word_1_151' title='bbox 3189 1141 3259 1195; x_wconf 87' lang='grc' dir='ltr'><strong>τά</strong></span> <span class='ocrx_word' id='word_1_152' title='bbox 3305 1157 3366 1193; x_wconf 89' lang='grc' dir='ltr'>τε</span> <span class='ocrx_word' id='word_1_153' title='bbox 3423 1143 3576 1211; x_wconf 76' lang='grc' dir='ltr'>παρὰ</span> <span class='ocrx_word' id='word_1_154' title='bbox 3615 1141 3725 1192; x_wconf 77' lang='grc' dir='ltr'><strong>τῶν</strong></span> 
     </span>
    </p>
   </div>
   <div class='ocr_carea' id='block_1_26' title="bbox 2137 1235 3723 1307">
    <p class='ocr_par' dir='ltr' id='par_1_26' title="bbox 2137 1235 3723 1307">
     <span class='ocr_line' id='line_1_26' title="bbox 2137 1235 3723 1307; baseline -0.003 -17"><span class='ocrx_word' id='word_1_155' title='bbox 2137 1237 2329 1307; x_wconf 91' lang='grc' dir='ltr'>ίερέων</span> <span class='ocrx_word' id='word_1_156' title='bbox 2358 1237 2652 1306; x_wconf 83' lang='grc' dir='ltr'>λεγόμενα,</span> <span class='ocrx_word' id='word_1_157' title='bbox 2686 1237 2781 1289; x_wconf 74' lang='grc' dir='ltr'><strong>καὶ</strong></span> <span class='ocrx_word' id='word_1_158' title='bbox 2832 1235 2898 1288; x_wconf 80' lang='grc' dir='ltr'><strong>δι’</strong></span> <span class='ocrx_word' id='word_1_159' title='bbox 2955 1235 3250 1300; x_wconf 76' lang='grc' dir='ltr'><strong>ἐντεύξεως</strong></span> <span class='ocrx_word' id='word_1_160' title='bbox 3297 1235 3723 1304; x_wconf 76' lang='grc' dir='ltr'><strong>προσφερόμενα</strong></span> 
     </span>
    </p>
   </div>
   <div class='ocr_carea' id='block_1_27' title="bbox 2137 1326 3722 1398">
    <p class='ocr_par' dir='ltr' id='par_1_27' title="bbox 2137 1326 3722 1398">
     <span class='ocr_line' id='line_1_27' title="bbox 2137 1326 3722 1398; baseline -0.003 -16"><span class='ocrx_word' id='word_1_161' title='bbox 2137 1328 2374 1391; x_wconf 82' lang='grc' dir='ltr'><strong>κατεῖδε,</strong></span> <span class='ocrx_word' id='word_1_162' title='bbox 2437 1328 2624 1381; x_wconf 80' lang='grc' dir='ltr'>οὐκέτι</span> <span class='ocrx_word' id='word_1_163' title='bbox 2679 1329 2804 1398; x_wconf 84' lang='grc' dir='ltr'><strong>σιγῇ</strong></span> <span class='ocrx_word' id='word_1_164' title='bbox 2865 1328 2968 1396; x_wconf 72' lang='grc' dir='ltr'>τὴν</span> <span class='ocrx_word' id='word_1_165' title='bbox 3004 1327 3352 1397; x_wconf 75' lang='grc' dir='ltr'>προφητικὴν</span> <span class='ocrx_word' id='word_1_166' title='bbox 3387 1326 3722 1396; x_wconf 76' lang='grc' dir='ltr'>ὠδινομένην</span> 
     </span>
    </p>
   </div>
   <div class='ocr_carea' id='block_1_28' title="bbox 2134 1419 3725 1491">
    <p class='ocr_par' dir='ltr' id='par_1_28' title="bbox 2134 1419 3725 1491">
     <span class='ocr_line' id='line_1_28' title="bbox 2134 1419 3725 1491; baseline -0.003 -18"><span class='ocrx_word' id='word_1_167' title='bbox 2134 1421 2356 1490; x_wconf 83' lang='grc' dir='ltr'><strong>κατέχει</strong></span> <span class='ocrx_word' id='word_1_168' title='bbox 2417 1421 2580 1491; x_wconf 92' lang='grc' dir='ltr'>χάριν</span> <span class='ocrx_word' id='word_1_169' title='bbox 2621 1435 2636 1450; x_wconf 87' lang='grc'>⁶</span> <span class='ocrx_word' id='word_1_170' title='bbox 2692 1420 2828 1472; x_wconf 87' lang='grc' dir='ltr'><strong>ἀλλά</strong></span> <span class='ocrx_word' id='word_1_171' title='bbox 2880 1419 3114 1489; x_wconf 75' lang='grc' dir='ltr'><strong>προάγει</strong></span> <span class='ocrx_word' id='word_1_172' title='bbox 3155 1419 3250 1471; x_wconf 80' lang='grc' dir='ltr'><strong>τὸν</strong></span> <span class='ocrx_word' id='word_1_173' title='bbox 3297 1419 3725 1488; x_wconf 78' lang='grc' dir='ltr'>έναποκείμενον</span> 
     </span>
    </p>
   </div>
   <div class='ocr_carea' id='block_1_29' title="bbox 2134 1509 3725 1581">
    <p class='ocr_par' dir='ltr' id='par_1_29' title="bbox 2134 1509 3725 1581">
     <span class='ocr_line' id='line_1_29' title="bbox 2134 1509 3725 1581; baseline -0.002 -17"><span class='ocrx_word' id='word_1_174' title='bbox 2134 1511 2431 1581; x_wconf 79' lang='grc' dir='ltr'>θησαυρὸν,</span> <span class='ocrx_word' id='word_1_175' title='bbox 2464 1511 2561 1563; x_wconf 69' lang='grc' dir='ltr'><strong>καλ⁵</strong></span> <span class='ocrx_word' id='word_1_176' title='bbox 2595 1511 2836 1581; x_wconf 76' lang='grc' dir='ltr'><strong>δημοσίᾳ</strong></span> <span class='ocrx_word' id='word_1_177' title='bbox 2869 1509 2960 1562; x_wconf 82' lang='grc' dir='ltr'><strong>τὸν</strong></span> <span class='ocrx_word' id='word_1_178' title='bbox 2991 1509 3170 1562; x_wconf 79' lang='grc' dir='ltr'>κοινὸν</span> <span class='ocrx_word' id='word_1_179' title='bbox 3202 1510 3298 1562; x_wconf 72' lang='grc' dir='ltr'><strong>καὶ</strong></span> <span class='ocrx_word' id='word_1_180' title='bbox 3344 1510 3542 1562; x_wconf 79' lang='grc' dir='ltr'>οἰκεῖον</span> <span class='ocrx_word' id='word_1_181' title='bbox 3588 1526 3725 1579; x_wconf 83' lang='grc' dir='ltr'>προ·</span> 
     </span>
    </p>
   </div>
   <div class='ocr_carea' id='block_1_30' title="bbox 2137 1603 3723 1674">
    <p class='ocr_par' dir='ltr' id='par_1_30' title="bbox 2137 1603 3723 1674">
     <span class='ocr_line' id='line_1_30' title="bbox 2137 1603 3723 1674; baseline -0.001 -18"><span class='ocrx_word' id='word_1_182' title='bbox 2137 1604 2317 1674; x_wconf 87' lang='grc' dir='ltr'>τίθησι</span> <span class='ocrx_word' id='word_1_183' title='bbox 2353 1603 2600 1660; x_wconf 84' lang='grc' dir='ltr'>πλοῦτον.</span> <span class='ocrx_word' id='word_1_184' title='bbox 2651 1604 2977 1674; x_wconf 82' lang='grc' dir='ltr'>Ἀνελομένη</span> <span class='ocrx_word' id='word_1_185' title='bbox 3007 1603 3118 1673; x_wconf 83' lang='grc' dir='ltr'>γὰρ</span> <span class='ocrx_word' id='word_1_186' title='bbox 3147 1605 3179 1673; x_wconf 82' lang='grc' dir='ltr'>ὴ</span> <span class='ocrx_word' id='word_1_187' title='bbox 3217 1604 3402 1674; x_wconf 80' lang='grc' dir='ltr'>μήτηρ</span> <span class='ocrx_word' id='word_1_188' title='bbox 3437 1604 3502 1656; x_wconf 89' lang='grc' dir='ltr'><strong>ἐκ</strong></span> <span class='ocrx_word' id='word_1_189' title='bbox 3549 1603 3723 1672; x_wconf 83' lang='grc' dir='ltr'><strong>μέσης</strong></span> 
     </span>
    </p>
   </div>
   <div class='ocr_carea' id='block_1_31' title="bbox 2129 1695 3723 1767">
    <p class='ocr_par' dir='ltr' id='par_1_31' title="bbox 2129 1695 3723 1767">
     <span class='ocr_line' id='line_1_31' title="bbox 2129 1695 3723 1767; baseline -0.002 -17"><span class='ocrx_word' id='word_1_190' title='bbox 2129 1697 2229 1767; x_wconf 84' lang='grc' dir='ltr'><strong>τῆς</strong></span> <span class='ocrx_word' id='word_1_191' title='bbox 2257 1696 2578 1760; x_wconf 83' lang='grc' dir='ltr'>πανδαισίας</span> <span class='ocrx_word' id='word_1_192' title='bbox 2609 1695 2670 1748; x_wconf 83' lang='grc' dir='ltr'><strong>τὸ</strong></span> <span class='ocrx_word' id='word_1_193' title='bbox 2706 1695 3036 1766; x_wconf 69' lang='grc' dir='ltr'>ἐντρύφημα</span> <span class='ocrx_word' id='word_1_194' title='bbox 3075 1695 3272 1765; x_wconf 75' lang='grc' dir='ltr'>αὐτῆς,</span> <span class='ocrx_word' id='word_1_195' title='bbox 3309 1696 3406 1747; x_wconf 74' lang='grc' dir='ltr'>καὶ</span> <span class='ocrx_word' id='word_1_196' title='bbox 3457 1695 3554 1765; x_wconf 82' lang='grc' dir='ltr'>τῆς</span> <span class='ocrx_word' id='word_1_197' title='bbox 3592 1696 3723 1762; x_wconf 78' lang='grc' dir='ltr'>ὅλης</span> 
     </span>
    </p>
   </div>
   <div class='ocr_carea' id='block_1_32' title="bbox 2132 1786 3726 1860">
    <p class='ocr_par' dir='ltr' id='par_1_32' title="bbox 2132 1786 3726 1860">
     <span class='ocr_line' id='line_1_32' title="bbox 2132 1786 3726 1860; baseline -0.003 -19"><span class='ocrx_word' id='word_1_198' title='bbox 2132 1789 2350 1859; x_wconf 79' lang='grc' dir='ltr'>φύσεως</span> <span class='ocrx_word' id='word_1_199' title='bbox 2376 1787 2615 1860; x_wconf 71' lang='grc' dir='ltr'>ἥδυσμα,</span> <span class='ocrx_word' id='word_1_200' title='bbox 2643 1786 2741 1841; x_wconf 88' lang='grc' dir='ltr'><strong>ἐπί</strong></span> <span class='ocrx_word' id='word_1_201' title='bbox 2774 1805 2835 1840; x_wconf 89' lang='grc' dir='ltr'>τε</span> <span class='ocrx_word' id='word_1_202' title='bbox 2886 1787 3105 1841; x_wconf 83' lang='grc' dir='ltr'>κόλπων</span> <span class='ocrx_word' id='word_1_203' title='bbox 3139 1787 3525 1852; x_wconf 87' lang='grc' dir='ltr'>ἁναπαύσασα,</span> <span class='ocrx_word' id='word_1_204' title='bbox 3564 1803 3726 1856; x_wconf 78' lang='grc' dir='ltr'>περι-</span> 
     </span>
    </p>
   </div>
   <div class='ocr_carea' id='block_1_33' title="bbox 2132 1877 3719 1949">
    <p class='ocr_par' dir='ltr' id='par_1_33' title="bbox 2132 1877 3719 1949">
     <span class='ocr_line' id='line_1_33' title="bbox 2132 1877 3719 1949; baseline -0.002 -15"><span class='ocrx_word' id='word_1_205' title='bbox 2132 1881 2395 1934; x_wconf 86' lang='grc' dir='ltr'>επλέκετο</span> <span class='ocrx_word' id='word_1_206' title='bbox 2423 1881 2518 1934; x_wconf 73' lang='grc' dir='ltr'><strong>καὶ</strong></span> <span class='ocrx_word' id='word_1_207' title='bbox 2547 1878 2852 1949; x_wconf 75' lang='grc' dir='ltr'>κατεφίλει,</span> <span class='ocrx_word' id='word_1_208' title='bbox 2882 1879 2977 1932; x_wconf 73' lang='grc' dir='ltr'>καὶ</span> <span class='ocrx_word' id='word_1_209' title='bbox 3011 1878 3322 1942; x_wconf 79' lang='grc' dir='ltr'>σπουδαίως</span> <span class='ocrx_word' id='word_1_210' title='bbox 3348 1880 3406 1932; x_wconf 80' lang='grc' dir='ltr'><strong>ἐν</strong></span> <span class='ocrx_word' id='word_1_211' title='bbox 3431 1877 3509 1946; x_wconf 85' lang='grc' dir='ltr'>τῷ</span> <span class='ocrx_word' id='word_1_212' title='bbox 3558 1880 3719 1946; x_wconf 86' lang='grc' dir='ltr'>άγιά-</span> 
     </span>
    </p>
   </div>
   <div class='ocr_carea' id='block_1_34' title="bbox 447 1970 2023 2042">
    <p class='ocr_par' dir='ltr' id='par_1_34' title="bbox 447 1973 2023 2042">
     <span class='ocr_line' id='line_1_34' title="bbox 447 1973 2023 2042; baseline 0.004 -19"><span class='ocrx_word' id='word_1_213' title='bbox 447 1973 592 2026; x_wconf 84' lang='lat' dir='ltr'><strong>vcnti</strong></span> <span class='ocrx_word' id='word_1_214' title='bbox 635 1973 839 2036; x_wconf 87' lang='lat' dir='ltr'><strong>animo,</strong></span> <span class='ocrx_word' id='word_1_215' title='bbox 878 1987 942 2026; x_wconf 84' lang='lat' dir='ltr'><strong>ac</strong></span> <span class='ocrx_word' id='word_1_216' title='bbox 987 1973 1224 2042; x_wconf 75' lang='lat' dir='ltr'><strong>cogitatu</strong></span> <span class='ocrx_word' id='word_1_217' title='bbox 1274 1973 1612 2039; x_wconf 81' lang='lat' dir='ltr'><strong>ferventiori,</strong></span> <span class='ocrx_word' id='word_1_218' title='bbox 1667 1976 1720 2027; x_wconf 90' lang='lat' dir='ltr'><strong>in</strong></span> <span class='ocrx_word' id='word_1_219' title='bbox 1777 1976 2023 2030; x_wconf 90' lang='lat' dir='ltr'><strong>omnium</strong></span> 
     </span>
    </p>
   </div>
   <div class='ocr_carea' id='block_1_35' title="bbox 2128 1970 3724 2042">
    <p class='ocr_par' dir='ltr' id='par_1_35' title="bbox 2134 1970 3724 2042">
     <span class='ocr_line' id='line_1_35' title="bbox 2134 1970 3724 2042; baseline -0.003 -17"><span class='ocrx_word' id='word_1_220' title='bbox 2134 1989 2303 2042; x_wconf 84' lang='grc' dir='ltr'>σματι</span> <span class='ocrx_word' id='word_1_221' title='bbox 2354 1971 2720 2040; x_wconf 83' lang='grc' dir='ltr'>είσκομίσασα</span> <span class='ocrx_word' id='word_1_222' title='bbox 2752 2012 2767 2037; x_wconf 88' lang='grc'><strong>,</strong></span> <span class='ocrx_word' id='word_1_223' title='bbox 2830 1971 3028 2042; x_wconf 75' lang='grc' dir='ltr'>ζεούσῃ</span> <span class='ocrx_word' id='word_1_224' title='bbox 3097 1970 3312 2042; x_wconf 86' lang='grc' dir='ltr'>γνώμῃ,</span> <span class='ocrx_word' id='word_1_225' title='bbox 3365 1970 3462 2023; x_wconf 78' lang='grc' dir='ltr'>καὶ</span> <span class='ocrx_word' id='word_1_226' title='bbox 3507 1971 3724 2040; x_wconf 69' lang='grc' dir='ltr'>ἐπινοίᾳ</span> 
     </span>
    </p>
   </div>
   <div class='ocr_carea' id='block_1_36' title="bbox 446 2063 2028 2136">
    <p class='ocr_par' dir='ltr' id='par_1_36' title="bbox 446 2063 2028 2136">
     <span class='ocr_line' id='line_1_36' title="bbox 446 2063 2028 2136; baseline -0.003 -16"><span class='ocrx_word' id='word_1_227' title='bbox 446 2065 694 2126; x_wconf 83' lang='lat' dir='ltr'><strong>auribus,</strong></span> <span class='ocrx_word' id='word_1_228' title='bbox 754 2063 994 2133; x_wconf 90' lang='lat' dir='ltr'><strong>Spiritus</strong></span> <span class='ocrx_word' id='word_1_229' title='bbox 1055 2066 1334 2118; x_wconf 86' lang='lat' dir='ltr'><strong>canticum</strong></span> <span class='ocrx_word' id='word_1_230' title='bbox 1396 2079 1460 2118; x_wconf 89' lang='lat' dir='ltr'><strong>ac</strong></span> <span class='ocrx_word' id='word_1_231' title='bbox 1524 2065 1864 2134; x_wconf 80' lang='lat' dir='ltr'><strong>prophetiam</strong></span> <span class='ocrx_word' id='word_1_232' title='bbox 1929 2082 2028 2136; x_wconf 89' lang='lat' dir='ltr'><strong>pro</strong></span> 
     </span>
    </p>
   </div>
   <div class='ocr_carea' id='block_1_37' title="bbox 444 2155 2027 2227">
    <p class='ocr_par' dir='ltr' id='par_1_37' title="bbox 444 2155 2027 2227">
     <span class='ocr_line' id='line_1_37' title="bbox 444 2155 2027 2227; baseline 0 -17"><span class='ocrx_word' id='word_1_233' title='bbox 444 2158 741 2227; x_wconf 71' lang='lat' dir='ltr'><strong>gratiarum</strong></span> <span class='ocrx_word' id='word_1_234' title='bbox 764 2157 978 2209; x_wconf 82' lang='lat' dir='ltr'><strong>actione</strong></span> <span class='ocrx_word' id='word_1_235' title='bbox 1009 2158 1216 2224; x_wconf 80' lang='lat' dir='ltr'><strong>pangit,</strong></span> <span class='ocrx_word' id='word_1_236' title='bbox 1235 2156 1423 2211; x_wconf 86' lang='lat' dir='ltr'><strong>dicens</strong></span> <span class='ocrx_word' id='word_1_237' title='bbox 1453 2155 1732 2210; x_wconf 85' lang='lat' dir='ltr'><strong>:Cantabo</strong></span> <span class='ocrx_word' id='word_1_238' title='bbox 1760 2159 2027 2210; x_wconf 78' lang='lat' dir='ltr'><strong>canticum</strong></span> 
     </span>
    </p>
   </div>
   <div class='ocr_carea' id='block_1_38' title="bbox 449 2246 2028 2315">
    <p class='ocr_par' dir='ltr' id='par_1_38' title="bbox 449 2246 2028 2315">
     <span class='ocr_line' id='line_1_38' title="bbox 449 2246 2028 2315; baseline 0.002 -16"><span class='ocrx_word' id='word_1_239' title='bbox 449 2247 673 2299; x_wconf 83' lang='lat' dir='ltr'><strong>Domino</strong></span> <span class='ocrx_word' id='word_1_240' title='bbox 727 2246 832 2300; x_wconf 84' lang='lat' dir='ltr'><strong>Deo</strong></span> <span class='ocrx_word' id='word_1_241' title='bbox 896 2261 1033 2311; x_wconf 86' lang='lat' dir='ltr'><strong>meo,</strong></span> <span class='ocrx_word' id='word_1_242' title='bbox 1083 2248 1211 2315; x_wconf 87' lang='lat' dir='ltr'><strong>quia</strong></span> <span class='ocrx_word' id='word_1_243' title='bbox 1260 2247 1491 2299; x_wconf 80' lang='lat' dir='ltr'><strong>visituvit</strong></span> <span class='ocrx_word' id='word_1_244' title='bbox 1545 2263 1646 2307; x_wconf 82' lang='lat' dir='ltr'><strong>me,</strong></span> <span class='ocrx_word' id='word_1_245' title='bbox 1706 2247 2028 2314; x_wconf 84' lang='lat' dir='ltr'><strong>abstulitque</strong></span> 
     </span>
    </p>
   </div>
   <div class='ocr_carea' id='block_1_39' title="bbox 445 2337 2028 2406">
    <p class='ocr_par' dir='ltr' id='par_1_39' title="bbox 445 2337 2028 2406">
     <span class='ocr_line' id='line_1_39' title="bbox 445 2337 2028 2406; baseline 0.002 -18"><span class='ocrx_word' id='word_1_246' title='bbox 445 2337 784 2406; x_wconf 80' lang='lat' dir='ltr'><strong>opprobrium</strong></span> <span class='ocrx_word' id='word_1_247' title='bbox 823 2352 1015 2400; x_wconf 84' lang='lat' dir='ltr'><strong>meum,</strong></span> <span class='ocrx_word' id='word_1_248' title='bbox 1067 2352 1130 2389; x_wconf 83' lang='lat' dir='ltr'><strong>ac</strong></span> <span class='ocrx_word' id='word_1_249' title='bbox 1170 2337 1313 2389; x_wconf 83' lang='lat' dir='ltr'><strong>dedit</strong></span> <span class='ocrx_word' id='word_1_250' title='bbox 1363 2337 1491 2389; x_wconf 79' lang='lat' dir='ltr'><strong>mihi</strong></span> <span class='ocrx_word' id='word_1_251' title='bbox 1535 2337 1765 2406; x_wconf 75' lang='lat' dir='ltr'><strong>fructum</strong></span> <span class='ocrx_word' id='word_1_252' title='bbox 1798 2338 2028 2406; x_wconf 77' lang='lat' dir='ltr'><strong>justitiw</strong></span> 
     </span>
    </p>
   </div>
   <div class='ocr_carea' id='block_1_40' title="bbox 446 2428 2028 2501">
    <p class='ocr_par' dir='ltr' id='par_1_40' title="bbox 446 2428 2028 2501">
     <span class='ocr_line' id='line_1_40' title="bbox 446 2428 2028 2501; baseline 0.001 -18"><span class='ocrx_word' id='word_1_253' title='bbox 446 2447 579 2494; x_wconf 78' lang='lat' dir='ltr'><strong>stur,</strong></span> <span class='ocrx_word' id='word_1_254' title='bbox 636 2429 900 2499; x_wconf 79' lang='lat' dir='ltr'><strong>singulari</strong></span> <span class='ocrx_word' id='word_1_255' title='bbox 965 2428 1118 2482; x_wconf 77' lang='lat' dir='ltr'><strong>illum</strong></span> <span class='ocrx_word' id='word_1_256' title='bbox 1172 2430 1498 2496; x_wconf 75' lang='lat' dir='ltr'><strong>substantia,</strong></span> <span class='ocrx_word' id='word_1_257' title='bbox 1555 2430 2028 2501; x_wconf 81' lang='lat' dir='ltr'><strong>multipliciumque</strong></span> 
     </span>
    </p>
   </div>
   <div class='ocr_carea' id='block_1_41' title="bbox 445 2520 2028 2593">
    <p class='ocr_par' dir='ltr' id='par_1_41' title="bbox 445 2520 2028 2593">
     <span class='ocr_line' id='line_1_41' title="bbox 445 2520 2028 2593; baseline 0.002 -18"><span class='ocrx_word' id='word_1_258' title='bbox 445 2523 780 2586; x_wconf 82' lang='lat' dir='ltr'><strong>divitiarum,</strong></span> <span class='ocrx_word' id='word_1_259' title='bbox 840 2531 1116 2576; x_wconf 75' lang='lat' dir='ltr'><strong>a&#39;teruum.</strong></span> <span class='ocrx_word' id='word_1_260' title='bbox 1155 2520 1231 2575; x_wconf 81' lang='lat' dir='ltr'><strong>Ex</strong></span> <span class='ocrx_word' id='word_1_261' title='bbox 1284 2522 1602 2592; x_wconf 83' lang='lat' dir='ltr'><strong>impcnsiori</strong></span> <span class='ocrx_word' id='word_1_262' title='bbox 1644 2524 1864 2593; x_wconf 75' lang='lat' dir='ltr'><strong>gaudio,</strong></span> <span class='ocrx_word' id='word_1_263' title='bbox 1904 2525 2028 2578; x_wconf 90' lang='lat' dir='ltr'><strong>ani-</strong></span> 
     </span>
    </p>
   </div>
   <div class='ocr_carea' id='block_1_42' title="bbox 447 2614 2027 2685">
    <p class='ocr_par' dir='ltr' id='par_1_42' title="bbox 447 2614 2027 2685">
     <span class='ocr_line' id='line_1_42' title="bbox 447 2614 2027 2685; baseline 0.002 -17"><span class='ocrx_word' id='word_1_264' title='bbox 447 2616 631 2685; x_wconf 88' lang='lat' dir='ltr'><strong>mique</strong></span> <span class='ocrx_word' id='word_1_265' title='bbox 681 2615 866 2668; x_wconf 57' lang='lat' dir='ltr'><strong>latitia</strong></span> <span class='ocrx_word' id='word_1_266' title='bbox 914 2614 1112 2668; x_wconf 89' lang='lat' dir='ltr'><strong>nedum</strong></span> <span class='ocrx_word' id='word_1_267' title='bbox 1167 2614 1425 2680; x_wconf 77' lang='lat' dir='ltr'><strong>maxima,</strong></span> <span class='ocrx_word' id='word_1_268' title='bbox 1455 2630 1642 2668; x_wconf 86' lang='lat' dir='ltr'><strong>verum</strong></span> <span class='ocrx_word' id='word_1_269' title='bbox 1683 2615 1845 2670; x_wconf 89' lang='lat' dir='ltr'><strong>etiam</strong></span> <span class='ocrx_word' id='word_1_270' title='bbox 1879 2627 2027 2671; x_wconf 87' lang='lat' dir='ltr'><strong>certa</strong></span> 
     </span>
    </p>
   </div>
   <div class='ocr_carea' id='block_1_43' title="bbox 447 2705 2024 2776">
    <p class='ocr_par' dir='ltr' id='par_1_43' title="bbox 447 2705 2024 2776">
     <span class='ocr_line' id='line_1_43' title="bbox 447 2705 2024 2776; baseline 0.001 -18"><span class='ocrx_word' id='word_1_271' title='bbox 447 2706 746 2776; x_wconf 85' lang='lat' dir='ltr'><strong>prophetia,</strong></span> <span class='ocrx_word' id='word_1_272' title='bbox 799 2719 861 2759; x_wconf 89' lang='lat' dir='ltr'><strong>ac</strong></span> <span class='ocrx_word' id='word_1_273' title='bbox 922 2705 1028 2760; x_wconf 80' lang='lat' dir='ltr'><strong>ﬁde</strong></span> <span class='ocrx_word' id='word_1_274' title='bbox 1085 2720 1274 2759; x_wconf 89' lang='lat' dir='ltr'><strong>eorum</strong></span> <span class='ocrx_word' id='word_1_275' title='bbox 1331 2722 1450 2774; x_wconf 67' lang='lat' dir='ltr'><strong>qua:</strong></span> <span class='ocrx_word' id='word_1_276' title='bbox 1509 2716 1767 2760; x_wconf 82' lang='lat' dir='ltr'><strong>eventura</strong></span> <span class='ocrx_word' id='word_1_277' title='bbox 1819 2716 2024 2769; x_wconf 77' lang='lat' dir='ltr'><strong>essent,</strong></span> 
     </span>
    </p>
   </div>
   <div class='ocr_carea' id='block_1_44' title="bbox 447 2797 2024 2868">
    <p class='ocr_par' dir='ltr' id='par_1_44' title="bbox 447 2797 2024 2868">
     <span class='ocr_line' id='line_1_44' title="bbox 447 2797 2024 2868; baseline 0.001 -16"><span class='ocrx_word' id='word_1_278' title='bbox 447 2799 824 2868; x_wconf 90' lang='lat' dir='ltr'><strong>producuntur</strong></span> <span class='ocrx_word' id='word_1_279' title='bbox 878 2798 1066 2852; x_wconf 66' lang='lat' dir='ltr'><strong>istlimc</strong></span> <span class='ocrx_word' id='word_1_280' title='bbox 1121 2797 1317 2851; x_wconf 82' lang='lat' dir='ltr'><strong>cantici</strong></span> <span class='ocrx_word' id='word_1_281' title='bbox 1376 2799 1579 2862; x_wconf 86' lang='lat' dir='ltr'><strong>verba;</strong></span> <span class='ocrx_word' id='word_1_282' title='bbox 1635 2798 1752 2868; x_wconf 89' lang='lat' dir='ltr'><strong>ipsa</strong></span> <span class='ocrx_word' id='word_1_283' title='bbox 1803 2799 2024 2867; x_wconf 89' lang='lat' dir='ltr'><strong>quidem</strong></span> 
     </span>
    </p>
   </div>
   <div class='ocr_carea' id='block_1_45' title="bbox 444 2889 2023 2959">
    <p class='ocr_par' dir='ltr' id='par_1_45' title="bbox 444 2889 2023 2959">
     <span class='ocr_line' id='line_1_45' title="bbox 444 2889 2023 2959; baseline 0.002 -18"><span class='ocrx_word' id='word_1_284' title='bbox 444 2891 590 2944; x_wconf 88' lang='lat' dir='ltr'><strong>dictu</strong></span> <span class='ocrx_word' id='word_1_285' title='bbox 631 2902 850 2959; x_wconf 87' lang='lat' dir='ltr'><strong>quoque</strong></span> <span class='ocrx_word' id='word_1_286' title='bbox 881 2889 1107 2959; x_wconf 47' lang='lat' dir='ltr'><strong>gravia;</strong></span> <span class='ocrx_word' id='word_1_287' title='bbox 1150 2889 1402 2958; x_wconf 79' lang='lat' dir='ltr'><strong>graviora</strong></span> <span class='ocrx_word' id='word_1_288' title='bbox 1447 2897 1652 2956; x_wconf 88' lang='lat' dir='ltr'><strong>autem,</strong></span> <span class='ocrx_word' id='word_1_289' title='bbox 1682 2891 2023 2944; x_wconf 86' lang='lat' dir='ltr'><strong>occultorum</strong></span> 
     </span>
    </p>
   </div>
   <div class='ocr_carea' id='block_1_46' title="bbox 446 2980 2024 3053">
    <p class='ocr_par' dir='ltr' id='par_1_46' title="bbox 446 2980 2024 3053">
     <span class='ocr_line' id='line_1_46' title="bbox 446 2980 2024 3053; baseline 0 -17"><span class='ocrx_word' id='word_1_290' title='bbox 446 2983 824 3053; x_wconf 77' lang='lat' dir='ltr'><strong>mysteriorum</strong></span> <span class='ocrx_word' id='word_1_291' title='bbox 857 2980 1128 3051; x_wconf 76' lang='lat' dir='ltr'><strong>profundo</strong></span> <span class='ocrx_word' id='word_1_292' title='bbox 1156 2981 1449 3036; x_wconf 86' lang='lat' dir='ltr'><strong>intellecta.</strong></span> <span class='ocrx_word' id='word_1_293' title='bbox 1477 2980 1715 3035; x_wconf 84' lang='lat' dir='ltr'><strong>Cautabo</strong></span> <span class='ocrx_word' id='word_1_294' title='bbox 1755 2983 2024 3036; x_wconf 82' lang='lat' dir='ltr'><strong>canticum</strong></span> 
     </span>
    </p>
   </div>
   <div class='ocr_carea' id='block_1_47' title="bbox 445 3072 2024 3141">
    <p class='ocr_par' dir='ltr' id='par_1_47' title="bbox 445 3072 2024 3141">
     <span class='ocr_line' id='line_1_47' title="bbox 445 3072 2024 3141; baseline 0.001 -14"><span class='ocrx_word' id='word_1_295' title='bbox 445 3075 668 3128; x_wconf 83' lang='lat' dir='ltr'><strong>Domino</strong></span> <span class='ocrx_word' id='word_1_296' title='bbox 723 3073 830 3128; x_wconf 84' lang='lat' dir='ltr'><strong>Deo</strong></span> <span class='ocrx_word' id='word_1_297' title='bbox 874 3090 1010 3127; x_wconf 83' lang='lat' dir='ltr'><strong>meo.</strong></span> <span class='ocrx_word' id='word_1_298' title='bbox 1039 3072 1306 3137; x_wconf 89' lang='lat' dir='ltr'><strong>Cantabo,</strong></span> <span class='ocrx_word' id='word_1_299' title='bbox 1374 3073 1572 3141; x_wconf 84' lang='lat' dir='ltr'><strong>inquit,</strong></span> <span class='ocrx_word' id='word_1_300' title='bbox 1608 3075 1880 3127; x_wconf 86' lang='lat' dir='ltr'><strong>canticum</strong></span> <span class='ocrx_word' id='word_1_301' title='bbox 1921 3075 2024 3129; x_wconf 91' lang='lat' dir='ltr'><strong>Do-</strong></span> 
     </span>
    </p>
   </div>
   <div class='ocr_carea' id='block_1_48' title="bbox 446 3165 2022 3236">
    <p class='ocr_par' dir='ltr' id='par_1_48' title="bbox 446 3165 2022 3236">
     <span class='ocr_line' id='line_1_48' title="bbox 446 3165 2022 3236; baseline 0 -17"><span class='ocrx_word' id='word_1_302' title='bbox 446 3169 595 3222; x_wconf 85' lang='lat' dir='ltr'><strong>mino</strong></span> <span class='ocrx_word' id='word_1_303' title='bbox 628 3167 740 3222; x_wconf 88' lang='lat' dir='ltr'><strong>Deo</strong></span> <span class='ocrx_word' id='word_1_304' title='bbox 772 3181 915 3229; x_wconf 90' lang='lat' dir='ltr'><strong>meo,</strong></span> <span class='ocrx_word' id='word_1_305' title='bbox 952 3181 1050 3236; x_wconf 85' lang='lat' dir='ltr'><strong>pro</strong></span> <span class='ocrx_word' id='word_1_306' title='bbox 1101 3166 1168 3219; x_wconf 91' lang='lat' dir='ltr'><strong>iis</strong></span> <span class='ocrx_word' id='word_1_307' title='bbox 1215 3180 1336 3234; x_wconf 76' lang='lat' dir='ltr'><strong>qua:</strong></span> <span class='ocrx_word' id='word_1_308' title='bbox 1384 3165 1652 3219; x_wconf 88' lang='lat' dir='ltr'><strong>mirabilia</strong></span> <span class='ocrx_word' id='word_1_309' title='bbox 1689 3165 1828 3220; x_wconf 83' lang='lat' dir='ltr'><strong>facta</strong></span> <span class='ocrx_word' id='word_1_310' title='bbox 1874 3175 2022 3220; x_wconf 88' lang='lat' dir='ltr'><strong>sunt.</strong></span> 
     </span>
    </p>
   </div>
   <div class='ocr_carea' id='block_1_49' title="bbox 444 3255 2024 3326">
    <p class='ocr_par' dir='ltr' id='par_1_49' title="bbox 444 3255 2024 3326">
     <span class='ocr_line' id='line_1_49' title="bbox 444 3255 2024 3326; baseline 0.001 -16"><span class='ocrx_word' id='word_1_311' title='bbox 444 3257 575 3326; x_wconf 80' lang='lat' dir='ltr'><strong>Ejus</strong></span> <span class='ocrx_word' id='word_1_312' title='bbox 628 3269 865 3326; x_wconf 78' lang='lat' dir='ltr'><strong>namque</strong></span> <span class='ocrx_word' id='word_1_313' title='bbox 933 3255 1171 3324; x_wconf 89' lang='lat' dir='ltr'><strong>potentia</strong></span> <span class='ocrx_word' id='word_1_314' title='bbox 1237 3267 1560 3320; x_wconf 91' lang='lat' dir='ltr'><strong>evenerunt,</strong></span> <span class='ocrx_word' id='word_1_315' title='bbox 1619 3271 1741 3326; x_wconf 64' lang='lat' dir='ltr'><strong>quae</strong></span> <span class='ocrx_word' id='word_1_316' title='bbox 1813 3257 2024 3326; x_wconf 80' lang='lat' dir='ltr'><strong>majora</strong></span> 
     </span>
    </p>
   </div>
   <div class='ocr_carea' id='block_1_50' title="bbox 2136 2061 3724 2134">
    <p class='ocr_par' dir='ltr' id='par_1_50' title="bbox 2136 2061 3724 2134">
     <span class='ocr_line' id='line_1_50' title="bbox 2136 2061 3724 2134; baseline -0.001 -19"><span class='ocrx_word' id='word_1_317' title='bbox 2136 2061 2443 2134; x_wconf 67' lang='grc' dir='ltr'>θερμοτέρα</span> <span class='ocrx_word' id='word_1_318' title='bbox 2489 2063 2584 2115; x_wconf 82' lang='grc' dir='ltr'><strong>τοῦ</strong></span> <span class='ocrx_word' id='word_1_319' title='bbox 2625 2062 2945 2132; x_wconf 84' lang='grc' dir='ltr'>Πνεύματος</span> <span class='ocrx_word' id='word_1_320' title='bbox 2997 2065 3077 2124; x_wconf 81' lang='grc' dir='ltr'><strong>είς</strong></span> <span class='ocrx_word' id='word_1_321' title='bbox 3125 2061 3452 2126; x_wconf 80' lang='grc' dir='ltr'>ἐξάκουστον</span> <span class='ocrx_word' id='word_1_322' title='bbox 3495 2063 3594 2132; x_wconf 79' lang='grc' dir='ltr'><strong>τὴν</strong></span> <span class='ocrx_word' id='word_1_323' title='bbox 3629 2065 3724 2114; x_wconf 81' lang='grc' dir='ltr'><strong>εὐ·-</strong></span> 
     </span>
    </p>
   </div>
   <div class='ocr_carea' id='block_1_51' title="bbox 2131 2153 3722 2226">
    <p class='ocr_par' dir='ltr' id='par_1_51' title="bbox 2131 2153 3722 2226">
     <span class='ocr_line' id='line_1_51' title="bbox 2131 2153 3722 2226; baseline -0.001 -19"><span class='ocrx_word' id='word_1_324' title='bbox 2131 2157 2488 2226; x_wconf 83' lang='grc' dir='ltr'>χαριστὴριον</span> <span class='ocrx_word' id='word_1_325' title='bbox 2529 2155 2671 2225; x_wconf 76' lang='grc' dir='ltr'>ᾠδὴν</span> <span class='ocrx_word' id='word_1_326' title='bbox 2704 2155 2801 2207; x_wconf 58' lang='grc' dir='ltr'><strong>καὶ¹</strong></span> <span class='ocrx_word' id='word_1_327' title='bbox 2849 2154 3192 2225; x_wconf 75' lang='grc' dir='ltr'>προφητείαν</span> <span class='ocrx_word' id='word_1_328' title='bbox 3234 2157 3428 2224; x_wconf 78' lang='grc' dir='ltr'>ἐπῇσε,</span> <span class='ocrx_word' id='word_1_329' title='bbox 3465 2153 3722 2221; x_wconf 81' lang='grc' dir='ltr'>λέγουσα·</span> 
     </span>
    </p>
   </div>
   <div class='ocr_carea' id='block_1_52' title="bbox 2133 2243 3720 2317">
    <p class='ocr_par' dir='ltr' id='par_1_52' title="bbox 2133 2243 3720 2317">
     <span class='ocr_line' id='line_1_52' title="bbox 2133 2243 3720 2317; baseline -0.004 -15"><span class='ocrx_word' id='word_1_330' title='bbox 2133 2249 2297 2317; x_wconf 74' lang='grc' dir='ltr'>’ᾼσω</span> <span class='ocrx_word' id='word_1_331' title='bbox 2329 2247 2405 2314; x_wconf 81' lang='grc' dir='ltr'>δὴ</span> <span class='ocrx_word' id='word_1_332' title='bbox 2427 2245 2593 2313; x_wconf 78' lang='grc' dir='ltr'><strong>ᾠδὴν</strong></span> <span class='ocrx_word' id='word_1_333' title='bbox 2629 2247 2822 2313; x_wconf 78' lang='grc' dir='ltr'>Κυρίῳ</span> <span class='ocrx_word' id='word_1_334' title='bbox 2859 2245 2937 2312; x_wconf 83' lang='grc' dir='ltr'>τῷ</span> <span class='ocrx_word' id='word_1_335' title='bbox 2975 2245 3096 2311; x_wconf 82' lang='grc' dir='ltr'><strong>Θεῷ</strong></span> <span class='ocrx_word' id='word_1_336' title='bbox 3115 2263 3234 2314; x_wconf 82' lang='grc' dir='ltr'><strong>μου</strong></span> <span class='ocrx_word' id='word_1_337' title='bbox 3262 2261 3278 2277; x_wconf 87' lang='grc'><strong>·</strong></span> <span class='ocrx_word' id='word_1_338' title='bbox 3335 2245 3425 2298; x_wconf 82' lang='grc' dir='ltr'>ὅτι</span> <span class='ocrx_word' id='word_1_339' title='bbox 3459 2243 3720 2297; x_wconf 80' lang='grc' dir='ltr'>ἐπεσκέ-</span> 
     </span>
    </p>
   </div>
   <div class='ocr_carea' id='block_1_53' title="bbox 2130 2335 3728 2406">
    <p class='ocr_par' dir='ltr' id='par_1_53' title="bbox 2130 2335 3728 2406">
     <span class='ocr_line' id='line_1_53' title="bbox 2130 2335 3728 2406; baseline -0.001 -16"><span class='ocrx_word' id='word_1_340' title='bbox 2130 2339 2292 2406; x_wconf 68' lang='grc' dir='ltr'><strong>⁴ψτιτό</strong></span> <span class='ocrx_word' id='word_1_341' title='bbox 2314 2353 2409 2406; x_wconf 86' lang='grc' dir='ltr'><strong>με,</strong></span> <span class='ocrx_word' id='word_1_342' title='bbox 2443 2336 2541 2390; x_wconf 78' lang='grc' dir='ltr'><strong>καί</strong></span> <span class='ocrx_word' id='word_1_343' title='bbox 2574 2337 2864 2405; x_wconf 65' lang='grc' dir='ltr'>ἀφείλετό</span> <span class='ocrx_word' id='word_1_344' title='bbox 2879 2354 2999 2406; x_wconf 83' lang='grc' dir='ltr'>μου</span> <span class='ocrx_word' id='word_1_345' title='bbox 3033 2338 3096 2389; x_wconf 84' lang='grc' dir='ltr'>τὸ</span> <span class='ocrx_word' id='word_1_346' title='bbox 3130 2336 3382 2402; x_wconf 80' lang='grc' dir='ltr'>ὄνειδος,</span> <span class='ocrx_word' id='word_1_347' title='bbox 3413 2335 3512 2388; x_wconf 77' lang='grc' dir='ltr'><strong>καί</strong></span> <span class='ocrx_word' id='word_1_348' title='bbox 3535 2335 3728 2388; x_wconf 77' lang='grc' dir='ltr'>ἔδωκέ</span> 
     </span>
    </p>
   </div>
   <div class='ocr_carea' id='block_1_54' title="bbox 2124 2426 3728 2497">
    <p class='ocr_par' dir='ltr' id='par_1_54' title="bbox 2124 2426 3728 2497">
     <span class='ocr_line' id='line_1_54' title="bbox 2124 2426 3728 2497; baseline -0.001 -16"><span class='ocrx_word' id='word_1_349' title='bbox 2124 2446 2226 2497; x_wconf 83' lang='grc' dir='ltr'><strong>μοι</strong></span> <span class='ocrx_word' id='word_1_350' title='bbox 2259 2428 2494 2495; x_wconf 79' lang='grc' dir='ltr'>καρπὸν·</span> <span class='ocrx_word' id='word_1_351' title='bbox 2520 2427 2915 2495; x_wconf 77' lang='grc' dir='ltr'>δικαιοσύνης</span> <span class='ocrx_word' id='word_1_352' title='bbox 2939 2427 3148 2490; x_wconf 85' lang='grc' dir='ltr'>αὑτοῦ,</span> <span class='ocrx_word' id='word_1_353' title='bbox 3180 2429 3573 2496; x_wconf 79' lang='grc' dir='ltr'>μονοούσιον,</span> <span class='ocrx_word' id='word_1_354' title='bbox 3624 2426 3728 2480; x_wconf 76' lang='grc' dir='ltr'><strong>καί</strong></span> 
     </span>
    </p>
   </div>
   <div class='ocr_carea' id='block_1_55' title="bbox 2132 2519 3727 2591">
    <p class='ocr_par' dir='ltr' id='par_1_55' title="bbox 2132 2519 3727 2591">
     <span class='ocr_line' id='line_1_55' title="bbox 2132 2519 3727 2591; baseline 0.001 -20"><span class='ocrx_word' id='word_1_355' title='bbox 2132 2520 2603 2574; x_wconf 72' lang='grc' dir='ltr'>πολυπλούσιον</span> <span class='ocrx_word' id='word_1_356' title='bbox 2630 2519 2890 2574; x_wconf 70' lang='grc' dir='ltr'>αἰώνιον.</span> <span class='ocrx_word' id='word_1_357' title='bbox 2939 2521 3034 2574; x_wconf 87' lang='grc' dir='ltr'>Ἐκ</span> <span class='ocrx_word' id='word_1_358' title='bbox 3067 2522 3428 2591; x_wconf 84' lang='grc' dir='ltr'>περιχαρείας</span> <span class='ocrx_word' id='word_1_359' title='bbox 3464 2522 3526 2573; x_wconf 78' lang='grc' dir='ltr'><strong>οὐ</strong></span> <span class='ocrx_word' id='word_1_360' title='bbox 3561 2521 3727 2589; x_wconf 87' lang='grc' dir='ltr'>μόνον</span> 
     </span>
    </p>
   </div>
   <div class='ocr_carea' id='block_1_56' title="bbox 2136 2607 3728 2681">
    <p class='ocr_par' dir='ltr' id='par_1_56' title="bbox 2136 2607 3728 2681">
     <span class='ocr_line' id='line_1_56' title="bbox 2136 2607 3728 2681; baseline 0 -21"><span class='ocrx_word' id='word_1_361' title='bbox 2136 2607 2430 2678; x_wconf 85' lang='grc' dir='ltr'>μεγίστης,</span> <span class='ocrx_word' id='word_1_362' title='bbox 2466 2609 2604 2663; x_wconf 85' lang='grc' dir='ltr'><strong>ἀλλά</strong></span> <span class='ocrx_word' id='word_1_363' title='bbox 2645 2609 2739 2663; x_wconf 78' lang='grc' dir='ltr'>καὶ</span> <span class='ocrx_word' id='word_1_364' title='bbox 2771 2611 3051 2677; x_wconf 74' lang='grc' dir='ltr'>ἀσφαλοῦς</span> <span class='ocrx_word' id='word_1_365' title='bbox 3075 2611 3433 2681; x_wconf 75' lang='grc' dir='ltr'>προφητείας,</span> <span class='ocrx_word' id='word_1_366' title='bbox 3477 2613 3573 2665; x_wconf 76' lang='grc' dir='ltr'><strong>καὶ</strong></span> <span class='ocrx_word' id='word_1_367' title='bbox 3634 2613 3728 2662; x_wconf 84' lang='grc' dir='ltr'>πί-</span> 
     </span>
    </p>
   </div>
   <div class='ocr_carea' id='block_1_57' title="bbox 2133 2702 3728 2774">
    <p class='ocr_par' dir='ltr' id='par_1_57' title="bbox 2133 2702 3728 2774">
     <span class='ocr_line' id='line_1_57' title="bbox 2133 2702 3728 2774; baseline 0.002 -21"><span class='ocrx_word' id='word_1_368' title='bbox 2133 2718 2303 2764; x_wconf 86' lang='grc' dir='ltr'>στεως</span> <span class='ocrx_word' id='word_1_369' title='bbox 2337 2702 2445 2754; x_wconf 88' lang='grc' dir='ltr'><strong>τῶν</strong></span> <span class='ocrx_word' id='word_1_370' title='bbox 2476 2703 2866 2772; x_wconf 78' lang='grc' dir='ltr'>ἐκϐησομένων</span> <span class='ocrx_word' id='word_1_371' title='bbox 2895 2703 2963 2755; x_wconf 88' lang='grc' dir='ltr'><strong>τά</strong></span> <span class='ocrx_word' id='word_1_372' title='bbox 2991 2703 3304 2774; x_wconf 73' lang='grc' dir='ltr'>ἐπᾳδόμενα</span> <span class='ocrx_word' id='word_1_373' title='bbox 3358 2705 3671 2774; x_wconf 77' lang='grc' dir='ltr'>παράγεται</span> <span class='ocrx_word' id='word_1_374' title='bbox 3708 2719 3728 2738; x_wconf 77' lang='grc' dir='ltr'><strong>ο</strong></span> 
     </span>
    </p>
   </div>
   <div class='ocr_carea' id='block_1_58' title="bbox 2132 2792 3729 2866">
    <p class='ocr_par' dir='ltr' id='par_1_58' title="bbox 2132 2792 3729 2866">
     <span class='ocr_line' id='line_1_58' title="bbox 2132 2792 3729 2866; baseline 0.002 -21"><span class='ocrx_word' id='word_1_375' title='bbox 2132 2793 2306 2863; x_wconf 89' lang='grc' dir='ltr'>σεμνά</span> <span class='ocrx_word' id='word_1_376' title='bbox 2343 2792 2444 2862; x_wconf 77' lang='grc' dir='ltr'><strong>μὲν</strong></span> <span class='ocrx_word' id='word_1_377' title='bbox 2485 2794 2578 2846; x_wconf 80' lang='grc' dir='ltr'><strong>καὶ</strong></span> <span class='ocrx_word' id='word_1_378' title='bbox 2611 2793 2906 2862; x_wconf 81' lang='grc' dir='ltr'>λεγόμενα,</span> <span class='ocrx_word' id='word_1_379' title='bbox 2973 2796 3275 2866; x_wconf 88' lang='grc' dir='ltr'>σεμνότερα</span> <span class='ocrx_word' id='word_1_380' title='bbox 3304 2795 3360 2848; x_wconf 86' lang='grc' dir='ltr'>δὲ</span> <span class='ocrx_word' id='word_1_381' title='bbox 3417 2796 3513 2848; x_wconf 79' lang='grc' dir='ltr'>καὶ</span> <span class='ocrx_word' id='word_1_382' title='bbox 3570 2795 3729 2848; x_wconf 87' lang='grc' dir='ltr'>νοού-</span> 
     </span>
    </p>
   </div>
   <div class='ocr_carea' id='block_1_59' title="bbox 2134 2884 3718 2958">
    <p class='ocr_par' dir='ltr' id='par_1_59' title="bbox 2134 2884 3718 2958">
     <span class='ocr_line' id='line_1_59' title="bbox 2134 2884 3718 2958; baseline 0.004 -22"><span class='ocrx_word' id='word_1_383' title='bbox 2134 2902 2270 2954; x_wconf 91' lang='grc' dir='ltr'>μενα</span> <span class='ocrx_word' id='word_1_384' title='bbox 2330 2884 2410 2956; x_wconf 80' lang='grc' dir='ltr'>τῷ</span> <span class='ocrx_word' id='word_1_385' title='bbox 2467 2885 2622 2955; x_wconf 83' lang='grc' dir='ltr'>βάθει</span> <span class='ocrx_word' id='word_1_386' title='bbox 2675 2886 2786 2939; x_wconf 87' lang='grc' dir='ltr'><strong>τῶν</strong></span> <span class='ocrx_word' id='word_1_387' title='bbox 2844 2888 3317 2956; x_wconf 82' lang='grc' dir='ltr'>ἐγκεκρυμμένων</span> <span class='ocrx_word' id='word_1_388' title='bbox 3373 2887 3718 2958; x_wconf 83' lang='grc' dir='ltr'>μυστηρίων.</span> 
     </span>
    </p>
   </div>
   <div class='ocr_carea' id='block_1_60' title="bbox 2133 2977 3722 3052">
    <p class='ocr_par' dir='ltr' id='par_1_60' title="bbox 2133 2977 3722 3052">
     <span class='ocr_line' id='line_1_60' title="bbox 2133 2977 3722 3052; baseline 0.001 -21"><span class='ocrx_word' id='word_1_389' title='bbox 2133 2978 2298 3047; x_wconf 80' lang='grc' dir='ltr'>’ᾼσω</span> <span class='ocrx_word' id='word_1_390' title='bbox 2325 2977 2401 3046; x_wconf 72' lang='grc' dir='ltr'>δὴ</span> <span class='ocrx_word' id='word_1_391' title='bbox 2437 2979 2602 3047; x_wconf 80' lang='grc' dir='ltr'><strong>ᾠδὴν</strong></span> <span class='ocrx_word' id='word_1_392' title='bbox 2631 2981 2828 3048; x_wconf 83' lang='grc' dir='ltr'>Κυρίῳ</span> <span class='ocrx_word' id='word_1_393' title='bbox 2857 2979 2936 3045; x_wconf 86' lang='grc' dir='ltr'>τῷ</span> <span class='ocrx_word' id='word_1_394' title='bbox 2973 2978 3095 3044; x_wconf 82' lang='grc' dir='ltr'><strong>Θεῷ</strong></span> <span class='ocrx_word' id='word_1_395' title='bbox 3111 2998 3252 3048; x_wconf 83' lang='grc' dir='ltr'>μου.</span> <span class='ocrx_word' id='word_1_396' title='bbox 3278 2981 3390 3051; x_wconf 75' lang='grc' dir='ltr'><strong>Τὴν</strong></span> <span class='ocrx_word' id='word_1_397' title='bbox 3431 2981 3572 3052; x_wconf 80' lang='grc' dir='ltr'>ὑπὲρ</span> <span class='ocrx_word' id='word_1_398' title='bbox 3611 2983 3722 3034; x_wconf 86' lang='grc' dir='ltr'><strong>τῶν</strong></span> 
     </span>
    </p>
   </div>
   <div class='ocr_carea' id='block_1_61' title="bbox 2130 3070 3711 3145">
    <p class='ocr_par' dir='ltr' id='par_1_61' title="bbox 2130 3070 3711 3145">
     <span class='ocr_line' id='line_1_61' title="bbox 2130 3070 3711 3145; baseline 0.003 -22"><span class='ocrx_word' id='word_1_399' title='bbox 2130 3070 2476 3140; x_wconf 78' lang='grc' dir='ltr'>παραδόξων,</span> <span class='ocrx_word' id='word_1_400' title='bbox 2509 3075 2698 3142; x_wconf 76' lang='grc' dir='ltr'>φησὶν,</span> <span class='ocrx_word' id='word_1_401' title='bbox 2738 3073 2881 3143; x_wconf 79' lang='grc' dir='ltr'>ᾠδὴν</span> <span class='ocrx_word' id='word_1_402' title='bbox 2936 3073 3125 3144; x_wconf 85' lang='grc' dir='ltr'>Κυρίῳ</span> <span class='ocrx_word' id='word_1_403' title='bbox 3159 3073 3236 3142; x_wconf 83' lang='grc' dir='ltr'>τῷ</span> <span class='ocrx_word' id='word_1_404' title='bbox 3264 3073 3383 3142; x_wconf 81' lang='grc' dir='ltr'><strong>Θεῷ</strong></span> <span class='ocrx_word' id='word_1_405' title='bbox 3438 3092 3540 3144; x_wconf 87' lang='grc' dir='ltr'><strong>μου</strong></span> <span class='ocrx_word' id='word_1_406' title='bbox 3575 3075 3711 3145; x_wconf 80' lang='grc' dir='ltr'>ᾄσω.</span> 
     </span>
    </p>
   </div>
   <div class='ocr_carea' id='block_1_62' title="bbox 2129 3160 3714 3237">
    <p class='ocr_par' dir='ltr' id='par_1_62' title="bbox 2129 3160 3714 3237">
     <span class='ocr_line' id='line_1_62' title="bbox 2129 3160 3714 3237; baseline 0.003 -23"><span class='ocrx_word' id='word_1_407' title='bbox 2129 3160 2306 3214; x_wconf 77' lang='grc' dir='ltr'>Αὐτοῦ</span> <span class='ocrx_word' id='word_1_408' title='bbox 2346 3162 2454 3233; x_wconf 82' lang='grc' dir='ltr'>γὰρ</span> <span class='ocrx_word' id='word_1_409' title='bbox 2483 3163 2718 3232; x_wconf 83' lang='grc' dir='ltr'>δυνάμει</span> <span class='ocrx_word' id='word_1_410' title='bbox 2749 3165 2818 3217; x_wconf 90' lang='grc' dir='ltr'><strong>τά</strong></span> <span class='ocrx_word' id='word_1_411' title='bbox 2855 3181 2913 3217; x_wconf 87' lang='grc' dir='ltr'><strong>τε</strong></span> <span class='ocrx_word' id='word_1_412' title='bbox 2945 3163 3078 3236; x_wconf 85' lang='grc' dir='ltr'>παρ’</span> <span class='ocrx_word' id='word_1_413' title='bbox 3106 3165 3297 3218; x_wconf 86' lang='grc' dir='ltr'>ἐλπίδα</span> <span class='ocrx_word' id='word_1_414' title='bbox 3321 3166 3506 3236; x_wconf 77' lang='grc' dir='ltr'>ἐξέϐη,</span> <span class='ocrx_word' id='word_1_415' title='bbox 3560 3167 3652 3219; x_wconf 76' lang='grc' dir='ltr'><strong>καὶ</strong></span> <span class='ocrx_word' id='word_1_416' title='bbox 3679 3168 3714 3237; x_wconf 88' lang='grc' dir='ltr'><strong>ἡ</strong></span> 
     </span>
    </p>
   </div>
   <div class='ocr_carea' id='block_1_63' title="bbox 2128 3251 3721 3326">
    <p class='ocr_par' dir='ltr' id='par_1_63' title="bbox 2128 3251 3721 3326">
     <span class='ocr_line' id='line_1_63' title="bbox 2128 3251 3721 3326; baseline 0.005 -24"><span class='ocrx_word' id='word_1_417' title='bbox 2128 3251 2230 3319; x_wconf 81' lang='grc' dir='ltr'><strong>τῆς</strong></span> <span class='ocrx_word' id='word_1_418' title='bbox 2253 3251 2470 3319; x_wconf 76' lang='grc' dir='ltr'>φύσεως</span> <span class='ocrx_word' id='word_1_419' title='bbox 2499 3253 2825 3324; x_wconf 74' lang='grc' dir='ltr'>ἀνερρώσθη</span> <span class='ocrx_word' id='word_1_420' title='bbox 2861 3256 3137 3309; x_wconf 88' lang='grc' dir='ltr'>ἀσθένεια.</span> <span class='ocrx_word' id='word_1_421' title='bbox 3187 3257 3267 3326; x_wconf 80' lang='grc' dir='ltr'>Τῇ</span> <span class='ocrx_word' id='word_1_422' title='bbox 3305 3257 3472 3310; x_wconf 68' lang='grc' dir='ltr'>αὑτοῦ</span> <span class='ocrx_word' id='word_1_423' title='bbox 3524 3257 3721 3326; x_wconf 80' lang='grc' dir='ltr'>φιλαν-</span> 
     </span>
    </p>
   </div>
   <div class='ocr_carea' id='block_1_64' title="bbox 440 3326 2023 3424">
    <p class='ocr_par' dir='ltr' id='par_1_64' title="bbox 440 3348 2023 3417">
     <span class='ocr_line' id='line_1_64' title="bbox 440 3348 2023 3417; baseline 0.001 -16"><span class='ocrx_word' id='word_1_424' title='bbox 440 3348 850 3417; x_wconf 80' lang='lat' dir='ltr'><strong>exspectatione</strong></span> <span class='ocrx_word' id='word_1_425' title='bbox 880 3357 1056 3410; x_wconf 87' lang='lat' dir='ltr'><strong>erant,</strong></span> <span class='ocrx_word' id='word_1_426' title='bbox 1085 3362 1148 3401; x_wconf 93' lang='lat' dir='ltr'><strong>ac</strong></span> <span class='ocrx_word' id='word_1_427' title='bbox 1189 3357 1398 3402; x_wconf 68' lang='lat' dir='ltr'><strong>naturae</strong></span> <span class='ocrx_word' id='word_1_428' title='bbox 1454 3348 1796 3402; x_wconf 84' lang='lat' dir='ltr'><strong>imbecillitas</strong></span> <span class='ocrx_word' id='word_1_429' title='bbox 1838 3364 2023 3403; x_wconf 79' lang='lat' dir='ltr'><strong>corro—</strong></span> 
     </span>
    </p>
   </div>
   <div class='ocr_carea' id='block_1_65' title="bbox 2128 3326 3718 3424">
    <p class='ocr_par' dir='ltr' id='par_1_65' title="bbox 2131 3343 3718 3424">
     <span class='ocr_line' id='line_1_65' title="bbox 2131 3343 3718 3424; baseline 0.003 -28"><span class='ocrx_word' id='word_1_430' title='bbox 2131 3343 2372 3414; x_wconf 79' lang='grc' dir='ltr'>θρωπίᾳ,</span> <span class='ocrx_word' id='word_1_431' title='bbox 2392 3343 2501 3396; x_wconf 89' lang='grc' dir='ltr'><strong>τῶν</strong></span> <span class='ocrx_word' id='word_1_432' title='bbox 2535 3361 2595 3397; x_wconf 83' lang='grc' dir='ltr'><strong>τε</strong></span> <span class='ocrx_word' id='word_1_433' title='bbox 2627 3346 2726 3412; x_wconf 85' lang='grc' dir='ltr'><strong>τῆς</strong></span> <span class='ocrx_word' id='word_1_434' title='bbox 2752 3345 3096 3414; x_wconf 82' lang='grc' dir='ltr'>στειρώσεως</span> <span class='ocrx_word' id='word_1_435' title='bbox 3138 3347 3424 3418; x_wconf 84' lang='grc' dir='ltr'>ἀπελύθην</span> <span class='ocrx_word' id='word_1_436' title='bbox 3471 3348 3718 3424; x_wconf 84' lang='grc' dir='ltr'>δεσμῶν,</span> 
     </span>
    </p>
   </div>
   <div class='ocr_carea' id='block_1_66' title="bbox 445 3437 2021 3508">
    <p class='ocr_par' dir='ltr' id='par_1_66' title="bbox 445 3437 2021 3508">
     <span class='ocr_line' id='line_1_66' title="bbox 445 3437 2021 3508; baseline 0.001 -15"><span class='ocrx_word' id='word_1_437' title='bbox 445 3443 635 3493; x_wconf 89' lang='lat' dir='ltr'><strong>borata</strong></span> <span class='ocrx_word' id='word_1_438' title='bbox 690 3446 792 3493; x_wconf 89' lang='lat' dir='ltr'><strong>est.</strong></span> <span class='ocrx_word' id='word_1_439' title='bbox 851 3437 1190 3508; x_wconf 78' lang='lat' dir='ltr'><strong>Benignitate</strong></span> <span class='ocrx_word' id='word_1_440' title='bbox 1251 3439 1425 3508; x_wconf 87' lang='lat' dir='ltr'><strong>ipsius</strong></span> <span class='ocrx_word' id='word_1_441' title='bbox 1491 3449 1656 3508; x_wconf 88' lang='lat' dir='ltr'><strong>atque</strong></span> <span class='ocrx_word' id='word_1_442' title='bbox 1711 3439 2021 3506; x_wconf 86' lang='lat' dir='ltr'><strong>clementia,</strong></span> 
     </span>
    </p>
   </div>
   <div class='ocr_carea' id='block_1_67' title="bbox 443 3529 2025 3602">
    <p class='ocr_par' dir='ltr' id='par_1_67' title="bbox 443 3529 2025 3602">
     <span class='ocr_line' id='line_1_67' title="bbox 443 3529 2025 3602; baseline 0.003 -18"><span class='ocrx_word' id='word_1_443' title='bbox 443 3531 624 3584; x_wconf 84' lang='lat' dir='ltr'><strong>soluta</strong></span> <span class='ocrx_word' id='word_1_444' title='bbox 654 3545 774 3584; x_wconf 91' lang='lat' dir='ltr'><strong>sum</strong></span> <span class='ocrx_word' id='word_1_445' title='bbox 821 3529 1127 3585; x_wconf 83' lang='lat' dir='ltr'><strong>sterilitatis</strong></span> <span class='ocrx_word' id='word_1_446' title='bbox 1163 3530 1415 3595; x_wconf 80' lang='lat' dir='ltr'><strong>vinculis,</strong></span> <span class='ocrx_word' id='word_1_447' title='bbox 1448 3546 1512 3585; x_wconf 86' lang='lat' dir='ltr'><strong>ac</strong></span> <span class='ocrx_word' id='word_1_448' title='bbox 1564 3533 1792 3588; x_wconf 89' lang='lat' dir='ltr'><strong>liberata</strong></span> <span class='ocrx_word' id='word_1_449' title='bbox 1827 3534 2025 3602; x_wconf 90' lang='lat' dir='ltr'><strong>probro</strong></span> 
     </span>
    </p>
   </div>
   <div class='ocr_carea' id='block_1_68' title="bbox 443 3621 2019 3692">
    <p class='ocr_par' dir='ltr' id='par_1_68' title="bbox 443 3621 2019 3692">
     <span class='ocr_line' id='line_1_68' title="bbox 443 3621 2019 3692; baseline 0 -16"><span class='ocrx_word' id='word_1_450' title='bbox 443 3621 874 3677; x_wconf 80' lang='lat' dir='ltr'><strong>infecunditatis.</strong></span> <span class='ocrx_word' id='word_1_451' title='bbox 923 3621 1183 3686; x_wconf 76' lang='lat' dir='ltr'><strong>Abstulit,</strong></span> <span class='ocrx_word' id='word_1_452' title='bbox 1226 3623 1424 3692; x_wconf 82' lang='lat' dir='ltr'><strong>inquit,</strong></span> <span class='ocrx_word' id='word_1_453' title='bbox 1455 3641 1484 3676; x_wconf 88' lang='lat' dir='ltr'><strong>a</strong></span> <span class='ocrx_word' id='word_1_454' title='bbox 1535 3640 1616 3676; x_wconf 86' lang='lat' dir='ltr'><strong>me</strong></span> <span class='ocrx_word' id='word_1_455' title='bbox 1660 3624 2019 3692; x_wconf 80' lang='lat' dir='ltr'><strong>opprobrium,</strong></span> 
     </span>
    </p>
   </div>
   <div class='ocr_carea' id='block_1_69' title="bbox 443 3714 2021 3785">
    <p class='ocr_par' dir='ltr' id='par_1_69' title="bbox 443 3714 2021 3785">
     <span class='ocr_line' id='line_1_69' title="bbox 443 3714 2021 3785; baseline 0.002 -18"><span class='ocrx_word' id='word_1_456' title='bbox 443 3724 490 3767; x_wconf 75' lang='lat' dir='ltr'><strong>ct</strong></span> <span class='ocrx_word' id='word_1_457' title='bbox 517 3714 662 3767; x_wconf 83' lang='lat' dir='ltr'><strong>dedit</strong></span> <span class='ocrx_word' id='word_1_458' title='bbox 694 3716 823 3767; x_wconf 82' lang='lat' dir='ltr'><strong>milii</strong></span> <span class='ocrx_word' id='word_1_459' title='bbox 865 3715 1095 3783; x_wconf 81' lang='lat' dir='ltr'><strong>[ructmu</strong></span> <span class='ocrx_word' id='word_1_460' title='bbox 1125 3714 1358 3782; x_wconf 76' lang='lat' dir='ltr'><strong>justilia:</strong></span> <span class='ocrx_word' id='word_1_461' title='bbox 1411 3731 1540 3771; x_wconf 66' lang='lat' dir='ltr'><strong>suat.</strong></span> <span class='ocrx_word' id='word_1_462' title='bbox 1574 3714 1769 3769; x_wconf 85' lang='lat' dir='ltr'><strong>Omnia</strong></span> <span class='ocrx_word' id='word_1_463' title='bbox 1802 3725 2021 3785; x_wconf 90' lang='lat' dir='ltr'><strong>accepta</strong></span> 
     </span>
    </p>
   </div>
   <div class='ocr_carea' id='block_1_70' title="bbox 447 3807 2024 3879">
    <p class='ocr_par' dir='ltr' id='par_1_70' title="bbox 447 3807 2024 3879">
     <span class='ocr_line' id='line_1_70' title="bbox 447 3807 2024 3879; baseline 0.001 -16"><span class='ocrx_word' id='word_1_464' title='bbox 447 3807 614 3863; x_wconf 84' lang='lat' dir='ltr'><strong>refert</strong></span> <span class='ocrx_word' id='word_1_465' title='bbox 640 3811 712 3871; x_wconf 88' lang='lat' dir='ltr'><strong>ei,</strong></span> <span class='ocrx_word' id='word_1_466' title='bbox 745 3808 838 3878; x_wconf 91' lang='lat' dir='ltr'><strong>qui</strong></span> <span class='ocrx_word' id='word_1_467' title='bbox 870 3809 1041 3872; x_wconf 89' lang='lat' dir='ltr'><strong>dedit,</strong></span> <span class='ocrx_word' id='word_1_468' title='bbox 1072 3824 1138 3862; x_wconf 92' lang='lat' dir='ltr'><strong>ne</strong></span> <span class='ocrx_word' id='word_1_469' title='bbox 1189 3809 1321 3879; x_wconf 90' lang='lat' dir='ltr'><strong>quid</strong></span> <span class='ocrx_word' id='word_1_470' title='bbox 1358 3809 1643 3863; x_wconf 87' lang='lat' dir='ltr'><strong>minimum</strong></span> <span class='ocrx_word' id='word_1_471' title='bbox 1697 3811 1753 3864; x_wconf 89' lang='lat' dir='ltr'><strong>in</strong></span> <span class='ocrx_word' id='word_1_472' title='bbox 1801 3825 1917 3864; x_wconf 91' lang='lat' dir='ltr'><strong>rem</strong></span> <span class='ocrx_word' id='word_1_473' title='bbox 1965 3825 2024 3865; x_wconf 90' lang='lat' dir='ltr'><strong>se</strong></span> 
     </span>
    </p>
   </div>
   <div class='ocr_carea' id='block_1_71' title="bbox 445 3899 2021 3972">
    <p class='ocr_par' dir='ltr' id='par_1_71' title="bbox 445 3899 2021 3972">
     <span class='ocr_line' id='line_1_71' title="bbox 445 3899 2021 3972; baseline 0.001 -16"><span class='ocrx_word' id='word_1_474' title='bbox 445 3901 746 3956; x_wconf 89' lang='lat' dir='ltr'><strong>contulisse</strong></span> <span class='ocrx_word' id='word_1_475' title='bbox 771 3901 1060 3955; x_wconf 88' lang='lat' dir='ltr'><strong>arbitrata.</strong></span> <span class='ocrx_word' id='word_1_476' title='bbox 1097 3899 1213 3956; x_wconf 90' lang='lat' dir='ltr'><strong>lloc</strong></span> <span class='ocrx_word' id='word_1_477' title='bbox 1239 3901 1386 3955; x_wconf 88' lang='lat' dir='ltr'><strong>enim</strong></span> <span class='ocrx_word' id='word_1_478' title='bbox 1417 3901 1533 3956; x_wconf 85' lang='lat' dir='ltr'><strong>vult</strong></span> <span class='ocrx_word' id='word_1_479' title='bbox 1579 3902 1728 3972; x_wconf 81' lang='lat' dir='ltr'><strong>jugis</strong></span> <span class='ocrx_word' id='word_1_480' title='bbox 1771 3902 1861 3957; x_wconf 89' lang='lat' dir='ltr'><strong>illa</strong></span> <span class='ocrx_word' id='word_1_481' title='bbox 1893 3918 2021 3972; x_wconf 89' lang='lat' dir='ltr'><strong>prc-</strong></span> 
     </span>
    </p>
   </div>
   <div class='ocr_carea' id='block_1_72' title="bbox 443 3991 2022 4062">
    <p class='ocr_par' dir='ltr' id='par_1_72' title="bbox 443 3991 2022 4062">
     <span class='ocr_line' id='line_1_72' title="bbox 443 3991 2022 4062; baseline 0.003 -17"><span class='ocrx_word' id='word_1_482' title='bbox 443 4005 566 4045; x_wconf 90' lang='lat' dir='ltr'><strong>cnm</strong></span> <span class='ocrx_word' id='word_1_483' title='bbox 625 3991 908 4056; x_wconf 88' lang='lat' dir='ltr'><strong>instantia,</strong></span> <span class='ocrx_word' id='word_1_484' title='bbox 981 3991 1361 4062; x_wconf 85' lang='lat' dir='ltr'><strong>judiciumque</strong></span> <span class='ocrx_word' id='word_1_485' title='bbox 1427 3993 1724 4062; x_wconf 85' lang='lat' dir='ltr'><strong>ejusmodi,</strong></span> <span class='ocrx_word' id='word_1_486' title='bbox 1793 3994 2022 4049; x_wconf 74' lang='lat' dir='ltr'><strong>sincera:</strong></span> 
     </span>
    </p>
   </div>
   <div class='ocr_carea' id='block_1_73' title="bbox 445 4082 2023 4155">
    <p class='ocr_par' dir='ltr' id='par_1_73' title="bbox 445 4082 2023 4155">
     <span class='ocr_line' id='line_1_73' title="bbox 445 4082 2023 4155; baseline 0.004 -20"><span class='ocrx_word' id='word_1_487' title='bbox 445 4085 719 4152; x_wconf 84' lang='lat' dir='ltr'><strong>specimen</strong></span> <span class='ocrx_word' id='word_1_488' title='bbox 754 4083 1076 4138; x_wconf 85' lang='lat' dir='ltr'><strong>humilitatis</strong></span> <span class='ocrx_word' id='word_1_489' title='bbox 1113 4084 1296 4140; x_wconf 85' lang='lat' dir='ltr'><strong>habet.</strong></span> <span class='ocrx_word' id='word_1_490' title='bbox 1325 4082 1445 4138; x_wconf 83' lang='lat' dir='ltr'><strong>Non</strong></span> <span class='ocrx_word' id='word_1_491' title='bbox 1476 4085 1622 4139; x_wconf 90' lang='lat' dir='ltr'><strong>enim</strong></span> <span class='ocrx_word' id='word_1_492' title='bbox 1655 4101 1900 4155; x_wconf 89' lang='lat' dir='ltr'><strong>precum,</strong></span> <span class='ocrx_word' id='word_1_493' title='bbox 1928 4095 2023 4142; x_wconf 87' lang='lat' dir='ltr'><strong>aut</strong></span> 
     </span>
    </p>
   </div>
   <div class='ocr_carea' id='block_1_74' title="bbox 445 4177 2019 4248">
    <p class='ocr_par' dir='ltr' id='par_1_74' title="bbox 445 4177 2019 4248">
     <span class='ocr_line' id='line_1_74' title="bbox 445 4177 2019 4248; baseline 0.003 -19"><span class='ocrx_word' id='word_1_494' title='bbox 445 4177 830 4247; x_wconf 83' lang='lat' dir='ltr'><strong>lacrymarum,</strong></span> <span class='ocrx_word' id='word_1_495' title='bbox 863 4177 943 4229; x_wconf 88' lang='lat' dir='ltr'><strong>vel</strong></span> <span class='ocrx_word' id='word_1_496' title='bbox 978 4177 1222 4231; x_wconf 85' lang='lat' dir='ltr'><strong>laborum</strong></span> <span class='ocrx_word' id='word_1_497' title='bbox 1256 4178 1548 4248; x_wconf 86' lang='lat' dir='ltr'><strong>appellavit</strong></span> <span class='ocrx_word' id='word_1_498' title='bbox 1597 4178 1832 4232; x_wconf 82' lang='lat' dir='ltr'><strong>fructum</strong></span> <span class='ocrx_word' id='word_1_499' title='bbox 1869 4197 1882 4233; x_wconf 92' lang='lat'><strong>:</strong></span> <span class='ocrx_word' id='word_1_500' title='bbox 1925 4179 2019 4234; x_wconf 88' lang='lat' dir='ltr'><strong>sed</strong></span> 
     </span>
    </p>
   </div>
   <div class='ocr_carea' id='block_1_75' title="bbox 432 4268 2018 4338">
    <p class='ocr_par' dir='ltr' id='par_1_75' title="bbox 432 4268 2018 4338">
     <span class='ocr_line' id='line_1_75' title="bbox 432 4268 2018 4338; baseline 0.003 -17"><span class='ocrx_word' id='word_1_501' title='bbox 432 4270 664 4336; x_wconf 73' lang='lat' dir='ltr'><strong>justitiw</strong></span> <span class='ocrx_word' id='word_1_502' title='bbox 713 4270 849 4337; x_wconf 85' lang='lat' dir='ltr'><strong>ejus.</strong></span> <span class='ocrx_word' id='word_1_503' title='bbox 886 4268 1090 4329; x_wconf 87' lang='lat' dir='ltr'><strong>Solius,</strong></span> <span class='ocrx_word' id='word_1_504' title='bbox 1131 4270 1326 4337; x_wconf 88' lang='lat' dir='ltr'><strong>inquit,</strong></span> <span class='ocrx_word' id='word_1_505' title='bbox 1375 4270 1495 4338; x_wconf 83' lang='lat' dir='ltr'><strong>ejus</strong></span> <span class='ocrx_word' id='word_1_506' title='bbox 1544 4271 1776 4338; x_wconf 68' lang='lat' dir='ltr'><strong>justitiaz</strong></span> <span class='ocrx_word' id='word_1_507' title='bbox 1813 4286 2018 4326; x_wconf 85' lang='lat' dir='ltr'><strong>munus</strong></span> 
     </span>
    </p>
   </div>
   <div class='ocr_carea' id='block_1_76' title="bbox 443 4359 2022 4430">
    <p class='ocr_par' dir='ltr' id='par_1_76' title="bbox 443 4359 2022 4430">
     <span class='ocr_line' id='line_1_76' title="bbox 443 4359 2022 4430; baseline 0.001 -16"><span class='ocrx_word' id='word_1_508' title='bbox 443 4368 529 4414; x_wconf 73' lang='lat' dir='ltr'><strong>est</strong></span> <span class='ocrx_word' id='word_1_509' title='bbox 563 4378 577 4414; x_wconf 92' lang='lat'>:</span> <span class='ocrx_word' id='word_1_510' title='bbox 613 4360 770 4428; x_wconf 89' lang='lat' dir='ltr'><strong>quasi</strong></span> <span class='ocrx_word' id='word_1_511' title='bbox 805 4361 952 4414; x_wconf 89' lang='lat' dir='ltr'><strong>dicat</strong></span> <span class='ocrx_word' id='word_1_512' title='bbox 994 4377 1006 4412; x_wconf 92' lang='lat'>:</span> <span class='ocrx_word' id='word_1_513' title='bbox 1054 4359 1164 4414; x_wconf 88' lang='lat' dir='ltr'><strong>Sua</strong></span> <span class='ocrx_word' id='word_1_514' title='bbox 1209 4359 1424 4428; x_wconf 83' lang='lat' dir='ltr'><strong>justitia</strong></span> <span class='ocrx_word' id='word_1_515' title='bbox 1458 4375 1677 4414; x_wconf 90' lang='lat' dir='ltr'><strong>omnem</strong></span> <span class='ocrx_word' id='word_1_516' title='bbox 1726 4371 2022 4430; x_wconf 88' lang='lat' dir='ltr'><strong>superante</strong></span> 
     </span>
    </p>
   </div>
   <div class='ocr_carea' id='block_1_77' title="bbox 443 4450 2014 4521">
    <p class='ocr_par' dir='ltr' id='par_1_77' title="bbox 443 4450 2014 4521">
     <span class='ocr_line' id='line_1_77' title="bbox 443 4450 2014 4521; baseline 0.001 -16"><span class='ocrx_word' id='word_1_517' title='bbox 443 4451 802 4511; x_wconf 85' lang='lat' dir='ltr'><strong>intellectum,</strong></span> <span class='ocrx_word' id='word_1_518' title='bbox 851 4465 952 4504; x_wconf 87' lang='lat' dir='ltr'><strong>suo</strong></span> <span class='ocrx_word' id='word_1_519' title='bbox 1012 4450 1125 4519; x_wconf 91' lang='lat' dir='ltr'><strong>ipse</strong></span> <span class='ocrx_word' id='word_1_520' title='bbox 1187 4451 1439 4520; x_wconf 86' lang='lat' dir='ltr'><strong>plasmati</strong></span> <span class='ocrx_word' id='word_1_521' title='bbox 1497 4452 1760 4521; x_wconf 86' lang='lat' dir='ltr'><strong>impendit</strong></span> <span class='ocrx_word' id='word_1_522' title='bbox 1808 4467 2014 4507; x_wconf 91' lang='lat' dir='ltr'><strong>curam.</strong></span> 
     </span>
    </p>
   </div>
   <div class='ocr_carea' id='block_1_78' title="bbox 447 4541 2017 4612">
    <p class='ocr_par' dir='ltr' id='par_1_78' title="bbox 447 4541 2017 4612">
     <span class='ocr_line' id='line_1_78' title="bbox 447 4541 2017 4612; baseline 0.001 -15"><span class='ocrx_word' id='word_1_523' title='bbox 447 4543 578 4597; x_wconf 78' lang='lat' dir='ltr'><strong>Vide</strong></span> <span class='ocrx_word' id='word_1_524' title='bbox 605 4551 808 4604; x_wconf 87' lang='lat' dir='ltr'><strong>autem,</strong></span> <span class='ocrx_word' id='word_1_525' title='bbox 841 4557 1003 4612; x_wconf 90' lang='lat' dir='ltr'><strong>quam</strong></span> <span class='ocrx_word' id='word_1_526' title='bbox 1040 4541 1275 4609; x_wconf 80' lang='lat' dir='ltr'><strong>graviter</strong></span> <span class='ocrx_word' id='word_1_527' title='bbox 1321 4543 1483 4596; x_wconf 87' lang='lat' dir='ltr'><strong>simul</strong></span> <span class='ocrx_word' id='word_1_528' title='bbox 1527 4543 1742 4612; x_wconf 87' lang='lat' dir='ltr'><strong>alteque</strong></span> <span class='ocrx_word' id='word_1_529' title='bbox 1780 4543 2017 4599; x_wconf 84' lang='lat' dir='ltr'><strong>divinam</strong></span> 
     </span>
    </p>
   </div>
   <div class='ocr_carea' id='block_1_79' title="bbox 2128 3436 3716 3511">
    <p class='ocr_par' dir='ltr' id='par_1_79' title="bbox 2128 3436 3716 3511">
     <span class='ocr_line' id='line_1_79' title="bbox 2128 3436 3716 3511; baseline 0.004 -24"><span class='ocrx_word' id='word_1_530' title='bbox 2128 3436 2224 3489; x_wconf 70' lang='grc' dir='ltr'><strong>καὶ</strong></span> <span class='ocrx_word' id='word_1_531' title='bbox 2251 3436 2361 3488; x_wconf 90' lang='grc' dir='ltr'><strong>τῶν</strong></span> <span class='ocrx_word' id='word_1_532' title='bbox 2386 3437 2485 3506; x_wconf 82' lang='grc' dir='ltr'>τῆς</span> <span class='ocrx_word' id='word_1_533' title='bbox 2507 3439 2764 3502; x_wconf 85' lang='grc' dir='ltr'>ἀτεκνίας</span> <span class='ocrx_word' id='word_1_534' title='bbox 2783 3438 3110 3510; x_wconf 75' lang='grc' dir='ltr'>ἀπηλλάγην</span> <span class='ocrx_word' id='word_1_535' title='bbox 3137 3440 3482 3511; x_wconf 82' lang='grc' dir='ltr'>ὀνειδισμῶν.</span> <span class='ocrx_word' id='word_1_536' title='bbox 3516 3440 3716 3509; x_wconf 69' lang='grc' dir='ltr'>Ἀφεί-</span> 
     </span>
    </p>
   </div>
   <div class='ocr_carea' id='block_1_80' title="bbox 2125 3527 3722 3600">
    <p class='ocr_par' dir='ltr' id='par_1_80' title="bbox 2125 3527 3722 3600">
     <span class='ocr_line' id='line_1_80' title="bbox 2125 3527 3722 3600; baseline 0.003 -20"><span class='ocrx_word' id='word_1_537' title='bbox 2125 3527 2270 3580; x_wconf 73' lang='grc' dir='ltr'>λετό</span> <span class='ocrx_word' id='word_1_538' title='bbox 2296 3544 2418 3594; x_wconf 84' lang='grc' dir='ltr'><strong>μου</strong></span> <span class='ocrx_word' id='word_1_539' title='bbox 2453 3528 2519 3581; x_wconf 87' lang='grc' dir='ltr'>τὸ</span> <span class='ocrx_word' id='word_1_540' title='bbox 2581 3529 2835 3597; x_wconf 79' lang='grc' dir='ltr'>ὄνειδος,</span> <span class='ocrx_word' id='word_1_541' title='bbox 2875 3535 3032 3600; x_wconf 75' lang='grc' dir='ltr'>φησὶ,</span> <span class='ocrx_word' id='word_1_542' title='bbox 3065 3531 3368 3585; x_wconf 74' lang='grc' dir='ltr'>καὶὲδωκέ</span> <span class='ocrx_word' id='word_1_543' title='bbox 3416 3550 3520 3600; x_wconf 78' lang='grc' dir='ltr'><strong>μοι</strong></span> <span class='ocrx_word' id='word_1_544' title='bbox 3574 3549 3722 3600; x_wconf 75' lang='grc' dir='ltr'>καρ-</span> 
     </span>
    </p>
   </div>
   <div class='ocr_carea' id='block_1_81' title="bbox 2126 3619 3710 3692">
    <p class='ocr_par' dir='ltr' id='par_1_81' title="bbox 2126 3619 3710 3692">
     <span class='ocr_line' id='line_1_81' title="bbox 2126 3619 3710 3692; baseline 0.003 -21"><span class='ocrx_word' id='word_1_545' title='bbox 2126 3619 2246 3671; x_wconf 79' lang='grc' dir='ltr'><strong>πὸν</strong></span> <span class='ocrx_word' id='word_1_546' title='bbox 2281 3619 2673 3688; x_wconf 80' lang='grc' dir='ltr'>δικαιοσύνης</span> <span class='ocrx_word' id='word_1_547' title='bbox 2705 3623 2914 3675; x_wconf 82' lang='grc' dir='ltr'>αὑτοῦ.</span> <span class='ocrx_word' id='word_1_548' title='bbox 2933 3623 3118 3676; x_wconf 77' lang='grc' dir='ltr'>Πάντα</span> <span class='ocrx_word' id='word_1_549' title='bbox 3155 3623 3232 3692; x_wconf 84' lang='grc' dir='ltr'><strong>τῷ</strong></span> <span class='ocrx_word' id='word_1_550' title='bbox 3261 3623 3517 3676; x_wconf 83' lang='grc' dir='ltr'>δεδωκότι</span> <span class='ocrx_word' id='word_1_551' title='bbox 3570 3625 3710 3678; x_wconf 86' lang='grc' dir='ltr'>ἀνα-</span> 
     </span>
    </p>
   </div>
   <div class='ocr_carea' id='block_1_82' title="bbox 2127 3708 3721 3783">
    <p class='ocr_par' dir='ltr' id='par_1_82' title="bbox 2127 3708 3721 3783">
     <span class='ocr_line' id='line_1_82' title="bbox 2127 3708 3721 3783; baseline 0.005 -24"><span class='ocrx_word' id='word_1_552' title='bbox 2127 3708 2362 3778; x_wconf 82' lang='grc' dir='ltr'>τίθησιν,</span> <span class='ocrx_word' id='word_1_553' title='bbox 2388 3709 2510 3761; x_wconf 81' lang='grc' dir='ltr'><strong>ούδέ</strong></span> <span class='ocrx_word' id='word_1_554' title='bbox 2540 3710 2600 3762; x_wconf 89' lang='grc' dir='ltr'><strong>τὸ</strong></span> <span class='ocrx_word' id='word_1_555' title='bbox 2634 3710 2798 3780; x_wconf 83' lang='grc' dir='ltr'>τυχὸν</span> <span class='ocrx_word' id='word_1_556' title='bbox 2827 3711 3028 3780; x_wconf 81' lang='grc' dir='ltr'>ἑαυτὴν</span> <span class='ocrx_word' id='word_1_557' title='bbox 3050 3712 3377 3783; x_wconf 75' lang='grc' dir='ltr'>λογιζομένη</span> <span class='ocrx_word' id='word_1_558' title='bbox 3399 3715 3721 3783; x_wconf 82' lang='grc' dir='ltr'>είσκεκομι-</span> 
     </span>
    </p>
   </div>
   <div class='ocr_carea' id='block_1_83' title="bbox 2125 3799 3720 3875">
    <p class='ocr_par' dir='ltr' id='par_1_83' title="bbox 2125 3799 3720 3875">
     <span class='ocr_line' id='line_1_83' title="bbox 2125 3799 3720 3875; baseline 0.003 -24"><span class='ocrx_word' id='word_1_559' title='bbox 2125 3799 2280 3852; x_wconf 86' lang='grc' dir='ltr'>κέναι</span> <span class='ocrx_word' id='word_1_560' title='bbox 2295 3799 2374 3870; x_wconf 84' lang='grc' dir='ltr'>τῷ</span> <span class='ocrx_word' id='word_1_561' title='bbox 2393 3800 2696 3870; x_wconf 83' lang='grc' dir='ltr'>πράγματι.</span> <span class='ocrx_word' id='word_1_562' title='bbox 2716 3801 2887 3855; x_wconf 87' lang='grc' dir='ltr'>Τοῦτο</span> <span class='ocrx_word' id='word_1_563' title='bbox 2909 3803 3018 3872; x_wconf 86' lang='grc' dir='ltr'><strong>γάρ</strong></span> <span class='ocrx_word' id='word_1_564' title='bbox 3049 3803 3143 3856; x_wconf 79' lang='grc' dir='ltr'>καὶ</span> <span class='ocrx_word' id='word_1_565' title='bbox 3171 3804 3232 3856; x_wconf 76' lang='grc' dir='ltr'>τὸ</span> <span class='ocrx_word' id='word_1_566' title='bbox 3256 3804 3386 3874; x_wconf 79' lang='grc' dir='ltr'>περὶ</span> <span class='ocrx_word' id='word_1_567' title='bbox 3411 3805 3511 3872; x_wconf 80' lang='grc' dir='ltr'><strong>τὴν</strong></span> <span class='ocrx_word' id='word_1_568' title='bbox 3533 3804 3720 3875; x_wconf 85' lang='grc' dir='ltr'>δέησιν</span> 
     </span>
    </p>
   </div>
   <div class='ocr_carea' id='block_1_84' title="bbox 2123 3892 3718 3968">
    <p class='ocr_par' dir='ltr' id='par_1_84' title="bbox 2123 3892 3718 3968">
     <span class='ocr_line' id='line_1_84' title="bbox 2123 3892 3718 3968; baseline 0.003 -22"><span class='ocrx_word' id='word_1_569' title='bbox 2123 3892 2423 3962; x_wconf 84' lang='grc' dir='ltr'>διηνεκῶς,</span> <span class='ocrx_word' id='word_1_570' title='bbox 2485 3895 2582 3946; x_wconf 81' lang='grc' dir='ltr'>καὶ</span> <span class='ocrx_word' id='word_1_571' title='bbox 2651 3895 2851 3965; x_wconf 80' lang='grc' dir='ltr'>δεῖγμα</span> <span class='ocrx_word' id='word_1_572' title='bbox 2919 3896 3316 3960; x_wconf 86' lang='grc' dir='ltr'>ταπεινώσεως</span> <span class='ocrx_word' id='word_1_573' title='bbox 3362 3897 3627 3966; x_wconf 77' lang='grc' dir='ltr'>ἀψευδοῦς</span> <span class='ocrx_word' id='word_1_574' title='bbox 3682 3900 3718 3968; x_wconf 77' lang='grc' dir='ltr'>ἡ</span> 
     </span>
    </p>
   </div>
   <div class='ocr_carea' id='block_1_85' title="bbox 2124 3985 3720 4060">
    <p class='ocr_par' dir='ltr' id='par_1_85' title="bbox 2124 3985 3720 4060">
     <span class='ocr_line' id='line_1_85' title="bbox 2124 3985 3720 4060; baseline 0.004 -24"><span class='ocrx_word' id='word_1_575' title='bbox 2124 3985 2350 4055; x_wconf 88' lang='grc' dir='ltr'>τοιαύτη</span> <span class='ocrx_word' id='word_1_576' title='bbox 2381 3987 2692 4055; x_wconf 86' lang='grc' dir='ltr'>καθέστηκε</span> <span class='ocrx_word' id='word_1_577' title='bbox 2728 3988 2934 4058; x_wconf 87' lang='grc' dir='ltr'>κρίσις.</span> <span class='ocrx_word' id='word_1_578' title='bbox 2973 3988 3048 4040; x_wconf 76' lang='grc' dir='ltr'><strong>Οὐ</strong></span> <span class='ocrx_word' id='word_1_579' title='bbox 3105 3988 3237 4059; x_wconf 86' lang='grc' dir='ltr'>γὰρ,</span> <span class='ocrx_word' id='word_1_580' title='bbox 3274 3989 3475 4060; x_wconf 81' lang='grc' dir='ltr'>Εὐχῆς,</span> <span class='ocrx_word' id='word_1_581' title='bbox 3533 3989 3564 4059; x_wconf 81' lang='grc' dir='ltr'>ἢ</span> <span class='ocrx_word' id='word_1_582' title='bbox 3625 3990 3720 4042; x_wconf 80' lang='grc' dir='ltr'>δα-</span> 
     </span>
    </p>
   </div>
   <div class='ocr_carea' id='block_1_86' title="bbox 2125 4078 3718 4152">
    <p class='ocr_par' dir='ltr' id='par_1_86' title="bbox 2125 4078 3718 4152">
     <span class='ocr_line' id='line_1_86' title="bbox 2125 4078 3718 4152; baseline 0.004 -22"><span class='ocrx_word' id='word_1_583' title='bbox 2125 4078 2390 4149; x_wconf 86' lang='grc' dir='ltr'>κρύων,ἢ</span> <span class='ocrx_word' id='word_1_584' title='bbox 2425 4080 2624 4145; x_wconf 84' lang='grc' dir='ltr'>πόνων,</span> <span class='ocrx_word' id='word_1_585' title='bbox 2655 4080 2782 4151; x_wconf 72' lang='grc' dir='ltr'>ἔφη,</span> <span class='ocrx_word' id='word_1_586' title='bbox 2822 4080 3037 4152; x_wconf 83' lang='grc' dir='ltr'>καρπόν</span> <span class='ocrx_word' id='word_1_587' title='bbox 3065 4095 3079 4110; x_wconf 85' lang='grc'><strong>·</strong></span> <span class='ocrx_word' id='word_1_588' title='bbox 3111 4081 3268 4146; x_wconf 77' lang='grc' dir='ltr'>ἀλλὰ,</span> <span class='ocrx_word' id='word_1_589' title='bbox 3314 4084 3718 4149; x_wconf 78' lang='grc' dir='ltr'>Δικαιοσύνης</span> 
     </span>
    </p>
   </div>
   <div class='ocr_carea' id='block_1_87' title="bbox 2127 4173 3711 4245">
    <p class='ocr_par' dir='ltr' id='par_1_87' title="bbox 2127 4173 3711 4245">
     <span class='ocr_line' id='line_1_87' title="bbox 2127 4173 3711 4245; baseline 0.001 -21"><span class='ocrx_word' id='word_1_590' title='bbox 2127 4173 2334 4226; x_wconf 85' lang='grc' dir='ltr'>αὐτοῦ.</span> <span class='ocrx_word' id='word_1_591' title='bbox 2367 4174 2575 4243; x_wconf 88' lang='grc' dir='ltr'>Μόνης,</span> <span class='ocrx_word' id='word_1_592' title='bbox 2613 4173 2768 4244; x_wconf 77' lang='grc' dir='ltr'>φησὶ,</span> <span class='ocrx_word' id='word_1_593' title='bbox 2797 4177 2897 4244; x_wconf 82' lang='grc' dir='ltr'><strong>τῆς</strong></span> <span class='ocrx_word' id='word_1_594' title='bbox 2925 4173 3092 4226; x_wconf 85' lang='grc' dir='ltr'>αὑτοῦ</span> <span class='ocrx_word' id='word_1_595' title='bbox 3123 4175 3476 4245; x_wconf 82' lang='grc' dir='ltr'>δικαιοσύνης</span> <span class='ocrx_word' id='word_1_596' title='bbox 3507 4174 3569 4228; x_wconf 84' lang='grc' dir='ltr'><strong>τδ</strong></span> <span class='ocrx_word' id='word_1_597' title='bbox 3604 4175 3711 4228; x_wconf 79' lang='grc' dir='ltr'>δῶο</span> 
     </span>
    </p>
   </div>
   <div class='ocr_carea' id='block_1_88' title="bbox 2129 4263 3713 4335">
    <p class='ocr_par' dir='ltr' id='par_1_88' title="bbox 2129 4263 3713 4335">
     <span class='ocr_line' id='line_1_88' title="bbox 2129 4263 3713 4335; baseline 0.003 -21"><span class='ocrx_word' id='word_1_598' title='bbox 2129 4278 2222 4330; x_wconf 90' lang='grc' dir='ltr'><strong>ρον</strong></span> <span class='ocrx_word' id='word_1_599' title='bbox 2255 4278 2270 4292; x_wconf 90' lang='grc'><strong>·</strong></span> <span class='ocrx_word' id='word_1_600' title='bbox 2307 4263 2384 4326; x_wconf 84' lang='grc' dir='ltr'>ὡς</span> <span class='ocrx_word' id='word_1_601' title='bbox 2423 4263 2473 4316; x_wconf 83' lang='grc' dir='ltr'><strong>εί</strong></span> <span class='ocrx_word' id='word_1_602' title='bbox 2504 4264 2710 4331; x_wconf 76' lang='grc' dir='ltr'>ἔλεγεν,</span> <span class='ocrx_word' id='word_1_603' title='bbox 2742 4265 2822 4316; x_wconf 85' lang='grc' dir='ltr'>ὅτι</span> <span class='ocrx_word' id='word_1_604' title='bbox 2844 4265 3159 4335; x_wconf 82' lang='grc' dir='ltr'>δικαιοσύνῃ</span> <span class='ocrx_word' id='word_1_605' title='bbox 3200 4265 3368 4318; x_wconf 82' lang='grc' dir='ltr'>αὑτοῦ</span> <span class='ocrx_word' id='word_1_606' title='bbox 3416 4267 3713 4335; x_wconf 78' lang='grc' dir='ltr'>γενήσεται</span> 
     </span>
    </p>
   </div>
   <div class='ocr_carea' id='block_1_89' title="bbox 2124 4353 3710 4427">
    <p class='ocr_par' dir='ltr' id='par_1_89' title="bbox 2124 4353 3710 4427">
     <span class='ocr_line' id='line_1_89' title="bbox 2124 4353 3710 4427; baseline 0.003 -24"><span class='ocrx_word' id='word_1_607' title='bbox 2124 4356 2304 4406; x_wconf 86' lang='grc' dir='ltr'>πάντα.</span> <span class='ocrx_word' id='word_1_608' title='bbox 2332 4353 2456 4406; x_wconf 87' lang='grc' dir='ltr'>νοῦν</span> <span class='ocrx_word' id='word_1_609' title='bbox 2489 4353 2856 4424; x_wconf 79' lang='grc' dir='ltr'>ὑπερεχούσῃ,</span> <span class='ocrx_word' id='word_1_610' title='bbox 2891 4357 2923 4425; x_wconf 83' lang='grc' dir='ltr'>ἡ</span> <span class='ocrx_word' id='word_1_611' title='bbox 2954 4356 3085 4424; x_wconf 73' lang='grc' dir='ltr'>περὶ</span> <span class='ocrx_word' id='word_1_612' title='bbox 3124 4355 3185 4407; x_wconf 84' lang='grc' dir='ltr'><strong>τὸ</strong></span> <span class='ocrx_word' id='word_1_613' title='bbox 3218 4357 3420 4409; x_wconf 75' lang='grc' dir='ltr'>οἰκεῖον</span> <span class='ocrx_word' id='word_1_614' title='bbox 3481 4357 3710 4427; x_wconf 81' lang='grc' dir='ltr'>πλάσμα</span> 
     </span>
    </p>
   </div>
   <div class='ocr_carea' id='block_1_90' title="bbox 2123 4446 3710 4518">
    <p class='ocr_par' dir='ltr' id='par_1_90' title="bbox 2123 4446 3710 4518">
     <span class='ocr_line' id='line_1_90' title="bbox 2123 4446 3710 4518; baseline 0.003 -22"><span class='ocrx_word' id='word_1_615' title='bbox 2123 4446 2445 4516; x_wconf 87' lang='grc' dir='ltr'>κηδεμονία.</span> <span class='ocrx_word' id='word_1_616' title='bbox 2511 4448 2620 4499; x_wconf 77' lang='grc' dir='ltr'><strong>Καὶ</strong></span> <span class='ocrx_word' id='word_1_617' title='bbox 2680 4446 2799 4513; x_wconf 85' lang='grc' dir='ltr'>θέα,</span> <span class='ocrx_word' id='word_1_618' title='bbox 2861 4448 3011 4510; x_wconf 87' lang='grc' dir='ltr'>ὅπως</span> <span class='ocrx_word' id='word_1_619' title='bbox 3044 4448 3254 4518; x_wconf 74' lang='grc' dir='ltr'>σεμνῶς</span> <span class='ocrx_word' id='word_1_620' title='bbox 3291 4449 3452 4518; x_wconf 80' lang='grc' dir='ltr'>ὁμοῦ,</span> <span class='ocrx_word' id='word_1_621' title='bbox 3495 4452 3589 4500; x_wconf 77' lang='grc' dir='ltr'>καὶ</span> <span class='ocrx_word' id='word_1_622' title='bbox 3620 4449 3710 4518; x_wconf 82' lang='grc' dir='ltr'><strong>βα-</strong></span> 
     </span>
    </p>
   </div>
   <div class='ocr_carea' id='block_1_91' title="bbox 2125 4535 3710 4608">
    <p class='ocr_par' dir='ltr' id='par_1_91' title="bbox 2125 4535 3710 4608">
     <span class='ocr_line' id='line_1_91' title="bbox 2125 4535 3710 4608; baseline 0.002 -20"><span class='ocrx_word' id='word_1_623' title='bbox 2125 4535 2263 4599; x_wconf 89' lang='grc' dir='ltr'>θέως</span> <span class='ocrx_word' id='word_1_624' title='bbox 2297 4538 2396 4607; x_wconf 82' lang='grc' dir='ltr'>τὴν</span> <span class='ocrx_word' id='word_1_625' title='bbox 2427 4537 2578 4590; x_wconf 83' lang='grc' dir='ltr'>Θείαν</span> <span class='ocrx_word' id='word_1_626' title='bbox 2609 4537 2924 4608; x_wconf 84' lang='grc' dir='ltr'>οἰκονομίαν</span> <span class='ocrx_word' id='word_1_627' title='bbox 2952 4539 3246 4608; x_wconf 83' lang='grc' dir='ltr'>ἐδήλωσεν.</span> <span class='ocrx_word' id='word_1_628' title='bbox 3279 4539 3416 4593; x_wconf 81' lang='grc' dir='ltr'>’Υπδ</span> <span class='ocrx_word' id='word_1_629' title='bbox 3437 4541 3533 4593; x_wconf 80' lang='grc' dir='ltr'><strong>τοῦ</strong></span> <span class='ocrx_word' id='word_1_630' title='bbox 3563 4539 3710 4593; x_wconf 81' lang='grc' dir='ltr'>θείου</span> 
     </span>
    </p>
   </div>
   <div class='ocr_carea' id='block_1_92' title="bbox 443 4627 2023 4704">
    <p class='ocr_par' dir='ltr' id='par_1_92' title="bbox 443 4627 2016 4704">
     <span class='ocr_line' id='line_1_92' title="bbox 443 4627 2016 4704; baseline 0.002 -17"><span class='ocrx_word' id='word_1_631' title='bbox 443 4633 800 4704; x_wconf 81' lang='lat' dir='ltr'><strong>explicaverit</strong></span> <span class='ocrx_word' id='word_1_632' title='bbox 848 4633 1343 4702; x_wconf 86' lang='lat' dir='ltr'><strong>dispensationem.</strong></span> <span class='ocrx_word' id='word_1_633' title='bbox 1403 4632 1616 4702; x_wconf 82' lang='lat' dir='ltr'><strong>Quippe</strong></span> <span class='ocrx_word' id='word_1_634' title='bbox 1666 4627 1838 4689; x_wconf 71' lang='lat' dir='ltr'><strong>&#39;docta</strong></span> <span class='ocrx_word' id='word_1_635' title='bbox 1897 4651 2016 4690; x_wconf 91' lang='lat' dir='ltr'><strong>eam</strong></span> 
     </span>
    </p>
   </div>
   <div class='ocr_carea' id='block_1_93' title="bbox 2128 4627 3712 4704">
    <p class='ocr_par' dir='ltr' id='par_1_93' title="bbox 2128 4627 3712 4700">
     <span class='ocr_line' id='line_1_93' title="bbox 2128 4627 3712 4700; baseline 0 -18"><span class='ocrx_word' id='word_1_636' title='bbox 2128 4627 2238 4698; x_wconf 82' lang='grc' dir='ltr'><strong>γάρ</strong></span> <span class='ocrx_word' id='word_1_637' title='bbox 2271 4629 2480 4696; x_wconf 86' lang='grc' dir='ltr'>ταύτην</span> <span class='ocrx_word' id='word_1_638' title='bbox 2511 4630 2967 4698; x_wconf 85' lang='grc' dir='ltr'>ἐμυσταγωγεῖτο</span> <span class='ocrx_word' id='word_1_639' title='bbox 3009 4630 3350 4700; x_wconf 83' lang='grc' dir='ltr'>Πνεύματος.</span> <span class='ocrx_word' id='word_1_640' title='bbox 3377 4633 3712 4685; x_wconf 64' lang='grc' dir='ltr'>Ἀίονοοὺσιον</span> 
     </span>
    </p>
   </div>
   <div class='ocr_carea' id='block_1_94' title="bbox 442 4721 2019 4793">
    <p class='ocr_par' dir='ltr' id='par_1_94' title="bbox 442 4721 2019 4793">
     <span class='ocr_line' id='line_1_94' title="bbox 442 4721 2019 4793; baseline 0 -15"><span class='ocrx_word' id='word_1_641' title='bbox 442 4733 563 4778; x_wconf 89' lang='lat' dir='ltr'><strong>crat</strong></span> <span class='ocrx_word' id='word_1_642' title='bbox 618 4722 852 4792; x_wconf 83' lang='lat' dir='ltr'><strong>Spiritus</strong></span> <span class='ocrx_word' id='word_1_643' title='bbox 907 4722 1084 4777; x_wconf 85' lang='lat' dir='ltr'><strong>sancti</strong></span> <span class='ocrx_word' id='word_1_644' title='bbox 1141 4723 1474 4792; x_wconf 76' lang='lat' dir='ltr'><strong>magisterio.</strong></span> <span class='ocrx_word' id='word_1_645' title='bbox 1518 4721 1790 4793; x_wconf 82' lang='lat' dir='ltr'><strong>Singulari</strong></span> <span class='ocrx_word' id='word_1_646' title='bbox 1839 4736 2019 4778; x_wconf 86' lang='lat' dir='ltr'><strong>autem</strong></span> 
     </span>
    </p>
   </div>
   <div class='ocr_carea' id='block_1_95' title="bbox 443 4810 2020 4881">
    <p class='ocr_par' dir='ltr' id='par_1_95' title="bbox 443 4810 2020 4881">
     <span class='ocr_line' id='line_1_95' title="bbox 443 4810 2020 4881; baseline -0.001 -13"><span class='ocrx_word' id='word_1_647' title='bbox 443 4813 747 4868; x_wconf 88' lang='lat' dir='ltr'><strong>substantia</strong></span> <span class='ocrx_word' id='word_1_648' title='bbox 799 4811 1055 4881; x_wconf 85' lang='lat' dir='ltr'><strong>appellat,</strong></span> <span class='ocrx_word' id='word_1_649' title='bbox 1090 4810 1175 4865; x_wconf 91' lang='lat' dir='ltr'><strong>vel</strong></span> <span class='ocrx_word' id='word_1_650' title='bbox 1218 4826 1362 4874; x_wconf 87' lang='lat' dir='ltr'><strong>eam,</strong></span> <span class='ocrx_word' id='word_1_651' title='bbox 1405 4827 1527 4880; x_wconf 53' lang='lat' dir='ltr'><strong>quas</strong></span> <span class='ocrx_word' id='word_1_652' title='bbox 1567 4813 1729 4866; x_wconf 86' lang='lat' dir='ltr'><strong>unius</strong></span> <span class='ocrx_word' id='word_1_653' title='bbox 1767 4823 1914 4866; x_wconf 90' lang='lat' dir='ltr'><strong>esset</strong></span> <span class='ocrx_word' id='word_1_654' title='bbox 1957 4829 2020 4866; x_wconf 91' lang='lat' dir='ltr'><strong>ac</strong></span> 
     </span>
    </p>
   </div>
   <div class='ocr_carea' id='block_1_96' title="bbox 442 4903 2017 4974">
    <p class='ocr_par' dir='ltr' id='par_1_96' title="bbox 442 4903 2017 4974">
     <span class='ocr_line' id='line_1_96' title="bbox 442 4903 2017 4974; baseline 0.001 -16"><span class='ocrx_word' id='word_1_655' title='bbox 442 4904 732 4974; x_wconf 83' lang='lat' dir='ltr'><strong>singularis</strong></span> <span class='ocrx_word' id='word_1_656' title='bbox 787 4910 1029 4969; x_wconf 71' lang='lat' dir='ltr'><strong>naturae,</strong></span> <span class='ocrx_word' id='word_1_657' title='bbox 1062 4903 1145 4956; x_wconf 85' lang='lat' dir='ltr'><strong>vel</strong></span> <span class='ocrx_word' id='word_1_658' title='bbox 1197 4918 1362 4956; x_wconf 90' lang='lat' dir='ltr'><strong>uuam</strong></span> <span class='ocrx_word' id='word_1_659' title='bbox 1393 4903 1542 4956; x_wconf 91' lang='lat' dir='ltr'><strong>illam</strong></span> <span class='ocrx_word' id='word_1_660' title='bbox 1591 4919 1653 4957; x_wconf 89' lang='lat' dir='ltr'><strong>ac</strong></span> <span class='ocrx_word' id='word_1_661' title='bbox 1685 4905 2017 4974; x_wconf 82' lang='lat' dir='ltr'><strong>singularem</strong></span> 
     </span>
    </p>
   </div>
   <div class='ocr_carea' id='block_1_97' title="bbox 441 4993 2019 5064">
    <p class='ocr_par' dir='ltr' id='par_1_97' title="bbox 441 4993 2019 5064">
     <span class='ocr_line' id='line_1_97' title="bbox 441 4993 2019 5064; baseline 0.001 -18"><span class='ocrx_word' id='word_1_662' title='bbox 441 4993 508 5047; x_wconf 91' lang='lat' dir='ltr'><strong>ad</strong></span> <span class='ocrx_word' id='word_1_663' title='bbox 547 4993 812 5061; x_wconf 84' lang='lat' dir='ltr'><strong>ejusmodi</strong></span> <span class='ocrx_word' id='word_1_664' title='bbox 853 4995 1081 5048; x_wconf 87' lang='lat' dir='ltr'><strong>electam</strong></span> <span class='ocrx_word' id='word_1_665' title='bbox 1142 4994 1412 5063; x_wconf 89' lang='lat' dir='ltr'><strong>justitiam</strong></span> <span class='ocrx_word' id='word_1_666' title='bbox 1451 5010 1465 5047; x_wconf 90' lang='lat'><strong>:</strong></span> <span class='ocrx_word' id='word_1_667' title='bbox 1500 5009 1664 5064; x_wconf 90' lang='lat' dir='ltr'><strong>quam</strong></span> <span class='ocrx_word' id='word_1_668' title='bbox 1727 5003 1784 5048; x_wconf 88' lang='lat' dir='ltr'><strong>et</strong></span> <span class='ocrx_word' id='word_1_669' title='bbox 1834 4995 2019 5048; x_wconf 88' lang='lat' dir='ltr'><strong>multi-</strong></span> 
     </span>
    </p>
   </div>
   <div class='ocr_carea' id='block_1_98' title="bbox 440 5083 2022 5154">
    <p class='ocr_par' dir='ltr' id='par_1_98' title="bbox 440 5083 2022 5154">
     <span class='ocr_line' id='line_1_98' title="bbox 440 5083 2022 5154; baseline 0.003 -20"><span class='ocrx_word' id='word_1_670' title='bbox 440 5083 663 5152; x_wconf 88' lang='lat' dir='ltr'><strong>plicium</strong></span> <span class='ocrx_word' id='word_1_671' title='bbox 722 5083 1034 5138; x_wconf 88' lang='lat' dir='ltr'><strong>divitiarum</strong></span> <span class='ocrx_word' id='word_1_672' title='bbox 1091 5083 1246 5150; x_wconf 89' lang='lat' dir='ltr'><strong>dicit,</strong></span> <span class='ocrx_word' id='word_1_673' title='bbox 1279 5094 1538 5154; x_wconf 86' lang='lat' dir='ltr'><strong>tanquam</strong></span> <span class='ocrx_word' id='word_1_674' title='bbox 1589 5100 1881 5154; x_wconf 79' lang='lat' dir='ltr'><strong>eam,qua:</strong></span> <span class='ocrx_word' id='word_1_675' title='bbox 1926 5103 2022 5154; x_wconf 89' lang='lat' dir='ltr'><strong>pc-</strong></span> 
     </span>
    </p>
   </div>
   <div class='ocr_carea' id='block_1_99' title="bbox 441 5173 2016 5232">
    <p class='ocr_par' dir='ltr' id='par_1_99' title="bbox 441 5173 2016 5232">
     <span class='ocr_line' id='line_1_99' title="bbox 441 5173 2016 5232; baseline 0.004 -6"><span class='ocrx_word' id='word_1_676' title='bbox 441 5175 678 5226; x_wconf 84' lang='lat' dir='ltr'><strong>culiares</strong></span> <span class='ocrx_word' id='word_1_677' title='bbox 728 5173 850 5228; x_wconf 88' lang='lat' dir='ltr'><strong>illas</strong></span> <span class='ocrx_word' id='word_1_678' title='bbox 914 5189 979 5228; x_wconf 90' lang='lat' dir='ltr'><strong>ac</strong></span> <span class='ocrx_word' id='word_1_679' title='bbox 1019 5175 1410 5230; x_wconf 90' lang='lat' dir='ltr'><strong>substantiales</strong></span> <span class='ocrx_word' id='word_1_680' title='bbox 1460 5177 1679 5231; x_wconf 85' lang='lat' dir='ltr'><strong>divitias</strong></span> <span class='ocrx_word' id='word_1_681' title='bbox 1739 5177 2016 5232; x_wconf 86' lang='lat' dir='ltr'><strong>conciliat.</strong></span> 
     </span>
    </p>
   </div>
   <div class='ocr_carea' id='block_1_100' title="bbox 438 5261 2018 5332">
    <p class='ocr_par' dir='ltr' id='par_1_100' title="bbox 438 5261 2018 5332">
     <span class='ocr_line' id='line_1_100' title="bbox 438 5261 2018 5332; baseline 0.003 -17"><span class='ocrx_word' id='word_1_682' title='bbox 438 5261 593 5326; x_wconf 79' lang='lat' dir='ltr'><strong>Quod</strong></span> <span class='ocrx_word' id='word_1_683' title='bbox 687 5265 830 5314; x_wconf 80' lang='lat' dir='ltr'><strong>enim</strong></span> <span class='ocrx_word' id='word_1_684' title='bbox 927 5263 1308 5332; x_wconf 89' lang='lat' dir='ltr'><strong>multiplicium</strong></span> <span class='ocrx_word' id='word_1_685' title='bbox 1382 5265 1696 5318; x_wconf 82' lang='lat' dir='ltr'><strong>divitiarum</strong></span> <span class='ocrx_word' id='word_1_686' title='bbox 1779 5263 2018 5319; x_wconf 76' lang='lat' dir='ltr'><strong>fructum</strong></span> 
     </span>
    </p>
   </div>
   <div class='ocr_carea' id='block_1_101' title="bbox 439 5352 2019 5424">
    <p class='ocr_par' dir='ltr' id='par_1_101' title="bbox 439 5352 2019 5424">
     <span class='ocr_line' id='line_1_101' title="bbox 439 5352 2019 5424; baseline 0.004 -20"><span class='ocrx_word' id='word_1_687' title='bbox 439 5352 790 5420; x_wconf 82' lang='lat' dir='ltr'><strong>appellasset,</strong></span> <span class='ocrx_word' id='word_1_688' title='bbox 819 5361 971 5406; x_wconf 88' lang='lat' dir='ltr'><strong>utne</strong></span> <span class='ocrx_word' id='word_1_689' title='bbox 1005 5357 1130 5422; x_wconf 90' lang='lat' dir='ltr'><strong>quis</strong></span> <span class='ocrx_word' id='word_1_690' title='bbox 1181 5357 1600 5424; x_wconf 77' lang='lat' dir='ltr'><strong>Corruptibilem</strong></span> <span class='ocrx_word' id='word_1_691' title='bbox 1645 5357 1794 5410; x_wconf 88' lang='lat' dir='ltr'><strong>illum</strong></span> <span class='ocrx_word' id='word_1_692' title='bbox 1827 5359 2019 5412; x_wconf 81' lang='lat' dir='ltr'><strong>existi-</strong></span> 
     </span>
    </p>
   </div>
   <div class='ocr_carea' id='block_1_102' title="bbox 439 5441 2020 5514">
    <p class='ocr_par' dir='ltr' id='par_1_102' title="bbox 439 5441 2020 5514">
     <span class='ocr_line' id='line_1_102' title="bbox 439 5441 2020 5514; baseline 0.004 -18"><span class='ocrx_word' id='word_1_693' title='bbox 439 5443 691 5503; x_wconf 85' lang='lat' dir='ltr'><strong>maverit,</strong></span> <span class='ocrx_word' id='word_1_694' title='bbox 724 5442 846 5507; x_wconf 83' lang='lat' dir='ltr'><strong>eius</strong></span> <span class='ocrx_word' id='word_1_695' title='bbox 888 5441 1103 5498; x_wconf 89' lang='lat' dir='ltr'><strong>abunde</strong></span> <span class='ocrx_word' id='word_1_696' title='bbox 1153 5448 1669 5514; x_wconf 89' lang='lat' dir='ltr'><strong>sempiternitatem,</strong></span> <span class='ocrx_word' id='word_1_697' title='bbox 1731 5457 1784 5502; x_wconf 89' lang='lat' dir='ltr'><strong>et</strong></span> <span class='ocrx_word' id='word_1_698' title='bbox 1833 5457 1892 5502; x_wconf 90' lang='lat' dir='ltr'><strong>ut</strong></span> <span class='ocrx_word' id='word_1_699' title='bbox 1949 5450 2020 5503; x_wconf 88' lang='lat' dir='ltr'><strong>sit</strong></span> 
     </span>
    </p>
   </div>
   <div class='ocr_carea' id='block_1_103' title="bbox 437 5535 2018 5610">
    <p class='ocr_par' dir='ltr' id='par_1_103' title="bbox 437 5535 2018 5610">
     <span class='ocr_line' id='line_1_103' title="bbox 437 5535 2018 5610; baseline 0.003 -21"><span class='ocrx_word' id='word_1_700' title='bbox 437 5535 786 5601; x_wconf 82' lang='lat' dir='ltr'><strong>iinnwrtalis,</strong></span> <span class='ocrx_word' id='word_1_701' title='bbox 820 5537 1078 5590; x_wconf 84' lang='lat' dir='ltr'><strong>ostendit.</strong></span> <span class='ocrx_word' id='word_1_702' title='bbox 1125 5537 1419 5607; x_wconf 77' lang='lat' dir='ltr'><strong>Singulari-</strong></span> <span class='ocrx_word' id='word_1_703' title='bbox 1445 5541 1612 5606; x_wconf 90' lang='lat' dir='ltr'><strong>enim,</strong></span> <span class='ocrx_word' id='word_1_704' title='bbox 1653 5541 1847 5610; x_wconf 86' lang='lat' dir='ltr'><strong>inquit,</strong></span> <span class='ocrx_word' id='word_1_705' title='bbox 1884 5541 2018 5594; x_wconf 82' lang='lat' dir='ltr'><strong>sub-</strong></span> 
     </span>
    </p>
   </div>
   <div class='ocr_carea' id='block_1_104' title="bbox 435 5631 2018 5704">
    <p class='ocr_par' dir='ltr' id='par_1_104' title="bbox 435 5631 2018 5704">
     <span class='ocr_line' id='line_1_104' title="bbox 435 5631 2018 5704; baseline 0.001 -18"><span class='ocrx_word' id='word_1_706' title='bbox 435 5632 658 5694; x_wconf 78' lang='lat' dir='ltr'><strong>Stantia,</strong></span> <span class='ocrx_word' id='word_1_707' title='bbox 701 5631 1200 5701; x_wconf 87' lang='lat' dir='ltr'><strong>multipliciumquc</strong></span> <span class='ocrx_word' id='word_1_708' title='bbox 1248 5634 1562 5687; x_wconf 86' lang='lat' dir='ltr'><strong>divitiarum</strong></span> <span class='ocrx_word' id='word_1_709' title='bbox 1609 5633 1846 5688; x_wconf 74' lang='lat' dir='ltr'><strong>fructum</strong></span> <span class='ocrx_word' id='word_1_710' title='bbox 1881 5651 2018 5704; x_wconf 69' lang='lat' dir='ltr'><strong>prce-</strong></span> 
     </span>
    </p>
   </div>
   <div class='ocr_carea' id='block_1_105' title="bbox 434 5722 2012 5796">
    <p class='ocr_par' dir='ltr' id='par_1_105' title="bbox 434 5722 2012 5796">
     <span class='ocr_line' id='line_1_105' title="bbox 434 5722 2012 5796; baseline 0.004 -20"><span class='ocrx_word' id='word_1_711' title='bbox 434 5722 555 5778; x_wconf 83' lang='lat' dir='ltr'><strong>buit</strong></span> <span class='ocrx_word' id='word_1_712' title='bbox 586 5733 874 5779; x_wconf 76' lang='lat' dir='ltr'><strong>:eternum.</strong></span> <span class='ocrx_word' id='word_1_713' title='bbox 904 5723 1074 5789; x_wconf 87' lang='lat' dir='ltr'><strong>Quem</strong></span> <span class='ocrx_word' id='word_1_714' title='bbox 1101 5724 1248 5778; x_wconf 89' lang='lat' dir='ltr'><strong>enim</strong></span> <span class='ocrx_word' id='word_1_715' title='bbox 1278 5727 1657 5796; x_wconf 89' lang='lat' dir='ltr'><strong>multiplicium</strong></span> <span class='ocrx_word' id='word_1_716' title='bbox 1695 5729 2012 5782; x_wconf 87' lang='lat' dir='ltr'><strong>divitiarum</strong></span> 
     </span>
    </p>
   </div>
   <div class='ocr_carea' id='block_1_106' title="bbox 431 5814 2013 5886">
    <p class='ocr_par' dir='ltr' id='par_1_106' title="bbox 431 5814 2013 5886">
     <span class='ocr_line' id='line_1_106' title="bbox 431 5814 2013 5886; baseline 0.008 -26"><span class='ocrx_word' id='word_1_717' title='bbox 431 5819 729 5863; x_wconf 84' lang='lat' dir='ltr'><strong>consecuta</strong></span> <span class='ocrx_word' id='word_1_718' title='bbox 783 5819 888 5876; x_wconf 86' lang='lat' dir='ltr'><strong>est,</strong></span> <span class='ocrx_word' id='word_1_719' title='bbox 918 5821 1240 5880; x_wconf 88' lang='lat' dir='ltr'><strong>perpetuum</strong></span> <span class='ocrx_word' id='word_1_720' title='bbox 1289 5814 1465 5878; x_wconf 91' lang='lat' dir='ltr'><strong>illum,</strong></span> <span class='ocrx_word' id='word_1_721' title='bbox 1508 5831 1671 5885; x_wconf 90' lang='lat' dir='ltr'><strong>supra</strong></span> <span class='ocrx_word' id='word_1_722' title='bbox 1711 5818 2013 5886; x_wconf 83' lang='lat' dir='ltr'><strong>cogitatum</strong></span> 
     </span>
    </p>
   </div>
   <div class='ocr_carea' id='block_1_107' title="bbox 435 5903 2015 5979">
    <p class='ocr_par' dir='ltr' id='par_1_107' title="bbox 435 5903 2015 5979">
     <span class='ocr_line' id='line_1_107' title="bbox 435 5903 2015 5979; baseline 0.008 -27"><span class='ocrx_word' id='word_1_723' title='bbox 435 5915 651 5955; x_wconf 87' lang='lat' dir='ltr'><strong>omnem</strong></span> <span class='ocrx_word' id='word_1_724' title='bbox 701 5917 766 5958; x_wconf 84' lang='lat' dir='ltr'><strong>ac</strong></span> <span class='ocrx_word' id='word_1_725' title='bbox 810 5903 1295 5971; x_wconf 80' lang='lat' dir='ltr'><strong>exspectationem,</strong></span> <span class='ocrx_word' id='word_1_726' title='bbox 1327 5904 1724 5962; x_wconf 80' lang='lat' dir='ltr'><strong>inaufcribilem</strong></span> <span class='ocrx_word' id='word_1_727' title='bbox 1775 5913 2015 5979; x_wconf 81' lang='lat' dir='ltr'><strong>suscepit</strong></span> 
     </span>
    </p>
   </div>
   <div class='ocr_carea' id='block_1_108' title="bbox 2124 4720 3712 4795">
    <p class='ocr_par' dir='ltr' id='par_1_108' title="bbox 2124 4720 3712 4795">
     <span class='ocr_line' id='line_1_108' title="bbox 2124 4720 3712 4795; baseline 0.001 -21"><span class='ocrx_word' id='word_1_728' title='bbox 2124 4721 2202 4785; x_wconf 81' lang='grc' dir='ltr'>δὲ,</span> <span class='ocrx_word' id='word_1_729' title='bbox 2255 4720 2288 4790; x_wconf 84' lang='grc' dir='ltr'>ἢ</span> <span class='ocrx_word' id='word_1_730' title='bbox 2335 4720 2435 4790; x_wconf 76' lang='grc' dir='ltr'>τὴν</span> <span class='ocrx_word' id='word_1_731' title='bbox 2485 4722 2752 4792; x_wconf 81' lang='grc' dir='ltr'>μονογενῆ</span> <span class='ocrx_word' id='word_1_732' title='bbox 2807 4740 2994 4793; x_wconf 85' lang='grc' dir='ltr'>φησιν,</span> <span class='ocrx_word' id='word_1_733' title='bbox 3044 4724 3076 4792; x_wconf 74' lang='grc' dir='ltr'><strong>η</strong></span> <span class='ocrx_word' id='word_1_734' title='bbox 3126 4723 3226 4794; x_wconf 82' lang='grc' dir='ltr'>τὴν</span> <span class='ocrx_word' id='word_1_735' title='bbox 3283 4723 3454 4795; x_wconf 87' lang='grc' dir='ltr'>μόνην</span> <span class='ocrx_word' id='word_1_736' title='bbox 3480 4725 3574 4778; x_wconf 72' lang='grc' dir='ltr'><strong>ἐπὶ</strong></span> <span class='ocrx_word' id='word_1_737' title='bbox 3610 4724 3712 4795; x_wconf 77' lang='grc' dir='ltr'>τὴν</span> 
     </span>
    </p>
   </div>
   <div class='ocr_carea' id='block_1_109' title="bbox 2123 4812 3710 4886">
    <p class='ocr_par' dir='ltr' id='par_1_109' title="bbox 2123 4812 3710 4886">
     <span class='ocr_line' id='line_1_109' title="bbox 2123 4812 3710 4886; baseline 0.004 -24"><span class='ocrx_word' id='word_1_738' title='bbox 2123 4812 2384 4881; x_wconf 83' lang='grc' dir='ltr'>τοιαύτην</span> <span class='ocrx_word' id='word_1_739' title='bbox 2419 4813 2823 4883; x_wconf 85' lang='grc' dir='ltr'>ἐκλελεγμένην</span> <span class='ocrx_word' id='word_1_740' title='bbox 2846 4813 3202 4884; x_wconf 81' lang='grc' dir='ltr'>δικαιοσύνην</span> <span class='ocrx_word' id='word_1_741' title='bbox 3242 4831 3258 4847; x_wconf 75' lang='grc' dir='ltr'><strong>ο</strong></span> <span class='ocrx_word' id='word_1_742' title='bbox 3312 4817 3378 4886; x_wconf 78' lang='grc' dir='ltr'>ἢν</span> <span class='ocrx_word' id='word_1_743' title='bbox 3412 4818 3505 4869; x_wconf 73' lang='grc' dir='ltr'>καὶ</span> <span class='ocrx_word' id='word_1_744' title='bbox 3539 4816 3710 4869; x_wconf 82' lang='grc' dir='ltr'>πολυ-</span> 
     </span>
    </p>
   </div>
   <div class='ocr_carea' id='block_1_110' title="bbox 2125 4903 3713 4978">
    <p class='ocr_par' dir='ltr' id='par_1_110' title="bbox 2125 4903 3713 4978">
     <span class='ocr_line' id='line_1_110' title="bbox 2125 4903 3713 4978; baseline 0.003 -22"><span class='ocrx_word' id='word_1_745' title='bbox 2125 4903 2379 4957; x_wconf 87' lang='grc' dir='ltr'>πλούσιον</span> <span class='ocrx_word' id='word_1_746' title='bbox 2415 4905 2582 4972; x_wconf 82' lang='grc' dir='ltr'>λέγει,</span> <span class='ocrx_word' id='word_1_747' title='bbox 2615 4906 2689 4967; x_wconf 84' lang='grc' dir='ltr'>ὡς</span> <span class='ocrx_word' id='word_1_748' title='bbox 2717 4907 2811 4958; x_wconf 83' lang='grc' dir='ltr'><strong>τοῦ</strong></span> <span class='ocrx_word' id='word_1_749' title='bbox 2862 4908 3175 4978; x_wconf 85' lang='grc' dir='ltr'>περιουσίου</span> <span class='ocrx_word' id='word_1_750' title='bbox 3219 4907 3482 4978; x_wconf 76' lang='grc' dir='ltr'>πρόξενον</span> <span class='ocrx_word' id='word_1_751' title='bbox 3545 4909 3713 4961; x_wconf 84' lang='grc' dir='ltr'>πλού-</span> 
     </span>
    </p>
   </div>
   <div class='ocr_carea' id='block_1_111' title="bbox 2121 4993 3711 5068">
    <p class='ocr_par' dir='ltr' id='par_1_111' title="bbox 2121 4993 3711 5068">
     <span class='ocr_line' id='line_1_111' title="bbox 2121 4993 3711 5068; baseline 0.004 -24"><span class='ocrx_word' id='word_1_752' title='bbox 2121 5010 2238 5049; x_wconf 85' lang='grc' dir='ltr'>του.</span> <span class='ocrx_word' id='word_1_753' title='bbox 2290 4993 2510 5064; x_wconf 80' lang='grc' dir='ltr'>Ἐπειδὴ</span> <span class='ocrx_word' id='word_1_754' title='bbox 2546 4995 2655 5062; x_wconf 79' lang='grc' dir='ltr'>γὰρ</span> <span class='ocrx_word' id='word_1_755' title='bbox 2690 4995 3092 5050; x_wconf 84' lang='grc' dir='ltr'>πολυπλούσιον</span> <span class='ocrx_word' id='word_1_756' title='bbox 3133 4997 3241 5066; x_wconf 83' lang='grc' dir='ltr'><strong>ἔφη</strong></span> <span class='ocrx_word' id='word_1_757' title='bbox 3275 4998 3514 5068; x_wconf 82' lang='grc' dir='ltr'>καρπὸν,</span> <span class='ocrx_word' id='word_1_758' title='bbox 3557 4999 3711 5063; x_wconf 86' lang='grc' dir='ltr'>ὅπως</span> 
     </span>
    </p>
   </div>
   <div class='ocr_carea' id='block_1_112' title="bbox 2121 5082 3709 5156">
    <p class='ocr_par' dir='ltr' id='par_1_112' title="bbox 2121 5082 3709 5156">
     <span class='ocr_line' id='line_1_112' title="bbox 2121 5082 3709 5156; baseline 0.006 -23"><span class='ocrx_word' id='word_1_759' title='bbox 2121 5082 2187 5134; x_wconf 83' lang='grc' dir='ltr'>ἂν</span> <span class='ocrx_word' id='word_1_760' title='bbox 2223 5083 2297 5151; x_wconf 84' lang='grc' dir='ltr'>μὴ</span> <span class='ocrx_word' id='word_1_761' title='bbox 2328 5085 2598 5152; x_wconf 72' lang='grc' dir='ltr'>ἐπίκηρον</span> <span class='ocrx_word' id='word_1_762' title='bbox 2627 5101 2712 5146; x_wconf 89' lang='grc' dir='ltr'><strong>τις</strong></span> <span class='ocrx_word' id='word_1_763' title='bbox 2731 5085 2941 5156; x_wconf 82' lang='grc' dir='ltr'>οἰηθείη</span> <span class='ocrx_word' id='word_1_764' title='bbox 2975 5088 3067 5139; x_wconf 74' lang='grc' dir='ltr'><strong>τὸν</strong></span> <span class='ocrx_word' id='word_1_765' title='bbox 3097 5089 3339 5141; x_wconf 82' lang='grc' dir='ltr'>τοιοῦτον</span> <span class='ocrx_word' id='word_1_766' title='bbox 3359 5130 3374 5155; x_wconf 89' lang='grc'><strong>,</strong></span> <span class='ocrx_word' id='word_1_767' title='bbox 3413 5089 3475 5143; x_wconf 86' lang='grc' dir='ltr'><strong>τὸ</strong></span> <span class='ocrx_word' id='word_1_768' title='bbox 3518 5089 3709 5143; x_wconf 84' lang='grc' dir='ltr'>διαιω-</span> 
     </span>
    </p>
   </div>
   <div class='ocr_carea' id='block_1_113' title="bbox 2121 5173 3712 5248">
    <p class='ocr_par' dir='ltr' id='par_1_113' title="bbox 2121 5173 3712 5248">
     <span class='ocr_line' id='line_1_113' title="bbox 2121 5173 3712 5248; baseline 0.005 -22"><span class='ocrx_word' id='word_1_769' title='bbox 2121 5173 2288 5237; x_wconf 81' lang='grc' dir='ltr'>νίζον,</span> <span class='ocrx_word' id='word_1_770' title='bbox 2321 5176 2416 5226; x_wconf 77' lang='grc' dir='ltr'><strong>καὶ</strong></span> <span class='ocrx_word' id='word_1_771' title='bbox 2445 5175 2804 5245; x_wconf 85' lang='grc' dir='ltr'>ἀτελεύτητον</span> <span class='ocrx_word' id='word_1_772' title='bbox 2843 5177 3010 5231; x_wconf 84' lang='grc' dir='ltr'>αὐτοῦ</span> <span class='ocrx_word' id='word_1_773' title='bbox 3041 5180 3488 5248; x_wconf 87' lang='grc' dir='ltr'>ἐπισημαίνεται.</span> <span class='ocrx_word' id='word_1_774' title='bbox 3532 5181 3712 5234; x_wconf 84' lang='grc' dir='ltr'>Ἀδιά-</span> 
     </span>
    </p>
   </div>
   <div class='ocr_carea' id='block_1_114' title="bbox 2120 5263 3702 5342">
    <p class='ocr_par' dir='ltr' id='par_1_114' title="bbox 2120 5263 3702 5342">
     <span class='ocr_line' id='line_1_114' title="bbox 2120 5263 3702 5342; baseline 0.007 -26"><span class='ocrx_word' id='word_1_775' title='bbox 2120 5263 2273 5332; x_wconf 87' lang='grc' dir='ltr'>δοχον</span> <span class='ocrx_word' id='word_1_776' title='bbox 2303 5267 2411 5334; x_wconf 77' lang='grc' dir='ltr'><strong>γάρ</strong></span> <span class='ocrx_word' id='word_1_777' title='bbox 2437 5265 2650 5331; x_wconf 86' lang='grc' dir='ltr'>τοῦτον,</span> <span class='ocrx_word' id='word_1_778' title='bbox 2684 5266 2742 5320; x_wconf 79' lang='grc' dir='ltr'>ὃν</span> <span class='ocrx_word' id='word_1_779' title='bbox 2782 5271 3095 5339; x_wconf 84' lang='grc' dir='ltr'>περιούσιον</span> <span class='ocrx_word' id='word_1_780' title='bbox 3125 5272 3256 5324; x_wconf 74' lang='grc' dir='ltr'>ὄντα</span> <span class='ocrx_word' id='word_1_781' title='bbox 3320 5273 3702 5342; x_wconf 87' lang='grc' dir='ltr'>κεκλήρωται,</span> 
     </span>
    </p>
   </div>
   <div class='ocr_carea' id='block_1_115' title="bbox 2125 5357 3713 5438">
    <p class='ocr_par' dir='ltr' id='par_1_115' title="bbox 2125 5357 3713 5438">
     <span class='ocr_line' id='line_1_115' title="bbox 2125 5357 3713 5438; baseline 0.011 -31"><span class='ocrx_word' id='word_1_782' title='bbox 2125 5357 2265 5426; x_wconf 83' lang='grc' dir='ltr'>ὑπὲρ</span> <span class='ocrx_word' id='word_1_783' title='bbox 2296 5358 2504 5410; x_wconf 78' lang='grc' dir='ltr'>ἔννοιαν</span> <span class='ocrx_word' id='word_1_784' title='bbox 2538 5360 2632 5410; x_wconf 74' lang='grc' dir='ltr'><strong>καὶ</strong></span> <span class='ocrx_word' id='word_1_785' title='bbox 2663 5363 2988 5430; x_wconf 83' lang='grc' dir='ltr'>προσδοκίαν</span> <span class='ocrx_word' id='word_1_786' title='bbox 3013 5364 3101 5416; x_wconf 84' lang='grc' dir='ltr'><strong>τὸν</strong></span> <span class='ocrx_word' id='word_1_787' title='bbox 3124 5367 3490 5438; x_wconf 53' lang='grc' dir='ltr'>ἀναφαίρετον</span> <span class='ocrx_word' id='word_1_788' title='bbox 3517 5371 3713 5424; x_wconf 84' lang='grc' dir='ltr'>ὑπεδέ-</span> 
     </span>
    </p>
   </div>
   <div class='ocr_carea' id='block_1_116' title="bbox 2122 5448 3709 5532">
    <p class='ocr_par' dir='ltr' id='par_1_116' title="bbox 2122 5448 3709 5532">
     <span class='ocr_line' id='line_1_116' title="bbox 2122 5448 3709 5532; baseline 0.013 -34"><span class='ocrx_word' id='word_1_789' title='bbox 2122 5448 2249 5513; x_wconf 81' lang='grc' dir='ltr'>ξατο</span> <span class='ocrx_word' id='word_1_790' title='bbox 2274 5449 2571 5522; x_wconf 86' lang='grc' dir='ltr'>θησαυρόν.</span> <span class='ocrx_word' id='word_1_791' title='bbox 2612 5452 2790 5524; x_wconf 79' lang='grc' dir='ltr'>Ὑπὲρ</span> <span class='ocrx_word' id='word_1_792' title='bbox 2825 5454 3043 5509; x_wconf 75' lang='grc' dir='ltr'>ἃπασαν</span> <span class='ocrx_word' id='word_1_793' title='bbox 3089 5458 3339 5530; x_wconf 79' lang='grc' dir='ltr'>ἐκδοχὴν,</span> <span class='ocrx_word' id='word_1_794' title='bbox 3374 5463 3405 5531; x_wconf 81' lang='grc' dir='ltr'>ἡ</span> <span class='ocrx_word' id='word_1_795' title='bbox 3434 5464 3540 5515; x_wconf 90' lang='grc' dir='ltr'><strong>τῶν</strong></span> <span class='ocrx_word' id='word_1_796' title='bbox 3570 5466 3709 5532; x_wconf 83' lang='grc' dir='ltr'>ἀγα-</span> 
     </span>
    </p>
   </div>
   <div class='ocr_carea' id='block_1_117' title="bbox 2121 5539 3708 5624">
    <p class='ocr_par' dir='ltr' id='par_1_117' title="bbox 2121 5539 3708 5624">
     <span class='ocr_line' id='line_1_117' title="bbox 2121 5539 3708 5624; baseline 0.004 -31"><span class='ocrx_word' id='word_1_797' title='bbox 2121 5539 2230 5594; x_wconf 86' lang='grc' dir='ltr'>Θῶν</span> <span class='ocrx_word' id='word_1_798' title='bbox 2255 5543 2390 5612; x_wconf 80' lang='grc' dir='ltr'>αὐτῇ</span> <span class='ocrx_word' id='word_1_799' title='bbox 2434 5545 2526 5595; x_wconf 77' lang='grc' dir='ltr'><strong>καὶ</strong></span> <span class='ocrx_word' id='word_1_800' title='bbox 2561 5545 2975 5616; x_wconf 80' lang='grc' dir='ltr'>ἀνεξαντλήτων</span> <span class='ocrx_word' id='word_1_801' title='bbox 2999 5550 3262 5604; x_wconf 75' lang='grc' dir='ltr'>ἀνέϐλυσε</span> <span class='ocrx_word' id='word_1_802' title='bbox 3294 5557 3467 5624; x_wconf 79' lang='grc' dir='ltr'>πηγή.</span> <span class='ocrx_word' id='word_1_803' title='bbox 3515 5561 3708 5611; x_wconf 69' lang='lat' dir='ltr'><strong>Mora.</strong></span> 
     </span>
    </p>
   </div>
   <div class='ocr_carea' id='block_1_118' title="bbox 2119 5634 3705 5717">
    <p class='ocr_par' dir='ltr' id='par_1_118' title="bbox 2119 5634 3705 5717">
     <span class='ocr_line' id='line_1_118' title="bbox 2119 5634 3705 5717; baseline 0.011 -31"><span class='ocrx_word' id='word_1_804' title='bbox 2119 5634 2334 5686; x_wconf 77' lang='grc' dir='ltr'>ούσιον</span> <span class='ocrx_word' id='word_1_805' title='bbox 2364 5636 2492 5704; x_wconf 79' lang='grc' dir='ltr'>γὰρ,</span> <span class='ocrx_word' id='word_1_806' title='bbox 2525 5638 2681 5703; x_wconf 74' lang='grc' dir='ltr'>φησὶ,</span> <span class='ocrx_word' id='word_1_807' title='bbox 2723 5639 2826 5691; x_wconf 73' lang='grc' dir='ltr'><strong>καί</strong></span> <span class='ocrx_word' id='word_1_808' title='bbox 2872 5643 3339 5698; x_wconf 78' lang='grc' dir='ltr'>πολυπλούσιον</span> <span class='ocrx_word' id='word_1_809' title='bbox 3399 5651 3705 5717; x_wconf 77' lang='grc' dir='ltr'>παρέσχεν</span> 
     </span>
    </p>
   </div>
   <div class='ocr_carea' id='block_1_119' title="bbox 2118 5726 3704 5808">
    <p class='ocr_par' dir='ltr' id='par_1_119' title="bbox 2118 5726 3704 5808">
     <span class='ocr_line' id='line_1_119' title="bbox 2118 5726 3704 5808; baseline 0.011 -29"><span class='ocrx_word' id='word_1_810' title='bbox 2118 5726 2378 5780; x_wconf 69' lang='grc' dir='ltr'>αἰώνιον.</span> <span class='ocrx_word' id='word_1_811' title='bbox 2437 5729 2611 5791; x_wconf 78' lang='grc' dir='ltr'>Μόνος</span> <span class='ocrx_word' id='word_1_812' title='bbox 2669 5731 2779 5800; x_wconf 77' lang='grc' dir='ltr'>γὰρ</span> <span class='ocrx_word' id='word_1_813' title='bbox 2831 5729 2988 5796; x_wconf 76' lang='grc' dir='ltr'>οὗτος</span> <span class='ocrx_word' id='word_1_814' title='bbox 3054 5737 3349 5803; x_wconf 78' lang='grc' dir='ltr'>πολύολδος</span> <span class='ocrx_word' id='word_1_815' title='bbox 3383 5743 3441 5794; x_wconf 80' lang='grc' dir='ltr'>ὲν</span> <span class='ocrx_word' id='word_1_816' title='bbox 3499 5743 3704 5808; x_wconf 87' lang='grc' dir='ltr'>πάσαις</span> 
     </span>
    </p>
   </div>
   <div class='ocr_carea' id='block_1_120' title="bbox 2118 5820 3698 5903">
    <p class='ocr_par' dir='ltr' id='par_1_120' title="bbox 2118 5820 3698 5903">
     <span class='ocr_line' id='line_1_120' title="bbox 2118 5820 3698 5903; baseline 0.011 -32"><span class='ocrx_word' id='word_1_817' title='bbox 2118 5822 2330 5887; x_wconf 84' lang='grc' dir='ltr'>γενεαῖς</span> <span class='ocrx_word' id='word_1_818' title='bbox 2363 5820 2392 5871; x_wconf 76' lang='grc' dir='ltr'>ὁ</span> <span class='ocrx_word' id='word_1_819' title='bbox 2430 5821 2670 5888; x_wconf 86' lang='grc' dir='ltr'>καρπός·</span> <span class='ocrx_word' id='word_1_820' title='bbox 2709 5825 2868 5890; x_wconf 83' lang='grc' dir='ltr'>μόνος</span> <span class='ocrx_word' id='word_1_821' title='bbox 2908 5827 3006 5897; x_wconf 83' lang='grc' dir='ltr'><strong>τῆς</strong></span> <span class='ocrx_word' id='word_1_822' title='bbox 3038 5829 3349 5899; x_wconf 80' lang='grc' dir='ltr'>ἀφθαρσίας</span> <span class='ocrx_word' id='word_1_823' title='bbox 3397 5833 3653 5903; x_wconf 79' lang='grc' dir='ltr'>πρόξενος</span> <span class='ocrx_word' id='word_1_824' title='bbox 3681 5850 3698 5866; x_wconf 89' lang='grc'>·</span> 
     </span>
    </p>
   </div>
   <div class='ocr_carea' id='block_1_121' title="bbox 2122 5907 3700 5995">
    <p class='ocr_par' dir='ltr' id='par_1_121' title="bbox 2122 5907 3700 5995">
     <span class='ocr_line' id='line_1_121' title="bbox 2122 5907 3700 5995; baseline 0.009 -32"><span class='ocrx_word' id='word_1_825' title='bbox 2122 5913 2282 5980; x_wconf 87' lang='grc' dir='ltr'>μόνος</span> <span class='ocrx_word' id='word_1_826' title='bbox 2321 5912 2385 5963; x_wconf 85' lang='grc' dir='ltr'><strong>ἐκ</strong></span> <span class='ocrx_word' id='word_1_827' title='bbox 2428 5907 2594 5982; x_wconf 72' lang='grc' dir='ltr'>μόνης</span> <span class='ocrx_word' id='word_1_828' title='bbox 2620 5915 2976 5986; x_wconf 78' lang='grc' dir='ltr'>ἀγεωργήτυυ</span> <span class='ocrx_word' id='word_1_829' title='bbox 3011 5919 3196 5990; x_wconf 81' lang='grc' dir='ltr'>χώρας</span> <span class='ocrx_word' id='word_1_830' title='bbox 3250 5923 3347 5994; x_wconf 73' lang='grc' dir='ltr'><strong>τὴν</strong></span> <span class='ocrx_word' id='word_1_831' title='bbox 3389 5925 3700 5995; x_wconf 68' lang='grc' dir='ltr'>ἀφθαρσίαν</span> 
     </span>
    </p>
   </div>
  </div>
