  <div class='ocr_page' id='page_1' title='image "/cluster/home/n/w/nwhite01/storage/ocr_20150623/127/coo.31924054870328/304.png"; bbox 0 0 4104 6414; ppageno 0'>
   <div class='ocr_carea' id='block_1_1' title="bbox 433 458 540 522">
    <p class='ocr_par' dir='ltr' id='par_1_1' title="bbox 433 458 540 522">
     <span class='ocr_line' id='line_1_1' title="bbox 433 458 540 522; baseline -0.028 0"><span class='ocrx_word' id='word_1_1' title='bbox 433 458 540 522; x_wconf 78' lang='lat'><strong>593</strong></span> 
     </span>
    </p>
   </div>
   <div class='ocr_carea' id='block_1_2' title="bbox 1311 451 2851 522">
    <p class='ocr_par' dir='ltr' id='par_1_2' title="bbox 1311 451 2851 522">
     <span class='ocr_line' id='line_1_2' title="bbox 1311 451 2851 522; baseline -0.004 -2"><span class='ocrx_word' id='word_1_2' title='bbox 1311 458 1598 522; x_wconf 79' lang='lat' dir='ltr'><strong>ORATIO</strong></span> <span class='ocrx_word' id='word_1_3' title='bbox 1634 460 1714 520; x_wconf 90' lang='lat' dir='ltr'><strong>IN</strong></span> <span class='ocrx_word' id='word_1_4' title='bbox 1753 451 2283 522; x_wconf 75' lang='lat' dir='ltr'><strong>NATIVITATEM</strong></span> <span class='ocrx_word' id='word_1_5' title='bbox 2322 459 2424 519; x_wconf 92' lang='lat' dir='ltr'><strong>SS.</strong></span> <span class='ocrx_word' id='word_1_6' title='bbox 2469 459 2851 522; x_wconf 68' lang='lat' dir='ltr'><strong>DEIPAB/E.</strong></span> 
     </span>
    </p>
   </div>
   <div class='ocr_carea' id='block_1_3' title="bbox 3589 466 3694 519">
    <p class='ocr_par' dir='ltr' id='par_1_3' title="bbox 3589 466 3694 519">
     <span class='ocr_line' id='line_1_3' title="bbox 3589 466 3694 519; baseline -0.019 0"><span class='ocrx_word' id='word_1_7' title='bbox 3589 466 3694 519; x_wconf 59' lang='grc' dir='ltr'><strong>ἒ)ϋὶ</strong></span> 
     </span>
    </p>
   </div>
   <div class='ocr_carea' id='block_1_4' title="bbox 432 568 2051 647">
    <p class='ocr_par' dir='ltr' id='par_1_4' title="bbox 432 569 2023 644">
     <span class='ocr_line' id='line_1_4' title="bbox 432 569 2023 644; baseline 0.001 -21"><span class='ocrx_word' id='word_1_8' title='bbox 432 569 854 642; x_wconf 59' lang='grc' dir='ltr'><strong>ἐωρποςὸρησε</strong></span> <span class='ocrx_word' id='word_1_9' title='bbox 887 589 902 602; x_wconf 70' lang='grc' dir='ltr'><strong>ι</strong></span> <span class='ocrx_word' id='word_1_10' title='bbox 944 571 1103 642; x_wconf 82' lang='grc' dir='ltr'><strong>μόνος</strong></span> <span class='ocrx_word' id='word_1_11' title='bbox 1135 573 1262 636; x_wconf 79' lang='grc' dir='ltr'><strong>τοὺς</strong></span> <span class='ocrx_word' id='word_1_12' title='bbox 1321 575 1422 644; x_wconf 81' lang='grc' dir='ltr'><strong>τῆς</strong></span> <span class='ocrx_word' id='word_1_13' title='bbox 1467 573 1721 641; x_wconf 76' lang='grc' dir='ltr'><strong>εὐλογίας</strong></span> <span class='ocrx_word' id='word_1_14' title='bbox 1787 571 2023 644; x_wconf 55' lang='lat' dir='ltr'><strong>summa:</strong></span> 
     </span>
    </p>
   </div>
   <div class='ocr_carea' id='block_1_5' title="bbox 2135 568 3710 647">
    <p class='ocr_par' dir='ltr' id='par_1_5' title="bbox 2135 568 3710 642">
     <span class='ocr_line' id='line_1_5' title="bbox 2135 568 3710 642; baseline -0.003 -15"><span class='ocrx_word' id='word_1_15' title='bbox 2135 574 2470 629; x_wconf 91' lang='lat' dir='ltr'><strong>thesaurum.</strong></span> <span class='ocrx_word' id='word_1_16' title='bbox 2503 572 2678 642; x_wconf 91' lang='lat' dir='ltr'><strong>Supra</strong></span> <span class='ocrx_word' id='word_1_17' title='bbox 2730 588 2882 642; x_wconf 87' lang='lat' dir='ltr'><strong>spem</strong></span> <span class='ocrx_word' id='word_1_18' title='bbox 2932 585 3171 634; x_wconf 88' lang='lat' dir='ltr'><strong>onmem,</strong></span> <span class='ocrx_word' id='word_1_19' title='bbox 3208 569 3328 625; x_wconf 80' lang='lat' dir='ltr'><strong>fons</strong></span> <span class='ocrx_word' id='word_1_20' title='bbox 3356 570 3406 624; x_wconf 89' lang='lat' dir='ltr'><strong>ei</strong></span> <span class='ocrx_word' id='word_1_21' title='bbox 3439 568 3710 624; x_wconf 69' lang='lat' dir='ltr'><strong>inexhau&#39;</strong></span> 
     </span>
    </p>
   </div>
   <div class='ocr_carea' id='block_1_6' title="bbox 431 659 2022 735">
    <p class='ocr_par' dir='ltr' id='par_1_6' title="bbox 431 659 2022 735">
     <span class='ocr_line' id='line_1_6' title="bbox 431 659 2022 735; baseline 0.004 -25"><span class='ocrx_word' id='word_1_22' title='bbox 431 659 781 726; x_wconf 79' lang='grc' dir='ltr'><strong>θησαυρούςο</strong></span> <span class='ocrx_word' id='word_1_23' title='bbox 817 661 982 731; x_wconf 83' lang='grc' dir='ltr'>μόνος</span> <span class='ocrx_word' id='word_1_24' title='bbox 1021 662 1090 715; x_wconf 82' lang='grc' dir='ltr'><strong>τὰ</strong></span> <span class='ocrx_word' id='word_1_25' title='bbox 1147 662 1250 733; x_wconf 83' lang='grc' dir='ltr'><strong>τῆς</strong></span> <span class='ocrx_word' id='word_1_26' title='bbox 1295 665 1472 735; x_wconf 82' lang='grc' dir='ltr'><strong>χαρᾶς</strong></span> <span class='ocrx_word' id='word_1_27' title='bbox 1519 663 1879 733; x_wconf 79' lang='grc' dir='ltr'><strong>διανεκάλυψε</strong></span> <span class='ocrx_word' id='word_1_28' title='bbox 1923 681 2022 716; x_wconf 87' lang='grc' dir='ltr'><strong>τα-</strong></span> 
     </span>
    </p>
   </div>
   <div class='ocr_carea' id='block_1_7' title="bbox 360 751 2025 826">
    <p class='ocr_par' dir='ltr' id='par_1_7' title="bbox 360 751 2025 826">
     <span class='ocr_line' id='line_1_7' title="bbox 360 751 2025 826; baseline 0.003 -25"><span class='ocrx_word' id='word_1_29' title='bbox 360 777 369 789; x_wconf 88' lang='grc'><strong>·</strong></span> <span class='ocrx_word' id='word_1_30' title='bbox 434 753 586 818; x_wconf 87' lang='grc' dir='ltr'><strong>μιεῖα</strong></span> <span class='ocrx_word' id='word_1_31' title='bbox 612 767 625 781; x_wconf 87' lang='grc'><strong>·</strong></span> <span class='ocrx_word' id='word_1_32' title='bbox 663 751 829 819; x_wconf 78' lang='grc' dir='ltr'><strong>μόνος</strong></span> <span class='ocrx_word' id='word_1_33' title='bbox 862 754 965 824; x_wconf 79' lang='grc' dir='ltr'><strong>τὴν</strong></span> <span class='ocrx_word' id='word_1_34' title='bbox 999 753 1331 826; x_wconf 78' lang='grc' dir='ltr'><strong>ἀείμνηστον</strong></span> <span class='ocrx_word' id='word_1_35' title='bbox 1359 757 1472 818; x_wconf 79' lang='grc' dir='ltr'><strong>τοῖς</strong></span> <span class='ocrx_word' id='word_1_36' title='bbox 1507 757 1798 826; x_wconf 74' lang='grc' dir='ltr'><strong>ἑνέγκασιν</strong></span> <span class='ocrx_word' id='word_1_37' title='bbox 1839 756 2025 808; x_wconf 69' lang='lat' dir='ltr'><strong>elaus-</strong></span> 
     </span>
    </p>
   </div>
   <div class='ocr_carea' id='block_1_8' title="bbox 429 842 2023 919">
    <p class='ocr_par' dir='ltr' id='par_1_8' title="bbox 429 842 2023 919">
     <span class='ocr_line' id='line_1_8' title="bbox 429 842 2023 919; baseline 0.003 -25"><span class='ocrx_word' id='word_1_38' title='bbox 429 842 632 911; x_wconf 84' lang='grc' dir='ltr'><strong>κόμικε</strong></span> <span class='ocrx_word' id='word_1_39' title='bbox 656 843 816 908; x_wconf 77' lang='grc' dir='ltr'><strong>δόξαν</strong></span> <span class='ocrx_word' id='word_1_40' title='bbox 843 860 860 876; x_wconf 79' lang='grc' dir='ltr'><strong>ο</strong></span> <span class='ocrx_word' id='word_1_41' title='bbox 890 845 1050 916; x_wconf 80' lang='grc' dir='ltr'><strong>μόνος</strong></span> <span class='ocrx_word' id='word_1_42' title='bbox 1069 845 1168 917; x_wconf 76' lang='grc' dir='ltr'><strong>τὴν</strong></span> <span class='ocrx_word' id='word_1_43' title='bbox 1193 845 1413 902; x_wconf 76' lang='grc' dir='ltr'><strong>αἰώνιον</strong></span> <span class='ocrx_word' id='word_1_44' title='bbox 1438 847 1519 919; x_wconf 84' lang='grc' dir='ltr'><strong>τῷ</strong></span> <span class='ocrx_word' id='word_1_45' title='bbox 1537 848 1686 916; x_wconf 79' lang='grc' dir='ltr'><strong>γένει</strong></span> <span class='ocrx_word' id='word_1_46' title='bbox 1713 845 2023 918; x_wconf 84' lang='grc' dir='ltr'><strong>προανεκή-</strong></span> 
     </span>
    </p>
   </div>
   <div class='ocr_carea' id='block_1_9' title="bbox 433 932 903 1002">
    <p class='ocr_par' dir='ltr' id='par_1_9' title="bbox 433 932 903 1002">
     <span class='ocr_line' id='line_1_9' title="bbox 433 932 903 1002; baseline 0.013 -18"><span class='ocrx_word' id='word_1_47' title='bbox 433 933 567 1001; x_wconf 86' lang='grc' dir='ltr'><strong>ρυξε</strong></span> <span class='ocrx_word' id='word_1_48' title='bbox 596 932 903 1002; x_wconf 81' lang='grc' dir='ltr'><strong>βασιλείαν.</strong></span> 
     </span>
    </p>
   </div>
   <div class='ocr_carea' id='block_1_10' title="bbox 2129 658 3712 731">
    <p class='ocr_par' dir='ltr' id='par_1_10' title="bbox 2129 658 3712 731">
     <span class='ocr_line' id='line_1_10' title="bbox 2129 658 3712 731; baseline -0.005 -13"><span class='ocrx_word' id='word_1_49' title='bbox 2129 673 2336 719; x_wconf 86' lang='lat' dir='ltr'><strong>storum</strong></span> <span class='ocrx_word' id='word_1_50' title='bbox 2364 664 2628 718; x_wconf 88' lang='lat' dir='ltr'><strong>bonorum</strong></span> <span class='ocrx_word' id='word_1_51' title='bbox 2659 663 2966 717; x_wconf 70' lang='lat' dir='ltr'><strong>scaturirit.</strong></span> <span class='ocrx_word' id='word_1_52' title='bbox 3002 661 3283 731; x_wconf 82' lang='lat' dir='ltr'><strong>Singulari</strong></span> <span class='ocrx_word' id='word_1_53' title='bbox 3315 659 3484 722; x_wconf 87' lang='lat' dir='ltr'><strong>enim,</strong></span> <span class='ocrx_word' id='word_1_54' title='bbox 3512 658 3712 726; x_wconf 88' lang='lat' dir='ltr'><strong>inquit,</strong></span> 
     </span>
    </p>
   </div>
   <div class='ocr_carea' id='block_1_11' title="bbox 2128 749 3714 820">
    <p class='ocr_par' dir='ltr' id='par_1_11' title="bbox 2128 749 3714 820">
     <span class='ocr_line' id='line_1_11' title="bbox 2128 749 3714 820; baseline -0.008 -11"><span class='ocrx_word' id='word_1_55' title='bbox 2128 756 2443 818; x_wconf 88' lang='lat' dir='ltr'><strong>substantia,</strong></span> <span class='ocrx_word' id='word_1_56' title='bbox 2469 771 2531 808; x_wconf 88' lang='lat' dir='ltr'><strong>ac</strong></span> <span class='ocrx_word' id='word_1_57' title='bbox 2563 753 2934 820; x_wconf 83' lang='lat' dir='ltr'><strong>multiplicium</strong></span> <span class='ocrx_word' id='word_1_58' title='bbox 2967 753 3274 805; x_wconf 77' lang='lat' dir='ltr'><strong>divitiarum</strong></span> <span class='ocrx_word' id='word_1_59' title='bbox 3299 749 3520 819; x_wconf 80' lang='lat' dir='ltr'><strong>prcebuit</strong></span> <span class='ocrx_word' id='word_1_60' title='bbox 3556 757 3714 802; x_wconf 76' lang='lat' dir='ltr'><strong>teter-</strong></span> 
     </span>
    </p>
   </div>
   <div class='ocr_carea' id='block_1_12' title="bbox 2127 839 3709 912">
    <p class='ocr_par' dir='ltr' id='par_1_12' title="bbox 2127 839 3709 912">
     <span class='ocr_line' id='line_1_12' title="bbox 2127 839 3709 912; baseline -0.005 -12"><span class='ocrx_word' id='word_1_61' title='bbox 2127 863 2278 900; x_wconf 85' lang='lat' dir='ltr'><strong>num.</strong></span> <span class='ocrx_word' id='word_1_62' title='bbox 2336 847 2500 900; x_wconf 84' lang='lat' dir='ltr'><strong>Solus</strong></span> <span class='ocrx_word' id='word_1_63' title='bbox 2549 845 2694 899; x_wconf 88' lang='lat' dir='ltr'><strong>enim</strong></span> <span class='ocrx_word' id='word_1_64' title='bbox 2747 844 2835 898; x_wconf 90' lang='lat' dir='ltr'><strong>hic</strong></span> <span class='ocrx_word' id='word_1_65' title='bbox 2885 843 3072 897; x_wconf 86' lang='lat' dir='ltr'><strong>multis</strong></span> <span class='ocrx_word' id='word_1_66' title='bbox 3122 842 3369 912; x_wconf 88' lang='lat' dir='ltr'><strong>partihus</strong></span> <span class='ocrx_word' id='word_1_67' title='bbox 3420 841 3612 894; x_wconf 87' lang='lat' dir='ltr'><strong>beatus</strong></span> <span class='ocrx_word' id='word_1_68' title='bbox 3657 839 3709 892; x_wconf 83' lang='lat' dir='ltr'><strong>iu</strong></span> 
     </span>
    </p>
   </div>
   <div class='ocr_carea' id='block_1_13' title="bbox 2127 933 3707 1006">
    <p class='ocr_par' dir='ltr' id='par_1_13' title="bbox 2127 933 3707 1006">
     <span class='ocr_line' id='line_1_13' title="bbox 2127 933 3707 1006; baseline -0.006 -16"><span class='ocrx_word' id='word_1_69' title='bbox 2127 937 2399 993; x_wconf 85' lang='lat' dir='ltr'><strong>universis</strong></span> <span class='ocrx_word' id='word_1_70' title='bbox 2455 935 2897 1006; x_wconf 83' lang='lat' dir='ltr'><strong>generationibus</strong></span> <span class='ocrx_word' id='word_1_71' title='bbox 2967 933 3177 989; x_wconf 74' lang='lat' dir='ltr'><strong>(ructus</strong></span> <span class='ocrx_word' id='word_1_72' title='bbox 3235 951 3248 988; x_wconf 91' lang='lat'><strong>:</strong></span> <span class='ocrx_word' id='word_1_73' title='bbox 3312 933 3466 987; x_wconf 90' lang='lat' dir='ltr'><strong>solus</strong></span> <span class='ocrx_word' id='word_1_74' title='bbox 3541 946 3707 984; x_wconf 76' lang='lat' dir='ltr'><strong>causa</strong></span> 
     </span>
    </p>
   </div>
   <div class='ocr_carea' id='block_1_14' title="bbox 429 1025 3704 1099">
    <p class='ocr_par' dir='ltr' id='par_1_14' title="bbox 429 1025 3704 1099">
     <span class='ocr_line' id='line_1_14' title="bbox 429 1025 3704 1099; baseline -0.001 -21"><span class='ocrx_word' id='word_1_75' title='bbox 429 1026 865 1084; x_wconf 75' lang='lat' dir='ltr'><strong>immortalitatis</strong></span> <span class='ocrx_word' id='word_1_76' title='bbox 902 1047 915 1084; x_wconf 90' lang='lat'><strong>:</strong></span> <span class='ocrx_word' id='word_1_77' title='bbox 958 1029 1111 1085; x_wconf 86' lang='lat' dir='ltr'><strong>solus</strong></span> <span class='ocrx_word' id='word_1_78' title='bbox 1156 1045 1222 1084; x_wconf 78' lang='lat' dir='ltr'><strong>ex</strong></span> <span class='ocrx_word' id='word_1_79' title='bbox 1275 1031 1428 1098; x_wconf 88' lang='lat' dir='ltr'><strong>soIa,</strong></span> <span class='ocrx_word' id='word_1_80' title='bbox 1485 1031 1636 1087; x_wconf 88' lang='lat' dir='ltr'><strong>nulla</strong></span> <span class='ocrx_word' id='word_1_81' title='bbox 1683 1031 1828 1087; x_wconf 89' lang='lat' dir='ltr'><strong>culta</strong></span> <span class='ocrx_word' id='word_1_82' title='bbox 1876 1040 2024 1086; x_wconf 85' lang='lat' dir='ltr'><strong>terra</strong></span> <span class='ocrx_word' id='word_1_83' title='bbox 2060 1029 2525 1086; x_wconf 67' lang='lat' dir='ltr'><strong>immortalitatem</strong></span> <span class='ocrx_word' id='word_1_84' title='bbox 2588 1027 2865 1099; x_wconf 86' lang='lat' dir='ltr'><strong>protulit:</strong></span> <span class='ocrx_word' id='word_1_85' title='bbox 2932 1027 3082 1082; x_wconf 85' lang='lat' dir='ltr'><strong>solus</strong></span> <span class='ocrx_word' id='word_1_86' title='bbox 3130 1025 3523 1080; x_wconf 79' lang='lat' dir='ltr'><strong>benedictioais</strong></span> <span class='ocrx_word' id='word_1_87' title='bbox 3574 1039 3704 1090; x_wconf 61' lang='lat' dir='ltr'><strong>ap!—</strong></span> 
     </span>
    </p>
   </div>
   <div class='ocr_carea' id='block_1_15' title="bbox 431 1121 970 1178">
    <p class='ocr_par' dir='ltr' id='par_1_15' title="bbox 431 1121 970 1178">
     <span class='ocr_line' id='line_1_15' title="bbox 431 1121 970 1178; baseline 0.015 -8"><span class='ocrx_word' id='word_1_88' title='bbox 431 1121 548 1174; x_wconf 85' lang='lat' dir='ltr'><strong>ruit</strong></span> <span class='ocrx_word' id='word_1_89' title='bbox 601 1121 896 1178; x_wconf 89' lang='lat' dir='ltr'><strong>thesauros</strong></span> <span class='ocrx_word' id='word_1_90' title='bbox 955 1139 970 1178; x_wconf 89' lang='lat'><strong>:</strong></span> 
     </span>
    </p>
   </div>
   <div class='ocr_carea' id='block_1_16' title="bbox 1034 1120 3676 1197">
    <p class='ocr_par' dir='ltr' id='par_1_16' title="bbox 1034 1120 3676 1197">
     <span class='ocr_line' id='line_1_16' title="bbox 1034 1120 3676 1197; baseline -0.005 -17"><span class='ocrx_word' id='word_1_91' title='bbox 1034 1125 1188 1181; x_wconf 90' lang='lat' dir='ltr'><strong>solus</strong></span> <span class='ocrx_word' id='word_1_92' title='bbox 1239 1127 1421 1197; x_wconf 81' lang='lat' dir='ltr'><strong>gaudii</strong></span> <span class='ocrx_word' id='word_1_93' title='bbox 1488 1127 1702 1183; x_wconf 86' lang='lat' dir='ltr'><strong>abditos</strong></span> <span class='ocrx_word' id='word_1_94' title='bbox 1757 1127 2021 1182; x_wconf 84' lang='lat' dir='ltr'><strong>revelavit</strong></span> <span class='ocrx_word' id='word_1_95' title='bbox 2049 1125 2252 1181; x_wconf 87' lang='lat' dir='ltr'><strong>sinus:</strong></span> <span class='ocrx_word' id='word_1_96' title='bbox 2319 1126 2472 1181; x_wconf 86' lang='lat' dir='ltr'><strong>solus</strong></span> <span class='ocrx_word' id='word_1_97' title='bbox 2505 1123 2852 1193; x_wconf 74' lang='lat' dir='ltr'><strong>sempiterna:</strong></span> <span class='ocrx_word' id='word_1_98' title='bbox 2898 1123 3177 1176; x_wconf 68' lang='lat' dir='ltr'><strong>memoriae</strong></span> <span class='ocrx_word' id='word_1_99' title='bbox 3246 1120 3471 1192; x_wconf 80' lang='lat' dir='ltr'><strong>gloriam</strong></span> <span class='ocrx_word' id='word_1_100' title='bbox 3511 1133 3676 1187; x_wconf 75' lang='lat' dir='ltr'><strong>parun</strong></span> 
     </span>
    </p>
   </div>
   <div class='ocr_carea' id='block_1_17' title="bbox 427 1214 2559 1288">
    <p class='ocr_par' dir='ltr' id='par_1_17' title="bbox 427 1214 2559 1288">
     <span class='ocr_line' id='line_1_17' title="bbox 427 1214 2559 1288; baseline -0 -17"><span class='ocrx_word' id='word_1_101' title='bbox 427 1214 587 1271; x_wconf 70' lang='lat' dir='ltr'><strong>libus</strong></span> <span class='ocrx_word' id='word_1_102' title='bbox 611 1215 814 1269; x_wconf 76' lang='lat' dir='ltr'><strong>invexit</strong></span> <span class='ocrx_word' id='word_1_103' title='bbox 847 1231 863 1269; x_wconf 89' lang='lat'><strong>:</strong></span> <span class='ocrx_word' id='word_1_104' title='bbox 895 1216 1048 1271; x_wconf 81' lang='lat' dir='ltr'><strong>solus</strong></span> <span class='ocrx_word' id='word_1_105' title='bbox 1073 1226 1336 1271; x_wconf 76' lang='lat' dir='ltr'><strong>aeternum</strong></span> <span class='ocrx_word' id='word_1_106' title='bbox 1387 1219 1627 1274; x_wconf 90' lang='lat' dir='ltr'><strong>humano</strong></span> <span class='ocrx_word' id='word_1_107' title='bbox 1664 1220 1848 1286; x_wconf 83' lang='lat' dir='ltr'><strong>generi</strong></span> <span class='ocrx_word' id='word_1_108' title='bbox 1883 1217 2273 1288; x_wconf 72' lang='lat' dir='ltr'><strong>praenuntiavit</strong></span> <span class='ocrx_word' id='word_1_109' title='bbox 2309 1232 2559 1286; x_wconf 79' lang='lat' dir='ltr'><strong>regnum.</strong></span> 
     </span>
    </p>
   </div>
   <div class='ocr_carea' id='block_1_18' title="bbox 507 1306 2024 1381">
    <p class='ocr_par' dir='ltr' id='par_1_18' title="bbox 507 1306 2024 1381">
     <span class='ocr_line' id='line_1_18' title="bbox 507 1306 2024 1381; baseline 0.003 -23"><span class='ocrx_word' id='word_1_110' title='bbox 507 1308 620 1361; x_wconf 84' lang='lat' dir='ltr'><strong>IH’.</strong></span> <span class='ocrx_word' id='word_1_111' title='bbox 651 1306 791 1359; x_wconf 85' lang='grc' dir='ltr'><strong>Ἀλλ’</strong></span> <span class='ocrx_word' id='word_1_112' title='bbox 822 1307 1056 1377; x_wconf 78' lang='grc' dir='ltr'><strong>ἐπείπερ</strong></span> <span class='ocrx_word' id='word_1_113' title='bbox 1077 1309 1237 1362; x_wconf 71' lang='grc' dir='ltr'><strong>αίδιὰ</strong></span> <span class='ocrx_word' id='word_1_114' title='bbox 1265 1309 1359 1362; x_wconf 85' lang='grc' dir='ltr'><strong>σοῦ</strong></span> <span class='ocrx_word' id='word_1_115' title='bbox 1376 1311 1755 1378; x_wconf 74' lang='grc' dir='ltr'><strong>ἐπιγινόμεναι</strong></span> <span class='ocrx_word' id='word_1_116' title='bbox 1779 1310 2024 1381; x_wconf 84' lang='grc' dir='ltr'><strong>χάριτες,</strong></span> 
     </span>
    </p>
   </div>
   <div class='ocr_carea' id='block_1_19' title="bbox 425 1393 2024 1470">
    <p class='ocr_par' dir='ltr' id='par_1_19' title="bbox 425 1393 2024 1470">
     <span class='ocr_line' id='line_1_19' title="bbox 425 1393 2024 1470; baseline 0.001 -18"><span class='ocrx_word' id='word_1_117' title='bbox 425 1393 479 1452; x_wconf 81' lang='grc' dir='ltr'><strong>ὧ</strong></span> <span class='ocrx_word' id='word_1_118' title='bbox 515 1398 811 1462; x_wconf 79' lang='grc' dir='ltr'><strong>Δέσποινα,</strong></span> <span class='ocrx_word' id='word_1_119' title='bbox 858 1398 1000 1468; x_wconf 81' lang='grc' dir='ltr'><strong>ὑπὲρ</strong></span> <span class='ocrx_word' id='word_1_120' title='bbox 1045 1399 1256 1454; x_wconf 75' lang='grc' dir='ltr'><strong>ἔννοιάν</strong></span> <span class='ocrx_word' id='word_1_121' title='bbox 1309 1403 1416 1454; x_wconf 86' lang='grc' dir='ltr'><strong>εἰσι</strong></span> <span class='ocrx_word' id='word_1_122' title='bbox 1455 1402 1550 1454; x_wconf 72' lang='grc' dir='ltr'><strong>καὶ</strong></span> <span class='ocrx_word' id='word_1_123' title='bbox 1597 1400 1778 1470; x_wconf 88' lang='grc' dir='ltr'><strong>λόγον,</strong></span> <span class='ocrx_word' id='word_1_124' title='bbox 1809 1401 2024 1470; x_wconf 82' lang='grc' dir='ltr'><strong>ἀνάγκη</strong></span> 
     </span>
    </p>
   </div>
   <div class='ocr_carea' id='block_1_20' title="bbox 428 1488 2024 1564">
    <p class='ocr_par' dir='ltr' id='par_1_20' title="bbox 428 1488 2024 1564">
     <span class='ocr_line' id='line_1_20' title="bbox 428 1488 2024 1564; baseline 0.003 -22"><span class='ocrx_word' id='word_1_125' title='bbox 428 1490 526 1543; x_wconf 76' lang='grc' dir='ltr'><strong>διὰ</strong></span> <span class='ocrx_word' id='word_1_126' title='bbox 557 1488 715 1542; x_wconf 78' lang='grc' dir='ltr'><strong>τοῦτο</strong></span> <span class='ocrx_word' id='word_1_127' title='bbox 746 1490 842 1543; x_wconf 81' lang='grc' dir='ltr'><strong>καὶ</strong></span> <span class='ocrx_word' id='word_1_128' title='bbox 889 1489 989 1560; x_wconf 87' lang='grc' dir='ltr'><strong>τὴν</strong></span> <span class='ocrx_word' id='word_1_129' title='bbox 1013 1491 1122 1544; x_wconf 88' lang='grc' dir='ltr'><strong>τῶν</strong></span> <span class='ocrx_word' id='word_1_130' title='bbox 1165 1493 1460 1563; x_wconf 76' lang='grc' dir='ltr'><strong>ἐγκωμίων</strong></span> <span class='ocrx_word' id='word_1_131' title='bbox 1507 1493 1688 1546; x_wconf 79' lang='grc' dir='ltr'><strong>αὐτῶν</strong></span> <span class='ocrx_word' id='word_1_132' title='bbox 1731 1493 2024 1564; x_wconf 81' lang='grc' dir='ltr'><strong>μεγαλειό-</strong></span> 
     </span>
    </p>
   </div>
   <div class='ocr_carea' id='block_1_21' title="bbox 429 1580 2022 1658">
    <p class='ocr_par' dir='ltr' id='par_1_21' title="bbox 429 1580 2022 1658">
     <span class='ocr_line' id='line_1_21' title="bbox 429 1580 2022 1658; baseline 0.004 -24"><span class='ocrx_word' id='word_1_133' title='bbox 429 1599 579 1652; x_wconf 81' lang='grc' dir='ltr'><strong>τητα</strong></span> <span class='ocrx_word' id='word_1_134' title='bbox 621 1581 912 1652; x_wconf 80' lang='grc' dir='ltr'><strong>ὑπερόριὸν</strong></span> <span class='ocrx_word' id='word_1_135' title='bbox 957 1599 1019 1636; x_wconf 88' lang='grc' dir='ltr'><strong>τε</strong></span> <span class='ocrx_word' id='word_1_136' title='bbox 1070 1580 1230 1650; x_wconf 79' lang='grc' dir='ltr'><strong>εἶναι,</strong></span> <span class='ocrx_word' id='word_1_137' title='bbox 1276 1588 1372 1640; x_wconf 79' lang='grc' dir='ltr'><strong>καὶ</strong></span> <span class='ocrx_word' id='word_1_138' title='bbox 1422 1589 1606 1641; x_wconf 83' lang='grc' dir='ltr'><strong>πᾶσαν</strong></span> <span class='ocrx_word' id='word_1_139' title='bbox 1646 1586 2022 1658; x_wconf 78' lang='grc' dir='ltr'><strong>ἐπιδεικτικὴν</strong></span> 
     </span>
    </p>
   </div>
   <div class='ocr_carea' id='block_1_22' title="bbox 428 1673 2018 1750">
    <p class='ocr_par' dir='ltr' id='par_1_22' title="bbox 428 1673 2018 1750">
     <span class='ocr_line' id='line_1_22' title="bbox 428 1673 2018 1750; baseline 0.003 -22"><span class='ocrx_word' id='word_1_140' title='bbox 428 1673 836 1743; x_wconf 81' lang='grc' dir='ltr'><strong>διαδιδράσκειν</strong></span> <span class='ocrx_word' id='word_1_141' title='bbox 866 1673 1135 1741; x_wconf 74' lang='grc' dir='ltr'><strong>ἐπίνοιαν,</strong></span> <span class='ocrx_word' id='word_1_142' title='bbox 1163 1676 1244 1730; x_wconf 84' lang='grc' dir='ltr'><strong>ὅτι</strong></span> <span class='ocrx_word' id='word_1_143' title='bbox 1279 1677 1441 1748; x_wconf 82' lang='grc' dir='ltr'><strong>ἡμεῖς</strong></span> <span class='ocrx_word' id='word_1_144' title='bbox 1473 1679 1720 1743; x_wconf 79' lang='grc' dir='ltr'><strong>ἀσθενεῖς</strong></span> <span class='ocrx_word' id='word_1_145' title='bbox 1747 1679 2018 1750; x_wconf 59' lang='grc' dir='ltr'><strong>τυγχάνοι</strong></span> 
     </span>
    </p>
   </div>
   <div class='ocr_carea' id='block_1_23' title="bbox 433 1765 2022 1842">
    <p class='ocr_par' dir='ltr' id='par_1_23' title="bbox 433 1765 2022 1842">
     <span class='ocr_line' id='line_1_23' title="bbox 433 1765 2022 1842; baseline 0.003 -22"><span class='ocrx_word' id='word_1_146' title='bbox 433 1784 563 1837; x_wconf 86' lang='grc' dir='ltr'><strong>μεν.</strong></span> <span class='ocrx_word' id='word_1_147' title='bbox 594 1766 706 1837; x_wconf 84' lang='grc' dir='ltr'><strong>Τὴν</strong></span> <span class='ocrx_word' id='word_1_148' title='bbox 734 1765 848 1838; x_wconf 83' lang='grc' dir='ltr'><strong>[ῖσ.</strong></span> <span class='ocrx_word' id='word_1_149' title='bbox 875 1766 1015 1836; x_wconf 75' lang='grc' dir='ltr'><strong>πλὴν</strong></span> <span class='ocrx_word' id='word_1_150' title='bbox 1045 1767 1170 1840; x_wconf 78' lang='grc' dir='ltr'><strong>τὴν]</strong></span> <span class='ocrx_word' id='word_1_151' title='bbox 1206 1769 1348 1822; x_wconf 79' lang='grc' dir='ltr'><strong>κατὰ</strong></span> <span class='ocrx_word' id='word_1_152' title='bbox 1392 1767 1624 1838; x_wconf 82' lang='grc' dir='ltr'><strong>δύναμιν</strong></span> <span class='ocrx_word' id='word_1_153' title='bbox 1653 1773 1701 1823; x_wconf 87' lang='lat' dir='ltr'><strong>ol</strong></span> <span class='ocrx_word' id='word_1_154' title='bbox 1727 1771 2022 1842; x_wconf 85' lang='grc' dir='ltr'><strong>εὐεργετη-</strong></span> 
     </span>
    </p>
   </div>
   <div class='ocr_carea' id='block_1_24' title="bbox 426 1857 2019 1936">
    <p class='ocr_par' dir='ltr' id='par_1_24' title="bbox 426 1857 2019 1936">
     <span class='ocr_line' id='line_1_24' title="bbox 426 1857 2019 1936; baseline 0.002 -23"><span class='ocrx_word' id='word_1_155' title='bbox 426 1860 626 1924; x_wconf 82' lang='grc' dir='ltr'><strong>θέντες</strong></span> <span class='ocrx_word' id='word_1_156' title='bbox 653 1857 839 1931; x_wconf 80' lang='grc' dir='ltr'><strong>Ῐλείπ.</strong></span> <span class='ocrx_word' id='word_1_157' title='bbox 893 1861 1264 1932; x_wconf 82' lang='grc' dir='ltr'><strong>προπάτορες,</strong></span> <span class='ocrx_word' id='word_1_158' title='bbox 1297 1861 1375 1917; x_wconf 78' lang='lat' dir='ltr'><strong>vel</strong></span> <span class='ocrx_word' id='word_1_159' title='bbox 1430 1863 1557 1933; x_wconf 84' lang='lat' dir='ltr'><strong>quid</strong></span> <span class='ocrx_word' id='word_1_160' title='bbox 1586 1861 1783 1935; x_wconf 82' lang='lat' dir='ltr'><strong>simile]</strong></span> <span class='ocrx_word' id='word_1_161' title='bbox 1829 1863 1928 1917; x_wconf 83' lang='grc' dir='ltr'><strong>σὺν</strong></span> <span class='ocrx_word' id='word_1_162' title='bbox 1949 1865 2019 1936; x_wconf 81' lang='grc' dir='ltr'><strong>τῇ</strong></span> 
     </span>
    </p>
   </div>
   <div class='ocr_carea' id='block_1_25' title="bbox 433 1929 2098 2028">
    <p class='ocr_par' dir='ltr' id='par_1_25' title="bbox 433 1929 2098 2028">
     <span class='ocr_line' id='line_1_25' title="bbox 433 1929 2098 2028; baseline 0.005 -24"><span class='ocrx_word' id='word_1_163' title='bbox 433 1952 614 2022; x_wconf 78' lang='grc' dir='ltr'><strong>μητρὶ</strong></span> <span class='ocrx_word' id='word_1_164' title='bbox 658 1929 1096 2024; x_wconf 23' lang='grc' dir='ltr'><strong>-ἀποπληροῦσιν</strong></span> <span class='ocrx_word' id='word_1_165' title='bbox 1153 1929 1544 2025; x_wconf 73' lang='grc' dir='ltr'><strong>εὐχαριστίαν.</strong></span> <span class='ocrx_word' id='word_1_166' title='bbox 1616 1929 1842 2028; x_wconf 76' lang='grc' dir='ltr'><strong>Ἠλίκην</strong></span> <span class='ocrx_word' id='word_1_167' title='bbox 1913 1929 2022 2027; x_wconf 71' lang='grc' dir='ltr'><strong>γὰρ</strong></span> <span class='ocrx_word' id='word_1_168' title='bbox 2056 1929 2098 1985; x_wconf 76' lang='grc' dir='ltr'><strong>Β</strong></span> 
     </span>
    </p>
   </div>
   <div class='ocr_carea' id='block_1_26' title="bbox 427 2044 2021 2120">
    <p class='ocr_par' dir='ltr' id='par_1_26' title="bbox 427 2044 2021 2120">
     <span class='ocr_line' id='line_1_26' title="bbox 427 2044 2021 2120; baseline 0.006 -25"><span class='ocrx_word' id='word_1_169' title='bbox 427 2045 611 2116; x_wconf 79' lang='grc' dir='ltr'><strong>ταύτῃ</strong></span> <span class='ocrx_word' id='word_1_170' title='bbox 650 2044 977 2109; x_wconf 78' lang='grc' dir='ltr'><strong>ἐπελέξαντο</strong></span> <span class='ocrx_word' id='word_1_171' title='bbox 1004 2045 1115 2099; x_wconf 81' lang='grc' dir='ltr'><strong>τῶν</strong></span> <span class='ocrx_word' id='word_1_172' title='bbox 1143 2047 1377 2101; x_wconf 78' lang='grc' dir='ltr'><strong>αἰωνίων</strong></span> <span class='ocrx_word' id='word_1_173' title='bbox 1399 2048 1761 2114; x_wconf 82' lang='grc' dir='ltr'><strong>ἀπολυθέντες</strong></span> <span class='ocrx_word' id='word_1_174' title='bbox 1782 2050 2021 2120; x_wconf 82' lang='grc' dir='ltr'><strong>δεσμῶν,</strong></span> 
     </span>
    </p>
   </div>
   <div class='ocr_carea' id='block_1_27' title="bbox 429 2136 2022 2213">
    <p class='ocr_par' dir='ltr' id='par_1_27' title="bbox 429 2136 2022 2213">
     <span class='ocr_line' id='line_1_27' title="bbox 429 2136 2022 2213; baseline 0.004 -23"><span class='ocrx_word' id='word_1_175' title='bbox 429 2137 534 2190; x_wconf 81' lang='grc' dir='ltr'><strong>καὶ</strong></span> <span class='ocrx_word' id='word_1_176' title='bbox 576 2137 675 2207; x_wconf 84' lang='grc' dir='ltr'><strong>τῆς</strong></span> <span class='ocrx_word' id='word_1_177' title='bbox 722 2136 1004 2206; x_wconf 79' lang='grc' dir='ltr'><strong>ἀφεγγοῦς</strong></span> <span class='ocrx_word' id='word_1_178' title='bbox 1055 2138 1272 2210; x_wconf 65' lang='grc' dir='ltr'><strong>ἐκείνης</strong></span> <span class='ocrx_word' id='word_1_179' title='bbox 1309 2140 1714 2210; x_wconf 78' lang='grc' dir='ltr'><strong>ἀπαλλαγέντες</strong></span> <span class='ocrx_word' id='word_1_180' title='bbox 1745 2144 2022 2213; x_wconf 78' lang='grc' dir='ltr'><strong>φρουρᾶςο</strong></span> 
     </span>
    </p>
   </div>
   <div class='ocr_carea' id='block_1_28' title="bbox 431 2224 2026 2303">
    <p class='ocr_par' dir='ltr' id='par_1_28' title="bbox 431 2224 2026 2303">
     <span class='ocr_line' id='line_1_28' title="bbox 431 2224 2026 2303; baseline 0.006 -27"><span class='ocrx_word' id='word_1_181' title='bbox 431 2224 605 2295; x_wconf 82' lang='grc' dir='ltr'><strong>ἡνίκα</strong></span> <span class='ocrx_word' id='word_1_182' title='bbox 641 2224 733 2278; x_wconf 77' lang='grc' dir='ltr'><strong>διὰ</strong></span> <span class='ocrx_word' id='word_1_183' title='bbox 779 2226 882 2294; x_wconf 78' lang='grc' dir='ltr'><strong>τῆς</strong></span> <span class='ocrx_word' id='word_1_184' title='bbox 935 2229 1001 2280; x_wconf 81' lang='grc' dir='ltr'><strong>ὲκ</strong></span> <span class='ocrx_word' id='word_1_185' title='bbox 1029 2228 1122 2281; x_wconf 74' lang='grc' dir='ltr'><strong>σοῦ</strong></span> <span class='ocrx_word' id='word_1_186' title='bbox 1173 2229 1621 2302; x_wconf 83' lang='grc' dir='ltr'><strong>προσληφθείσης</strong></span> <span class='ocrx_word' id='word_1_187' title='bbox 1671 2233 1898 2303; x_wconf 84' lang='grc' dir='ltr'><strong>σαρκὸς,</strong></span> <span class='ocrx_word' id='word_1_188' title='bbox 1932 2233 2026 2287; x_wconf 74' lang='grc' dir='ltr'><strong>τὸν</strong></span> 
     </span>
    </p>
   </div>
   <div class='ocr_carea' id='block_1_29' title="bbox 431 2317 2025 2394">
    <p class='ocr_par' dir='ltr' id='par_1_29' title="bbox 431 2317 2025 2394">
     <span class='ocr_line' id='line_1_29' title="bbox 431 2317 2025 2394; baseline 0.005 -26"><span class='ocrx_word' id='word_1_189' title='bbox 431 2317 673 2370; x_wconf 79' lang='grc' dir='ltr'><strong>θάνατον</strong></span> <span class='ocrx_word' id='word_1_190' title='bbox 719 2318 908 2388; x_wconf 78' lang='grc' dir='ltr'><strong>ἐώρων</strong></span> <span class='ocrx_word' id='word_1_191' title='bbox 959 2320 1446 2392; x_wconf 82' lang='grc' dir='ltr'><strong>καταπατούμενον</strong></span> <span class='ocrx_word' id='word_1_192' title='bbox 1466 2337 1484 2351; x_wconf 73' lang='grc'><strong>⁸</strong></span> <span class='ocrx_word' id='word_1_193' title='bbox 1537 2322 1608 2380; x_wconf 79' lang='grc' dir='ltr'><strong>τὰ</strong></span> <span class='ocrx_word' id='word_1_194' title='bbox 1654 2326 1878 2394; x_wconf 79' lang='grc' dir='ltr'><strong>ταμιεῖα</strong></span> <span class='ocrx_word' id='word_1_195' title='bbox 1933 2323 2025 2376; x_wconf 75' lang='grc' dir='ltr'><strong>τοῦ</strong></span> 
     </span>
    </p>
   </div>
   <div class='ocr_carea' id='block_1_30' title="bbox 428 2407 2028 2483">
    <p class='ocr_par' dir='ltr' id='par_1_30' title="bbox 428 2407 2028 2483">
     <span class='ocr_line' id='line_1_30' title="bbox 428 2407 2028 2483; baseline 0.005 -24"><span class='ocrx_word' id='word_1_196' title='bbox 428 2407 568 2476; x_wconf 67' lang='grc' dir='ltr'><strong>ᾅδου</strong></span> <span class='ocrx_word' id='word_1_197' title='bbox 624 2408 963 2478; x_wconf 79' lang='grc' dir='ltr'><strong>κενούμενα·</strong></span> <span class='ocrx_word' id='word_1_198' title='bbox 1013 2411 1109 2463; x_wconf 82' lang='grc' dir='ltr'><strong>καὶ</strong></span> <span class='ocrx_word' id='word_1_199' title='bbox 1164 2411 1373 2474; x_wconf 81' lang='grc' dir='ltr'><strong>πάντας</strong></span> <span class='ocrx_word' id='word_1_200' title='bbox 1428 2413 1527 2482; x_wconf 82' lang='grc' dir='ltr'><strong>μὲν</strong></span> <span class='ocrx_word' id='word_1_201' title='bbox 1573 2414 1802 2483; x_wconf 87' lang='grc' dir='ltr'><strong>νεκροὺς</strong></span> <span class='ocrx_word' id='word_1_202' title='bbox 1847 2413 1939 2482; x_wconf 74' lang='grc' dir='ltr'><strong>ὑφ’</strong></span> <span class='ocrx_word' id='word_1_203' title='bbox 1969 2412 2028 2466; x_wconf 81' lang='grc' dir='ltr'><strong>ἓν</strong></span> 
     </span>
    </p>
   </div>
   <div class='ocr_carea' id='block_1_31' title="bbox 431 2499 2028 2577">
    <p class='ocr_par' dir='ltr' id='par_1_31' title="bbox 431 2499 2028 2577">
     <span class='ocr_line' id='line_1_31' title="bbox 431 2499 2028 2577; baseline 0.006 -25"><span class='ocrx_word' id='word_1_204' title='bbox 431 2499 880 2570; x_wconf 77' lang='grc' dir='ltr'><strong>ἁρπαζομένους,</strong></span> <span class='ocrx_word' id='word_1_205' title='bbox 925 2502 1021 2555; x_wconf 79' lang='grc' dir='ltr'><strong>καὶ</strong></span> <span class='ocrx_word' id='word_1_206' title='bbox 1067 2503 1166 2574; x_wconf 86' lang='grc' dir='ltr'><strong>τῆς</strong></span> <span class='ocrx_word' id='word_1_207' title='bbox 1197 2504 1572 2575; x_wconf 82' lang='grc' dir='ltr'><strong>τυραννούσης</strong></span> <span class='ocrx_word' id='word_1_208' title='bbox 1619 2507 2028 2577; x_wconf 80' lang='grc' dir='ltr'><strong>ἀπαλλαττομέ-</strong></span> 
     </span>
    </p>
   </div>
   <div class='ocr_carea' id='block_1_32' title="bbox 431 2591 2031 2670">
    <p class='ocr_par' dir='ltr' id='par_1_32' title="bbox 431 2591 2031 2670">
     <span class='ocr_line' id='line_1_32' title="bbox 431 2591 2031 2670; baseline 0.006 -27"><span class='ocrx_word' id='word_1_209' title='bbox 431 2609 565 2655; x_wconf 80' lang='grc' dir='ltr'><strong>νους</strong></span> <span class='ocrx_word' id='word_1_210' title='bbox 587 2591 903 2661; x_wconf 85' lang='grc' dir='ltr'><strong>δυνάμεως·</strong></span> <span class='ocrx_word' id='word_1_211' title='bbox 935 2595 1168 2658; x_wconf 81' lang='grc' dir='ltr'><strong>ἑαυτοὺς</strong></span> <span class='ocrx_word' id='word_1_212' title='bbox 1204 2596 1283 2662; x_wconf 80' lang='grc' dir='ltr'><strong>δὲ,</strong></span> <span class='ocrx_word' id='word_1_213' title='bbox 1327 2597 1463 2668; x_wconf 76' lang='grc' dir='ltr'><strong>πρὸς</strong></span> <span class='ocrx_word' id='word_1_214' title='bbox 1492 2597 1637 2670; x_wconf 80' lang='grc' dir='ltr'><strong>ζωὴν</strong></span> <span class='ocrx_word' id='word_1_215' title='bbox 1674 2598 1892 2652; x_wconf 74' lang='grc' dir='ltr'><strong>αἰώνιον</strong></span> <span class='ocrx_word' id='word_1_216' title='bbox 1924 2616 2031 2652; x_wconf 89' lang='grc' dir='ltr'><strong>πα-</strong></span> 
     </span>
    </p>
   </div>
   <div class='ocr_carea' id='block_1_33' title="bbox 432 2685 2028 2762">
    <p class='ocr_par' dir='ltr' id='par_1_33' title="bbox 432 2685 2028 2762">
     <span class='ocr_line' id='line_1_33' title="bbox 432 2685 2028 2762; baseline 0.005 -26"><span class='ocrx_word' id='word_1_217' title='bbox 432 2685 860 2756; x_wconf 76' lang='grc' dir='ltr'><strong>λινδρομοῦντας</strong></span> <span class='ocrx_word' id='word_1_218' title='bbox 881 2704 897 2754; x_wconf 91' lang='grc'>;</span> <span class='ocrx_word' id='word_1_219' title='bbox 931 2688 1064 2752; x_wconf 81' lang='grc' dir='ltr'><strong>Οῖας</strong></span> <span class='ocrx_word' id='word_1_220' title='bbox 1085 2689 1141 2742; x_wconf 77' lang='grc' dir='ltr'><strong>δὲ</strong></span> <span class='ocrx_word' id='word_1_221' title='bbox 1154 2689 1250 2742; x_wconf 84' lang='grc' dir='ltr'><strong>νῦν</strong></span> <span class='ocrx_word' id='word_1_222' title='bbox 1273 2689 1372 2754; x_wconf 80' lang='grc' dir='ltr'><strong>τὰς</strong></span> <span class='ocrx_word' id='word_1_223' title='bbox 1392 2691 1668 2760; x_wconf 80' lang='grc' dir='ltr'><strong>εὐφημίας</strong></span> <span class='ocrx_word' id='word_1_224' title='bbox 1685 2693 1712 2742; x_wconf 85' lang='grc' dir='ltr'>ὁ</span> <span class='ocrx_word' id='word_1_225' title='bbox 1729 2691 2028 2762; x_wconf 81' lang='grc' dir='ltr'><strong>προπάτωρ</strong></span> 
     </span>
    </p>
   </div>
   <div class='ocr_carea' id='block_1_34' title="bbox 450 2773 2027 2849">
    <p class='ocr_par' dir='ltr' id='par_1_34' title="bbox 450 2773 2027 2849">
     <span class='ocr_line' id='line_1_34' title="bbox 450 2773 2027 2849; baseline 0.006 -24"><span class='ocrx_word' id='word_1_226' title='bbox 450 2773 624 2844; x_wconf 75' lang='grc' dir='ltr'><strong>Ἀδὰμ</strong></span> <span class='ocrx_word' id='word_1_227' title='bbox 666 2775 1219 2847; x_wconf 71' lang='grc' dir='ltr'><strong>ἑγκαλλωπιζόμενός</strong></span> <span class='ocrx_word' id='word_1_228' title='bbox 1257 2796 1340 2832; x_wconf 90' lang='grc' dir='ltr'><strong>σοι</strong></span> <span class='ocrx_word' id='word_1_229' title='bbox 1380 2780 1763 2849; x_wconf 80' lang='grc' dir='ltr'><strong>προϐάλλεται,</strong></span> <span class='ocrx_word' id='word_1_230' title='bbox 1819 2782 2027 2849; x_wconf 80' lang='grc' dir='ltr'><strong>λέγων·</strong></span> 
     </span>
    </p>
   </div>
   <div class='ocr_carea' id='block_1_35' title="bbox 449 2857 2031 2938">
    <p class='ocr_par' dir='ltr' id='par_1_35' title="bbox 449 2857 2031 2938">
     <span class='ocr_line' id='line_1_35' title="bbox 449 2857 2031 2938; baseline 0.006 -23"><span class='ocrx_word' id='word_1_231' title='bbox 449 2857 519 2915; x_wconf 83' lang='grc' dir='ltr'><strong><em>Ὦ</em></strong></span> <span class='ocrx_word' id='word_1_232' title='bbox 550 2865 815 2932; x_wconf 69' lang='grc' dir='ltr'><strong>θύγατερ,</strong></span> <span class='ocrx_word' id='word_1_233' title='bbox 839 2861 973 2920; x_wconf 71' lang='grc' dir='ltr'><strong>οἷον</strong></span> <span class='ocrx_word' id='word_1_234' title='bbox 997 2866 1066 2932; x_wconf 79' lang='grc' dir='ltr'><strong>ἐξ</strong></span> <span class='ocrx_word' id='word_1_235' title='bbox 1086 2866 1247 2936; x_wconf 82' lang='grc' dir='ltr'><strong>ἐμῶν</strong></span> <span class='ocrx_word' id='word_1_236' title='bbox 1271 2868 1503 2921; x_wconf 79' lang='grc' dir='ltr'><strong>ὠδίνων</strong></span> <span class='ocrx_word' id='word_1_237' title='bbox 1523 2869 1853 2938; x_wconf 81' lang='grc' dir='ltr'><strong>ἀνέδραμες</strong></span> <span class='ocrx_word' id='word_1_238' title='bbox 1873 2869 2031 2933; x_wconf 82' lang='grc' dir='ltr'><strong>,βλά-</strong></span> 
     </span>
    </p>
   </div>
   <div class='ocr_carea' id='block_1_36' title="bbox 448 2953 2031 3031">
    <p class='ocr_par' dir='ltr' id='par_1_36' title="bbox 448 2953 2031 3031">
     <span class='ocr_line' id='line_1_36' title="bbox 448 2953 2031 3031; baseline 0.005 -23"><span class='ocrx_word' id='word_1_239' title='bbox 448 2959 680 3024; x_wconf 78' lang='grc' dir='ltr'><strong>στημαί</strong></span> <span class='ocrx_word' id='word_1_240' title='bbox 697 2953 831 3012; x_wconf 84' lang='grc' dir='ltr'><strong>οἷον</strong></span> <span class='ocrx_word' id='word_1_241' title='bbox 849 2961 1144 3028; x_wconf 73' lang='grc' dir='ltr'><strong>στέλεχος</strong></span> <span class='ocrx_word' id='word_1_242' title='bbox 1161 2962 1200 3030; x_wconf 79' lang='grc' dir='ltr'>ἡ</span> <span class='ocrx_word' id='word_1_243' title='bbox 1222 2961 1349 3014; x_wconf 84' lang='grc' dir='ltr'><strong>κατ’</strong></span> <span class='ocrx_word' id='word_1_244' title='bbox 1370 2960 1476 3031; x_wconf 79' lang='grc' dir='ltr'><strong>ἐμὲ</strong></span> <span class='ocrx_word' id='word_1_245' title='bbox 1495 2962 1682 3030; x_wconf 71' lang='grc' dir='ltr'><strong>φύσις</strong></span> <span class='ocrx_word' id='word_1_246' title='bbox 1696 2963 1994 3030; x_wconf 86' lang='grc' dir='ltr'><strong>ἀνέθηλεν</strong></span> <span class='ocrx_word' id='word_1_247' title='bbox 2007 2963 2031 3016; x_wconf 89' lang='lat'><strong>!</strong></span> 
     </span>
    </p>
   </div>
   <div class='ocr_carea' id='block_1_37' title="bbox 442 3040 2030 3122">
    <p class='ocr_par' dir='ltr' id='par_1_37' title="bbox 442 3040 2030 3122">
     <span class='ocr_line' id='line_1_37' title="bbox 442 3040 2030 3122; baseline 0.006 -22"><span class='ocrx_word' id='word_1_248' title='bbox 442 3040 575 3100; x_wconf 77' lang='grc' dir='ltr'><strong>οἷον</strong></span> <span class='ocrx_word' id='word_1_249' title='bbox 602 3049 667 3102; x_wconf 90' lang='grc' dir='ltr'><strong>τὸ</strong></span> <span class='ocrx_word' id='word_1_250' title='bbox 687 3049 796 3118; x_wconf 84' lang='grc' dir='ltr'><strong>τῆς</strong></span> <span class='ocrx_word' id='word_1_251' title='bbox 829 3053 1112 3120; x_wconf 73' lang='grc' dir='ltr'><strong>εὐλογίας</strong></span> <span class='ocrx_word' id='word_1_252' title='bbox 1141 3053 1486 3122; x_wconf 78' lang='grc' dir='ltr'><strong>ἐξήνθησεν</strong></span> <span class='ocrx_word' id='word_1_253' title='bbox 1522 3054 1736 3121; x_wconf 79' lang='grc' dir='ltr'><strong>ἀνθοςί</strong></span> <span class='ocrx_word' id='word_1_254' title='bbox 1758 3055 1944 3122; x_wconf 83' lang='grc' dir='ltr'><strong>άνθος</strong></span> <span class='ocrx_word' id='word_1_255' title='bbox 1965 3056 2030 3110; x_wconf 86' lang='grc' dir='ltr'><strong>τὸ</strong></span> 
     </span>
    </p>
   </div>
   <div class='ocr_carea' id='block_1_38' title="bbox 436 3137 2032 3212">
    <p class='ocr_par' dir='ltr' id='par_1_38' title="bbox 436 3137 2032 3212">
     <span class='ocr_line' id='line_1_38' title="bbox 436 3137 2032 3212; baseline 0.005 -23"><span class='ocrx_word' id='word_1_256' title='bbox 436 3137 560 3203; x_wconf 81' lang='grc' dir='ltr'><strong>τὴν</strong></span> <span class='ocrx_word' id='word_1_257' title='bbox 588 3140 784 3206; x_wconf 85' lang='grc' dir='ltr'><strong>χαρὰν</strong></span> <span class='ocrx_word' id='word_1_258' title='bbox 822 3139 1185 3206; x_wconf 84' lang='grc' dir='ltr'><strong>εύωδιάσαν,</strong></span> <span class='ocrx_word' id='word_1_259' title='bbox 1215 3143 1284 3196; x_wconf 90' lang='grc' dir='ltr'><strong>τὸ</strong></span> <span class='ocrx_word' id='word_1_260' title='bbox 1329 3142 1445 3209; x_wconf 79' lang='grc' dir='ltr'><strong>τὴν</strong></span> <span class='ocrx_word' id='word_1_261' title='bbox 1473 3142 1692 3209; x_wconf 78' lang='grc' dir='ltr'><strong>ἀηδίαν</strong></span> <span class='ocrx_word' id='word_1_262' title='bbox 1735 3141 1845 3208; x_wconf 85' lang='grc' dir='ltr'><strong>τῆς</strong></span> <span class='ocrx_word' id='word_1_263' title='bbox 1880 3141 2032 3212; x_wconf 83' lang='grc' dir='ltr'><strong>ἐμῆς</strong></span> 
     </span>
    </p>
   </div>
   <div class='ocr_carea' id='block_1_39' title="bbox 435 3227 2102 3336">
    <p class='ocr_par' dir='ltr' id='par_1_39' title="bbox 435 3227 2102 3336">
     <span class='ocr_line' id='line_1_39' title="bbox 435 3227 2102 3336; baseline 0.005 -56"><span class='ocrx_word' id='word_1_264' title='bbox 435 3227 846 3336; x_wconf 62' lang='grc' dir='ltr'><strong>ἁποσοθῆσαν</strong></span> <span class='ocrx_word' id='word_1_265' title='bbox 889 3233 1125 3300; x_wconf 75' lang='grc' dir='ltr'><strong>λύπηςο</strong></span> <span class='ocrx_word' id='word_1_266' title='bbox 1171 3233 1357 3300; x_wconf 80' lang='grc' dir='ltr'><strong>ἄνθος</strong></span> <span class='ocrx_word' id='word_1_267' title='bbox 1406 3235 1475 3287; x_wconf 91' lang='grc' dir='ltr'><strong>τὸ</strong></span> <span class='ocrx_word' id='word_1_268' title='bbox 1522 3233 1640 3302; x_wconf 86' lang='grc' dir='ltr'><strong>τὴν</strong></span> <span class='ocrx_word' id='word_1_269' title='bbox 1687 3234 2033 3302; x_wconf 82' lang='grc' dir='ltr'><strong>ἀμάραντον</strong></span> <span class='ocrx_word' id='word_1_270' title='bbox 2057 3274 2102 3336; x_wconf 80' lang='lat' dir='ltr'>C</span> 
     </span>
    </p>
   </div>
   <div class='ocr_carea' id='block_1_40' title="bbox 436 3320 2031 3390">
    <p class='ocr_par' dir='ltr' id='par_1_40' title="bbox 436 3320 2031 3390">
     <span class='ocr_line' id='line_1_40' title="bbox 436 3320 2031 3390; baseline 0.006 -20"><span class='ocrx_word' id='word_1_271' title='bbox 436 3320 818 3387; x_wconf 86' lang='grc' dir='ltr'><strong>τερπνότητα</strong></span> <span class='ocrx_word' id='word_1_272' title='bbox 850 3323 1192 3389; x_wconf 78' lang='grc' dir='ltr'><strong>κυπρίσανο</strong></span> <span class='ocrx_word' id='word_1_273' title='bbox 1234 3324 1438 3390; x_wconf 79' lang='grc' dir='ltr'><strong>ἄνθος,</strong></span> <span class='ocrx_word' id='word_1_274' title='bbox 1475 3325 1546 3390; x_wconf 79' lang='grc' dir='ltr'><strong>ἐξ</strong></span> <span class='ocrx_word' id='word_1_275' title='bbox 1578 3321 1650 3382; x_wconf 82' lang='grc' dir='ltr'><strong>οὗ</strong></span> <span class='ocrx_word' id='word_1_276' title='bbox 1684 3325 1751 3380; x_wconf 81' lang='grc' dir='ltr'><strong>τὸ</strong></span> <span class='ocrx_word' id='word_1_277' title='bbox 1780 3327 2031 3380; x_wconf 83' lang='grc' dir='ltr'><strong>πολύτι-</strong></span> 
     </span>
    </p>
   </div>
   <div class='ocr_carea' id='block_1_41' title="bbox 429 3411 2032 3488">
    <p class='ocr_par' dir='ltr' id='par_1_41' title="bbox 429 3411 2032 3488">
     <span class='ocr_line' id='line_1_41' title="bbox 429 3411 2032 3488; baseline 0.006 -26"><span class='ocrx_word' id='word_1_278' title='bbox 429 3427 558 3480; x_wconf 82' lang='grc' dir='ltr'><strong>μον</strong></span> <span class='ocrx_word' id='word_1_279' title='bbox 581 3411 873 3480; x_wconf 80' lang='grc' dir='ltr'><strong>ἀπεθλίϐη</strong></span> <span class='ocrx_word' id='word_1_280' title='bbox 895 3415 1092 3483; x_wconf 88' lang='grc' dir='ltr'><strong>μύρον</strong></span> <span class='ocrx_word' id='word_1_281' title='bbox 1111 3431 1128 3448; x_wconf 75' lang='grc' dir='ltr'><strong>ο</strong></span> <span class='ocrx_word' id='word_1_282' title='bbox 1153 3416 1253 3485; x_wconf 69' lang='grc' dir='ltr'><strong>ἀφ’</strong></span> <span class='ocrx_word' id='word_1_283' title='bbox 1282 3413 1355 3473; x_wconf 85' lang='grc' dir='ltr'><strong>οὗ</strong></span> <span class='ocrx_word' id='word_1_284' title='bbox 1383 3418 1421 3484; x_wconf 71' lang='grc' dir='ltr'>ἢ</span> <span class='ocrx_word' id='word_1_285' title='bbox 1444 3417 1712 3485; x_wconf 83' lang='grc' dir='ltr'><strong>μυρωδία</strong></span> <span class='ocrx_word' id='word_1_286' title='bbox 1740 3418 1852 3486; x_wconf 79' lang='grc' dir='ltr'><strong>τῆς</strong></span> <span class='ocrx_word' id='word_1_287' title='bbox 1879 3419 2032 3488; x_wconf 82' lang='grc' dir='ltr'><strong>ἐμῆς</strong></span> 
     </span>
    </p>
   </div>
   <div class='ocr_carea' id='block_1_42' title="bbox 433 3504 2031 3579">
    <p class='ocr_par' dir='ltr' id='par_1_42' title="bbox 433 3504 2031 3579">
     <span class='ocr_line' id='line_1_42' title="bbox 433 3504 2031 3579; baseline 0.006 -24"><span class='ocrx_word' id='word_1_288' title='bbox 433 3504 812 3561; x_wconf 78' lang='grc' dir='ltr'><strong>διέπνευσεν,</strong></span> <span class='ocrx_word' id='word_1_289' title='bbox 828 3507 1252 3575; x_wconf 83' lang='grc' dir='ltr'><strong>ἀναπλάσεως.</strong></span> <span class='ocrx_word' id='word_1_290' title='bbox 1279 3504 1354 3564; x_wconf 66' lang='grc' dir='ltr'><strong><em>Ὠ</em></strong></span> <span class='ocrx_word' id='word_1_291' title='bbox 1385 3509 1735 3579; x_wconf 77' lang='grc' dir='ltr'><strong>βλάστημα,</strong></span> <span class='ocrx_word' id='word_1_292' title='bbox 1761 3510 1836 3566; x_wconf 88' lang='grc' dir='ltr'><strong>δι’</strong></span> <span class='ocrx_word' id='word_1_293' title='bbox 1863 3506 1938 3567; x_wconf 81' lang='grc' dir='ltr'><strong>οὗ</strong></span> <span class='ocrx_word' id='word_1_294' title='bbox 1965 3511 2031 3564; x_wconf 90' lang='grc' dir='ltr'><strong>τὸ</strong></span> 
     </span>
    </p>
   </div>
   <div class='ocr_carea' id='block_1_43' title="bbox 435 3599 2032 3674">
    <p class='ocr_par' dir='ltr' id='par_1_43' title="bbox 435 3599 2032 3674">
     <span class='ocr_line' id='line_1_43' title="bbox 435 3599 2032 3674; baseline 0.004 -22"><span class='ocrx_word' id='word_1_295' title='bbox 435 3599 553 3654; x_wconf 84' lang='grc' dir='ltr'><strong>τοῦ</strong></span> <span class='ocrx_word' id='word_1_296' title='bbox 599 3600 796 3668; x_wconf 70' lang='grc' dir='ltr'><strong>φυτοῦ</strong></span> <span class='ocrx_word' id='word_1_297' title='bbox 820 3601 1213 3672; x_wconf 77' lang='grc' dir='ltr'><strong>ἀπεμαράνθη</strong></span> <span class='ocrx_word' id='word_1_298' title='bbox 1244 3603 1519 3673; x_wconf 80' lang='grc' dir='ltr'><strong>ἔγκλημα</strong></span> <span class='ocrx_word' id='word_1_299' title='bbox 1539 3621 1553 3636; x_wconf 91' lang='grc'><strong>·</strong></span> <span class='ocrx_word' id='word_1_300' title='bbox 1579 3603 1930 3674; x_wconf 76' lang='grc' dir='ltr'><strong>βλάστημα,</strong></span> <span class='ocrx_word' id='word_1_301' title='bbox 1962 3604 2032 3669; x_wconf 79' lang='grc' dir='ltr'><strong>ἐξ</strong></span> 
     </span>
    </p>
   </div>
   <div class='ocr_carea' id='block_1_44' title="bbox 435 3684 2031 3763">
    <p class='ocr_par' dir='ltr' id='par_1_44' title="bbox 435 3684 2031 3763">
     <span class='ocr_line' id='line_1_44' title="bbox 435 3684 2031 3763; baseline 0.006 -21"><span class='ocrx_word' id='word_1_302' title='bbox 435 3684 515 3745; x_wconf 84' lang='grc' dir='ltr'><strong>οὗ</strong></span> <span class='ocrx_word' id='word_1_303' title='bbox 531 3689 603 3743; x_wconf 91' lang='grc' dir='ltr'><strong>τὸ</strong></span> <span class='ocrx_word' id='word_1_304' title='bbox 621 3689 814 3755; x_wconf 77' lang='grc' dir='ltr'><strong>ξύλον</strong></span> <span class='ocrx_word' id='word_1_305' title='bbox 828 3691 941 3759; x_wconf 81' lang='grc' dir='ltr'><strong>τῆς</strong></span> <span class='ocrx_word' id='word_1_306' title='bbox 963 3692 1114 3763; x_wconf 76' lang='grc' dir='ltr'><strong>ζωῆς</strong></span> <span class='ocrx_word' id='word_1_307' title='bbox 1131 3693 1284 3762; x_wconf 84' lang='grc' dir='ltr'><strong>μετὰ</strong></span> <span class='ocrx_word' id='word_1_308' title='bbox 1310 3694 1543 3762; x_wconf 84' lang='grc' dir='ltr'><strong>σαρκὸς</strong></span> <span class='ocrx_word' id='word_1_309' title='bbox 1566 3694 1799 3763; x_wconf 74' lang='grc' dir='ltr'><strong>ἀνεφύη</strong></span> <span class='ocrx_word' id='word_1_310' title='bbox 1825 3712 1840 3726; x_wconf 79' lang='grc' dir='ltr'><strong><em>ο</em></strong></span> <span class='ocrx_word' id='word_1_311' title='bbox 1865 3693 1940 3748; x_wconf 85' lang='grc' dir='ltr'><strong>δι’</strong></span> <span class='ocrx_word' id='word_1_312' title='bbox 1958 3690 2031 3752; x_wconf 85' lang='grc' dir='ltr'><strong>οὗ</strong></span> 
     </span>
    </p>
   </div>
   <div class='ocr_carea' id='block_1_45' title="bbox 438 3779 2031 3855">
    <p class='ocr_par' dir='ltr' id='par_1_45' title="bbox 438 3779 2031 3855">
     <span class='ocr_line' id='line_1_45' title="bbox 438 3779 2031 3855; baseline 0.004 -23"><span class='ocrx_word' id='word_1_313' title='bbox 438 3783 477 3833; x_wconf 83' lang='grc' dir='ltr'><em>ὁ</em></span> <span class='ocrx_word' id='word_1_314' title='bbox 501 3779 615 3847; x_wconf 81' lang='grc' dir='ltr'><strong>τῆς</strong></span> <span class='ocrx_word' id='word_1_315' title='bbox 651 3782 967 3851; x_wconf 78' lang='grc' dir='ltr'><strong>παρακοῆς</strong></span> <span class='ocrx_word' id='word_1_316' title='bbox 991 3783 1355 3853; x_wconf 76' lang='grc' dir='ltr'><strong>ἀπερῤιζώθη</strong></span> <span class='ocrx_word' id='word_1_317' title='bbox 1393 3784 1671 3851; x_wconf 88' lang='grc' dir='ltr'><strong>θάνατος.</strong></span> <span class='ocrx_word' id='word_1_318' title='bbox 1704 3781 1777 3838; x_wconf 84' lang='grc' dir='ltr'><strong><em>Ὦ</em></strong></span> <span class='ocrx_word' id='word_1_319' title='bbox 1801 3783 1958 3852; x_wconf 78' lang='grc' dir='ltr'><strong>ῥίζα,</strong></span> <span class='ocrx_word' id='word_1_320' title='bbox 1993 3787 2031 3855; x_wconf 73' lang='grc' dir='ltr'>ἡ</span> 
     </span>
    </p>
   </div>
   <div class='ocr_carea' id='block_1_46' title="bbox 437 3869 2034 3947">
    <p class='ocr_par' dir='ltr' id='par_1_46' title="bbox 437 3869 2034 3947">
     <span class='ocr_line' id='line_1_46' title="bbox 437 3869 2034 3947; baseline 0.006 -25"><span class='ocrx_word' id='word_1_321' title='bbox 437 3869 511 3923; x_wconf 85' lang='grc' dir='ltr'><strong>τὸ</strong></span> <span class='ocrx_word' id='word_1_322' title='bbox 535 3869 649 3939; x_wconf 82' lang='grc' dir='ltr'><strong>τῆς</strong></span> <span class='ocrx_word' id='word_1_323' title='bbox 668 3872 1067 3940; x_wconf 80' lang='grc' dir='ltr'><strong>ἀναστάσεως</strong></span> <span class='ocrx_word' id='word_1_324' title='bbox 1100 3875 1630 3947; x_wconf 72' lang='grc' dir='ltr'><strong>ἀναϐλαστῆσασα</strong></span> <span class='ocrx_word' id='word_1_325' title='bbox 1653 3877 1907 3944; x_wconf 85' lang='grc' dir='ltr'><strong>δένδρον</strong></span> <span class='ocrx_word' id='word_1_326' title='bbox 1927 3895 1942 3910; x_wconf 79' lang='grc' dir='ltr'><strong>ο</strong></span> <span class='ocrx_word' id='word_1_327' title='bbox 1965 3876 2034 3932; x_wconf 89' lang='grc' dir='ltr'><strong>τὸ</strong></span> 
     </span>
    </p>
   </div>
   <div class='ocr_carea' id='block_1_47' title="bbox 437 3961 2037 4041">
    <p class='ocr_par' dir='ltr' id='par_1_47' title="bbox 437 3961 2037 4041">
     <span class='ocr_line' id='line_1_47' title="bbox 437 3961 2037 4041; baseline 0.006 -25"><span class='ocrx_word' id='word_1_328' title='bbox 437 3961 563 4030; x_wconf 81' lang='grc' dir='ltr'><strong>τὴν</strong></span> <span class='ocrx_word' id='word_1_329' title='bbox 620 3965 964 4020; x_wconf 80' lang='grc' dir='ltr'><strong>ἀθανασίαν</strong></span> <span class='ocrx_word' id='word_1_330' title='bbox 1015 3967 1248 4038; x_wconf 82' lang='grc' dir='ltr'><strong>κομῶν·</strong></span> <span class='ocrx_word' id='word_1_331' title='bbox 1279 3969 1346 4024; x_wconf 83' lang='grc' dir='ltr'><strong>τό</strong></span> <span class='ocrx_word' id='word_1_332' title='bbox 1405 3970 1521 4038; x_wconf 75' lang='grc' dir='ltr'><strong>τὴν</strong></span> <span class='ocrx_word' id='word_1_333' title='bbox 1577 3972 1870 4039; x_wconf 82' lang='grc' dir='ltr'><strong>εὐθηνίαν</strong></span> <span class='ocrx_word' id='word_1_334' title='bbox 1922 3970 2037 4041; x_wconf 82' lang='grc' dir='ltr'><strong>τῆς</strong></span> 
     </span>
    </p>
   </div>
   <div class='ocr_carea' id='block_1_48' title="bbox 441 4052 2032 4132">
    <p class='ocr_par' dir='ltr' id='par_1_48' title="bbox 441 4052 2032 4132">
     <span class='ocr_line' id='line_1_48' title="bbox 441 4052 2032 4132; baseline 0.008 -25"><span class='ocrx_word' id='word_1_335' title='bbox 441 4052 692 4124; x_wconf 82' lang='grc' dir='ltr'><strong>χάριτος</strong></span> <span class='ocrx_word' id='word_1_336' title='bbox 713 4060 1154 4130; x_wconf 75' lang='grc' dir='ltr'><strong>καρποφοροῦν,</strong></span> <span class='ocrx_word' id='word_1_337' title='bbox 1177 4057 1252 4118; x_wconf 83' lang='grc' dir='ltr'><strong>οὗ</strong></span> <span class='ocrx_word' id='word_1_338' title='bbox 1283 4064 1317 4115; x_wconf 86' lang='grc' dir='ltr'><strong>ό</strong></span> <span class='ocrx_word' id='word_1_339' title='bbox 1338 4061 1569 4130; x_wconf 84' lang='grc' dir='ltr'><strong>καρπὸς</strong></span> <span class='ocrx_word' id='word_1_340' title='bbox 1585 4065 1698 4118; x_wconf 80' lang='grc' dir='ltr'><strong>οὐκ</strong></span> <span class='ocrx_word' id='word_1_341' title='bbox 1725 4063 2032 4132; x_wconf 63' lang='lat' dir='ltr'><strong>dempti-mi-</strong></span> 
     </span>
    </p>
   </div>
   <div class='ocr_carea' id='block_1_49' title="bbox 441 4151 2036 4225">
    <p class='ocr_par' dir='ltr' id='par_1_49' title="bbox 441 4151 2036 4225">
     <span class='ocr_line' id='line_1_49' title="bbox 441 4151 2036 4225; baseline 0.008 -25"><span class='ocrx_word' id='word_1_342' title='bbox 441 4163 642 4214; x_wconf 81' lang='grc' dir='ltr'><strong>σεται,</strong></span> <span class='ocrx_word' id='word_1_343' title='bbox 681 4151 782 4206; x_wconf 79' lang='grc' dir='ltr'><strong>καὶ</strong></span> <span class='ocrx_word' id='word_1_344' title='bbox 813 4151 854 4218; x_wconf 79' lang='grc' dir='ltr'><strong><em>ἠ</em></strong></span> <span class='ocrx_word' id='word_1_345' title='bbox 891 4152 1237 4219; x_wconf 84' lang='grc' dir='ltr'><strong>ἀπόλαυσις</strong></span> <span class='ocrx_word' id='word_1_346' title='bbox 1258 4156 1346 4220; x_wconf 80' lang='grc' dir='ltr'><strong>είς</strong></span> <span class='ocrx_word' id='word_1_347' title='bbox 1373 4153 1593 4222; x_wconf 76' lang='grc' dir='ltr'><strong>αἰῶνας</strong></span> <span class='ocrx_word' id='word_1_348' title='bbox 1619 4155 2036 4225; x_wconf 63' lang='grc' dir='ltr'><strong>διαφυλαχθή-</strong></span> 
     </span>
    </p>
   </div>
   <div class='ocr_carea' id='block_1_50' title="bbox 441 4236 2037 4317">
    <p class='ocr_par' dir='ltr' id='par_1_50' title="bbox 441 4236 2037 4317">
     <span class='ocr_line' id='line_1_50' title="bbox 441 4236 2037 4317; baseline 0.006 -25"><span class='ocrx_word' id='word_1_349' title='bbox 441 4252 640 4296; x_wconf 84' lang='grc' dir='ltr'><strong>σεται.</strong></span> <span class='ocrx_word' id='word_1_350' title='bbox 678 4236 754 4294; x_wconf 74' lang='lat'><strong><em>&#39;0</em></strong></span> <span class='ocrx_word' id='word_1_351' title='bbox 785 4244 1038 4312; x_wconf 77' lang='grc' dir='ltr'><strong>θύγατερ</strong></span> <span class='ocrx_word' id='word_1_352' title='bbox 1080 4248 1468 4316; x_wconf 75' lang='grc' dir='ltr'><strong>εὐφροσύνης</strong></span> <span class='ocrx_word' id='word_1_353' title='bbox 1507 4248 1765 4314; x_wconf 77' lang='grc' dir='ltr'><strong>πρόξενε</strong></span> <span class='ocrx_word' id='word_1_354' title='bbox 1789 4261 1804 4276; x_wconf 78' lang='grc'><strong>⁸</strong></span> <span class='ocrx_word' id='word_1_355' title='bbox 1851 4249 2037 4317; x_wconf 76' lang='grc' dir='ltr'><strong>ἀγαλ-</strong></span> 
     </span>
    </p>
   </div>
   <div class='ocr_carea' id='block_1_51' title="bbox 442 4330 2038 4408">
    <p class='ocr_par' dir='ltr' id='par_1_51' title="bbox 442 4330 2038 4408">
     <span class='ocr_line' id='line_1_51' title="bbox 442 4330 2038 4408; baseline 0.006 -23"><span class='ocrx_word' id='word_1_356' title='bbox 442 4330 710 4400; x_wconf 78' lang='grc' dir='ltr'><strong>λιάσεως</strong></span> <span class='ocrx_word' id='word_1_357' title='bbox 742 4336 920 4400; x_wconf 74' lang='grc' dir='ltr'><strong>αἰτία,</strong></span> <span class='ocrx_word' id='word_1_358' title='bbox 970 4336 1163 4405; x_wconf 83' lang='grc' dir='ltr'><strong>χαρᾶς</strong></span> <span class='ocrx_word' id='word_1_359' title='bbox 1199 4339 1456 4408; x_wconf 81' lang='grc' dir='ltr'><strong>μεσῐτις.</strong></span> <span class='ocrx_word' id='word_1_360' title='bbox 1495 4334 1570 4394; x_wconf 69' lang='grc' dir='ltr'><strong>τΩ</strong></span> <span class='ocrx_word' id='word_1_361' title='bbox 1594 4340 1798 4408; x_wconf 80' lang='grc' dir='ltr'><strong>λύπης</strong></span> <span class='ocrx_word' id='word_1_362' title='bbox 1838 4341 2038 4395; x_wconf 82' lang='grc' dir='ltr'><strong>ἀπαλ-</strong></span> 
     </span>
    </p>
   </div>
   <div class='ocr_carea' id='block_1_52' title="bbox 442 4423 2033 4503">
    <p class='ocr_par' dir='ltr' id='par_1_52' title="bbox 442 4423 2033 4503">
     <span class='ocr_line' id='line_1_52' title="bbox 442 4423 2033 4503; baseline 0.008 -25"><span class='ocrx_word' id='word_1_363' title='bbox 442 4423 642 4492; x_wconf 71' lang='grc' dir='ltr'><strong>λαγή·</strong></span> <span class='ocrx_word' id='word_1_364' title='bbox 683 4429 1014 4496; x_wconf 64' lang='grc' dir='ltr'><strong>κατηφείας</strong></span> <span class='ocrx_word' id='word_1_365' title='bbox 1060 4429 1406 4498; x_wconf 83' lang='grc' dir='ltr'><strong>ἐλευθερία·</strong></span> <span class='ocrx_word' id='word_1_366' title='bbox 1450 4432 1658 4486; x_wconf 86' lang='grc' dir='ltr'><strong>πόνων</strong></span> <span class='ocrx_word' id='word_1_367' title='bbox 1707 4432 2033 4503; x_wconf 76' lang='grc' dir='ltr'><strong>ἀναψυχήο</strong></span> 
     </span>
    </p>
   </div>
   <div class='ocr_carea' id='block_1_53' title="bbox 443 4515 2037 4596">
    <p class='ocr_par' dir='ltr' id='par_1_53' title="bbox 443 4515 2037 4596">
     <span class='ocr_line' id='line_1_53' title="bbox 443 4515 2037 4596; baseline 0.006 -26"><span class='ocrx_word' id='word_1_368' title='bbox 443 4515 712 4583; x_wconf 68' lang='grc' dir='ltr'><strong>ιδρώτων</strong></span> <span class='ocrx_word' id='word_1_369' title='bbox 753 4519 974 4587; x_wconf 79' lang='grc' dir='ltr'><strong>ἀνοχή.</strong></span> <span class='ocrx_word' id='word_1_370' title='bbox 1023 4518 1096 4574; x_wconf 83' lang='grc' dir='ltr'><strong><em>Ὦ</em></strong></span> <span class='ocrx_word' id='word_1_371' title='bbox 1150 4522 1469 4591; x_wconf 61' lang='grc' dir='ltr'><strong>χρυσοῲιε</strong></span> <span class='ocrx_word' id='word_1_372' title='bbox 1515 4523 1730 4593; x_wconf 81' lang='grc' dir='ltr'><strong>ἀμνὰς,</strong></span> <span class='ocrx_word' id='word_1_373' title='bbox 1767 4525 1837 4588; x_wconf 80' lang='grc' dir='ltr'><strong>ἐξ</strong></span> <span class='ocrx_word' id='word_1_374' title='bbox 1881 4521 1959 4596; x_wconf 81' lang='grc' dir='ltr'><strong>ἧς</strong></span> <span class='ocrx_word' id='word_1_375' title='bbox 2003 4529 2037 4580; x_wconf 91' lang='grc' dir='ltr'><strong>ό</strong></span> 
     </span>
    </p>
   </div>
   <div class='ocr_carea' id='block_1_54' title="bbox 2201 1303 3710 1379">
    <p class='ocr_par' dir='ltr' id='par_1_54' title="bbox 2201 1303 3710 1379">
     <span class='ocr_line' id='line_1_54' title="bbox 2201 1303 3710 1379; baseline -0.005 -18"><span class='ocrx_word' id='word_1_376' title='bbox 2201 1307 2386 1361; x_wconf 83' lang='lat' dir='ltr'><strong>XVIII.</strong></span> <span class='ocrx_word' id='word_1_377' title='bbox 2417 1307 2556 1374; x_wconf 83' lang='lat' dir='ltr'><strong>Quia</strong></span> <span class='ocrx_word' id='word_1_378' title='bbox 2587 1324 2737 1372; x_wconf 82' lang='lat' dir='ltr'><strong>vero,</strong></span> <span class='ocrx_word' id='word_1_379' title='bbox 2765 1323 2886 1379; x_wconf 64' lang='lat' dir='ltr'><strong>quae</strong></span> <span class='ocrx_word' id='word_1_380' title='bbox 2918 1323 3012 1378; x_wconf 91' lang='lat' dir='ltr'><strong>per</strong></span> <span class='ocrx_word' id='word_1_381' title='bbox 3043 1319 3094 1361; x_wconf 91' lang='lat' dir='ltr'><strong>te</strong></span> <span class='ocrx_word' id='word_1_382' title='bbox 3130 1304 3429 1376; x_wconf 81' lang='lat' dir='ltr'><strong>gratiarum</strong></span> <span class='ocrx_word' id='word_1_383' title='bbox 3463 1303 3710 1357; x_wconf 79' lang='lat' dir='ltr'><strong>accessio</strong></span> 
     </span>
    </p>
   </div>
   <div class='ocr_carea' id='block_1_55' title="bbox 2128 1399 3711 1465">
    <p class='ocr_par' dir='ltr' id='par_1_55' title="bbox 2128 1399 3711 1465">
     <span class='ocr_line' id='line_1_55' title="bbox 2128 1399 3711 1465; baseline -0.004 -10"><span class='ocrx_word' id='word_1_384' title='bbox 2128 1399 2271 1456; x_wconf 80' lang='lat' dir='ltr'><strong>facta</strong></span> <span class='ocrx_word' id='word_1_385' title='bbox 2321 1409 2424 1464; x_wconf 90' lang='lat' dir='ltr'><strong>est,</strong></span> <span class='ocrx_word' id='word_1_386' title='bbox 2461 1415 2494 1454; x_wconf 95' lang='lat' dir='ltr'><strong>o</strong></span> <span class='ocrx_word' id='word_1_387' title='bbox 2539 1400 2790 1465; x_wconf 87' lang='lat' dir='ltr'><strong>Domina,</strong></span> <span class='ocrx_word' id='word_1_388' title='bbox 2844 1407 3082 1454; x_wconf 84' lang='lat' dir='ltr'><strong>mentem</strong></span> <span class='ocrx_word' id='word_1_389' title='bbox 3132 1412 3374 1458; x_wconf 86' lang='lat' dir='ltr'><strong>omnem,</strong></span> <span class='ocrx_word' id='word_1_390' title='bbox 3428 1404 3711 1464; x_wconf 85' lang='lat' dir='ltr'><strong>totamque</strong></span> 
     </span>
    </p>
   </div>
   <div class='ocr_carea' id='block_1_56' title="bbox 2125 1490 3711 1555">
    <p class='ocr_par' dir='ltr' id='par_1_56' title="bbox 2125 1490 3711 1555">
     <span class='ocr_line' id='line_1_56' title="bbox 2125 1490 3711 1555; baseline -0.003 -11"><span class='ocrx_word' id='word_1_391' title='bbox 2125 1493 2235 1546; x_wconf 86' lang='lat' dir='ltr'><strong>vim</strong></span> <span class='ocrx_word' id='word_1_392' title='bbox 2289 1490 2558 1547; x_wconf 85' lang='lat' dir='ltr'><strong>sermonis</strong></span> <span class='ocrx_word' id='word_1_393' title='bbox 2611 1490 2864 1555; x_wconf 84' lang='lat' dir='ltr'><strong>excedit,</strong></span> <span class='ocrx_word' id='word_1_394' title='bbox 2901 1490 3106 1544; x_wconf 82' lang='lat' dir='ltr'><strong>idcirco</strong></span> <span class='ocrx_word' id='word_1_395' title='bbox 3156 1503 3381 1543; x_wconf 85' lang='lat' dir='ltr'><strong>necesse</strong></span> <span class='ocrx_word' id='word_1_396' title='bbox 3435 1498 3540 1548; x_wconf 90' lang='lat' dir='ltr'><strong>est,</strong></span> <span class='ocrx_word' id='word_1_397' title='bbox 3572 1494 3711 1540; x_wconf 85' lang='lat' dir='ltr'><strong>utet</strong></span> 
     </span>
    </p>
   </div>
   <div class='ocr_carea' id='block_1_57' title="bbox 2124 1579 3707 1652">
    <p class='ocr_par' dir='ltr' id='par_1_57' title="bbox 2124 1579 3707 1652">
     <span class='ocr_line' id='line_1_57' title="bbox 2124 1579 3707 1652; baseline -0.005 -13"><span class='ocrx_word' id='word_1_398' title='bbox 2124 1599 2314 1640; x_wconf 88' lang='lat' dir='ltr'><strong>earum</strong></span> <span class='ocrx_word' id='word_1_399' title='bbox 2399 1583 2798 1648; x_wconf 87' lang='lat' dir='ltr'><strong>laudationum,</strong></span> <span class='ocrx_word' id='word_1_400' title='bbox 2853 1582 3056 1652; x_wconf 88' lang='lat' dir='ltr'><strong>quibus</strong></span> <span class='ocrx_word' id='word_1_401' title='bbox 3147 1580 3252 1634; x_wconf 68' lang='lat' dir='ltr'><strong>illae</strong></span> <span class='ocrx_word' id='word_1_402' title='bbox 3337 1579 3707 1644; x_wconf 84' lang='lat' dir='ltr'><strong>celebrantur,</strong></span> 
     </span>
    </p>
   </div>
   <div class='ocr_carea' id='block_1_58' title="bbox 2126 1671 3710 1746">
    <p class='ocr_par' dir='ltr' id='par_1_58' title="bbox 2126 1671 3710 1746">
     <span class='ocr_line' id='line_1_58' title="bbox 2126 1671 3710 1746; baseline -0.004 -16"><span class='ocrx_word' id='word_1_403' title='bbox 2126 1673 2548 1746; x_wconf 68' lang='lat' dir='ltr'><strong>magniﬁcentia.</strong></span> <span class='ocrx_word' id='word_1_404' title='bbox 2583 1675 2911 1728; x_wconf 88' lang='lat' dir='ltr'><strong>immensum</strong></span> <span class='ocrx_word' id='word_1_405' title='bbox 2944 1671 3073 1742; x_wconf 82' lang='lat' dir='ltr'><strong>quid</strong></span> <span class='ocrx_word' id='word_1_406' title='bbox 3103 1673 3349 1734; x_wconf 73' lang='lat' dir='ltr'><strong>erSistaI,</strong></span> <span class='ocrx_word' id='word_1_407' title='bbox 3380 1685 3710 1739; x_wconf 89' lang='lat' dir='ltr'><strong>omnemque</strong></span> 
     </span>
    </p>
   </div>
   <div class='ocr_carea' id='block_1_59' title="bbox 2127 1762 3711 1832">
    <p class='ocr_par' dir='ltr' id='par_1_59' title="bbox 2127 1762 3711 1832">
     <span class='ocr_line' id='line_1_59' title="bbox 2127 1762 3711 1832; baseline -0.004 -11"><span class='ocrx_word' id='word_1_408' title='bbox 2127 1765 2430 1821; x_wconf 78' lang='lat' dir='ltr'><strong>exornandi</strong></span> <span class='ocrx_word' id='word_1_409' title='bbox 2471 1764 2854 1829; x_wconf 87' lang='lat' dir='ltr'><strong>subtilitatem,</strong></span> <span class='ocrx_word' id='word_1_410' title='bbox 2895 1764 3120 1832; x_wconf 84' lang='lat' dir='ltr'><strong>vimque</strong></span> <span class='ocrx_word' id='word_1_411' title='bbox 3170 1762 3497 1817; x_wconf 82' lang='lat' dir='ltr'><strong>rhetoricam</strong></span> <span class='ocrx_word' id='word_1_412' title='bbox 3551 1775 3711 1830; x_wconf 85' lang='lat' dir='ltr'><strong>supe-</strong></span> 
     </span>
    </p>
   </div>
   <div class='ocr_carea' id='block_1_60' title="bbox 2127 1852 3712 1927">
    <p class='ocr_par' dir='ltr' id='par_1_60' title="bbox 2127 1852 3712 1927">
     <span class='ocr_line' id='line_1_60' title="bbox 2127 1852 3712 1927; baseline -0.005 -14"><span class='ocrx_word' id='word_1_413' title='bbox 2127 1858 2383 1927; x_wconf 79' lang='lat' dir='ltr'><strong>retzipsi</strong></span> <span class='ocrx_word' id='word_1_414' title='bbox 2444 1871 2683 1926; x_wconf 87' lang='lat' dir='ltr'><strong>namque</strong></span> <span class='ocrx_word' id='word_1_415' title='bbox 2727 1856 2927 1909; x_wconf 79' lang='lat' dir='ltr'><strong>inﬁrmi</strong></span> <span class='ocrx_word' id='word_1_416' title='bbox 2976 1870 3187 1909; x_wconf 85' lang='lat' dir='ltr'><strong>sumus.</strong></span> <span class='ocrx_word' id='word_1_417' title='bbox 3260 1852 3528 1908; x_wconf 75' lang='lat' dir='ltr'><strong>Czeterum</strong></span> <span class='ocrx_word' id='word_1_418' title='bbox 3574 1865 3712 1919; x_wconf 87' lang='lat' dir='ltr'><strong>quas</strong></span> 
     </span>
    </p>
   </div>
   <div class='ocr_carea' id='block_1_61' title="bbox 2128 1949 3710 2022">
    <p class='ocr_par' dir='ltr' id='par_1_61' title="bbox 2128 1949 3710 2022">
     <span class='ocr_line' id='line_1_61' title="bbox 2128 1949 3710 2022; baseline -0.008 -15"><span class='ocrx_word' id='word_1_419' title='bbox 2128 1960 2378 2022; x_wconf 89' lang='lat' dir='ltr'><strong>possunt,</strong></span> <span class='ocrx_word' id='word_1_420' title='bbox 2411 1951 2676 2006; x_wconf 79' lang='lat' dir='ltr'><strong>beneﬁcio</strong></span> <span class='ocrx_word' id='word_1_421' title='bbox 2708 1949 2887 2004; x_wconf 71' lang='lat' dir='ltr'><strong>affecti</strong></span> <span class='ocrx_word' id='word_1_422' title='bbox 2922 1949 3082 2018; x_wconf 89' lang='lat' dir='ltr'><strong>primi</strong></span> <span class='ocrx_word' id='word_1_423' title='bbox 3131 1954 3409 2017; x_wconf 87' lang='lat' dir='ltr'><strong>parentes,</strong></span> <span class='ocrx_word' id='word_1_424' title='bbox 3445 1959 3552 1999; x_wconf 87' lang='lat' dir='ltr'><strong>una</strong></span> <span class='ocrx_word' id='word_1_425' title='bbox 3582 1957 3710 1999; x_wconf 88' lang='lat' dir='ltr'><strong>eum</strong></span> 
     </span>
    </p>
   </div>
   <div class='ocr_carea' id='block_1_62' title="bbox 2128 2035 3708 2114">
    <p class='ocr_par' dir='ltr' id='par_1_62' title="bbox 2128 2035 3708 2114">
     <span class='ocr_line' id='line_1_62' title="bbox 2128 2035 3708 2114; baseline -0.006 -18"><span class='ocrx_word' id='word_1_426' title='bbox 2128 2052 2322 2107; x_wconf 87' lang='lat' dir='ltr'><strong>matre,</strong></span> <span class='ocrx_word' id='word_1_427' title='bbox 2353 2043 2651 2114; x_wconf 76' lang='lat' dir='ltr'><strong>gratiarum</strong></span> <span class='ocrx_word' id='word_1_428' title='bbox 2697 2041 2948 2096; x_wconf 80' lang='lat' dir='ltr'><strong>referunt</strong></span> <span class='ocrx_word' id='word_1_429' title='bbox 3008 2040 3272 2094; x_wconf 86' lang='lat' dir='ltr'><strong>actiones.</strong></span> <span class='ocrx_word' id='word_1_430' title='bbox 3305 2036 3507 2103; x_wconf 85' lang='lat' dir='ltr'><strong>Quales</strong></span> <span class='ocrx_word' id='word_1_431' title='bbox 3562 2035 3708 2089; x_wconf 90' lang='lat' dir='ltr'><strong>enim</strong></span> 
     </span>
    </p>
   </div>
   <div class='ocr_carea' id='block_1_63' title="bbox 2127 2124 3713 2197">
    <p class='ocr_par' dir='ltr' id='par_1_63' title="bbox 2127 2124 3713 2197">
     <span class='ocr_line' id='line_1_63' title="bbox 2127 2124 3713 2197; baseline -0.006 -9"><span class='ocrx_word' id='word_1_432' title='bbox 2127 2134 2177 2188; x_wconf 90' lang='lat' dir='ltr'><strong>ei</strong></span> <span class='ocrx_word' id='word_1_433' title='bbox 2212 2133 2715 2197; x_wconf 85' lang='lat' dir='ltr'><strong>admurmurarunl,</strong></span> <span class='ocrx_word' id='word_1_434' title='bbox 2735 2133 2805 2186; x_wconf 90' lang='lat' dir='ltr'><strong>ab</strong></span> <span class='ocrx_word' id='word_1_435' title='bbox 2834 2131 3054 2186; x_wconf 65' lang='lat' dir='ltr'><strong>aeternis</strong></span> <span class='ocrx_word' id='word_1_436' title='bbox 3079 2129 3154 2183; x_wconf 87' lang='lat' dir='ltr'><strong>illi</strong></span> <span class='ocrx_word' id='word_1_437' title='bbox 3185 2127 3420 2181; x_wconf 87' lang='lat' dir='ltr'><strong>absoluti</strong></span> <span class='ocrx_word' id='word_1_438' title='bbox 3453 2124 3713 2190; x_wconf 82' lang='lat' dir='ltr'><strong>vinculis,</strong></span> 
     </span>
    </p>
   </div>
   <div class='ocr_carea' id='block_1_64' title="bbox 2129 2220 3713 2284">
    <p class='ocr_par' dir='ltr' id='par_1_64' title="bbox 2129 2220 3713 2284">
     <span class='ocr_line' id='line_1_64' title="bbox 2129 2220 3713 2284; baseline -0.005 -5"><span class='ocrx_word' id='word_1_439' title='bbox 2129 2239 2194 2279; x_wconf 81' lang='lat' dir='ltr'><strong>ac</strong></span> <span class='ocrx_word' id='word_1_440' title='bbox 2244 2226 2312 2280; x_wconf 87' lang='lat' dir='ltr'><strong>ab</strong></span> <span class='ocrx_word' id='word_1_441' title='bbox 2372 2225 2608 2279; x_wconf 82' lang='lat' dir='ltr'><strong>obscura</strong></span> <span class='ocrx_word' id='word_1_442' title='bbox 2655 2224 2744 2277; x_wconf 89' lang='lat' dir='ltr'><strong>illa</strong></span> <span class='ocrx_word' id='word_1_443' title='bbox 2803 2224 3016 2278; x_wconf 89' lang='lat' dir='ltr'><strong>liberati</strong></span> <span class='ocrx_word' id='word_1_444' title='bbox 3067 2220 3357 2284; x_wconf 82' lang='lat' dir='ltr'><strong>custodia,</strong></span> <span class='ocrx_word' id='word_1_445' title='bbox 3395 2233 3516 2272; x_wconf 88' lang='lat' dir='ltr'><strong>cum</strong></span> <span class='ocrx_word' id='word_1_446' title='bbox 3561 2233 3626 2270; x_wconf 79' lang='lat' dir='ltr'><strong>ex</strong></span> <span class='ocrx_word' id='word_1_447' title='bbox 3661 2225 3713 2271; x_wconf 89' lang='lat' dir='ltr'><strong>te</strong></span> 
     </span>
    </p>
   </div>
   <div class='ocr_carea' id='block_1_65' title="bbox 2127 2308 3713 2386">
    <p class='ocr_par' dir='ltr' id='par_1_65' title="bbox 2127 2308 3713 2386">
     <span class='ocr_line' id='line_1_65' title="bbox 2127 2308 3713 2386; baseline -0.006 -15"><span class='ocrx_word' id='word_1_448' title='bbox 2127 2326 2423 2386; x_wconf 81' lang='lat' dir='ltr'><strong>assumptae</strong></span> <span class='ocrx_word' id='word_1_449' title='bbox 2485 2315 2670 2370; x_wconf 88' lang='lat' dir='ltr'><strong>carnis</strong></span> <span class='ocrx_word' id='word_1_450' title='bbox 2723 2315 3064 2370; x_wconf 85' lang='lat' dir='ltr'><strong>adminiculo</strong></span> <span class='ocrx_word' id='word_1_451' title='bbox 3123 2319 3352 2366; x_wconf 91' lang='lat' dir='ltr'><strong>mortem</strong></span> <span class='ocrx_word' id='word_1_452' title='bbox 3407 2308 3713 2379; x_wconf 84' lang='lat' dir='ltr'><strong>proculcari</strong></span> 
     </span>
    </p>
   </div>
   <div class='ocr_carea' id='block_1_66' title="bbox 2128 2403 3713 2478">
    <p class='ocr_par' dir='ltr' id='par_1_66' title="bbox 2128 2403 3713 2478">
     <span class='ocr_line' id='line_1_66' title="bbox 2128 2403 3713 2478; baseline -0.005 -16"><span class='ocrx_word' id='word_1_453' title='bbox 2128 2409 2403 2471; x_wconf 80' lang='lat' dir='ltr'><strong>viderunt,</strong></span> <span class='ocrx_word' id='word_1_454' title='bbox 2424 2406 2734 2478; x_wconf 81' lang='lat' dir='ltr'><strong>infernique</strong></span> <span class='ocrx_word' id='word_1_455' title='bbox 2761 2406 2978 2462; x_wconf 80' lang='lat' dir='ltr'><strong>vacuari</strong></span> <span class='ocrx_word' id='word_1_456' title='bbox 3012 2403 3359 2474; x_wconf 89' lang='lat' dir='ltr'><strong>receptacula</strong></span> <span class='ocrx_word' id='word_1_457' title='bbox 3381 2439 3397 2466; x_wconf 92' lang='lat'><strong>,</strong></span> <span class='ocrx_word' id='word_1_458' title='bbox 3428 2417 3490 2455; x_wconf 89' lang='lat' dir='ltr'><strong>ac</strong></span> <span class='ocrx_word' id='word_1_459' title='bbox 3518 2415 3713 2454; x_wconf 83' lang='lat' dir='ltr'><strong>omnes</strong></span> 
     </span>
    </p>
   </div>
   <div class='ocr_carea' id='block_1_67' title="bbox 2130 2491 3715 2568">
    <p class='ocr_par' dir='ltr' id='par_1_67' title="bbox 2130 2491 3715 2568">
     <span class='ocr_line' id='line_1_67' title="bbox 2130 2491 3715 2568; baseline -0.005 -16"><span class='ocrx_word' id='word_1_460' title='bbox 2130 2499 2352 2568; x_wconf 89' lang='lat' dir='ltr'><strong>quidem</strong></span> <span class='ocrx_word' id='word_1_461' title='bbox 2384 2499 2450 2552; x_wconf 86' lang='lat' dir='ltr'><strong>ad</strong></span> <span class='ocrx_word' id='word_1_462' title='bbox 2493 2512 2662 2552; x_wconf 92' lang='lat' dir='ltr'><strong>unum</strong></span> <span class='ocrx_word' id='word_1_463' title='bbox 2712 2505 2961 2550; x_wconf 89' lang='lat' dir='ltr'><strong>mortuos</strong></span> <span class='ocrx_word' id='word_1_464' title='bbox 3003 2496 3141 2562; x_wconf 83' lang='lat' dir='ltr'><strong>rapi.</strong></span> <span class='ocrx_word' id='word_1_465' title='bbox 3171 2503 3338 2562; x_wconf 84' lang='lat' dir='ltr'><strong>atque</strong></span> <span class='ocrx_word' id='word_1_466' title='bbox 3366 2507 3396 2546; x_wconf 89' lang='lat' dir='ltr'><strong>a</strong></span> <span class='ocrx_word' id='word_1_467' title='bbox 3434 2491 3715 2560; x_wconf 85' lang='lat' dir='ltr'><strong>tyrannica</strong></span> 
     </span>
    </p>
   </div>
   <div class='ocr_carea' id='block_1_68' title="bbox 2131 2579 3716 2660">
    <p class='ocr_par' dir='ltr' id='par_1_68' title="bbox 2131 2579 3716 2660">
     <span class='ocr_line' id='line_1_68' title="bbox 2131 2579 3716 2660; baseline -0.008 -14"><span class='ocrx_word' id='word_1_468' title='bbox 2131 2590 2332 2646; x_wconf 86' lang='lat' dir='ltr'><strong>liberos</strong></span> <span class='ocrx_word' id='word_1_469' title='bbox 2360 2590 2495 2645; x_wconf 80' lang='lat' dir='ltr'><strong>eﬂici</strong></span> <span class='ocrx_word' id='word_1_470' title='bbox 2535 2598 2804 2660; x_wconf 85' lang='lat' dir='ltr'><strong>potestate</strong></span> <span class='ocrx_word' id='word_1_471' title='bbox 2824 2628 2839 2651; x_wconf 96' lang='lat'><strong>,</strong></span> <span class='ocrx_word' id='word_1_472' title='bbox 2882 2579 2942 2642; x_wconf 7' lang='lat' dir='ltr'><strong>ise</strong></span> <span class='ocrx_word' id='word_1_473' title='bbox 2972 2602 3100 2642; x_wconf 79' lang='lat' dir='ltr'><strong>vero</strong></span> <span class='ocrx_word' id='word_1_474' title='bbox 3129 2587 3279 2655; x_wconf 90' lang='lat' dir='ltr'><strong>ipsos</strong></span> <span class='ocrx_word' id='word_1_475' title='bbox 3325 2583 3392 2637; x_wconf 86' lang='lat' dir='ltr'><strong>ad</strong></span> <span class='ocrx_word' id='word_1_476' title='bbox 3422 2582 3716 2651; x_wconf 80' lang='lat' dir='ltr'><strong>sempiter-</strong></span> 
     </span>
    </p>
   </div>
   <div class='ocr_carea' id='block_1_69' title="bbox 2132 2673 3715 2748">
    <p class='ocr_par' dir='ltr' id='par_1_69' title="bbox 2132 2673 3715 2748">
     <span class='ocr_line' id='line_1_69' title="bbox 2132 2673 3715 2748; baseline -0.008 -10"><span class='ocrx_word' id='word_1_477' title='bbox 2132 2701 2257 2738; x_wconf 90' lang='lat' dir='ltr'><strong>nam</strong></span> <span class='ocrx_word' id='word_1_478' title='bbox 2287 2684 2452 2738; x_wconf 84' lang='lat' dir='ltr'><strong>vitam</strong></span> <span class='ocrx_word' id='word_1_479' title='bbox 2486 2682 2765 2738; x_wconf 82' lang='lat' dir='ltr'><strong>remeare?</strong></span> <span class='ocrx_word' id='word_1_480' title='bbox 2821 2681 3033 2748; x_wconf 80' lang='lat' dir='ltr'><strong>Quibus</strong></span> <span class='ocrx_word' id='word_1_481' title='bbox 3073 2695 3204 2734; x_wconf 84' lang='lat' dir='ltr'><strong>vero</strong></span> <span class='ocrx_word' id='word_1_482' title='bbox 3263 2677 3458 2731; x_wconf 80' lang='lat' dir='ltr'><strong>faustis</strong></span> <span class='ocrx_word' id='word_1_483' title='bbox 3512 2673 3715 2728; x_wconf 89' lang='lat' dir='ltr'><strong>omini-</strong></span> 
     </span>
    </p>
   </div>
   <div class='ocr_carea' id='block_1_70' title="bbox 2132 2766 3711 2841">
    <p class='ocr_par' dir='ltr' id='par_1_70' title="bbox 2132 2766 3711 2841">
     <span class='ocr_line' id='line_1_70' title="bbox 2132 2766 3711 2841; baseline -0.008 -10"><span class='ocrx_word' id='word_1_484' title='bbox 2132 2777 2264 2840; x_wconf 86' lang='lat' dir='ltr'><strong>bus,</strong></span> <span class='ocrx_word' id='word_1_485' title='bbox 2342 2787 2395 2830; x_wconf 90' lang='lat' dir='ltr'><strong>te</strong></span> <span class='ocrx_word' id='word_1_486' title='bbox 2459 2775 2704 2831; x_wconf 82' lang='lat' dir='ltr'><strong>Adamus</strong></span> <span class='ocrx_word' id='word_1_487' title='bbox 2773 2775 2863 2828; x_wconf 87' lang='lat' dir='ltr'><strong>ille</strong></span> <span class='ocrx_word' id='word_1_488' title='bbox 2930 2783 3057 2827; x_wconf 88' lang='lat' dir='ltr'><strong>tuus</strong></span> <span class='ocrx_word' id='word_1_489' title='bbox 3117 2769 3435 2841; x_wconf 79' lang='lat' dir='ltr'><strong>progenitor</strong></span> <span class='ocrx_word' id='word_1_490' title='bbox 3494 2766 3711 2828; x_wconf 74' lang='lat' dir='ltr'><strong>aﬂatur,</strong></span> 
     </span>
    </p>
   </div>
   <div class='ocr_carea' id='block_1_71' title="bbox 2131 2861 3716 2934">
    <p class='ocr_par' dir='ltr' id='par_1_71' title="bbox 2131 2861 3716 2934">
     <span class='ocr_line' id='line_1_71' title="bbox 2131 2861 3716 2934; baseline -0.009 -12"><span class='ocrx_word' id='word_1_491' title='bbox 2131 2869 2361 2923; x_wconf 87' lang='lat' dir='ltr'><strong>dicens:</strong></span> <span class='ocrx_word' id='word_1_492' title='bbox 2400 2866 2444 2920; x_wconf 90' lang='lat'><strong>0</strong></span> <span class='ocrx_word' id='word_1_493' title='bbox 2480 2865 2621 2934; x_wconf 77' lang='lat' dir='ltr'><strong>filia,</strong></span> <span class='ocrx_word' id='word_1_494' title='bbox 2653 2863 2808 2934; x_wconf 87' lang='lat' dir='ltr'><strong>quale</strong></span> <span class='ocrx_word' id='word_1_495' title='bbox 2837 2880 2903 2918; x_wconf 78' lang='lat' dir='ltr'><strong>ea:</strong></span> <span class='ocrx_word' id='word_1_496' title='bbox 2944 2879 3056 2916; x_wconf 89' lang='lat' dir='ltr'><strong>meo</strong></span> <span class='ocrx_word' id='word_1_497' title='bbox 3089 2861 3291 2915; x_wconf 75' lang='lat' dir='ltr'><strong>sentina</strong></span> <span class='ocrx_word' id='word_1_498' title='bbox 3332 2873 3546 2928; x_wconf 80' lang='lat' dir='ltr'><strong>germen</strong></span> <span class='ocrx_word' id='word_1_499' title='bbox 3596 2873 3716 2910; x_wconf 83' lang='lat' dir='ltr'><strong>sur--</strong></span> 
     </span>
    </p>
   </div>
   <div class='ocr_carea' id='block_1_72' title="bbox 2133 2945 3710 3021">
    <p class='ocr_par' dir='ltr' id='par_1_72' title="bbox 2133 2945 3710 3021">
     <span class='ocr_line' id='line_1_72' title="bbox 2133 2945 3710 3021; baseline -0.009 -9"><span class='ocrx_word' id='word_1_500' title='bbox 2133 2959 2314 3012; x_wconf 75' lang='lat' dir='ltr'><strong>rexiszi</strong></span> <span class='ocrx_word' id='word_1_501' title='bbox 2332 2958 2353 3010; x_wconf 89' lang='lat'><strong>.&#39;</strong></span> <span class='ocrx_word' id='word_1_502' title='bbox 2386 2956 2609 3021; x_wconf 83' lang='lat' dir='ltr'><strong>Qualem</strong></span> <span class='ocrx_word' id='word_1_503' title='bbox 2635 2971 2842 3008; x_wconf 85' lang='lat' dir='ltr'><strong>ramum</strong></span> <span class='ocrx_word' id='word_1_504' title='bbox 2867 2954 3120 3006; x_wconf 85' lang='lat' dir='ltr'><strong>uirentem</strong></span> <span class='ocrx_word' id='word_1_505' title='bbox 3139 2950 3302 3003; x_wconf 82' lang='lat' dir='ltr'><strong>edidit</strong></span> <span class='ocrx_word' id='word_1_506' title='bbox 3329 2957 3524 3002; x_wconf 88' lang='lat' dir='ltr'><strong>natura</strong></span> <span class='ocrx_word' id='word_1_507' title='bbox 3559 2945 3710 3000; x_wconf 88' lang='lat' dir='ltr'><strong>mea!</strong></span> 
     </span>
    </p>
   </div>
   <div class='ocr_carea' id='block_1_73' title="bbox 2133 3039 3714 3116">
    <p class='ocr_par' dir='ltr' id='par_1_73' title="bbox 2133 3039 3714 3116">
     <span class='ocr_line' id='line_1_73' title="bbox 2133 3039 3714 3116; baseline -0.01 -11"><span class='ocrx_word' id='word_1_508' title='bbox 2133 3051 2359 3116; x_wconf 83' lang='lat' dir='ltr'><strong>Qualem</strong></span> <span class='ocrx_word' id='word_1_509' title='bbox 2407 3048 2780 3103; x_wconf 77' lang='lat' dir='ltr'><strong>benedictionis</strong></span> <span class='ocrx_word' id='word_1_510' title='bbox 2834 3047 3018 3115; x_wconf 81' lang='lat' dir='ltr'><strong>ﬂorent</strong></span> <span class='ocrx_word' id='word_1_511' title='bbox 3071 3040 3324 3113; x_wconf 73' lang='lat' dir='ltr'><strong>efﬂoruit!</strong></span> <span class='ocrx_word' id='word_1_512' title='bbox 3371 3041 3592 3109; x_wconf 83' lang='lat' dir='ltr'><strong>ﬂorem,</strong></span> <span class='ocrx_word' id='word_1_513' title='bbox 3635 3039 3714 3090; x_wconf 85' lang='lat' dir='ltr'><strong>in-</strong></span> 
     </span>
    </p>
   </div>
   <div class='ocr_carea' id='block_1_74' title="bbox 2133 3130 3719 3213">
    <p class='ocr_par' dir='ltr' id='par_1_74' title="bbox 2133 3130 3719 3213">
     <span class='ocr_line' id='line_1_74' title="bbox 2133 3130 3719 3213; baseline -0.009 -16"><span class='ocrx_word' id='word_1_514' title='bbox 2133 3159 2308 3213; x_wconf 87' lang='lat' dir='ltr'><strong>quam,</strong></span> <span class='ocrx_word' id='word_1_515' title='bbox 2337 3142 2521 3213; x_wconf 84' lang='lat' dir='ltr'><strong>gaudii</strong></span> <span class='ocrx_word' id='word_1_516' title='bbox 2544 3141 2969 3196; x_wconf 77' lang='lat' dir='ltr'><strong>suaveolentiam</strong></span> <span class='ocrx_word' id='word_1_517' title='bbox 2985 3139 3276 3206; x_wconf 75' lang='lat' dir='ltr'><strong>spirantem</strong></span> <span class='ocrx_word' id='word_1_518' title='bbox 3290 3149 3456 3198; x_wconf 79' lang='lat' dir='ltr'><strong>,‘mea:</strong></span> <span class='ocrx_word' id='word_1_519' title='bbox 3483 3130 3719 3184; x_wconf 79' lang='lat' dir='ltr'><strong>tristitia:</strong></span> 
     </span>
    </p>
   </div>
   <div class='ocr_carea' id='block_1_75' title="bbox 2133 3222 3715 3295">
    <p class='ocr_par' dir='ltr' id='par_1_75' title="bbox 2133 3222 3715 3295">
     <span class='ocr_line' id='line_1_75' title="bbox 2133 3222 3715 3295; baseline -0.011 -5"><span class='ocrx_word' id='word_1_520' title='bbox 2133 3235 2523 3290; x_wconf 81' lang='lat' dir='ltr'><strong>submouentem</strong></span> <span class='ocrx_word' id='word_1_521' title='bbox 2562 3232 3012 3295; x_wconf 85' lang='lat' dir='ltr'><strong>amaritudinem;</strong></span> <span class='ocrx_word' id='word_1_522' title='bbox 3044 3225 3546 3283; x_wconf 87' lang='lat' dir='ltr'><strong>immarcescibilem</strong></span> <span class='ocrx_word' id='word_1_523' title='bbox 3573 3222 3715 3291; x_wconf 71' lang='grc' dir='ltr'><strong>επισ-</strong></span> 
     </span>
    </p>
   </div>
   <div class='ocr_carea' id='block_1_76' title="bbox 2136 3314 3720 3392">
    <p class='ocr_par' dir='ltr' id='par_1_76' title="bbox 2136 3314 3720 3392">
     <span class='ocr_line' id='line_1_76' title="bbox 2136 3314 3720 3392; baseline -0.008 -13"><span class='ocrx_word' id='word_1_524' title='bbox 2136 3335 2335 3379; x_wconf 89' lang='lat' dir='ltr'><strong>rentem</strong></span> <span class='ocrx_word' id='word_1_525' title='bbox 2389 3325 2757 3379; x_wconf 79' lang='lat' dir='ltr'><strong>dulcedinem:</strong></span> <span class='ocrx_word' id='word_1_526' title='bbox 2789 3325 2996 3392; x_wconf 82' lang='lat' dir='ltr'><strong>ﬂorem,</strong></span> <span class='ocrx_word' id='word_1_527' title='bbox 3038 3337 3102 3374; x_wconf 78' lang='lat' dir='ltr'><strong>ea:</strong></span> <span class='ocrx_word' id='word_1_528' title='bbox 3133 3337 3232 3389; x_wconf 88' lang='lat' dir='ltr'><strong>quo</strong></span> <span class='ocrx_word' id='word_1_529' title='bbox 3281 3332 3587 3384; x_wconf 79' lang='lat' dir='ltr'><strong>expressum</strong></span> <span class='ocrx_word' id='word_1_530' title='bbox 3617 3314 3720 3384; x_wconf 75' lang='lat' dir='ltr'><strong>fuit</strong></span> 
     </span>
    </p>
   </div>
   <div class='ocr_carea' id='block_1_77' title="bbox 2133 3408 3722 3490">
    <p class='ocr_par' dir='ltr' id='par_1_77' title="bbox 2133 3408 3722 3490">
     <span class='ocr_line' id='line_1_77' title="bbox 2133 3408 3722 3490; baseline -0.008 -19"><span class='ocrx_word' id='word_1_531' title='bbox 2133 3418 2576 3490; x_wconf 73' lang='lat' dir='ltr'><strong>pretiosissimum</strong></span> <span class='ocrx_word' id='word_1_532' title='bbox 2599 3424 3026 3486; x_wconf 86' lang='lat' dir='ltr'><strong>unguentum,ac</strong></span> <span class='ocrx_word' id='word_1_533' title='bbox 3057 3429 3120 3467; x_wconf 78' lang='lat' dir='ltr'><strong>ea:</strong></span> <span class='ocrx_word' id='word_1_534' title='bbox 3155 3429 3256 3482; x_wconf 92' lang='lat' dir='ltr'><strong>quo</strong></span> <span class='ocrx_word' id='word_1_535' title='bbox 3287 3426 3412 3464; x_wconf 72' lang='lat' dir='ltr'><strong>mea:</strong></span> <span class='ocrx_word' id='word_1_536' title='bbox 3441 3408 3722 3476; x_wconf 75' lang='lat' dir='ltr'><strong>formatio-</strong></span> 
     </span>
    </p>
   </div>
   <div class='ocr_carea' id='block_1_78' title="bbox 2134 3501 3721 3577">
    <p class='ocr_par' dir='ltr' id='par_1_78' title="bbox 2134 3501 3721 3577">
     <span class='ocr_line' id='line_1_78' title="bbox 2134 3501 3721 3577; baseline -0.008 -13"><span class='ocrx_word' id='word_1_537' title='bbox 2134 3511 2217 3564; x_wconf 86' lang='lat' dir='ltr'><strong>nis</strong></span> <span class='ocrx_word' id='word_1_538' title='bbox 2265 3510 2444 3564; x_wconf 83' lang='lat' dir='ltr'><strong>suavis</strong></span> <span class='ocrx_word' id='word_1_539' title='bbox 2480 3509 2612 3561; x_wconf 89' lang='lat' dir='ltr'><strong>odor</strong></span> <span class='ocrx_word' id='word_1_540' title='bbox 2650 3508 2742 3561; x_wconf 88' lang='lat' dir='ltr'><strong>ille</strong></span> <span class='ocrx_word' id='word_1_541' title='bbox 2779 3507 2990 3577; x_wconf 76' lang='lat' dir='ltr'><strong>e/ﬂavit.</strong></span> <span class='ocrx_word' id='word_1_542' title='bbox 3027 3504 3070 3560; x_wconf 89' lang='lat'><strong>0</strong></span> <span class='ocrx_word' id='word_1_543' title='bbox 3118 3520 3350 3574; x_wconf 87' lang='lat' dir='ltr'><strong>germen,</strong></span> <span class='ocrx_word' id='word_1_544' title='bbox 3383 3501 3534 3571; x_wconf 86' lang='lat' dir='ltr'><strong>cujus</strong></span> <span class='ocrx_word' id='word_1_545' title='bbox 3571 3501 3721 3553; x_wconf 83' lang='lat' dir='ltr'><strong>bene-</strong></span> 
     </span>
    </p>
   </div>
   <div class='ocr_carea' id='block_1_79' title="bbox 2135 3595 3718 3672">
    <p class='ocr_par' dir='ltr' id='par_1_79' title="bbox 2135 3595 3718 3672">
     <span class='ocr_line' id='line_1_79' title="bbox 2135 3595 3718 3672; baseline -0.009 -15"><span class='ocrx_word' id='word_1_546' title='bbox 2135 3603 2257 3672; x_wconf 82' lang='lat' dir='ltr'><strong>ﬁcio</strong></span> <span class='ocrx_word' id='word_1_547' title='bbox 2284 3602 2490 3656; x_wconf 88' lang='lat' dir='ltr'><strong>arboris</strong></span> <span class='ocrx_word' id='word_1_548' title='bbox 2528 3600 2661 3656; x_wconf 90' lang='lat' dir='ltr'><strong>illud</strong></span> <span class='ocrx_word' id='word_1_549' title='bbox 2691 3599 2949 3654; x_wconf 85' lang='lat' dir='ltr'><strong>emarcuit</strong></span> <span class='ocrx_word' id='word_1_550' title='bbox 2982 3597 3222 3651; x_wconf 85' lang='lat' dir='ltr'><strong>crimen!</strong></span> <span class='ocrx_word' id='word_1_551' title='bbox 3256 3595 3499 3656; x_wconf 84' lang='lat' dir='ltr'><strong>Germen,</strong></span> <span class='ocrx_word' id='word_1_552' title='bbox 3529 3608 3594 3646; x_wconf 67' lang='lat' dir='ltr'><strong>ea“-</strong></span> <span class='ocrx_word' id='word_1_553' title='bbox 3617 3607 3718 3662; x_wconf 90' lang='lat' dir='ltr'><strong>quo</strong></span> 
     </span>
    </p>
   </div>
   <div class='ocr_carea' id='block_1_80' title="bbox 2134 3681 3722 3762">
    <p class='ocr_par' dir='ltr' id='par_1_80' title="bbox 2134 3681 3722 3762">
     <span class='ocr_line' id='line_1_80' title="bbox 2134 3681 3722 3762; baseline -0.008 -16"><span class='ocrx_word' id='word_1_554' title='bbox 2134 3692 2336 3762; x_wconf 83' lang='lat' dir='ltr'><strong>lignum</strong></span> <span class='ocrx_word' id='word_1_555' title='bbox 2385 3692 2506 3746; x_wconf 73' lang='lat' dir='ltr'><strong>vita:</strong></span> <span class='ocrx_word' id='word_1_556' title='bbox 2553 3706 2674 3744; x_wconf 89' lang='lat' dir='ltr'><strong>cum</strong></span> <span class='ocrx_word' id='word_1_557' title='bbox 2721 3705 2880 3743; x_wconf 86' lang='lat' dir='ltr'><strong>carne</strong></span> <span class='ocrx_word' id='word_1_558' title='bbox 2915 3701 3130 3742; x_wconf 87' lang='lat' dir='ltr'><strong>enatum</strong></span> <span class='ocrx_word' id='word_1_559' title='bbox 3185 3685 3420 3756; x_wconf 85' lang='lat' dir='ltr'><strong>prodiit;</strong></span> <span class='ocrx_word' id='word_1_560' title='bbox 3461 3699 3553 3753; x_wconf 76' lang='lat' dir='ltr'><strong>per</strong></span> <span class='ocrx_word' id='word_1_561' title='bbox 3583 3681 3722 3752; x_wconf 84' lang='lat' dir='ltr'><strong>quod</strong></span> 
     </span>
    </p>
   </div>
   <div class='ocr_carea' id='block_1_81' title="bbox 2134 3776 3720 3852">
    <p class='ocr_par' dir='ltr' id='par_1_81' title="bbox 2134 3776 3720 3852">
     <span class='ocr_line' id='line_1_81' title="bbox 2134 3776 3720 3852; baseline -0.006 -15"><span class='ocrx_word' id='word_1_562' title='bbox 2134 3800 2277 3838; x_wconf 89' lang='lat' dir='ltr'><strong>mors</strong></span> <span class='ocrx_word' id='word_1_563' title='bbox 2309 3800 2402 3852; x_wconf 87' lang='lat' dir='ltr'><strong>per</strong></span> <span class='ocrx_word' id='word_1_564' title='bbox 2430 3782 2839 3836; x_wconf 85' lang='lat' dir='ltr'><strong>inobedieutiam</strong></span> <span class='ocrx_word' id='word_1_565' title='bbox 2861 3781 3098 3840; x_wconf 89' lang='lat' dir='ltr'><strong>inducta,</strong></span> <span class='ocrx_word' id='word_1_566' title='bbox 3131 3780 3389 3832; x_wconf 77' lang='lat' dir='ltr'><strong>radicitus</strong></span> <span class='ocrx_word' id='word_1_567' title='bbox 3420 3776 3720 3843; x_wconf 72' lang='lat' dir='ltr'><strong>exstirpata</strong></span> 
     </span>
    </p>
   </div>
   <div class='ocr_carea' id='block_1_82' title="bbox 2135 3867 3718 3940">
    <p class='ocr_par' dir='ltr' id='par_1_82' title="bbox 2135 3867 3718 3940">
     <span class='ocr_line' id='line_1_82' title="bbox 2135 3867 3718 3940; baseline -0.01 -8"><span class='ocrx_word' id='word_1_568' title='bbox 2135 3887 2234 3932; x_wconf 84' lang='lat' dir='ltr'><strong>est.</strong></span> <span class='ocrx_word' id='word_1_569' title='bbox 2302 3875 2346 3931; x_wconf 93' lang='lat'><strong>0</strong></span> <span class='ocrx_word' id='word_1_570' title='bbox 2407 3876 2586 3940; x_wconf 76' lang='lat' dir='ltr'><strong>radix,</strong></span> <span class='ocrx_word' id='word_1_571' title='bbox 2647 3873 3054 3927; x_wconf 80' lang='lat' dir='ltr'><strong>resurrectionis</strong></span> <span class='ocrx_word' id='word_1_572' title='bbox 3119 3868 3361 3922; x_wconf 88' lang='lat' dir='ltr'><strong>arborem</strong></span> <span class='ocrx_word' id='word_1_573' title='bbox 3416 3867 3718 3934; x_wconf 74' lang='lat' dir='ltr'><strong>germinans</strong></span> 
     </span>
    </p>
   </div>
   <div class='ocr_carea' id='block_1_83' title="bbox 2136 3959 3718 4030">
    <p class='ocr_par' dir='ltr' id='par_1_83' title="bbox 2136 3959 3718 4030">
     <span class='ocr_line' id='line_1_83' title="bbox 2136 3959 3718 4030; baseline -0.008 -9"><span class='ocrx_word' id='word_1_574' title='bbox 2136 3967 2540 4021; x_wconf 88' lang='lat' dir='ltr'><strong>immortalitate</strong></span> <span class='ocrx_word' id='word_1_575' title='bbox 2597 3975 2930 4027; x_wconf 75' lang='lat' dir='ltr'><strong>vernantem,</strong></span> <span class='ocrx_word' id='word_1_576' title='bbox 2990 3963 3172 4017; x_wconf 88' lang='lat' dir='ltr'><strong>uberes</strong></span> <span class='ocrx_word' id='word_1_577' title='bbox 3225 3961 3418 4030; x_wconf 72' lang='lat' dir='ltr'><strong>gratim</strong></span> <span class='ocrx_word' id='word_1_578' title='bbox 3469 3959 3718 4026; x_wconf 76' lang='lat' dir='ltr'><strong>ferentem</strong></span> 
     </span>
    </p>
   </div>
   <div class='ocr_carea' id='block_1_84' title="bbox 2137 4051 3720 4130">
    <p class='ocr_par' dir='ltr' id='par_1_84' title="bbox 2137 4051 3720 4130">
     <span class='ocr_line' id='line_1_84' title="bbox 2137 4051 3720 4130; baseline -0.006 -18"><span class='ocrx_word' id='word_1_579' title='bbox 2137 4059 2366 4130; x_wconf 78' lang='lat' dir='ltr'><strong>fructus,</strong></span> <span class='ocrx_word' id='word_1_580' title='bbox 2413 4059 2566 4123; x_wconf 83' lang='lat' dir='ltr'><strong>cujus</strong></span> <span class='ocrx_word' id='word_1_581' title='bbox 2606 4074 2708 4111; x_wconf 86' lang='lat' dir='ltr'><strong>non</strong></span> <span class='ocrx_word' id='word_1_582' title='bbox 2768 4057 2962 4126; x_wconf 85' lang='lat' dir='ltr'><strong>deﬂuet</strong></span> <span class='ocrx_word' id='word_1_583' title='bbox 3013 4055 3242 4124; x_wconf 78' lang='lat' dir='ltr'><strong>fructus,</strong></span> <span class='ocrx_word' id='word_1_584' title='bbox 3297 4053 3603 4120; x_wconf 65' lang='lat' dir='ltr'><strong>deliciaeque</strong></span> <span class='ocrx_word' id='word_1_585' title='bbox 3668 4051 3720 4102; x_wconf 86' lang='lat' dir='ltr'><strong>in</strong></span> 
     </span>
    </p>
   </div>
   <div class='ocr_carea' id='block_1_85' title="bbox 2137 4144 3718 4216">
    <p class='ocr_par' dir='ltr' id='par_1_85' title="bbox 2137 4144 3718 4216">
     <span class='ocr_line' id='line_1_85' title="bbox 2137 4144 3718 4216; baseline -0.008 -10"><span class='ocrx_word' id='word_1_586' title='bbox 2137 4151 2336 4206; x_wconf 79' lang='lat' dir='ltr'><strong>swcula</strong></span> <span class='ocrx_word' id='word_1_587' title='bbox 2393 4150 2859 4205; x_wconf 86' lang='lat' dir='ltr'><strong>conservabuntur.</strong></span> <span class='ocrx_word' id='word_1_588' title='bbox 2921 4149 2964 4203; x_wconf 91' lang='lat'><strong>0</strong></span> <span class='ocrx_word' id='word_1_589' title='bbox 3023 4147 3138 4216; x_wconf 84' lang='lat' dir='ltr'><strong>ﬁlia</strong></span> <span class='ocrx_word' id='word_1_590' title='bbox 3205 4145 3406 4199; x_wconf 65' lang='lat' dir='ltr'><strong>laetitia:</strong></span> <span class='ocrx_word' id='word_1_591' title='bbox 3465 4144 3718 4207; x_wconf 70' lang='lat' dir='ltr'><strong>auctrix,</strong></span> 
     </span>
    </p>
   </div>
   <div class='ocr_carea' id='block_1_86' title="bbox 2136 4235 3724 4311">
    <p class='ocr_par' dir='ltr' id='par_1_86' title="bbox 2136 4235 3724 4311">
     <span class='ocr_line' id='line_1_86' title="bbox 2136 4235 3724 4311; baseline -0.009 -11"><span class='ocrx_word' id='word_1_592' title='bbox 2136 4243 2512 4300; x_wconf 69' lang='lat' dir='ltr'><strong>exsultationis</strong></span> <span class='ocrx_word' id='word_1_593' title='bbox 2563 4259 2750 4307; x_wconf 89' lang='lat' dir='ltr'><strong>causa,</strong></span> <span class='ocrx_word' id='word_1_594' title='bbox 2809 4241 3096 4311; x_wconf 87' lang='lat' dir='ltr'><strong>gaudiique</strong></span> <span class='ocrx_word' id='word_1_595' title='bbox 3133 4236 3506 4292; x_wconf 76' lang='lat' dir='ltr'><strong>conciliatrix!</strong></span> <span class='ocrx_word' id='word_1_596' title='bbox 3545 4235 3588 4292; x_wconf 94' lang='lat'><strong>0</strong></span> <span class='ocrx_word' id='word_1_597' title='bbox 3625 4235 3724 4288; x_wconf 83' lang='lat' dir='ltr'><strong>tri-</strong></span> 
     </span>
    </p>
   </div>
   <div class='ocr_carea' id='block_1_87' title="bbox 2139 4325 3722 4398">
    <p class='ocr_par' dir='ltr' id='par_1_87' title="bbox 2139 4325 3722 4398">
     <span class='ocr_line' id='line_1_87' title="bbox 2139 4325 3722 4398; baseline -0.008 -8"><span class='ocrx_word' id='word_1_598' title='bbox 2139 4336 2304 4390; x_wconf 71' lang='lat' dir='ltr'><strong>stitia:</strong></span> <span class='ocrx_word' id='word_1_599' title='bbox 2333 4333 2566 4398; x_wconf 88' lang='lat' dir='ltr'><strong>solutio;</strong></span> <span class='ocrx_word' id='word_1_600' title='bbox 2599 4331 2844 4386; x_wconf 86' lang='lat' dir='ltr'><strong>liberatio</strong></span> <span class='ocrx_word' id='word_1_601' title='bbox 2883 4348 2916 4384; x_wconf 92' lang='lat' dir='ltr'><strong>a</strong></span> <span class='ocrx_word' id='word_1_602' title='bbox 2959 4330 3209 4384; x_wconf 74' lang='lat' dir='ltr'><strong>maestitia</strong></span> <span class='ocrx_word' id='word_1_603' title='bbox 3242 4344 3260 4382; x_wconf 80' lang='lat'><strong>.&#39;</strong></span> <span class='ocrx_word' id='word_1_604' title='bbox 3289 4327 3531 4380; x_wconf 89' lang='lat' dir='ltr'><strong>laborum</strong></span> <span class='ocrx_word' id='word_1_605' title='bbox 3563 4325 3722 4394; x_wconf 78' lang='lat' dir='ltr'><strong>refri-</strong></span> 
     </span>
    </p>
   </div>
   <div class='ocr_carea' id='block_1_88' title="bbox 2140 4416 3722 4498">
    <p class='ocr_par' dir='ltr' id='par_1_88' title="bbox 2140 4416 3722 4498">
     <span class='ocr_line' id='line_1_88' title="bbox 2140 4416 3722 4498; baseline -0.006 -17"><span class='ocrx_word' id='word_1_606' title='bbox 2140 4427 2375 4498; x_wconf 88' lang='lat' dir='ltr'><strong>gerium;</strong></span> <span class='ocrx_word' id='word_1_607' title='bbox 2419 4425 2673 4478; x_wconf 87' lang='lat' dir='ltr'><strong>sudorum</strong></span> <span class='ocrx_word' id='word_1_608' title='bbox 2719 4422 3004 4477; x_wconf 84' lang='lat' dir='ltr'><strong>remissio!</strong></span> <span class='ocrx_word' id='word_1_609' title='bbox 3040 4421 3084 4476; x_wconf 94' lang='lat'><strong>0</strong></span> <span class='ocrx_word' id='word_1_610' title='bbox 3123 4438 3265 4491; x_wconf 89' lang='lat' dir='ltr'><strong>agna</strong></span> <span class='ocrx_word' id='word_1_611' title='bbox 3314 4436 3474 4474; x_wconf 88' lang='lat' dir='ltr'><strong>aureo</strong></span> <span class='ocrx_word' id='word_1_612' title='bbox 3514 4416 3722 4481; x_wconf 81' lang='lat' dir='ltr'><strong>vellere,</strong></span> 
     </span>
    </p>
   </div>
   <div class='ocr_carea' id='block_1_89' title="bbox 2141 4515 3727 4589">
    <p class='ocr_par' dir='ltr' id='par_1_89' title="bbox 2141 4515 3727 4589">
     <span class='ocr_line' id='line_1_89' title="bbox 2141 4515 3727 4589; baseline -0.006 -16"><span class='ocrx_word' id='word_1_613' title='bbox 2141 4535 2207 4573; x_wconf 71' lang='lat' dir='ltr'><strong>ea:</strong></span> <span class='ocrx_word' id='word_1_614' title='bbox 2245 4536 2352 4589; x_wconf 84' lang='lat' dir='ltr'><strong>qua</strong></span> <span class='ocrx_word' id='word_1_615' title='bbox 2393 4517 2614 4573; x_wconf 86' lang='lat' dir='ltr'><strong>Creator</strong></span> <span class='ocrx_word' id='word_1_616' title='bbox 2643 4527 2850 4570; x_wconf 77' lang='lat' dir='ltr'><strong>natura:</strong></span> <span class='ocrx_word' id='word_1_617' title='bbox 2879 4527 3075 4570; x_wconf 83' lang='lat' dir='ltr'><strong>vestem</strong></span> <span class='ocrx_word' id='word_1_618' title='bbox 3109 4515 3355 4578; x_wconf 88' lang='lat' dir='ltr'><strong>inducns,</strong></span> <span class='ocrx_word' id='word_1_619' title='bbox 3401 4529 3574 4567; x_wconf 90' lang='lat' dir='ltr'><strong>meam</strong></span> <span class='ocrx_word' id='word_1_620' title='bbox 3604 4527 3727 4579; x_wconf 86' lang='lat' dir='ltr'><strong>ope-</strong></span> 
     </span>
    </p>
   </div>
   <div class='ocr_carea' id='block_1_90' title="bbox 445 4603 2051 4685">
    <p class='ocr_par' dir='ltr' id='par_1_90' title="bbox 445 4609 2036 4685">
     <span class='ocr_line' id='line_1_90' title="bbox 445 4609 2036 4685; baseline 0.006 -25"><span class='ocrx_word' id='word_1_621' title='bbox 445 4609 718 4676; x_wconf 81' lang='grc' dir='ltr'><strong>Κτίστης</strong></span> <span class='ocrx_word' id='word_1_622' title='bbox 769 4611 836 4663; x_wconf 87' lang='grc' dir='ltr'><strong>τὸ</strong></span> <span class='ocrx_word' id='word_1_623' title='bbox 891 4610 1003 4679; x_wconf 80' lang='grc' dir='ltr'><strong>τῆς</strong></span> <span class='ocrx_word' id='word_1_624' title='bbox 1047 4613 1289 4680; x_wconf 76' lang='grc' dir='ltr'><strong>φύσεως</strong></span> <span class='ocrx_word' id='word_1_625' title='bbox 1340 4614 1756 4684; x_wconf 76' lang='grc' dir='ltr'><strong>ἐνδυσάμενος</strong></span> <span class='ocrx_word' id='word_1_626' title='bbox 1805 4617 2036 4685; x_wconf 77' lang='grc' dir='ltr'><strong>περιϐό-</strong></span> 
     </span>
    </p>
   </div>
   <div class='ocr_carea' id='block_1_91' title="bbox 2135 4603 3722 4685">
    <p class='ocr_par' dir='ltr' id='par_1_91' title="bbox 2149 4603 3722 4677">
     <span class='ocr_line' id='line_1_91' title="bbox 2149 4603 3722 4677; baseline -0.007 -12"><span class='ocrx_word' id='word_1_627' title='bbox 2149 4612 2258 4665; x_wconf 89' lang='lat' dir='ltr'><strong>ruit</strong></span> <span class='ocrx_word' id='word_1_628' title='bbox 2306 4611 2597 4664; x_wconf 89' lang='lat' dir='ltr'><strong>nuditatem</strong></span> <span class='ocrx_word' id='word_1_629' title='bbox 2639 4618 2689 4664; x_wconf 89' lang='lat' dir='ltr'><strong>et</strong></span> <span class='ocrx_word' id='word_1_630' title='bbox 2720 4610 2820 4663; x_wconf 90' lang='lat' dir='ltr'><strong>mei</strong></span> <span class='ocrx_word' id='word_1_631' title='bbox 2851 4609 3032 4677; x_wconf 86' lang='lat' dir='ltr'><strong>probri</strong></span> <span class='ocrx_word' id='word_1_632' title='bbox 3065 4607 3450 4677; x_wconf 86' lang='lat' dir='ltr'><strong>turpitudinem</strong></span> <span class='ocrx_word' id='word_1_633' title='bbox 3491 4603 3722 4666; x_wconf 79' lang='lat' dir='ltr'><strong>obtexit,</strong></span> 
     </span>
    </p>
   </div>
   <div class='ocr_carea' id='block_1_92' title="bbox 445 4700 2044 4778">
    <p class='ocr_par' dir='ltr' id='par_1_92' title="bbox 445 4700 2044 4778">
     <span class='ocr_line' id='line_1_92' title="bbox 445 4700 2044 4778; baseline 0.007 -27"><span class='ocrx_word' id='word_1_634' title='bbox 445 4701 654 4764; x_wconf 79' lang='grc' dir='ltr'><strong>λαιον,</strong></span> <span class='ocrx_word' id='word_1_635' title='bbox 685 4700 802 4768; x_wconf 81' lang='grc' dir='ltr'><strong>τὴν</strong></span> <span class='ocrx_word' id='word_1_636' title='bbox 828 4701 986 4770; x_wconf 80' lang='grc' dir='ltr'><strong>ἐμὴν</strong></span> <span class='ocrx_word' id='word_1_637' title='bbox 1029 4703 1404 4772; x_wconf 75' lang='grc' dir='ltr'><strong>περιέστειλε</strong></span> <span class='ocrx_word' id='word_1_638' title='bbox 1445 4707 1790 4775; x_wconf 80' lang='grc' dir='ltr'><strong>γύμνωσιν·</strong></span> <span class='ocrx_word' id='word_1_639' title='bbox 1831 4709 1897 4762; x_wconf 86' lang='grc' dir='ltr'><strong>τὸ</strong></span> <span class='ocrx_word' id='word_1_640' title='bbox 1931 4708 2044 4778; x_wconf 85' lang='grc' dir='ltr'><strong>τῆς</strong></span> 
     </span>
    </p>
   </div>
   <div class='ocr_carea' id='block_1_93' title="bbox 445 4793 2047 4871">
    <p class='ocr_par' dir='ltr' id='par_1_93' title="bbox 445 4793 2047 4871">
     <span class='ocr_line' id='line_1_93' title="bbox 445 4793 2047 4871; baseline 0.008 -26"><span class='ocrx_word' id='word_1_641' title='bbox 445 4794 668 4860; x_wconf 75' lang='grc' dir='ltr'><strong>αὶσχύν</strong></span> <span class='ocrx_word' id='word_1_642' title='bbox 677 4811 753 4860; x_wconf 83' lang='grc' dir='ltr'><strong>ης</strong></span> <span class='ocrx_word' id='word_1_643' title='bbox 763 4794 1214 4865; x_wconf 74' lang='grc' dir='ltr'><strong>περιεκάλυψεν</strong></span> <span class='ocrx_word' id='word_1_644' title='bbox 1232 4793 1470 4867; x_wconf 75' lang='grc' dir='ltr'><strong>αἶσχος·</strong></span> <span class='ocrx_word' id='word_1_645' title='bbox 1491 4799 1635 4867; x_wconf 84' lang='grc' dir='ltr'><strong>τοὺς</strong></span> <span class='ocrx_word' id='word_1_646' title='bbox 1650 4800 2047 4871; x_wconf 86' lang='grc' dir='ltr'><strong>δερματίνους</strong></span> 
     </span>
    </p>
   </div>
   <div class='ocr_carea' id='block_1_94' title="bbox 445 4886 2047 4964">
    <p class='ocr_par' dir='ltr' id='par_1_94' title="bbox 445 4886 2047 4964">
     <span class='ocr_line' id='line_1_94' title="bbox 445 4886 2047 4964; baseline 0.007 -26"><span class='ocrx_word' id='word_1_647' title='bbox 445 4886 729 4954; x_wconf 74' lang='grc' dir='ltr'><strong>διέρρηξε</strong></span> <span class='ocrx_word' id='word_1_648' title='bbox 767 4887 1025 4955; x_wconf 85' lang='grc' dir='ltr'><strong>χιτῶνας</strong></span> <span class='ocrx_word' id='word_1_649' title='bbox 1047 4906 1060 4921; x_wconf 79' lang='grc'><em>’</em></span> <span class='ocrx_word' id='word_1_650' title='bbox 1094 4889 1210 4958; x_wconf 83' lang='grc' dir='ltr'><strong>τὴν</strong></span> <span class='ocrx_word' id='word_1_651' title='bbox 1263 4891 1470 4959; x_wconf 74' lang='grc' dir='ltr'><strong>πρώην</strong></span> <span class='ocrx_word' id='word_1_652' title='bbox 1499 4895 1809 4963; x_wconf 68' lang='grc' dir='ltr'><strong>ἠμφίασεν</strong></span> <span class='ocrx_word' id='word_1_653' title='bbox 1835 4896 2047 4964; x_wconf 80' lang='grc' dir='ltr'><strong>εὐπρέ-</strong></span> 
     </span>
    </p>
   </div>
   <div class='ocr_carea' id='block_1_95' title="bbox 446 4978 2046 5053">
    <p class='ocr_par' dir='ltr' id='par_1_95' title="bbox 446 4978 2046 5053">
     <span class='ocr_line' id='line_1_95' title="bbox 446 4978 2046 5053; baseline 0.007 -24"><span class='ocrx_word' id='word_1_654' title='bbox 446 4993 632 5030; x_wconf 81' lang='grc' dir='ltr'><strong>πειαν</strong></span> <span class='ocrx_word' id='word_1_655' title='bbox 651 4996 664 5010; x_wconf 90' lang='grc'><strong>·</strong></span> <span class='ocrx_word' id='word_1_656' title='bbox 699 4978 818 5046; x_wconf 81' lang='grc' dir='ltr'><strong>τὴν</strong></span> <span class='ocrx_word' id='word_1_657' title='bbox 843 4979 1176 5048; x_wconf 86' lang='grc' dir='ltr'><strong>ὡραιότητα</strong></span> <span class='ocrx_word' id='word_1_658' title='bbox 1212 4981 1321 5035; x_wconf 85' lang='grc' dir='ltr'><strong>τοῦ</strong></span> <span class='ocrx_word' id='word_1_659' title='bbox 1347 4983 1686 5053; x_wconf 82' lang='grc' dir='ltr'><strong>ἀρχετύπου</strong></span> <span class='ocrx_word' id='word_1_660' title='bbox 1729 4984 2046 5052; x_wconf 82' lang='grc' dir='ltr'><strong>περιέθηκε</strong></span> 
     </span>
    </p>
   </div>
   <div class='ocr_carea' id='block_1_96' title="bbox 447 5067 2046 5146">
    <p class='ocr_par' dir='ltr' id='par_1_96' title="bbox 447 5067 2046 5146">
     <span class='ocr_line' id='line_1_96' title="bbox 447 5067 2046 5146; baseline 0.005 -24"><span class='ocrx_word' id='word_1_661' title='bbox 447 5068 748 5136; x_wconf 77' lang='grc' dir='ltr'><strong>κάλλους.</strong></span> <span class='ocrx_word' id='word_1_662' title='bbox 797 5072 1038 5139; x_wconf 89' lang='grc' dir='ltr'><strong>Χαίροις</strong></span> <span class='ocrx_word' id='word_1_663' title='bbox 1075 5067 1214 5138; x_wconf 85' lang='grc' dir='ltr'><strong>οὖν,</strong></span> <span class='ocrx_word' id='word_1_664' title='bbox 1242 5069 1290 5128; x_wconf 86' lang='grc' dir='ltr'><strong><em>ὦ</em></strong></span> <span class='ocrx_word' id='word_1_665' title='bbox 1326 5074 1600 5144; x_wconf 75' lang='grc' dir='ltr'><strong>θύγατερ,</strong></span> <span class='ocrx_word' id='word_1_666' title='bbox 1645 5074 1712 5128; x_wconf 89' lang='grc' dir='ltr'><strong>τὸ</strong></span> <span class='ocrx_word' id='word_1_667' title='bbox 1744 5074 1852 5144; x_wconf 84' lang='grc' dir='ltr'><strong>τῆς</strong></span> <span class='ocrx_word' id='word_1_668' title='bbox 1893 5075 2046 5146; x_wconf 80' lang='grc' dir='ltr'><strong>ἐμῆς</strong></span> 
     </span>
    </p>
   </div>
   <div class='ocr_carea' id='block_1_97' title="bbox 447 5161 2046 5236">
    <p class='ocr_par' dir='ltr' id='par_1_97' title="bbox 447 5161 2046 5236">
     <span class='ocr_line' id='line_1_97' title="bbox 447 5161 2046 5236; baseline 0.005 -23"><span class='ocrx_word' id='word_1_669' title='bbox 447 5161 795 5230; x_wconf 72' lang='grc' dir='ltr'><strong>παρρησίας</strong></span> <span class='ocrx_word' id='word_1_670' title='bbox 815 5163 1010 5232; x_wconf 86' lang='grc' dir='ltr'><strong>στόμα</strong></span> <span class='ocrx_word' id='word_1_671' title='bbox 1027 5179 1042 5194; x_wconf 80' lang='grc'><em>’</em></span> <span class='ocrx_word' id='word_1_672' title='bbox 1059 5163 1128 5236; x_wconf 83' lang='grc' dir='ltr'><strong>τὸ</strong></span> <span class='ocrx_word' id='word_1_673' title='bbox 1150 5163 1261 5233; x_wconf 82' lang='grc' dir='ltr'><strong>τῆς</strong></span> <span class='ocrx_word' id='word_1_674' title='bbox 1281 5164 1656 5235; x_wconf 80' lang='grc' dir='ltr'><strong>προμήτορος</strong></span> <span class='ocrx_word' id='word_1_675' title='bbox 1669 5165 2046 5236; x_wconf 77' lang='grc' dir='ltr'><strong>ἐγκαλλώπι-</strong></span> 
     </span>
    </p>
   </div>
   <div class='ocr_carea' id='block_1_98' title="bbox 449 5253 2045 5329">
    <p class='ocr_par' dir='ltr' id='par_1_98' title="bbox 449 5253 2045 5329">
     <span class='ocr_line' id='line_1_98' title="bbox 449 5253 2045 5329; baseline 0.003 -21"><span class='ocrx_word' id='word_1_676' title='bbox 449 5269 583 5322; x_wconf 86' lang='grc' dir='ltr'><strong>σμα</strong></span> <span class='ocrx_word' id='word_1_677' title='bbox 602 5268 617 5283; x_wconf 85' lang='lat'><strong><em>°</em></strong></span> <span class='ocrx_word' id='word_1_678' title='bbox 649 5255 690 5323; x_wconf 73' lang='grc' dir='ltr'><strong><em>ἠ</em></strong></span> <span class='ocrx_word' id='word_1_679' title='bbox 723 5253 845 5308; x_wconf 83' lang='grc' dir='ltr'><strong>τῶν</strong></span> <span class='ocrx_word' id='word_1_680' title='bbox 881 5253 1114 5309; x_wconf 83' lang='grc' dir='ltr'><strong>ὠδίνων</strong></span> <span class='ocrx_word' id='word_1_681' title='bbox 1157 5256 1380 5324; x_wconf 87' lang='grc' dir='ltr'><strong>ταύτης</strong></span> <span class='ocrx_word' id='word_1_682' title='bbox 1409 5258 1694 5325; x_wconf 77' lang='grc' dir='ltr'><strong>θεραπεία</strong></span> <span class='ocrx_word' id='word_1_683' title='bbox 1719 5274 1734 5290; x_wconf 91' lang='grc'><strong>·</strong></span> <span class='ocrx_word' id='word_1_684' title='bbox 1782 5259 1823 5326; x_wconf 77' lang='grc' dir='ltr'><strong>η</strong></span> <span class='ocrx_word' id='word_1_685' title='bbox 1855 5261 2045 5329; x_wconf 85' lang='grc' dir='ltr'><strong>θυμη-</strong></span> 
     </span>
    </p>
   </div>
   <div class='ocr_carea' id='block_1_99' title="bbox 449 5345 2043 5419">
    <p class='ocr_par' dir='ltr' id='par_1_99' title="bbox 449 5345 2043 5419">
     <span class='ocr_line' id='line_1_99' title="bbox 449 5345 2043 5419; baseline 0.004 -20"><span class='ocrx_word' id='word_1_686' title='bbox 449 5346 560 5400; x_wconf 80' lang='grc' dir='ltr'><strong>δία</strong></span> <span class='ocrx_word' id='word_1_687' title='bbox 587 5345 710 5401; x_wconf 83' lang='grc' dir='ltr'><strong>τῶν</strong></span> <span class='ocrx_word' id='word_1_688' title='bbox 732 5349 1149 5416; x_wconf 79' lang='grc' dir='ltr'><strong>προπατόρων,</strong></span> <span class='ocrx_word' id='word_1_689' title='bbox 1180 5347 1281 5403; x_wconf 75' lang='grc' dir='ltr'><strong>καί</strong></span> <span class='ocrx_word' id='word_1_690' title='bbox 1303 5348 1414 5402; x_wconf 86' lang='grc' dir='ltr'><strong>τοῦ</strong></span> <span class='ocrx_word' id='word_1_691' title='bbox 1432 5348 1650 5418; x_wconf 79' lang='grc' dir='ltr'><strong>γένους</strong></span> <span class='ocrx_word' id='word_1_692' title='bbox 1671 5351 2043 5419; x_wconf 75' lang='grc' dir='ltr'><strong>εὐφροσύνη.</strong></span> 
     </span>
    </p>
   </div>
   <div class='ocr_carea' id='block_1_100' title="bbox 451 5433 2051 5526">
    <p class='ocr_par' dir='ltr' id='par_1_100' title="bbox 451 5433 2051 5526">
     <span class='ocr_line' id='line_1_100' title="bbox 451 5433 2051 5526; baseline 0.001 -34"><span class='ocrx_word' id='word_1_693' title='bbox 451 5438 719 5526; x_wconf 65' lang='grc' dir='ltr'><strong>Χαζροις,</strong></span> <span class='ocrx_word' id='word_1_694' title='bbox 758 5433 806 5492; x_wconf 84' lang='grc' dir='ltr'>ὦ</span> <span class='ocrx_word' id='word_1_695' title='bbox 863 5441 1118 5508; x_wconf 79' lang='grc' dir='ltr'><strong>θύγατερ</strong></span> <span class='ocrx_word' id='word_1_696' title='bbox 1171 5439 1273 5494; x_wconf 78' lang='grc' dir='ltr'><strong>καὶ</strong></span> <span class='ocrx_word' id='word_1_697' title='bbox 1329 5439 1646 5494; x_wconf 83' lang='grc' dir='ltr'><strong>δέσποινα.</strong></span> <span class='ocrx_word' id='word_1_698' title='bbox 1709 5439 2051 5494; x_wconf 77' lang='grc' dir='ltr'><strong>Δέσποιναν</strong></span> 
     </span>
    </p>
   </div>
   <div class='ocr_carea' id='block_1_101' title="bbox 454 5529 2045 5600">
    <p class='ocr_par' dir='ltr' id='par_1_101' title="bbox 454 5529 2045 5600">
     <span class='ocr_line' id='line_1_101' title="bbox 454 5529 2045 5600; baseline 0.001 -16"><span class='ocrx_word' id='word_1_699' title='bbox 454 5530 571 5600; x_wconf 80' lang='grc' dir='ltr'><strong>γάρ</strong></span> <span class='ocrx_word' id='word_1_700' title='bbox 594 5546 670 5583; x_wconf 86' lang='grc' dir='ltr'><strong>σε</strong></span> <span class='ocrx_word' id='word_1_701' title='bbox 692 5531 1084 5600; x_wconf 82' lang='grc' dir='ltr'><strong>κηρύττομεν,</strong></span> <span class='ocrx_word' id='word_1_702' title='bbox 1117 5533 1171 5585; x_wconf 82' lang='grc' dir='ltr'><strong>εί</strong></span> <span class='ocrx_word' id='word_1_703' title='bbox 1198 5531 1296 5585; x_wconf 74' lang='grc' dir='ltr'><strong>καὶ</strong></span> <span class='ocrx_word' id='word_1_704' title='bbox 1326 5529 1622 5599; x_wconf 85' lang='grc' dir='ltr'><strong>θυγατέρα</strong></span> <span class='ocrx_word' id='word_1_705' title='bbox 1650 5530 2045 5600; x_wconf 82' lang='grc' dir='ltr'><strong>γινώσκομεν.</strong></span> 
     </span>
    </p>
   </div>
   <div class='ocr_carea' id='block_1_102' title="bbox 455 5621 2050 5692">
    <p class='ocr_par' dir='ltr' id='par_1_102' title="bbox 455 5621 2050 5692">
     <span class='ocr_line' id='line_1_102' title="bbox 455 5621 2050 5692; baseline 0.001 -15"><span class='ocrx_word' id='word_1_706' title='bbox 455 5623 854 5678; x_wconf 84' lang='grc' dir='ltr'><strong>Βασίλισσάν</strong></span> <span class='ocrx_word' id='word_1_707' title='bbox 891 5638 968 5676; x_wconf 86' lang='grc' dir='ltr'><strong>σε</strong></span> <span class='ocrx_word' id='word_1_708' title='bbox 996 5623 1322 5692; x_wconf 79' lang='grc' dir='ltr'><strong>δοξάζομεν</strong></span> <span class='ocrx_word' id='word_1_709' title='bbox 1349 5626 1405 5677; x_wconf 90' lang='lat' dir='ltr'><strong>ol</strong></span> <span class='ocrx_word' id='word_1_710' title='bbox 1431 5621 1948 5692; x_wconf 78' lang='grc' dir='ltr'><strong>συνδοξαξόμενοι</strong></span> <span class='ocrx_word' id='word_1_711' title='bbox 1973 5623 2050 5692; x_wconf 81' lang='grc' dir='ltr'><strong>τῇ</strong></span> 
     </span>
    </p>
   </div>
   <div class='ocr_carea' id='block_1_103' title="bbox 455 5714 2048 5786">
    <p class='ocr_par' dir='ltr' id='par_1_103' title="bbox 455 5714 2048 5786">
     <span class='ocr_line' id='line_1_103' title="bbox 455 5714 2048 5786; baseline 0.003 -19"><span class='ocrx_word' id='word_1_712' title='bbox 455 5715 612 5782; x_wconf 78' lang='grc' dir='ltr'><strong>δόξῃ</strong></span> <span class='ocrx_word' id='word_1_713' title='bbox 641 5730 760 5770; x_wconf 86' lang='grc' dir='ltr'><strong>σου</strong></span> <span class='ocrx_word' id='word_1_714' title='bbox 779 5731 797 5748; x_wconf 77' lang='grc' dir='ltr'><strong>ο</strong></span> <span class='ocrx_word' id='word_1_715' title='bbox 825 5718 882 5770; x_wconf 88' lang='grc' dir='ltr'><strong>οί</strong></span> <span class='ocrx_word' id='word_1_716' title='bbox 905 5714 1482 5786; x_wconf 80' lang='grc' dir='ltr'><strong>ἐγκαλλωπιζόμενοι</strong></span> <span class='ocrx_word' id='word_1_717' title='bbox 1512 5715 1594 5782; x_wconf 85' lang='grc' dir='ltr'><strong>τῷ</strong></span> <span class='ocrx_word' id='word_1_718' title='bbox 1620 5717 1864 5780; x_wconf 87' lang='grc' dir='ltr'><strong>πλούτῳ</strong></span> <span class='ocrx_word' id='word_1_719' title='bbox 1895 5733 2013 5772; x_wconf 89' lang='grc' dir='ltr'><strong>σου</strong></span> <span class='ocrx_word' id='word_1_720' title='bbox 2034 5735 2048 5750; x_wconf 75' lang='grc' dir='ltr'><strong>ο</strong></span> 
     </span>
    </p>
   </div>
   <div class='ocr_carea' id='block_1_104' title="bbox 459 5807 2050 5877">
    <p class='ocr_par' dir='ltr' id='par_1_104' title="bbox 459 5807 2050 5877">
     <span class='ocr_line' id='line_1_104' title="bbox 459 5807 2050 5877; baseline 0.002 -17"><span class='ocrx_word' id='word_1_721' title='bbox 459 5810 515 5860; x_wconf 83' lang='lat' dir='ltr'><strong>oi</strong></span> <span class='ocrx_word' id='word_1_722' title='bbox 555 5807 672 5874; x_wconf 79' lang='grc' dir='ltr'><strong>τὴν</strong></span> <span class='ocrx_word' id='word_1_723' title='bbox 703 5809 967 5877; x_wconf 84' lang='grc' dir='ltr'><strong>ἀρχαίαν</strong></span> <span class='ocrx_word' id='word_1_724' title='bbox 993 5810 1090 5863; x_wconf 81' lang='grc' dir='ltr'><strong>διὰ</strong></span> <span class='ocrx_word' id='word_1_725' title='bbox 1126 5810 1242 5864; x_wconf 84' lang='grc' dir='ltr'><strong>σοῦ</strong></span> <span class='ocrx_word' id='word_1_726' title='bbox 1272 5811 1688 5875; x_wconf 81' lang='grc' dir='ltr'><strong>ἀπολαϐόντες</strong></span> <span class='ocrx_word' id='word_1_727' title='bbox 1712 5808 1915 5874; x_wconf 81' lang='grc' dir='ltr'><strong>ἀξίαν,</strong></span> <span class='ocrx_word' id='word_1_728' title='bbox 1951 5809 2050 5864; x_wconf 75' lang='grc' dir='ltr'><strong>καὶ</strong></span> 
     </span>
    </p>
   </div>
   <div class='ocr_carea' id='block_1_105' title="bbox 459 5900 2049 5976">
    <p class='ocr_par' dir='ltr' id='par_1_105' title="bbox 459 5900 2049 5976">
     <span class='ocr_line' id='line_1_105' title="bbox 459 5900 2049 5976; baseline -0.001 -19"><span class='ocrx_word' id='word_1_729' title='bbox 459 5900 586 5968; x_wconf 77' lang='grc' dir='ltr'><strong>τοῖς</strong></span> <span class='ocrx_word' id='word_1_730' title='bbox 621 5901 758 5972; x_wconf 72' lang='grc' dir='ltr'><strong>σοῖς</strong></span> <span class='ocrx_word' id='word_1_731' title='bbox 787 5903 1239 5973; x_wconf 81' lang='grc' dir='ltr'><strong>ἑπιτερπόμενοι</strong></span> <span class='ocrx_word' id='word_1_732' title='bbox 1285 5904 1564 5958; x_wconf 78' lang='grc' dir='ltr'><strong>κάλλεσι.</strong></span> <span class='ocrx_word' id='word_1_733' title='bbox 1609 5903 1798 5958; x_wconf 79' lang='grc' dir='ltr'><strong>Ταῦτα</strong></span> <span class='ocrx_word' id='word_1_734' title='bbox 1831 5903 1930 5976; x_wconf 80' lang='grc' dir='ltr'><strong>μέν</strong></span> <span class='ocrx_word' id='word_1_735' title='bbox 1967 5920 2049 5957; x_wconf 79' lang='grc' dir='ltr'><strong>σοι</strong></span> 
     </span>
    </p>
   </div>
   <div class='ocr_carea' id='block_1_106' title="bbox 2147 4696 3723 4772">
    <p class='ocr_par' dir='ltr' id='par_1_106' title="bbox 2147 4696 3723 4772">
     <span class='ocr_line' id='line_1_106' title="bbox 2147 4696 3723 4772; baseline -0.008 -15"><span class='ocrx_word' id='word_1_736' title='bbox 2147 4703 2395 4772; x_wconf 87' lang='lat' dir='ltr'><strong>pelliceas</strong></span> <span class='ocrx_word' id='word_1_737' title='bbox 2425 4704 2631 4756; x_wconf 87' lang='lat' dir='ltr'><strong>tunicas</strong></span> <span class='ocrx_word' id='word_1_738' title='bbox 2654 4701 2899 4767; x_wconf 88' lang='lat' dir='ltr'><strong>discidit,</strong></span> <span class='ocrx_word' id='word_1_739' title='bbox 2928 4701 3221 4769; x_wconf 84' lang='lat' dir='ltr'><strong>pristinum</strong></span> <span class='ocrx_word' id='word_1_740' title='bbox 3246 4698 3420 4751; x_wconf 87' lang='lat' dir='ltr'><strong>induit</strong></span> <span class='ocrx_word' id='word_1_741' title='bbox 3450 4696 3723 4760; x_wconf 86' lang='lat' dir='ltr'><strong>decorem,</strong></span> 
     </span>
    </p>
   </div>
   <div class='ocr_carea' id='block_1_107' title="bbox 2145 4792 3726 4865">
    <p class='ocr_par' dir='ltr' id='par_1_107' title="bbox 2145 4792 3726 4865">
     <span class='ocr_line' id='line_1_107' title="bbox 2145 4792 3726 4865; baseline -0.005 -17"><span class='ocrx_word' id='word_1_742' title='bbox 2145 4795 2454 4865; x_wconf 83' lang='lat' dir='ltr'><strong>principalis</strong></span> <span class='ocrx_word' id='word_1_743' title='bbox 2502 4793 2648 4848; x_wconf 88' lang='lat' dir='ltr'><strong>illius</strong></span> <span class='ocrx_word' id='word_1_744' title='bbox 2690 4792 3109 4862; x_wconf 82' lang='lat' dir='ltr'><strong>pulchritudinis</strong></span> <span class='ocrx_word' id='word_1_745' title='bbox 3142 4793 3368 4860; x_wconf 87' lang='lat' dir='ltr'><strong>speciem</strong></span> <span class='ocrx_word' id='word_1_746' title='bbox 3417 4797 3726 4842; x_wconf 87' lang='lat' dir='ltr'><strong>ornamento</strong></span> 
     </span>
    </p>
   </div>
   <div class='ocr_carea' id='block_1_108' title="bbox 2148 4879 3726 4954">
    <p class='ocr_par' dir='ltr' id='par_1_108' title="bbox 2148 4879 3726 4954">
     <span class='ocr_line' id='line_1_108' title="bbox 2148 4879 3726 4954; baseline -0.006 -12"><span class='ocrx_word' id='word_1_747' title='bbox 2148 4887 2411 4942; x_wconf 75' lang='lat' dir='ltr'><strong>adtribuit.</strong></span> <span class='ocrx_word' id='word_1_748' title='bbox 2446 4885 2602 4941; x_wconf 76' lang='lat' dir='ltr'><strong>Salve</strong></span> <span class='ocrx_word' id='word_1_749' title='bbox 2651 4901 2774 4954; x_wconf 89' lang='lat' dir='ltr'><strong>ergo</strong></span> <span class='ocrx_word' id='word_1_750' title='bbox 2807 4887 2901 4951; x_wconf 84' lang='lat' dir='ltr'><strong>sis,</strong></span> <span class='ocrx_word' id='word_1_751' title='bbox 2927 4901 2956 4937; x_wconf 93' lang='grc' dir='ltr'><strong>ο</strong></span> <span class='ocrx_word' id='word_1_752' title='bbox 2988 4884 3279 4953; x_wconf 73' lang='lat' dir='ltr'><strong>ﬁlia,mear</strong></span> <span class='ocrx_word' id='word_1_753' title='bbox 3319 4897 3378 4935; x_wconf 85' lang='lat' dir='ltr'><strong>os</strong></span> <span class='ocrx_word' id='word_1_754' title='bbox 3423 4879 3726 4944; x_wconf 83' lang='lat' dir='ltr'><strong>libertatis;</strong></span> 
     </span>
    </p>
   </div>
   <div class='ocr_carea' id='block_1_109' title="bbox 2147 4973 3724 5049">
    <p class='ocr_par' dir='ltr' id='par_1_109' title="bbox 2147 4973 3724 5049">
     <span class='ocr_line' id='line_1_109' title="bbox 2147 4973 3724 5049; baseline -0.005 -15"><span class='ocrx_word' id='word_1_755' title='bbox 2147 4983 2335 5049; x_wconf 72' lang='lat' dir='ltr'><strong>prima:</strong></span> <span class='ocrx_word' id='word_1_756' title='bbox 2378 4980 2612 5047; x_wconf 87' lang='lat' dir='ltr'><strong>parentis</strong></span> <span class='ocrx_word' id='word_1_757' title='bbox 2670 4978 2957 5049; x_wconf 88' lang='lat' dir='ltr'><strong>gloriatio;</strong></span> <span class='ocrx_word' id='word_1_758' title='bbox 3011 4976 3125 5044; x_wconf 84' lang='lat' dir='ltr'><strong>ejus</strong></span> <span class='ocrx_word' id='word_1_759' title='bbox 3179 4975 3428 5028; x_wconf 80' lang='lat' dir='ltr'><strong>dolorum</strong></span> <span class='ocrx_word' id='word_1_760' title='bbox 3480 4973 3724 5037; x_wconf 71' lang='lat' dir='ltr'><strong>curatio;</strong></span> 
     </span>
    </p>
   </div>
   <div class='ocr_carea' id='block_1_110' title="bbox 2147 5063 3728 5145">
    <p class='ocr_par' dir='ltr' id='par_1_110' title="bbox 2147 5063 3728 5145">
     <span class='ocr_line' id='line_1_110' title="bbox 2147 5063 3728 5145; baseline -0.006 -17"><span class='ocrx_word' id='word_1_761' title='bbox 2147 5075 2541 5145; x_wconf 90' lang='lat' dir='ltr'><strong>progenitorum</strong></span> <span class='ocrx_word' id='word_1_762' title='bbox 2575 5070 2919 5142; x_wconf 86' lang='lat' dir='ltr'><strong>jucunditas,</strong></span> <span class='ocrx_word' id='word_1_763' title='bbox 2952 5085 3014 5122; x_wconf 89' lang='lat' dir='ltr'><strong>ac</strong></span> <span class='ocrx_word' id='word_1_764' title='bbox 3056 5066 3248 5122; x_wconf 74' lang='lat' dir='ltr'><strong>lwtitia</strong></span> <span class='ocrx_word' id='word_1_765' title='bbox 3307 5066 3527 5138; x_wconf 75' lang='lat' dir='ltr'><strong>generis.</strong></span> <span class='ocrx_word' id='word_1_766' title='bbox 3571 5063 3728 5120; x_wconf 86' lang='lat' dir='ltr'><strong>Salve</strong></span> 
     </span>
    </p>
   </div>
   <div class='ocr_carea' id='block_1_111' title="bbox 2147 5157 3727 5234">
    <p class='ocr_par' dir='ltr' id='par_1_111' title="bbox 2147 5157 3727 5234">
     <span class='ocr_line' id='line_1_111' title="bbox 2147 5157 3727 5234; baseline -0.008 -13"><span class='ocrx_word' id='word_1_767' title='bbox 2147 5167 2244 5230; x_wconf 86' lang='lat' dir='ltr'><strong>sis,</strong></span> <span class='ocrx_word' id='word_1_768' title='bbox 2273 5165 2410 5234; x_wconf 81' lang='lat' dir='ltr'><strong>lilia,</strong></span> <span class='ocrx_word' id='word_1_769' title='bbox 2436 5164 2752 5234; x_wconf 86' lang='lat' dir='ltr'><strong>dominaque</strong></span> <span class='ocrx_word' id='word_1_770' title='bbox 2790 5178 2809 5217; x_wconf 93' lang='lat'><em>:</em></span> <span class='ocrx_word' id='word_1_771' title='bbox 2850 5171 2899 5216; x_wconf 90' lang='lat' dir='ltr'><strong>te</strong></span> <span class='ocrx_word' id='word_1_772' title='bbox 2936 5162 3128 5232; x_wconf 88' lang='lat' dir='ltr'><strong>quippe</strong></span> <span class='ocrx_word' id='word_1_773' title='bbox 3152 5160 3510 5228; x_wconf 74' lang='lat' dir='ltr'><strong>prwdicamus</strong></span> <span class='ocrx_word' id='word_1_774' title='bbox 3535 5157 3727 5227; x_wconf 77' lang='lat' dir='ltr'><strong>filiam,</strong></span> 
     </span>
    </p>
   </div>
   <div class='ocr_carea' id='block_1_112' title="bbox 2149 5248 3732 5326">
    <p class='ocr_par' dir='ltr' id='par_1_112' title="bbox 2149 5248 3732 5326">
     <span class='ocr_line' id='line_1_112' title="bbox 2149 5248 3732 5326; baseline -0.007 -16"><span class='ocrx_word' id='word_1_775' title='bbox 2149 5257 2362 5310; x_wconf 83' lang='lat' dir='ltr'><strong>tametsi</strong></span> <span class='ocrx_word' id='word_1_776' title='bbox 2415 5257 2752 5326; x_wconf 87' lang='lat' dir='ltr'><strong>agnoscimus</strong></span> <span class='ocrx_word' id='word_1_777' title='bbox 2793 5254 3086 5308; x_wconf 88' lang='lat' dir='ltr'><strong>dominam.</strong></span> <span class='ocrx_word' id='word_1_778' title='bbox 3123 5251 3381 5322; x_wconf 86' lang='lat' dir='ltr'><strong>Reginam</strong></span> <span class='ocrx_word' id='word_1_779' title='bbox 3430 5257 3477 5302; x_wconf 89' lang='lat' dir='ltr'><strong>te</strong></span> <span class='ocrx_word' id='word_1_780' title='bbox 3527 5248 3732 5320; x_wconf 64' lang='lat' dir='ltr'><strong>glori/ro</strong></span> 
     </span>
    </p>
   </div>
   <div class='ocr_carea' id='block_1_113' title="bbox 2149 5339 3730 5419">
    <p class='ocr_par' dir='ltr' id='par_1_113' title="bbox 2149 5339 3730 5419">
     <span class='ocr_line' id='line_1_113' title="bbox 2149 5339 3730 5419; baseline -0.008 -15"><span class='ocrx_word' id='word_1_781' title='bbox 2149 5366 2354 5412; x_wconf 85' lang='lat' dir='ltr'><strong>camus,</strong></span> <span class='ocrx_word' id='word_1_782' title='bbox 2382 5351 2470 5419; x_wconf 82' lang='lat' dir='ltr'><strong>qui</strong></span> <span class='ocrx_word' id='word_1_783' title='bbox 2517 5366 2624 5403; x_wconf 87' lang='lat' dir='ltr'><strong>una</strong></span> <span class='ocrx_word' id='word_1_784' title='bbox 2672 5357 2842 5402; x_wconf 86' lang='lat' dir='ltr'><strong>tecum</strong></span> <span class='ocrx_word' id='word_1_785' title='bbox 2888 5347 3114 5418; x_wconf 85' lang='lat' dir='ltr'><strong>gloriam</strong></span> <span class='ocrx_word' id='word_1_786' title='bbox 3161 5345 3451 5408; x_wconf 84' lang='lat' dir='ltr'><strong>habemus;</strong></span> <span class='ocrx_word' id='word_1_787' title='bbox 3481 5341 3571 5412; x_wconf 86' lang='lat' dir='ltr'><strong>qui</strong></span> <span class='ocrx_word' id='word_1_788' title='bbox 3626 5339 3730 5418; x_wconf 83' lang='lat' dir='ltr'><strong>tuis</strong></span> 
     </span>
    </p>
   </div>
   <div class='ocr_carea' id='block_1_114' title="bbox 2150 5419 3730 5513">
    <p class='ocr_par' dir='ltr' id='par_1_114' title="bbox 2150 5419 3730 5513">
     <span class='ocr_line' id='line_1_114' title="bbox 2150 5419 3730 5513; baseline -0.009 -19"><span class='ocrx_word' id='word_1_789' title='bbox 2150 5443 2448 5513; x_wconf 88' lang='lat' dir='ltr'><strong>gloriamur</strong></span> <span class='ocrx_word' id='word_1_790' title='bbox 2482 5441 2680 5495; x_wconf 81' lang='lat' dir='ltr'><strong>divitiis</strong></span> <span class='ocrx_word' id='word_1_791' title='bbox 2710 5455 2728 5492; x_wconf 85' lang='lat'><strong>.&#39;</strong></span> <span class='ocrx_word' id='word_1_792' title='bbox 2758 5442 2846 5510; x_wconf 90' lang='lat' dir='ltr'><strong>qui</strong></span> <span class='ocrx_word' id='word_1_793' title='bbox 2897 5456 2989 5508; x_wconf 88' lang='lat' dir='ltr'><strong>per</strong></span> <span class='ocrx_word' id='word_1_794' title='bbox 3021 5447 3088 5498; x_wconf 86' lang='lat' dir='ltr'><strong>te.</strong></span> <span class='ocrx_word' id='word_1_795' title='bbox 3127 5438 3405 5508; x_wconf 90' lang='lat' dir='ltr'><strong>antiquam</strong></span> <span class='ocrx_word' id='word_1_796' title='bbox 3441 5419 3730 5496; x_wconf 79' lang='lat' dir='ltr'><strong>recepimus</strong></span> 
     </span>
    </p>
   </div>
   <div class='ocr_carea' id='block_1_115' title="bbox 2150 5521 3727 5602">
    <p class='ocr_par' dir='ltr' id='par_1_115' title="bbox 2150 5521 3727 5602">
     <span class='ocr_line' id='line_1_115' title="bbox 2150 5521 3727 5602; baseline -0.007 -16"><span class='ocrx_word' id='word_1_797' title='bbox 2150 5534 2481 5602; x_wconf 84' lang='lat' dir='ltr'><strong>dignitatem,</strong></span> <span class='ocrx_word' id='word_1_798' title='bbox 2517 5543 2710 5601; x_wconf 87' lang='lat' dir='ltr'><strong>tuaque</strong></span> <span class='ocrx_word' id='word_1_799' title='bbox 2735 5531 3062 5585; x_wconf 85' lang='lat' dir='ltr'><strong>delectamur</strong></span> <span class='ocrx_word' id='word_1_800' title='bbox 3087 5527 3503 5598; x_wconf 81' lang='lat' dir='ltr'><strong>pulchritudine.</strong></span> <span class='ocrx_word' id='word_1_801' title='bbox 3549 5521 3727 5588; x_wconf 81' lang='lat' dir='ltr'><strong>Atque</strong></span> 
     </span>
    </p>
   </div>
   <div class='ocr_carea' id='block_1_116' title="bbox 2153 5613 3730 5694">
    <p class='ocr_par' dir='ltr' id='par_1_116' title="bbox 2153 5613 3730 5694">
     <span class='ocr_line' id='line_1_116' title="bbox 2153 5613 3730 5694; baseline -0.008 -16"><span class='ocrx_word' id='word_1_802' title='bbox 2153 5625 2267 5679; x_wconf 63' lang='lat' dir='ltr'><strong>hate</strong></span> <span class='ocrx_word' id='word_1_803' title='bbox 2305 5625 2524 5694; x_wconf 85' lang='lat' dir='ltr'><strong>quidem</strong></span> <span class='ocrx_word' id='word_1_804' title='bbox 2558 5623 2698 5694; x_wconf 80' lang='lat' dir='ltr'><strong>grati</strong></span> <span class='ocrx_word' id='word_1_805' title='bbox 2731 5623 2902 5677; x_wconf 89' lang='lat' dir='ltr'><strong>animi</strong></span> <span class='ocrx_word' id='word_1_806' title='bbox 2933 5632 3313 5686; x_wconf 86' lang='lat' dir='ltr'><strong>monumento,</strong></span> <span class='ocrx_word' id='word_1_807' title='bbox 3352 5616 3511 5686; x_wconf 87' lang='lat' dir='ltr'><strong>primi</strong></span> <span class='ocrx_word' id='word_1_808' title='bbox 3548 5613 3730 5668; x_wconf 85' lang='lat' dir='ltr'><strong>accla-</strong></span> 
     </span>
    </p>
   </div>
   <div class='ocr_carea' id='block_1_117' title="bbox 2153 5703 3734 5786">
    <p class='ocr_par' dir='ltr' id='par_1_117' title="bbox 2153 5703 3734 5786">
     <span class='ocr_line' id='line_1_117' title="bbox 2153 5703 3734 5786; baseline -0.008 -15"><span class='ocrx_word' id='word_1_809' title='bbox 2153 5725 2307 5771; x_wconf 85' lang='lat' dir='ltr'><strong>mant</strong></span> <span class='ocrx_word' id='word_1_810' title='bbox 2348 5725 2628 5786; x_wconf 82' lang='lat' dir='ltr'><strong>parentes;</strong></span> <span class='ocrx_word' id='word_1_811' title='bbox 2679 5715 3068 5786; x_wconf 86' lang='lat' dir='ltr'><strong>prophetarum</strong></span> <span class='ocrx_word' id='word_1_812' title='bbox 3105 5721 3310 5774; x_wconf 90' lang='lat' dir='ltr'><strong>autem,</strong></span> <span class='ocrx_word' id='word_1_813' title='bbox 3342 5716 3506 5774; x_wconf 89' lang='lat' dir='ltr'><strong>atque</strong></span> <span class='ocrx_word' id='word_1_814' title='bbox 3548 5703 3734 5772; x_wconf 58' lang='lat' dir='ltr'><strong>justo;-</strong></span> 
     </span>
    </p>
   </div>
   <div class='ocr_carea' id='block_1_118' title="bbox 2154 5802 3726 5879">
    <p class='ocr_par' dir='ltr' id='par_1_118' title="bbox 2154 5802 3726 5879">
     <span class='ocr_line' id='line_1_118' title="bbox 2154 5802 3726 5879; baseline -0.008 -17"><span class='ocrx_word' id='word_1_815' title='bbox 2154 5824 2275 5862; x_wconf 90' lang='lat' dir='ltr'><strong>rum</strong></span> <span class='ocrx_word' id='word_1_816' title='bbox 2308 5817 2514 5876; x_wconf 85' lang='lat' dir='ltr'><strong>quanta</strong></span> <span class='ocrx_word' id='word_1_817' title='bbox 2559 5823 2623 5864; x_wconf 90' lang='lat' dir='ltr'><strong>ac</strong></span> <span class='ocrx_word' id='word_1_818' title='bbox 2653 5808 2858 5879; x_wconf 87' lang='lat' dir='ltr'><strong>qualia,</strong></span> <span class='ocrx_word' id='word_1_819' title='bbox 2902 5819 3142 5877; x_wconf 65' lang='lat' dir='ltr'><strong>prmsens</strong></span> <span class='ocrx_word' id='word_1_820' title='bbox 3189 5802 3280 5858; x_wconf 86' lang='lat' dir='ltr'><strong>hic</strong></span> <span class='ocrx_word' id='word_1_821' title='bbox 3310 5811 3492 5856; x_wconf 88' lang='lat' dir='ltr'><strong>sermo</strong></span> <span class='ocrx_word' id='word_1_822' title='bbox 3530 5806 3726 5851; x_wconf 42' lang='lat' dir='ltr'><strong>renuas</strong></span> 
     </span>
    </p>
   </div>
   <div class='ocr_carea' id='block_1_119' title="bbox 2153 5902 2331 5958">
    <p class='ocr_par' dir='ltr' id='par_1_119' title="bbox 2153 5902 2331 5958">
     <span class='ocr_line' id='line_1_119' title="bbox 2153 5902 2331 5958; baseline 0.006 -1"><span class='ocrx_word' id='word_1_823' title='bbox 2153 5902 2331 5958; x_wconf 83' lang='lat' dir='ltr'><strong>tiabit.</strong></span> 
     </span>
    </p>
   </div>
  </div>
