4104 6418
445 431 552 496 595

1743 433 2006 497 JACOBI
2051 431 2422 495 MONACHI.

3604 431 3714 496 596

439 546 512 602 τὰ
543 542 652 598 τῶν
684 543 1046 614 προπατόρων
1079 543 1474 616 εὐχαριστήρια
1498 561 1510 574 ·
1552 544 1621 599 τὰ
1657 544 1711 598 δὲ
1757 544 1870 598 τῶν
1931 542 2227 613 προφητῶν
2261 543 2354 596 καὶ
2406 542 2634 596 δικαίων
2663 539 2750 598 οἷα
2791 544 2883 598 καὶ.
2910 545 3031 608 ὅσα,
3065 545 3094 597 ὁ
3151 545 3340 616 παρὼν
3376 545 3712 616 ἀνακηρύξει

439 639 622 707 λόγος.

505 731 650 785 XIX.
685 730 1078 786 Desiderabant
1139 732 1284 786 enim
1326 731 1510 786 videre
1562 731 1707 786 diem
1765 740 1918 785 tuum
1953 727 2012 793 ⁸³,

2195 727 2298 780 ιθν.
2335 724 2676 795 Ἐπεθύμουν
2697 725 2806 794 γὰρ
2831 724 2930 794 τὴν
2953 725 3170 795 ἡμέραν
3199 724 3328 776 ίδεῖν
3357 723 3456 792 τὴν
3473 723 3593 794 σὴν,
3617 725 3715 778 καὶ

436 840 763 892 summoque
795 824 995 893 gaudio
1040 841 1154 878 rem
1204 825 1614 893 per-cupiebant.
1649 822 2019 892 lieqnirebant

433 932 620 969 eorum
653 917 838 980 tinem,
879 931 1002 985 quae
1031 914 1262 970 fuissent
1294 917 1586 985 promissa,
1617 916 1872 983 doctique
1902 913 2018 969 fore

435 1008 486 1060 in
519 1006 738 1066 Christo
760 1018 1046 1070 eventura,
1082 1008 1191 1062 laeti
1219 1018 1447 1063 evmtus
1488 1009 1714 1063 modum
1755 1023 2014 1075 perscru-

431 1102 708 1154 labantur.
796 1100 1147 1156 Exsultantes
1215 1101 1630 1170 supplicabant.
1711 1100 2019 1170 gaudioque

431 1195 719 1248 couunista
744 1195 1160 1263 supplicatione.
1194 1196 1338 1264 quod
1374 1195 1425 1247 in
1459 1195 1601 1251 votis
1630 1203 1770 1258 erat,
1800 1209 2016 1264 quaere-

433 1286 584 1339 bant.
620 1286 1051 1340 Exsultaverunt
1095 1287 1341 1342 videntes
1385 1287 1526 1340 diem
1575 1296 1764 1351 tuum;
1821 1301 2014 1354 nempe

435 1389 588 1432 tuum
617 1379 763 1432 hunc
803 1379 1108 1433 natalitium
1142 1379 1308 1439 diem,
1339 1379 1390 1431 in
1425 1393 1537 1447 quo
1583 1379 1882 1432 revelatum
1916 1378 2018 1432 fuit

431 1470 830 1524 lncarnationis
879 1471 1198 1540 mysterium
1231 1489 1244 1524 :
1283 1471 1336 1524 in
1372 1487 1481 1539 quo
1520 1472 1612 1539 qui
1656 1487 1720 1525 ex
1759 1471 2016 1524 universo

429 1568 483 1614 te
523 1561 683 1627 elegit
725 1576 947 1629 genere,
979 1576 1073 1629 per
1106 1572 1156 1614 te
1194 1561 1467 1616 universis
1519 1561 1720 1615 creatis
1752 1560 2013 1628 gaudium

427 1652 678 1716 contulit,
708 1651 854 1722 quod
905 1668 1066 1706 nemo
1099 1651 1322 1707 auferre
1375 1654 1566 1721 possit.
1613 1652 1890 1714 Viderunt,
1928 1653 2014 1706 in-v

427 1746 569 1812 quit,
589 1757 637 1798 et
667 1747 866 1816 εῖναι)ίεὶ
896 1756 1019 1801 sunt
1042 1748 1100 1797 ³⁸.
1128 1745 1394 1801 Viderunt
1425 1757 1682 1812 tanquam
1725 1746 2014 1816 prtrsentia

427 1836 660 1905 apiritali
712 1838 926 1902 obtutu,
982 1854 1104 1906 quae
1158 1849 1316 1892 erant
1364 1837 1566 1892 futura.
1615 1837 2017 1906 Perspexerunt

425 1928 611 1981 animo
660 1929 986 1983 ineﬂabilem
1028 1928 1116 1983 Dei
1150 1932 1215 1984 ad
1257 1931 1509 1985 homines
1559 1933 2011 1986 exinanitiOnem.

425 2018 694 2074 Viderunt
724 2035 790 2074 ex
822 2029 872 2074 te
920 2020 1118 2074 factam
1155 2019 1312 2075 Verbi
1347 2020 1812 2076 lnearnationem.
1857 2023 2011 2078 Docti

424 2118 554 2164 sunt
582 2125 740 2168 nova.
773 2125 837 2165 ac
885 2127 1006 2176 qua:
1052 2111 1236 2165 nullus
1267 2127 1448 2167 sermo
1483 2111 1635 2168 εαξη-ί
1672 2122 1856 2182 queat,
1897 2128 2015 2183 my-

386 2216 388 2218 '
425 2201 592 2255 steria
628 2217 644 2254 :
679 2217 878 2258 netam
938 2220 1154 2273 generis
1213 2203 1703 2271 reformationem;
1765 2207 2008 2274 cogitatu

425 2292 692 2361 majorem
763 2295 1286 2349 reconciliationem.
1325 2294 1591 2350 Viderunt
1650 2305 1702 2348 te
1754 2297 2011 2350 thronum

423 2385 833 2451 Cherubicum;
903 2388 1136 2456 regalem
1212 2387 1549 2453 thalamum;
1621 2388 2014 2457 supercrelcsle

424 2480 661 2545 malum;
719 2480 983 2547 templum
1039 2491 1449 2549 prmsanetum;
1505 2481 1694 2534 multis
1756 2481 2011 2535 taberna-

423 2573 607 2624 rnlnm
651 2573 968 2626 nominibus
1002 2573 1235 2627 celebre.
1272 2573 1540 2626 Viderunt
1572 2582 1624 2626 te
1661 2587 1854 2626 urnam
1886 2571 2009 2637 Spi-

424 2664 564 2718 ritus
609 2680 748 2717 auro
787 2665 1112 2729 conﬂatam;
1151 2680 1344 2718 urnam
1393 2664 1820 2718 immortalitatis
1877 2662 2012 2718 illud

427 2771 624 2808 manna
680 2756 1084 2821 continentem;
1139 2772 1383 2810 mensam
1445 2770 1638 2824 panem
1689 2755 1842 2808 illum
1891 2756 2014 2809 vita:

426 2849 742 2917 impositum
769 2850 1081 2904 habentem.
1117 2847 1386 2903 Viderunt
1412 2857 1463 2903 te
1496 2850 1619 2902 sinu
1672 2849 2012 2918 complexam

423 2957 572 3004 eum,
625 2941 718 3010 qui
764 2942 817 2994 iu
855 2938 1092 2995 Paterno
1135 2949 1380 2993 moratur
1432 2939 1593 3004 sinu;
1637 2937 1895 3005 Verbum,
1929 2943 2014 2996 in-

424 3053 613 3107 quam,
656 3037 848 3093 eadem
905 3052 1032 3092 cum
1096 3035 1352 3091 Genitore
1401 3036 1637 3092 sublime
1695 3037 1861 3104 sede;
1892 3038 2014 3107 ejus

424 3131 554 3184 illud
601 3132 829 3201 ligurem
884 3131 1238 3195 substantiae;
1287 3140 1582 3200 cognatum
1627 3130 2011 3199 splendorem;

421 3238 577 3292 reque
656 3223 948 3293 pollentem
1033 3223 1325 3285 virtutem;
1380 3223 1628 3291 ejusdem
1693 3225 2015 3279 substantia:

425 3319 693 3386 gloriam;
743 3317 1043 3388 potentiam
1107 3317 1416 3371 indivisam.
1473 3315 1737 3371 Viderunt
1803 3318 2011 3372 carnali

2122 821 2440 892 περιχαρῶς
2454 819 2785 890 ἐπεθύμουν.
2806 819 3138 890 Ἐπεζήτουν
3154 817 3262 871 τῶν
3283 817 3716 888 ἐπηγγελμένων

2121 913 2182 965 τὸ
2204 912 2398 980 πέρας,
2430 912 2527 964 καὶ
2551 912 2607 965 ἐν
2634 911 2856 979 Χριστῷ
2881 908 3408 978 μυσταγωγούμενοι
3435 909 3718 964 ἐκϐαίνειν

2121 1005 2182 1058 τὸ
2213 1002 2473 1067 τοιοῦτον,
2508 1002 2605 1056 σὺν
2637 1001 2949 1075 εὐφροσύνῃ
2976 1005 3069 1054 τὸν
3117 1002 3218 1070 τῆς
3254 1000 3534 1064 ἐκϐάσεως
3578 1003 3715 1069 άνη-

2125 1095 2329 1164 ρεύνων
2346 1095 2569 1166 τρόπον.
2607 1093 2996 1163 ’Λγαλλόμενοι
3013 1094 3113 1165 τὴν
3134 1093 3380 1157 ἔντευξιν
3410 1092 3712 1148 ἐποιοῦντο.

2122 1190 2286 1260 Χαρᾷ
2331 1189 2432 1260 τὴν
2494 1187 2776 1257 ἱκετηρίαν
2825 1186 3214 1256 ἀναμίξαντες,
3259 1185 3321 1238 τὸ
3379 1184 3720 1254 ποθούμενον

2123 1283 2442 1352 ἐπεζήτουν.
2488 1281 2918 1350 Ἦγαλλιάσαντο
2968 1281 3172 1343 ἰδόντες
3208 1281 3308 1347 τὴν
3359 1279 3578 1348 ἡμέραν
3615 1277 3718 1348 τὴν

2125 1377 2246 1444 σὴν,
2285 1374 2502 1445 ἡμέραν
2529 1373 2737 1444 ταύτην
2763 1373 2861 1444 τὴν
2896 1372 2995 1442 τῆς
3017 1374 3345 1440 γεννήσεως,
3380 1373 3439 1424 ἐν
3531 1371 3592 1422 τὸ
3616 1371 3720 1440 τῆς

2121 1468 2438 1538 οἰκονομίας
2477 1464 2840 1534 ἀπεκαλύφθη
2896 1466 3239 1535 μυστήριον·
3278 1465 3336 1515 ἐν
3375 1457 3408 1536 ᾖ
3460 1465 3488 1522 ὁ
3527 1462 3588 1516 σὲ
3622 1462 3718 1515 τοῦ

2121 1559 2316 1627 γένους
2351 1558 2737 1626 ἐκλεξάμενος.
2788 1556 2876 1610 διὰ
2919 1553 3014 1607 σοῦ
3057 1556 3158 1624 τὴν
3203 1555 3570 1622 ἀναφαίρετον
3616 1553 3719 1615 τῆς

2121 1653 2348 1714 κτίσεως
2379 1651 2700 1721 ᾠκονόμησε
2723 1648 2919 1718 χαράν.
2954 1643 3155 1708 Εἶδον,
3190 1647 3346 1716 φησί,
3377 1646 3477 1700 καί
3495 1645 3719 1715 ἐχάρη-
3742 1676 3767 1698 ο

2120 1760 2262 1799 σαν.
2295 1739 2448 1798 Εἶδον
2472 1743 2547 1806 ὡς
2572 1742 2817 1813 παρόντα
2854 1741 3130 1810 μυστικῶς
3152 1741 3220 1793 τά
3247 1738 3530 1808 μέλλοντα.
3571 1739 3718 1790 Κατ-

2120 1841 2350 1909 ενόησαν
2399 1837 2715 1908 ἀπόρρητον
2750 1834 2886 1890 Θεοῦ
2927 1833 3063 1903 πρὸς
3094 1831 3417 1901 ἀνθρώπους
3462 1830 3716 1882 κένωσιν.

2119 1931 2274 1987 Εἶδον
2296 1934 2393 2000 τὴν
2413 1933 2478 1983 ὲκ
2509 1929 2602 1982 σοῦ
2633 1927 2728 1981 τοῦ
2755 1928 2930 1995 Λόγου
2955 1926 3254 1995 σάρκωσιν.
3287 1920 3723 1993 Ἐμυσταγωγήο

2121 2025 2298 2094 θησαν
2331 2022 2494 2077 καινά
2532 2023 2628 2076 καὶ
2677 2019 3022 2088 ἀνεκλάλητα
3071 2019 3386 2088 μυστήρια·
3423 2013 3580 2084 ξένην
3618 2009 3720 2065 τοῦ

2121 2117 2311 2184 γένους
2347 2114 2650 2168 ἀνάπλασιν
2672 2127 2685 2141 ·
2721 2111 2862 2181 ὑπὲρ
2897 2109 3108 2163 ἔννοιαν
3143 2106 3514 2175 καταλλαγάς.
3561 2101 3722 2157 Εἶδον

2120 2225 2179 2262 σε
2213 2207 2402 2278 θρόνον
2440 2203 2791 2275 χερουϐικόν·
2830 2201 3080 2256 παστάδα
3109 2200 3400 2271 βασιλικήν
3426 2215 3440 2230 ·
3477 2199 3720 2266 ὑπέρου-

2119 2303 2306 2374 ράνιον
2336 2300 2566 2372 οὐρανόν
2591 2315 2604 2326 ·
2642 2297 2768 2351 ναὸν
2809 2296 3110 2366 ὐπεράγιον
3132 2311 3144 2324 ·
3192 2293 3400 2364 σκηνὴν
3441 2290 3724 2344 πολυώνυ-

2120 2412 2242 2465 μον.
2277 2389 2429 2448 Εἷδόν
2463 2410 2521 2447 σε
2551 2392 2792 2461 στάμνον
2826 2389 3257 2459 κεχρυσωμένην
3285 2385 3364 2456 τῷ
3393 2383 3676 2452 Πνεύματι
3699 2398 3714 2412 ·

2119 2490 2358 2557 στάμνον
2382 2487 2443 2542 τὸ
2489 2486 2590 2554 τῆς
2621 2483 2924 2546 ἀθανασίας
2972 2482 3310 2550 κατέχουσαν
3345 2479 3521 2548 μάννα
3541 2493 3555 2506 ·
3585 2475 3723 2542 τρά-

2119 2581 2290 2644 πεζαν
2317 2580 2410 2632 τὸν
2445 2581 2544 2648 τῆς
2576 2577 2725 2646 ζωῆς
2751 2575 3119 2642 ἐπιφέρουσαν
3153 2571 3342 2643 ἄρτον.
3379 2565 3532 2624 Εἰδόν
3570 2585 3632 2620 σε
3663 2567 3724 2619 ὲν

2120 2675 2340 2731 κόλποις
2401 2671 2759 2737 κατέχουσαν,
2796 2667 2886 2722 τὸν
2937 2668 2996 2718 ὲν
3057 2663 3134 2733 τῷ
3178 2660 3440 2732 Πατρικῷ
3496 2659 3726 2723 αὐλιζό-

2122 2782 2282 2834 μενον
2341 2763 2554 2833 κόλπῳ·
2600 2763 2692 2815 τὸν
2739 2760 3034 2830 σύνθρονον
3095 2762 3172 2827 τῷ
3235 2755 3526 2824 Γεννήτορι
3550 2771 3564 2785 ·
3625 2753 3724 2804 τὸν

2116 2861 2217 2928 τῆς
2287 2856 2637 2918 ὑποστάσεως
2701 2852 2870 2907 αὐτοῦ
2937 2850 3292 2922 χαρακτῆρα·
3351 2847 3414 2900 τὸ
3475 2843 3723 2916 όμοφυὲς

2119 2947 2497 3016 ἀπαύγασμα·
2555 2947 2656 3015 τὴν
2689 2943 2941 3013 ἰσοσθενῆ
2981 2942 3246 3009 δύναμιν·
3280 2940 3378 3010 τὴν
3433 2935 3720 3007 ὁμοούσιον

2117 3042 2308 3108 δόξαν·
2359 3040 2459 3111 τὴν
2515 3039 2824 3108 ἀδιαίρετον
2889 3035 3178 3102 ἐξουσίαν·
3236 3028 3376 3087 εἶδον
3435 3027 3716 3100 σαρκικῶς

2119 3137 2177 3188 ἂν
2203 3133 2474 3203 ἀγκάλαις
2517 3149 2611 3185 σου
2663 3130 3162 3202 περιγραφόμενον,
3197 3127 3287 3180 τὸν
3342 3123 3587 3193 σπιθαμῇ
3642 3121 3712 3175 τά

2120 3229 2301 3281 πάντα
2357 3226 2806 3296 περιγράφοντα·
2858 3222 2951 3275 τὸν
3005 3221 3152 3292 μόνῳ
3188 3217 3418 3287 νεύματι
3450 3216 3550 3286 τὴν
3604 3214 3718 3266 τῶν

2119 3321 2292 3375 όντων
2335 3319 2571 3390 ὓπαρξιν
2619 3314 3062 3388 δημιουργοῦντα
3094 3332 3109 3347 ·
3143 3315 3236 3369 τὸν
3271 3311 3453 3383 οἰκείᾳ
3487 3309 3719 3381 προνοίᾳ

423 3411 637 3462 ratione
691 3409 745 3462 in
791 3408 901 3463 tuis
959 3409 1436 3476 circumscriptum
1495 3409 1639 3463 ulnis
1694 3425 1844 3473 eum,
1915 3411 2009 3480 qui

2119 3414 2221 3483 τὴν
2257 3413 2369 3466 τῶν
2417 3411 2723 3480 γεγονότων
2777 3409 3038 3462 σύστασιν
3079 3405 3520 3476 ⁸ιτιιερικρατοῦντιι.
3545 3419 3560 3436 ·
3621 3401 3720 3456 τὸν

425 3503 682 3556 universa
726 3502 912 3572 palmo
961 3501 1402 3566 circumscribit;
1453 3501 1546 3570 qui
1595 3501 1716 3556 solo
1760 3514 1896 3557 nutu
1927 3517 2015 3557 res

423 3603 606 3659 creat;
651 3595 745 3664 qui
797 3609 896 3649 sua
943 3594 1304 3664 providentia.
1353 3603 1538 3648 creata
1583 3594 1847 3659 continet,
1879 3610 2014 3648 eon-

426 3693 738 3754 servatque,
781 3695 840 3738 ut
873 3688 1174 3740 consistant
1222 3703 1234 3740 :
1277 3687 1588 3741 cmlestium
1634 3686 1872 3755 denique
1903 3685 2012 3739 vir-

426 3785 600 3829 tutum
661 3775 860 3846 Regem
917 3791 982 3830 ae
1043 3777 1418 3832 Conditorem.
1483 3775 1527 3831 O
1591 3788 1696 3830 tute
1750 3775 2012 3831 bonitatis

426 3869 649 3931 divitiae,
693 3867 946 3923 Domine!
1002 3868 1098 3932 Te,
1163 3868 1412 3932 Domine,
1457 3870 1932 3940 superemltamus
1996 3888 2011 3923 :

425 3976 588 4028 quam
631 3963 806 4016 nostri
839 3963 1020 4032 egisti,
1057 3963 1359 4033 impensius
1389 3964 1763 4019 benedicimus
1798 3977 2009 4026 curam,

423 4067 519 4120 pro
547 4053 806 4107 omnibus
832 4055 1055 4123 quidem
1087 4055 1246 4108 nobis
1276 4070 1306 4109 a
1333 4064 1385 4109 te
1409 4054 1673 4124 impensis
1695 4053 2008 4117 benellciis,

421 4160 545 4197 cum
582 4144 776 4212 primis
809 4162 937 4200 vero
980 4146 1144 4214 hujus
1183 4147 1394 4199 ratione
1446 4147 1716 4216 mysterii,
1751 4147 2013 4215 quodque

422 4237 530 4289 tale
571 4237 731 4292 nobis
781 4249 1164 4292 ornamentum
1225 4253 1290 4292 ac
1332 4239 1739 4307 gloriationem,
1775 4240 2010 4293 inteme-

420 4330 759 4384 ratissimam
806 4329 1036 4386 Matrem
1086 4341 1232 4383 tuam
1285 4331 1617 4397 donaveris;
1657 4345 2009 4386 communem

422 4423 568 4475 illam
610 4424 793 4492 gaudii
831 4438 1091 4488 causam;
1124 4425 1431 4478 caelestium
1467 4423 1724 4476 ordinum
1760 4423 2009 4477 exsulta-

421 4514 665 4580 tionem;
708 4526 920 4569 naturae
970 4517 1209 4569 laetitiam
1268 4515 1741 4582 indissolubilem;
1795 4515 2011 4584 generis

420 4607 858 4676 iucunditatem;
918 4612 1253 4665 defectorum
1310 4610 1720 4680 progenitnrum
1786 4608 2013 4674 refrige-

425 4699 609 4752 rium:
648 4715 744 4770 per
788 4715 950 4769 quam
986 4701 1174 4770 primm
1221 4704 1458 4772 parentis
1493 4700 1866 4770 lacrymarum
1907 4699 2007 4752 rivi

2122 3508 2359 3562 Βασιλέα
2406 3505 2504 3560 καὶ
2561 3505 2804 3573 κτίστην
2837 3501 2946 3556 τῶν
2983 3500 3255 3572 οὐρανίων
3297 3498 3616 3567 Δυνάμεων.
3654 3497 3721 3547 ’Ὠ

2118 3600 2216 3655 τοῦ
2246 3599 2478 3654 πλούτου
2534 3597 2636 3667 τῆς
2681 3595 3050 3668 χρηστότητός
3106 3611 3225 3656 σου,
3267 3591 3469 3660 Κύριεί
3508 3589 3720 3658 Ὑπερ-

2121 3693 2363 3762 υψοῦμέν
2392 3709 2474 3756 σε,
2525 3692 2770 3745 Δέσποτα
2793 3706 2806 3721 '
2839 3688 2938 3759 τὴν
2987 3689 3088 3758 σὴν
3113 3682 3590 3756 ὑπερευλογούμεν
3616 3698 3719 3750 κη-

2116 3785 2374 3855 δεμονίαν
2409 3803 2422 3816 ·
2463 3783 2607 3854 ὑπὲρ
2657 3783 2878 3836 πάντων
2929 3781 3030 3851 μὶν
3067 3774 3144 3833 ὧν
3186 3779 3267 3842 είς
3303 3778 3451 3848 ἡμᾶς
3479 3776 3717 3844 ἔδρασας

2120 3877 2478 3948 εὐεργεσιῶν,
2512 3876 2652 3946 ὑπὲρ
2689 3874 2747 3928 δὲ
2782 3871 2976 3927 τούτου
3011 3873 3213 3944 μᾶλλον
3245 3871 3342 3924 τοῦ
3386 3867 3715 3938 μυστηρίου,

2121 3969 2215 4022 καὶ
2249 3967 2366 4021 ἀνθ’
2393 3963 2470 4021 ὧν
2517 3966 2763 4019 τοιοῦτον
2816 3965 2952 4033 ἡμῖν
2986 3960 3423 4031 δγκαλλώπισμα
3463 3959 3564 4026 τὴν
3611 3957 3716 4026 σὴν

2119 4058 2504 4128 πανάχραντον
2535 4055 2840 4126 δεδώρησαι
2863 4055 3096 4125 Μητέρα
3113 4069 3130 4088 ·
3159 4052 3260 4122 τὴν
3287 4049 3476 4120 κοινὴν
3501 4049 3600 4119 τῆς
3621 4064 3718 4116 κα.

2124 4153 2226 4222 ρᾶς
2258 4151 2441 4204 αἰτίαν
2463 4166 2476 4178 ·
2512 4149 2575 4204 τὸ
2601 4148 2919 4216 ὰγαλλίαμα
2942 4147 3052 4200 τῶν
3079 4144 3354 4214 οὐρανίων
3378 4143 3709 4212 ταγμάτων·

2117 4242 2218 4314 τὴν
2250 4241 2592 4296 άκατάλυτον
2621 4239 2964 4310 εὐφροσύνην
2990 4237 3091 4308 τῆς
3121 4236 3340 4304 φύσεως
3361 4251 3374 4265 ·
3409 4235 3512 4305 τὴν
3535 4232 3715 4300 θυμη-

2117 4336 2236 4389 δίαν
2275 4335 2370 4389 τοῦ
2421 4336 2644 4403 γένους·
2688 4335 2788 4402 τὴν
2833 4332 2942 4386 τῶν
2991 4331 3373 4401 ἀπειρηκότων
3427 4327 3715 4398 προγόνων

2117 4427 2434 4498 ἀναψυχήν·
2476 4427 2544 4480 δι’
2581 4423 2648 4496 ἧς
2685 4427 2743 4478 αἰ
2779 4425 2890 4477 τῶν
2933 4423 3184 4493 δακρύων
3213 4422 3314 4490 τῆς
3360 4421 3714 4490 προμήτορος

2115 4519 2492 4589 ἐπεσχέθησαν
2527 4518 2682 4589 ῥοαί·
2721 4518 2790 4570 δι’
2821 4513 2890 4588 ἧς
2925 4517 2974 4570 oi
3015 4515 3124 4569 τῶν
3159 4513 3401 4584 ἱδρώτων
3427 4511 3523 4564 τοῦ
3570 4528 3712 4581 προς

2115 4611 2352 4681 πάτορος
2375 4611 2722 4680 ἀνεκόπησαν
2744 4606 2964 4678 κρουνοί
2984 4622 2999 4638 ·
3029 4608 3062 4677 ὴ
3089 4605 3189 4673 τῆς
3208 4604 3386 4671 λύπης
3405 4601 3711 4666 ἀναίρεσις·

2115 4703 2148 4771 ἡ
2180 4701 2292 4754 τῶν
2320 4701 2531 4755 ὠδίνων
2579 4701 2754 4762 ἴασις·
2788 4701 2822 4770 ἡ
2867 4699 2977 4751 τῶν
3013 4695 3340 4765 στεναγμῶν
3380 4694 3674 4759 ἀπαλλαγή
3697 4705 3710 4720 ·

421 4795 656 4862 repressi
733 4805 894 4860 sunt;
950 4810 1046 4864 per
1105 4811 1269 4864 quam
1347 4794 1510 4862 primi
1577 4793 1705 4846 item
1764 4793 2005 4862 parentis

2119 4793 2378 4863 ὴᾶφεσις
2435 4792 2546 4845 τῶν
2591 4792 2808 4846 πόνων·
2853 4792 2885 4843 δ
2930 4790 3033 4861 τῆς
3077 4789 3252 4844 ἀϊδίου
3307 4790 3713 4850 καταπαύσεως

422 4886 686 4941 sudorum
737 4887 952 4942 inhibiti
985 4899 1112 4942 sunt
1168 4887 1348 4940 fontes
1395 4903 1410 4939 :
1467 4886 1874 4955 quze,'tristiti~.e
1923 4884 2007 4938 in-

424 4979 707 5049 teremptic
768 4988 878 5044 est;
951 4980 1203 5034 dolorum
1255 4979 1574 5041 medieatio;
1615 4981 1866 5033 liberatio
1924 4993 1954 5031 a
2011 4980 2342 5047 gemitibus;
2395 4979 2644 5034 laborum

420 5071 674 5129 initiatio.

497 5163 617 5218 XX.
676 5164 1060 5220 Laudaverunt
1143 5177 1229 5230 te,
1297 5166 1564 5234 Domine,
1627 5169 2012 5226 intelh-ctrices

426 5256 694 5311 universae
727 5256 980 5315 virtutes.
1009 5275 1131 5313 cum
1169 5260 1340 5315 solem
1374 5276 1439 5316 ae
1469 5261 1650 5314 lunam
1679 5277 1802 5316 cum
1839 5263 2012 5316 stellis

421 5348 780 5419 pioduxisses
839 5368 855 5402 :
907 5366 1052 5403 nunc
1109 5362 1290 5406 autem
1334 5354 1492 5421 longe
1545 5353 1748 5422 potius,
1781 5368 1908 5407 cum
1941 5353 2008 5406 ad

421 5441 685 5497 terribilis
715 5443 1084 5510 impletionem
1133 5446 1398 5514 mysterii,
1438 5447 2005 5500 immaculatissimam

425 5533 651 5588 Matrem
690 5543 836 5588 tuam
890 5551 954 5588 ex
1008 5543 1198 5588 nostro
1228 5552 1424 5605 genere
1474 5536 1712 5607 elegisti,
1744 5552 1808 5591 ac
1845 5539 2005 5590 talem

423 5627 584 5680 nobis
621 5625 938 5680 thesaurum
996 5628 1331 5695 reposuisti;
1368 5629 1461 5682 tali
1512 5643 1616 5683 nos
1664 5645 1758 5698 spe
1792 5630 2008 5683 stabili-

421 5715 571 5773 Visti.
595 5716 642 5772 Ο
670 5718 840 5771 nostri
870 5719 1084 5788 generis
1111 5719 1474 5787 nobilitatem,
1502 5723 1717 5790 qualem
1748 5723 2010 5792 consequi

495 5900 547 5940 “
577 5901 768 5959 Matth.
791 5918 909 5968 xui,
938 5905 1020 5958 17.
1105 5907 1146 5937 ¹⁹
1185 5904 1344 5960 .loan.
1377 5905 1502 5970 x,5.

2116 4884 2496 4955 ὲγκαινισμός.

2719 4977 3003 5042 remissio;
3089 4976 3437 5046 sentpitern-m
3500 4975 3714 5044 requiei

2193 5171 2276 5222 κ’·
2326 5165 2567 5238 ’ᾘνεαάν
2595 5179 2674 5227 σε,
2709 5161 2979 5223 Δέσποτα,
3013 5161 3187 5213 πᾶσαι
3219 5160 3403 5228 νοεραὶ
3425 5159 3709 5226 δυνάμεις,

2118 5259 2282 5331 ἡνίκα
2314 5258 2465 5328 ἣλιον
2503 5257 2598 5308 καὶ
2647 5252 2882 5322 σελήνην
2923 5254 3020 5304 σὺν
3047 5253 3161 5314 τοῖς
3199 5251 3418 5320 ἄστροις
3449 5252 3713 5320 παρήγα-
3747 5303 3764 5316 η

2119 5371 2248 5424 γες·
2300 5350 2483 5421 πολλῷ
2542 5349 2600 5403 δὲ
2655 5349 2859 5424 μᾶλλον
2908 5347 3023 5410 νῦν,
3077 5345 3239 5398 ὁπότε
3288 5346 3389 5397 τοῦ·
3434 5347 3714 5415 ἡμετέρου

2119 5448 2312 5515 γένους
2341 5445 2423 5506 είς
2459 5441 2557 5512 τὴν
2585 5438 2682 5493 τοῦ
2733 5438 2968 5508 φοϐεροῦ
3011 5438 3313 5508 μυστηρίου
3362 5437 3715 5506 ἐκπλήρωσιν

2121 5538 2219 5608 τὴν
2242 5535 2340 5608 σὴν
2372 5534 2754 5603 πανάχραντον
2779 5529 3125 5599 παρείληφας
3153 5533 3388 5599 μητέρα,
3419 5531 3511 5581 καὶ
3539 5529 3712 5581 τοιού-

2119 5647 2213 5683 τον
2242 5627 2376 5697 ἡμῖν
2410 5623 2674 5678 ὲναπέθου
2709 5623 2800 5675 τὸν
2826 5620 3101 5692 θησαυρόν
3121 5637 3137 5652 ·
3171 5619 3442 5692 τοσαύτην
3468 5620 3712 5688 ὑπεστή-

2124 5721 2280 5792 ριξας
2310 5719 2409 5788 τὴν
2457 5716 2666 5770 ἐλπίδα.
2705 5716 2769 5767 Ὢ
2818 5713 2919 5783 τῆς
2955 5713 3053 5767 τοῦ
3083 5713 3275 5782 γένους
3304 5701 3462 5784 ἡμῶν
3511 5711 3710 5780 εὐκλη-
