4104 6420
407 466 516 533 ειη

1307 476 1592 536 ORATIO
1630 477 1711 538 IN
1750 479 2280 544 NATIVITATEM
2320 485 2424 545 SS.
2463 482 2839 545 ΒΕΙΡΛΒιΈ.

3577 484 3683 550 598

415 582 579 653 ρίαςί
656 581 888 653 ’ίίλίκης
947 581 1046 653 τῆς
1109 586 1390 656 μεσιτείας
1444 587 1873 659 ἐπέτυχείῇΐίς
1934 589 2002 643 ἂν

2117 594 2301 648 meruit
2338 593 2740 649 mediatricctn!
2804 592 3066 660 Quisnam
3120 594 3434 665 angelorum
3485 596 3686 654 chorus

407 672 682 742 ἁγγελικὴ
727 673 1079 744 χοροστασία,
1111 675 1205 728 τὸν
1252 676 1452 746 ταύτης
1503 678 1725 743 ἐπάξιον
1770 680 1869 749 τῆς
1897 681 2000 735 δω-

412 766 547 832 ρεᾶς
574 765 784 839 ἐνέγκῃ
813 784 896 821 σοι
935 767 1095 837 λόγον
1119 784 1135 835 ;
1180 770 1314 823 Ποῖα
1343 768 1589 838 στόματα
1614 773 1713 842 τὴν
1742 773 2004 845 ἀσίγητον

411 856 748 927 ὑμνολογίαν
798 858 1017 931 ᾅδοντα,
1044 864 1144 931 τὴν
1186 860 1327 931 ὑπὲρ
1369 864 1576 934 ταύτης
1615 862 1886 933 ἰσχύσειεν
1915 864 2005 918 εὐ-

408 949 711 1019 χαριστίαν
772 967 855 1003 σοι
900 953 1231 1022 προσοῖσαι;
1285 953 1636 1027 Προέστησας
1687 956 1858 1025 αὐτὴν
1908 954 2005 1011 τοῦ

415 1041 696 1111 ἡμετέρου
732 1040 953 1109 γένους·
984 1043 1052 1096 δι’
1086 1044 1256 1114 αὐτῆς
1311 1043 1410 1116 τὴν
1449 1047 1588 1117 πρὸς
1640 1049 1790 1119 ἡμᾶς
1831 1047 2005 1121 ἀττορ-

414 1132 602 1202 ῥήτως
629 1133 942 1204 ἑνήργησας
983 1134 1395 1203 συγκατάϐασιν
1421 1148 1437 1188 τ
1473 1136 1532 1202 ἐξ
1562 1136 1732 1205 αὐτῆς
1754 1137 1815 1190 τὸ
1847 1137 2007 1207 ἡμῶν

414 1224 749 1295 περιεϐάλου
808 1226 1060 1297 φύραμα,
1112 1228 1209 1280 καὶ
1254 1226 1414 1281 τοῦτο
1458 1227 1528 1282 δι’
1573 1229 1745 1300 αὐτῆς
1792 1232 2005 1283 ἐκαινο-

413 1319 658 1391 ποίησας
678 1338 692 1352 ’
725 1320 792 1373 δι’
842 1323 1013 1392 αὐτῆς
1044 1322 1110 1376 σύ
1140 1322 1240 1395 τὴν
1282 1325 1418 1393 πρὸς
1459 1325 1627 1396 ἡμᾶς,
1657 1326 1753 1378 καὶ
1784 1324 1875 1378 διὰ
1909 1324 2005 1377 σοῦ

411 1410 523 1480 τὴν
555 1411 692 1480 πρὸς
739 1411 831 1464 τὸν
867 1414 1089 1485 Πατέρα
1134 1416 1483 1486 καταλλαγὴν
1529 1416 1686 1487 ἡμῶν
1715 1420 2006 1488 ἐπραγμα-

412 1502 623 1556 τεύσω.
661 1503 905 1568 Ἐδωκας
943 1505 1112 1577 αὐτὴν
1162 1509 1338 1579 στόμα
1380 1511 1476 1563 καὶ
1521 1511 1783 1582 καύχημα
1822 1515 1888 1583 τῇ
1917 1513 2010 1566 ἀν⁴

414 1593 762 1664 θρωπότητι.
812 1595 1110 1667 Ἐτίμησας
1139 1599 1206 1652 δι’
1254 1600 1428 1670 αὐτῆς
1476 1600 1574 1673 τὴν
1614 1601 1807 1674 πρώην
1850 1601 2010 1673 ήμῶν

413 1687 782 1757 ἡτιμωμένην
828 1685 992 1758 φύσιν
1015 1706 1028 1720 ·
1075 1690 1334 1756 ἑδόξασας
1364 1692 1435 1746 δι’
1466 1694 1637 1762 αὐτῆς
1678 1693 1778 1767 τὴν
1803 1693 2010 1765 ταύτης

415 1775 668 1841 esse“.
718 1775 798 1829 Δι’
838 1778 1012 1848 αὐτῆς
1050 1779 1151 1852 τὴν
1174 1780 1451 1853 ἀμορφίαν
1501 1783 1662 1853 ήμῶν
1701 1783 2008 1839 ἐκαλλώπι-

416 1883 549 1930 σας,
610 1865 704 1921 καὶ⁸
754 1868 857 1938 τὴν
909 1870 1185 1940 ἀκοσμίαν
1252 1875 1695 1949 κατεκόσμησας.
1742 1876 2008 1940 Τέθεικας

415 1957 600 2028 αὐτὴν
646 1961 880 2029 μεσίτιν,
911 1964 1365 2032 χειῳγωγοῦσαν
1411 1966 1512 2035 μὲν
1538 1968 1691 2036 ἡμᾶς
1736 1969 1872 2038 πρὸς
1905 1970 2006 2040 τὴν
2040 1943 2080 2003 Β

416 2050 526 2121 σὴν
580 2051 918 2122 ἀγαθότητα,
953 2053 1020 2106 τὰ
1052 2054 1109 2107 δὲ
1158 2054 1250 2107 τοῦ
1288 2056 1478 2125 γένους
1529 2058 2007 2131 ἐπανορθουμένην

416 2139 772 2209 πταίσματα.
805 2141 879 2194 Σὺ
929 2142 1178 2215 γέφυραν
1230 2144 1432 2216 ταύτην
1486 2149 1900 2215 κατεσκεύασας
1945 2152 2009 2206 ὲκ

413 2229 532 2283 τῶν
562 2228 660 2283 τοῦ
693 2230 900 2301 κόσμου
955 2233 1134 2287 σάλων
1177 2224 1545 2305 διαπερῶσαν,
1590 2239 1686 2292 καὶ
1740 2242 1878 2311 πρὸς
1909 2241 2008 2314 σὴν

414 2320 672 2393 γαλήνην
697 2322 1121 2394 καθοδηγοῦσαν.
1153 2326 1224 2381 Σὺ
1267 2327 1746 2401 κλίμακαοταύτην
1782 2334 2011 2405 ὑπήρει-

417 2429 548 2479 σας,
580 2411 642 2479 ἐξ
691 2413 930 2485 ἀθυμίας
984 2418 1065 2483 είς
1110 2416 1472 2491 εὐφροσύνην,
1515 2423 1610 2476 καὶ
1641 2425 1748 2478 ἀπὸ
1799 2425 1905 2495 γῆς
1931 2427 2011 2492 είς

412 2503 659 2576 οὐρανὸν
701 2507 1106 2577 ἀναφέρουσαν.
1150 2510 1225 2562 Σὺ
1262 2511 1456 2583 λιμένα
1493 2514 1710 2586 ταύτην·
1745 2520 2010 2589 σωτήριον

414 2595 759 2667 πεποίηκας.
802 2598 878 2652 Σὺ
924 2603 1102 2671 τεῖχος
1148 2602 1568 2675 ἀπολιόρκητον,
1621 2605 1716 2660 κα)⁵
1764 2609 2011 2681 ἀρραγὲς

418 2689 876 2760 περιχαράκωμα
908 2692 1116 2762 ταύτην
1157 2694 1548 2764 ἐθεμελίωσας.
1581 2698 1652 2752 Σὺ
1683 2700 1845 2755 ὅπλον
1874 2702 2012 2755 ἀπε-

430 2777 770 2848 ριμάχητον,
826 2779 922 2833 καὶ
979 2782 1427 2852 ἀκαταγὼνιστον
1484 2789 1744 2860 τρόπαιον
1809 2792 2012 2865 ταύτην

435 2865 724 2931 duaeea;
762 2869 835 2922 Σὺ
883 2870 1222 2945 κατάλληλον
1279 2876 1515 2946 ἰατρεῖον
1562 2878 1750 2950 ψυχῶν
1799 2900 1858 2935 τε
1919 2886 2014 2938 καὶ

436 2958 700 3027 σωμάτων
750 2960 1109 3032 ἀπειργάσω·
1147 2966 1249 3038 τὴν
1292 2967 1403 3019 τῶν
1462 2967 1794 3040 θλιϐομένων
1841 2992 2013 3048 παρα.

424 3054 663 3122 μυθίαν·
694 3059 797 3129 τὴν
825 3061 1174 3134 παράκλησιν
1204 3065 1315 3120 τῶν
1339 3068 1714 3141 ὀδυνωμένων.
1747 3072 1789 3123 Τ
1792 3072 1858 3144 ὴν
1885 3073 2016 3126 ἅνα-

420 3148 607 3221 ψυχὴν
634 3150 745 3205 τῶν
774 3153 1155 3226 ἀθυμούντωνο
1194 3160 1293 3230 τὴν
1318 3164 1455 3217 πᾶσι
1489 3165 1556 3218 τὰ
1587 3166 1764 3221 πάντα
1791 3167 2015 3239 γινομέ-

418 3258 550 3313 νην,
584 3243 670 3297 ἶνα
700 3245 768 3299 τὰ
797 3247 898 3317 τῆς
937 3248 1154 3318 φύσεως
1187 3251 1502 3328 θεραπεύσῃ
1534 3257 1849 3329 τραύματα.

495 3336 631 3393 KA’.
663 3336 826 3405 ’Δλλ’,
841 3334 888 3394 ὧ
903 3342 1276 3415 πολυπόθητον
1295 3347 1326 3418 ἡ
1333 3347 1448 3418 μῶν
1464 3365 1519 3400 σε
1529 3349 1869 3421 μνολόγημα,
1887 3353 2020 3425 ὁρᾷς

420 3432 550 3497 οἵας
571 3433 666 3487 ἐπὶ
694 3437 777 3489 σοὶ
807 3436 906 3500 τὰς
928 3438 1284 3508 εὐχαριστίας
1313 3443 1856 3516 ὲγκαλλωπιζόμενοι
1882 3447 2014 3501 πλέ-

423 3540 644 3594 κομεν;
705 3520 832 3581 Οἴον
883 3528 944 3582 τὸ
1008 3530 1277 3603 καύχημα
1335 3534 1799 3606 προϐαλλόμεθας
1856 3539 2017 3607 Μέγα

422 3617 626 3681 εντως,
657 3619 751 3672 καὶ
776 3621 877 3691 τῆς
906 3620 1002 3675 τοῦ
1037 3624 1310 3678 Δεσπότου
1335 3628 1559 3698 χάριτος
1586 3631 1910 3701 τεκμήριον.
1942 3632 2016 3687 Σὺ

422 3708 489 3762 δὲ
523 3709 659 3781 ἡμῖν
711 3711 1065 3784 καταλλήλως
1115 3714 1400 3782 ἀντιδίδως
1446 3718 1547 3783 τὰς
1587 3720 1933 3791 εὐεργεσίας,
1967 3726 2017 3778 εί

428 3801 533 3855 καὶ
579 3802 744 3870 λόγου
792 3806 998 3870 παντὸς
1054 3808 1149 3861 καὶ
1199 3809 1477 3881 εὐφημίας
1526 3814 1666 3867 είσὶν
1723 3815 2016 3887 ἀνώτεραι.

439 3893 644 3966 Ἡμεῖς
690 3897 873 3953 τοίνυν
924 3900 1417 3974 συνομολογοῦμεν,
1467 3905 1528 3959 οὐ
1574 3906 1736 3976 μόνον
1790 3910 2018 3980 ἐπιτυγ-

430 3985 626 4060 χάνειν
664 3987 867 4054 αὐτῶν,
910 3990 1048 4045 ἀλλὰ
1076 3993 1172 4046 καὶ⁹
1196 3994 1372 4067 πάντη
1401 3996 1504 4067 τῆς
1543 3999 1664 4053 κατ’
1698 3998 1854 4066 ἀξίαν
1883 4003 2022 4058 ἀπο-

430 4078 727 4135 λείπεσθαι
756 4081 1092 4151 δοξολογίας.
1127 4087 1389 4145 Τοιαῦται
1422 4092 1531 4161 γάρ
1579 4092 1736 4158 εἰσιν,
1768 4093 1843 4156 ὡς
1879 4095 2019 4165 μήτε

430 4170 647 4242 διανοίᾳ
696 4171 973 4243 ληφθῆναι
1021 4174 1302 4245 δύνασθαι,
1363 4182 1502 4248 μήτε
1561 4181 1710 4253 λόγῳ
1759 4184 2015 4255 ῥηθῆναι.

433 4262 717 4327 Τοιούτοις
749 4282 806 4319 σε
836 4269 953 4330 τοῖς
995 4266 1320 4337 θαυμασίοις
1353 4274 1381 4325 ὁ
1415 4273 1594 4338 κοινὸς
1635 4277 2019 4348 κατεκόσμησε

430 4353 739 4423 Δεσπότης.
781 4356 1021 4430 Τοιαύτη
1051 4374 1110 4411 σε
1133 4362 1197 4428 τῇ
1225 4360 1445 4433 ἐξουσίᾳ
1470 4365 1759 4435 τετίμηκε.
1789 4366 2019 4421 Δέσποι-

430 4444 539 4501 νάν
565 4461 626 4497 σε
663 4445 774 4499 τῶν
825 4448 996 4502 όντων
1045 4449 1401 4523 προθέμενος,
1438 4454 1504 4524 τῇ
1553 4455 1652 4525 τῆς
1696 4458 2020 4529 κυριότητος

433 4536 774 4594 ὲϐεὸαίωσεν
803 4543 982 4613 ἀρχῇ·
1031 4543 1112 4597 διὸ
1154 4546 1217 4599 τὸ
1252 4546 1456 4617 ταύτης
1491 4549 1897 4622 άπαρέγκλιτον
1947 4556 2015 4625 τῇ

431 4630 548 4684 τῶν
580 4633 927 4706 πραγμάτων
971 4639 1379 4709 ἑπεσφράγισεν
1405 4618 1653 4701 ὲκσάσει.
1687 4645 1878 4716 Ἀγεις
1906 4618 2018 4717 γὰρ
2050 4618 2094 4674 D

434 4727 536 4779 καὶ
583 4724 913 4797 βασιλεύεις,
948 4731 1039 4784 καὶ
1074 4735 1299 4802 κρατεῖς
1333 4733 1444 4789 τῶν
1475 4735 1734 4793 ἁπάντων
1783 4741 2024 4813 κτισμά-

432 4835 570 4875 των.
602 4817 776 4876 Τοῦτο
799 4820 950 4892 αὐτῷ
978 4821 1260 4893 δοξολογία
1279 4841 1294 4856 ·
1327 4825 1487 4882 τοῦτο
1517 4829 1750 4901 θέλημα.
1790 4833 1890 4887 Διὰ
1928 4833 2024 4889 σοῦ

433 4909 501 4960 τὸ
526 4907 726 4962 οἰκεῖον
760 4910 1137 4982 εὐεργετείται
1164 4915 1423 4985 πλάσμα*
1454 4920 1550 4973 καὶ
1584 4919 1727 4989 φιλεῖ
1761 4921 1862 4990 μὲν
1888 4924 2027 4978 ἐκεῖ·

437 5015 532 5062 νος
559 4998 621 5052 τὸ
651 5000 745 5055 σὸν
781 5001 1140 5074 ἀποπληροῦν
1176 5005 1409 5082 θέλημα,
1456 5009 1633 5079 φιλεῖς
1667 5011 1726 5066 δὲ
1792 5015 1857 5067 σὺ
1903 5015 2026 5080 ταῖς

437 5091 602 5161 ἡμῶν
632 5093 903 5150 ἐπινεύειν
938 5097 1180 5169 δεήσεσι.
1222 5100 1291 5155 Σὲ
1339 5101 1509 5173 μόνην
1539 5104 1639 5174 τὴν
1682 5107 1892 5162 οἰκείαν
1927 5127 2021 5181 μι-

437 5184 724 5255 μουμένην
774 5188 1041 5260 προειδὼς
1093 5191 1516 5264 εὐσπλαγχνίαν,
1568 5198 1629 5251 τὸ
1684 5199 1909 5254 δυνατὸν
1953 5204 2020 5275 τῇ

438 5277 605 5347 βουλῇ
639 5280 947 5346 συνέζευξε.
981 5281 1059 5353 Τῇ
1091 5283 1190 5354 τῆς
1224 5286 1595 5357 προαιρέσεως
1623 5290 1810 5360 ἡσθεὶς
1838 5294 2023 5362 φιλαν-

436 5367 682 5440 θρωπίᾳ,
728 5372 965 5441 ἄφθονον
995 5376 1097 5445 τὴν
1143 5376 1412 5447 εὐπορίαν
1456 5380 1784 5452 παρέσχετο.
1826 5385 2024 5457 Χαίρει

439 5465 555 5526 τοῖς
604 5464 911 5534 οἰκτιρμοῖς
959 5482 1074 5523 σου.
1124 5467 1232 5521 Καὶ
1261 5467 1372 5539 γὰρ
1420 5468 1649 5542 θελητὴς
1692 5473 1893 5540 ἐλέους,
1926 5478 2022 5531 καὶ

437 5553 648 5624 Πατὴρ
671 5557 1010 5626 οἰκτιρμῶν,
1044 5559 1144 5613 καί
1170 5559 1314 5628 Θεὸς
1338 5559 1543 5629 πάσης
1580 5566 2025 5636 παρακλήσεως

441 5645 608 5714 μόνος
660 5647 992 5718 καθέστηκε.
1051 5651 1272 5723 Ταύτην
1322 5654 1665 5722 αἰτουμένοις
1710 5658 1812 5727 τὴν
1861 5660 2021 5731 χάριν

436 5737 607 5804 δίδου,
639 5742 735 5794 καὶ
764 5742 842 5813 μὴ
885 5743 1095 5812 ἐφόδοις
1133 5745 1555 5818 ἁμαρτημάτων
1593 5746 1661 5802 τά
1689 5749 1784 5821 τῆς
1814 5751 2021 5824 δωρεᾶς

513 5921 557 5957 ³⁸
594 5919 636 5979 ιι
668 5918 799 5976 Cor.
823 5936 861 5981 ι.
888 5919 940 5976 5.

2038 3280 2087 3345 C

2107 686 2437 754 condignum
2489 684 2608 749 eius
2660 699 2884 739 munere
2928 684 3026 739 tibi
3066 699 3283 755 promat
3334 689 3689 745 sermonem?

2107 776 2367 842 Quisnam
2395 790 2510 836 ora.
2551 778 2605 829 in
2658 782 2915 844 perpetua
2972 775 3192 830 laudum
3239 778 3453 833 cantica
3484 779 3686 844 soluta,

2107 883 2378 938 congruas
2436 867 2532 922 tibi
2583 882 2682 936 pro
2730 882 2793 922 ea
2852 866 3050 923 offerre
3104 869 3318 939 possint
3382 872 3684 940 gratiarum

2107 961 2384 1017 actiones?
2412 958 2706 1016 PraefeciSti
2736 974 2856 1015 eam
2905 970 3093 1017 nostro
3142 961 3327 1031 generi
3364 980 3379 1017 :
3419 978 3515 1033 per
3541 978 3685 1029 eam,

2108 1053 2365 1115 ineﬂ‘abili
2393 1054 2604 1110 ratione
2635 1060 2688 1107 te
2719 1051 2878 1108 nobis
2909 1051 3182 1108 inclinasti
3206 1070 3220 1105 :
3241 1068 3304 1107 cx
3336 1069 3419 1119 ea,
3444 1063 3687 1110 nostram

2108 1146 2334 1203 induisti
2382 1144 2904 1215 massam,ejusque
2955 1144 3103 1199 illam
3155 1160 3324 1216 opera
3391 1146 3688 1201 innovasti.

2108 1241 2212 1297 Per
2248 1255 2369 1295 eam
2399 1240 2515 1309 ipse
2555 1254 2655 1295 nos
2684 1238 2803 1309 tibi,
2834 1252 2899 1293 ac
2932 1253 3024 1308 per
3069 1244 3146 1302 te,
3179 1254 3280 1293 nos
3311 1238 3459 1292 Patri
3496 1253 3691 1293 recon-

2108 1332 2327 1389 ciliasti.
2359 1330 2433 1388 Os
2461 1347 2604 1395 eam,
2638 1345 2704 1385 ac
2735 1344 2842 1400 qua
2894 1331 3244 1401 gloriaretur,
3279 1330 3522 1383 humano
3560 1342 3692 1382 con-

2109 1424 2325 1481 cessisti
2374 1422 2580 1494 generi.
2641 1422 2908 1485 Peream,
2972 1432 3174 1478 nostra:
3231 1431 3439 1476 natum
3484 1416 3694 1489 pridem

2109 1518 2400 1588 despectas,
2435 1518 2696 1572 honorem
2748 1515 3025 1571 addidisti.
3053 1512 3158 1569 Per
3194 1529 3339 1577 eam,
3389 1513 3509 1583 ejus
3562 1527 3694 1581 pro-

2111 1609 2271 1665 brum
2330 1609 2383 1665 in
2438 1606 2665 1677 gloriam
2706 1607 3046 1663 convertisti.
3092 1607 3194 1662 Per
3248 1620 3393 1672 eam,
3444 1612 3692 1659 nostram

2111 1702 2515 1759 deformitatem
2569 1702 2808 1767 ornasti;
2865 1715 2932 1756 ac
3002 1700 3238 1754 dedecus
3298 1699 3497 1753 decore
3543 1711 3696 1750 com-

2112 1793 2358 1853 mtttasti.
2395 1793 2764 1853 Hediatricem
2818 1807 2937 1848 eam
2987 1790 3355 1853 constituisti;
3390 1804 3501 1859 qua
3550 1788 3693 1842 duce

2113 1889 2182 1943 ad
2213 1896 2362 1942 tuam
2395 1887 2636 1942 feramur
2665 1886 2989 1952 bonitatem,
3016 1899 3081 1940 ac
3108 1900 3220 1954 qua
3255 1884 3482 1943 humani
3513 1890 3694 1938 errata

2112 1979 2327 2050 generis
2360 1977 2703 2035 emendanda
2762 1977 2892 2036 sint.
2927 1977 3060 2031 Eam
3111 1986 3168 2030 tu
3220 1983 3442 2045 pontem
3492 1972 3693 2032 fecisti,

2109 2088 2221 2142 quo
2247 2088 2280 2127 a
2314 2072 2503 2129 mundi
2557 2071 2819 2126 fluctibus
2845 2070 3202 2140 trajicientes,
3232 2069 3301 2127 ad
3336 2065 3693 2136 tranquillum

2110 2172 2331 2234 portum
2388 2174 2543 2219 tuum
2588 2162 2995 2232 perveniamus.
3034 2160 3250 2215 Scalatn
3293 2175 3413 2215 eam
3447 2158 3697 2221 ercxisni,

2111 2271 2233 2327 qua:
2266 2271 2297 2311 a
2333 2256 2591 2312 mmstitia
2630 2256 2697 2310 ad
2754 2256 2875 2311 laeta
2924 2255 3119 2323 gaudia
3149 2293 3163 2315 .
3204 2266 3368 2323 atque
3402 2268 3429 2303 a
3474 2261 3617 2307 terra
3643 2251 3696 2304 in

2111 2350 2312 2405 coelum
2341 2350 2699 2406 transmittat.
2725 2348 2805 2402 Tu
2828 2363 2950 2403 eam
2975 2347 3168 2403 salutis
3199 2330 3425 2403 edacisti
3459 2354 3693 2414 portum.

2111 2442 2245 2497 Eam
2274 2449 2332 2497 tu
2360 2456 2578 2495 murum
2612 2438 3112 2510 inexpugnabilem,
3146 2438 3464 2507 vallumque
3496 2437 3695 2491 incon--

2108 2550 2329 2593 cussum
2362 2533 2624 2590 fundasti.
2645 2531 2725 2586 Tu
2753 2547 2928 2598 arma,
2952 2530 3003 2585 vi
3030 2532 3182 2585 omni
3216 2530 3338 2585 belli
3370 2529 3697 2599 potentiora.

2112 2626 2528 2697 trophaeumque
2579 2625 2844 2679 invictum
2898 2634 3022 2679 eam
3059 2623 3389 2693 prtestitisti.
3424 2620 3506 2676 Tu
3540 2620 3699 2677 deni-

2111 2734 2240 2787 que.
2283 2726 2648 2786 opportunam
2687 2713 2997 2769 animorum
3048 2714 3249 2784 pariter
3301 2721 3464 2781 atque
3498 2726 3700 2781 (Ὄτρος

2114 2822 2234 2863 rum
2262 2808 2531 2863 officinam
2558 2804 2844 2870 medicam,
2879 2807 3055 2876 ipsam
3090 2804 3427 2871 exhibuisti;
3466 2803 3696 2860 afﬂicto-

2115 2917 2236 2957 rum
2282 2900 2572 2968 solatium;
2609 2914 2802 2955 eorum
2858 2897 3259 2953 recreationem
3308 2911 3372 2951 ac
3426 2895 3698 2953 levamen.

2116 2993 2209 3067 qui
2245 2992 2529 3049 doloribus
2574 2998 2865 3054 tenentur;
2913 2998 3236 3046 mmstorum
3289 2987 3497 3053 animo,
3541 2985 3702 3041 refri-

2117 3087 2324 3159 gerium
2357 3102 2372 3138 :
2406 3082 2664 3139 omnibus
2715 3083 2901 3139 omnia
2946 3080 3166 3145 factam,
3202 3088 3259 3136 ut
3292 3088 3501 3134 natura:
3546 3083 3704 3137 curet
3730 3142 3751 3160 ο

2118 3180 2366 3237 vulnera.

2190 3361 2332 3419 XXI.
2362 3362 2587 3424 Verum,
2619 3376 2654 3418 ο
2726 3360 2960 3416 multum
3010 3357 3388 3416 desiderabilis
3410 3367 3490 3422 tu,
3513 3365 3719 3425 nostra-

2119 3456 2410 3527 gloriatio,
2456 3454 2631 3518 vides,
2695 3459 2930 3524 quantas
2996 3450 3299 3520 plectamns
3388 3446 3697 3518 gratiarum

2120 3548 2367 3606 actiones
2395 3547 2449 3601 in
2490 3554 2543 3602 te
2567 3545 2904 3616 gloriantes?
2947 3542 3173 3610 Qualem
3216 3550 3269 3597 te
3306 3540 3698 3612 praetendimus

2120 3640 2537 3713 gloriationem?
2569 3638 2820 3710 Magnum
2850 3637 2980 3708 quid
3011 3637 3190 3706 reipsa
3219 3635 3461 3697 exsistis,
3514 3633 3702 3688 Domi-

2120 3737 2288 3807 nique
2314 3734 2501 3806 gratiae
2534 3742 2746 3790 eertum
2788 3739 3172 3802 argumentum
3211 3745 3225 3782 :
3263 3735 3318 3782 ttt
3373 3741 3506 3783 vero
3538 3726 3698 3783 nobis

2118 3825 2361 3881 vicissim
2389 3821 2651 3879 beneﬁcia
2677 3819 2933 3892 repende,
2968 3833 3282 3888 quanquam
3318 3818 3406 3874 illa
3448 3832 3703 3873 sermone

2118 3917 2267 3974 omni
2318 3922 2483 3984 atque
2523 3912 2836 3968 laudatione
2870 3911 3150 3967 exsistunt
3203 3909 3510 3978 superiora.
3552 3907 3702 3963 Con-

2121 4010 2340 4067 ﬁlemur
2365 4010 2571 4078 itaque,
2607 4005 2810 4061 nedum
2841 4019 2951 4059 non
2994 4017 3061 4059 ea
3108 4017 3206 4058 nos
3236 4002 3478 4065 assequi,
3512 4016 3700 4058 verum

2119 4111 2175 4157 et
2199 4102 2425 4157 omnino
2456 4099 2708 4164 deficere,
2733 4107 2792 4153 nt
2832 4111 2901 4151 ne
2929 4111 3029 4163 pro
3077 4095 3339 4160 dignitate
3386 4095 3700 4157 laudemus.

2122 4192 2281 4249 Talia
2324 4205 2562 4259 namque
2619 4189 2910 4252 exsistunt,
2945 4196 3004 4241 ut
3032 4202 3209 4257 neque
3260 4186 3449 4240 animo
3484 4185 3699 4255 concipi

2121 4283 2357 4346 valeant,
2396 4295 2498 4336 nec
2547 4294 2796 4335 sermone
2844 4280 3061 4347 possint
3094 4277 3300 4333 efferri.
3349 4276 3700 4345 Ejuscemodi

2123 4387 2176 4434 te
2204 4377 2548 4434 mirabilibus
2572 4375 2888 4432 communis
2920 4373 3186 4431 Dominus
3218 4372 3505 4445 magnifice
3533 4388 3702 4428 orna-

2123 4471 2202 4526 vit
2229 4488 2243 4525 :
2279 4479 2333 4525 te
2358 4469 2670 4525 bonestavit
2702 4468 2967 4539 potentia.
3002 4467 3205 4523 Rerum
3239 4474 3292 4521 te
3321 4464 3701 4521 universarum

2124 4561 2428 4634 preﬁciens
2450 4561 2749 4627 dominam,
2775 4559 3168 4617 dominationis
3197 4558 3295 4612 tibi
3333 4556 3700 4628 principatum

2126 4655 2383 4715 asseruit.
2409 4655 2677 4722 Quocirca
2710 4653 2834 4723 ejus
2866 4652 3117 4711 stabilem
3151 4651 3487 4717 ﬁrmitatem,
3516 4663 3702 4704 rerum

2123 4748 2432 4819 obsignavit
2473 4757 2692 4806 eventu.
2718 4745 3005 4801 Gubernas
3048 4743 3216 4807 enim,
3244 4745 3614 4812 imperasque.
3642 4759 3706 4796 ac

2122 4839 2424 4896 dominaris
2469 4838 2567 4893 toti
2615 4845 2903 4893 creaturae.
2930 4833 3057 4891 Haec
3084 4835 3205 4904 ejus
3255 4834 3497 4889 laudatio
3541 4842 3707 4903 atque

2121 4931 2330 5004 gloria;
2376 4930 2493 4985 haec
2523 4929 2795 4984 voluntas.
2828 4927 2931 4985 Per
2975 4936 3046 4990 te,
3084 4941 3186 4981 suo
3234 4926 3494 4993 figmento
3538 4925 3708 4983 bene-

2124 5022 2245 5078 llcia
2273 5018 2552 5089 impertit:
2583 5019 2884 5087 labensque
2912 5017 3005 5073 ille
3032 5026 3181 5071 tuam
3219 5015 3487 5088 adimplet
3506 5015 3707 5075 volun—

2129 5125 2335 5178 tatem;
2392 5122 2557 5182 tttque
2604 5111 2846 5166 vicissim
2880 5110 3073 5164 lubens
3128 5111 3330 5164 nostris
3361 5108 3707 5164 orationibus

2130 5202 2352 5258 annuis.
2378 5201 2514 5257 Cum
2567 5202 2737 5257 solam
2792 5209 2846 5256 te
2894 5200 3012 5270 ejus
3059 5199 3265 5254 imitari
3319 5199 3711 5256 misericordia:

2132 5294 2343 5350 viscera
2374 5293 2733 5363 praevidisset,
2769 5291 3037 5347 voluntati
3060 5293 3360 5361 potentiam
3397 5290 3705 5362 conjunxit.

2133 5384 2441 5440 Delectatus
2491 5384 2804 5451 clementia,
2840 5399 2906 5439 ac
2952 5383 3113 5454 pleno
3167 5383 3527 5439 humanitatis
3578 5395 3709 5452 pro.

2131 5476 2331 5549 posito,
2386 5475 2675 5532 facultates
2733 5476 2967 5530 ubertim
3013 5475 3264 5546 prmbuit.
3328 5472 3541 5529 Gaudet
3596 5471 3706 5526 tuis

2132 5570 2525 5627 misericordia
2574 5569 2898 5627 visceribus.
2932 5569 3144 5638 Quippe
3196 5565 3469 5638 ejusmodi
3506 5572 3612 5628 est,
3645 5573 3708 5616 ut

2132 5660 2564 5716 misericordiam
2593 5659 2745 5724 velit,
2775 5660 2958 5729 sitque
2998 5659 3163 5713 Pater
3195 5653 3706 5718 ntisert'cordiarum,

2131 5771 2192 5808 ac
2217 5755 2367 5810 solus
2404 5754 2543 5810 Deus
2581 5757 2736 5809 totius
2769 5752 3146 5809 consolationis
3168 5750 3234 5804 “.
3274 5748 3389 5804 Hoc
3418 5744 3707 5802 orantibus
