4104 6452
551 491 659 557 603
1887 485 2148 545 JACOBI

2219 487 2564 546 MONACHI

3727 487 3838 551 6οι

553 607 788 663 chorum
824 604 1064 666 instruo,
1093 608 1156 656 ut
1203 600 1496 662 honorem,
1525 599 1709 668 prouti
1745 614 1832 652 res
1869 599 2136 667 postulat,

2249 602 2387 655 κατὰ
2419 602 2578 668 λόγον
2616 600 2849 654 ἐπινοῶν
2874 604 2936 672 τῇ
2969 602 3336 674 ἀνατιθεμὲνῃ
3359 602 3480 674 Θεῷ
3517 604 3707 676 τιμὴν,
3733 606 3836 676 τὴν

557 698 634 760 ei,
657 710 781 764 quae
812 693 925 747 Deo
979 701 1362 754 consecratur,
1386 687 1701 743 exhibeam.
1731 687 1938 742 Deinde
1984 701 2137 752 vero,

555 789 668 844 leni
701 788 795 840 illo
821 793 1202 852 consuetoque
1232 783 1543 852 puellarum
1575 784 1813 842 incessu,
1846 790 2010 849 atque
2051 794 2143 834 ar-

558 879 811 933 dentium
842 876 1148 931 facularum
1175 874 1526 944 jucunditate
1567 872 1734 926 etiam
1791 871 1858 925 ad
1895 871 2140 941 ejusdem

556 971 803 1026 animum
859 967 1268 1024 obfirmandum
1320 976 1467 1020 utor.
1497 965 1652 1030 Quod
1701 963 1848 1018 enim
1896 962 1950 1017 in
2011 963 2144 1032 ipsis

559 1065 635 1117 rei
673 1061 965 1133 principiis
989 1075 1240 1131 magnam
1277 1057 1486 1128 praebet
1517 1057 1783 1115 laetitiam.
1804 1055 2146 1125 animidein-

557 1174 686 1226 ceps
702 1155 1044 1210 alacritatem
1065 1153 1133 1207 ad
1162 1151 1324 1207 finem
1355 1165 1529 1218 usque
1549 1148 1876 1204 servandam
1897 1147 2140 1216 prodest.

554 1251 689 1306 Nam
726 1257 985 1304 caeterum
1017 1247 1166 1310 novi,
1200 1252 1256 1299 et
1307 1242 1554 1297 indubiis
1611 1257 1744 1296 sane
1783 1241 2004 1296 innixus
2059 1254 2145 1293 ra-

558 1343 820 1402 tionibus,
853 1355 974 1395 eam
1034 1337 1220 1392 divina
1269 1337 1443 1404 gratia
1475 1334 1882 1398 confirmatam,
1911 1341 1968 1388 et
1999 1332 2146 1386 vires

556 1437 663 1490 sibi
717 1433 1072 1488 conferendis
1120 1431 1216 1485 Dei
1263 1445 1451 1484 amore
1498 1428 1835 1489 roboratam,
1867 1437 2030 1495 atque
2075 1423 2144 1480 ad

557 1527 884 1581 constantiae
933 1524 1331 1580 sublimitatem
1393 1533 1678 1586 erectam,
1741 1536 1812 1576 ne
1855 1520 2143 1575 minimum

554 1615 778 1683 quidem
831 1615 1112 1670 vertendae
1169 1613 1460 1668 sententia:
1519 1612 1639 1666 fore
1689 1611 1985 1666 obnoxiam
2019 1651 2034 1675 ,
2081 1626 2147 1666 ac

556 1709 852 1764 mundanls
901 1708 1162 1762 omnibus
1228 1706 1452 1775 spretis,
1523 1705 1618 1760 uni
1674 1705 2034 1775 suscipientis
2085 1721 2146 1761 se

557 1799 812 1853 cbaritati
859 1797 1235 1852 adhaerentem
1289 1796 1441 1866 (23),
1509 1796 1604 1850 uni
1649 1795 1898 1865 ejusdem
1947 1795 2144 1848 volun-

558 1892 655 1946 tati
711 1907 769 1945 se
829 1899 998 1944 totam
1037 1888 1610 1944 dedicaturam.lllud
1656 1889 1821 1943 etiam
1875 1886 2143 1958 spondeo,

2246 692 2563 762 φωτοφόρον
2596 691 3024 762 προκαταρτίζω
3058 694 3280 764 χορείαν
3301 712 3316 726 ο
3346 695 3540 748 ἔπειτα
3564 696 3619 749 δὲ
3648 698 3740 748 καὶ
3766 699 3835 767 τῇ

2244 784 2351 836 τῶν
2372 784 2625 837 νεανίδων
2651 785 2792 856 ἠπίᾳ
2815 787 2909 838 καὶ
2941 787 3167 854 συνήθει
3201 785 3409 855 βαδίσει
3442 788 3551 839 τῶν
3577 805 3640 839 τε
3677 806 3842 841 καιο-

2248 875 2426 944 μένων
2474 878 2541 944 τῇ
2598 876 2916 946 ιερπνότητι
2959 875 3282 947 λαμπάδων,
3325 878 3386 930 τὸ
3428 879 3840 948 ἀνεπίστροφον

2245 969 2384 1038 αὐτῇ
2418 969 2513 1038 τῆς
2530 969 2771 1033 διανοίας
2802 971 3148 1041 ὲπινοοῦμαι.
3200 972 3274 1024 Τὸ
3308 972 3416 1043 γὰρ
3438 976 3494 1026 ὲν
3522 975 3841 1043 προοιμίοις

2247 1064 2564 1134 περιχαρὲς,
2599 1066 2659 1120 ἰδ
2697 1066 2939 1137 εὔθυμον
2973 1068 3052 1140 τῷ
3108 1070 3271 1122 παντὶ
3322 1070 3644 1138 διατηρήσει
3684 1071 3841 1140 πρά-

2245 1172 2440 1226 γματι.
2489 1151 2621 1210 Οἶδα
2650 1158 2748 1228 μὲν
2775 1159 2886 1230 γὰρ
2917 1161 3276 1231 ἀναμφιϐόλῳ
3297 1161 3667 1230 πεπεισμένος
3693 1161 3839 1228 γνῶ·

2251 1264 2346 1316 μῃ,
2375 1245 2449 1310 ὡς
2475 1247 2576 1300 οὐκ
2605 1248 2671 1302 ἄν
2711 1266 2764 1302 τι
2793 1248 2900 1302 τῶν
2931 1250 2994 1302 ὲκ
3042 1250 3410 1320 μεταμελείας
3449 1251 3634 1314 πάθοι,
3674 1251 3843 1322 θεῖκῇ

2247 1353 2304 1386 τε
2332 1337 2697 1408 στηριζομὲνη
2723 1339 2928 1408 χάριτι,
2949 1340 3040 1392 καὶ
3062 1339 3140 1408 τῷ
3157 1339 3248 1392 τοῦ
3277 1339 3644 1410 δυιθαμοῦντος
3669 1339 3848 1410 ἔρωτι

2247 1432 2582 1504 ἀδρυνομένη
2613 1451 2673 1487 τε
2701 1437 2796 1490 καὶ
2841 1437 2978 1507 πρὸς
3002 1437 3137 1507 ὕψος
3167 1439 3466 1511 καρτερίας
3494 1440 3844 1510 ἀναγομένη,

2249 1527 2344 1576 καὶ
2364 1525 2437 1586 ὡς
2473 1526 2692 1580 πάντων
2725 1529 2827 1598 μὲν
2871 1531 3134 1601 ἀλογήσει
3165 1534 3272 1585 τῶν
3313 1531 3647 1602 ἐγκοσμίων,
3700 1533 3851 1604 μόνῃ

2246 1617 2304 1671 δὲ
2336 1620 2402 1688 τῇ
2436 1619 2529 1671 τοῦ
2568 1621 2862 1691 δεχομένου
2900 1625 3296 1693 προσφυομένη
3327 1625 3538 1695 ἀγάπῃ,
3563 1624 3660 1677 τοῦ
3688 1627 3851 1678 ὲκεί-

2247 1727 2337 1762 νου
2375 1711 2537 1780 μόνου
2565 1713 2858 1784 γενήσεται
2890 1715 3226 1786 θελήματος.
3290 1716 3639 1787 Ἐνδείκνυμι
3658 1719 3717 1770 δὲ
3743 1719 3853 1771 καὶ

2248 1795 2347 1864 τὴν
2374 1800 2775 1870 προαιρέσεως,
2799 1803 2858 1855 οὺ
2893 1803 3055 1872 μόνον
3085 1805 3508 1875 ἀμεταμέλητον
3539 1807 3847 1878 διαμένου-

2251 1903 2350 1940 σαν
2383 1894 2720 1963 προσφορὰν,
2743 1895 2878 1948 ἀλλά
2897 1896 2992 1949 καὶ
3023 1896 3082 1950 τὺ
3117 1899 3253 1968 μηδὲ
3283 1901 3401 1961 ταῖς
3424 1900 3530 1952 τῶν
3556 1899 3851 1970 λογισμῶν

557 2000 669 2037 non
714 1981 876 2038 modo
909 1982 1277 2052 propositum,
1305 1997 1415 2052 quo
1467 1990 1642 2036 semet
1679 1981 1862 2044 offert,
1914 1981 2141 2036 irrctra-

2249 1980 2536 2050 ὲπηρείαις
2561 1985 2972 2058 ὑποσυληθῆναί
3001 2006 3054 2040 τι
3087 1989 3198 2043 τῶν
3233 1991 3335 2061 τῆς
3367 1991 3674 2061 ὑπομονῆς,
3714 1993 3848 2047 ἐθέ-

555 2076 755 2130 ctabile
785 2091 1240 2146 permansurum,
1275 2075 1368 2128 sed
1395 2075 1620 2138 insuper
1647 2089 1715 2127 ne
1742 2072 2136 2142 cogitationum

555 2168 778 2237 quidem
824 2183 1036 2237 pugnas
1080 2167 1362 2236 quidpiam
1415 2166 1705 2219 obfuturas
1759 2167 1958 2219 mentis
2018 2165 2140 2234 ejus

2249 2071 2363 2124 λειν
2402 2075 2462 2126 τὸ
2485 2076 2714 2148 μόνιμόν
2737 2097 2796 2132 τε
2823 2086 2916 2134 καὶ
2959 2081 3260 2153 ὁλόκληρον
3307 2084 3689 2155 διατηρεῖσθαι
3715 2101 3732 2117 ·
3774 2086 3850 2139 δι’

2249 2155 2324 2218 ὧν
2355 2167 2450 2220 καὶ
2476 2167 2538 2219 τὸ
2575 2171 2974 2242 εὐπρόσδεκτον
3009 2174 3144 2240 ἕξει.

555 2261 900 2324 constantiae,
942 2276 1050 2329 qua
1108 2267 1442 2328 perpetuum
1487 2259 1877 2328 integrumque
1915 2257 2050 2313 velit
2089 2273 2148 2312 se
2184 2272 2387 2314 munus
2453 2261 2565 2317 Deo
2593 2265 2839 2332 servari;
2880 2281 2979 2336 per
3011 2267 3130 2323 haec
3187 2283 3320 2324 vero
3344 2269 3510 2326 etiam
3554 2280 3614 2327 ut
3642 2287 3844 2342 accep-

557 2358 743 2412 tabilis
766 2359 879 2412 Deo
907 2357 1022 2422 fiat,
1048 2365 1444 2426 consequetur.

627 2447 692 2502 V.
735 2447 876 2514 Quid
905 2463 1059 2518 ergo,
1096 2462 1129 2502 ο
1173 2447 1502 2502 Joachimc?
1535 2445 1678 2500 Num
1710 2455 1766 2500 et
1809 2446 1914 2500 hoc
1943 2446 2141 2517 exigis,

559 2551 622 2594 ut
662 2541 779 2610 ipsa
826 2556 894 2594 ne
943 2540 1330 2594 recordatione
1369 2539 1594 2609 quidem
1643 2538 1885 2608 aliquem
1935 2547 2149 2594 naturae

562 2633 821 2687 affectum
871 2631 1256 2686 demonstret?
1290 2632 1479 2702 Neque
1522 2631 1727 2701 pateris
1774 2641 1836 2686 ut
1868 2632 1953 2685 vel
2000 2631 2146 2686 intc-

561 2726 694 2780 riori
759 2725 960 2780 mentis
1027 2725 1363 2797 cogitatione
1435 2724 1718 2794 quidpiam
1790 2725 2142 2794 prwsentium

560 2826 746 2874 mente
777 2819 1055 2874 revolvat?
1098 2819 1396 2890 Mancipari
1422 2818 1570 2873 enim
1607 2817 1761 2888 (Deo)
1791 2819 2020 2887 perinde
2045 2817 2146 2873 tibi

561 2926 684 2964 esse
720 2911 960 2974 videtur,
1014 2926 1079 2966 ac
1125 2911 1426 2966 interiores
1463 2925 1684 2981 quoque
1716 2909 1808 2978 (de
1848 2911 2147 2980 extraneis)

561 3003 873 3058 locutiones
904 3019 1131 3073 prorsus
1170 3004 1436 3076 abjiecre.

629 3092 746 3148 Hoc
775 3110 927 3160 sane,
973 3095 1155 3165 inquit
1204 3104 1384 3166 pater.
1427 3095 1532 3150 hoc
1576 3095 1715 3149 mihi
1748 3095 1949 3166 majus,
1981 3109 2147 3166 quam

2319 2443 2398 2495 E’.
2423 2443 2488 2496 Τί
2520 2439 2635 2510 οὖν,
2670 2439 2715 2498 ὦ
2759 2445 3050 2517 Ἰωακείμ;
3086 2446 3221 2501 Οὐδὲ
3243 2448 3332 2500 διὰ
3359 2448 3584 2518 μνήμης
3634 2449 3845 2520 ταύτην

2247 2539 2490 2607 προαιρῇ
2524 2537 2586 2589 τὸ
2634 2539 2955 2608 προσπαθὲς
3010 2540 3388 2594 ἐνδείκνυσθαι
3435 2541 3536 2611 τῆς
3583 2541 3837 2610 φύσεωςς

2244 2627 2368 2681 οὐδὲ
2391 2631 2504 2690 τοῖς
2551 2628 2620 2681 δι’
2663 2630 3019 2700 ἐνθυμήσεως
3058 2633 3365 2702 λογισμοῖς,
3415 2634 3525 2686 τῶν
3553 2635 3832 2704 παρόντων

2248 2737 2300 2773 τι
2326 2721 2643 2788 λογίζεσθαι
2676 2727 3016 2794 συγχωρεῖςς
3065 2724 3229 2777 τοῦτο
3266 2726 3376 2795 γάρ
3421 2742 3506 2780 σοι
3558 2727 3620 2780 τὸ
3671 2730 3749 2797 μὴ
3777 2731 3842 2798 τῇ

2245 2811 2447 2882 καρδίᾳ
2468 2813 2702 2882 φάσκειν
2726 2814 3243 2886 αἰχμαλωτισθῆναι
3276 2816 3550 2887 βούλεται.

2321 3089 2496 3142 Τοῦτο
2520 3089 2653 3158 γὰρ,
2687 3089 2845 3158 φησὶ,
2871 3090 3034 3144 τοῦτο
3073 3089 3184 3143 τῶν
3212 3091 3468 3146 ἁπάντων
3493 3092 3611 3162 ἐμοὶ
3636 3093 3842 3163 κερδα-

561 3186 773 3256 reliqua
832 3186 975 3241 bona
1031 3185 1243 3249 omnia,
1306 3187 1530 3240 lucrum
1586 3185 1770 3251 affert,
1821 3196 1882 3243 ut
1928 3187 2144 3243 fructus

2249 3180 2515 3250 λεώτερον
2555 3180 2799 3246 ἀγαθῶν,
2843 3182 2873 3234 6
2914 3182 3118 3252 πατήρ.
3149 3183 3222 3236 Τὸ
3255 3185 3418 3254 μόνου
3448 3186 3540 3239 τὸν
3576 3187 3708 3256 ὲμδν
3736 3186 3850 3241 τοῦ

560 3291 719 3330 meus
745 3275 838 3330 uni
857 3275 1017 3331 cedat
1040 3275 1218 3347 (Deo),
1239 3275 1334 3346 qui
1370 3275 1548 3345 ipsum
1582 3275 1844 3342 donavit;
1873 3285 1930 3331 et
1953 3292 2149 3346 quem-

557 3355 858 3423 admodum
923 3377 1124 3437 praeter
1167 3383 1321 3437 spem
1385 3383 1606 3422 omnem
1657 3369 1952 3424 humanam
2013 3369 2143 3424 mihi

561 3477 860 3516 concessus
883 3470 991 3525 est,
1021 3460 1100 3515 sic
1129 3460 1265 3514 inira
1288 3461 1538 3530 ejusdem
1564 3460 1786 3516 ubertas
1819 3461 2145 3517 concedenti

563 3551 780 3606 reddita
811 3563 1094 3606 cernatur.
1129 3551 1244 3606 Hoc
1287 3551 1425 3606 mihi
1478 3552 1628 3606 omni
1671 3568 1760 3618 eo,
1811 3553 1959 3624 quod
2007 3553 2146 3608 desi-

561 3643 758 3698 derare
786 3644 1010 3712 possim,
1042 3644 1368 3713 pretiosius;
1398 3645 1502 3698 hoc
1532 3643 1822 3700 laboribus
1853 3645 2147 3715 quibusvis

562 3743 732 3802 atque
777 3743 928 3787 recte
959 3733 1120 3788 factis
1167 3734 1496 3802 ampliorem
1529 3733 1974 3803 nobilioremque
2004 3751 2148 3789 mer-

563 3828 755 3878 cedem
789 3825 1069 3890 continet;
1115 3825 1199 3880 hae
1233 3824 1370 3880 mihi
1419 3825 1626 3881 divitiae
1650 3841 1868 3880 omnem
1895 3841 2046 3896 spem
2083 3841 2148 3881 ac

563 3917 896 3972 desiderium
953 3917 1318 3980 eacedentes;
1371 3917 1438 3970 ad
1481 3918 1767 3987 praemium
1837 3917 1943 3974 hoc
1995 3934 2146 3974 asse-
2195 3918 2200 3921 ’

559 4009 842 4080 quendam
886 4010 1199 4073 tolerantia,
1256 4010 1710 4079 supplicationes,
1761 4011 1984 4065 labores
2029 4012 2147 4065 col-

561 4101 692 4166 lati;
733 4101 850 4155 hwc
875 4111 1130 4156 votorum
1167 4111 1286 4157 erat
1313 4118 1377 4156 ac
1405 4102 1806 4156 desideriorum
1834 4112 2012 4158 meta:
2044 4118 2146 4173 pro

560 4193 708 4247 felici
744 4193 849 4248 hoc
885 4193 1036 4248 exitu
1084 4195 1310 4248 laudum
1359 4195 1577 4252 cantica
1637 4205 1695 4249 et
1741 4196 2145 4250 sacrificiorum

562 4285 874 4339 oblationes
909 4286 964 4340 in
993 4285 1297 4355 gratiarum
1334 4288 1586 4342 actiones
1632 4287 1862 4344 redditae
1895 4288 2143 4344 fuerunt.

633 4377 723 4432 Vl.
756 4377 871 4432 Hac
911 4379 1096 4448 itaque
1147 4379 1319 4433 animi
1365 4379 1672 4443 alacritate,
1702 4381 2007 4435 certissima
2043 4381 2147 4436 liae

564 4470 762 4524 fiducia
801 4470 1098 4540 gloriosam
1134 4471 1412 4541 Virginem
1446 4470 1511 4525 ad
1556 4472 1818 4540 templum
1853 4482 2014 4542 pater
2043 4473 2145 4528 ad-

2247 3273 2541 3334 δεδωκὸτος
2566 3271 2823 3340 γενέσθαι
2848 3273 3062 3343 καρπόν
3078 3291 3092 3303 ·
3125 3274 3188 3329 τὸ
3228 3275 3480 3347 καθάπερ
3499 3276 3628 3347 παρ’
3649 3278 3854 3331 ἐλπίδα.

2249 3366 2352 3435 τὴν
2399 3363 2755 3433 ἀνθρωπίνην
2798 3365 3140 3436 παρεσχέθη,
3193 3366 3340 3420 οὕτω
3387 3367 3481 3421 καὶ
3531 3368 3852 3437 παράδοξον

2248 3455 2483 3526 ὀφθῆναι
2519 3453 2594 3525 τῷ
2621 3457 3030 3526 παρασχομένῳ
3056 3457 3437 3528 καρποφορίαν
3461 3475 3476 3490 ·
3512 3458 3675 3512 τοῦτο
3715 3477 3853 3513 παν-

2249 3553 2339 3617 τὸς
2375 3551 2576 3621 ἐφετοῦ
2599 3553 2931 3623 τιμιώτερον
2951 3569 2965 3585 ·
3000 3549 3162 3604 τοῦτο
3194 3550 3717 3620 πολυπλασιώτερον
3744 3552 3854 3605 πό-

2249 3661 2378 3709 νων,
2423 3644 2519 3698 καὶ
2562 3644 3009 3715 κατορθωμάτων
3037 3641 3456 3714 περιδοξότερον
3488 3644 3604 3715 ἔχει
3655 3644 3719 3698 τὸ
3749 3645 3855 3712 γέ-

2251 3752 2388 3806 ρας·
2430 3729 2587 3799 οὖτος
2629 3737 2812 3807 πάσης
2842 3735 3308 3807 περιουσιώτερος
3357 3738 3572 3800 ἐλπίδος
3613 3739 3641 3790 ὁ
3674 3737 3853 3792 πλοῦ-

2248 3844 2357 3889 τος,
2389 3827 2527 3897 ὑπὲρ
2550 3827 2810 3897 τοιαύτης
2854 3828 3148 3898 ἀμοιϐἧςή
3183 3830 3474 3900 καρτερία,
3508 3831 3564 3882 ai
3593 3829 3849 3898 δεήσεις,

2246 3918 2297 3969 oi
2322 3916 2496 3978 πόνοι,
2523 3915 2767 3969 τοιοῦτον
2789 3912 2857 3986 ἦν
2884 3918 2944 3970 τὸ
2971 3917 3080 3970 τῶν
3113 3919 3290 3988 εὐχῶν
3343 3921 3401 3970 ὲν
3433 3919 3705 3989 ἐπιθυμίᾳ
3740 3921 3853 3972 πέ-

2252 4023 2350 4075 ρας
2381 4022 2394 4035 ⁸
2421 4006 2563 4077 ὑπὲρ
2598 4007 2855 4077 τοιαύτης
2886 4009 3187 4071 ὲκὸάσεως,
3217 4009 3280 4062 αἴ
3322 4026 3383 4061 τε
3425 4009 3854 4078 εὑχαριστήριοι

2245 4097 2572 4166 δοξολογίαι,
2596 4099 2693 4152 καὶ
2743 4099 2801 4152 αἱ
2842 4099 3299 4172 καλλιερούμεναι
3327 4101 3537 4156 τούτων
3569 4102 3854 4174 προσηνέ-

2247 4189 2457 4260 χθησαν
2490 4189 2694 4243 θυσίαι.

2318 4374 2412 4442 ς’.
2438 4373 2676 4444 Τοιαύτῃ
2723 4373 2823 4439 μὲν
2847 4373 2939 4428 οὖν
2967 4376 2995 4428 ὁ
3041 4375 3223 4446 πατὴρ
3276 4377 3374 4430 καὶ
3412 4375 3702 4446 προθυμίᾳ
3751 4378 3855 4434 καὶ

2245 4467 2603 4537 ἀναμφιδόλῳ
2633 4467 2958 4538 προσδοκίᾳ,
2988 4467 3087 4538 τὴν
3109 4467 3506 4539 δεδοξασμένην
3538 4469 3749 4537 ἀνῆγεν
3787 4471 3853 4522 ἐν

559 4561 740 4616 duxit.
774 4561 894 4631 Ipsa
927 4576 1060 4615 vero
1086 4562 1398 4625 incedebat,
1427 4571 1654 4624 terram,
1686 4579 1850 4632 quam
1875 4564 2142 4629 calcabat,

2249 4558 2327 4629 τῷ
2353 4559 2468 4626 ναῷ
2500 4559 2780 4628 Παρθένον
2815 4576 2830 4592 ⁸
2866 4561 2899 4630 ἡ
2929 4562 2986 4614 δὲ
3035 4560 3206 4631 ἀπῄει
3229 4561 3357 4614 ποσὶ
3389 4563 3488 4631 μὲν
3514 4561 3853 4632 καθαρωτά-

560 4653 941 4708 mundissimis
970 4654 1206 4723 pedibus
1242 4655 1562 4724 purificans,
1598 4663 1764 4725 atque
1795 4672 1982 4711 aerem
2007 4673 2142 4711 sua-

559 4744 791 4798 vissimo
834 4745 1148 4802 sanctilatis
1203 4761 1318 4800 sua:
1371 4745 1542 4800 odore
1597 4747 1960 4816 perfundens.
2022 4749 2141 4803 Non

559 4836 708 4894 illam
746 4838 983 4892 vestium
1031 4837 1374 4892 exteriorum
1409 4839 1632 4910 elegans
1664 4840 1925 4903 varietas,
1964 4857 2144 4910 neque

555 4945 724 4990 aurea
769 4931 1016 4994 monilia,
1060 4946 1126 4985 ac
1169 4931 1480 5001 lapillorqu
1524 4947 1902 4987 connexorum
1936 4933 2144 4988 mican-

556 5023 809 5079 tissimus
847 5025 1180 5086 venustabat
1228 5023 1447 5093 fulgor;
1497 5025 1593 5080 sed
1627 5025 1933 5080 exornabat
1968 5026 2146 5096 splen-

557 5115 884 5172 didissimus
913 5117 1174 5187 puritatis
1199 5117 1436 5172 amictus
1466 5117 1604 5186 (24),
1628 5127 1795 5188 atque
1821 5118 1970 5173 omni
2004 5131 2141 5172 auro

636 5225 750 5303 (25)
768 5226 978 5286 Grtece.
1008 5229 1146 5300 μόνῃ
1161 5230 1217 5283 δὲ
1236 5233 1302 5300 τῇ
1322 5229 1416 5283 τοῦ
1432 5230 1727 5303 δεχομένου
1746 5231 2138 5303 προσφυομένη

561 5295 784 5370 ᾀῖάπῃε
809 5308 865 5370 et
880 5295 1106 5366 prorsus
1118 5295 1524 5370 congruentissi
1530 5318 1615 5355 me
1632 5319 1646 5364 ;
1669 5295 1958 5356 cum'eni'm
1975 5295 2146 5369 προσέ

563 5365 793 5439 (gignit.
816 5369 860 5420 si
884 5365 1033 5423 vocis
1047 5370 1152 5421 vim
1178 5365 1413 5437 sp'eetes,
1433 5371 1610 5424 valeat
1629 5371 1912 5435 adnascar,
1938 5387 2002 5426 ac
2020 5365 2146 5439 'pro-

566 5437 687 5510 prie
715 5436 820 5510 _de
886 5439 1057 5492 ramis
1091 5436 1330 5510 dicatur,
1375 5441 1469 5510 qui
1522 5441 1709 5496 arbori
1757 5436 2146 5505 adnascun'tur,

562 5506 764 5580 exinde
783 5509 1174 5580 προσφυομένη
1200 5525 1306 5580 non
1325 5506 1409 5564 est
1427 5521 1706 5580 utcunque
1743 5513 2031 5573 cohtrrens,
2054 5513 2151 5567 sed

562 5577 834 5664 calcate?
864 5579 1217 5664 o_rigiiiafitcr.
1250 5579 1486 5664 Perinde
1510 5591 1595 5635 est
1616 5577 1906 5664 propterea
1931 5582 2151 5664 Mariam

563 5649 632 5714 τῇ
656 5647 750 5700 τοῦ
774 5647 1127 5721 Θεοῦᾲάγάπῃ
1155 5651 1579 5721 προσφυομὲνην
1617 5647 1882 5716 profiteri,
1916 5668 1981 5706 ac
2005 5651 2154 5705 aliir-

565 5730 746 5791 mare,
770 5734 897 5791 eam
920 5719 1031 5773 Deo
1063 5719 1159 5788 per
1173 5720 1497 5791 ebaritatem
1529 5719 1826 5791 aborigine
1859 5738 1956 5777 sua
1976 5723 2156 5777 eoluc-

568 5785 731 5850 sisse,
756 5804 858 5844 nec
889 5789 1031 5843 inter
1063 5785 1165 5843 eos
1194 5791 1407 5860 censeri
1440 5790 1586 5845 illam
1616 5785 1907 5860 pos'se.qui
1933 5791 2154 5845 oleastri

581 5872 709 5910 cum
741 5869 948 5920 essent,
984 5860 1141 5913 bona:
1166 5859 1292 5914 dein
1323 5860 1480 5913 oliva:
1509 5859 1700 5914 inserti
1721 5859 1872 5922 sunt,
1893 5863 1986 5925 sed
2013 5879 2158 5914 iuiu-

587 5939 750 6002 quam
783 5944 892 5989 non
916 5929 1118 5988 bonam
1134 5932 1333 5987 olivam
1351 5930 1600 5987 eamdem
1615 5931 1804 5989 fuisse.
1827 5933 1981 5990 Haud
2004 5931 2160 5988 dissi-

2248 4668 2364 4715 τοις
2391 4651 2492 4722 τὴν
2519 4652 2873 4722 πατουμένην
2905 4652 3314 4720 καθαγνίζουσα
3339 4655 3466 4723 γῆν,
3507 4656 3628 4724 ἀέρι
3660 4654 3720 4708 δὲ
3748 4656 3852 4709 τοῦ

2249 4743 2351 4813 τῆς
2390 4743 2676 4815 ἁγιότητος
2702 4743 3059 4814 μεταδιδοῦσα
3085 4746 3359 4815 μυρισμοῦ
3383 4762 3396 4774 ·
3423 4747 3490 4816 ἢν
3517 4747 3616 4799 οὐκ
3648 4747 3850 4817 αἰσθη-

2249 4839 2357 4893 τῶν
2391 4838 2756 4908 περιϐολαίων
2795 4839 3062 4903 ποικιλία,
3105 4840 3230 4892 οὐδὲ
3261 4839 3471 4912 χρύσεα
3503 4839 3850 4912 περιδὲρῤεα

2251 4929 2347 4983 καὶ
2375 4929 2483 4981 τῶν
2513 4929 2890 5000 συνδουμένων
2927 4929 3092 4983 λίθων
3119 4930 3476 4984 διειδέστατοι
3528 4932 3849 4984 κατεκάλυ-

2252 5039 2385 5076 πτον
2427 5021 2721 5090 διαύγειαι,
2777 5023 2896 5076 ἀλλ’
2937 5025 2971 5092 ἡ
3002 5024 3102 5093 τῆς
3133 5024 3510 5095 καθαρότητος
3551 5025 3851 5096 ὑπερφαὴς

2251 5115 2586 5184 κατεκόσμει
2621 5115 2904 5186 περιϐολὴ,
2937 5119 2971 5186 ἡ
3001 5116 3206 5186 χρυσοῦ
3237 5117 3441 5181 παντὸς
3470 5117 3849 5186 τιμαλφεστὲ-

2250 5227 2402 5282 milia
2433 5228 2606 5284 habes
2637 5229 2690 5284 in
2714 5231 2884 5285 altera
2914 5231 3160 5294 eiusdem
3179 5231 3388 5294 Jacobi,
3417 5246 3583 5298 quam
3609 5229 3851 5288 inferius

2253 5300 2530 5371 dabimus,
2555 5301 2806 5371 oratione
2835 5303 2888 5354 in
2908 5300 3134 5371 Virginis
3158 5301 3404 5370 Deipara:
3449 5299 3846 5371 Visitationem,

2255 5369 2348 5424 ubi
2382 5384 2505 5440 eam
2531 5370 2600 5424 de
2628 5385 2730 5440 suo
2763 5372 2816 5424 in
2843 5369 3013 5440 Deum
3039 5369 3263 5424 ardenti
3286 5371 3486 5424 aﬂ‘ectu
3515 5372 3595 5425 sic
3615 5370 3851 5440 loquen-

2259 5450 2367 5494 tem
2418 5439 2630 5494 inducit
2667 5439 2717 5510 (ς
2742 5442 2840 5511 9);
2881 5439 2981 5495 Hic
3029 5441 3229 5511 (amor)
3272 5441 3434 5496 simul
3466 5459 3589 5495 cum
3623 5439 3850 5509 corpore

2259 5512 2522 5564 accrevit:
2563 5512 2643 5564 hic
2673 5510 2836 5566 simul
2865 5528 2984 5565 cum
3019 5522 3190 5564 mente
3212 5510 3442 5564 adolet-it
3465 5529 3482 5566 :
3509 5513 3627 5566 huic
3656 5528 3850 5580 conge-

2254 5582 2365 5633 uita
2415 5582 2596 5634 anima
2629 5597 2749 5634 mea
2787 5582 3147 5636 indesinenter
3195 5581 3376 5636 laudes
3428 5583 3520 5636 tibi
3565 5581 3800 5634 contexit
3827 5596 3847 5633 :

2257 5645 2430 5721 υῦτος
2463 5650 2778 5720 συνηυξήθη
2822 5651 2897 5718 τῷ
2933 5651 3170 5720 σώματι,
3205 5647 3359 5705 οὗτος
3398 5651 3744 5721 συνακμάζει
3777 5652 3844 5718 τῇ

2255 5720 2486 5790 διανοίᾳ.
2537 5721 2713 5793 τούτῳ
2759 5725 2792 5787 ἡ
2847 5722 2994 5793 ψυχὴ
3027 5723 3438 5793 νπροσφυομένη
3491 5720 3590 5793 τὴν
3638 5722 3846 5774 ἀκειτὰ-

2259 5809 2367 5842 παυ
2381 5808 2498 5841 στον
2530 5791 2859 5858 ὑμνολογίαν
2888 5792 3194 5847 διαπλέκει.

2352 5861 2443 5926 2i)
2475 5861 2616 5924 Quid
2659 5871 2764 5918 est.
2812 5878 3021 5930 (μιςυδυ,
3072 5879 3168 5916 cur
3232 5861 3285 5914 in
3331 5863 3586 5931 puritatis
3641 5861 3839 5917 laudes

2260 5939 2550 6003 tantopere
2597 5948 2653 5986 se
2707 5933 2897 5988 Patres
2950 5931 3321 5996 cﬂundercut,
3371 5949 3495 5987 cum
3547 5933 3614 5987 de
3658 5935 3843 6002 puclla
