4104 6414
542 474 545 479 ’
576 468 681 532 607
1364 496 1369 501 '
1911 473 2091 534 JACO
2104 473 2179 533 BI
2220 476 2570 537 MONACHI
3735 474 3849 539 608

578 588 735 629 amor
791 583 918 628 tuus
971 578 1030 629 ut
1075 589 1294 646 semper
1349 577 1455 632 sibi
1499 584 1761 633 constans
1809 590 2148 649 perseveret,

2256 584 2619 656 ὕπερτίθεμαι
2656 588 2845 642 πασῶν
2873 589 3127 661 μητέρων
3149 606 3162 619 ·
3208 588 3318 643 ἰδοὺ
3368 588 3478 657 γὰρ
3508 586 3608 659 τὴν
3631 587 3849 657 τεχθεῖ-

575 672 968 732 consequetur.
1010 664 1175 734 Spem
1225 682 1446 721 omnem
1485 667 1658 737 igitur
1686 670 1965 724 excedunt
2006 685 2150 725 nova

2261 693 2361 729 σαν
2403 677 2479 742 ὡς
2527 680 2846 752 ὑπεσχόμην
2888 684 2946 735 ὲν
2989 683 3123 753 οἴκῳ
3186 680 3325 735 Θεοῦ
3358 684 3601 751 σήμερον
3651 681 3844 735 ἀνατί-

572 755 687 815 llla.
715 770 837 826 qute
881 756 1151 811 hodierna
1192 758 1282 812 die
1312 758 1367 812 in
1414 766 1467 813 te
1496 760 1877 829 complentur:
1913 760 2153 830 despou-
2263 764 2422 835 θημι.

572 846 714 901 satio
740 849 1057 917 purissima,
1088 850 1318 922 mystica
1344 851 1573 915 oblatio,
1616 852 1795 906 honor
1824 868 1936 921 pra:
2002 853 2263 910 omnibus
2325 860 2679 917 consortibus
2739 862 2997 929 eximius,
3037 862 3326 919 familiaris
3362 879 3487 919 cum
3522 865 3633 918 Deo
3703 878 3844 917 con-

568 938 808 1008 junctio,
841 950 1007 1010 atque
1039 941 1170 1005 alia,
1198 958 1298 1010 per
1323 958 1445 1012 quae
1468 943 1708 997 humano
1730 945 1915 1015 generi
1976 962 2187 1001 summa
2262 951 2500 1022 dignitas
2539 957 2962 1024 praenuntiatum
3022 957 3321 1026 Propterea
3377 956 3577 1025 gaudio
3628 957 3842 1028 gestim

575 1040 871 1099 propterea
901 1032 1163 1088 omnibus
1199 1034 1365 1089 hodie
1393 1035 1661 1090 matribus
1694 1039 1988 1094 antecello.
2012 1039 2152 1095 Ecce
2189 1041 2338 1098 enim
2400 1055 2585 1100 natam
2617 1062 2819 1114 meam,
2865 1056 3056 1119 utpote
3125 1049 3514 1119 promissionis
3549 1050 3675 1122 jure
3733 1050 3849 1105 Deo

571 1126 842 1191 debitam,
874 1126 1040 1181 hodie
1072 1126 1125 1180 in
1154 1126 1320 1182 domo
1356 1129 1455 1182 Dei
1484 1143 1779 1185 consecro.

644 1218 783 1273 Vill.
811 1218 923 1288 Age
951 1227 1005 1272 et
1038 1226 1093 1272 tu
1123 1219 1579 1291 incorporeorum
1598 1224 1892 1291 spirituum
1923 1227 2148 1294 chorus,

567 1312 678 1364 huc
727 1308 1027 1363 adveniens
1069 1325 1375 1380 congruum
1429 1312 1612 1369 laudis
1662 1316 1939 1370 canticum
1991 1332 2146 1372 emn-

1911 473 1945 534 Ι
1954 473 2091 533 ACO
2104 473 2179 533 BI
2220 476 2570 537 MONACHI

2333 1230 2413 1284 ll'.
2440 1231 2610 1301 Δεῦρο
2640 1232 2735 1286 καὶ
2759 1235 2823 1286 σὺ
2852 1234 2959 1287 τῶν
2987 1233 3295 1303 ἀσωμάτων
3338 1233 3726 1306 ὲπιδημήσασα
3750 1253 3848 1305 χο-

2263 1322 2559 1387 ροστασίαο
2599 1322 2856 1392 ἁρμόδιον
2894 1323 2992 1377 σὺν
3047 1324 3192 1392 ἐμοὶ,
3243 1325 3342 1395 τὴν
3377 1325 3514 1396 πρδς
3547 1325 3639 1378 τὸν
3664 1325 3847 1379 κοινὸν

568 1398 720 1452 muni
751 1398 983 1453 Domino
1004 1415 1217 1454 meeum
1240 1403 1493 1457 concine.
1519 1405 1700 1474 Agite,
1719 1422 1752 1460 ο
1777 1406 2152 1465 ftecunditatis

2259 1410 2535 1482 Δεσπότην
2564 1415 2827 1483 ὲναπήχει
2858 1414 3187 1483 δοξολογίαν.
3222 1417 3359 1485 Ἀγε
3408 1416 3505 1487 τῆς
3534 1417 3676 1487 ἐμῆς
3702 1435 3850 1489 καρ-

568 1505 705 1544 meze
755 1500 1058 1560 praecones,
1107 1508 1210 1562 pro
1261 1494 1365 1549 hac
1403 1496 1520 1564 ipsa
1566 1497 1869 1566 gratiarum
1905 1501 2152 1557 actiones

2260 1502 2529 1573 ποφορίας
2574 1507 2836 1575 κήρυκες,
2869 1506 2969 1578 τὴν
3019 1508 3159 1579 ὑπὲρ
3206 1507 3415 1579 ταύτης
3469 1507 3549 1579 τῷ
3585 1509 3846 1563 δεδωκότι

572 1579 973 1653 benignissimo
1002 1584 1253 1654 ejusdem
1290 1586 1539 1658 largitori
1585 1586 1819 1644 deferte.
1862 1593 1996 1661 Age,
2031 1593 2152 1648 alti-

2256 1592 2726 1665 διαπορθμεύσατε
2755 1598 3131 1670 εὐχαριστίαν.
3167 1601 3303 1668 Ἀγε
3329 1601 3442 1653 τῶν
3477 1601 3778 1673 προφητῶν
3809 1604 3843 1674 ή

568 1686 766 1725 sonum
820 1675 1141 1729 canentium
1188 1679 1588 1748 prophetarum
1638 1696 1855 1752 agmen,
1903 1683 1992 1743 iis.
2034 1702 2152 1756 qua

2256 1683 2575 1755 διαπρύσιος
2618 1689 2951 1758 συμφωνία,
3000 1690 3101 1759 τῆς
3158 1689 3272 1744 τῶν
3326 1691 3843 1762 χρησμωδηθέντων

572 1764 690 1819 tuis
722 1767 963 1821 oraculis
995 1769 1267 1837 promissa
1304 1770 1551 1839 fuerunt,
1585 1773 1750 1828 finem
1776 1776 1887 1845 jam
1928 1777 2152 1848 imposi-

2256 1774 2592 1845 ἐπαγγελίας
2619 1777 2681 1831 τὸ
2713 1776 2889 1848 πέρας
2940 1779 3043 1850 ἤδη
3097 1780 3575 1850 καταϐαλλόμενον
3621 1781 3838 1839 θέασαι.

573 1864 692 1909 tum
747 1856 987 1913 intuere.
1039 1860 1175 1930 Age,
1238 1864 1559 1933 progenitor
1614 1864 1807 1929 David,
1869 1869 2152 1939 congaude

2256 1863 2446 1935 Δεῦρο,
2478 1867 2766 1939 προπάτορ
2791 1868 2977 1934 Δαυῖδ,
3019 1872 3087 1941 τῇ
3128 1873 3193 1925 ἐκ
3227 1873 3326 1942 σῆς
3358 1873 3561 1941 ὀσφύος
3587 1873 3843 1927 ἀναδεδο-

571 1948 767 2018 virgae,
810 1964 935 2018 qua:
976 1965 1008 2005 e
1056 1952 1268 2008 semine
1305 1964 1399 2008 tuo
1441 1965 1629 2010 exorta
1646 1957 1694 1989 “
1726 1959 1837 2029 jam
1866 1958 2151 2016 adolescit.

2261 1958 2400 2030 μένῃ
2450 1959 2632 2030 ῥάϐδῳ
2677 1962 3091 2029 ωνεπαγάλλου
3138 1964 3517 2037 ἀδρυνομένῃο
3553 1967 3588 2036 ἡ
3627 1965 3843 2037 βασιλὶς

577 2039 780 2110 Regina
808 2040 1088 2112 simulque
1114 2041 1221 2098 filia
1250 2046 1550 2115 purissimo
1581 2048 1748 2118 Regis
1786 2065 1974 2106 amore
2002 2062 2156 2109 tene-

572 2139 688 2194 tur,
720 2140 776 2186 et
805 2147 909 2202 pro
953 2134 1105 2190 illius
1135 2134 1416 2193 desiderio
1448 2140 1669 2209 propria
1699 2142 1956 2210 puritatis
1995 2158 2157 2199 oma-

579 2231 766 2277 menta
803 2224 1216 2293 speciosissima
1258 2229 1541 2285 instruxit.
1582 2232 1687 2299 Qui
1737 2234 1792 2288 in
1833 2235 2037 2291 divinis
2073 2237 2157 2291 vi-

577 2314 832 2371 sionibus
885 2318 1073 2373 divites
1120 2331 1271 2386 sunt,
1320 2322 1487 2379 hodie
1543 2325 1944 2381 desiderabilem
1989 2329 2157 2401 hujus

571 2405 782 2461 uultum
805 2408 1149 2481 deprecentur
1166 2414 1236 2467 ".
1396 2411 1402 2415 ’

645 2494 739 2550 IX.
771 2498 973 2556 Adeste
998 2515 1164 2570 porro
1192 2510 1248 2557 et
1271 2518 1370 2558 vos
1396 2505 1491 2575 qui
1523 2505 1898 2563 circumstatis
1919 2524 1951 2563 e
1977 2510 2156 2565 tribu-

572 2586 718 2653 bus,
759 2600 814 2645 et
864 2592 1015 2649 illius
1061 2595 1129 2649 ad
1178 2598 1445 2665 templum
1499 2613 1781 2656 accessum
1830 2603 2150 2683 praicedite,

571 2681 832 2751 viamque
886 2685 1121 2741 sternite
1164 2686 1413 2743 dicentes
1453 2707 1468 2745 :
1516 2690 1694 2745 Dilata
1750 2692 1806 2761 (ο
1866 2681 2153 2764 templum)

569 2771 734 2827 aedes-
772 2781 895 2830 tuas
929 2777 997 2830 ad
1050 2792 1171 2831 eam
1226 2779 1657 2850 suscipiendam,
1695 2799 1818 2853 quae
1876 2788 2153 2842 creaturis

568 2865 825 2923 omnibus
859 2880 973 2924 tum
1005 2871 1316 2930 visibilibus
1347 2884 1461 2931 tum
1495 2877 1873 2934 invisibilibus
1918 2882 2154 2951 amplior

564 2961 842 3029 apparuit.
876 2962 1127 3033 Praepara
1163 2966 1230 3021 ad
1274 2982 1397 3023 eam
1456 2970 1842 3042 excipiendam
1885 2973 2152 3045 virgines,

567 3066 690 3119 quae
722 3053 832 3108 sint
857 3054 908 3109 ei
956 3057 1188 3112 comites
1219 3061 1595 3130 ;gestantium
1628 3062 1774 3118 faces
1799 3064 2030 3119 chorum
2063 3066 2152 3122 in-

566 3152 762 3211 strue;
795 3153 851 3201 et
879 3146 1062 3205 laudis
1092 3150 1309 3207 cantica
1336 3152 1658 3227 adheginae
1687 3156 1995 3229 Mressum
2016 3173 2156 3216 eon-

565 3236 805 3292 cinenda
841 3254 1114 3312 praepara.

641 3327 1057 3387 lmmaculatum
1087 3334 1429 3393 domicilium
1460 3337 2000 3400 immaculatissimos
2029 3358 2153 3400 sus-

570 3418 742 3486 cipiat
776 3421 969 3491 pedes,
1005 3432 1062 3478 ct
1089 3427 1293 3482 nemini
1339 3429 1592 3484 adeunda
1634 3433 1798 3488 statio
1851 3434 2154 3491 mundissi-

569 3520 713 3560 mam
765 3508 820 3562 in
849 3524 908 3564 se
959 3524 1251 3569 conservet
1303 3516 1659 3588 columbam;
1699 3536 1938 3593 namque
1986 3524 2154 3581 hodie

570 3595 717 3653 hanc
756 3612 882 3669 ego,
913 3604 1097 3670 prouti
1125 3605 1303 3670 decet,
1332 3611 1611 3681 apparabo
1636 3621 1693 3667 et
1722 3616 1996 3684 promissa
2022 3630 2144 3671 mea

569 3688 828 3758 implebo.
864 3692 1118 3751 Accende
1145 3696 1395 3756 lucentes
1440 3701 1747 3773 lampadas,
1768 3715 1825 3761 et
1847 3706 2154 3778 ingressum

567 3780 690 3850 ejus
748 3784 1253 3854 splendidissimum
1329 3793 1521 3851 redde.
1582 3795 1798 3853 Extolle
1857 3799 2152 3856 sublimem

570 3871 745 3927 facem
780 3883 1036 3947 tanquam
1066 3881 1308 3951 signum,
1339 3892 1397 3939 et
1419 3885 1487 3940 ad
1511 3896 1563 3942 te
1614 3890 1937 3945 universum
1966 3901 2154 3947 terra-

570 3979 696 4019 rum
727 3969 920 4024 orbem
952 3982 1237 4041 converte,
1270 3985 1332 4031 ut
1360 3977 1598 4039 lucidam
1650 3983 1880 4050 aspiciat
1926 3985 2152 4055 nubem,

568 4066 631 4111 ut
658 4057 805 4115 illius
838 4063 1120 4121 radiorum
1173 4070 1597 4141 participatione
1626 4072 1865 4141 fruatur,
1917 4084 1981 4130 ut
2016 4077 2156 4134 lucis

567 4147 775 4204 fontem
803 4167 872 4206 ex
895 4169 960 4208 ea
1006 4159 1401 4217 scaturientem
1436 4163 1738 4221 intueatur.

639 4239 824 4296 Pande
854 4254 1041 4313 portas
1070 4256 1215 4318 tuas,
1255 4260 1313 4307 et
1338 4254 1640 4323 spiritalem
1678 4259 1870 4329 excipe
1914 4269 2154 4331 portam,

566 4344 670 4400 per
688 4347 851 4402 quam
876 4337 1055 4392 solum
1090 4340 1187 4396 Dei
1211 4342 1454 4400 Verbum
1478 4349 1753 4404 transiens
1783 4351 1852 4415 ",
1886 4352 2153 4423 obsigna-

567 4432 700 4486 tam,
725 4440 793 4479 eo
816 4427 1001 4493 modo,
1021 4446 1131 4500 quo
1151 4435 1305 4490 novit
1330 4436 1534 4507 ipsum,
1568 4442 1836 4497 servavit.
1862 4443 1977 4498 Etsi
2002 4446 2155 4500 enim

566 4525 737 4594 portae
762 4522 1184 4590 appellationem
1205 4531 1398 4585 sortita
1425 4542 1530 4595 est,
1554 4533 1818 4593 intactam
1851 4546 2034 4594 tamen
2064 4555 2156 4596 se-

2259 2051 2353 2103 καὶ
2375 2049 2644 2123 θυγάτηρ,
2663 2052 2739 2124 τῷ
2757 2053 2851 2107 τοῦ
2873 2055 3146 2119 Βασιλέως
3167 2058 3541 2128 καθαρωτάτῳ
3570 2059 3843 2113 συνδεῖται

2259 2143 2431 2214 πόθῳ,
2448 2144 2586 2215 πρὸς
2616 2145 2716 2213 τὴν
2738 2146 2904 2200 αὐτοῦ
2929 2148 3335 2220 ἐπιθυμίαν,τά
3352 2150 3531 2204 οίκεῐα
3548 2150 3648 2221 τῆς
3668 2152 3842 2206 καθα-

2262 2236 2486 2307 ρότητος
2517 2237 2816 2308 ηὐτρέπισε
2876 2241 3047 2311 κάλλη
3072 2258 3086 2272 ·
3124 2243 3367 2311 σήμερον
3401 2241 3842 2298 λιτανευέτωσαν

2256 2329 2306 2382 oi
2359 2331 2417 2381 ὲν
2474 2329 2754 2394 θεοπτίαις
2803 2326 3092 2399 πλούσιοι,
3144 2333 3205 2387 τὸ
3250 2334 3456 2405 ταύτης
3507 2336 3841 2407 ὲπιπύθητον

2257 2420 2574 2491 πρόσωπον.

2326 2514 2406 2574 8'.
2430 2516 2596 2570 Δεῦτε
2638 2517 2702 2586 δὴ
2727 2516 2823 2572 καὶ
2853 2515 2964 2571 τῶν
2991 2517 3179 2587 φυλῶν
3202 2520 3257 2571 oi
3286 2521 3571 2591 περιόντες
3603 2521 3707 2581 ἔτι.
3740 2523 3837 2575 καὶ

2254 2611 2355 2679 τὴν
2388 2612 2446 2663 δν
2473 2611 2551 2681 τῷ
2571 2610 2685 2681 ναῷ
2707 2610 2890 2681 ἄφιξιν
2919 2611 3410 2683 προοδοποιῆσατε,
3438 2612 3709 2667 Πλάτυνον
3734 2613 3834 2675 τὰς
3932 2632 3933 2635 η

2256 2700 2534 2767 ἐπαύλεις,
2564 2701 2838 2771 λέγοντες,
2875 2703 3007 2773 πρὸς
3043 2703 3310 2774 ὑποδοχὴν
3358 2704 3457 2774 τῆς
3490 2703 3831 2777 πλατυτέρας

2254 2793 2356 2862 τῆς
2398 2795 2601 2864 ὁρατῆς
2632 2796 2728 2849 καὶ
2756 2796 2994 2867 ἀοράτου
3045 2795 3281 2861 κτίσεως
3310 2796 3571 2868 ὀφθείσης
3594 2814 3610 2829 ·
3643 2797 3840 2867 εὐτρέ-

2255 2883 2382 2949 πιζε
2410 2887 2548 2955 πρὸς
2595 2886 2860 2957 ὑποδοχὴν
2888 2887 2987 2951 τάς
3020 2887 3397 2958 συνεψομένας
3432 2889 3572 2960 αὐτῇ
3629 2887 3845 2958 παρθέο

2255 2992 2398 3041 νους,
2451 2977 2542 3030 τὸν
2593 2976 3024 3049 λαμπαδηφόρον
3054 2978 3459 3051 προκατάρτιξε
3491 2978 3688 3049 χορόν·
3738 2978 3845 3043 τάς

2256 3067 2642 3134 ἐπιϐατηρίους
2675 3069 2776 3140 τῆς
2801 3069 3080 3135 Βασιλίδος
3117 3070 3433 3143 προάρμοζε
3467 3070 3803 3140 δοξολογίας.

2338 3346 2560 3418 ’Δθιγὴς
2589 3346 2765 3419 χῶρος
2792 3348 2922 3412 τοὺς
2954 3347 3297 3418 ὑπεράγνους
3347 3346 3696 3415 ύποδεχέσθω
3747 3346 3850 3400 πό-

2254 3436 2371 3503 δας,
2408 3438 2503 3492 καὶ
2528 3437 2895 3509 ἀκοινώνητος
2922 3436 3192 3506 διαγωγὴ,
3224 3438 3324 3509 τὴν
3360 3436 3695 3508 ἀκηλίδωτον
3718 3435 3841 3490 δια-

2254 3531 2494 3601 τηρείτω
2524 3531 2876 3602 περιστεράν,
2905 3530 3001 3583 καὶ
3034 3528 3243 3599 ταύτην
3282 3529 3393 3598 ἐγὼ
3426 3530 3845 3600 παρασκευάσω

2257 3623 2499 3694 σήμερον
2524 3622 2599 3686 ὡς
2623 3623 2724 3689 δεῖ,
2776 3623 2871 3677 καὶ
2900 3624 3022 3686 ταῖς
3058 3622 3389 3693 ὑποσχέσεσι
3421 3623 3481 3675 το
3506 3623 3682 3691 πέρας
3717 3623 3845 3675 ὲπι-

2256 3713 2437 3786 θήσω·
2464 3714 2672 3785 άναψον
2721 3714 2984 3786 λαμπάδα
3037 3716 3239 3785 φωτὸς,
3270 3714 3366 3767 καὶ
3398 3713 3842 3785 καταφαίδρυνον

2254 3806 2353 3868 τὰς
2380 3806 2650 3870 εἰσόδουςο
2684 3802 2818 3879 ἆρον
2846 3807 3142 3878 μετάρσιον
3190 3806 3419 3877 πυρσὸν,
3453 3806 3531 3870 ὡς
3560 3806 3842 3875 σύνθημα,

2254 3899 2347 3951 καὶ
2381 3898 2562 3953 ἴθυνον
2590 3898 2727 3969 πρὸς
2752 3899 2812 3952 σὲ
2839 3898 2937 3971 τὴν
2960 3898 3310 3970 οίκουμένην,
3342 3898 3429 3952 ἵνα
3447 3897 3547 3970 τὴν
3569 3897 3846 3968 φωτεινὴν

2254 3987 2490 4059 νεφέλην
2510 3987 2803 4059 ὲπόψηται,
2836 3987 2904 4041 ἵν’
2927 3990 2985 4041 tv
3014 3990 3279 4058 μετουσία
3304 3985 3416 4041 τῶν
3447 3986 3682 4040 ἀκτίνων
3711 3986 3847 4037 ταύ-

2256 4095 2356 4149 της
2379 4079 2703 4149 γενήσηται,
2730 4078 2821 4132 ἵνα
2852 4078 2951 4150 τὴν
2971 4077 3065 4133 τοῦ
3114 4078 3292 4148 φωτὸς
3336 4077 3522 4149 πηγὴν
3545 4078 3609 4130 ἑκ
3633 4075 3845 4145 ταύτης

2257 4172 2528 4245 βρύουσαν
2559 4172 2774 4243 κατίδῃ.

2327 4266 2568 4318 Πέτασον
2614 4263 2715 4327 τὰς
2746 4261 2922 4327 πύλας
2959 4279 3075 4329 σου,
3127 4263 3223 4316 καλ⁸
3256 4262 3358 4331 τὴν
3410 4262 3609 4332 νοητὴν
3656 4258 3844 4328 πύλην

2255 4357 2541 4425 εἰσάγαγε,
2584 4356 2651 4427 ἢν
2687 4353 2851 4426 μόνος
2899 4356 2927 4408 ό
2976 4353 3072 4408 τοῦ
3130 4353 3267 4408 Θεοῦ
3317 4353 3601 4417 διοδεύσας
3632 4351 3842 4419 Λόγος,

2255 4448 2703 4520 ἑσφραγισμένην
2728 4446 2804 4510 ὡς
2828 4443 2967 4500 οἶδεν
2997 4448 3286 4517 ἐτήρησεν.
3319 4445 3383 4498 Ei
3407 4447 3515 4514 γὰρ
3546 4444 3640 4498 καὶ⁵
3665 4442 3845 4512 πύλης

2254 4541 2355 4613 τὴν
2384 4540 2576 4611 κλῆσιν
2605 4539 2932 4610 ἀπείληφεν,
2966 4537 3101 4592 ἀλλά
3125 4537 3401 4608 παρθένον
3430 4537 3635 4605 ἑαυτὴν
3659 4536 3845 4604 διετή-

565 4609 850 4679 tnetipsam
894 4614 1159 4686 virginem
1217 4626 1609 4690 conservavit;
1662 4637 1719 4682 et
1779 4640 2152 4699 Opportunum

2260 4609 2418 4707 ρησε,
2471 4609 2585 4686 καὶ
2649 4630 2743 4685 τοῦ
2795 4609 2909 4701 μὲν
2967 4631 3294 4701 πράγματος
3347 4628 3447 4700 τὴν
3494 4627 3845 4697 λειτουργίαν

562 4700 785 4768 quidem
834 4706 1202 4766 ministerium
1249 4714 1517 4786 implevit,
1574 4719 1670 4775 sed
1720 4720 2151 4794 incorruptionis

560 4794 843 4865 signacula
891 4816 1003 4855 non
1050 4802 1324 4862 dissolvit.
1365 4809 1560 4865 Velum
1612 4820 1770 4867 tuum
1811 4829 2057 4881 remove,
2087 4824 2149 4871 ut

559 4892 859 4946 mutuatum
901 4893 1035 4950 illud
1077 4898 1240 4954 Verbi
1272 4902 1456 4956 velum
1489 4905 1694 4976 suscipi
1735 4907 1889 4962 intus
1942 4909 2141 4978 possit,

557 4979 703 5048 quod
763 4984 816 5038 in
850 5000 907 5041 se
943 4987 1293 5046 divinitatem
1366 4996 1691 5067 occultavit,
1742 5014 1924 5069 neque
1969 5008 2153 5055 tamen

534 5069 720 5139 .ltujus
752 5073 876 5144 igne
904 5081 1246 5139 materialem
1269 5084 1636 5144 substantiam
1684 5090 2014 5147 combussit.
2048 5092 2156 5146 Ex-

557 5162 677 5255 uipo
703 5178 769 5217 ex
781 5182 916 5223 auro
938 5170 1141 5228 factum
1169 5190 1267 5245 per
1296 5176 1562 5248 Spiritum
1591 5183 1986 5239 candelabrum
2018 5184 2153 5255 (25).

2258 4723 2565 4794 ἀπλήρωσε,
2587 4722 2686 4793 τῆς
2714 4720 3024 4792 ἀφθαρσίας
3049 4721 3105 4774 δὲ
3134 4720 3236 4784 τὰς
3258 4719 3563 4789 σφραγῖδας
3587 4719 3690 4771 οὐκ
3715 4717 3844 4770 ἐλυ-

2260 4829 2384 4870 σεν⁶
2423 4814 2647 4884 ἐπίσχες
2671 4813 2732 4867 τὸ
2769 4813 3196 4884 καταπέτασμα,
3230 4812 3298 4865 ἵν’
3329 4811 3478 4865 ἔνδον
3511 4808 3703 4863 τούτου
3734 4827 3846 4878 χω-

2261 4908 2403 4979 ρήσῃ
2454 4906 2518 4959 τὸ
2559 4905 2802 4976 ἔμψυχον
2854 4904 2950 4958 τοῦ
2981 4906 3157 4972 Λόγου
3199 4903 3640 4971 καταπέτασμα,
3691 4900 3754 4953 τὸ
3783 4900 3846 4952 ἐν

2257 4998 2435 5070 ἑαυτῷ
2459 4997 2557 5069 τὴν
2583 4998 2815 5069 θεότητα
2838 4997 3075 5068 κρύψαν,
3107 4996 3203 5050 καὶ
3229 4995 3309 5067 τῷ
3341 4997 3476 5067 πυρὶ
3511 4994 3724 5066 ταύτης
3766 4992 3847 5064 μὴ

2257 5090 2601 5159 καταφλέξαν
2654 5089 2753 5159 τὴν
2786 5088 2966 5159 ὑλώδη
3001 5087 3223 5143 οὐσίανο
3256 5085 3406 5151 δέξαι
3437 5085 3537 5156 τὴν
3565 5086 3624 5138 ὲν
3668 5082 3849 5137 Πνεύ-

2263 5200 2393 5254 ματι
2426 5183 2853 5253 κεχρυσωμένην
2903 5180 3154 5249 λυχνίαν,
3184 5172 3254 5249 ἧς
3280 5178 3344 5231 τὺ
3398 5177 3710 5248 λαμπάδιον
3742 5193 3849 5230 κα-

561 5251 719 5319 c:jus
766 5255 945 5315 facula
996 5273 1268 5320 terrarum
1311 5269 1465 5325 orbis
1519 5270 1659 5327 fines
1715 5273 1991 5329 illuminat
2024 5314 2040 5340 ,
2101 5282 2152 5328 et

2260 5251 2626 5344 sauydcstvca
2658 5275 2897 5344 πέρατα,
2939 5274 3005 5326 δι’
3029 5268 3098 5345 ἦς
3137 5271 3315 5342 ἀνῆψε
3341 5270 3415 5326 τὰ
3445 5270 3540 5326 τοῦ
3583 5269 3845 5339 Πνεύμα-

564 5358 660 5410 pcr
694 5350 840 5416 quod
893 5353 1088 5413 eadem
1133 5357 1314 5414 facula
1357 5363 1612 5420 accendit
1651 5376 1864 5436 septem
1903 5366 1995 5421 illa
2038 5365 2161 5437 Spi-

641 5463 686 5499 "
740 5463 845 5520 lsa.
871 5483 947 5531 It.
972 5472 1020 5525 i.

646 5620 760 5692 (25)
793 5621 1072 5705 De_prima
1098 5629 1338 5705 Virginis
1376 5632 1626 5705 Deipara:
1671 5637 1886 5705 origine
1936 5639 2151 5694 dixerat

646 5653 760 5692 μευ]
796 5653 868 5680 νυ
896 5653 1072 5695 prima
1109 5653 1338 5701 urgtnls
1377 5653 1626 5705 uetpara:
1671 5653 1754 5691 ort
1795 5653 1886 5693 tne
1936 5653 2147 5694 uixerat

570 5688 811 5778 Joannes
861 5696 1208 5778 Eubtnensis,
1236 5717 1354 5778 eam
1374 5704 1438 5757 ab
1460 5705 1577 5778 ipso
1596 5705 1700 5778 Dei
1726 5653 1861 5762 Egilio
1890 5719 1940 5763 et
1961 5725 2147 5778 coepe-

573 5770 737 5846 rante,
755 5768 1087 5846 sanctissimo
1113 5788 1181 5846 ac_
1208 5768 1514 5846 viviﬁcante
1541 5775 1636 5829 Dei
1674 5776 1885 5844 Spiritu
1912 5768 2147 5846 wdiﬁ'ca-

578 5831 875 5917 terrafuisse
936 5837 1110 5917 (Orat.
1169 5840 1222 5895 in
1276 5831 1436 5917 ξλιεὶρξ
1476 5831 1742 5917 Οοιιςεβί.
1790 5831 1980 5917 ςὲὃμ
2013 5831 2146 5916 ἰιιιιι

576 5899 799 5976 quidem
862 5911 1132 5967 sententia
1198 5912 1345 5968 nulla
1381 5899 1755 5971 'luculent'ior
1790 5899 2147 5989 "aid—lprac'dij

2260 5383 2351 5430 τος
2404 5365 2547 5420 ἑπτά
2601 5366 2943 5437 χαρίσματα,
3003 5365 3099 5419 καὶ
3162 5366 3255 5418 τὸν
3300 5365 3582 5436 περίγειον
3635 5363 3844 5433 κόσμον

1167 5475 1214 5508 ³⁸
1242 5476 1387 5537 Psal.
1411 5494 1559 5545 κων,
1587 5479 1676 5536 l3.
1754 5482 1803 5514 “
1834 5480 2035 5536 Ezech.
2075 5496 2185 5549 LIV,
2236 5484 2360 5538 1-5.

2252 5639 2483 5727 caudam
2517 5654 2710 5727 pu‘ram
2736 5639 2976 5727 Virginis
3009 5639 3442 5727 conceptionem
3472 5641 3654 5725 aﬂ‘e'rri
3677 5657 3841 5727 posse

2252 5710 2493 5782 videtur.
2570 5713 2663 5782 At,
2699 5712 2874 5779 palam
2921 5721 3007 5766 est
3062 5714 3131 5782 in
3194 5710 3337 5767 idem
3401 5710 3718 5782 conspirare
3782 5722 3842 5765 et

2254 5778 2401 5853 hunc
2433 5779 2621 5853 Jacobi
2654 5778 2858 5853 locum,
2912 5782 3006 5853 ubi
3038 5781 3106 5837 de
3155 5783 3379 5853 Virgine
3409 5778 3687 5853 disserens
3735 5784 3843 5836 sub

2253 5849 2579 5925 candelabri
2605 5852 2873 5925 symbolo,
2909 5852 3087 5921 ipsum
3120 5868 3187 5909 ex
3231 5849 3369 5910 a'uro
3403 5852 3689 5910 conditum
3739 5869 3832 5925 per

2255 5920 2523 5991 Spiritum
2557 5920 2726 5978 fuisse
2757 5923 3014 5979 aliinnat.
