4104 6416
273 367 382 430 εο9

1047 325 1332 427 ORATIO
1373 365 1453 424 IN
1490 366 2200 428 PBJESENTATIONEM
2242 369 2348 429 ss.
2389 369 2764 432 narrans.

3448 377 3556 443 610

218 499 232 510 °
271 483 554 554 ἑφώτισαν
577 497 592 513 ⁵
630 480 780 546 δέξαι
807 479 906 550 τὴν
937 479 1226 550 ζωηφύρον
1251 478 1533 549 τράπεζαν
1569 481 1627 532 ἐν
1732 498 1861 551 προσ

1971 481 2104 534 ritus
2147 482 2499 546 charismata,
2536 499 2658 553 qua:
2689 494 2962 540 terrarum
3018 487 3206 543 orbem
3266 489 3390 545 luce
3421 507 3549 560 per.

269 576 456 638 τεθεὶς
486 576 514 626 6
551 573 649 643 τῆς
680 571 828 640 ζωῆς
851 575 884 642 ἡ
894 572 1012 641 μῶν
1035 573 1218 642 ἄρτος,
1237 571 1545 641 άμὸροσίαν
1567 574 1694 635 τοὺς
1727 591 1860 643 μετ-

275 668 507 736 έχοντας
553 664 850 725 εἱστίασεν,
876 663 936 728 ὲξ
959 658 1027 732 ἦς
1051 663 1099 714 οί
1124 663 1223 728 τῆς
1253 663 1446 730 σοφίας
1469 663 1765 732 κρατῆρες,
1798 664 1861 716 τὸ

269 759 549 812 ἀθόλωτον
587 759 682 808 καὶ
709 756 1099 827 καθαρώτατον
1130 757 1226 823 τῆς
1262 755 1516 823 γνώσεως
1543 757 1693 824 πόμα
1727 774 1858 826 προ.

269 852 492 921 χέουσι·
525 850 803 918 κόσμησον
833 848 906 900 τὰ
928 849 1036 900 τῶν
1068 846 1264 914 ’Λγίων
1287 848 1436 915 ἅγια,
1457 847 1660 919 καὶοτὴν
1685 849 1786 900 ύπε
1798 865 1859 919 ρ-

281 944 452 1011 αγίαν
481 941 688 1012 σκηνήν
719 940 995 1006 ὑπόδεξαι.

350 1124 405 1178 l'.
440 1123 688 1192 Σήμερον
720 1121 830 1192 γὰρ
881 1120 957 1184 ὡς
1001 1120 1344 1193 τριετίζουσα
1375 1122 1628 1192 δάμαλις,
1677 1125 1757 1184 εἰς
1795 1122 1860 1174 τὰ

272 1215 449 1281 Ἀγια
476 1214 586 1266 τῶν
616 1214 786 1282 ἁγίων
813 1214 1095 1281 εἰσάγεται
1119 1234 1131 1246 ·
1160 1216 1401 1284 σήμερον
1429 1213 1510 1284 τῷ
1548 1214 1662 1283 ναῷ
1693 1231 1862 1285 προσ-

276 1307 469 1374 άγεται
501 1309 530 1359 ὁ
555 1307 681 1368 ναὸς
707 1309 734 1360 6
757 1305 1025 1376 ἔμψυχος,
1058 1309 1086 1360 6
1119 1307 1227 1360 τῶν
1249 1308 1496 1378 οὐρανῶν
1528 1307 1861 1379 ὑψηλότερος

273 1400 373 1451 καὶ
404 1399 587 1469 πάσης
613 1399 846 1461 κτίσεως
875 1399 1352 1470 εύρυχωρότερος·
1389 1401 1630 1470 σήμερον
1674 1402 1732 1452 ὲν
1784 1398 1862 1469 τῷ

270 1489 392 1557 ναῷ
428 1490 777 1552 ἐνοικίζεται,
832 1490 866 1558 ἠ
921 1488 1019 1557 τὴν
1067 1489 1330 1541 ἀποικίαν
1365 1489 1460 1542 τοῦ
1512 1488 1858 1558 ἀνθρωπείου

269 1582 468 1648 γένους
507 1581 646 1650 πρὸς
690 1579 789 1648 τὴν
824 1579 959 1632 ίδίαν
993 1578 1179 1631 ἑστίαν
1209 1580 1300 1632 διὰ
1328 1578 1425 1631 τοῦ
1456 1579 1616 1632 τόκου
1649 1581 1859 1646 ἀναγα-

269 1674 456 1741 γοῦσα
482 1688 496 1702 ο
535 1675 777 1743 σήμερον
819 1673 854 1742 ἡ
888 1672 1054 1742 νοητὴ
1107 1673 1282 1741 σκηνὴ
1326 1675 1393 1742 τῇ
1428 1674 1626 1742 νομικῇ
1655 1671 1723 1725 τὰ
1762 1672 1862 1741 τῆς

268 1765 501 1834 χάριτος
535 1762 970 1831 εὐαγγελίζεται,
1003 1763 1100 1816 καὶ
1127 1762 1206 1833 τῷ
1235 1763 1528 1832 γράμματι
1552 1765 1861 1834 ὑποχωρεῖν

1961 574 2243 628 fuderunt.
2295 575 2498 644 Accipe
2541 576 2814 631 vivi'ﬁcam
2872 592 3138 644 mensam,
3180 581 3234 634 in
3281 598 3390 651 qua
3424 599 3556 653 pro-

1961 667 2174 735 positus
2223 667 2350 720 vita:
2399 677 2600 722 nostra:
2649 669 2805 738 panis
2843 671 3119 725 ambrosia
3165 674 3398 743 (coalesti
3450 677 3554 729 ati-

1961 761 2169 823 mento)
2217 758 2612 827 participantes
2653 761 2944 819 recreavit.
2993 772 3050 816 et
3100 777 3131 816 e
3163 778 3270 831 qua
3333 766 3556 834 sapien-

1963 848 2051 902 tiae
2106 858 2354 904 crateres
2406 851 2696 920 limpidum
2758 868 2820 906 ac
2869 855 3221 922 purissimum
3269 858 3554 925 sapientia:

1961 948 2150 1008 potum
2203 939 2515 995 ell‘undunt.
2568 941 2789 996 Adorna
2847 942 3046 997 Sancta
3095 955 3441 1008 sanctorum,
3499 955 3557 1000 et

1960 1031 2368 1084 sanctissimum
2409 1032 2464 1085 in
2503 1043 2554 1086 te
2610 1034 2829 1102 suscipe
2892 1037 3335 1093 tabernaculum.

2033 1123 2101 1176 Χ.
2143 1126 2285 1177 Sane
2309 1125 2471 1179 hodie
2495 1126 2611 1195 ipsa
2637 1135 2912 1196 tamquam
2943 1130 3174 1184 triennis
3201 1133 3368 1186 vitula
3403 1134 3550 1201 (26),

1961 1214 2015 1268 in
2046 1214 2244 1270 Sancta
2268 1227 2582 1272 sanctorqu
2619 1218 2941 1285 inducitur;
2981 1221 3144 1276 hodie
3178 1224 3232 1276 in
3284 1229 3552 1294 templum

1961 1304 2199 1360 infertur
2259 1309 2522 1377 templum
2586 1311 2721 1364 illud
2771 1317 3116 1376 animatum,
3177 1316 3324 1382 quod
3388 1318 3547 1371 ewlis

1958 1396 2252 1451 sublimius
2298 1407 2404 1462 est,
2439 1410 2608 1469 atque
2659 1400 2934 1456 universis
2984 1403 3152 1457 rebus
3190 1405 3391 1458 creatis
3433 1421 3553 1459 am-

1961 1487 2105 1555 plius
2123 1487 2234 1553 (27)
2259 1499 2315 1542 et
2331 1491 2620 1558 capacius;
2675 1492 2839 1547 hodie
2863 1493 2916 1546 in
2938 1495 3143 1563 templo
3163 1511 3227 1548 ea
3249 1497 3558 1550 collocatur

1961 1594 2083 1648 qua:
2107 1590 2327 1635 extorre
2370 1598 2545 1650 genus
2574 1583 2874 1637 humanum
2905 1601 3002 1654 per
3047 1597 3264 1656 partum
3312 1605 3470 1642 suum
3495 1591 3553 1644 in

1960 1674 2216 1740 prOprias
2248 1673 2408 1728 sedes
2445 1675 2704 1741 reduxit;
2739 1675 2902 1730 hodie
2927 1677 3176 1746 spiritale
3205 1680 3541 1734 tabernacu-

1961 1763 2075 1816 lum
2104 1765 2462 1820 tabernaculo
2491 1767 2648 1838 legali
2679 1769 2913 1838 gratiam
2938 1772 3328 1834 annuntiat,ac
3355 1773 3557 1826 littera:

268 1857 356 1924 τῷ
376 1856 650 1924 πνεύματι
674 1855 1079 1907 διακελεύεταιο
1103 1856 1347 1924 σήμερον
1372 1857 1404 1924 ή
1435 1854 1664 1916 άσπιλος
1680 1854 1860 1924 ἀμνὰς

1971 1856 2180 1919 indicit,
2216 1866 2276 1911 ut
2313 1829 2741 1927 spirituilocum
2787 1861 2983 1927 cedat;
3014 1862 3177 1915 hodie
3201 1862 3557 1918 immaculata

271 1954 352 2015 ὡς
386 1951 576 2006 δεκτὸν
612 1952 808 2020 ἱερεῖον
844 1950 922 2020 τῷ
952 1949 1067 2019 ναῷ
1098 1949 1502 2020 προσφέρεται⁸
1558 1951 1800 2019 σήμερον
1829 1951 1862 2018 ή

273 2047 513 2116 ἄμωμος
535 2061 757 2114 περιστε
767 2043 836 2114 ρὰ
860 2046 919 2096 ὲν
939 2046 1052 2106 τοῖς
1068 2043 1164 2097 τοῦ
1191 2043 1321 2096 ναοῦ
1344 2041 1561 2104 ἀδύτοις
1578 2045 1804 2110 neptim
1815 2058 1866 2094 1-

278 2139 444 2208 μένη,
477 2137 568 2188 τὸν
595 2136 698 2205 τῆς
726 2136 927 2194 κακίας
957 2133 1171 2205 ίξευτὴν
1201 2133 1496 2198 ἐξέκλινεν,
1553 2131 1864 2202 ὑψηλοτέρα

278 2229 556 2298 γενομένη
597 2227 708 2280 τῶν
747 2225 914 2280 αὑτοῦ
948 2224 1391 2295 μηχανημάτωνο
1429 2226 1669 2296 σήμερον
1695 2223 1866 2276 1660-

274 2327 426 2394 χεὶον
450 2323 543 2374 τοῦ
569 2320 887 2390 Πνεύματος
909 2321 966 2371 ἐν
994 2318 1074 2387 τῷ
1091 2318 1206 2389 ναῷ
1237 2318 1522 2382 ἀποτεθὲν,
1554 2317 1689 2388 πρὸς
1729 2317 1864 2368 ὑπο·-

273 2415 444 2486 δοχὴν
464 2413 558 2466 τοῦ
579 2415 752 2479 Λόγου
772 2411 1214 2481 ὲξευτρεπίζεται
1230 2426 1242 2439 '
1267 2412 1508 2480 σήμερον
1524 2409 1586 2462 τὸ
1613 2409 1866 2478 πάγχρυ-

277 2525 375 2560 σον
398 2507 754 2576 Θυμιατήριον
771 2505 851 2568 είς
873 2504 944 2557 τὰ
967 2504 1134 2570 Ἀγια
1159 2502 1269 2556 τῶν
1290 2503 1463 2569 ἁγίων
1489 2500 1864 2564 είσοικίζεται,

276 2602 343 2652 ὲν
367 2593 413 2668 ᾧ
439 2601 468 2652 6
493 2601 662 2668 Λόγος
685 2599 784 2668 τὴν
831 2598 1014 2668 σάρκα
1037 2594 1273 2664 ἀνάψας,
1306 2593 1536 2656 εὐωδίας
1568 2592 1666 2663 τὴν
1691 2594 1868 2644 οἰκον-

281 2692 460 2764 μένην
492 2692 842 2763 ἐπλήρωσεν.

359 2875 461 2930 IA'.
498 2875 775 2943 Εἰσάγαγε
804 2875 903 2943 τὴν
941 2873 1179 2926 κιϐωτὸν
1230 2869 1323 2924 τοῦ
1351 2871 1712 2939 ἁγιάσματος,
1769 2870 1868 2940 τὴν

280 2969 383 3021 τὸν
410 2967 722 3036 Νομοδότην
743 2965 906 3018 αὑτὸν
939 2964 1088 3017 ἔνδον
1120 2963 1479 3032 χωρήσασαν,
1507 2961 1610 3032 τὴν
1625 2962 1688 3013 τὸ
1703 2964 1868 3032 οὐρά-

283 3075 400 3111 νιον
429 3058 604 3129 μάινα
627 3058 994 3128 βαστάσασαν,
1018 3054 1082 3108 τὸ
1097 3057 1193 3124 τῆς
1211 3055 1356 3116 Νέας
1379 3053 1652 3124 Διαοήκης
1671 3053 1871 3123 θησαύ-

1965 1962 2103 2017 agna
2149 1957 2424 2018 tamquam
2455 1950 2634 2005 hostia
2663 1953 3018 2020 acceptabilis
3050 1953 3105 2007 in
3146 1955 3348 2023 templo
3380 1956 3551 2008 offer-

1968 2047 2092 2104 tur;
2149 2040 2316 2095 hodie
2350 2041 2678 2097 intemerata
2726 2044 2980 2098 columba
3031 2045 3086 2098 in
3129 2047 3319 2114 templi
3375 2047 3558 2118 adytis

1966 2131 2418 2197 cireonvolitaus,
2467 2134 2690 2189 malitiae
2742 2151 3013 2205 aucupem
3061 2137 3360 2191 declinavit
3411 2139 3549 2205 (28).

1968 2222 2134 2293 hujus
2165 2223 2311 2278 dolis
2343 2235 2508 2296 atque
2543 2227 2759 2280 insidiis
2797 2227 3095 2282 sublimior
3123 2228 3355 2293 eﬂ‘ecta;
3389 2229 3558 2283 hodie

1968 2315 2147 2370 saneti
2187 2315 2429 2384 Spiritus
2475 2319 2880 2387 receptaculum
2908 2320 2963 2372 in
3009 2321 3212 2388 templo
3248 2322 3556 2390 repositum

1969 2405 2038 2460 ad
2102 2407 2343 2462 Verbum
2411 2409 2822 2478 suscipiendum
2882 2410 3118 2465 feliciter
3176 2424 3550 2480 praeparatur;

1969 2497 2135 2552 hodie
2176 2500 2229 2552 in
2271 2499 2468 2554 Sancta
2499 2511 2815 2555 sanctorum
2849 2502 3176 2571 importatur
3207 2504 3553 2558 thuribulum

1971 2588 2105 2645 illud
2143 2599 2317 2644 totum
2359 2607 2614 2656 aureum,
2649 2593 2704 2646 in
2767 2609 2877 2661 quo
2908 2594 3146 2648 Verbum
3195 2610 3419 2649 carnem
3453 2612 3556 2650 ceu

1971 2683 2100 2737 thus
2129 2683 2378 2747 adolens,
2413 2686 2724 2738 universam
2762 2695 2963 2738 terram
3010 2686 3339 2740 suavissimo
3388 2690 3560 2743 odore

1970 2770 2235 2840 perfudit.

2041 2861 2130 2914 XI.
2165 2863 2626 2942 Introducjarcam
2658 2866 3198 2932 sanctiﬁcationis",
3229 2887 3350 2939 quae
3373 2870 3559 2942 Legis-

1971 2955 2206 3010 latorem
2233 2957 2414 3026 ipsum
2442 2959 2497 3012 in
2521 2973 2581 3012 se
2609 2960 2828 3030 recipit,
2853 2976 3085 3030 quaeque
3121 2979 3316 3016 manna
3335 2966 3558 3018 caeleste

1973 3049 2480 3120 portavit.|Suscipe
2499 3053 2817 3106 thesaurum
2851 3052 3004 3106 illum
3031 3052 3166 3108 Novi
3195 3053 3556 3120 Testamenti,

285 3167 483 3221 ρισμα,
524 3150 626 3219 τὴν
658 3149 900 3218 στάμνον
932 3146 1032 3216 τὴν
1082 3145 1315 3211 ἔνδοξον,
1365 3143 1464 3216 τὴν
1493 3145 1728 3200 κιϐωτὸν
1771 3146 1869 3214 τὴν

1973 3141 2264 3210 gloriosam
2294 3158 2510 3208 urnam,
2543 3160 2723 3199 arcam
2749 3147 3124 3201 continentem
3152 3148 3364 3201 talmlas
3389 3163 3417 3200 a
3443 3149 3556 3202 Deo

282 3245 384 3305 τὰς
421 3241 830 3312 θεοχαράκτους
871 3238 1088 3300 πλάκας
1119 3239 1461 3308 κατέχουσαν
1482 3253 1496 3267 ·
1532 3240 1590 3290 ὲν
1615 3234 1704 3300 αἷς
1727 3240 1754 3290 6
1775 3236 1870 3289 τοῦ

283 3329 424 3385 Θεοῦ
454 3331 626 3398 Λόγος
663 3327 963 3396 ἐγγραφεὶς
1001 3326 1144 3396 ὑπὲρ
1179 3325 1357 3393 λόγον,
1399 3325 1462 3375 τὸ
1503 3324 1597 3376 τοῦ
1644 3321 1872 3392 νομικοῦ

283 3425 618 3494 γράμματος
639 3420 896 3490 ἐπαχθὲς,
923 3421 1003 3482 εἰς
1035 3418 1135 3488 τὴν
1161 3417 1255 3470 τοῦ
1299 3417 1618 3486 Πνεύματος
1645 3416 1877 3485 ἐλαφρό-

283 3533 428 3587 τητα
479 3515 812 3584 μετήνεγκε·
853 3511 987 3564 λάὸε
1045 3511 1144 3579 τὴν
1197 3510 1481 3579 ἱερατικὴν
1517 3509 1734 3578 ῥάϐδον,
1771 3507 1873 3577 τὴν

285 3607 599 3669 ἀποτίστως
649 3603 1058 3674 βλαστήσασαν,
1098 3601 1159 3653 τὸ
1204 3600 1519 3670 ἀμάραντον
1571 3599 1746 3662 ἄνθος.
1778 3599 1871 3650 τὸν

287 3699 519 3770 Κύριον,
550 3697 647 3766 τὴν
677 3695 842 3763 ἁγίαν
873 3695 968 3747 καὶ
999 3693 1345 3762 ἐπιθυμητὴν
1383 3691 1512 3760 γῆν,
1545 3691 1606 3756 ἐξ
1638 3686 1706 3761 ἧς
1732 3691 1869 3761 ἀλή-

287 3793 412 3844 θεια
436 3791 532 3842 καί
559 3785 879 3854 δικαιοσύνη
931 3784 1229 3846 ἀνέτειλεν,
1271 3784 1330 3836 ὲν
1443 3783 1603 3844 πόδες
1633 3799 1868 3854 περικα-

285 3883 538 3952 λύμμασι
565 3881 915 3947 σκεπόμενοι,
952 3875 1271 3947 προϐαίνειν
1293 3875 1614 3938 κωλύονται,
1642 3875 1786 3943 λέγω
1803 3874 1869 3946 δὴ

275 3977 570 4044 λογισμὸς,
601 3970 904 4042 ἀμφιϐολίᾳ
948 3969 1044 4022 καὶ⁵
1071 3969 1302 4038 ἀπιστίᾳ
1329 3966 1738 4035 καλυπτόμενος
1761 3982 1774 3996 ο
1806 3965 1870 4018 τὸ

287 4069 588 4126 κατάσκιον
629 4067 773 4136 ὅρος,
799 4065 870 4118 ἐν
914 4057 964 4130 ᾦ
992 4061 1350 4126 κατοικῆσαι
1373 4061 1401 4112 6
1429 4058 1582 4126 λόγος
1617 4057 1877 4125 ηὺδόκη⁸

285 4179 424 4224 σεν,
442 4153 558 4227 ὲνῷ
585 4161 618 4228 ή
645 4159 806 4225 φύσις
830 4153 1211 4209 ὑποκλειθεῖσα
1227 4152 1326 4221 τήν
1349 4149 1546 4204 καῦσιν
1577 4149 1675 4219 τῆς
1701 4150 1874 4217 ἁμαρ-

361 4299 406 4329 ¹⁷
456 4297 594 4352 Psal.
639 4310 818 4360 cxxxl,
851 4291 904 4348 8.

983 4294 1028 4324 "
1061 4292 1206 4347 Psal.
1244 4307 1332 4354 ev,
1369 4289 1476 4354 24;
1507 4288 1672 4341 Zach.
1707 4288 1915 4354 vu,ll.

1972 3241 2249 3295 exaratas,
2305 3235 2360 3288 in
2406 3235 2630 3304 quibus,
2670 3253 2836 3307 supra
2887 3254 3049 3308 quam
3085 3240 3266 3294 verbis
3295 3241 3554 3309 explicari

1972 3326 2169 3393 possit,
2205 3326 2300 3379 Dei
2332 3327 2574 3381 Verbum
2602 3329 2930 3399 inscriptum
2957 3331 3154 3386 littera:
3179 3332 3368 3401 legalis
3393 3348 3560 3402 grave

1971 3412 2189 3482 pondus
2224 3415 2278 3467 in
2309 3415 2427 3469 leve
2461 3415 2701 3485 Spiritus
2734 3432 2876 3471 onus
2922 3423 3304 3472 commutavit.
3345 3422 3550 3490 Accipe

1971 3505 2183 3576 virgam
2247 3508 2646 3562 sacerdotalem
2708 3511 2997 3581 (29),quse
3059 3513 3178 3566 sine
3238 3514 3558 3584 irrigatione

1976 3596 2492 3654 immarcescibilem
2550 3602 2740 3657 ﬂorem
2802 3603 3097 3657 Dominum
3169 3607 3546 3675 germinavit;

1974 3690 2197 3758 suscipe
2228 3700 2430 3745 terram
2470 3693 2616 3746 illam
2653 3706 2921 3759 sanctam,
2953 3707 3011 3750 ct.
3037 3697 3464 3752 desiderabilem
3491 3699 3557 3763 “,

1972 3796 2004 3836 e
2037 3797 2145 3850 qua
2178 3782 2224 3814 ²⁹
2271 3786 2478 3839 veritas
2524 3786 2813 3857 etjustitia
2861 3799 3066 3842 exortm
3114 3799 3261 3854 sunt,
3303 3799 3359 3844 et
3392 3807 3557 3858 quam

1972 3876 2128 3927 nefas
2160 3883 2244 3929 est
2275 3884 2335 3929 ut
2365 3885 2590 3947 tangant
2612 3879 2780 3948 pedes
2814 3881 3100 3934 involucra
3132 3883 3387 3948 quopiam
3421 3897 3558 3936 con-

1973 3967 2100 4020 tecti
2127 3967 2194 4034 ³⁰,
2220 3969 2686 4036 ratiocinationes,
2734 3972 2978 4040 inquam,
3009 3973 3354 4027 dubitatione
3393 3983 3562 4040 atque

1983 4058 2308 4114 inﬁdelitate
2345 4063 2639 4117 obvolutae.
2673 4065 2912 4132 Suscipe
2943 4067 3260 4118 umbrosum
3291 4075 3557 4127 montem,

1986 4147 2040 4200 in
2079 4164 2180 4218 quo
2204 4149 2505 4204 inhabitare
2539 4152 2714 4205 Verbo
2740 4153 3079 4222 complacuit,
3117 4154 3172 4208 in
3204 4169 3367 4224 quem
3400 4170 3557 4208 rece-

1993 4289 2040 4320 ’9
2074 4287 2220 4342 Psal.
2262 4288 2586 4352 uxxrv,l‘2.
2665 4288 3076 4353 8°Exod,m,5.

363 4435 477 4503 (i6)
512 4433 702 4487 Solent
723 4432 936 4495 Patres,
959 4428 1260 4499 praesertim
1283 4427 1478 4503 Graeci.
1505 4426 1867 4496 quemadmo-
1896 4428 1949 4487 D
1977 4425 2269 4503 Perpcram
2330 4425 2558 4503 omnino
2586 4441 2600 4476 :
2635 4424 2688 4477 id
2734 4426 2879 4479 enim
2911 4433 3201 4503 contextus
3235 4439 3411 4503 neque
3438 4425 3557 4503 exi:

287 4497 424 4559 dum
462 4497 691 4571 passeri,
723 4511 817 4554 aut
849 4497 1188 4571 turtu_ri,_aut
1233 4497 1520 4561 columbae,
1564 4507 1659 4550 aut
1693 4512 1866 4571 agnae,

287 4586 388 4630 aut
423 4565 532 4633 ovi,
567 4573 648 4625 sic
671 4565 841 4625 etiam
881 4569 1057 4624 vitula:
1083 4569 1372 4637 Deiparam
1416 4582 1760 4637 comparare,
1787 4565 1871 4619 id-

287 4662 399 4714 que
432 4643 496 4697 ad
536 4641 867 4714 innocentiae
895 4639 1109 4714 laudem
1141 4635 1378 4714 maxime
1408 4635 1638 4714 spectat.
1673 4635 1874 4714 verum

290 4705 476 4783 neque
515 4713 728 4766 Latinis
760 4712 864 4764 hoc
891 4705 1703 4783 symbolumaddesignandum
1726 4705 1876 4783 irino-

289 4773 532 4838 centiam
566 4783 887 4834 inusitatum
921 4773 1103 4832 'fuisse
1135 4773 1585 4844 evineuntfqua:
1623 4777 1691 4828 de
1737 4773 1874 4844 Gra-

293 4855 448 4906 tiano
501 4863 556 4905 et
593 4851 978 4906 Valentiniano
1032 4851 1113 4901 sic
1142 4843 1729 4916 scripsitAmbrosius
1776 4843 1876 4913 (De

289 4928 419 4976 obit.
460 4922 670 4975 Valent.
705 4936 762 4973 η.
799 4921 920 4986 78);
973 4917 1143 4986 Super
1191 4914 1457 4969 columbas
1505 4914 1873 4983 simpliciores,

287 5010 448 5060 super
466 4993 674 5060 aquilas
693 4989 930 5054 leviores,
951 5005 1110 5059 super
1129 5003 1293 5056 agnos
1316 4987 1696 5049 clementiores,
1717 4999 1878 5052 super

289 5063 485 5118 vitulos
519 5061 917 5115 innocentiores.

368 5135 480 5202 (27)
511 5132 600 5188 Uti
629 5133 784 5186 ccelis
803 5128 1050 5202 amplior
1078 5125 1405 5202 praedicatur
1446 5125 1711 5202 Deipara,‘
1737 5126 1868 5202 quia

292 5192 421 5256 cuin
441 5192 509 5256 de
529 5201 686 5256 caelis
709 5192 973 5268 scriptum
993 5192 1208 5264 sit—(Ill
1235 5193 1359 5265 Reg.
1385 5192 1641 5268 vnlg—7'):
1673 5192 1876 5246 Galam

291 5285 342 5326 et
371 5276 485 5326 cwli
512 5273 760 5325 caelorum
795 5265 846 5343 te
869 5283 1056 5338 capere
1088 5283 1190 5319 non
1217 5275 1452 5343 possunt,
1486 5265 1647 5343 Virgo
1694 5273 1874 5343 tamen

293 5346 471 5398 Deum
532 5343 657 5395 sinu
699 5355 800 5395 suo
835 5333 1109 5392 inclusum
1157 5333 1413 5407 gestavit,
1448 5351 1512 5388 ac
1555 5335 1672 5387 suis
1733 5333 1878 5385 ulnis

291 5415 581 5481 complexa
611 5420 715 5466 cst.
756 5479 768 5484 _
1204 5475 1217 5484 _
1528 5476 1536 5484 ,
1662 5471 1698 5484 η
1841 5473 1874 5484 ,,

367 5471 480 5552 (‘28)
524 5484 723 5535 Totum
756 5479 904 5552 hunc
934 5475 1334 5552 paragraphum
1366 5491 1430 5529 ex
1457 5476 1629 5552 prima
1654 5471 1876 5552 βασεςῑί

293 5545 736 5609 Nicomediensis
771 5551 828 5602 in
859 5545 1333 5602 Praesentationem
1363 5547 1611 5599 oratione
1642 5545 1880 5598 Jacoltus

292 5624 608 5693 exscripsit.
647 5624 787 5676 Sunt
815 5636 964 5682 vero,
988 5621 1081 5687 qui
1132 5619 1198 5693 ad
1235 5617 1417 5693 Mariae
1445 5615 1876 5693 Conceptioncm

294 5686 556 5763 originali
606 5694 728 5746 labe
778 5686 1081 5744 innuuném
1132 5688 1272 5763 hanc
1304 5686 1509 5763 _etia_n'l_
1543 5686 1881 5763 transferant

297 5756 655 5829 Sciivteutiam,
695 5776 803 5831 qua
848 5775 1103 5829 aucupem
1141 5757 1361 5811 malitia:
1407 5757 1600 5810 dicitur
1638 5756 1876 5807 evitasse.

1982 4496 2082 4564 git,
2114 4509 2290 4562 neque
2329 4497 2555 4561 patitur,
2585 4511 2707 4548 cum
2735 4511 2917 4550 sermo
2943 4497 3122 4563 palam
3155 4497 3223 4549 sit
3251 4496 3318 4549 de
3352 4495 3558 4549 dialmli

1980 4563 2342 4634 insidiisper
2376 4580 2651 4618 recessum
2704 4566 2759 4618 in
2813 4567 3076 4634 templum
3127 4567 3352 4630 vitatis;
3407 4568 3556 4633 quod

1976 4634 2128 4704 nihil
2160 4633 2228 4704 ad
2260 4632 2687 4704 Conceptionem
2725 4632 2984 4703 pertinet.

2050 4703 2303 4774 (‘29)llazc
2327 4704 2394 4757 ad
2417 4704 2508 4757 illa
2537 4713 2807 4772 spectant.
2832 4720 2954 4774 quae
2976 4704 3044 4758 de
3073 4705 3226 4772 virga
3253 4703 3560 4757 sacerdotis

1976 4773 2213 4828 Aaronis
2242 4774 2675 4842 legunturNum.
2710 4773 2935 4835 “11,78:
2965 4775 3214 4839 Sequenti
3242 4775 3323 4826 die
3355 4789 3559 4842 regres-

1975 4861 2062 4914 sus
2079 4842 2320 4913 (Moyses)
2336 4845 2529 4914 invenit
2552 4845 2876 4910 germinasse
2893 4846 3097 4914 virgam
3127 4849 3307 4896 Aaron
3329 4844 3383 4894 in
3403 4857 3558 4895 uomo

1979 4913 2136 4967 Levi:
2174 4923 2223 4985 et
2273 4913 2598 4985 turgentibus
2653 4915 2883 4985 gemmis
2925 4913 3209 4985 eruperant
3257 4915 3437 4985 ﬂores,
3470 4917 3560 4982 qui

1977 4981 2390 5053 foliisqdilatatis
2419 4984 2476 5034 in
2507 4981 2819 5051 amygdalas
2850 4981 3138 5050 deformati
3174 4993 3317 5035 sunt.
3357 4981 3554 5053 Sacer.

1978 5051 2176 5106 dotalis
2215 5060 2398 5104 autem
2425 5053 2579 5120 virga
2639 5061 2699 5104 ut
2739 5061 2902 5121 typus
2934 5064 3136 5106 sancta
3199 5052 3438 5121 Virginis
3473 5068 3534 5104 as

1978 5123 2118 5176 sumi
2141 5139 2170 5174 a
2197 5121 2450 5174 Patribus
2471 5123 2779 5183 consuevit,
2799 5123 2926 5191 quia
2948 5134 3148 5191 praeter
3172 5131 3382 5176 naturae
3412 5123 3560 5188 [ﬂgt‘r

1980 5193 2100 5246 sine
2134 5191 2242 5244 ulla
2288 5192 2534 5245 humeris
2581 5192 2899 5261 irrigatione
2944 5195 2997 5244 in
3032 5193 3149 5260 ipso
3201 5193 3562 5245 tabcrnacu‘iu

1978 5262 2329 5332 germinavit.
2356 5261 2529 5315 Verba
2553 5261 2662 5325 illa,
2692 5263 2789 5330 τὴν
2815 5265 3123 5325 ἀποτίστως
3150 5262 3558 5332 βλαστήσασα-οι,

1977 5332 2342 5386 Combelisius
2369 5332 2529 5384 aliter
2554 5333 2632 5384 sic
2665 5333 2794 5400 legit.
2825 5351 2838 5384 :
2866 5338 2964 5398 τὴν
2990 5335 3097 5384 απὸ
3127 5335 3362 5394 πίστεως
3393 5334 3558 5400 βλασ-

1978 5407 2246 5469 τήσασαν,
2286 5417 2350 5454 ac
2385 5402 2568 5463 vertit,
2608 5417 2722 5470 (μην
2772 5401 2895 5468 ﬁdei
2930 5404 3182 5455 merito...
3221 5403 3555 5472 germinavit.

1979 5472 2175 5524 Mirum
2212 5473 2373 5525 sane!
2411 5480 2518 5523 tam
2549 5486 2699 5539 saepe
2723 5474 2868 5524 enim
2895 5478 3127 5526 recurrit
3154 5474 3254 5526 ista
3284 5472 3555 5526 sententia

1978 5544 2122 5618 apud
2176 5541 2389 5618 Patres,
2421 5544 2526 5618 qui
2552 5551 2676 5610 typo
2713 5542 2802 5618 illo
2841 5543 3092 5618 adhibito
3149 5544 3553 5618 Deiparazuimi

1980 5613 2204 5680 quidem
2239 5612 2362 5665 ﬁdei
2395 5612 2614 5672 merita,
2643 5614 2736 5664 scd
2787 5613 3116 5666 miraculum
3161 5611 3555 5679 Conceptionis

1980 5687 2098 5736 sine
2125 5683 2336 5736 semine
2371 5682 2713 5734 demirantur
2743 5697 2805 5733 ac
2837 5683 3139 5744 celebrant,
3169 5693 3229 5733 ut
3260 5683 3329 5734 de
3363 5681 3552 5732 vitiata

1984 5752 2222 5807 lectione
2251 5751 2518 5822 suspicari
2553 5753 2784 5805 maxime
2819 5767 3052 5820 pronum
3103 5759 3268 5805 esset.
