4104 6472
516 399 625 465 till

1855 384 2121 448 JACOBI
2188 380 2546 449 MONACHI

3683 386 3794 451 (ῖιὲ

519 521 612 583 pta
640 517 833 565 natura
861 521 927 562 ac
956 504 1123 561 veluti
1158 503 1337 561 latens
1370 499 1484 571 (30)
1510 498 1726 570 peccati
1779 496 2100 553 incendium

2230 496 2328 558 πίας
2364 494 2660 560 ἐξέκλινεν,
2688 494 2746 561 ἐξ
2777 488 2839 549 οὗ
2875 494 3312 566 ἀχειροτεὼιτως
3339 497 3367 548 ό
3402 498 3805 568 ἅκρογωνιαῖτις

522 598 823 657 declinavit
845 615 861 663 ;
883 612 914 652 e
945 611 1055 666 quo
1083 595 1126 627 ³¹
1155 596 1276 649 sine
1308 593 1475 648 ullius
1504 606 1701 645 manus
1723 604 1892 659 opera
1916 588 2111 643 evolu:

526 707 615 749 tus
649 690 791 760 lapis
841 688 934 743 ille
989 684 1270 757 angularis
1314 684 1493 739 hostis
1530 691 1767 738 statuam
1822 680 2108 746 contrivit,

524 795 688 852 atque
715 783 768 834 in
804 782 1085 847 pulverem
1119 778 1353 848 redegit.
1380 776 1611 845 Suscipe
1628 776 1831 830 olivam
1862 772 2111 828 [metite-

524 888 829 942 ram,equa
858 872 1040 926 oleum
1084 870 1399 924 exhilarans
1429 869 1472 900 ³⁸
1503 868 1801 929 ellluxit,et
1829 867 2114 919 universas

523 973 811 1019 creaturas
851 962 1215 1031 impinguavit
1242 962 1309 1014 ⁸³.
1357 959 1589 1028 Suscipe
1616 958 1875 1012 thronum
1903 956 2112 1027 glOrio-

526 1072 673 1121 sum,
707 1054 1031 1109 vehiculum
1072 1053 1274 1123 regale.
1321 1051 1379 1106 in
1405 1066 1515 1120 quo
1578 1049 1819 1105 Verbum
1866 1048 2115 1102 insidens
2140 1104 2153 1118 _

528 1149 599 1202 ad
631 1162 735 1203 nos
773 1162 941 1201 carne
969 1144 1222 1200 indutum
1247 1143 1494 1198 advenit.
1536 1140 1918 1211 Complectere
1943 1139 2118 1193 lectu-

529 1244 644 1297 lum
678 1239 1012 1302 Salomonis,
1045 1239 1099 1293 in
1130 1240 1290 1309 cujus
1318 1237 1536 1292 circuiti
1567 1236 1611 1268 ”
1639 1235 1922 1306 sexaginta
1946 1232 2118 1288 fortes

529 1344 700 1405 agunt
726 1333 1009 1388 excubias.
1065 1330 1219 1385 Hanc
1265 1329 1587 1400 prophetica
1641 1328 1731 1382 illa
1783 1328 2003 1396 forceps
2047 1326 2114 1390 ³⁸,

536 1440 633 1492 per
679 1421 968 1491 Serapbim
1013 1429 1253 1485 servata,
1310 1429 1369 1474 et
1398 1434 1495 1488 per
1551 1417 1817 1488 Spiritum
1867 1424 2117 1471 sanctum

536 1512 827 1580 praedicata
856 1510 1203 1580 eﬂigurabat,
1227 1525 1351 1578 quae
1396 1508 1697 1563 carbonem
1750 1506 1935 1562 ferens
1976 1505 2120 1561 labia

535 1599 828 1669 purgabat.
857 1598 1008 1652 llanc
1030 1597 1489 1668 pramonstrabat
1511 1596 1654 1651 liber
1677 1596 1765 1650 ille
1787 1596 2036 1666 signatus
2052 1594 2115 1659 ³⁸,

533 1706 696 1759 quem
736 1704 900 1745 nemo
951 1690 1260 1746 litterarum
1294 1691 1509 1759 peritus
1553 1690 1736 1760 legere
1786 1689 1984 1759 potuit,
2012 1689 2119 1743 nisi

538 1782 633 1852 qui
662 1781 1050 1850 obsignaverat
1081 1781 1533 1850 atqueineﬂ‘abili
1564 1782 1777 1836 ratione
1801 1781 2120 1837 custodivit.

608 1872 725 1928 ΧΗ.
741 1873 947 1928 Verum
964 1871 1314 1944 ad|propositi
1334 1873 2110 1943 argumentijconsequentiam

540 1982 608 2020 ex
642 1964 838 2020 ordine
867 1974 1230 2021 revertamur.
1264 1966 1564 2035 Postquam
1604 1976 1831 2036 peracta
1884 1966 1972 2021 via
2002 1981 2126 2037 qua:

543 2058 612 2112 ad
650 2057 917 2127 templum
950 2058 1222 2123 ascendit,
1251 2059 1369 2128 ipsa
1393 2074 1518 2114 eum
1539 2058 1856 2128 virginibus
1883 2072 2004 2112 eam
2027 2072 2124 2113 co-

540 2149 870 2205 mitantibus
902 2148 969 2203 ad
1004 2149 1154 2204 illius
1210 2130 1400 2219 portas
1420 2150 1909 2220 appropinquavit,
1960 2150 2130 2204 vehe-

546 2255 706 2296 mens
750 2238 1052 2294 admiratio
1089 2254 1155 2294 ac
1176 2248 1369 2309 stupor
1396 2254 1506 2294 non
1531 2239 1871 2309 iniucundus
1895 2254 2013 2306 eos,
2034 2238 2130 2309 qui

544 2332 699 2386 intus
733 2342 916 2395 erant,
959 2330 1153 2393 subiit.
1185 2331 1425 2400 primum
1454 2331 1683 2400 quidem
1744 2330 1815 2386 ob
1880 2331 2132 2386 auditum

547 2423 753 2478 insueti
768 2423 937 2495 hujus
956 2423 1252 2478 comitatus
1263 2424 1560 2479 clamorem
1570 2464 1586 2487 ,
1603 2422 1803 2479 deinde
1819 2439 1953 2479 vero
1965 2424 2134 2479 etiam

544 2525 774 2586 propter
806 2515 1059 2583 ejusdem
1083 2525 1392 2587 aspectum.
1430 2515 1719 2587 Virginum
1748 2516 1897 2572 enim
1930 2517 2137 2573 chorus

544 2607 892 2678 praecedebat
905 2610 1179 2664 concinne
1202 2608 1397 2664 ordine
1419 2608 1746 2680 dispositus,
1768 2617 1825 2665 et
1854 2619 1970 2664 tum
1995 2606 2140 2664 ordi-

545 2707 674 2755 nato
696 2699 937 2764 incessu,
967 2709 1082 2755 tum
1136 2699 1333 2757 ﬂorida
1374 2702 1683 2756 venustatis
1718 2701 2139 2772 pulchritudine

544 2791 932 2847 suavissimum
946 2794 1321 2862 spectaculum
1335 2793 1654 2850 exhibebat.
1674 2794 1838 2866 Virgo
1852 2802 2035 2850 autem
2052 2806 2142 2851 ve-

548 2884 910 2939 lutaatellitio
941 2884 1181 2954 quodam
1205 2884 1314 2940 illis
1346 2885 1762 2956 circumstipata
1778 2885 2141 2957 puellis,qua:

547 2975 694 3031 taces
728 2977 1035 3047 gestabant,
1064 2976 1262 3033 miram
1289 2993 1421 3035 sane
1449 2978 1917 3049 quemadmodum
1956 2981 2142 3051 specie

546 3066 627 3122 sic
654 3074 768 3122 toto
784 3076 1014 3123 externo
1043 3067 1237 3124 habitu
1272 3068 1527 3125 decorem
1552 3069 1943 3141 praeferebat
1960 3086 1975 3138 ;
1995 3071 2144 3127 ﬂori-

2209 587 2564 650 ὲκκυλισθεὶς
2592 586 2761 651 λίθος,
2793 588 2895 658 τὴν
2928 589 3115 642 είκόνα
3145 588 3240 642 τοῦ
3279 589 3479 661 ἐχθροῦ
3508 592 3807 662 συνέτριψε

2211 683 2309 734 καὶ
2359 684 2442 744 εἱς
2489 680 2615 735 νοῦν
2663 682 3044 753 ἀπελίκμησε·
3088 683 3239 749 δέξαι
3285 685 3386 753 τὴν
3436 684 3806 756 κατάκαρπον

2213 772 2422 838 ἐλαίαν,
2469 769 2632 847 δι’ἦς
2666 776 2730 827 τὸ
2782 774 3034 848 ῑλαρῦνον
3088 776 3387 829 ἀνέϐλυσεν
3451 776 3653 842 ἔλαιον,
3708 779 3805 833 κα)

2213 864 2313 931 τὴν
2338 863 2518 916 κτίσιν
2556 864 2784 917 ἑλίπανε
2812 882 2826 898 -
2858 866 2951 919 τὸν
2987 866 3181 938 θρόνον
3213 868 3307 919 τὸν
3337 867 3565 935 ἔνδοξον,
3610 868 3673 921 τὺ
3706 867 3808 939 βα-

2216 957 2422 1011 σιλικὸν
2445 958 2544 1028 ὂχη
2556 976 2652 1027 μα,
2677 961 2737 1012 ὲν
2761 953 2806 1027 ᾧ
2829 962 2857 1011 ὁ
2885 962 3059 1029 Λόγος
3087 962 3407 1032 ὀχούμενος,
3437 962 3577 1033 μετὰ
3603 963 3811 1027 σαρκὸς

2216 1049 2575 1120 ἐπεδήμησε’
2630 1051 2893 1120 περίλαϐε
2942 1054 3041 1120 τὴν
3081 1053 3485 1123 Σολομώντειον
3534 1054 3747 1123 κλίνην,

2216 1141 2406 1212 κύκλῳ
2428 1141 2827 1214 δορυφοροῦσιν
2864 1143 2914 1195 οἱ
2943 1142 3216 1214 ἐξήκοντα
3246 1143 3465 1199 δυνατοί
3484 1161 3499 1175 ’
3535 1147 3746 1215 ταύτην
3773 1149 3808 1216 ἡ

2216 1233 2534 1303 προφητικὴ
2564 1233 2720 1293 itan
2744 1231 3143 1305 ιξεικόνισεν,ή
3166 1234 3259 1287 τὸν
3286 1234 3537 1305 ἄνθρακα
3562 1235 3813 1305 φέρουσα

2218 1323 2313 1377 καὶ
2337 1323 2406 1375 τὰ
2433 1321 2586 1395 χείλη
2615 1323 2979 1395 καθαίρουσα,
3001 1327 3035 1394 ἡ
3061 1326 3380 1396 σεραφικῶς
3403 1326 3817 1397 φυλαττομέντ·⁹

2220 1417 2316 1469 καὶ
2355 1416 2445 1469 διὰ
2492 1415 2817 1486 [πνεύματος
2869 1417 3028 1485 ἁγίου
3085 1418 3512 1489 κηρυττομένηο
3539 1419 3750 1488 ταύτην
3780 1423 3819 1491 ἡ

2220 1506 2639 1578 ισφραγισμένη
2697 1507 2880 1577 βίϐλος
2923 1509 3222 1579 ἐμήνυσεν,
3269 1510 3337 1579 ἢν
3379 1509 3557 1572 οὐδεὶς
3595 1509 3811 1576 ἀνέγνον

2221 1598 2570 1667 γραμμάτων
2596 1597 2791 1667 ὲπιστή
2801 1615 2941 1667 μων,
2991 1599 3132 1671 πλὴν
3155 1598 3253 1653 τοῦ
3281 1599 3688 1669 σφραγίσαντος
3714 1597 3818 1653 καὶ

2223 1685 2367 1757 ὑπὲρ
2394 1684 2555 1755 λόγον
2577 1687 2940 1760 τηρήσαντος.

2297 1873 2395 1929 ΙΒ’.
2461 1872 2600 1926 Ἀλλ’
2672 1872 2767 1926 ἐπὶ
2807 1872 2908 1943 τὴν
2958 1871 3284 1925 ἀκολουθίαν
3344 1871 3446 1941 τῆς
3502 1871 3821 1934 ὑποθέσεως

2225 1964 2633 2036 ιπανέλθωμεν.
2674 1964 2915 2033 Ἐπειδὴ,
2947 1964 3048 2034 τῆς
3075 1965 3213 2032 πρὸς
3236 1963 3329 2017 τὸν
3371 1966 3500 2018 ναὸν
3524 1962 3823 2033 διηνυσμέο

2227 2074 2326 2126 νης
2357 2057 2698 2121 ἀναϐάσεως,
2737 2057 2878 2125 αὐτὴ
2911 2056 3011 2124 μιν
3040 2058 3139 2110 σὺν
3165 2059 3291 2118 ταῖς
3337 2056 3642 2123 ἑπομέναις
3670 2072 3821 2123 παρ-

2230 2151 2429 2215 θάνοις,
2451 2153 2573 2213 ταῖς
2613 2150 2780 2204 αὐτοῦ
2819 2150 3175 2221 προσεγγίζει
3227 2150 3448 2213 πύλαις,
3504 2148 3716 2220 θάμϐος
3761 2148 3820 2201 δὲ

2231 2244 2505 2314 λαμϐάνει
2531 2244 2628 2296 καὶ⁹
2656 2242 3003 2313 κατάπληξις
3026 2245 3128 2296 οὐκ
3164 2243 3410 2312 ἀτερπὴς
3462 2244 3589 2304 τοὺς
3650 2241 3818 2303 ἔνδον,

2234 2339 2372 2408 ἀκοῇ
2410 2337 2510 2407 μὲν
2542 2338 2831 2408 πρότερον,
2866 2336 3055 2389 ἔπειτα
3082 2337 3139 2389 δὲ
3170 2335 3266 2389 καὶ
3289 2336 3495 2406 θεωρίᾳ
3543 2335 3644 2405 τὴν
3683 2334 3823 2386 ὰσυ-

2236 2431 2374 2500 νήθη
2403 2428 2836 2492 διασκοποῦντος
2862 2426 3110 2498 πρόοδον.
3142 2427 3346 2496 Χορεία
3375 2428 3485 2496 γὰρ
3519 2425 3825 2495 παρθενικὴ

2239 2524 2482 2593 προῆγεν
2507 2523 2755 2588 εὐτάκτῳ
2788 2523 2855 2589 τῇ
2896 2520 3135 2591 ἁρμονίᾳ
3167 2519 3513 2589 συνημμένη,
3544 2519 3638 2569 καὶ
3668 2519 3732 2585 τῇ
3761 2532 3825 2568 τε

2240 2613 2383 2669 κατὰ
2426 2613 2633 2683 κόσμον
2693 2612 3018 2682 μεταδάσει,
3084 2610 3290 2679 καὶτῷ
3316 2610 3426 2681 ξτῆς
3466 2608 3612 2677 ὥρας
3652 2610 3822 2659 ἐπαν-

2242 2704 2424 2760 θοῦντι
2450 2705 2656 2768 κάλλει,
2686 2706 2786 2776 ἡδὺ
2822 2705 2882 2758 τὸ
2910 2703 3090 2773 θέαμα
3122 2702 3387 2773 παρίστη.
3443 2699 3713 2770 Παρθένος
3762 2699 3820 2750 δι

2243 2799 2432 2870 κύκλῳ
2480 2798 2925 2870 δορυφορουμένη
2955 2795 3466 2866 λαμπαδουχούσαις
3488 2794 3695 2855 αὐταῖς.
3732 2791 3826 2855 ξέ-

2247 2904 2345 2962 νην
2384 2892 2482 2962 μὲν
2513 2891 2589 2955 ὼς
2640 2892 2769 2960 περὶ
2802 2891 2899 2959 τὴν
2949 2884 3121 2959 ὥραν,
3161 2886 3306 2940 οὕτω
3354 2888 3449 2939 καὶ
3504 2886 3606 2955 τὴν
3668 2883 3830 2946 me;

2248 2980 2361 3054 εἶχε
2397 2983 2770 3053 καταστολήν·
2798 2984 2860 3035 ab
2882 2978 3120 3051 ἀνθηρὸν
3158 2980 3269 3049 γὰρ
3316 2977 3565 3041 δκείνων,
3600 2973 3680 3045 τῷ
3732 2973 3829 3027 τοῦ

2250 3076 2423 3138 εἴδους
2447 3072 2791 3146 φαιδροτάτῳ
2816 3071 3158 3142 συνίκρυπτε
3189 3086 3205 3105 ο
3242 3069 3495 3138 καθάπερ
3544 3067 3701 3136 ἡλίου
3728 3065 3830 3134 τὴν

545 3157 670 3211 dam
687 3158 833 3212 enim
849 3158 1070 3214 illarum
1089 3167 1440 3216 venustatem
1457 3158 1767 3215 clarissimo
1782 3158 2129 3230 pulchritudl

2249 3155 2360 3221 τῶν
2390 3169 2607 3236 ἄστρων
2639 3164 3041 3234 ὑπερνικῶντος
3063 3162 3259 3233 αὐγὴν,
3307 3161 3387 3231 τῷ
3429 3159 3602 3228 ἱλαρῷ
3655 3157 3714 3251 δὲ
3770 3156 3833 3208 τὸ

549 3248 636 3303 nis
660 3263 775 3304 suae
790 3249 1085 3319 splendore
1105 3248 1457 3317 obscurabat,
1476 3265 1587 3304 non
1606 3265 1769 3305 secus
1781 3266 1846 3305 ac
1855 3251 2129 3317 stellarum

2239 3260 2464 3314 σύννουν
2489 3259 2627 3330 αὐτῇ
2657 3258 3061 3330 κεκρυμμένον,
3094 3255 3158 3309 τὸ
3187 3258 3288 3325 τῆς
3332 3252 3514 3322 ψυχῆς
3562 3249 3834 3318 ὑπέφαινε

552 3337 733 3392 lucem
765 3338 850 3392 sol
880 3337 1056 3393 vincit
1085 3345 1143 3393 et
1170 3337 1483 3393 abscondit.
1507 3338 1705 3395 Vultus
1731 3347 1917 3395 autem
1944 3342 2140 3398 hilari-

552 3438 665 3485 tate
693 3436 1039 3484 constantem
1094 3428 1294 3484 animae
1324 3430 1759 3499 magnitudinem
1788 3432 1939 3488 intus
1962 3432 2140 3489 laten-

553 3528 664 3570 tem
695 3515 1147 3584 demonstrabat;
1205 3525 1434 3588 propter
1461 3534 1625 3589 quam
1655 3534 1766 3575 non
1812 3521 1923 3577 illis
1951 3523 2134 3589 modo,

2237 3349 2580 3419 μεγαλοφυές
2620 3366 2636 3380 ·
2667 3349 2735 3403 δι’
2780 3344 2842 3404 οὖ
2881 3350 2977 3403 καὶ
3010 3348 3291 3417 τεκμήρια
3345 3344 3665 3411 καινότερα,
3723 3338 3829 3392 οὐκ

2236 3437 2416 3491 αὐτῶν
2464 3438 2646 3508 μόνον,
2703 3437 2841 3491 ἀλλὰ
2875 3437 2970 3490 καὶ
3018 3435 3119 3505 τῆς
3161 3434 3292 3504 ὅλης
3323 3436 3391 3504 τῇ
3435 3429 3833 3502 θαυμαζομένη

2237 3532 2746 3600 προσεμαρτυρεῐτο
2776 3528 3013 3597 φύσεως.

553 3606 653 3662 sed
683 3617 743 3664 et
797 3608 1071 3664 universa:
1098 3618 1311 3666 natura:
1343 3610 1697 3666 admirationi
1755 3621 1901 3678 erat;
1955 3625 2124 3686 atque
2164 3618 2537 3691 signis-etiam
2574 3623 2748 3693 magis
2788 3622 3024 3678 insuetis
3059 3621 3433 3676 testimonium
3497 3618 3549 3675 ei
3619 3618 3837 3689 pra-be-

559 3703 743 3756 batur.

627 3794 773 3850 Xlll.
801 3793 894 3851 Sic
916 3794 1084 3868 igitur
1113 3796 1247 3860 illis,
1283 3796 1380 3868 qui
1416 3797 1473 3852 in
1503 3797 1708 3867 templo
1745 3807 1925 3863 erant,
1955 3800 2021 3855 ad
2046 3817 2143 3857 γοα

556 3884 822 3939 stibulum
846 3887 966 3955 ejus
998 3888 1438 3949 accurrentibus.
1475 3896 1533 3942 et
1564 3902 1768 3941 novum
1796 3889 1950 3944 chori
2002 3890 2147 3947 illius

558 3978 940 4046 spectaculum
983 3979 1399 4042 contuentibus,
1430 3993 1680 4034 summus
1711 3979 1828 4049 ipse
1859 3984 2140 4046 sacerdos,

560 4068 871 4130 Zacharias.
900 4071 993 4140 qui
1022 4070 1161 4124 alios
1189 4070 1560 4140 praecedebat,
1610 4087 1732 4141 qua:
1792 4072 1907 4142 ipsa
1974 4084 2142 4141 esset,

562 4170 623 4215 et
644 4177 895 4231 quamam
925 4162 1196 4217 adventus
1227 4179 1390 4218 causa
1440 4163 1602 4228 foret,
1635 4165 1970 4220 sciscitatur.
2027 4166 2143 4220 Ma-

2322 3805 2421 3859 II".
2454 3804 2612 3858 Οῠτω
2637 3803 2769 3872 γοῦν
2797 3801 2935 3873 πρὸς
2961 3803 3082 3864 ταῖς
3118 3800 3345 3862 είσόδοις
3385 3800 3495 3852 τῶν
3526 3798 3675 3862 ἐντὸς
3732 3800 3832 3852 ἔκο

2248 3887 2566 3963 κεχυμίνων
2591 3888 2686 3945 τοῦ
2715 3892 2866 3956 ναοῦ,
2892 3892 3027 3959 πρός
3050 3904 3110 3943 τε
3134 3891 3233 3959 τὴν
3261 3889 3566 3958 κοινοφανῆ
3610 3886 3837 3958 χορείαν

2250 3984 2687 4048 ινατενιςόντων,
2721 3981 2817 4035 τοῦ
2847 3982 3038 4046 ἱερέως
3062 3981 3481 4052 προηγουμένου
3531 3979 3830 4049 Ζαχαρίου,

2247 4077 2331 4137 τίς
2362 4075 2428 4129 ἂν
2452 4076 2537 4145 εἴη
2559 4073 2720 4145 αὕτη,
2762 4076 2856 4127 καὶ
2888 4073 2988 4145 τὴν
3008 4074 3190 4149 μίτίαν
3218 4073 3319 4141 τῆς
3347 4070 3609 4141 ἀφίξεως,
3668 4071 3834 4131 αὐτὸς

2248 4167 2634 4222 διεπυνθάνετο
2663 4180 2676 4198 ο
2719 4167 2819 4237 τὴν
2847 4166 2905 4218 δὲ
2935 4167 3145 4235 μητέρα
3169 4166 3359 4236 χερσὶν
3391 4165 3473 4217 ἔτι
3492 4162 3834 4231 κατέχουσαν

565 4262 705 4306 trem
732 4268 885 4315 vero,
919 4269 1042 4323 quze
1076 4254 1332 4309 manibus
1380 4255 1562 4311 adhuc
1600 4255 1765 4310 ﬁliam
1824 4257 2066 4322 tenebat,
2092 4272 2129 4311 e

2253 4261 2351 4330 τὴν
2377 4259 2650 4327 Παρθένον
2673 4260 2847 4311 εἰπεῖν
2880 4257 3319 4327 ἀποκρινομένην
3366 4253 3635 4324 δήπουθεν
3692 4252 3837 4319 πρὸς

566 4345 917 4412 respondisse
971 4344 1180 4416 (narrat
1227 4346 1504 4419 historia)
1555 4358 1722 4418 atque
1782 4349 1854 4403 ita
1907 4347 2129 4404 locutan

2256 4348 2417 4403 αὑτόν
2452 4365 2466 4380 '
2530 4349 2615 4412 Ὠς
2672 4349 2936 4417 μηδαμῶς
2989 4365 3049 4401 σε
3097 4349 3381 4400 λανθάνειν
3436 4346 3586 4414 ἱερέα
3626 4360 3687 4395 τι
3737 4343 3836 4394 τοῦ

566 4449 692 4488 esse
727 4451 740 4487 :
766 4433 904 4489 Cum
929 4438 1068 4492 nihil
1101 4438 1275 4493 latere
1307 4449 1358 4493 te
1381 4441 1573 4508 possit,
1605 4442 1811 4510 quippe
1833 4441 1926 4510 qui
1960 4455 2129 4494 ειιιόιι

2252 4443 2486 4512 μεγάλου
2509 4439 2645 4492 Θεοῦ
2670 4439 3026 4508 τυγχάνοντα,
3052 4439 3146 4491 καὶ
3175 4438 3243 4490 τὰ
3271 4437 3460 4489 δέοντα
3493 4436 3592 4504 μὲν
3616 4432 3836 4486 ἅπαντα

565 4523 671 4577 dos
712 4525 789 4579 sis
831 4528 1014 4596 magni
1045 4528 1164 4594 Dei,
1211 4537 1271 4583 et
1302 4530 1371 4583 ab
1403 4530 1520 4599 ipso
1576 4533 1782 4593 omnia,
1828 4546 1949 4599 que
2002 4531 2129 4585 scitt

2245 4536 2375 4603 παρ’
2398 4531 2562 4586 αὑτοῦ
2605 4531 2910 4600 μυούμενον
2936 4545 2950 4561 ο
3015 4530 3112 4600 οὐχ
3146 4529 3346 4599 ἥκιστα
3396 4528 3453 4581 δὲ
3478 4527 3571 4579 καὶ
3603 4527 3674 4578 τὰ
3706 4524 3839 4593 περὶ

566 4616 881 4671 necessaria
910 4619 1041 4685 sint,
1069 4618 1336 4675 divinitus
1356 4621 1607 4675 docearis
1638 4638 1651 4675 :
1682 4622 1791 4691 jam
1821 4638 1950 4676 vero
1975 4622 2129 4676 multt

2247 4622 2347 4694 τῆς
2372 4620 2900 4695 παρούσηςπαιδδς.
2930 4623 3052 4693 ἥτις
3081 4620 3249 4674 αὐτοῦ
3284 4618 3599 4690 προμηθείᾳ
3643 4616 3832 4685 κρείτ-

570 4710 757 4763 minus
784 4711 1214 4767 existimandum
1261 4722 1367 4772 est.
1396 4713 1855 4787 tibiincomperta
1911 4728 1975 4769 ca
2025 4730 2129 4770 esst

2245 4733 2359 4767 τονι
2392 4714 2552 4782 δεῦρο
2584 4714 2851 4783 γενομένη
2882 4713 3199 4783 παρέστηκε
3233 4727 3246 4740 '
3279 4712 3371 4763 καὶ
3396 4710 3503 4779 χρὴ
3533 4708 3634 4777 μὲν
3662 4707 3836 4774 ἁττορ-

566 4817 691 4870 qun:
726 4802 792 4856 ad
829 4802 971 4857 hanc
1014 4805 1253 4874 puellam
1287 4804 1596 4875 pertinent,
1652 4820 1775 4875 quae
1804 4820 1927 4860 eum
1958 4807 2129 4877 singu-

2252 4806 2430 4876 ῥήτως
2471 4821 2529 4856 σε
2559 4805 3059 4873 μυσταγωγηθέντα
3094 4803 3288 4862 ταῦτα,
3326 4800 3399 4871 μὴ
3454 4801 3636 4865 λόγοις
3696 4798 3836 4849 ἀνα-

568 4892 840 4948 larissima
882 4894 1032 4951 illius
1088 4897 1433 4966 providentia
1467 4898 1577 4953 huc
1639 4898 1946 4959 advenerit.
1998 4915 2129 4953 num

2251 4894 2620 4957 διδάσκεσθαι,
2654 4893 2939 4966 πράγματι
2987 4891 3138 4960 αὐτῷ
3161 4892 3228 4962 τῇ
3254 4889 3483 4960 ἀληθείᾳ
3523 4883 3836 4955 πεπεισμέ·

568 4997 754 5038 eoram
781 4995 833 5039 te
865 4987 1064 5042 adstat.
1096 4986 1347 5058 Cumque
1384 4989 1649 5045 inell‘abili
1680 4991 1844 5045 modo
1876 4991 2129 5059 particep1

2254 5004 2344 5039 vov
2377 5002 2391 5018 °
2435 4987 2582 5056 ὅμως
2612 4984 3062 5056 παρορμηθέντες
3087 4985 3234 5043 ὅπως
3261 4982 3330 5035 ἂν
3376 4980 3491 5052 ἔχοι
3518 4979 3837 5049 προσειπεῖν

572 5075 800 5144 hujusce
829 5078 1074 5148 mysterii
1120 5081 1355 5135 elfectus
1410 5082 1602 5143 fueris,
1672 5080 1816 5134 haud
1851 5095 1991 5148 opus
2043 5093 2149 5140 est,
2256 5079 2518 5148 διέξιμεν-

572 5180 626 5222 te
674 5171 966 5239 perspicua
1014 5171 1091 5224 rei
1150 5170 1325 5241 ipsius
1385 5172 1615 5227 veritate
1656 5173 1766 5242 jam
1829 5186 2151 5241 persuasum
2191 5172 2375 5226 verbis
2427 5170 2670 5225 edoceri.
2728 5168 3101 5227 Nihilominus
3144 5164 3587 5237 quandoquidem
3655 5163 3731 5217 ita
3801 5175 3833 5214 δ

570 5267 735 5319 nobis
797 5266 1062 5336 exigitur,
1112 5268 1573 5335 quemadmodum
1630 5268 1746 5322 inec
1796 5282 1853 5323 se
1888 5267 2144 5332 habeant,
2187 5282 2441 5321 sermone
2464 5269 2814 5337 exponimus.

645 5361 896 5425 Nobis,o
941 5365 1203 5420 sacerdos
1230 5366 1434 5427 divine,
1474 5364 1684 5419 nullum
1741 5365 1931 5419 aderat
1986 5365 2123 5436 proli

2339 5366 2521 5436 Ἡμῖν,
2551 5362 2596 5418 ὦ
2624 5367 2880 5419 θεσπέσιε
2906 5363 3208 5434 λειτουργὲ,
3237 5362 3308 5414 τὰ
3342 5358 3443 5429 τῆς
3489 5356 3803 5411 παιδοποιία

574 5454 851 5517 solatium,
884 5456 1208 5527 impotentia
1237 5457 1453 5511 scilicet
1482 5471 1690 5513 naturae
1723 5459 1952 5512 inﬁrmae
1987 5468 2129 5525 atqm

2258 5457 2418 5514 καλὰ.
2445 5457 2719 5527 ἀδυναμίᾳ
2740 5457 2838 5526 τῆς
2862 5454 3193 5519 ἀσθενούσης
3227 5451 3475 5520 ἐπείχετο
3503 5450 3737 5518 φύσεως,
3755 5450 3805 5497 εἰ

572 5553 891 5609 omnimoda
919 5552 1153 5623 segnitie
1211 5553 1420 5608 aﬁeetze
1450 5553 1504 5607 id
1563 5552 1893 5622 prohibente
1919 5591 1934 5616 ,
1989 5560 2129 5619 atqu:

2256 5550 2495 5619 παντελῆ
2521 5550 2724 5617 ταύτης
2746 5546 3200 5616 ἀποκλεισθείσης
3228 5544 3340 5615 (ὅθ)
3373 5543 3594 5613 ἀργίαν.
3629 5538 3721 5592 Διὸ
3738 5537 3805 5607 τῑι

662 5671 706 5704 ³³
730 5671 865 5725 Dan.
895 5686 952 5737 ll,
977 5669 1067 5725 iii.
1145 5669 1349 5725 “Psal.
1392 5667 1721 5733 cxxxnnifi.
1797 5669 1841 5700 ³³
1863 5666 1998 5722 Psal.
2022 5682 2129 5721 χχιι

2232 5707 2244 5719 .
2320 5664 2360 5696 ³⁵
2383 5663 2542 5720 Cant.
2570 5680 2653 5729 ιιι,
2679 5663 2733 5716 7.
2805 5661 2968 5715 "lsa.
3012 5676 3087 5725 vi,
3118 5659 3169 5713 6.
3248 5659 3293 5692 “
3316 5659 3416 5713 lsa.
3444 5654 3689 5719 “13,”.

659 5809 770 5880 (50)
802 5807 1169 5865 Conibeﬁsius
1198 5806 1328 5880 (loc.
1364 5806 1481 5877 cit.)
1518 5822 1617 5876 pro
1645 5802 2065 5858 ἀποκλεισλεῖσα
2094 5799 2129 5852 lc

2257 5797 2637 5862 ἀποκλιθεῖςιι,
2669 5812 2731 5851 ac
2769 5795 2932 5851 vertit
2965 5795 3248 5849 reclinata.
