4104 6412
272 355 385 422 €13

1040 358 1330 420 ORATIO
1368 356 1451 420 IN
1492 356 2208 420 PRESENTATIONEM
2258 360 2367 425 SS.
2406 361 2783 425 ΒΕῘΡΑΒᾸΞ.

3450 364 3559 427 614

272 476 377 531 τοῦ
401 475 600 545 γένους
620 475 894 549 διαδοχῆς,
932 474 1250 529 ἀνέλπιστοι
1293 475 1391 545 μὲν
1439 476 1497 528 ai
1550 475 1866 544 προσδοκίαι

1977 475 2118 531 adeo
2148 477 2371 546 generis
2399 478 2577 532 nostri
2605 477 2976 535 successionis
3012 490 3140 550 spes
3184 478 3367 534 omnis
3409 482 3564 551 peni-

265 568 569 633 διετέλουν,
606 567 907 638 ὀνειδισμοὶ
938 568 996 622 δὲ
1032 568 1188 638 παρά
1219 568 1331 621 τῶν
1359 567 1740 638 συμφυλετῶν,
1777 567 1869 622 διὰ

263 663 374 733 τὴν
401 661 504 730 τῆς
538 659 897 728 τεκνογονίας
935 658 1293 731 ἐπετρίϐοντο
1328 654 1609 730 στέρησιν,
1651 657 1726 723 ὡς
1766 658 1869 711 αύ-

259 753 384 808 τῶν
404 752 606 824 δηλαδὴ
637 750 747 805 τῶν
780 751 878 804 τοῦ
904 750 1043 804 Θεοῦ
1071 748 1456 822 στερουμόνων
1485 749 1726 821 δωρεῶν,
1772 745 1869 812 οὓς

262 843 419 904 εἰκὸς
453 841 934 914 ἑπικωμάςοντας,
971 839 1096 895 οὐδὲ
1136 841 1333 896 ταύτὸν
1360 841 1596 910 ἀγνοεῖν.
1654 840 1870 911 Ὠσπερ

262 934 385 1006 γὰρ
407 933 537 1005 ἰδίᾳ,
570 931 720 986 οὕτω
747 931 843 986 καὶ
867 931 1324 1004 καρποφοροῦσιν
1368 932 1503 1001 ήμίν
1551 929 1648 985 καὶ
1693 929 1870 984 θύου-

266 1041 384 1088 σιν,
415 1027 476 1078 ὲν
493 1023 573 1094 τῷ
598 1024 714 1093 ναῷ
755 1023 1103 1093 κατεχέοντο.
1147 1022 1291 1076 llth
1339 1020 1472 1090 γοῦν
1522 1022 1738 1092 χαίρειν
1788 1021 1869 1075 ei-

265 1118 471 1181 πάντες
529 1119 644 1181 τοῖς
692 1114 956 1187 παροῦσι,
1000 1118 1069 1187 τῇ
1130 1114 1257 1186 θείᾳ
1294 1114 1592 1177 δεδωκότες
1640 1114 1870 1176 ἑαυτοὺς

266 1211 662 1283 ὲπερῤίψαμεν
692 1209 1028 1282 προμηθείᾳ,
1064 1211 1195 1279 παρ’
1221 1209 1391 1279 αὐτῆς
1423 1211 1609 1279 τυχεῖν
1641 1209 1742 1272 τὰς
1767 1207 1869 1276 τῆς

271 1304 495 1374 φύσεως
515 1302 730 1375 δωρεὰς
760 1299 1164 1370 ἐξαιτούμενοι,
1216 1299 1315 1354 καὶ
1368 1298 1467 1369 τῆς
1510 1299 1623 1352 τῶν
1678 1299 1871 1352 ὀνειδι-

271 1397 436 1468 σμῶν
463 1394 853 1465 ἀπαλλαγῆναι
874 1380 1190 1467 δυσφημῶς
1211 1411 1226 1427 ο
1275 1391 1528 1447 ἐντεῦθεν
1549 1393 1730 1446 τοίνυν
1759 1392 1869 1446 τῶν

266 1487 560 1555 παρόντων
587 1486 722 1556 ἡμῖν
747 1483 1000 1556 τερπνῶν
1019 1484 1116 1537 καὶ
1149 1481 1258 1537 τῶν
1307 1482 1528 1555 ἐξουσίᾳ
1574 1483 1867 1553 κειμένων,

268 1578 685 1650 ύπερώφθησαν
723 1579 781 1631 αί
815 1573 1155 1639 ἀπολαύσεις
1189 1590 1204 1605 ⁸
1247 1574 1478 1638 πλοῦτος
1532 1574 1867 1647 παρωράθη.

264 1674 403 1741 δόξα
453 1671 862 1744 κατεφρονήθη,
914 1671 1251 1743 περιφάνεια
1306 1670 1648 1742 κατεκρύϐη,
1698 1670 1869 1740 φίλων

265 1764 522 1836 ἑταιρεία
596 1764 896 1836 ὴθέτηται,
954 1762 1189 1817 οἰκετῶν
1240 1762 1471 1834 ἀπώσθη
1543 1763 1865 1836 δορυφορία,

268 1857 589 1929 εὐφρόσυνα
638 1855 1094 1927 μετημείφθησαν
1143 1854 1383 1919 ᾶπαντα,
1413 1853 1592 1908 ἔνδεια
1637 1852 1748 1907 τῶν
1807 1856 1868 1909 ὲν

266 1949 527 2023 ἀφθονίᾳ,
560 1950 769 2022 ἐρημία
788 1949 897 2002 τῶν
952 1946 1293 2017 ἀναγκαίων,
1337 1946 1593 2019 διατριϐὴ
1649 1946 1864 2017 ἄφιλος,

268 2043 502 2112 νηστεία
580 2043 682 2109 τὴν
743 2040 1099 2111 ἀνθρωπίνην
1164 2038 1623 2095 καταπαλαίουσα
1680 2037 1862 2109 φύσιν,

267 2136 553 2208 ὀδυνηρῶν
578 2138 643 2189 ἐκ
662 2134 863 2206 βάθους
879 2135 1229 2205 ἀναπεμψεις
1248 2130 1598 2203 στεναγμῶν,
1612 2131 1867 2203 δακρύων

270 2226 524 2298 δαψιλεῖς
584 2225 842 2296 ἐκχύσεις
867 2265 884 2293 ,
955 2222 1174 2296 δεήσεις
1236 2225 1501 2288 ἐκτενεῖς,
1565 2222 1724 2293 εὐχαὶ
1802 2221 1871 2275 ὲκ

267 2316 746 2389 συντετριμμένης
803 2315 1098 2387 προϊοῦσαι
1151 2314 1429 2387 καρδίας,¹
1471 2314 1568 2367 καὶ
1628 2313 1871 2384 ῥήμασιν

265 2414 576 2481 ἀξιολόγοις
605 2412 792 2474 ἐλέους
819 2409 1250 2481 ἀναφερόμεναι.

1978 577 2066 624 tus
2094 568 2394 624 defecerat.
2431 570 2666 640 Propter
2721 570 2866 626 hanc
2894 586 3031 628 vero
3085 573 3324 628 ﬁliorum
3358 574 3568 629 orbita-

1977 668 2091 716 tem
2125 674 2157 716 a
2179 661 2589 717 contribulibus
2620 663 2919 732 opprobria
2948 664 3113 721 nobis
3141 666 3563 736 ingerebantur,

1976 762 2245 825 tanquam
2273 754 2491 810 scilicet
2515 753 2618 824 ipsi
2649 755 2747 810 Dei
2774 756 2935 812 donis
2963 771 3192 828 prorsus
3223 772 3564 822 careremus,

1974 856 2105 898 cum
2137 851 2322 905 tamen
2348 854 2441 899 res
2463 858 2572 899 non
2597 842 2790 910 ferret,
2814 848 2991 917 utqui
3012 848 3176 903 nobis
3201 849 3563 912 insultabant,

1974 948 2039 989 ea
2074 933 2416 1005 ignorarent.
2447 934 2699 1007 Namque
2756 938 2904 993 sicut
2954 939 3242 1010 privatim,
3299 942 3373 995 ita
3436 956 3562 997 cum

1975 1025 2033 1080 in
2060 1026 2268 1095 templo
2296 1025 2515 1082 fructus
2546 1028 2966 1100 oblationesque
3003 1030 3374 1093 deferremus;
3420 1032 3562 1088 bona

1974 1118 2137 1174 nobis
2166 1118 2501 1174 eﬂ‘usissime
2533 1119 2758 1176 aﬂuere
2794 1121 3145 1178 manifestum
3196 1133 3336 1179 erat.
3371 1126 3563 1195 Itaque

1975 1211 2256 1273 omnibus,
2303 1227 2428 1281 qua:
2468 1212 2858 1282 suppetebant.
2907 1213 3092 1269 valere
3137 1215 3329 1285 jussis,
3361 1215 3564 1271 divinat

1972 1302 2351 1372 nosmetipsos
2382 1298 2753 1360 Providentiae
2804 1306 3281 1371 commendantes,
3315 1307 3370 1361 in
3434 1321 3557 1362 eam

1973 1410 2211 1468 prorsus
2238 1411 2342 1451 nos
2357 1395 2721 1468 coniecimus,
2747 1396 3131 1467 deprecantes,
3164 1407 3225 1452 ut
3254 1414 3354 1468 per
3389 1398 3561 1469 ipsam

1973 1498 2190 1543 natum
2211 1487 2359 1542 dona
2392 1501 2869 1557 promereretnur,
2931 1497 2991 1543 et
3024 1489 3094 1543 ab
3124 1490 3560 1560 opprobriorunt

1974 1579 2248 1636 dedecore
2311 1579 2724 1642 ,liberaremur.
2774 1579 2969 1636 Omnis
3030 1581 3216 1652 itaque
3283 1583 3560 1652 voluptas,

1972 1673 2170 1729 solatia
2199 1673 2408 1739 omnia,
2441 1688 2564 1744 qua
2589 1673 2646 1729 in
2699 1681 2889 1729 nostra
2947 1682 3223 1744 potestate
3253 1684 3311 1730 et
3343 1675 3412 1730 ad
3445 1690 3560 1728 ma-

1972 1778 2080 1819 nus
2103 1765 2266 1821 nobis
2297 1775 2480 1829 erant,
2509 1764 2713 1821 exinde
2767 1774 3085 1836 contempta
3129 1782 3142 1819 :
3178 1766 3450 1835 despecta!
3480 1766 3562 1820 di-

1899 1838 1944 1900 Β
1969 1854 2142 1922 vitim,
2173 1856 2348 1912 decor
2367 1857 2680 1927 neglectus,
2704 1855 2971 1927 splendor
2996 1855 3306 1926 depositus.
3336 1869 3562 1910 consor-

1974 1947 2051 2002 tia
2081 1949 2387 2005 amicorum
2414 1948 2758 2014 intermissa,
2786 1948 3225 2003 domesticorum
3269 1948 3558 2003 servitium

1974 2039 2267 2110 reiectum,
2309 2041 2437 2095 laeta
2481 2054 2848 2110 quaecumque
2890 2037 3200 2109 repudiata,
3253 2037 3557 2108 sepositum

1974 2131 2123 2202 quod
2155 2133 2438 2210 opulentia
2467 2132 2652 2198 oﬂ'ert,
2686 2132 2926 2203 quodvis
2951 2133 3326 2196 commodum,
3350 2126 3559 2188 remota

1972 2224 2420 2279 necessariorum
2471 2225 2839 2291 consuetudo,
2899 2224 3126 2279 fastidio
3163 2225 3349 2279 habita
3380 2224 3557 2280 collo-

1967 2316 2119 2387 quia,
2135 2317 2345 2388 jejunis
2362 2325 2574 2373 natura:
2592 2317 2851 2372 humana:
2872 2316 3188 2372 facultatem
3210 2316 3559 2380 excedentia,

1969 2407 2209 2477 suspiria
2241 2423 2369 2463 cum
2403 2407 2705 2480 gemitibus
2762 2409 2831 2463 ab
2888 2408 3000 2462 imo
3039 2406 3279 2478 'pectore
3332 2406 3559 2471 emissa,

266 2511 477 2566 uberes
512 2509 883 2580 lacrymarum
913 2505 1146 2573 imbres,
1181 2507 1343 2577 juges
1401 2502 1862 2575 supplicationes,
1904 2517 2103 2573 preces
2130 2518 2163 2558 e
2188 2503 2353 2558 corde
2381 2502 2627 2559 contrito
2690 2510 3073 2574 erumpentes,
3145 2511 3206 2557 et
3248 2500 3436 2555 verbis
3488 2499 3562 2553 ad

267 2604 718 2662 misericordiam
758 2600 1113 2660 ﬂectentibus
1144 2603 1354 2658 cll‘usaa.

343 2701 442 2755 ΙΝ.
469 2697 697 2762 Τούτοις
733 2695 832 2751 οὖν
859 2696 890 2749 ὁ
923 2695 1241 2763 πανάγαθος
1263 2693 1637 2765 ἐπικαμφθεὶς
1664 2693 1874 2746 Δεσπό-

262 2808 394 2861 της,
409 2785 521 2858 εἶξε
540 2793 608 2861 τῇ
624 2788 994 2861 παρακλήσει,
1014 2787 1278 2841 ἐπένευσε
1300 2789 1368 2858 τῇ
1396 2785 1607 2857 δεήσει,
1634 2783 1872 2856 ᾤκτειρε

267 2885 373 2958 τὴν
403 2882 710 2938 ἐθελούσιον
766 2881 1170 2956 ταλαιπωρίαν,
1214 2880 1491 2951 ἐπήκουσε
1521 2878 1867 2949 στεναγμῶν,

268 2978 548 3049 προσέσχε
576 2976 837 3048 δάκρυσι.
872 2975 967 3029 Διδ
997 2975 1096 3029 καὶ
1125 2975 1228 3045 τὴν
1257 2973 1596 3028 ἀσθενοῦσαν
1630 2972 1731 3043 μὲν
1766 2973 1867 3024 s1:-

269 3072 488 3146 ἔρρωσε
513 3070 698 3142 φύσιν,
730 3068 969 3142 χρησμῷ
995 3069 1054 3123 δὲ
1083 3067 1146 3122 τὺ
1183 3067 1295 3120 τῶν
1326 3065 1567 3138 δεήσεων
1621 3062 1866 3118 καθυπέ-

272 3182 434 3237 σχετο
462 3151 723 3237 παρέξειν
762 3162 1038 3234 πλήρωμα
1076 3176 1092 3192 ο
1119 3159 1189 3232 ἢν
1230 3157 1455 3231 βεϐαίαν
1484 3158 1647 3228 ἡμεῖς
1686 3156 1858 3222 ἐπαγ-

268 3256 464 3329 γελίαν
491 3256 798 3327 δεξάμενοι,
826 3252 1285 3325 ἀνθυπεσχόμεθα
1331 3251 1394 3305 τὸ
1445 3247 1866 3319 παρασχεθησό-

272 3364 438 3420 μενον
462 3347 543 3419 τῷ
581 3342 1042 3417 ἀπαγγειλαμὲνῳ
1090 3343 1193 3414 μὲν
1235 3340 1549 3396 ἀποδιδόναι
1604 3338 1868 3408 ὁπότερον

269 3442 343 3496 ἂν
372 3439 537 3511 τύχῃ,
574 3439 650 3512 μὴ
684 3437 1084 3511 προκρίναντες
1112 3435 1176 3490 τὸ
1195 3434 1367 3506 ἄρρεν
1396 3432 1491 3487 τοῦ
1541 3431 1753 3503 θήλεος,
1812 3430 1872 3482 ὲν

263 3535 349 3606 τῷ
376 3533 751 3605 δεδοξασμένῳ
787 3532 847 3586 δὲ
895 3530 1012 3602 ναῷ
1039 3528 1299 3601 καθάπερ
1325 3545 1379 3584 τι
1408 3526 1553 3581 θεῖον
1578 3523 1873 3596 κειμήλεον

268 3624 622 3693 ἀνατίθεμεν.
645 3621 882 3694 Προνοίᾳ
903 3620 1038 3691 γοῦν
1063 3619 1160 3675 τοῦ
1184 3619 1608 3690 παρασχομένου
1640 3616 1864 3682 δίδοται,

265 3717 339 3788 ἢν
370 3715 466 3769 νῦν
490 3713 618 3786 παρ’
655 3712 816 3784 ἡμῶν
845 3711 1257 3783 ἀντιδιδομένην
1281 3712 1454 3764 παῖδα
1487 3707 1727 3779 καθορᾷς
1751 3745 1766 3772 ,
1798 3707 1866 3778 ἥν

271 3806 654 3882 μεγαλοψυχία
679 3806 781 3876 μὲν
801 3804 913 3859 τῶν
943 3804 1215 3857 τεκόντων
1270 3801 1597 3875 προσφέρει,
1655 3798 1866 3870 παρθέ-

268 3919 382 3954 νων
400 3901 458 3953 δὲ
484 3899 780 3972 δορυφορεῖ
809 3896 1275 3968 λαμπαδουχοῦσα
1295 3894 1508 3966 χορεία,
1529 3888 1600 3966 ἧς
1652 3893 1746 3945 τὸν
1786 3891 1864 3943 ol-

271 3993 507 4064 κονομού
515 4007 677 4063 μενον
709 3991 892 4059 λόγον,
915 3989 1078 4054 αὐτὸς
1108 3989 1178 4044 ἂν
1208 3988 1316 4042 ὑπὸ
1365 3988 1463 4040 τοῦ
1511 3982 1864 4055 οἰκονομοῦν-

268 4102 362 4148 τος
397 4083 685 4156 μυηθείης.

2043 2687 2184 2745 XIV.
2208 2687 2306 2744 His
2327 2688 2497 2759 igitur
2512 2698 2801 2759 permotus
2818 2687 3254 2759 benignissimus
3272 2688 3558 2745 Dominus,

1969 2780 2139 2837 cessit
2194 2781 2607 2851 supplicationi,
2655 2780 2854 2835 annuit
2915 2779 3307 2846 obsecrationi,
3339 2788 3561 2851 sponta-

1966 2886 2128 2928 neam
2155 2871 2510 2927 aﬂlictionem
2546 2871 2846 2926 miseratus
2866 2880 2973 2937 est,
2999 2872 3276 2927 exaudivit
3296 2873 3558 2943 gemitus,

1967 2965 2245 3037 lacrymas
2272 2979 2387 3019 non
2435 2963 2706 3035 despexit.
2735 2965 3009 3031 Quocirca
3034 2962 3096 3020 et
3124 2963 3400 3019 inﬁrmam
3432 2979 3559 3020 cor-

1919 3104 1938 3126 ,
1970 3057 2258 3113 roboravit
2279 3067 2557 3123 naturam,
2592 3067 2649 3113 et
2666 3073 2769 3129 per
2793 3057 3081 3113 oraculum
3108 3071 3306 3128 preces
3336 3072 3403 3113 ac
3429 3069 3556 3112 vota

1967 3159 2158 3206 nostra
2183 3163 2244 3205 se
2273 3149 2681 3219 completurum
2715 3149 3002 3220 pollicitus
3032 3158 3140 3205 est.
3177 3148 3279 3206 Cui
3314 3149 3556 3220 promis-

1961 3239 2107 3295 sioni
2141 3239 2456 3295 ﬁrmissima
2524 3255 2630 3296 nos
2682 3240 2886 3296 ﬁducia
2960 3240 3157 3305 innixi,
3211 3241 3554 3311 promittenti

1964 3332 2201 3388 invicem
2230 3332 2463 3404 polliciti
2498 3346 2715 3398 sumus,
2748 3332 3039 3389 oblaturos
3071 3347 3172 3387 nos
3192 3334 3244 3388 ei
3284 3331 3555 3402 quidquid

1966 3425 2037 3479 ab
2070 3425 2193 3495 ipso
2249 3425 2531 3496 accepturi
2584 3437 2832 3491 eramus,
2898 3424 3283 3495 qualecunque
3338 3424 3560 3480 tandem

1969 3514 2110 3572 illud
2141 3528 2312 3581 esset,
2341 3517 2500 3572 nullo
2528 3516 2675 3572 facto
2717 3520 2864 3573 inter
2883 3516 3188 3573 masculum
3211 3524 3268 3572 et
3296 3516 3559 3571 [υιιιίιιςω

1970 3607 2331 3675 discrimine;
2367 3616 2423 3664 et
2452 3608 2652 3664 exinde
2702 3608 2770 3663 ad
2801 3607 3106 3679 gloriosum
3141 3608 3390 3679 ejusdem
3423 3618 3560 3663 tem-

1970 3704 2123 3773 plum
2156 3704 2330 3759 veluti
2362 3703 2613 3759 divinum
2646 3704 2931 3772 quoddam
2988 3717 3195 3759 munus
3236 3718 3302 3757 ac
3338 3701 3560 3757 thesau-

1969 3810 2092 3852 rum
2119 3797 2264 3853 hane
2313 3798 2580 3852 sistimus.
2615 3797 2990 3853 Providentia!
3037 3797 3223 3867 itaque
3280 3796 3563 3864 largitoris

1970 3889 2178 3945 donum
2202 3899 2287 3946 est
2316 3892 2520 3961 puella,
2553 3906 2700 3961 quae,
2724 3892 2807 3946 uti
2838 3890 3142 3961 οοηειιίρὶε,
3174 3905 3324 3944 nunc
3344 3905 3374 3943 a
3398 3891 3564 3951 nobis

1970 3979 2235 4038 Donaturi
2258 3982 2529 4048 redditur,
2565 3991 2623 4038 et
2652 3998 2681 4037 a
2706 3983 2820 4039 suis
2855 3982 3031 4048 ipsius
3061 3981 3390 4053 parentibus
3411 3981 3557 4034 libe-

1970 4073 2164 4128 raliter
2187 4072 2444 4130 oil'ertur.
2492 4075 2781 4146 Virginum
2829 4090 2999 4144 porro
3026 4074 3313 4143 lampades
3342 4084 3562 4143 gestan-

271 4182 410 4235 tiitm
442 4179 648 4236 chorus
675 4195 798 4236 eam
861 4175 1108 4243 deducit,
1175 4176 1246 4232 de
1305 4175 1466 4246 cujus
1527 4170 1854 4229 oeconomia:
1893 4168 2110 4225 ratione
2142 4170 2374 4227 fortasse
2400 4172 2472 4227 ab
2528 4172 2647 4242 ipso
2677 4173 2999 4228 oeconomiae
3024 4172 3265 4227 Auctore
3293 4173 3404 4241 jam
3442 4185 3564 4224 eet-

271 4277 381 4332 tior
408 4274 679 4330 divinitus
706 4275 889 4330 factus
921 4273 1121 4330 fueris.

340 4366 646 4437 Δεξάμενος
667 4363 764 4420 οὖν
788 4366 995 4438 ταύτην
1023 4365 1132 4419 τῶν
1163 4362 1483 4434 ἀνακτόρων
1513 4361 1687 4425 ἐντὸς,
1719 4360 1858 4414 ἀπο-

2042 4352 2171 4407 Eam
2197 4351 2383 4420 itaque
2425 4350 2568 4406 intra
2621 4352 3005 4407 sanctuarium
3037 4354 3283 4423 suscipe,
3344 4359 3401 4407 et
3447 4352 3566 4406 Deo

265 4459 568 4530 ταμίευσον
626 4457 706 4530 τῷ
763 4457 906 4529 Θεῷ.
954 4459 1111 4529 Μήτε
1166 4456 1304 4527 πρὸς
1360 4456 1420 4508 τὸ
1466 4453 1739 4524 ἀσύνηθες
1764 4452 1863 4505 τοῦ

1970 4444 2270 4515 repositam
2295 4444 2382 4499 [ac
2412 4458 2731 4500 conserves.
2786 4446 2975 4517 Neque
3007 4460 3143 4501 vero
3179 4447 3246 4501 ad
3277 4446 3557 4500 iosuetam

266 4553 597 4625 πράγματος
630 4552 975 4622 ἀποϐλέψας,
1010 4556 1148 4622 μήτε
1173 4552 1248 4615 ὡς
1298 4549 1526 4620 ἀπρεπῆ
1552 4550 1653 4617 τὴν
1699 4547 1859 4615 ἀφιέ-

270 4661 445 4717 ρωσιν
474 4644 848 4708 ύποτοπάσας,
874 4643 964 4697 διὰ
1014 4642 1076 4696 τὸ
1133 4640 1232 4713 τὴν
1283 4639 1710 4711 προσαγομένην
1761 4637 1860 4704 τῆς

266 4736 497 4809 θηλείας
555 4736 774 4805 φύσεως
835 4731 1029 4802 οὖσαν,
1085 4733 1161 4804 μὴ
1196 4733 1497 4803 προσήκειν
1519 4733 1631 4792 τοῖς
1682 4728 1862 4795 ἁγίοις

265 4824 769 4896 ἔγκατοικίζεσθαι,
821 4825 920 4877 καὶ
953 4821 1340 4891 συνυπηρέτην
1384 4816 1710 4887 ἀποφαίνειν
1753 4813 1863 4866 τῶν

266 4919 432 4972 θείων
466 4916 821 4986 λειτουργῶν.
857 4913 994 4968 οὐδὲ
1027 4913 1139 4983 γὰρ
1169 4915 1199 4965 ὁ
1226 4909 1700 4979 ἐπαγγειλάμενος
1733 4898 1864 4959 ταύ-

269 5029 375 5081 την
401 5010 536 5082 ἡμῖν
567 5008 969 5078 ὑποσχομένοις
1007 5006 1108 5076 τὴν
1146 5003 1243 5056 τοῦ
1286 5001 1657 5073 δοθησομένου
1715 4998 1866 5067 ἀφιέ-

274 5119 446 5175 ρωσιν
480 5102 561 5165 είς
595 5099 711 5169 φῶς
750 5098 818 5153 ἀν
855 5099 1223 5168 προήνεγκεν,
1261 5095 1419 5148 εἵπου
1438 5093 1549 5145 τῶν
1596 5089 1864 5160 ἀπρεπῶν

269 5197 473 5257 ἐδόκει,
532 5193 654 5246 οὐδὲ
691 5192 774 5255 είς
823 5191 985 5262 ἔργον
1049 5189 1283 5257 ἐκϐῆναι
1349 5185 1734 5255 παρεσκεύασε
1800 5182 1865 5235 τὸ

271 5288 546 5360 βούλημα.
574 5283 742 5339 Ταῦτ’
766 5279 884 5348 οὖν,
938 5277 985 5335 ὣ
1038 5281 1150 5334 θεῖε
1213 5277 1485 5349 Ζαχαρία,
1536 5274 1864 5347 βαλλόμενος

271 5383 350 5440 είς
377 5376 527 5443 νοῦν,
550 5374 731 5446 ἠπίως
757 5372 859 5444 μὲν
888 5371 987 5443 τὴν
1015 5370 1252 5432 ἕλευσιν,
1284 5366 1603 5440 περιχαρῶς
1661 5364 1719 5418 δὲ
1764 5362 1864 5434 τὴν

271 5470 577 5541 ἀφιέρωσιν
626 5466 952 5536 καταδέχου.
1010 5464 1171 5527 Δέξαι
1235 5461 1333 5532 τὴν
1393 5461 1495 5531 ἤδη
1558 5456 1864 5528 προύποδε-

270 5562 548 5630 δεγμένην
576 5559 700 5628 Θεῷ
736 5574 752 5592 ·
777 5557 929 5624 δέξαι
962 5559 1060 5627 τὴν
1105 5557 1364 5623 ἀπαρχὴν
1393 5553 1491 5605 καὶ
1538 5549 1716 5618 πέρας
1767 5544 1862 5599 τοῦ

274 5651 429 5723 παρὰ
455 5650 788 5721 προσδοκίαν
815 5650 974 5721 ἡμῶν
1000 5647 1239 5718 καρποῦ,
1257 5648 1356 5715 τὴν
1379 5641 1596 5697 πολλῶν
1625 5640 1862 5709 δεήσεων

277 5746 545 5816 μονογενῆ
575 5744 1020 5815 παρασχεθεῖσαν
1046 5739 1305 5810 ἀμοιϐήν.

1968 4546 2085 4592 rem
2147 4535 2445 4603 movearis,
2520 4524 2701 4608 neque
2751 4538 3025 4610 ejusmodi
3075 4537 3559 4594 consecrationem

1967 4628 2157 4684 minus
2198 4640 2627 4685 consentaneum
2654 4639 2841 4700 putes,
2875 4632 3033 4702 quasi
3102 4630 3316 4686 scilicet
3347 4642 3562 4697 nequa-

1964 4735 2127 4792 quam
2144 4720 2357 4786 deceat,
2378 4737 2503 4776 cum
2527 4722 2751 4778 feminei
2772 4738 2940 4779 sexus
2961 4741 3024 4779 ea
3045 4725 3137 4787 sit,
3156 4738 3278 4794 quae
3298 4723 3561 4781 offertur.

1965 4812 2021 4867 in
2045 4813 2364 4868 sanctuario
2391 4814 2564 4884 ipsam
2596 4815 2663 4869 ad
2686 4815 3053 4870 habitandum
3089 4814 3372 4879 collocari,
3409 4812 3559 4867 divi—

1963 4919 2276 4977 nurumque
2311 4907 2694 4962 ministrorum
2753 4906 2961 4962 sociam
3004 4921 3068 4960 ac
3122 4903 3557 4960 comministram

1964 4994 2107 5050 ﬁeri.
2146 4996 2442 5066 Postquam
2477 4998 2626 5051 enim
2656 4997 2772 5052 Deo
2812 4994 3096 5066 pollicenti
3129 4994 3289 5049 nobis
3340 4993 3556 5064 prolem

1965 5089 2205 5143 invicem
2231 5090 2618 5159 promisimus,
2647 5097 3073 5145 consecraturos
3106 5103 3209 5143 nos
3229 5103 3352 5143 esse
3382 5088 3548 5158 quii-

1964 5179 2100 5248 quid
2146 5181 2263 5250 ipse
2290 5180 2594 5246 tribuisset,
2618 5196 2770 5248 sane,
2805 5182 2849 5236 si
2888 5182 2991 5236 hoc
3026 5181 3343 5246 dedeceret,
3377 5197 3557 5250 neque

1963 5269 2349 5341 disposuisset,
2375 5285 2436 5328 ut
2475 5275 2528 5328 in
2574 5275 2750 5329 lucem
2788 5275 2904 5330 haec
2951 5274 3061 5329 ﬁlia
3103 5277 3340 5341 veniret,
3375 5290 3558 5344 neque

1964 5367 2352 5432 commisisset,
2387 5378 2448 5422 ut
2478 5379 2727 5423 nostrum
2770 5370 2876 5425 hoc
2902 5369 3195 5424 consilium
3224 5369 3278 5424 in
3305 5385 3442 5438 opus
3461 5370 3558 5422 de-

1962 5458 2280 5514 duceretur.
2307 5461 2432 5515 Hmc
2456 5464 2642 5533 igitur,
2666 5478 2699 5517 ο
2721 5463 2906 5518 divine
2925 5464 3210 5526 Zachariu,
3236 5465 3289 5517 in
3309 5464 3558 5516 animum

1964 5551 2258 5621 inducens,
2286 5555 2433 5610 illius
2465 5557 2691 5626 quidem
2719 5557 3019 5611 adventum
3050 5556 3309 5625 benigne,
3361 5567 3558 5608 conse-

1963 5644 2270 5701 crationem
2305 5656 2490 5702 autem
2521 5650 2729 5720 ingenti
2762 5665 2890 5705 cum
2921 5649 3124 5720 gaudio
3158 5646 3413 5702 admitte.
3448 5643 3554 5697 Ac-

1964 5735 2089 5806 cipe
2118 5738 2231 5808 jam
2264 5750 2394 5796 ante
2428 5757 2458 5796 a
2486 5743 2598 5798 Deo
2625 5753 2910 5814 acceptam
2954 5760 2968 5799 :
3007 5743 3196 5811 accipe
3218 5751 3383 5808 quem
3414 5748 3553 5806 prie-

274 5850 365 5895 ter
392 5853 548 5909 spem
579 5837 763 5893 sortiti
789 5851 983 5892 sumus
1010 5836 1272 5894 fructum.
1306 5832 1546 5904 primum
1609 5828 1774 5886 simul
1844 5838 1901 5885 et
1940 5829 2221 5903 ultimum,
2258 5837 2602 5907 unigenitam
2670 5841 2880 5897 scilicet
2933 5855 3034 5896 ceu
3080 5836 3375 5893 multarum
3427 5843 3558 5901 pte-

276 5950 401 5992 cum
422 5932 844 5990 retributionem
869 5931 1030 5988 nobis
1054 5944 1394 5987 concessam.
