4104 6416
561 338 670 403 (ἴίὸ

1873 332 2135 394 JACOBI
2173 331 2521 393 MONACHI

3750 324 3859 392 616

630 453 748 510 XV.
777 452 918 512 Cum
955 451 1123 522 igitur
1160 449 1320 505 Anna
1347 448 1498 504 hunc
1527 462 1842 503 sermonem
1884 444 2155 501 absolvis-

2338 443 2445 499 lE'.
2486 443 2646 496 οὓτω
2672 443 2851 496 τοίνυν
2882 439 2983 511 τῆς
3003 441 3204 514 Ἀννῃς
3228 439 3532 512 διεξιούσης
3559 441 3651 495 τὸν
3674 441 3860 511 λόγον.

560 558 666 613 set,
693 544 987 601 Zacharias
1017 544 1281 613 accipiens
1324 541 1563 611 puellam
1594 560 1629 596 a
1681 540 1872 596 matris
1918 537 2160 593 manibus

560 642 854 703 dimissam,
888 636 1157 692 osculatus
1182 644 1257 691 est
1288 652 1428 699 eam,
1453 643 1504 689 et
1530 634 1794 689 benedixit
1836 634 1907 698 ei,
1954 640 2003 686 et
2036 632 2113 686 ait
2143 646 2162 685 :

562 732 921 802 .‘llagni/icauit
951 730 1208 785 Dominus
1230 728 1374 783 Deus
1421 744 1611 783 nomen
1656 736 1807 782 tuum
1838 728 1895 780 in
1922 724 2163 780 omnibus

560 824 1007 895 generationibus.
1059 822 1354 879 Osculatus
1395 828 1484 876 est
1551 835 1672 875 eam
1721 829 1780 875 et
1848 817 2160 875 benedixit.

561 916 823 971 Osculum
848 915 1074 986 quidem
1104 914 1321 986 signum
1347 921 1564 968 certum
1605 912 1712 967 fuit
1738 911 1941 966 divina:
1980 910 2166 980 pravi»

561 1008 762 1062 tientia;
793 1008 1033 1078 benigne
1071 1022 1193 1062 eam
1235 1004 1635 1073 suscipientis;
1667 1002 1986 1059 benedictio
2033 1015 2167 1056 vero

566 1112 842 1172 tamquam
881 1100 1209 1155 vaticinium
1241 1113 1369 1153 mox
1426 1098 1631 1153 futura:
1681 1098 1879 1153 salutis
1934 1095 2169 1166 adjicie-

567 1194 749 1246 hatur.

636 1282 1026 1340 Animadverte
1053 1289 1257 1344 autem,
1284 1278 1565 1351 quomodo
1610 1278 1908 1333 Zacharias
1946 1292 2045 1346 per
2076 1290 2170 1330 ca-

565 1376 791 1432 stissimi
815 1374 989 1430 osculi
1037 1374 1323 1429 liberalem
1356 1371 1741 1441 exceptionem
1790 1368 1937 1425 haud
1965 1368 2170 1423 obscu-

2263 538 2386 593 τῶν
2414 538 2632 609 χειρῶν
2658 536 2849 606 αὐτῆς
2881 538 3217 607 ἀφεθεῖσαν
3239 536 3356 607 τὴν
3376 538 3564 593 παῖδα
3603 538 3863 595 λαϐὼνὸ

2264 632 2589 701 Ζαχαρίας,
2613 632 2876 701 ἐφίλησε
2918 631 3017 686 καί
3066 631 3421 699 ηὑλότησεν
3480 629 3701 700 αὐτὴν,
3756 630 3863 687 καί

2264 722 2434 781 εἶπεν
2465 741 2477 754 ⁸
2523 723 2893 794 Ἐμεγὰλυνε
2928 725 3145 793 Κύριος
3164 727 3199 778 ό
3222 724 3369 791 Θεὸς
3402 724 3471 778 τό
3524 724 3715 793 ὄνομά
3742 741 3863 801 στου

2264 820 2337 873 ἐν
2361 818 2747 896 πάσαις-,ταῖς
2767 818 3023 888 γενεαῖς.
3066 819 3360 889 Ἐφίλησεν
3382 816 3554 887 αὐτὴν
3578 818 3675 872 καὶ
3708 810 3868 887 ηύλό-

2265 927 2435 981 γησεν
2466 925 2480 939 °
2516 911 2547 963 ὁ
2579 909 2679 979 μὲν
2704 908 3023 979 ἀσπασμὸς,
3066 907 3169 978 τῆς
3201 907 3384 977 ἠπίως
3411 907 3509 961 τοῦ
3565 907 3863 979 δεχομένου

2266 1002 2405 1057 Θεοῦ
2439 1001 2784 1073 προμηθείας
2805 1001 3108 1071 τεκμήριον
3160 997 3251 1074 ἦν,
3286 1003 3321 1071 ἡ
3350 1000 3408 1054 δὲ
3435 1000 3683 1069 εὐλογία,
3723 1016 3865 1071 προ-

2269 1096 2468 1167 φητεία
2512 1096 2614 1164 τῆς
2657 1092 2960 1165 μελλούσης
2987 1091 3351 1147 κατεϐάλλετο
3384 1091 3684 1162 σωτηρίας.

2340 1282 2547 1336 Σκόπει
2580 1280 2636 1333 δὲ
2676 1278 2770 1332 τὸν
2803 1276 3083 1349 Ζαχαρίαν
3115 1276 3236 1341 πῶς
3283 1278 3351 1347 τῇ
3403 1275 3500 1330 τοῦ
3559 1276 3866 1343 ἀγνοτάτου

2272 1377 2583 1447 φιλήματος
2635 1371 2911 1438 δεξιώσει,
2953 1369 3055 1438 τῆς
3106 1385 3167 1421 τε
3216 1369 3526 1438 κρείττονος
3573 1368 3869 1438 εὐμενείας

568 1483 689 1521 rum
742 1464 1147 1535 praestantioris
1183 1463 1583 1521 benevolentia:
1623 1470 1682 1517 et
1733 1460 2073 1525 dilectionis,
2116 1466 2173 1513 et

2284 1470 2371 1524 καὶ
2397 1465 2735 1538 ἀγαπήσεως
2758 1460 2969 1517 καὶτοῦ
3000 1460 3105 1529 τῆς
3121 1459 3446 1528 συγγενείας
3463 1459 3871 1523 ἀνενδοίαστον,

568 1559 813 1615 indubia:
832 1574 957 1614 cum
981 1574 1045 1612 ea
1071 1557 1420 1629 cognationis
1441 1558 1660 1626 signum
1690 1554 2041 1619 exhibuerit;
2061 1567 2172 1622 quo

2284 1560 2631 1625 ωθυπὲδειξε
2666 1557 2913 1628 σύμϐολα
2948 1572 2961 1585 ’
2989 1554 3059 1608 δι’
3080 1547 3157 1608 ὧν
3185 1552 3313 1616 τούς
3362 1569 3422 1606 τε
3471 1551 3873 1623 καθιεροῦντας

568 1663 625 1705 et
669 1651 799 1712 illis,
833 1650 930 1719 qui
961 1665 1081 1705 eam
1128 1649 1461 1713 oll'erebant,
1507 1646 1744 1710 ﬁduciae,
1773 1649 1825 1702 ei
1867 1663 2023 1711 vero,
2051 1662 2174 1716 quae

2284 1654 2524 1727 θαρρεῖν,
2560 1650 2657 1704 καὶ
2676 1648 2777 1720 τὴν
2811 1645 3205 1719 ἀφιερωμένην
3226 1644 3440 1715 χαίρειν
3459 1642 3870 1713 παρεσκεύασε·

565 1744 1019 1807 consecrabatur,
1061 1742 1249 1813 gaudii
1304 1751 1691 1812 argumentum
1744 1741 1999 1810 praebuit.
2060 1740 2170 1797 Sed

566 1851 746 1906 neque
778 1836 928 1891 hisce
960 1835 1230 1890 limitibus
1270 1834 1477 1889 laetitiae
1502 1834 1792 1889 materiem
1817 1834 2173 1889 circumscri-

567 1929 718 1998 psit:
748 1943 939 1983 verum
964 1935 1023 1983 et
1074 1944 1170 1995 per
1221 1942 1310 1990 ca,
1366 1941 1490 1996 qua:
1541 1926 1684 1981 bene
1734 1925 2012 1995 precando
2030 1925 2171 1980 ultra

567 2034 722 2089 spem
762 2018 996 2083 addidit,
1021 2019 1170 2089 jugis
1197 2034 1260 2073 ac
1289 2033 1593 2088 numquam
1624 2016 1942 2073 deﬁcientis
1958 2017 2169 2089 jucun-

565 2111 758 2167 ditatis
783 2125 1005 2166 causam
1048 2109 1449 2180 suppeditavit.

637 2205 914 2261 Benediait
945 2209 1107 2271 enim,
1134 2207 1337 2275 inquit,
1373 2214 1421 2260 et
1439 2207 1515 2261 ait
1540 2223 1560 2260 :
1596 2184 1960 2277 Magniﬁcavit
1992 2206 2177 2260 Domi-

573 2315 672 2353 nus
714 2298 851 2352 Deus
890 2312 1082 2351 nomen
1133 2307 1282 2350 tuum
1327 2300 1381 2351 in
1429 2298 1671 2351 omnibus
1725 2299 2175 2369 generationibus.

569 2391 692 2446 Non
723 2389 884 2453 dixit,
921 2388 1231 2460 Magniﬁeat
1262 2389 1530 2443 Dominus
1563 2404 1767 2446 nomen
1805 2401 1983 2453 tuum,
2017 2389 2176 2460 quasi

572 2497 722 2537 nunc
770 2480 1109 2549 magniﬁcari
1162 2480 1265 2549 ipsi
1320 2480 1625 2551 contingat,
1685 2490 1975 2551 propterea
2028 2479 2178 2549 quod

572 2571 676 2642 ipsi
709 2572 865 2641 (Deo)
893 2570 1147 2635 ollertur,
1170 2580 1227 2625 et
1251 2585 1635 2632 consecratur;
1658 2573 1777 2634 sed,
1811 2571 2180 2642 Magniﬁcuvit

571 2665 828 2718 Dominus
857 2662 991 2717 Deus
1021 2678 1212 2717 nomen
1243 2672 1430 2728 tuum;
1466 2678 1531 2718 ac
1552 2664 1596 2717 si
1619 2664 1833 2719 diceret
1866 2683 1880 2717 :
1910 2664 2181 2730 Quamvis

571 2767 792 2810 tuorum
852 2756 1242 2827 mysteriorum
1320 2772 1468 2812 nunc
1529 2756 1701 2827 gloria
1763 2757 2064 2820 reveletur,
2119 2767 2180 2811 et

571 2848 814 2902 nominis
843 2848 924 2902 tui
949 2848 1246 2904 celebritas
1272 2865 1302 2902 a
1329 2849 1600 2918 corporali
1628 2859 1721 2903 tuo
1750 2849 1802 2902 in
1837 2849 2017 2904 lucem
2047 2858 2176 2903 ortu

570 2941 789 2994 initium
839 2940 1046 2997 ducere
1077 2939 1354 3004 videatur.
1408 2941 1674 2996 ineliabili
1719 2951 1900 2995 tamen
1949 2941 2180 2996 consilio

576 3032 749 3097 illius,
786 3032 882 3103 qui
928 3042 985 3088 te
1026 3033 1200 3103 gloria
1229 3034 1555 3099 cumulavit,
1608 3035 1721 3102 jam
1772 3033 1902 3086 olim
1935 3035 2177 3089 electum

2277 1749 2375 1801 καὶ
2396 1745 2519 1800 οὐδὲ
2559 1745 2722 1815 μέχρι
2781 1741 2979 1796 τούτου
3010 1740 3082 1794 τά
3128 1738 3233 1809 τῆς
3277 1738 3639 1809 περιχαρείας
3681 1738 3874 1801 αὐτοῖς

2275 1839 2633 1911 περιγράφει,
2668 1835 2807 1890 ἀλλά
2831 1837 2928 1889 καὶ
2963 1835 3085 1897 ταῖς
3117 1833 3261 1905 ὑπὲρ
3290 1831 3483 1885 ἐλπίδα
3515 1830 3606 1884 διά
3649 1829 3752 1900 τῆς
3779 1831 3873 1882 εὑ-

2270 1932 2461 2001 λογίας
2492 1927 2850 2002 προσρήσεσι,
2884 1924 3302 1998 συνῳκισμὲνην
3343 1924 3440 1978 καὶ
3486 1922 3715 1995 μόνιμον
3746 1925 3874 1977 ἐπι-

2273 2025 2428 2096 δρύει
2446 2024 2548 2094 τὴν
2579 2019 2949 2091 εὐφροσύνην.

2348 2210 2679 2278 Ηίιλόγησε
2707 2207 2819 2277 γὰρ
2848 2204 3069 2274 αὐτὴν,
3099 2204 3258 2277 φησὶ,
3288 2203 3392 2258 καί
3434 2200 3608 2259 εἶπεν
3627 2219 3644 2236 ·
3702 2203 3876 2269 Ἐμεο

2278 2301 2506 2369 nitere
2533 2303 2748 2370 Κύριος
2779 2302 2813 2353 ό
2852 2301 2997 2365 Θεὸς
3026 2295 3094 2352 τὸ
3140 2295 3336 2366 ὄνομα
3369 2312 3488 2351 σου
3535 2297 3606 2349 ἐν
3645 2295 3877 2360 πάσαις

2279 2393 2409 2458 ’ταῖς
2446 2392 2701 2463 γενεαῖς.
2732 2392 2848 2444 Οὐκ
2876 2391 3005 2461 ἔφη,
3037 2388 3355 2457 Μεγαλύνει
3388 2389 3593 2458 Κύριος
3618 2388 3678 2440 τὸ
3700 2386 3879 2456 ὄνομα

2281 2503 2400 2548 σου,
2434 2487 2510 2547 ὡς
2535 2488 2601 2554 τῇ
2631 2483 2888 2537 ἀποδόσει
2921 2485 3017 2535 καὶ
3050 2482 3187 2552 πρὸς
3216 2480 3380 2534 αὑτὸν
3428 2477 3731 2549 ἀφιερώσει
3776 2478 3876 2530 τοῦ

2283 2578 2686 2650 μεγαλύνεσοαι
2707 2575 2803 2629 νῦν
2826 2576 2965 2645 αὐτῇ
2997 2573 3421 2645 συμϐαίνοντος,
3453 2573 3569 2626 ἀλλ’
3632 2571 3879 2641 Ἐμεγά-

2278 2677 2430 2727 .lvrs
2450 2672 2664 2740 Κύριος
2689 2673 2721 2724 ό
2741 2669 2887 2734 Θεὸς
2907 2669 2974 2722 τὸ
3000 2666 3192 2737 ὄνομά
3208 2682 3327 2721 σου
3353 2681 3369 2698 ·
3401 2666 3463 2719 El
3491 2665 3585 2720 καὶ
3612 2664 3730 2731 νῦν,
3764 2681 3878 2735 φη-

2281 2767 2389 2827 σὶν,
2425 2765 2458 2832 ἡ
2517 2762 2627 2815 τῶν
2671 2760 2782 2815 σῶν
2817 2758 3141 2831 μυστηρίων
3187 2757 3687 2812 διανακαλύπτεται
3723 2757 3878 2824 δόξα,

2280 2858 2378 2911 καὶ
2398 2859 2464 2927 τῇ
2498 2858 2790 2925 σωματικῇ
2829 2853 3064 2925 προόδῳ,
3092 2850 3154 2904 τὸ
3171 2849 3265 2904 τοῦ
3299 2848 3395 2904 σοῦ
3418 2850 3680 2919 ὀνόματος
3700 2847 3882 2919 ἀρχὴν

2281 2950 2585 3018 λαμϐάνειν
2611 2948 2946 3018 διηχήσεως,
2967 2944 3119 2998 δοκεῖ
3165 2943 3492 3013 περιϐόητον
3516 2959 3532 2972 ο
3600 2942 3719 2995 ἀλλ’
3773 2940 3883 3014 ep-

2284 3041 2433 3109 ῥήτῳ
2461 3037 2632 3092 πάλαι
2682 3038 2775 3090 τοῦ
2828 3035 3191 3107 τετιμηκότος
3245 3051 3306 3086 σε
3361 3033 3643 3104 βουλήσει,
3681 3049 3885 3104 προκε-

572 3125 680 3182 hoc
708 3141 912 3181 nomen
967 3133 1123 3180 tuum
1177 3125 1589 3197 magniﬁcatum
1650 3125 1790 3190 fuit;
1849 3124 1989 3179 illud
2036 3126 2179 3180 Deus

2284 3131 2546 3200 κριμένον
2577 3128 2924 3199 ὲμεγαλύνθη
2950 3127 3111 3182 τοῦτο
3135 3143 3149 3158 ⁸
3183 3128 3366 3198 πάσης
3389 3124 3665 3197 ἀνώτερον
3693 3125 3808 3177 τῶν
3823 3128 3883 3177 ἐν

573 3233 739 3287 supra
771 3217 1021 3272 onmium
1050 3225 1437 3272 creaturarum
1471 3216 1741 3270 honorem
1798 3216 2035 3278 extulit;
2067 3231 2178 3285 prae

573 3310 824 3380 angelico
847 3309 967 3378 ipso
993 3309 1216 3363 nomine
1254 3306 1615 3379 gloriﬁcavit;
1650 3307 1951 3362 sublimius
1974 3308 2179 3361 huma-

577 3400 666 3454 nis
717 3399 1004 3454 mentibus
1055 3397 1683 3467 reddidit;ell‘ecitque.
1723 3406 1783 3452 ut
1845 3397 2182 3468 magnalium

582 3508 814 3548 suorum
859 3491 1171 3562 fulgoribus
1224 3490 1471 3563 cujusvis
1517 3490 1761 3546 nominis
1795 3490 2177 3547 celebritatem

498 3603 503 3607 '
578 3586 898 3641 oﬂ'uscaret.

652 3676 788 3732 XVI.
822 3676 959 3731 Cum
990 3677 1180 3745 itaque
1226 3676 1342 3730 haec
1363 3690 1618 3730 summus
1654 3673 1916 3730 sacerdos
1942 3674 2182 3745 prophe-

583 3769 691 3824 tice
719 3769 1084 3833 enuntiasset,
1112 3777 1303 3822 narrat
1345 3783 1499 3823 sacra
1557 3767 1810 3835 historia,
1862 3767 2185 3837 acceptissi-

570 3878 728 3931 mum
757 3863 890 3917 illud
919 3861 1142 3917 humani
1169 3861 1393 3933 generis
1420 3862 1807 3917 holocaustum
1838 3877 1966 3917 eum
2005 3861 2176 3916 obtu-

582 3957 734 4010 lisse.
760 3955 970 4010 Deinde
1002 3969 1135 4009 vero
1167 3954 1364 4010 sedere
1384 3970 1506 4010 eam
1537 3953 1669 4009 fecit
1699 3956 1756 4008 in
1790 3956 1955 4009 tertio
1981 3954 2174 4009 altaris

578 4046 776 4118 gradu,
804 4061 872 4100 eo
897 4044 1044 4115 quod
1083 4046 1240 4117 juxta
1277 4045 1525 4116 singulos
1556 4047 1736 4100 aetatis
1765 4044 1970 4115 gradus
2001 4043 2182 4113 Spiri-

588 4151 677 4193 ‘us
727 4140 905 4194 sancti
947 4138 1281 4193 charismata
1360 4137 1438 4191 illi
1479 4137 1679 4191 collata
1727 4136 2183 4209 adaugebantur;

591 4246 705 4284 tum
739 4231 902 4285 etiam
938 4245 1062 4283 cum
1113 4229 1325 4300 angelis
1354 4222 1809 4297 convérsabatur,
1856 4244 1961 4284 nec
1984 4228 2187 4283 divinis

595 4322 827 4376 carebat
857 4319 1320 4390 apparitionibus.

656 4414 793 4467 Cum
827 4411 1013 4480 itaque
1052 4409 1107 4463 in
1138 4409 1396 4475 penitiori
1428 4410 1567 4475 aede,
1603 4418 1767 4479 prout
1792 4411 2028 4476 solebat,
2073 4413 2191 4481 ipsa

2284 3223 2497 3290 γενέσει
2528 3221 2688 3275 τοῦτο
2714 3221 2928 3274 cluent:
2961 3222 3128 3291 τιμῆς
3153 3236 3169 3252 ·
3225 3218 3623 3291 ύπερεδόξασεν
3652 3215 3885 3286 ἀγγελι-

2285 3315 2389 3382 ni):
2414 3314 2735 3381 ὀνομασίας,
2769 3312 3175 3385 ὐπερεὸίϐασεν
3212 3310 3567 3382 ἀνθρωπίνης
3594 3310 3841 3373 διανοίας
3865 3324 3881 3339 ο

2286 3409 2469 3463 πᾶσαν
2498 3408 2879 3479 ἀποκρύπτειν
2909 3409 2977 3478 τῇ
3015 3407 3350 3478 περιφανείᾳ
3395 3405 3504 3459 τῶν
3546 3403 3883 3475 μεγαλείων,

2286 3502 2556 3572 πεποίηκε
2582 3502 2982 3573 προσηγορίαν.

2358 3680 2476 3750 ις’.
2501 3682 2658 3737 Οὕτω
2691 3683 2824 3751 γοῦν
2846 3683 2935 3737 τὸν
2961 3682 3114 3753 ἱερέα
3140 3683 3242 3754 τὴν
3263 3681 3605 3753 προφητείαν
3633 3680 3883 3744 είπὸντα,

2288 3775 2455 3844 φησὶν
2504 3775 2539 3845 ἡ
2571 3774 2987 3845 μυστογραφία,
3027 3775 3089 3827 τὸ
3116 3775 3520 3845 εύπρόσδεκτον
3553 3773 3650 3826 τοῦ
3684 3775 3885 3841 γένους

2285 3867 2651 3937 όλοκαύτωμα
2702 3869 3136 3937 προσενεγκεῖν·
3189 3867 3369 3930 οὕτως
3403 3866 3658 3920 ἐκάθισεν
3710 3868 3889 3934 αὐτὴν

2286 3958 2383 4012 επὶ
2430 3959 2527 4013 τοῦ
2555 3959 2742 4028 τρίτου
2779 3958 2994 4028 βαθμοῦ
3023 3957 3121 4013 τοῦ
3172 3958 3572 4029 θυσιαστηρίου
3597 3973 3611 3987 ’
3649 3957 3734 4011 διὸ
3763 3961 3890 4021 ταῖς

2288 4052 2640 4122 καθεκάστην
2657 4051 2957 4106 ἀναδάσεσι
2981 4054 3081 4129 τῇς
3098 4051 3317 4123 ἡλικίας
3343 4053 3411 4105 τά
3439 4051 3535 4104 τοῦ
3565 4050 3703 4103 Πνεύ
3712 4067 3890 4120 ματος

2288 4144 2598 4198 ἐπετείνετο
2643 4143 2819 4217 ταύτῃ
2842 4144 3181 4215 χαρίσματα,
3214 4145 3469 4213 ἀγγέλοις
3500 4160 3561 4198 τε
3587 4143 3888 4212 συνωμίλει

2290 4235 2387 4289 καὶ
2419 4235 2584 4289 θείων
2612 4234 2910 4307 ἐμφάσεων
2944 4234 3048 4289 οὐκ
3081 4235 3328 4306 ὴμοίρει.

2363 4418 2551 4489 Ταύτῃ
2580 4435 2665 4471 τοι
2692 4416 2768 4487 τῷ
2820 4418 3035 4471 εἰωθότι
3088 4418 3227 4489 πρὸς
3278 4422 3391 4478 τοῖς
3426 4417 3643 4480 ἀδύτοις
3673 4416 3891 4486 διατρι-

588 4513 926 4566 versaretur,
962 4502 1183 4557 videbat
1222 4501 1518 4557 Zacharias
1547 4504 1844 4572 quemdam
1886 4506 2179 4574 peregrino

2288 4511 2461 4582 ϐούσῃ
2490 4512 2638 4580 ἑώρα
2679 4511 2707 4562 ὁ
2738 4512 3018 4581 Ζαχαρίας
3055 4511 3208 4575 ξένον
3258 4511 3380 4564 τινὰ
3412 4511 3489 4580 τῷ
3551 4510 3683 4562 εῖδει
3718 4526 3893 4577 προσ·

598 4605 813 4666 ispeetu
866 4611 991 4650 cum
1045 4610 1111 4649 ea
1162 4595 1592 4663 colloquentem.
1641 4606 1806 4666 atque
1851 4597 2059 4651 victum
2107 4596 2186 4650 illi

589 4688 947 4759 praebentem.
979 4687 1112 4742 Erat
1164 4696 1351 4741 autem
1406 4689 1656 4758 angelus.
1711 4690 1806 4757 qui
1859 4690 2187 4760 apparebat.

591 4779 887 4849 Propterea
953 4777 1141 4833 animo
1201 4778 1565 4834 vehementer
1626 4780 2049 4851 obstupeseens,
2114 4782 2190 4836 ita

600 4888 777 4927 secum
826 4873 943 4942 ipse
1001 4873 1312 4928 disserebat
1344 4891 1357 4926 :
1387 4872 1666 4939 Quidnam
1730 4874 1835 4927 hoc
1887 4885 1993 4937 est,
2041 4874 2190 4944 quod

601 4965 797 5018 o'itICO?
832 4981 1037 5019 novum
1084 4965 1219 5019 illud
1278 4980 1432 5030 sane,
1478 4976 1534 5020 et
1577 4965 1647 5019 ab
1689 4966 1775 5030 iis,
1821 4983 1944 5035 qua:
2003 4967 2088 5022 his
2137 4969 2192 5021 in

598 5057 757 5110 .erris
795 5057 1047 5112 accidere
1088 5059 1289 5122 solent,
1334 5059 1603 5112 alienum.
1654 5059 1759 5123 Qui
1790 5069 2041 5128 apparet.
2076 5060 2191 5115 for-

614 5162 736 5201 nam
769 5149 912 5217 gerit
940 5150 1272 5219 angelicam,
1297 5161 1351 5203 et
1381 5165 1507 5204 cum
1539 5151 1721 5219 puella
1744 5154 1959 5207 ‘miscct
1984 5170 2194 5209 sermo-

616 5255 711 5302 nes,
760 5255 823 5294 ac
876 5252 1074 5295 natura
1125 5242 1453 5310 incorporea
1512 5258 1820 5313 congruum
1868 5248 2197 5315 corporibus

616 5334 780 5387 -ihum
809 5334 1009 5389 defert.
1037 5334 1353 5388 Adventare
1397 5336 1577 5405 angeli
1613 5337 1681 5390 ad
1704 5337 1852 5391 solos
1879 5341 2196 5394 sacerdotes

601 5428 690 5483 hic
715 5427 991 5490 solebant,
1024 5438 1083 5479 ut
1113 5427 1181 5481 de
1215 5427 1302 5489 iis,
1331 5444 1452 5496 quze
1482 5430 1692 5501 agenda
1723 5441 1930 5496 essent,
1955 5435 2038 5487 vel
2074 5450 2170 5488 sua

598 5514 791 5568 derent
829 5515 916 5568 vel
947 5515 1371 5584 dissuaderent;
1401 5534 1581 5588 neque
1621 5519 1675 5573 id
1706 5520 2029 5590 frequenter
2061 5542 2195 5579 usu-

536 5596 540 5599 Α
600 5606 875 5659 Veniebat.
904 5605 1063 5671 Quod
1090 5622 1221 5661 vero
1252 5609 1318 5674 is,
1347 5625 1510 5678 quem
1549 5612 1713 5665 modo
1744 5628 1936 5679 cerno,
1968 5618 2189 5673 femina:

599 5706 879 5767 appareat,
919 5698 1083 5766 eique
1110 5707 1270 5754 aetate
1304 5699 1622 5766 ixmnatura,
1653 5712 1708 5757 et
1757 5709 1920 5762 annis
1960 5711 2193 5773 tenellrr,

601 5804 690 5844 res
721 5797 807 5843 est
836 5788 1080 5858 profecto
1112 5791 1273 5860 plane
1303 5792 1572 5848 inaudita.
1601 5794 1742 5852 Sane
1779 5798 1823 5853 si
1856 5799 1970 5857 hare
1994 5818 2057 5857 cx
2096 5803 2202 5857 illis

2294 4602 2614 4672 ομιλοῦντα,
2642 4602 2737 4654 καὶ
2758 4602 2968 4672 τροφὴν
2992 4601 3357 4655 meracam.
3384 4602 3654 4669 Ἀγγελος
3675 4600 3732 4655 δὲ
3761 4597 3830 4672 ἦν
3864 4604 3893 4654 ό

2293 4693 2646 4763 φαινόμενος,
2692 4692 2775 4747 διὸ
2818 4696 2885 4763 τῇ
2942 4692 3153 4762 διανοίᾳ.
3200 4694 3473 4758 ἐξίστατο,
3531 4695 3622 4746 καὶ
3664 4693 3892 4745 τοιαῦτα

2292 4785 2622 4854 διελογίζετο
2644 4802 2659 4817 ·
2694 4783 2762 4839 Τί
2789 4786 2951 4840 τοῦτο
2988 4786 3050 4839 τὸ
3098 4787 3417 4856 ὁρώμενον;
3458 4788 3610 4854 ξένον
3652 4786 3728 4846 ὡς
3760 4786 3897 4856 ἁλη-

2294 4877 2403 4942 θῶς
2439 4880 2533 4932 καὶ
2560 4878 2665 4947 τῆς
2696 4878 2938 4933 ἐνταῦθα
2967 4880 3260 4948 συνηθείας
3310 4880 3613 4950 ἀλλότριον,
3664 4879 3898 4948 ἀγγελι-

2295 4970 2392 5023 nov
2423 4969 2485 5022 τὺ
2517 4971 2853 5041 φαινόμενον
2882 4972 3093 5041 σχῆμα.
3123 4972 3235 5025 Καὶ
3267 4956 3472 5025 νεόίνιδι
3496 4972 3898 5043 προσδιαλέγε-

2295 5082 2384 5117 ται
2423 5064 2522 5118 καὶ⁵
2553 5064 2850 5135 ἀσώματος
2877 5066 3042 5134 φύσις
3075 5063 3294 5139 σώμασι
3343 5066 3734 5135 προσήκουσαν
3767 5083 3894 5136 τρο-

2297 5156 2402 5225 φὴν
2431 5157 2780 5228 ἐπιφέρεται.
2811 5160 2877 5211 At
2908 5157 3019 5211 τῶν
3042 5158 3295 5225 ἀγγέλων
3314 5157 3551 5210 ἐνταῦθα
3583 5158 3897 5227 ἐπιδημίαι,

2295 5252 2408 5310 τοῖς
2470 5250 2676 5319 ἱερεῦσι
2733 5252 2920 5321 μόνοις
2957 5253 3247 5321 ὲπιφοιτᾷν
3288 5250 3535 5317 εἰώθασι,
3576 5252 3900 5321 προτροπῆς

2296 5342 2458 5395 ἕνεκα
2486 5343 2518 5413 ἢ
2549 5346 2870 5415 ἀποτροπῆς
2903 5345 3012 5397 τῶν
3045 5346 3357 5414 πρακτέων,
3385 5345 3482 5397 καὶ
3513 5342 3675 5397 τοῦτο
3701 5346 3807 5397 τῶν
3838 5346 3902 5397 οὐ

2300 5435 2565 5493 πολλάκις
2590 5437 3055 5505 ἐπιφαινομένων.
3096 5437 3324 5489 Γυναικὶ
3355 5436 3435 5500 δὲ,
3462 5436 3571 5490 τῶν
3603 5434 3901 5503 ἀσυνήθων

2301 5529 2481 5596 πάντη
2511 5528 2867 5599 καθέστηκεν,
2903 5530 2935 5598 ἡ
2985 5528 3080 5582 τοῦ
3120 5529 3217 5581 νῦν
3247 5529 3534 5599 ὁρωμένου
3586 5528 3902 5593 ὲπέλευσις,

2300 5622 2395 5673 καὶ
2424 5618 2597 5674 ταῦτα
2629 5623 2763 5693 παρ’
2796 5621 3018 5691 ἠλικίαν
3055 5620 3216 5693 οὔσῃ,
3255 5622 3351 5675 καὶ
3393 5623 3572 5693 χρόνῳ
3602 5621 3900 5693 νεαζούστ).

2304 5715 2365 5765 Ei
2400 5715 2498 5783 μὲν
2525 5716 2632 5784 γὰρ
2668 5714 2777 5766 τῶν
2812 5715 3236 5787 ὲπεζευγμένων
3276 5716 3452 5786 ἀνδρὶ,
3492 5719 3525 5787 ἠ
3562 5717 3901 5787 προκειμένη

2304 5805 2493 5876 ἕῖυχεν
2539 5805 2697 5873 οὖσα,
2728 5807 3073 5877 στειρὼσεώς
3099 5827 3160 5862 τε
3196 5812 3466 5878 νοσήματι
3500 5809 3610 5863 τῶν
3634 5808 3732 5878 τῆς
3768 5826 3901 5863 παι-
