4104 6416
443 351 548 414 617

1191 354 1479 414 ΟΒΑἹῚΟ
1523 355 1600 413 ΙΝ
1644 353 2357 415 ΡΙὶίΕΞΕΝΤΑΤῘΟΝΕΜ
2401 355 2502 414 SS.
2550 352 2926 413 DEIPAILE.

3610 353 3720 418 618

437 463 685 528 δοποιίας
717 462 1048 535 ἀπεκλείσθη
1090 468 1465 536 χαρισμάτων,
1505 471 1596 520 καὶ
1629 467 1803 530 λιταῖς
1837 468 1902 520 τά
1928 469 2014 538 τῆς

2129 475 2296 529 esset,
2332 482 2452 536 qurc
2493 465 2614 519 viro
2645 466 2914 534 copulata:
2961 473 3112 530 sunt,
3148 481 3211 520 ac
3249 467 3539 523 sterilitate
3563 468 3720 525 Iaho-

438 559 606 629 γονῆς
633 557 888 626 ἐπεζήτει
920 557 1210 627 λήψεσθαι,
1251 559 1386 628 πρὸς
1410 557 1570 611 τοῦτό
1612 577 1670 612 τε
1692 560 1791 628 τῆς
1821 560 2028 629 διατρι.

439 652 541 722 ϐῆς
572 653 600 704 ὁ
625 651 781 718 λόγος
812 651 1043 718 ἐγίνετο,
1086 647 1230 719 εἶχεν
1250 651 1317 704 ἂν
1335 652 1402 703 ’τὸ
1432 652 1764 721 βλεπόμενον
1796 650 1872 722 τῷ
1903 669 2028 703 σκο-

437 745 526 817 πῷ
563 746 664 816 τὴν
710 746 974 799 διάλυσιν.
1048 745 1208 798 ’Λλλά
1247 747 1340 797 καὶ
1391 746 1552 799 τοῦτο
1609 747 1860 811 καθάπαξ
1915 749 2027 809 τοῖς

441 839 567 909 περὶ
601 838 800 890 Ἀνναν
844 836 1215 906 συμϐέϐηκεν,
1249 840 1367 906 οὐχὶ
1401 839 1494 890 καὶ
1529 837 1607 907 τῷ
1650 839 1828 891 Ἡλεῖ·
1865 839 1947 891 ὅτι
1971 838 2026 889 δὲ

434 933 582 1002 καὶὴ
604 929 698 983 νῦν
722 930 852 983 θαλα
865 929 1141 1000 μευομένη
1167 930 1464 1000 Παρθένος,
1505 932 1598 982 καὶ¹
1623 931 1828 984 τούτων
1859 931 2027 984 ἀπάν-

433 1042 542 1077 των
564 1023 845 1092 ὲλευθέρα.
883 1022 976 1074 καὶ
1015 1023 1046 1092 ή
1088 1021 1183 1074 τοῦ
1211 1022 1444 1089 ἀγγέλου
1483 1025 1620 1094 πρὸς
1641 1025 1812 1093 αὐτὴν
1840 1023 2025 1091 ὁμιλία

435 1113 679 1183 συνεχῶς
733 1115 864 1182 ημῖν
919 1110 1246 1178 καθορᾶται,
1301 1113 1482 1166 δίδωσι
1542 1115 1728 1182 μεῖζον
1789 1113 1914 1183 ἐμοὶ
1965 1113 2027 1165 τὸ

432 1205 621 1273 θαῦμα
654 1206 957 1257 κατανοεῖν.
1016 1205 1405 1272 Συμπίπτουσι
1440 1206 1496 1257 δὲ
1538 1204 1861 1273 ἀμφιϐολίαι
1897 1207 2025 1275 περὶ

429 1299 492 1350 τὸ
534 1297 775 1366 κρυπτὸν
806 1299 900 1349 καὶ
927 1297 1362 1366 ἐμφωλεύουσιν.
1387 1293 1534 1366 τΛρα
1559 1298 1609 1350 τί
1639 1296 1704 1350 ἂν
1726 1298 1810 1367 εἴη
1830 1297 2020 1362 cauto;

429 1394 496 1445 Τί
555 1390 814 1460 μηνύσων
873 1386 1008 1461 ἧκεν
1067 1392 1094 1441 ὁ
1150 1391 1416 1457 ἄγγελος;
1469 1391 1554 1454 τίς
1600 1393 1632 1460 ἡ
1680 1390 2020 1459 κομιζομένη

426 1486 640 1556 τροφή;
691 1485 773 1547 τίς
814 1485 847 1550 ή
898 1483 1137 1552 τοσαύτη
1171 1483 1278 1535 τῶν
1327 1484 1670 1552 δωρημάτων
1707 1482 2019 1553 ὑπερϐολής

425 1578 482 1628 τί
508 1575 749 1629 τοιοῦτον
789 1573 912 1627 κατ’
941 1574 1099 1638 ἀξίαν
1131 1577 1163 1644 ὴ
1203 1574 1476 1645 Παρθένος
1528 1574 1862 1644 εἰργάσατο;
1899 1574 2020 1625 ’Ὁτι

431 1668 535 1736 μὲν
575 1666 911 1736 καθαρότητι
940 1665 1219 1734 διενήνοχε
1249 1665 1346 1726 τὰς
1375 1663 1752 1733 γεγενημένας
1779 1663 2017 1727 ἁπάσας,

427 1757 546 1811 οἶδα
577 1757 873 1825 πιστωθεὶς
905 1758 1018 1819 τοῖς
1047 1757 1362 1825 πράγμασι.
1401 1756 1717 1824 Τεκμήριον
1755 1754 1812 1807 δὲ
1848 1754 2020 1824 σαφὲς

2131 576 2256 615 rans
2279 560 2468 628 probis
2514 561 2838 612 muneribus
2870 567 3104 625 careret,
3154 568 3209 613 et
3263 561 3497 630 supplici
3560 577 3722 631 prece

2129 651 2376 704 sobolem
2410 651 2512 704 sibi
2565 650 2680 704 dari
2738 651 3086 717 obsecraret;
3121 661 3268 704 certe
3304 667 3425 705 eam
3481 652 3550 707 ad
3605 669 3720 707 rem

2127 745 2428 812 pertineret
2466 743 2733 812 ejusmodi
2779 743 3113 807 collocutio,
3165 753 3219 798 et
3274 760 3339 798 ex
3394 745 3500 800 fine
3562 747 3720 808 illud.

2127 835 2269 902 quod
2302 833 2480 895 video,
2508 832 2825 886 admitteret
2873 832 3316 900 explicationem.
3372 831 3483 886 Iloc
3527 834 3718 902 utique

2125 934 2178 976 et
2210 927 2378 977 Anna:
2418 925 2663 994 contigit,
2723 924 2883 976 simul
2927 931 3106 976 tamen
3149 932 3204 978 et
3237 923 3373 976 Ileli.
3411 924 3480 977 At
3509 938 3632 977 cum
3665 934 3720 975 ct

2129 1015 2290 1084 Virgo
2315 1016 2384 1067 sit
2433 1030 2516 1080 ea,
2562 1029 2683 1083 qua}
2728 1016 2784 1070 in
2829 1023 3043 1068 secreto
3088 1013 3193 1068 hoc
3239 1015 3485 1068 conclavi
3547 1015 3717 1084 degit,

2127 1115 2290 1176 atque
2323 1123 2352 1160 a
2385 1108 2661 1177 praedictis
2706 1108 2962 1160 omnibus
3015 1123 3241 1175 prorsus
3278 1109 3350 1160 sit
3410 1108 3607 1171 libera,
3661 1119 3719 1161 et

2127 1199 2379 1267 angelum
2410 1198 2772 1252 nihilominus
2811 1213 2936 1251 cum
2985 1198 3101 1266 ipsa
3149 1199 3556 1267 colloquentem
3586 1215 3717 1252 con-

2129 1297 2340 1342 stanter
2380 1304 2718 1353 cernamus;
2756 1290 2857 1342 hoc
2890 1289 3172 1342 enimvero
3235 1292 3412 1361 majus
3462 1291 3593 1342 mihi
3649 1290 3717 1343 ad

2125 1380 2586 1433 considerandum
2621 1380 2962 1447 {miraculum
3000 1379 3184 1434 offert.
3239 1381 3490 1434 Subeunt
3514 1393 3718 1439 autem,

2125 1481 2478 1537 mentemque
2537 1479 2809 1538 occupant
2862 1470 3256 1534 dubitationes,
3313 1471 3576 1540 quidnam
3633 1471 3721 1524 hic

2122 1557 2312 1621 lateat,
2357 1567 2520 1627 atque
2560 1557 2952 1612 abscondatur.
2985 1559 3124 1624 Quid
3171 1561 3273 1612 sibi
3312 1559 3427 1613 hate
3476 1561 3714 1614 volunt?

2123 1649 2392 1716 Quidnam
2418 1650 2774 1704 nuntiaturus
2802 1651 3026 1704 advenit
3047 1651 3318 1721 angelus?
3359 1652 3537 1720 qualis
3563 1652 3722 1705 cibus

2123 1743 2172 1797 ei
2212 1743 2775 1812 defertur?qurenam
2812 1743 2925 1798 haec
2987 1752 3136 1797 tanta
3182 1743 3456 1797 donorum
3511 1749 3721 1798 exuite.

428 1851 490 1900 τὸ
535 1845 666 1918 ἦθος
701 1849 858 1918 καὶὴ
900 1848 1036 1918 πρὸς
1096 1847 1298 1918 ἀρετὴν
1357 1847 1586 1916 αὓξησις
1631 1849 1724 1899 καὶ
1756 1847 2014 1911 ἐπίδοσις,

2124 1833 2339 1886 rantia?
2377 1832 2576 1902 ecquid
2615 1833 2886 1903 ejusmodi
2945 1831 3110 1903 Virgo
3145 1833 3262 1886 haec
3297 1833 3464 1902 gessit
3499 1842 3558 1886 ut
3594 1834 3719 1888 talia

425 1941 497 1993 δι’
531 1933 606 1993 ὧν
636 1939 772 2009 πρὸς
807 1940 1009 2008 ἑαυτὴν
1034 1941 1336 1991 ἐπισπᾶται
1366 1939 1425 1990 τὸ
1456 1937 1618 1990 θεῖον.
1649 1938 1722 1989 Τὸ
1760 1936 1890 2005 γοῦν
1918 1956 2019 2005 τη-

427 2032 693 2084 λικούτων
747 2029 1041 2096 τεύξασθαι
1093 2029 1299 2098 ταύτην
1350 2029 1594 2095 ἀγαθῶν,
1657 2027 1829 2081 αἴτιον
1878 2029 2022 2098 τάχα

429 2123 687 2194 μεγάλων
715 2123 1046 2193 εὐεργεσιῶν
1082 2124 1213 2191 ἡμῖν
1252 2121 1575 2188 ὀφθήσεται.
1603 2115 1752 2189 ’Ἄρα
1779 2121 1886 2190 μὴν
1914 2120 2022 2172 τῶν

425 2213 730 2283 προφητῶν
759 2215 810 2266 οἰ
840 2213 1081 2282 χρησμοὶ
1107 2215 1165 2265 ἐν
1187 2213 1364 2284 ταύτῃ
1391 2210 1880 2280 πληρωθήσονται;
1913 2207 2022 2280 ἆρα

428 2309 538 2376 μὴν
567 2306 674 2359 τῶν
692 2305 1068 2374 ἐλπιζομένων
1099 2308 1156 2357 ἐν
1180 2305 1353 2374 ταύτῃ
1384 2304 1444 2355 τὸ
1471 2304 1624 2366 τέλος
1647 2303 2017 2374 ἀποϐήσεταις

426 2399 537 2468 μὴν
564 2398 592 2449 ὁ
625 2397 836 2466 μέλλων
875 2396 960 2448 ἐπ’
992 2397 1294 2467 ἀνορθώσει
1323 2393 1417 2447 τοῦ
1471 2395 1658 2461 γένους
1701 2393 2016 2447 ἐλεύσεσθαι

423 2494 492 2544 ὲκ
539 2492 743 2559 ταύτης
771 2489 832 2542 τὸ
882 2490 1154 2558 ἡμέτερον
1204 2487 1544 2556 ἀναλήψεται
1587 2487 1850 2556 φύραμα;
1910 2487 2019 2539 Καὶ

423 2583 536 2652 γὰρ
557 2583 715 2636 τοῦτο
741 2582 1195 2652 προκεκήρυκται
1226 2582 1285 2632 τὸ
1315 2581 1634 2649 μυστήριον,
1670 2580 1765 2632 καὶ
1796 2581 1823 2631 ὁ
1846 2579 2019 2646 Λόγος

421 2679 682 2749 τοιαύτην
722 2680 821 2750 τὴν
853 2679 1310 2748 ύπηρετήσουσαν
1357 2676 1626 2746 ἐπιζητεῖ.
1677 2677 1886 2735 Ὄντως
1919 2674 2019 2726 οὐκ

423 2773 560 2841 ἄλλη
613 2769 1046 2841 προκριθήσεται
1096 2769 1175 2830 εἰς
1232 2767 1330 2832 τὴν
1389 2766 1580 2817 τούτου
1645 2765 2013 2835 λε;τουργίαν,

422 2863 566 2932 πλὴν
611 2865 707 2929 τῆς
741 2859 1026 2930 ὁρωμένης
1061 2857 1297 2920 νεάνιδος
1321 2873 1333 2886 ’
1374 2859 1466 2908 καὶ
1499 2857 1604 2926 γάρ
1640 2857 1923 2924 ἀμήχανον
1959 2859 2016 2907 ὲν

422 2955 563 3023 αὐτῇ
600 2952 658 3005 τὸ
685 2949 1065 3021 κρυπτόμενον
1112 2950 1211 3017 τῆς
1244 2947 1465 3014 ἁγνείας
1511 2946 1760 2998 κατανοῶ
1793 2944 2011 3007 κάλλος,

423 3047 518 3099 καὶ
552 3044 642 3097 τοῦ
689 3043 1070 3114 κρυπτομένου
1108 3039 1418 3109 φανέρωσιν
1454 3039 1484 3108 ή
1541 3036 1634 3090 τοῦ
1673 3036 1830 3090 Θείου
1879 3037 2014 3106 πρὸς

420 3133 629 3204 ταύτην
683 3134 865 3186 εὔνοια
913 3129 1286 3199 παρίστησινί
1351 3129 1425 3190 ὡς
1467 3127 1737 3197 μακάριος
1792 3127 1820 3178 ὁ
1866 3120 2014 3188 οἶκος

2129 1924 2578 1992 promereretur?
2601 1923 2866 1993 Equidem
2897 1924 3043 1992 quod
3070 1924 3355 1978 universas
3377 1923 3610 1979 feminas
3629 1941 3722 1978 su-

2126 2029 2282 2085 perct
2323 2018 2584 2085 puritate,
2632 2017 2758 2070 novi
2815 2034 2871 2068 re
2904 2018 3017 2084 ipsa
3041 2018 3288 2072 «doctus.
3320 2017 3718 2088 Argumentum

2126 2119 2307 2161 autem
2339 2109 2415 2161 rei
2453 2108 2799 2161 manifestum
2838 2119 2968 2162 sunt
3023 2120 3078 2162 et
3120 2125 3320 2170 mores,
3373 2120 3430 2163 et
3481 2111 3608 2181 juge
3661 2109 3716 2163 in

2124 2199 2866 2260 virtutibusincrementum,
2894 2216 2992 2268 per
3012 2217 3132 2269 qua:
3155 2201 3221 2252 ad
3257 2217 3315 2254 se
3346 2201 3516 2270 ipsam
3548 2203 3715 2256 ticum

2123 2293 2378 2346 attrahit.
2414 2291 2602 2362 Itaque
2639 2295 2784 2362 quod
2823 2293 2988 2346 tantis
3020 2294 3180 2346 bonis
3213 2294 3494 2348 cumulata
3528 2292 3718 2359 fuerit,

2121 2382 2352 2439 fortasse
2397 2396 2453 2440 et
2513 2386 2676 2440 nobis
2735 2400 3055 2455 magnorum
3113 2386 3504 2439 beneficiorum
3563 2387 3720 2457 origo

2122 2481 2470 2534 ostendetur.
2505 2482 2585 2533 An
2619 2480 2760 2534 forte
2799 2481 3195 2550 prephetarum
3224 2481 3485 2535 vaticinia
3517 2481 3572 2534 in
3605 2483 3717 2551 ipsa

2123 2570 2539 2640 implctnentum
2594 2572 2848 2625 habitura
2892 2571 3060 2624 sunt?
3095 2587 3162 2622 an
3212 2569 3353 2624 forte
3387 2570 3440 2622 in
3489 2586 3552 2625 ea
3591 2587 3717 2639 per—

2122 2663 2398 2726 ficicntur,
2445 2679 2567 2731 quae
2614 2665 2667 2716 in
2705 2679 2812 2733 spe.
2856 2672 2984 2716 sunt
3033 2662 3192 2715 nobis
3226 2662 3607 2730 reposita?an
3652 2679 3716 2716 ex

2122 2756 2221 2808 ista
2288 2771 2520 2809 massam
2589 2765 2831 2810 nostram
2892 2765 2974 2808 est
3027 2764 3438 2822 assumpturus,
3495 2756 3588 2824 qui
3649 2758 3716 2810 ad

2120 2849 2542 2902 restanrandum
2573 2864 2746 2918 genus
2774 2858 3028 2902 nostrum
3056 2859 3322 2902 venturus
3352 2849 3474 2902 est?
3500 2849 3716 2902 Etenim

2119 2939 2225 2993 hoc
2244 2940 2562 3010 mysterium
2588 2941 2698 3010 jam
2731 2939 3156 3008 praenuntiatum
3193 2940 3614 3000 est,etVerbum
3640 2949 3719 2993 ta-

2116 3031 2372 3100 Iem,qu:e
2393 3032 2672 3086 ministret
2689 3032 2789 3086 sibi
2811 3032 3060 3100 requirit.
3082 3035 3332 3086 Profecto
3350 3032 3417 3086 ad
3441 3034 3712 3102 ejusmodi

2120 3127 2489 3180 ministerium
2524 3142 2632 3180 non
2677 3127 2782 3180 alia
2814 3127 3066 3202 eligetur,
3119 3134 3318 3194 printer
3352 3126 3513 3188 hanc,
3552 3143 3714 3196 quam

434 3227 674 3298 Ἰσραὴλ,
700 3228 760 3291 ἐξ
789 3223 849 3278 οὗ
874 3223 1118 3278 τοιοῦτον
1156 3221 1384 3289 ἀνέθηλε
1420 3221 1744 3290 βλάστημαί
1800 3221 1886 3281 Ὠς
1921 3218 2011 3271 εὑ-

2120 3232 2304 3280 cerno,
2337 3217 2609 3284 puellam;
2649 3231 2772 3268 nam
2829 3230 3056 3283 prorsus
3093 3214 3402 3268 mirabilem
3458 3214 3710 3282 animad-

422 3323 699 3392 λογημένη
727 3324 760 3391 ὴ
800 3322 926 3390 ῥίζα
967 3321 1190 3383 Ἰεσσαὶ,
1223 3319 1281 3384 ἐξ
1317 3313 1386 3390 ἧς
1427 3320 1459 3388 ὴ
1491 3317 1816 3385 ἀκμάζουσα
1869 3313 2008 3384 αὕτη

424 3415 620 3483 ῥάϐδος
651 3414 981 3483 ἀνέδραμεν,
1013 3414 1046 3484 ή
1093 3411 1168 3482 τῷ
1192 3411 1383 3480 κόσμῳ
1411 3411 1506 3479 τὴν
1540 3408 1816 3477 σωτηρίαν
1848 3407 2011 3460 ἀνθοο

420 3509 614 3576 φορεῖν
670 3505 968 3575 μέλλουσαι
1038 3504 1126 3566 Ὠς
1185 3500 1617 3574 ύπερένδοξρςὴ
1677 3501 1866 3568 μνήμη
1902 3497 2009 3548 τῶν

422 3599 822 3668 γεννησάντων,
875 3598 969 3650 καὶ
1024 3597 1203 3666 πάσης
1258 3595 1516 3648 ἐπέκεινα
1566 3589 2005 3661 μακαριότητοςί

435 3691 524 3754 Ὠς
581 3691 972 3759 δεδοξασμένος
1036 3688 1146 3756 ἐγὼ
1202 3687 1463 3740 τοιούτων
1519 3683 1864 3752 ἐντρυφήσας
1900 3680 2008 3731 τῶν

424 3782 738 3851 θεαμάτων,
798 3781 1062 3834 τοιούτων
1116 3779 1433 3840 ἀπολαύσας
1473 3777 1580 3828 τῶν
1613 3773 2004 3845 χαρισμάτωιί

420 3876 598 3944 Χάριν
625 3875 705 3936 εἰς
735 3874 938 3936 αἰῶνας
977 3873 1196 3942 είσομαί
1231 3889 1333 3934 σοι,
1371 3870 1467 3924 ναὲ
1520 3868 1749 3937 Κυρίου,
1793 3866 1874 3917 ὅτι
1911 3862 2005 3916 σοῦ

417 3967 516 4036 τῆς
540 3967 885 4038 λειτουργίας
915 3967 1079 4021 ἕνεκα
1110 3968 1218 4021 τῶν
1254 3969 1389 4020 πᾶσι
1440 3965 1671 4027 δικαίοις
1702 3960 2006 4029 ἐπιθυμού-

421 4061 599 4127 μένων
625 4061 724 4114 οὐκ
749 4061 1041 4130 ἀπέτυχον.

2118 3318 2273 3361 verto
2310 3307 2361 3360 in
2393 3309 2505 3375 ipsa
2538 3308 2799 3360 latentem
2837 3305 3164 3361 innocentiae
3212 3306 3709 3375 pulchritudinem,

2119 3401 2374 3468 quodque
2410 3401 2462 3452 in
2508 3399 2622 3468 ipsa
2663 3400 2815 3464 latet,
2853 3401 3059 3454 revelat
3085 3400 3257 3454 effusa
3294 3381 3386 3454 Dei
3426 3401 3481 3454 in
3539 3401 3712 3472 ipsam

2122 3492 2514 3546 munificentia.
2545 3491 2717 3557 Quam
2750 3493 2904 3544 beata
2936 3492 3132 3546 domus
3157 3492 3343 3554 Israel,
3376 3508 3442 3546 ex
3472 3509 3579 3562 qua
3608 3493 3714 3548 tale

2118 3599 2341 3654 germen
2370 3584 2683 3652 pullulavitl
2711 3583 2884 3649 Quam
2920 3583 3212 3638 benedicta
3247 3585 3399 3662 radix
3439 3585 3613 3649 Jesse,
3647 3603 3714 3640 ex

2118 3696 2224 3747 qua
2253 3679 2438 3732 virens
2469 3679 2585 3731 haec
2609 3677 2758 3746 virga
2791 3677 3097 3746 consurgit,
3131 3693 3253 3746 quae
3287 3677 3496 3731 mundo
3521 3679 3716 3732 salutis

2117 3773 2306 3825 florem
2346 3770 2621 3840 proferet!
2666 3769 2840 3834 Quam
2892 3770 3064 3838 major
3095 3770 3249 3822 omni
3299 3769 3492 3840 gloria,
3547 3778 3713 3841 atque

2116 3866 2264 3918 omni
2297 3863 2560 3920 beatitate
2591 3862 2776 3931 potior
2829 3861 3138 3931 genitorum
3198 3861 3345 3916 illius
3403 3865 3708 3918 memoria!

2114 3955 2288 4022 Quam
2337 3953 2471 4007 mihi
2529 3952 3027 4022 gloriosum,quod
3083 3952 3257 4006 oculis
3323 3953 3462 4007 meis
3513 3955 3709 4009 horum

2116 4055 2344 4117 aspectu
2374 4044 2606 4116 perfrui,
2637 4053 2804 4113 atque
2832 4054 2984 4098 tanto
3026 4045 3195 4113 potiri
3246 4045 3520 4100 beneficio
3572 4048 3710 4101 mihi

416 4150 740 4218 contigerit!
792 4149 1164 4203 Immortalem
1207 4149 1325 4213 tibi,
1379 4164 1412 4202 ο
1464 4148 1680 4203 Domini
1730 4146 2016 4215 templum,
2058 4140 2290 4212 gratiam
2338 4137 2632 4192 habiturus
2665 4153 2820 4201 sum;
2863 4145 3159 4206 propterea
3193 4139 3343 4192 enim
3413 4140 3561 4208 quod
3616 4149 3710 4194 tuo

417 4244 726 4299 ministerio
793 4253 1146 4315 nuncupatus
1214 4243 1313 4308 fui,

414 4335 790 4390 defraudatus.

1393 4245 1493 4299 hac
1555 4244 1815 4299 felicitate
1891 4255 2014 4310 qua:
2084 4236 2248 4309 justis
2308 4233 2568 4289 omnibus
2620 4241 2880 4303 exoptata
2951 4249 3172 4304 semper
3218 4235 3340 4300 fuit,
3410 4253 3517 4290 non
3585 4251 3706 4291 sum

489 4433 586 4484 IZ’.
626 4431 810 4492 Οὕτως
841 4431 871 4483 ὁ
916 4431 1193 4501 Ζαχαρίας
1231 4431 1509 4502 διαπορῶν
1557 4432 1652 4483 καὶ
1708 4431 2007 4499 θαυμάζων

2189 4419 2353 4475 XVII.
2386 4418 2466 4471 Ita
2501 4417 2796 4471 Zacharias
2825 4417 3098 4486 ancipites
3129 4417 3312 4470 animo
3340 4417 3706 4472 versabatco-

412 4521 484 4572 τά
515 4522 612 4588 τῆς
649 4521 931 4590 Παρθένου
965 4519 1246 4589 παράδοξα
1280 4517 1368 4588 ἦν.
1434 4520 1626 4591 Ἡμεῖς
1658 4520 1715 4572 δὲ
1759 4520 2014 4588 εἴποιμεν

417 4613 486 4665 ἂν
531 4613 666 4680 πρὸς
702 4614 896 4666 αὐτόν’
955 4613 1144 4675 Οὐδὲν,
1177 4607 1219 4665 ὧ
1270 4613 1538 4684 Ζαχαρία,
1582 4614 1689 4667 τῶν
1727 4615 1825 4683 τῆς
1876 4631 2011 4665 παν-

414 4705 587 4769 άγνου
643 4702 985 4772 άμφίϐολονυ
1023 4703 1178 4754 οὐδὲν
1221 4702 1598 4774 ἀκατάλληλον
1652 4703 1760 4755 τῶν
1803 4705 2012 4770 ταύτης

417 4795 724 4860 μεγαλείων
747 4811 776 4834 ’ν
801 4796 976 4846 πάντα
1011 4797 1076 4862 τῇ
1109 4793 1340 4864 ἀληθεία
1365 4795 1426 4846 τὸ
1482 4794 1701 4862 βέϐαιον
1757 4793 2008 4862 εἴληφεν.

418 4885 569 4937 ’Ἑδει
601 4885 710 4956 γὰρ
743 4885 802 4937 τὸ
851 4885 994 4938 θεῖον
1033 4887 1301 4956 σκήνωμα
1353 4887 1634 4949 τοιαύταις
1677 4887 2011 4939 ἀναϐάσεσιν

413 4978 741 5047 αὐξηθῆναι.
784 4979 931 5030 Ἔδει
973 4978 1070 5048 τὴν
1105 4978 1334 5031 ἄσπιλον
1369 4979 1586 5048 ἀμνάδα
1620 4977 1846 5050 τοιαύτῃ
1875 4995 2012 5031 παν-

414 5069 602 5140 δαισίςι⁵
634 5071 1015 5140 εὐωχηθῆναι·
1047 5071 1156 5123 ἔδει
1191 5069 1451 5122 τοιούτων
1495 5070 1814 5138 ἐδεσμάτων
1844 5073 2014 5139 ἐμφο-

416 5157 674 5223 ρηθῆναι.
715 5159 864 5210 Ἔδει
895 5159 970 5228 μὴ
1001 5161 1082 5222 είς
1107 5161 1174 5211 τὰ
1203 5157 1312 5209 τῶν
1335 5159 1508 5226 ἁγίων
1545 5159 1712 5226 ’Ἅγια
1739 5159 1837 5228 τῆς
1877 5177 2009 5229 σκη-

413 5247 533 5317 νῆςν
559 5247 670 5298 ἀλῖδ
697 5255 772 5309 εἰς
805 5253 968 5306 αὐτὸν
993 5255 1084 5305 τὸν
1117 5252 1348 5322 οὐρανὸν
1381 5251 1475 5305 τοῦ
1513 5252 1768 5322 ούρανοῦ,
1806 5254 1872 5305 τὰ
1907 5255 2002 5319 τῆς

411 5339 638 5408 πρώτης
670 5339 886 5408 ἡλικίας
913 5344 1291 5411 ἀνατραφῆναι
1315 5345 1413 5409 τὴν
1439 5342 1780 5412 πλατυτέραν
1793 5342 1999 5394 τούτων

411 5432 692 5499 ὀφθεῖσαν,
753 5432 844 5482 καὶ
907 5433 1240 5504 καθαρότητι
1291 5435 1694 5500 διενεγκοῦσαν.
1739 5437 1887 5488 Ἔδει

413 5522 505 5592 ὑφ’
540 5524 657 5583 ἐνὸς
714 5523 877 5592 μόνου
913 5527 1145 5591 ἀγγέλου
1199 5527 1405 5594 ταύτην
1433 5528 1850 5595 ὑπηρετεῖσθαι,
1887 5528 1998 5577 ἀλλ’

411 5614 516 5667 ύπδ
547 5614 759 5684 μυρίων
794 5615 1069 5684 μυριάδων
1091 5615 1278 5684 κύκλῳ
1307 5616 1748 5684 δορυφορεῖσθαι.

2119 4513 2438 4582 gitationes,
2479 4525 2543 4565 ac
2579 4519 2808 4578 stupore
2845 4511 3166 4579 rapiebatur
3201 4517 3430 4578 propter
3456 4525 3544 4563 res
3582 4510 3707 4564 Vir-

2117 4606 2261 4674 ginis
2292 4605 2455 4674 plane
2487 4602 2858 4655 admirandas.
2889 4601 3000 4656 Nos
3041 4617 3175 4656 vero
3203 4602 3269 4656 ad
3303 4618 3428 4657 eum
3453 4605 3707 4658 conversi

2119 4697 2370 4752 dicamus
2403 4712 2416 4748 :
2446 4693 2594 4748 Nihil
2622 4702 2728 4759 est,
2755 4709 2787 4746 ο
2813 4693 3101 4755 Zacharia,
3126 4709 3226 4748 cur
3245 4693 3312 4749 de
3346 4695 3414 4748 iis
3431 4711 3551 4762 quae
3578 4711 3706 4764 per-

2116 4791 2295 4843 tinent
2346 4788 2412 4841 ad
2455 4789 2596 4841 hanc
2658 4786 3190 4848 innocentissimam,
3237 4787 3503 4856 ambigas.
3557 4788 3704 4842 Nihil

2116 4893 2199 4936 est
2238 4882 2290 4934 in
2352 4880 2602 4949 ejusdem
2663 4879 3010 4946 magnalibus
3053 4878 3199 4946 quod
3235 4893 3342 4931 non
3368 4880 3704 4935 adamussim

2113 4973 2219 5027 sibi
2265 4973 2598 5042 rc5pondeat
2635 4988 2647 5023 :
2683 4972 2865 5023 omnia
2895 4972 3057 5040 plane
3082 4969 3300 5025 veritati
3337 4987 3577 5027 consona
3617 4991 3701 5029 re-

2115 5066 2428 5133 periuntur.
2453 5063 2760 5132 Oportebat
2794 5062 2940 5116 enitn
2985 5071 3046 5116 ut
3073 5062 3322 5116 divinum
3371 5065 3701 5120 tabernacu-

2112 5161 2223 5212 lum
2281 5158 2392 5227 (31)
2422 5158 2574 5210 hisce
2641 5156 2904 5226 gradibus
2936 5157 3340 5210 incrementum
3370 5159 3698 5228 susciperet.

2110 5252 2432 5321 Oportebat,
2467 5259 2525 5303 ut
2557 5266 2696 5319 agna
2721 5251 3070 5304 immaculata
3099 5253 3371 5321 ejusmodi
3398 5254 3577 5320 epulis
3601 5270 3700 5323 pa-

2111 5357 2396 5407 sceretur;
2433 5344 2750 5413 oportebat,
2781 5353 2841 5397 ut
2875 5343 3210 5413 talibusipsa
3241 5347 3483 5399 aleretur
3518 5347 3694 5401 fercu-

2113 5437 2195 5488 lis.
2221 5437 2546 5504 Oportebat,
2579 5443 2636 5486 ut
2687 5434 2890 5487 nedum
2923 5435 2976 5487 in
3027 5435 3246 5489 Sanctis
3277 5447 3588 5489 sanctorum
3616 5445 3684 5489 ta-

2117 5527 2448 5588 bernaculis,
2479 5527 2574 5581 sed
2608 5527 2661 5579 in
2691 5526 2810 5597 ipso
2847 5526 2986 5581 cmlo
3019 5529 3284 5582 cmlornm
3319 5529 3385 5580 ab
3410 5527 3542 5598 ipsis
3567 5538 3667 5580 aeta

2112 5618 2183 5671 lis
2206 5617 2528 5689 primordiis
2571 5616 2930 5682 educaretur,
2963 5633 3084 5686 qua:
3113 5618 3268 5672 caelis
3297 5616 3430 5684 ipsis
3463 5617 3696 5683 amplior

486 5794 596 5862 (Fit)
635 5793 796 5858 Virgo
839 5807 1033 5859 nempe
1097 5792 1343 5861 I)eip:tra,
1380 5795 1537 5861 cujus
1600 5804 1757 5863 typus
1795 5811 1855 5845 ex
1916 5794 2138 5847 Patrum
2206 5797 2475 5846 sententia
2539 5793 2632 5846 fuit
2695 5792 2904 5860 antiqui
2968 5791 3190 5846 fuadcris
3257 5787 3691 5844 tabernaculum.

761 5885 1023 5943 Parnm...
1069 5886 1182 5944 Gn.
1219 5887 1374 5944 CXX
1395 5894 1416 5937 κ
1445 5888 1515 5946 ll.

3291 5878 3379 5936 '20-
