4104 6418
460 365 575 428 ,619

1773 362 2035 424 JACOBI
2076 363 2421 426 MONACIII

3614 360 3724 422 620

469 472 748 545 apparuit,
795 472 1052 543 ipsosque
1091 472 1327 542 puritate
1354 473 1635 544 superavit
1664 472 1796 543 (52).
1842 472 2168 542 Oportebat,
2208 483 2269 529 ut
2305 471 2505 527 nedum
2534 469 2605 525 ab
2636 484 2748 525 uno
2811 477 3022 526 tantum
3052 468 3249 540 angelo
3284 470 3390 540 ipsi
3460 469 3745 525 ministra-

472 578 650 631 retur,
688 566 784 623 sed
808 582 837 621 a
860 566 1107 623 millibus
1134 568 1366 622 millium
1397 569 1718 623 satellitium
1747 568 1796 623 ei
1818 568 2196 623 exhiberetur.

540 661 728 717 XVlll.
776 659 896 729 lpsa
957 668 1121 722 est,o
1171 659 1459 724 Zacharia,
1505 660 1961 715 sublimissimum
1984 677 2047 715 ac
2080 671 2123 724 Λ

468 753 825 822 purissimum
890 751 1191 814 cimelium,
1225 752 1278 805 in
1305 767 1416 821 quo
1448 747 1737 807 'reeonditi
1765 762 1894 807 sunt
1923 768 2051 822 gra-

472 848 561 899 tia:
585 844 830 899 thesauri
850 860 866 909 ;
890 843 946 896 in
973 858 1086 913 quo
1108 844 1302 897 salutis
1327 852 1528 899 nostra:
1558 846 1756 915 pignus
1773 853 2048 909 servatur,

472 939 527 991 in
562 951 672 1005 quo
728 938 1053 991 (economiaa
1081 935 1282 989 divinae
1310 934 1519 990 divitize
1546 935 1905 990 inetl'abiliter
1932 936 2052 991 sitm

472 1037 623 1084 sunt.
655 1029 773 1098 lpsa
798 1037 882 1082 est
929 1043 1023 1083 vas
1048 1029 1180 1083 illud
1222 1027 1594 1097 impollutum,
1624 1029 1779 1098 regio
1818 1028 1942 1083 luce
1964 1044 2053 1084 rc-

473 1129 633 1190 eepta
681 1119 919 1190 fulgens,
979 1135 1010 1174 e
1046 1134 1154 1189 qua
1204 1118 1399 1174 salutis
1428 1118 1565 1173 radii
1600 1120 2052 1176 universmterras

471 1213 755 1268 eﬂulsere.
792 1210 942 1266 Hanc
1002 1211 1513 1281 supermundanum
1541 1211 1712 1267 veluti
1780 1212 2048 1267 mundum

473 1304 736 1374 templum
765 1301 912 1358 istud
952 1303 1215 1372 suscepit.
1250 1303 1515 1358 Puritatis
1543 1304 1664 1374 ejus
1690 1303 1828 1359 odor
1848 1305 2051 1375 jucun-

472 1394 577 1449 dus
612 1408 722 1464 prae
745 1392 1190 1463 quibuscunque,
1218 1392 1313 1462 qui
1354 1392 1743 1456 incendantur,
1781 1393 2050 1449 odoribus

473 1486 699 1541 suavius
752 1482 1038 1554 fragrabit.
1072 1483 1347 1539 Virtutum
1383 1485 1505 1554 ejus
1552 1485 1817 1553 splendor
1863 1484 2048 1540 multi-

474 1576 696 1647 pliciter
722 1575 1041 1630 lucentibus
1077 1575 1426 1630 candelabris
1459 1576 1755 1631 micantius
1787 1577 2045 1649 refulget.

468 1669 589 1737 lpsa
619 1667 866 1737 angelica
894 1666 1084 1736 gloria:
1104 1666 1317 1720 cantica
1348 1667 1635 1731 simulans,
1664 1668 2045 1725 incessabilem

468 1761 604 1827 Deo,
661 1760 749 1814 cui
783 1759 1046 1821 deservit,
1078 1757 1296 1812 laudem
1360 1758 1543 1813 oli‘ert.
1574 1759 1691 1830 lpsa
1729 1768 1853 1815 utut
1882 1776 2048 1818 sexus

471 1851 757 1907 muliebris
785 1851 1035 1912 exsistat,
1067 1849 1578 1919 incomparabiliter
1619 1860 1800 1906 tamen
1828 1852 2042 1908 virilem

469 1944 687 2000 excedit
706 1942 1098 2014 perfectionem
1118 1941 1357 2008 ;idcirco
1383 1943 1652 1998 naturalis
1669 1944 1899 1999 affectus
1920 1945 2042 2000 vin-

466 2035 590 2090 cula
636 2035 997 2104 abrumpcns,
1032 2048 1097 2089 ac
1159 2044 1448 2103 parentum
1503 2035 1651 2089 curis
1692 2036 2043 2105 pOSthabitis,
2075 2018 2124 2077 Β

468 2129 683 2201 paterni
743 2128 952 2182 amoris
1010 2127 1205 2181 solatia
1260 2126 1500 2192 abdicat,
1538 2143 1566 2180 a
1597 2137 1845 2182 materna
1873 2136 2048 2183 semet

468 2218 758 2276 all‘ectione
781 2217 1040 2287 sejungit,
1069 2225 1125 2272 et
1154 2216 1418 2287 quaelibet
1464 2217 1589 2271 vitae
1620 2216 1906 2271 commoda
1940 2216 2047 2272 sibi

470 2311 771 2366 interdicit.
801 2310 1099 2379 Propterea
1154 2310 1300 2363 enim
1334 2319 1389 2364 et
1419 2310 1558 2363 mira
1585 2309 1701 2364 haec
1733 2324 1920 2364 rerum
1948 2325 2047 2365 no-

471 2403 643 2463 vitas,
700 2412 756 2457 et
817 2417 1145 2457 arcanorum
1178 2402 1545 2473 participatio,
1574 2409 1629 2455 et
1654 2401 2047 2457 charismatum

469 2494 829 2550 exuberantia
863 2495 918 2548 in
948 2509 1068 2548 eam
1092 2503 1451 2557 concurrunt,
1483 2493 1840 2548 admirandus
1865 2493 2043 2561 cibus,

469 2588 715 2657 locuples
749 2587 1049 2658 gratiarum
1074 2588 1252 2657 copia,
1286 2587 1608 2657 angelorum
1641 2586 1937 2656 colloquia,
1961 2589 2044 2642 di-

469 2680 714 2734 viniores
770 2677 1193 2742 illustrationes,
1247 2678 1515 2733 habitatio
1592 2677 1648 2731 in
1709 2678 1885 2733 sacris
1950 2695 2046 2749 pe-

469 2770 799 2837 netralibus,
836 2770 1009 2824 libera
1074 2770 1126 2823 in
1174 2768 1393 2825 Sanctis
1444 2779 1761 2825 sanctorum
1810 2783 2046 2825 conver-

466 2861 631 2916 satio.

534 2951 680 3007 XIX.
717 2951 872 3007 Dedit
904 2954 1066 3016 enim,
1092 2954 1290 3022 inquit,
1328 2953 1463 3007 Deus
1486 2953 1574 3009 illi
1599 2956 1852 3025 gratiam,
1882 2964 1929 3009 et
1956 2971 2046 3026 pe-

468 3044 619 3099 dibus
644 3047 753 3100 suis
775 3047 1126 3116 tripudiabat.
1148 3045 1375 3112 Qualem
1401 3045 1544 3099 hanc
1562 3045 1740 3116 (dicit)
1772 3047 2001 3115 gratiam
2025 3046 2047 3099 Ἰ

469 3136 695 3193 Scilicet
748 3138 833 3192 vel
879 3137 1191 3192 divinarum
1236 3137 1666 3192 illustratidnum
1701 3154 1921 3200 munus,
1962 3139 2045 3193 vel

468 3228 618 3284 illam
660 3242 826 3297 supra
855 3238 1069 3281 aetatem
1120 3226 1523 3290 fortitudinem,
1551 3229 1635 3283 vel
1681 3230 1828 3284 vires
1872 3230 2046 3300 ipsam

471 3319 538 3373 ad
565 3321 823 3373 virtutem
874 3320 1173 3388 perlectam
1227 3319 1642 3389 provehentes;
1681 3320 1767 3374 vel
1815 3322 2044 3391 gratiam

470 3411 615 3465 hanc
634 3410 710 3464 ait
736 3410 1041 3479 accepisse.
1074 3426 1178 3480 qua
1215 3412 1327 3480 ipsa
1356 3411 1469 3465 sola
1504 3427 1614 3480 pra:
1633 3412 1908 3468 universis
1927 3429 2047 3467 mur

469 3498 703 3554 lieribus
742 3499 906 3570 digna
939 3498 1125 3553 habita
1162 3509 1267 3562 est,
1301 3509 1363 3554 ut
1424 3508 1477 3553 et
1528 3514 1592 3554 ea
1635 3501 2051 3555 consecratione

471 3591 825 3646 dedicaretur
878 3599 935 3646 et
993 3600 1101 3645 tam
1153 3590 1380 3645 liberam
1408 3590 1639 3659 degeudi
1677 3591 1870 3645 ubiubi
1904 3591 2052 3646 intra

471 3683 659 3752 templi
693 3683 993 3736 sacrarium
1048 3681 1363 3735 facultatem:
1409 3681 1680 3744 haberet;
1723 3689 1838 3735 tum
1884 3682 2049 3736 etiam

473 3784 534 3827 ut
566 3773 743 3843 gratia
773 3773 1171 3835 custodiretur,
1200 3783 1253 3825 et
1278 3772 1442 3842 hujus
1468 3772 1692 3842 quidem
1741 3774 1930 3843 gratia:
1959 3774 2046 3829 in-

475 3866 617 3921 dicia
652 3865 706 3919 in
732 3865 969 3919 mirabili
1022 3865 1116 3918 illo
1155 3863 1397 3933 tripudio
1436 3865 1736 3933 acciperet.

543 3956 698 4010 Dedit
715 3957 855 4010 enim
882 3956 1106 4025 (inquit)
1137 3955 1275 4009 Deus
1309 3954 1388 4009 illi
1414 3956 1669 4025 gratiam,
1708 3964 1757 4008 et
1788 3957 2047 4026 tripudia-

473 4047 560 4102 ίιαε
612 4048 826 4119 pedibus
865 4051 997 4102 suis.
1042 4047 1182 4113 Quid
1211 4046 1377 4117 igitur
1425 4046 1793 4100 admiratione
1820 4047 2045 4117 dignum

470 4153 571 4207 per
600 4138 717 4192 haec
753 4138 1005 4191 inuuitur
1029 4137 1053 4190 ἵ
1077 4137 1225 4191 Nihil
1255 4137 1402 4192 enim
1438 4138 1718 4207 singulare
1738 4154 1804 4193 et
1835 4139 1917 4193 his
1944 4138 2040 4192 de-

469 4228 799 4282 sumcndum
827 4245 970 4290 esse,
1004 4229 1178 4284 videri
1207 4229 1346 4284 forte
1377 4239 1587 4299 posset.
1613 4229 1816 4283 Verum
1841 4231 1885 4284 si
1919 4230 2044 4300 quis

469 4326 702 4374 eventus
730 4319 1028 4373 novitatem
1067 4320 1391 4389 perpendat,
1425 4319 1562 4372 nulli
1609 4333 1797 4372 earum
1833 4335 2041 4385 rerum,

2228 661 2336 715 ΠΡ.
2374 658 2523 728 Αὕτη
2559 659 2740 724 ἐστὶν,
2787 651 2834 713 ὦ
2866 660 3136 730 Ζαχαρία,
3186 659 3248 712 τὸ
3295 658 3602 729 ὑπέρτατον
3645 659 3746 713 καὶ

2159 752 2550 823 καθαρώτατον
2578 753 2885 824 κειμήλιον.
2906 754 2965 806 ὲν
2992 747 3037 821 ᾧ
3061 754 3111 806 oi
3144 752 3243 823 τῆς
3278 753 3501 823 χάριτος
3531 753 3743 822 θησαυ-

2160 843 2247 915 ρον⁸
2280 841 2650 908 ἁπετέθησαν,
2694 846 2752 896 ὲν
2776 835 2914 911 ᾦτὰ
2938 844 3037 911 τῆς
3087 844 3246 914 ἡμῶν
3297 843 3573 914 σωτηρίας
3614 846 3745 897 ὲταο

2161 936 2358 1006 μιεύοη
2384 937 2640 1005 ἐνέχυρα,
2667 928 2786 1003 ὲνῷ
2805 938 2834 988 ό
2858 936 2958 1005 τῆς
2974 935 3289 1004 οἰκονομίας
3312 934 3542 997 πλοῦτος
3565 938 3745 1008 ἀπορ-

2158 1030 2338 1100 ρήτως
2374 1028 2662 1082 ἀπόκειται
2679 1042 2695 1057 ’
2734 1030 2795 1080 τὸ
2827 1026 3019 1090 σκεῦος
3037 1028 3100 1080 τὸ
3128 1026 3454 1097 ἁμόλυντον,
3477 1028 3539 1081 τὸ
3566 1045 3745 1096 φωτο-

2154 1118 2309 1189 δὸχον
2338 1121 2556 1190 χωρίον,
2585 1119 2646 1184 ἑξ
2681 1111 2743 1172 οὗ
2780 1118 3060 1189 σωτηρίας
3107 1121 3323 1183 ἀκτῖνες
3345 1122 3411 1191 τῇ
3443 1120 3743 1194 οἰκουμένῃ

2155 1209 2502 1278 ὲπέλαμψαν.
2557 1209 2778 1279 Ταύτην
2806 1211 2882 1271 ὼς
2938 1211 3311 1279 ὑπερκόσμιον
3348 1212 3377 1263 ὁ
3426 1212 3556 1273 ναὸς
3582 1206 3744 1273 οὗτος

2155 1301 2453 1367 ὑπεδέξατο
2475 1301 2699 1371 κόσμον.
2722 1301 2935 1371 Ταύτης
2952 1304 2986 1371 η
3020 1305 3116 1372 τῆς
3145 1301 3518 1372 καθαρότητος
3542 1303 3744 1356 εὐωδία

2153 1392 2264 1445 τῶν
2304 1393 2671 1464 θυμιωμένων
2696 1396 2918 1447 πάντων
2961 1393 3468 1464 ὕπερηδυνθήσεται
3525 1394 3741 1464 μύρων.

2153 1483 2304 1555 Αὕτη
2334 1487 2399 1554 τῇ
2437 1485 2545 1537 τῶν
2574 1485 2789 1555 ἀρετῶν
2831 1484 3183 1555 λαμπρότητι
3238 1484 3337 1546 τὰς
3385 1483 3742 1553 πολυφώτονς

2152 1574 2607 1647 ύπεραστράπτει
2640 1577 2883 1645 λυχνίας.
2917 1573 3069 1643 Αὕτη
3099 1579 3221 1637 ταῖς
3243 1576 3565 1644 ἁγγελικαῐς
3586 1576 3741 1644 ἁμιλ-

2151 1665 2370 1737 λωμένη
2397 1667 2754 1735 δοξολογίαις,
2804 1668 3235 1721 ἀκατάπαυστον
3284 1668 3387 1738 τὴν
3426 1669 3641 1721 αῐνεσιν
3661 1668 3742 1735 τῷ

2151 1755 2626 1827 λειτουργουμένῳ
2691 1760 2962 1829 προσάγει
3018 1759 3157 1828 Θεῷ.
3196 1759 3350 1829 Αὖτη
3397 1762 3445 1813 εί
3492 1761 3587 1815 καὶ
3639 1760 3741 1831 τῆς

2151 1851 2472 1917 γυναικείας
2502 1850 2616 1903 ἐστι
2662 1852 2900 1921 μερίδος,
2952 1852 3089 1905 ἀλλὰ
3117 1852 3469 1921 ἁσυγκρίτως
3499 1852 3600 1920 τῆς
3631 1852 3742 1905 τῶν

2152 1942 2403 2012 ἀρρένων
2436 1940 2760 2010 ὑπέρκειται
2794 1941 3132 2013 τελειότητος
3152 1958 3167 1974 ο
3204 1941 3285 1993 διὸ
3320 1942 3415 1993 καὶ
3447 1942 3544 2011 τῆς
3576 1959 3738 2009 φυσι-

2152 2035 2252 2102 κῆς
2282 2034 2751 2105 ἀπορῤηγνυμὲνη
2781 2034 3041 2102 σχέσεως,
3074 2034 3169 2086 καὶ
3203 2034 3300 2101 τῆς
3328 2030 3436 2084 τῶν
3466 2031 3738 2084 τεκόντων

2153 2123 2476 2193 ἐπιμελείας
2537 2123 2986 2193 ἁποξενουμένη,
3041 2122 3301 2193 πατρῴας
3352 2123 3741 2192 ἀποστερεῐται

2155 2216 2411 2286 στοργῆς,
2450 2214 2727 2285 μητρικῆς
2762 2216 3131 2285 ἀποτέμνεται
3165 2214 3430 2284 σχέσεως,
3481 2213 3582 2281 τῆς
3628 2212 3739 2265 τῶν

2152 2308 2478 2377 ἐπιτηδείων
2514 2308 2843 2373 ἀπείργεται
2902 2307 3225 2377 θεραπείας.
3278 2308 3379 2359 Διὰ
3418 2305 3530 2375 γὰρ
3577 2302 3741 2358 τοῦτο

2151 2402 2248 2456 καὶ
2282 2400 2604 2471 παραδόξων
2625 2401 2970 2471 πραγμάτων
2997 2398 3368 2469 καινοτομίαι,
3398 2398 3495 2452 καὶ
3531 2413 3741 2467 μυστη-

2154 2494 2288 2565 ρίων
2325 2494 2656 2564 οἰκονομίαι,
2688 2497 2780 2547 καὶ
2808 2492 3170 2564 χαρισμάτων
3200 2491 3538 2561 συνέδραμον
3566 2489 3737 2556 d900-

2151 2586 2295 2638 νίαιο
2326 2590 2357 2657 ἡ
2397 2587 2703 2656 παράδοξος
2753 2587 2950 2656 τροφὴ,
2985 2586 3018 2655 ἡ
3057 2584 3167 2638 τῶν
3196 2585 3435 2655 χαρίτων
3482 2582 3735 2652 ἀφθονία,

2150 2679 2205 2730 αί
2236 2677 2343 2730 τῶν
2368 2680 2615 2745 ἀγγέλων
2651 2678 2980 2748 συνομιλίαι,
3010 2678 3064 2729 al
3096 2674 3372 2748 θειότεραι
3405 2674 3728 2744 ἑλλάμψεις,

2150 2771 2184 2839 ἠ
2215 2772 2270 2823 ἐν
2298 2772 2408 2833 τοῖς
2438 2770 2650 2834 ἀδύτοις
2681 2770 2960 2840 διατριϐὴ,
2988 2771 3020 2841 ὴ
3053 2772 3110 2823 ὲν
3137 2770 3316 2838 ἁγίοις
3350 2767 3658 2841 παρρησία..

2220 2951 2322 3006 ιϐ’.
2359 2950 2580 3005 Ἔδωκε
2597 2952 2727 3020 γὰρ,
2750 2954 2939 3022 φησὶν,
2985 2954 3018 3005 ό
3048 2952 3193 3017 Θεσίς
3220 2950 3397 3019 χάριν
3425 2950 3519 3004 ἐπ’
3542 2949 3739 3013 αὐτὴν

2149 3043 2244 3097 καὶ
2273 3046 2628 3111 κατεχόρευε
2648 3042 2774 3108 τοῖς
2795 3042 3215 3108 αοσίναῠτῆς.
3260 3042 3370 3112 Τὴν
3405 3041 3567 3095 ποίαν
3599 3041 3732 3094 ταύ-

2150 3152 2251 3204 την
2302 3136 2498 3204 χάρινς
2546 3134 2616 3186 Ἦ
2670 3132 2770 3203 τὴν
2821 3133 2931 3186 τῶν
2979 3133 3141 3186 θείων
3191 3132 3534 3203 ἐλλάμψεων,
3584 3131 3618 3201 ἢ
3675 3133 3738 3184 τὸ

2151 3225 2283 3295 παρ’
2317 3226 2535 3295 ἡλικίαν
2591 3225 2921 3295 καρτερικὸν
2972 3227 3136 3296 αὐτῇ,
3188 3227 3284 3278 καὶ
3338 3225 3476 3294 πρὸς
3531 3225 3735 3295 ἀρετῆς

2150 3317 2450 3383 ἀνάγεςυαι
2483 3316 2831 3385 παρέχουσαν
2860 3315 3178 3386 τελειότητα
3203 3331 3218 3347 ’
3254 3316 3285 3386 ἢ
3337 3317 3499 3386 χάριν
3527 3313 3736 3384 ταύτην

2151 3407 2319 3476 φησὶν
2373 3407 2679 3475 εἰληφέναι,
2724 3405 2824 3478 τὴν
2869 3407 3039 3476 μόνην
3082 3407 3256 3476 αὐτὴν
3299 3408 3736 3477 προηκρικυίαν

2148 3500 2245 3567 τῆς
2268 3499 2390 3551 κατ’
2419 3500 2637 3569 ἐκείνην
2662 3498 2901 3569 φύσεως,
2956 3498 3216 3569 τοιαύτης
3240 3499 3341 3568 μιν
3365 3498 3464 3567 τῆς
3496 3497 3739 3568 ἀφιερὼ-

2152 3607 2286 3654 σεως
2324 3593 2529 3659 τυχεῖν,
2554 3588 2697 3643 οὕτω
2734 3591 2791 3644 δὲ
2820 3590 3100 3644 ἀκώλυτον
3145 3590 3246 3662 τὴν
3275 3594 3332 3643 ἐν
3381 3592 3493 3654 τοῖς
3521 3590 3736 3653 ἀδύτοις

2151 3682 2433 3752 διατριϐὴν
2481 3682 2759 3735 ποιεῖσθαι
2811 3683 2906 3735 καὶ
2960 3683 3348 3751 συντηρεῖσοαι
3400 3685 3611 3754 χάριτι,
3640 3682 3738 3736 καὶ

2157 3772 2400 3842 σύμϐολα
2431 3774 2633 3844 ταύτης
2666 3777 2731 3845 τῇ
2769 3775 3059 3845 παραδόξῳ
3087 3776 3337 3845 δεχεσθαι
3378 3775 3649 3845 χορεύσει.

2229 3953 2453 4007 Ἔδωκε
2483 3955 2613 4023 γὰρ,
2660 3959 2842 4025 φησὶν,
2870 3960 2902 4009 o’
2931 3958 3076 4023 Θεὸς
3097 3958 3274 4026 χάριν
3298 3959 3391 4011 ἐπ’
3422 3957 3620 4022 αὐτὴν
3634 3958 3733 4011 καί

2154 4048 2509 4114 κιιτεχόρευε
2560 4048 2684 4113 τοῖς
2736 4051 2924 4102 ποσὶν
2955 4048 3169 4117 αὐτῆς.
3205 4052 3330 4112 Πῶς
3387 4051 3639 4120 καθάπερ
3681 4067 3736 4101 τι

2157 4139 2301 4207 μέγα
2335 4140 2653 4191 καινότατον
2676 4140 2922 4191 τέθεικεν
2948 4143 2975 4192 ὁ
2996 4144 3372 4212 συγγραφεὺς,
3422 4145 3483 4194 τὸ
3510 4140 3736 4210 κατεχό-

2157 4243 2280 4295 ρευε
2304 4229 2417 4288 τοῖς
2440 4228 2598 4279 ποσὶν
2629 4228 2801 4295 αὐτῆς
2832 4227 2978 4293 λέγω
3003 4244 3020 4294 ;
3051 4228 3101 4281 τί
3130 4227 3223 4281 οὗ)
3247 4228 3546 4297 παράδοξον
3577 4229 3738 4279 ὑπαι-

2153 4319 2395 4375 νίττεται
2425 4319 2617 4384 τοῦτο;
2646 4319 2951 4390 παράδοξον
2990 4322 3088 4391 μὲν
3112 4317 3227 4384 οὖν,
3260 4321 3487 4374 αὐτόθεν
3518 4321 3734 4390 λαμῦα·

545 4493 659 4565 (3'2)
686 4494 919 4555 Vidi-sis,
960 4502 1167 4566 quanto
1195 4493 1381 4566 studio
1406 4494 1896 4564 singularissimam
1920 4496 2049 4548 Dei-
2081 4502 2128 4560 ι)
2155 4496 2325 4564 ldque
2382 4494 2458 4566 ita
2486 4510 2544 4548 se
2575 4494 2801 4566 habere,
2837 4511 2902 4550 es
2953 4496 3355 4566 patientissimo
3382 4496 3526 4552 'Jobo
3556 4500 3739 4552 dist-as

414 4624 421 4629 ,
475 4580 619 4635 ραι-ιε
640 4564 942 4633 puritatem
973 4564 1236 4635 extollere
1277 4565 1469 4619 Patres
1503 4580 1787 4635 nunquam
1822 4575 2047 4635 praetcr-

476 4634 719 4689 inittant.
753 4635 870 4690 Jam
906 4634 1051 4687 enim
1080 4635 1182 4687 etsi
1222 4649 1407 4703 parem
1456 4634 1835 4688 tantummodo
1882 4637 2049 4691 ecclo-

476 4720 596 4760 rum
660 4704 883 4773 puritati
919 4706 1216 4772 puritatem
1251 4703 1489 4772 Virginis
1526 4703 1882 4762 allirmarent.
1914 4706 2049 4758 satis

477 4778 530 4829 id
560 4774 862 4831 evincerct.
918 4776 1088 4841 ipsam
1137 4773 1433 4843 cuiuslibet
1465 4773 1602 4827 labis
1640 4773 1881 4828 nesciam
1916 4789 2045 4843 pro-

478 4845 1004 4899 nunciandamesse.
1041 4842 1182 4906 Quid
1216 4858 1367 4907 vero,
1398 4858 1523 4896 cum
1553 4843 1721 4898 caelos
1747 4842 2052 4897 mundissi—

480 4929 599 4968 mos
621 4931 732 4983 pra:
764 4912 931 4967 Maria
961 4916 1144 4966 minus
1172 4912 1407 4965 mundos
1426 4912 1709 4967 habendos
1733 4914 2007 4966 aﬂirmant
2030 4912 2053 4965 ?

480 4984 747 5038 an‘clara
772 4992 920 5046 sunt,
954 4998 1075 5051 qua:
1099 4983 1166 5035 de
1200 4983 1300 5035 hac
1324 4999 1381 5035 re
1414 4984 1645 5052 legimus
1670 4984 1837 5035 etiam
1867 4983 1921 5036 in
1953 4983 2053 5036 ho-

479 5053 630 5106 milia
660 5054 715 5104 in
741 5052 1087 5122 Nativitatem
1111 5053 1375 5121 belparu',
1401 5067 1565 5122 quam
1592 5053 1695 5106 sub
1730 5052 2051 5122 Damasceui

480 5123 703 5176 nomine
765 5122 938 5177 edidit
1000 5121 1072 5175 Le
1100 5122 1276 5187 Quieti
1308 5121 1436 5192 (vol.
1468 5122 1537 5185 ll,
1582 5138 1706 5192 pag.
1759 5121 1908 5191 85l),
1955 5123 2051 5176 sed

482 5192 775 5246 Theodoro
813 5192 1043 5245 Studitae
1071 5193 1465 5246 restituendam
1498 5193 1760 5261 aliasjam
1788 5192 2049 5246 diximus.

479 5262 615 5314 (lum
647 5264 790 5314 enim
824 5273 1014 5316 auctor
1045 5263 1419 5330 pnemisisset,
1450 5263 1643 5321 Deum,
1667 5277 1792 5314 cum
1830 5262 2049 5315 Mariam

479 5331 746 5392 condidit,
777 5348 965 5385 novum
994 5332 1195 5385 cadum
1243 5346 1479 5393 creasse,
1532 5332 1635 5385 sibi
1682 5330 1882 5384 deinde
1932 5332 2049 5385 haec

480 5401 672 5470 objicit
730 5401 781 5470 ις
836 5404 887 5466 4,
923 5417 1043 5469 pag.
1091 5403 1216 5469 δῦι)
1255 5419 1269 5453 :
1309 5420 1326 5451 ι
1383 5402 1793 5471 Verumtamen,
1851 5401 2050 5471 inquit.

480 5472 719 5524 mundus
772 5474 1018 5525 anterior
1043 5485 1205 5537 quant
1263 5471 1501 5525 maxime
1556 5481 1642 5524 est
1668 5470 2050 5525 admirabilis:

479 5538 612 5593 Cum
641 5542 778 5593 enim
802 5548 979 5592 creata
1001 5552 1123 5590 sunt
1155 5540 1354 5599 sidera,
1383 5558 1575 5610 magna
1607 5556 1727 5593 voce
1754 5556 1834 5591 me
1865 5539 2056 5594 lauda-

474 5617 665 5663 uerunt
716 5619 765 5661 et
810 5611 1229 5679 prwdicavertmt
1279 5609 1622 5678 angeli’mri.
1664 5609 2054 5679 (Job.xxxvttt,

477 5679 556 5745 7.)
582 5680 650 5733 Et
681 5679 1018 5750 respondet:
1056 5697 1071 5727 ι
1108 5681 1270 5747 Atqui
1304 5680 1439 5732 nihil
1472 5681 1548 5733 sic
1579 5682 1687 5733 Deo
1716 5682 1918 5733 decens
1934 5696 2055 5750 gra-

480 5760 706 5818 tumque
730 5748 858 5817 fuit,
881 5749 957 5803 uti
987 5750 1140 5803 beata
1174 5765 1237 5803 ac
1265 5764 1493 5819 prorsus
1515 5750 1838 5804 admiranda
1868 5748 2053 5821 Virgo.

2154 4566 2304 4626 licet,
2331 4565 2422 4633 qui
2444 4565 2620 4633 inquit
2640 4564 2777 4619 (Job.
2804 4582 2892 4629 xv,
2926 4564 3020 4631 l5;
3058 4584 3181 4630 xxv,
3207 4567 3257 4631 5)
3279 4586 3293 4621 :
3315 4568 3517 4622 Caelum
3540 4585 3643 4622 non
3664 4580 3740 4621 est

2156 4637 2430 4709 mundum,
2453 4644 2499 4687 et
2520 4635 2686 4709 stella:
2709 4652 2811 4709 non
2835 4646 2957 4709 sunt
2983 4640 3193 4709 munda:
3220 4638 3273 4690 in
3298 4649 3575 4709 conspectu
3601 4639 3735 4706 ejus.

2158 4704 2271 4758 llac
2343 4719 2473 4757 vero
2501 4704 2632 4778 quid
2675 4706 3008 4778 puriussit?
3028 4708 3159 4775 quid
3180 4704 3498 4778 mundius?
3530 4704 3736 4778 quippe

2157 4790 2322 4851 quam
2355 4775 2808 4851 praestantissima
2840 4776 3022 4851 illa‘ac
3068 4777 3364 4851 purissima
3399 4778 3490 4832 lus
3523 4775 3736 4851 (uni—ge:

2159 4843 2336 4917 nitrum
2393 4843 2785 4917 D.i_Verbum)
2820 4847 2900 4900 sic
2938 4843 3298 4912 adamaverit,
3337 4859 3397 4903 ut
3428 4843 3734 4917 per‘san'cti

2161 4914 2401 4983 Spiritus
2468 4915 2950 4969 obumbrationem
2999 4914 3440 4972 substantialitcr
3504 4934 3629 4972 eum
3670 4934 3737 4970 ea

2162 4984 2528 5057 commisceri,
2555 4993 2613 5037 et
2639 4985 2849 5057 enipsa
2890 4985 3168 5054 perfectus
3198 4987 3361 5041 homo
3386 4989 3607 5057 prodire
3634 5003 3733 5041 vo-

2160 5054 2348 5125 luerit.
2384 5071 2403 5104 ι
2433 5052 2565 5117 Qua:
2593 5054 2816 5122 quidem
2844 5052 3001 5124 plane
3027 5052 3401 5125 peremptorii
3418 5068 3565 5112 sunt.
3594 5057 3734 5111 Nam

2160 5138 2287 5196 eum
2314 5123 2457 5196 Deus
2489 5138 2589 5176 ceu
2610 5123 2904 5193 purissima
2941 5127 3028 5178 lux
3060 5123 3355 5180 inducatur
3382 5128 3734 5196 purissimam

2161 5194 2268 5246 sibi
2300 5192 2486 5247 sedem
2521 5192 2774 5262 qmerens
2807 5209 2871 5246 ac
2917 5206 3204 5263 propterea
3256 5192 3477 5251 Mari—am
3496 5208 3597 5246 ceu
3634 5209 3738 5247 n0-

2161 5278 2289 5316 vum
2346 5264 2546 5333 ccelum
2603 5278 2797 5333 creatis
2824 5266 2963 5318 adeo
2990 5281 3205 5333 puram,
3242 5274 3521 5333 utauctor
3550 5264 3737 5318 excla-

2163 5333 2363 5404 mando
2400 5331 2455 5404 in
2498 5332 2631 5404 illud
2684 5331 3002 5403 prorumpat
3031 5351 3044 5386 :
3073 5331 3344 5404 Quidrt'lla
3373 5335 3577 5403 purius,
3612 5336 3740 5404 quid

2160 5401 2254 5455 illa
2292 5401 2716 5472 mundius?jatit
2762 5406 2864 5457 utsi
2913 5401 3169 5461 retineas.
3216 5401 3437 5456 Mariam
3491 5401 3738 5471 cujusvis

2162 5474 2390 5525 macula:
2433 5485 2715 5541 expc-rtem
2770 5474 3038 5532 extitisse,
3087 5473 3262 5541 palam
3299 5475 3734 5528 cstexclamanti

2163 5543 2409 5610 pomisse
2448 5545 2605 5596 tat-ile
2642 5545 2874 5610 -repuui,
2901 5553 2955 5594 et
2985 5547 3143 5596 callis
3182 5543 3460 5611 puriorem
3496 5560 3605 5597 non
3638 5544 3737 5597 ha-

2164 5612 2303 5674 beri,
2332 5627 2453 5680 qua:
2481 5621 2704 5681 peccato
2733 5614 2861 5665 olim
2913 5612 3082 5665 fuerit
3125 5615 3436 5683 deturpata,
3462 5624 3520 5669 et
3548 5630 3735 5682 purio-

2163 5698 2279 5735 rem
2328 5682 2515 5735 sedem
2550 5683 2664 5735 Deo
2709 5682 2896 5735 olferri
2939 5684 3207 5750 potuisse,
3245 5682 3517 5751 siquidem
3572 5684 3737 5737 aliam

2162 5752 2265 5806 sibi
2304 5751 2529 5808 Matrem
2566 5753 2634 5807 ab
2667 5752 2895 5822 originis
2924 5755 3042 5807 labe
3066 5755 3364 5808 immunem
3399 5763 3661 5809 creasset.
