4104 6416
424 438 531 503 (‘21

1202 432 1489 495 ORATIO
1526 432 1609 494 IN
1650 428 2364 492 PRAESENTATIONEM
2406 427 2508 489 SS.
2550 425 2932 489 DEIPAREE.

3570 425 3678 488 622

420 545 663 613 νόμενον,
694 540 841 604 είκὸς
868 540 933 596 ἃν
966 540 1029 595 ού
1067 539 1292 605 δόξειεν.
1324 540 1388 594 Ei
1419 539 1477 594 δὲ
1506 538 1609 605 τὴν
1634 538 1730 592 τοῦ
1757 538 2001 608 συμϐάν-

2120 554 2233 609 τωο
2301 538 2385 593 vel
2448 536 2688 592 maxime
2760 534 3099 590 admiranda:
3156 541 3479 606 censentur,
3536 534 3678 593 banc

411 654 502 699 τος
524 635 795 705 ἐννοήσειέ
823 651 905 694 τις
934 633 1311 702 καινοτομίαν,
1346 632 1447 685 οὐκ
1474 631 1544 686 ἂν
1566 632 1676 684 τῶν
1705 630 1999 697 παροδοξοο

413 727 593 780 τάτων
616 725 736 794 θείη
759 724 1034 791 δεύτερονο
1069 724 1166 777 καὶ
1188 723 1296 793 γάρ
1317 719 1385 794 ἦν
1419 725 1727 776 ἰσοστάσιον
1755 739 2000 776 καινοτο-

418 814 691 887 μούμενόν
727 831 786 867 τε
816 813 935 882 ἅμα
958 814 1054 866 καὶ
1083 812 1539 881 κατανοούμενον.
1595 810 1720 873 Πῶς
1768 811 1878 881 γάρ
1904 809 2002 863 καὶ

420 907 498 977 μὴ
541 904 785 976 ὑπῆρξεν
809 904 955 959 οὕτω
993 909 1106 969 τοῖς
1149 904 1468 975 θεωμένοις,
1506 903 1567 956 ὲν
1613 903 1693 974 τῷ
1727 902 1857 973 θείῳ
1902 902 2001 956 καὶ

415 996 786 1067 ἀφωρισμὲνῳ
814 994 980 1068 χώρῳ
1006 998 1121 1059 τοῖς
1149 994 1217 1048 τὰ
1247 996 1536 1066 ἀπόρρητα
1569 994 1915 1065 μυουμένοις,
1942 995 2002 1048 ἐν

419 1090 464 1141 la
475 1088 551 1158 ρῷ
580 1090 693 1151 τοῖς
719 1087 789 1140 τά
830 1087 954 1156 ἱερὰ
977 1086 1225 1139 τελοῦσιν
1248 1084 1608 1156 ἰνδιατρίὸειν
1646 1099 2002 1153 συγκεχωρη-

420 1179 627 1247 μένοις,
658 1178 716 1230 ὲν
750 1176 939 1247 ἀϐάτῳ
967 1176 1151 1247 σχεδὸν
1184 1175 1402 1244 γυναιξὶ
1428 1176 1601 1244 τόπῳ,
1628 1174 1847 1229 νεάνιδα
1870 1190 2005 1244 παρ·

419 1272 575 1323 θένον
608 1270 896 1333 διαπαντὸς
927 1269 1376 1340 ὲνδιαιτωμένην,
1402 1268 1498 1321 καὶ
1518 1268 1621 1339 τὴν
1651 1267 1819 1338 μόνην
1844 1282 2004 1337 περι-

414 1362 731 1432 ορισθεῐσαν
792 1361 1094 1433 ἀφιέρωσιν
1149 1362 1429 1431 ἀνδράσιν,
1472 1361 1531 1413 ὲν
1592 1358 1813 1428 γυναιξὶ
1868 1357 2001 1428 παρ’

413 1452 610 1506 ἐλπίδα
632 1452 1153 1521 καινοτομουμένην,
1182 1450 1276 1504 καὶ
1304 1450 1414 1503 τῶν
1435 1448 1694 1504 τοιούτων
1721 1447 1848 1518 ἄρτι
1873 1463 2002 1500 και-

417 1546 857 1614 νοτομουμένων,
892 1545 1115 1614 μηδένα,
1153 1546 1293 1613 μήτε
1325 1543 1539 1613 ίερέων,
1575 1542 1715 1612 μήτε
1751 1538 2001 1604 ίδιωτῶν,

2103 632 2408 688 secundam
2451 630 2813 687 existimabit.
2858 628 2985 685 Pari
3024 630 3174 685 enim
3199 629 3566 686 admiratione
3594 630 3681 685 di-

2103 740 2269 795 gnum
2296 733 2417 778 erat
2445 734 2558 777 tum
2591 737 2793 776 novum
2828 721 3151 792 illud,quod
3171 719 3359 789 ﬁebat,
3390 731 3506 778 tum
3528 722 3678 794 quod

2105 831 2203 886 per
2231 813 2336 869 hoc
2392 815 2564 870 menti
2620 813 3085 870 considerandum
3108 813 3500 885 objiciebatur.
3534 814 3684 882 Quo—

2106 907 2272 962 modo
2310 906 2457 963 enim
2495 908 2549 961 in
2579 914 2859 977 stuporem
2890 922 3001 962 non
3063 916 3407 977 raperentur,
3437 923 3566 964 cum
3598 908 3681 963 vi-

2104 998 2318 1062 derent,
2347 998 2401 1053 in
2436 999 2557 1053 loco
2579 998 2677 1052 illo
2711 998 2903 1052 divino
2949 1008 3119 1068 atque
3153 998 3223 1053 iis
3254 997 3565 1069 designato,
3587 999 3683 1069 qui

2105 1089 2485 1145 ineﬂabilibus
2511 1090 2791 1161 mysteriis
2823 1089 3206 1153 initiabantur,
3242 1091 3297 1146 in
3335 1093 3560 1163 templo,
3595 1093 3684 1148 iu-

2105 1197 2294 1250 quam,
2326 1182 2490 1236 simul
2519 1197 2645 1236 cum
2676 1182 2747 1238 iis
2782 1182 2986 1253 quibus
3026 1183 3231 1238 ibidem
3266 1185 3471 1241 morari
3501 1185 3569 1241 ad
3602 1202 3686 1241 sa-

2106 1285 2201 1325 cra
2250 1271 2561 1343 peragenda
2592 1272 2815 1338 licebat,
2861 1273 2915 1326 in
2955 1272 3079 1329 loco
3107 1274 3438 1330 mulieribus
3457 1290 3685 1346 prorsus

2107 1377 2218 1418 non
2247 1363 2525 1428 adeundo,
2556 1365 2796 1435 puellam
2823 1365 3088 1436 virginem
3125 1365 3335 1437 jugiter
3360 1367 3566 1421 versari
3589 1382 3607 1433 ;
3630 1375 3688 1421 et

2113 1455 2591 1510 consecrationem
2625 1456 2793 1524 illam,
2825 1472 2948 1528 quae
2975 1458 3117 1515 viris
3151 1467 3362 1514 tantum
3386 1458 3688 1515 constituta

2108 1556 2249 1612 erat,
2282 1562 2425 1602 novo
2463 1558 2663 1619 praeter
2692 1551 3161 1620 exspectationem
3205 1552 3461 1623 exemplo
3490 1552 3688 1607 mulie-

416 1637 452 1706 ἢ
487 1637 635 1707 ἔργῳ
672 1636 995 1690 διακωλύειν
1025 1638 1323 1705 ἐπιχειρεῖν
1358 1633 1593 1703 ἢλόγοις
1619 1632 1715 1703 τὴν
1737 1630 2004 1715 δοκούσαν

2120 1638 2270 1693 ribus
2301 1653 2649 1695 communem
2681 1642 2831 1709 ﬁeri;
2856 1658 3093 1713 cumque
3125 1644 3251 1699 talia
3277 1659 3428 1700 nunc
3446 1645 3685 1716 primum

420 1728 480 1779 ὲν
532 1726 612 1797 τῷ
664 1728 957 1797 πράγματι
1017 1725 1386 1796 παρανομίαν,
1450 1724 1545 1776 καὶ
1584 1722 1881 1791 διελέγχειν
1910 1721 2006 1773 καὶ

2120 1729 2325 1795 tierent,
2354 1731 2629 1788 neminem
2666 1733 2782 1789 sive
2823 1751 2854 1791 e
2886 1735 3272 1791 sacerdotibus
3298 1736 3414 1791 sive
3438 1752 3470 1792 e
3500 1737 3689 1807 priva-

418 1817 831 1889 ἀπαγορεύειν;
875 1817 1038 1870 Ἀλλά
1067 1818 1178 1888 γάρ
1223 1816 1320 1870 καὶ
1350 1815 1487 1886 πρὸς
1525 1815 1586 1868 τὸ
1639 1814 1714 1885 μὴ
1748 1812 2006 1883 νοηθῆναι

2120 1821 2288 1921 ιίε,.ἰ(1
2322 1824 2471 1893 quod
2512 1825 2615 1896 legi
2665 1842 2724 1881 re
2747 1826 2873 1896 ’ipsa
2935 1828 3218 1884 adversari
3241 1829 3555 1893 videbatur,
3586 1829 3695 1883 im-

415 1909 600 1977 τοῦτο,
647 1910 1049 1981 καταδεχθῆναι
1078 1909 1135 1962 δὲ
1185 1908 1392 1979 μᾶλλον
1437 1908 1536 1978 τὴν
1568 1905 1727 1977 ξένην
1761 1905 2002 1974 ἀφιέρω-

2120 1911 2303 1979 pedire
2356 1922 2454 1968 aut
2501 1914 2836 1983 improbare,
2869 1928 2966 1971 aut
3021 1916 3353 1973 interdicere
3391 1918 3506 1972 sive
3534 1916 3693 1972 lactis

419 2024 528 2071 σιν,
559 2006 652 2060 καὶ
699 2006 1033 2077 συνησθῆναι
1081 2004 1254 2076 ταύτῃ
1290 2006 1418 2066 τοὺς
1450 2003 1696 2074 ὁρῶντας
1723 2000 1998 2065 ἅπαντας,

2120 2001 2228 2056 sive
2268 2004 2454 2059 verbis
2484 2020 2680 2059 ausum
2718 2007 2927 2061 fuisse?
2951 1991 3191 2062 At‘enim
3217 2009 3362 2063 Deus
3391 2007 3691 2077 ipse'obla-

417 2101 448 2151 ὁ
470 2099 713 2168 χαρίτων
738 2097 840 2167 τὴν
867 2098 1292 2168 προσαγομένην
1336 2095 1722 2167 παρεσκεύασε
1749 2094 1904 2157 θεός.

2120 2103 2220 2147 tam
2279 2095 2556 2167 Virginem
2593 2099 2782 2168 gratia:
2837 2099 3165 2154 muneribus
3193 2099 3332 2153 adeo
3365 2108 3689 2155 exornatam

418 2188 690 2253 ostendit,
736 2196 799 2243 ut
833 2203 996 2243 nemo
1037 2202 1256 2251 eorum,
1281 2186 1376 2256 qui
1412 2201 1527 2240 rem
1598 2199 1786 2239 coram
1856 2181 2202 2253 spectabant,
2270 2186 2337 2238 ad
2385 2186 2489 2240 hoc
2525 2196 2765 2242 mentem
2834 2189 3167 2252 adverteret,
3210 2189 3321 2244 imo
3350 2202 3480 2245 vero
3508 2192 3694 2245 cuncti

418 2281 739 2336 inusitatam
772 2280 925 2336 illam
957 2278 1428 2335 consecrationem
1453 2281 1600 2332 ultro
1630 2275 2007 2339 admitterent,
2046 2277 2181 2344 quin
2212 2288 2264 2331 ct
2292 2278 2408 2348 ipsa
2440 2276 2875 2338 delectarentur.

496 2376 581 2427 K'.
608 2373 831 2427 Ἔδωκε
880 2372 1013 2441 γὰρ,
1049 2371 1205 2442 φησὶ,
1235 2368 1413 2439 χάριν
1441 2368 1533 2421 ἐπ’
1562 2367 1759 2436 αὐτὴν
1785 2371 1818 2421 ὁ
1842 2366 2010 2433 Θεὸς,

419 2464 521 2518 καί
550 2464 906 2530 κατεχόρευε
940 2459 1060 2527 τοῖς
1097 2460 1284 2515 ποσίν
1321 2457 1535 2527 αὐτῆς,
1566 2457 1665 2512 καί
1694 2457 2016 2527 ἠγάπησεν

422 2554 624 2624 αὐτὴν
651 2552 772 2620 πᾶς
799 2550 967 2619 οἶκος
995 2552 1359 2635 Ἰσραήλκού
1398 2552 1560 2622 μόνον
1592 2550 1730 2620 πρὸς
1759 2551 1858 2621 τὴν
1888 2567 2013 2602 και-

422 2650 524 2720 νὴν
583 2647 841 2702 ἀπόδοσιν
894 2647 925 2699 ὁ
985 2644 1325 2717 Ἰσραηλίτης
1377 2645 1481 2698 οὐκ
1533 2643 1804 2711 ἀντιλέγει
1858 2642 2008 2706 λαὸς,

425 2742 566 2797 ἀλλὰ
587 2742 684 2796 καὶ
716 2741 896 2812 ἠπίως
944 2738 1306 2807 καταδέχετκι
1343 2735 1583 2806 ταύτην·
1619 2737 1716 2790 καὶ
1745 2736 1804 2788 ού
1851 2734 2011 2789 τοῦτο

428 2834 614 2905 μόνον,
646 2831 783 2887 ἀλλὰ
813 2831 910 2885 καὶ
943 2830 1330 2901 περιποθήτως
1388 2828 1521 2882 αὐτό
1550 2843 1610 2879 τε
1635 2827 1696 2879 τὸ
1725 2827 2012 2895 γινόμενον

427 2926 682 2995 πρᾶγμα,
737 2922 831 3005 καὶ
891 2921 991 2992 τὴν
1061 2918 1483 2991 προσαγομένην
1547 2915 2009 2988 περιπτύσσεται.

438 3014 746 3085 myrtetum
775 3012 888 3084 γὰρ
925 3012 1139 3079 αὐτὴν,
1190 3011 1347 3081 φησὶ,
1381 3008 1501 3075 πᾶς
1531 3005 1695 3073 οἶκος
1725 3005 2008 3073 Ἰσραήλ.

443 3110 536 3171 Ὠς
559 3108 716 3175 θεῐκῇ
747 3104 1150 3174 ἀποδεδομένην
1180 3104 1437 3173 ἠγάπησε
1470 3101 1718 3173 προνοίᾳ,
1743 3098 1887 3152 ὥστε
1915 3114 2012 3151 τα-

435 3199 758 3271 μιευόμενον
796 3196 876 3267 τῷ
922 3195 1128 3266 κτίστῃ
1157 3194 1433 3265 ξτετίμηκε
1464 3191 1773 3263 κειμήλιον,
1818 3189 1894 3253 ὡς
1921 3189 2013 3241 εύ-

430 3269 511 3360 πρ
528 3292 782 3344 όσδεκτον
832 3289 999 3343 αὑτοῦ
1054 3285 1459 3358 περιεπτύξατο
1506 3282 1867 3355 προσφοράν·
1923 3269 2087 3333 καλε

427 3385 532 3437 οὐκ
576 3380 753 3449 εἶπεν,
823 3379 1162 3450 Ἠγὰπησεν
1210 3378 1409 3446 αὐτὴν
1452 3380 1484 3432 ὁ
1536 3372 1703 3441 οἶκος
1749 3373 2012 3441 Ἰσραὴλ,

426 3474 588 3541 ἀλλά,
619 3473 739 3540 πᾶς
765 3469 932 3539 οἶκος
968 3470 1230 3540 Ἰσραήλ.
1266 3471 1379 3539 Οὐχ
1410 3471 1460 3523 oi
1488 3470 1546 3521 ὲν
1571 3468 1651 3539 τῷ
1680 3468 1831 3537 θείῳ,
1859 3466 2014 3535 φησὶ,

428 3565 647 3634 τεμένει
671 3563 833 3634 μόνον
854 3562 1133 3632 ἀρχιερεῖς
1157 3559 1253 3613 καὶ
1281 3558 1493 3612 λευῐται
1524 3557 1762 3619 ἅπαντες
1788 3555 1917 3607 οἵτε
1940 3554 2019 3623 τῷ

434 3654 811 3727 θυσιαστηρίῳ
862 3653 1247 3723 ἐφεδρεύοντες
1319 3651 1420 3705 καὶ
1463 3652 1581 3714 ταῖς
1635 3648 1849 3710 θυσίαις
1883 3647 2018 3701 καθ-

437 3747 896 3819 υπηρετούμενοι,
944 3747 1009 3815 τῇ
1061 3742 1428 3815 καθαρωτάτη
1484 3740 1690 3812 ταύτης
1734 3739 2020 3810 συνήδοντο

437 3840 646 3910 σχέσει,
665 3838 803 3893 ἀλλά
835 3838 932 3892 καὶ
960 3838 1011 3890 oi
1039 3834 1380 3908 πανταχόθεν
1403 3834 1856 3905 συναγειρόμενοι
1882 3849 2021 3902 συμ-

433 3935 687 4003 φυλέται,
743 3934 839 3988 καὶ
885 3932 984 4002 τῆς
1014 3928 1275 4002 πατρῴας
1325 3929 1493 3981 ἕνεκα
1545 3926 1868 3997 θρησκείας,
1926 3927 2019 3978 τὸν

435 4026 786 4099 περιώνυμον
824 4025 1033 4078 ἀκείνον
1062 4019 1577 4091 καταλαμϐάνοντες
1618 4016 1768 4079 ναὸν,
1803 4016 2017 4085 ἄνδρες,

435 4120 717 4188 γυναῖκες,
756 4113 1084 4189 πρεσϐῦται,
1144 4112 1279 4174 νέοι,
1323 4108 1584 4181 παρθένοι
1643 4105 2022 4176 συνηλικιώτι-

434 4211 547 4274 δες,
594 4207 918 4278 αὐτόχθονις
956 4222 1015 4258 τε
1048 4207 1142 4258 καὶ
1190 4205 1241 4255 οἱ
1276 4204 1340 4254 ὲκ
1371 4202 1677 4269 διασπορᾶς
1729 4198 2018 4267 φοιτῶντες

448 4302 817 4371 Ἰσραηλῖται’
851 4298 1055 4360 πάντες
1107 4290 1253 4350 οὗτοι
1312 4293 1390 4364 τῷ
1422 4292 1525 4361 τῆς
1579 4292 1861 4360 θεωμένης
1910 4291 2019 4342 τῶν

435 4396 760 4465 ἀνακτόρων
805 4391 954 4444 ἔνδον
1011 4386 1476 4454 καταθελγόμενοι
1524 4383 1739 4447 κάλλει,
1789 4386 1858 4452 τῇ
1897 4383 2020 4434 ἀνο-

438 4485 617 4557 θεύτῳ
634 4484 841 4555 ταύτης
870 4480 1244 4553 προσεφύοντο
1276 4479 1578 4549 ἀγαπήσει,

511 4580 645 4632 KA'.
671 4577 776 4631 Διά
825 4575 1024 4667 τοῦτο,
1056 4573 1243 4642 φησὶν,
1286 4566 1847 4667 ἠγάπησεν-αὐτὴν
1900 4565 2020 4667 πᾶς
2057 4614 2098 4667 D

437 4665 607 4733 οἶκος
648 4667 918 4736 Ἰσραήλ.
943 4660 1065 4720 Ἦν
1094 4665 1226 4734 γὰρ,
1261 4663 1417 4732 φησὶ,
1452 4661 1694 4731 Μαριὰμ
1719 4659 2018 4730 νεμομένη

440 4762 511 4813 ὲν
548 4759 627 4825 τῷ
653 4758 779 4825 ναῷ
807 4758 1052 4826 Κυρίου,
1091 4754 1236 4809 ὡσεί
1268 4753 1605 4821 περιστερά.
1638 4751 1735 4815 Τίς
1756 4751 1822 4805 ἂν
1845 4753 2025 4805 ἐκεῖνο

442 4856 505 4904 τὸ
531 4851 701 4920 γλυκὺ
731 4852 828 4903 καὶ
857 4847 1094 4918 ποθητὸν
1140 4844 1263 4899 ίδὼν
1295 4846 1358 4898 οὐ
1409 4842 1750 4913 κατεθέλχθη
1804 4842 2023 4912 θέαμα;

440 4944 527 5007 τίς
556 4946 613 4995 ὲν
639 4942 909 5014 ἐπιθυμίᾳ
954 4941 1057 5011 τῆς
1092 4938 1403 5008 παραδόξου
1426 4937 1636 5005 ταύτης
1665 4936 1770 4989 οὐκ
1800 4935 1869 4988 ἂν
1899 4936 2027 5004 εγε-

442 5053 566 5091 νετο
593 5036 862 5107 θεωρίας;
903 5036 994 5099 Ὠς
1030 5033 1290 5087 ἁπάντων
1344 5031 1445 5100 μὲν
1475 5030 1587 5084 τῶν
1630 5028 1866 5098 ὁρατῶν,
1898 5026 2025 5091 τούς

441 5147 503 5182 τε
554 5131 653 5197 τῆς
691 5128 931 5190 διανοίας
988 5125 1087 5179 καὶ
1139 5122 1437 5193 αἰσθητοὺς
1474 5122 1791 5189 ἀπαγαγεῖν
1820 5118 2026 5190 ὀφθαλ-

450 5221 608 5290 μοὺς.
641 5223 722 5285 είς
745 5221 804 5275 δὲ
832 5221 896 5273 τὸ
922 5220 1021 5290 ἡδὺ
1057 5217 1152 5271 καὶ
1176 5214 1462 5269 θελκτικδν
1487 5215 1666 5267 ἐκεῖνο
1710 5212 2028 5281 μεταθεῖναι

447 5312 652 5382 θέαμα,
677 5309 954 5380 σκοπῆσαί
977 5326 1037 5362 τε
1054 5308 1152 5379 τὴν
1182 5304 1667 5378 μεγαλοπρέπειαν
1690 5303 1785 5357 τοῦ
1816 5306 2027 5371 γένους,

444 5406 511 5456 ἓν
539 5403 693 5473 ἀκμῇ
715 5401 816 5471 τῆς
847 5399 1067 5471 ἡλικίας
1118 5400 1218 5471 τὴν
1266 5397 1618 5467 τελειοτάτην
1649 5394 1739 5449 διὰ
1766 5395 1867 5466 τῆς
1894 5412 2030 5464 καρ-

449 5495 635 5567 τερίας
670 5493 1090 5561 ὲνδεικνυμένην
1121 5490 1345 5562 ἀρετὴν,
1398 5489 1494 5543 καὶ
1543 5487 1652 5541 τῶν
1684 5485 1907 5557 ὑψηλῶν
1936 5490 2031 5542 καὶ

454 5586 625 5653 ξένων
654 5582 1091 5656 κατατρυφῶσαν
1124 5581 1502 5652 χαρισμάτων,
1532 5580 1662 5631 ίδεῖν
1683 5581 1744 5630 τὺ
1767 5578 2034 5649 πολυέρα-

455 5691 581 5726 στον
631 5673 790 5745 ἡμῶν
848 5671 1302 5740 ἐγκαλλὼπισμα,
1364 5671 1423 5721 ἐν
1473 5671 1586 5731 τοῖς
1620 5668 1887 5736 ἐνδοτέρω
1935 5668 2033 5737 μὲν

455 5766 817 5839 περιχορεῦον
838 5765 933 5819 τοῦ
970 5764 1117 5835 ἱεροῦ
1147 5764 1244 5817 καὶ
1271 5766 1391 5827 ταῖς
1424 5762 1598 5825 θείαις
1638 5762 2033 5832 imparia-ripe-

456 5878 546 5913 νον
577 5860 785 5929 χάρισι,
841 5860 953 5921 τοῖς
982 5858 1228 5924 διαυγέςι
1288 5857 1342 5908 δὲ
1373 5857 1473 5923 τῆς
1532 5856 1908 5926 καθαρότητος
1946 5857 2033 5912 τὸν

2186 2368 2305 2424 ΧΧ.
2344 2371 2498 2427 Dedit
2520 2377 2682 2440 enim,
2724 2376 2923 2446 inquit,
2952 2376 3088 2429 Deus
3114 2374 3196 2429 illi
3234 2378 3488 2447 gratiam.
3522 2388 3571 2429 et
3592 2380 3693 2430 tri-

2111 2462 2365 2528 pudiabat
2396 2465 2614 2534 pedibus
2637 2468 2767 2530 suis,
2795 2478 2844 2521 et
2877 2467 3130 2539 diligebat
3172 2486 3289 2523 eam
3323 2470 3491 2522 omnis
3511 2470 3695 2522 domus

2112 2552 2309 2608 Israel.
2359 2556 2481 2611 Non
2522 2559 2685 2613 modo
2735 2550 2967 2615 insuetae
3004 2560 3136 2614 huic
3161 2560 3428 2614 oblationi
3462 2561 3698 2631 populus

2116 2641 2453 2699 lsracliticus
2508 2662 2618 2701 non
2669 2648 3023 2715 contradicit,
3073 2664 3273 2704 verum
3323 2650 3490 2704 etiam
3521 2650 3693 2719 ipsam

2117 2735 2302 2787 animo
2326 2736 2567 2793 admittit
2591 2753 2605 2802 ;
2638 2754 2816 2807 neque
2869 2740 2979 2793 hoc
3006 2748 3239 2807 tantum,
3276 2756 3468 2795 verum
3489 2752 3547 2795 et
3569 2756 3694 2796 cum

2117 2826 2320 2880 allecto
2357 2828 2491 2883 illud
2517 2829 2715 2899 ipsum,
2741 2831 2887 2899 quod
2921 2833 2999 2897 lit,
3030 2842 3087 2887 et
3121 2847 3266 2898 eam,
3292 2849 3414 2902 qua:
3444 2833 3695 2895 olIertur,

2116 2919 2489 2987 amplectitur.
2549 2919 2813 2991 Diligebat
2854 2925 3014 2986 enim,
3068 2924 3283 2993 inquit,
3326 2924 3481 2978 illam
3520 2926 3693 2980 omnis

2120 3010 2305 3062 domus
2337 3009 2531 3067 Israel.
2563 3012 2766 3066 Dilexit
2808 3023 2998 3083 utpote
3028 3015 3220 3069 divino
3246 3016 3481 3070 consilio
3504 3032 3696 3072 conse-

2120 3110 2351 3163 cratam,
2379 3110 2637 3174 tanquam
2671 3105 2951 3159 cimelxum
2977 3105 3226 3162 Creatori
3256 3109 3561 3178 repositum
3595 3110 3699 3165 bo-

2121 3195 2362 3261 noravit,
2429 3204 2691 3267 tanquatn
2748 3199 3186 3268 acceptissimam
3235 3201 3311 3254 illi
3360 3200 3696 3257 oblationem

2121 3288 2614 3357 complectebatur.
2650 3290 2718 3343 Et
2742 3305 2850 3343 non
2877 3291 3035 3353 dixit,
3077 3291 3335 3363 Diligebat
3358 3309 3477 3347 eam
3512 3295 3698 3350 domus

2120 3380 2315 3445 Israel,
2349 3383 2468 3446 sed,
2507 3383 2678 3437 omnis
2702 3383 2890 3437 domus
2909 3382 3101 3437 Israel.
3133 3385 3251 3438 Non
3282 3385 3447 3440 modo
3475 3386 3698 3458 (inquit)

2119 3471 2214 3541 qui
2250 3470 2304 3524 in
2358 3470 2548 3526 divino
2614 3472 2821 3541 templo
2874 3473 3374 3542 erantpontilices,
3409 3475 3699 3546 levitasque

2120 3562 2387 3628 universi,
2426 3571 2483 3617 et
2505 3564 2599 3633 qui
2626 3563 2786 3618 altari
2809 3564 3175 3630 adsistebant,
3203 3575 3261 3621 et
3283 3567 3571 3623 sacriﬁciis
3594 3571 3695 3623 mi-

2119 3653 2453 3719 nistrabant,
2485 3654 2781 3723 purissima
2821 3655 2969 3709 illius
3019 3658 3205 3726 specie
3233 3658 3652 3715 delectabantur
3683 3679 3696 3723 ;

2120 3745 2217 3800 sed
2239 3746 2404 3801 etiam
2435 3746 2535 3812 illi,
2571 3747 2665 3816 qui
2695 3747 2941 3818 undique
2976 3750 3387 3806 conveniebant
3408 3753 3696 3807 contribu-

2122 3837 2223 3904 les,
2246 3846 2305 3891 et
2325 3853 2390 3891 ex
2419 3838 2613 3906 patria:
2661 3837 2946 3905 religionis
2994 3838 3251 3893 instituto
3290 3841 3359 3893 ad
3395 3841 3697 3896 celeberri-

2122 3942 2273 3981 mum
2299 3927 2430 3982 illud
2457 3928 2720 3997 templum
2745 3928 3103 3993 accedebant,
3130 3928 3255 3993 viri,
3291 3931 3578 3995 mulieres,
3609 3948 3697 3988 se-

2122 4033 2260 4082 nes,
2310 4019 2568 4082 iuvenes,
2617 4019 2860 4089 virgines
2912 4030 3223 4083 οοωιιιηοίε.
3268 4021 3581 4089 indigenas,
3640 4031 3698 4076 et

2121 4112 2216 4181 qui
2264 4127 2329 4167 ex
2362 4111 2705 4180 dispersione
2754 4114 2970 4169 lsraelis
2997 4113 3379 4178 accurrebant,
3398 4113 3487 4168 isti
3504 4129 3700 4169 omnes

2124 4203 2535 4272 pulchritudine
2566 4205 2736 4270 illius,
2763 4222 2883 4276 qua:
2907 4209 2961 4260 in
2992 4207 3160 4261 sacris
3174 4206 3353 4277 adytis
3388 4205 3693 4268 visebatur.

2126 4296 2263 4366 rapti
2292 4296 2666 4352 sincerissimo
2694 4314 2819 4370 erga
2848 4299 3020 4369 ipsam
3063 4313 3254 4353 amore
3282 4297 3692 4354 adiciebantur.

2200 4567 2341 4621 XXI.
2378 4568 2696 4639 Propterea,
2752 4571 2849 4637 ait,
2886 4571 3135 4641 diligebat
3172 4588 3289 4625 eam
3319 4573 3490 4626 omnis
3518 4573 3706 4627 domus

2131 4662 2320 4717 Israel.
2360 4661 2492 4717 Erat
2519 4664 2682 4728 enim,
2715 4663 2917 4733 inquit,
2943 4662 3118 4716 Maria
3148 4662 3394 4717 habitans
3430 4665 3483 4716 in
3511 4663 3707 4734 templo

2130 4754 2367 4816 Domini,
2430 4756 2562 4809 sicut
2619 4753 2884 4808 columba.
2924 4753 3187 4820 Quisnam
3246 4770 3416 4809 suave
3469 4754 3607 4809 illud
3643 4770 3710 4809 ac

2130 4841 2499 4899 desiderabile
2535 4843 2910 4914 spectaculum
2943 4843 3163 4897 intuens
3192 4843 3560 4900 delectatione
3594 4861 3706 4901 non

2130 4935 2464 5004 caperetur?
2509 4934 2762 5004 quisnam
2791 4934 3131 4989 admirandae
3162 4936 3311 4991 illius
3346 4936 3577 4992 visionis
3609 4938 3706 4993 de~

2132 5028 2340 5085 siderio
2370 5043 2479 5084 non
2508 5027 2829 5083 teneretur?
2860 5028 2927 5082 Et
2964 5043 3098 5082 sane
3132 5028 3381 5084 omnium
3404 5028 3522 5100 ipsa
3548 5044 3708 5087 men-

2134 5123 2206 5177 tis
2246 5122 2610 5191 corporisque
2634 5121 2829 5176 oculos
2862 5137 2892 5175 a
2918 5122 3135 5177 cunctis
3155 5122 3470 5179 visibilibus
3494 5123 3710 5180 abstra-

2133 5213 2274 5267 hens
2305 5211 2361 5265 in
2399 5211 2562 5266 dulce
2589 5212 2720 5266 illud
2749 5222 2806 5267 et
2829 5212 3136 5282 jucundum
3170 5213 3548 5282 spectaculum
3574 5228 3712 5269 con-

2133 5305 2406 5370 vertebat,
2472 5312 2534 5359 ut
2583 5306 2934 5360 intuerentur
2990 5305 3218 5359 humani
3277 5307 3497 5376 generis
3543 5307 3717 5362 decus

2136 5397 2761 5469 magniﬁcentissimum,
2782 5407 2839 5453 et
2860 5397 3316 5466 perfectissimam
3347 5399 3401 5453 in
3428 5399 3561 5454 ﬂore
3584 5408 3716 5453 teta—

2137 5491 2209 5545 tis
2236 5491 2521 5554 virtutem,
2559 5504 2682 5558 quae
2709 5504 2809 5559 per
2838 5491 3031 5542 miram
3076 5490 3442 5544 constantiam
3477 5503 3536 5542 se
3583 5501 3713 5555 pro-

2137 5582 2325 5645 debat,
2383 5588 2441 5635 et
2502 5580 2833 5635 sublimibus
2880 5578 3228 5649 insolitisque
3286 5575 3717 5635 charismatibus

2139 5675 2421 5737 allluebat,
2452 5683 2514 5728 ut
2542 5673 3053 5739 contemplarentur
3080 5687 3223 5735 eam,
3250 5687 3372 5742 quae
3393 5668 3712 5724 dulcissima

2143 5776 2328 5822 nostra
2352 5765 2523 5837 gloria
2546 5776 2650 5827 est,
2677 5765 2732 5818 in
2758 5764 3113 5818 interioribus
3164 5761 3381 5830 templis
3411 5760 3716 5829 tripudian-

2145 5870 2277 5928 tem,
2314 5876 2374 5914 ac
2409 5859 2609 5913 divini,
2662 5858 2850 5927 gratiis
2884 5864 3285 5915 coruscantem,
3314 5863 3428 5908 tum
3485 5851 3719 5906 domici-
