4104 6414
402 394 564 474 διδ,

1158 393 1442 453 ORATIO
1481 394 1561 452 ΙΝ
1596 390 2313 452 PRESENI‘ATIUNEM
2354 390 2453 448 SS.
2492 388 2861 447 DElPARE.

2566 256 2597 283 Χ

3571 394 3705 451 «κεῖ

407 516 622 560 σαντες,
652 492 697 551 ὦ
727 501 936 560 τέκνον,
967 499 1167 569 πολλὴν
1199 500 1255 551 δὲ
1289 501 1389 570 τὴν
1439 501 1696 553 ἐπίπονον
1746 500 1989 567 ἀγωνίαν

2098 497 2482 551 vehementius
2506 512 2602 549 eos
2629 497 3031 550 contristaruut
3072 506 3166 551 aut
3211 497 3574 567 impulerunt,
3618 516 3679 555 ut

405 589 773 658 ἑνδειξάμενοι
803 592 896 643 καὶ
921 594 1017 656 τὴν
1038 594 1278 663 χαλεπὴν
1312 593 1689 664 ταλαιπωρίαν
1722 593 1993 644 ὑποστάν-

405 698 522 745 τες,
547 681 687 734 ὥστε
714 683 809 735 καὶ
832 682 939 736 τῶν
963 686 1058 754 τῆς
1091 688 1346 750 ἀτεκνίας
1385 686 1763 753 ἀπαλλαγῆναι
1804 701 1991 753 σκωμν

412 773 617 837 μάτων,
654 773 748 825 καί
787 791 844 826 σε
892 778 1332 849 παρασχεθεῖσαν
1381 778 1629 846 διηνεκὲς
1688 777 1833 846 ἔχειν
1887 776 1992 845 πρὸ

403 864 706 935 ὀφθαλμῶν
730 867 1065 937 ἀγαλλίαμα,
1100 870 1209 923 τῶν
1247 870 1731 940 προσδοκηθέντων
1767 871 1992 939 ἀγαθῶν

402 958 505 1028 τὴν
527 960 817 1030 ἀφαίρεσιν
853 963 1220 1033 ὑπομένομεν.
1251 967 1379 1017 Ὅτε
1415 966 1525 1036 γὰρ
1552 965 1761 1018 τούτων
1796 967 1992 1018 ἐναπο-

402 1048 593 1102 λαύειν
641 1052 870 1122 προσῆν,
924 1055 1016 1105 καὶ
1075 1057 1133 1107 ἐν
1191 1057 1449 1127 ἐπιτυχία
1500 1056 1592 1109 τοῦ
1649 1055 1988 1126 ζητουμένου

400 1139 766 1211 καθέστηκεν,
803 1147 891 1197 ὅτε
924 1144 1032 1197 τῶν
1067 1147 1244 1199 πόνων
1286 1148 1581 1219 ἀνείθημεν
1618 1151 1711 1203 καὶ
1754 1150 1853 1219 τὴν
1879 1150 1989 1203 τῶν

398 1234 787 1304 χρηστοτέρων
819 1236 877 1288 ἐν
905 1240 1061 1305 χερσὶ
1083 1240 1413 1308 κατείχομεν
1444 1242 1841 1312 πληροφορίαν,
1866 1243 1987 1296 τότε

400 1325 470 1390 τῇ
502 1323 876 1398 συμϐαινούσῃ
908 1328 1211 1392 διαστάσει,
1237 1332 1300 1383 αῖ
1323 1348 1379 1383 τε
1407 1333 1617 1398 ἐλπίδες
1653 1337 1990 1406 καταρρέου-

402 1430 478 1478 cn,
512 1417 603 1468 καὶ
631 1419 678 1469 οἱ
718 1418 869 1472 πόνοι
900 1422 1253 1491 σφοδρότεροι
1304 1427 1732 1495 προσπίπτουσι,
1782 1428 1877 1481 καὶ
1926 1429 1985 1481 τὸ

399 1506 645 1576 λυπηρὸν
695 1509 1123 1584 ἀπαρηγόρητον
1164 1517 1675 1586 συνεπιτιθέμενον,
1732 1519 1858 1590 ἀνιᾷ
1889 1523 1986 1575 καὶ

400 1598 647 1669 βαρύνει,
677 1599 789 1654 καὶ’
809 1605 957 1657 ἔνδον
1000 1608 1321 1676 προχωροῦν
1357 1611 1714 1682 κατατρύχει.
1771 1614 1843 1665 Οὐ
1875 1616 1986 1683 γὰρ

396 1686 546 1740 οὕτω
574 1690 632 1742 τὸ
657 1693 717 1744 ὲν
762 1692 943 1747 ἐλπίσι
982 1699 1237 1766 κείμενον
1274 1700 1501 1767 ἀγαθὸν,
1538 1702 1613 1764 ὡς
1651 1704 1711 1754 τὸ
1737 1704 1794 1755 ἐν
1825 1707 1983 1775 χερσὶ

394 1782 712 1852 γενόμενον,
748 1789 971 1857 ταχεῖάν
1006 1807 1061 1842 τε
1092 1791 1190 1860 τὴν
1226 1793 1515 1863 ἀφαίρεσιν
1559 1796 1852 1867 ὑπομένον,
1884 1800 1983 1869 τὴν

392 1874 496 1941 τῆς
527 1874 830 1947 ἀποτυχίας
880 1881 1308 1951 ἀνίαν’ὲμποιεῒ.
1343 1884 1414 1937 Τὸ
1450 1887 1547 1955 μὲν
1577 1889 1685 1957 γὰρ
1722 1890 1781 1941 ἐν
1819 1890 1982 1943 ἀπεί-

394 1982 511 2032 pst;
541 1967 633 2021 τοῦ
670 1970 1010 2041 ἐπιθυμητοῦ
1070 1973 1143 2043 μὴ
1175 1976 1604 2046 προγίνὸμεπιον,
1658 1981 1858 2050 ῥαδίως
1889 1981 1985 2051 φέ-

393 2064 552 2124 ρεται
577 2073 590 2087 ⁸
622 2059 680 2112 τὸ
712 2061 770 2115 δὲ
790 2066 902 2126 τοῖς
928 2064 1021 2117 τοῦ
1046 2066 1200 2135 ἡδέος
1232 2068 1397 2121 αὑτοῦ
1426 2074 1783 2140 γευσαμένοις
1814 2076 1980 2141 ἀφαι-

394 2150 680 2221 ρούμενον,
717 2155 1055 2230 δυσφόρητον
1094 2162 1193 2230 μὲν
1223 2163 1321 2230 τὴν
1347 2164 1633 2235 ἀφαίρεσιν
1654 2166 1789 2237 ἔχει,
1820 2169 1983 2237 χαλε·

393 2240 505 2308 πὴν
532 2244 587 2295 δὲ
621 2244 719 2315 τὴν
753 2249 957 2317 ζημίαν
984 2254 1094 2313 τοῖς
1130 2253 1468 2322 ὑπομένουσι
1500 2258 1770 2327 προξενεῖ.
1818 2259 1982 2330 Ἡμῖν

395 2332 498 2403 μὲν
527 2332 621 2389 οὖν
647 2338 856 2391 πολλῶν
886 2342 1063 2395 πόνων
1086 2344 1182 2396 καὶ
1211 2347 1530 2417 προσευχῶν
1565 2351 1773 2419 καρπδς
1802 2370 1874 2403 πα
1886 2370 1982 2421 ρα-

399 2428 682 2496 σχεθείσα,
720 2432 817 2502 τῆς
844 2450 901 2485 τε
929 2435 1136 2487 ἀπολαύ
1149 2454 1283 2500 σεως
1312 2437 1564 2505 ἕγευσας,
1617 2446 1709 2495 καὶ
1732 2444 1829 2513 τὴν
1856 2446 1976 2496 ἐπι-

393 2512 597 2587 θυμίαν
626 2519 858 2591 ἔστησας
877 2538 890 2550 ·
930 2523 1023 2576 νῦν
1049 2525 1105 2577 δὲ
1129 2528 1268 2595 μετά
1298 2531 1495 2599 πεῖραν
1521 2531 1627 2582 τῶν
1659 2535 1766 2585 σῶν
1792 2512 1981 2589 καλῶν

394 2608 431 2676 ἡ
457 2611 768 2681 ἀφαίρεσις,
803 2615 898 2667 καὶ
933 2616 1075 2685 μετά
1123 2618 1222 2688 τὴν
1255 2621 1557 2674 ἀπόλαυσιν
1590 2626 1621 2692 ἡ
1656 2624 1851 2693 ζημία,
1885 2628 1980 2679 καὶ

394 2698 457 2751 τὸ
485 2702 649 2773 ἀηδὲς
678 2705 816 2773 μετά
845 2708 943 2777 τὴν
981 2709 1194 2779 ἡδονήν.
1231 2711 1323 2763 Διὸ
1376 2712 1485 2765 τῶν
1540 2729 1599 2764 τε
1633 2716 1978 2784 πραγμάτων

395 2788 639 2861 ήέφεσις
682 2796 890 2867 ἔρημος
927 2800 1310 2863 ἀπολείπεται,
1364 2804 1459 2856 καὶ
1509 2802 1596 2856 διά
1632 2804 1832 2875 βάθους
1879 2809 1978 2877 τῆς

391 2883 573 2956 ψυχῆς
627 2888 696 2942 τὰ
724 2889 960 2961 ὀδυνηρά
994 2892 1093 2960 τῆς
1131 2893 1344 2960 φύσεως
1395 2899 1565 2965 χωρεῖ
1609 2897 1834 2967 κέντρα.
1869 2900 1978 2953 Καὶ

392 2977 447 3029 εἰ
487 2978 586 3047 μὲν
625 2980 762 3050 πρὸς
795 2982 984 3051 ἕτερον
1021 2978 1089 3054 ἦν
1120 2985 1357 3049 ἀπιδεῖν,
1394 2986 1426 3055 ἢ
1456 2988 1686 3060 παρδνῆ
1720 2992 1977 3059 ἐσόμενον

392 3068 607 3136 τέκνον,
634 3068 782 3143 εῖχεν
806 3074 871 3128 ἂν
897 3078 955 3126 τὸ
987 3077 1225 3146 φορητὸν
1259 3081 1291 3147 ἡ
1336 3077 1620 3143 διάστασις
1644 3096 1659 3112 ⁸
1702 3082 1891 3153 ἐπειδὴ
1918 3084 1975 3137 δὲ

2096 592 2161 646 ad
2197 590 2359 645 ﬁliam
2406 607 2714 647 Sermonem
2768 592 3038 647 haberent
3085 591 3403 662 hujusmodi
3442 610 3455 647 :
3508 595 3693 650 Multa

2093 683 2337 753 quidem,
2363 692 2422 737 ut
2451 694 2502 738 te
2522 685 2926 751 obtineremus,
2960 685 3205 755 perpessi
3229 701 3444 753 sumus,
3478 703 3513 743 ο
3543 689 3683 750 lilia,

2093 784 2371 830 certamen
2402 776 2649 845 apprime
2674 777 3008 831 laboriosum
3047 779 3412 847 suscepimus,
3451 795 3678 849 graves-

2092 886 2200 940 que
2246 885 2522 926 mrumnas
2565 873 2955 935 sustinuimus,
3006 882 3067 926 ut
3105 881 3163 927 et
3210 890 3238 927 a
3284 874 3709 929 scommatibus

2091 969 2315 1028 propter
2349 960 2696 1015 sterilitatem
2730 962 2950 1033 injectis
2981 963 3367 1024 liberaremur,
3400 978 3465 1017 ac
3495 972 3546 1018 te
3570 979 3670 1016 uo-

2090 1051 2180 1106 bis
2209 1052 2465 1106 donatam
2489 1054 2619 1123 juge
2654 1063 2780 1109 ante
2805 1056 2997 1109 oculos
3032 1056 3276 1110 solamen
3309 1055 3640 1110 haberemus
3657 1071 3697 1121 :-

2091 1159 2237 1198 nunc
2268 1154 2449 1199 autem
2502 1160 2718 1207 eorum,
2774 1163 2895 1217 quze
2943 1147 3151 1201 tamdiu
3212 1147 3674 1217 exspectavimus.

2089 1234 2360 1289 bonorum
2384 1236 2653 1305 jactur-am
2681 1238 2941 1305 patimur.
2974 1237 3210 1304 Quando
3236 1239 3385 1294 enim
3417 1238 3538 1294 istis
3564 1239 3695 1311 jam

2089 1328 2197 1383 frui
2228 1329 2483 1394 dabatur,
2510 1331 2770 1399 quodque
2803 1338 3122 1396 exoptatum
3143 1346 3210 1385 ac
3239 1331 3533 1400 quaesitum
3566 1331 3687 1385 fue—

2091 1429 2194 1481 rat,
2232 1435 2456 1475 eramus
2499 1421 2755 1486 assecuti,
2817 1422 3039 1491 quando
3065 1423 3302 1477 cessatio
3328 1439 3359 1477 a
3392 1423 3691 1478 laboribus

2088 1512 2537 1581 promittebatur,
2576 1522 2632 1566 et
2695 1528 2909 1573 eorum,
2965 1529 3086 1582 quae
3142 1514 3372 1581 reliquis
3420 1514 3692 1567 omnibus

2083 1606 2416 1676 jucundiora
2446 1605 2607 1660 nobis
2654 1615 2835 1669 erant,
2874 1606 3033 1676 plena
3073 1606 3425 1676 possessione
3468 1606 3679 1676 gaude-

2086 1696 2315 1763 bamus;
2346 1706 2498 1761 tunc,
2543 1696 2779 1765 abrupto
2821 1697 3124 1758 consortio,
3169 1705 3228 1751 et
3283 1710 3412 1765 spes
3474 1705 3689 1750 nostra.»

2088 1787 2366 1851 difﬂuunt,
2391 1796 2446 1841 et
2485 1786 2766 1858 graviores
2803 1787 3021 1839 irruunt
3048 1781 3352 1851 aerumnae;
3375 1800 3442 1840 ac
3472 1801 3683 1839 mtBl‘Ul’

2089 1879 2336 1935 succedit
2370 1877 2767 1934 consolationis
2817 1878 3061 1941 nescius,
3114 1878 3208 1948 qui
3244 1893 3344 1934 nos
3379 1877 3587 1947 afﬂigit,
3623 1887 3687 1932 ct

2089 1970 2374 2040 opprimit,
2399 1979 2454 2025 et
2477 1971 2666 2025 intima
2689 1957 2871 2024 cordis
2893 1969 3196 2040 pervadens
3218 1969 3537 2026 discruciat.
3554 1971 3674 2025 Non

2088 2062 2235 2117 enim
2262 2062 2377 2131 pari
2406 2062 2593 2116 dolore
2627 2060 2794 2116 adicit
2833 2062 3057 2116 amissio
3109 2062 3260 2123 boni,
3297 2062 3444 2131 quod
3495 2063 3689 2117 adhuc

2090 2154 2204 2225 spei
2236 2163 2436 2208 nostra:
2491 2163 2703 2207 tantum
2732 2153 3015 2223 objicitur,
3045 2155 3511 2223 quemadmodum
3570 2157 3685 2209 im-

2088 2248 2307 2317 provisa
2342 2247 2496 2310 boni,
2532 2246 2682 2315 quod
2731 2247 2842 2317 jam
2907 2257 3179 2311 tenemus,
3223 2246 3451 2301 ablatio.
3495 2247 3692 2301 Facile

2088 2340 2236 2395 enim
2292 2340 2488 2403 lertur,
2523 2340 2568 2393 si
2615 2339 2964 2409 inexpertum
2996 2339 3221 2401 bonum,
3272 2338 3418 2408 quod
3466 2353 3679 2393 concu-

2089 2433 2344 2502 piscitur,
2386 2432 2603 2502 assequi
2633 2449 2741 2486 non
2800 2434 2984 2487 liceat.
3023 2432 3120 2487 Sin
3169 2442 3352 2487 autem
3392 2432 3685 2503 quidpiam

2089 2524 2158 2577 iis
2187 2523 2454 2587 aufertur,
2494 2523 2586 2592 qui
2630 2523 2956 2577 suavitatem
2981 2525 3101 2593 ejus
3127 2526 3239 2596 jam
3300 2531 3681 2593 gustaverant,

2088 2596 2327 2667 dillicilis
2378 2628 2613 2682 prorsus
2668 2611 2735 2665 ad
2782 2612 3070 2667 ferendum
3108 2613 3344 2683 privatio
3376 2614 3497 2683 ejus
3540 2629 3685 2668 eone

2091 2704 2271 2773 tingit,
2306 2704 2683 2772 fraudatisque
2735 2705 3157 2761 acerbissimum
3207 2706 3455 2760 dolorem
3488 2705 3687 2760 affert-

2086 2795 2205 2851 Jam
2248 2811 2381 2850 vero
2414 2803 2469 2849 tu
2506 2795 2667 2850 nobis
2698 2811 2960 2851 concessa
3000 2796 3184 2851 fueras
3229 2807 3490 2867 tanquam
3528 2799 3687 2851 mulo»

2090 2894 2269 2940 torum
2304 2886 2558 2941 laborum
2576 2877 2649 2941 'ac
2681 2902 2903 2956 precum
2935 2887 3234 2943 eﬂusarum
3271 2890 3508 2954 fructus,
3541 2891 3689 2960 jam~

2085 2994 2193 3050 que
2242 2987 2302 3033 ut
2342 2979 2667 3033 suavissima
2702 2978 3026 3033 fruerentur
3056 2980 3341 3050 voluptate
3384 2982 3685 3046 etl'eceras,

2086 3081 2451 3140 nostrumque
2481 3072 2806 3140 expleveras
2837 3072 3204 3151 desiderium;
3232 3082 3316 3129 ast
3340 3088 3469 3128 ecce
3499 3073 3675 3129 hono-

394 3162 499 3231 μία
533 3166 631 3236 τῆς
677 3165 1012 3238 ἀσθενούσης
1060 3169 1277 3239 φύσεως
1325 3169 1590 3240 θεραπεία
1622 3172 1973 3244 δεδωρημένη

2084 3180 2227 3230 rum,
2260 3180 2382 3234 quae
2414 3164 2466 3218 in
2499 3173 2550 3218 te
2583 3174 2734 3227 sunt,
2775 3166 3176 3234 experientiam
3205 3165 3411 3236 excipit
3443 3182 3673 3221 eorum-

391 3253 729 3326 740tépmaat
755 3259 834 3329 τῷ
863 3259 1030 3325 δόντι,
1063 3262 1163 3324 τὰς
1193 3262 1472 3331 ἡμετέρας
1505 3263 1831 3333 ἀναφλέγεις
1869 3267 1977 3336 ψυ-

388 3344 513 3413 χὰς,
552 3349 824 3419 μηδεμίαν
870 3351 964 3405 τοῦ
1003 3351 1208 3411 πάθους
1249 3354 1658 3408 καταλείπουσα
1716 3375 1978 3427 παραμυ-

389 3435 538 3502 θίαν,
573 3441 622 3493 εί
652 3440 747 3495 καὶ
780 3440 843 3494 τὸ
888 3442 1344 3517 εὐπαρηγόρητον
1383 3443 1443 3496 τὸ
1475 3445 1575 3515 τῆς
1618 3446 1975 3518 ἀφιερώσεως

389 3533 902 3600 κατεπαγγέλλεται
938 3538 1192 3605 πρᾶγμα.

2086 3257 2210 3312 dem
2233 3257 2480 3321 amissio,
2504 3255 2753 3310 fruitioni
2779 3257 3026 3311 succedit
3048 3257 3286 3327 jactura,
3309 3254 3510 3326 gaudio
3534 3272 3685 3310 mm-t

2086 3347 2259 3401 stitia.
2323 3347 2621 3416 Propterea
2680 3332 2842 3402 nobis
2901 3347 3239 3401 desiderium
3313 3347 3671 3419 relinquitur,

2086 3438 2233 3510 quod
2274 3439 2488 3508 expleri
2518 3449 2773 3508 nequeat,
2804 3454 2868 3493 ac
2899 3440 3136 3495 acerbus
3178 3450 3389 3497 natura:
3424 3441 3670 3506 aculeus,

2085 3533 2179 3604 qui
2208 3534 2406 3587 animae
2456 3533 2648 3587 intima
2695 3533 2965 3602 pervadit.
3003 3534 3071 3588 Et
3114 3534 3159 3588 si
3195 3534 3417 3604 quidem
3451 3532 3517 3589 de
3565 3534 3674 3588 alia

386 3623 545 3692 prole
582 3636 675 3680 aut
699 3636 970 3696 praesente
1004 3638 1099 3684 aut
1136 3627 1323 3684 futura
1357 3630 1601 3700 eugitare
1646 3631 1863 3697 liceret,
1895 3629 2127 3687 ferenda
2195 3628 2313 3683 hate
2352 3624 2630 3695 separatio
2701 3632 3002 3694 utcumque
3045 3625 3246 3681 viderit
3280 3636 3498 3696 posset;
3572 3627 3670 3681 sed
3702 3672 3705 3675 .

385 3723 681 3786 postquam
716 3719 941 3774 unicum
977 3731 1191 3776 natura:
1220 3722 1568 3791 elanguentis
1593 3724 1851 3779 solatium
1879 3724 2040 3778 nobis
2078 3720 2285 3777 tributa
2318 3718 2492 3781 fuisti,
2553 3717 2913 3772 acerbissimo
2973 3734 3107 3774 sane
3172 3719 3385 3773 animas
3423 3727 3667 3785 nostras,

387 3808 521 3861 dum
545 3809 774 3867 donanti
815 3812 868 3865 in
908 3812 1287 3868 holocaustum
1329 3814 1501 3879 cedis,
1540 3814 1731 3872 dolore
1779 3817 1915 3881 uris,
1964 3825 2019 3870 et
2059 3821 2182 3867 utut
2216 3810 2354 3869 ratio
2417 3811 2852 3865 consecrationis
2883 3820 2988 3866 tua:
3028 3820 3285 3879 tanquam
3336 3811 3544 3884 aliquid
3575 3830 3666 3868 re-

385 3903 865 3959 creandisanimis
881 3904 1141 3959 idoneum
1160 3915 1523 3974 preponatur,
1551 3908 1761 3963 nullum
1782 3921 1965 3963 tamen
2007 3907 2169 3963 nobis
2198 3904 2455 3960 mmroris
2483 3903 2847 3958 lenimentum
2877 3905 3165 3976 relinquis.

469 3994 610 4047 Ἀλλ’
637 3996 787 4047 οὐδὲν
835 3996 1076 4048 τοιοῦτον
1115 3998 1165 4048 οἱ
1217 3999 1465 4051 πανόσιοι
1537 3999 1639 4068 τῆς
1696 4001 1972 4070 παρθένου

385 4088 710 4158 γεννήτορες
738 4082 920 4146 εἷπονο
952 4088 979 4141 ὃ
1013 4089 1075 4158 δὴ
1124 4090 1217 4141 καὶ
1248 4090 1647 4160 καταπλήξεώς
1685 4095 1802 4145 ἐστι
1831 4093 1970 4159 πλῆ-

386 4196 502 4248 ρες,
535 4180 629 4232 καὶ
665 4180 764 4250 τῆς
796 4179 904 4233 τῶν
925 4180 1149 4233 δικαίων
1185 4180 1405 4243 ἐπάξιον
1446 4183 1672 4252 ἀρετῆς.
1704 4183 1968 4253 Κατὲΰη-

381 4285 508 4325 σαν
537 4270 667 4341 γὰρ,
698 4272 885 4342 φησὶν,
918 4274 972 4327 οἱ
999 4272 1195 4339 γονεῖς
1218 4272 1410 4340 αὐτῆς
1438 4273 1836 4342 θαυμάζοντες
1867 4279 1965 4331 καὶ

381 4362 698 4428 αἰνοῦντες
731 4362 840 4416 τὸν
862 4362 1029 4425 Θεὸν,
1048 4361 1137 4416 ὅτι
1159 4365 1269 4417 οὐκ
1297 4363 1653 4433 ἀπεστράφη
1678 4366 1828 4434 πρὸς
1859 4369 1967 4421 αὺ-

381 4469 546 4517 τους.

2147 3998 2218 4054 At
2251 3996 2391 4052 nihil
2423 3995 2738 4066 hujusmodi
2775 3995 3107 4052 sanctissimi
3138 3997 3378 4067 Virginis
3409 4010 3671 4066 parentes

2071 4089 2364 4154 dixerunt;
2399 4086 2547 4156 quod
2591 4087 2781 4156 utique
2827 4096 2883 4142 et
2915 4090 3152 4143 maxime
3189 4092 3521 4161 stupendum
3554 4105 3666 4159 cst,

2069 4189 2125 4235 et
2168 4179 2369 4233 horum
2409 4179 2687 4247 justorum
2736 4178 2941 4233 virtute
2976 4180 3380 4251 dignissimum.
3438 4182 3667 4236 Descen-

2069 4271 2259 4323 derunt
2312 4270 2472 4333 enim,
2510 4269 2711 4339 inquit,
2766 4279 3011 4340 parentes
3064 4272 3179 4344 ejus
3234 4275 3566 4329 admirantes
3613 4287 3665 4330 et

2073 4359 2349 4413 laudantes
2378 4360 2566 4428 Deum,
2590 4361 2844 4430 quoniam
2877 4378 2982 4416 non
3014 4371 3090 4417 est
3122 4380 3371 4420 conversa
3401 4366 3471 4419 ad
3500 4369 3664 4437 ipsos.

455 4542 583 4594 KE’.
616 4540 721 4595 Τοῦ
749 4542 1047 4613 δεξαμένου
1083 4544 1192 4615 γάρ
1244 4544 1338 4598 καὶ
1385 4547 1812 4618 οίκειωσαμένου
1840 4547 1970 4601 ταὺ-

2146 4536 2312 4592 χχν.
2343 4536 2413 4591 Ει
2464 4551 2596 4591 sane
2652 4537 2957 4606 praevalens
2993 4553 3150 4593 amor
3186 4541 3328 4611 ejus,
3360 4542 3451 4610 qui
3488 4541 3671 4612 ipsam

382 4647 484 4700 την
515 4633 543 4684 ὁ
600 4632 766 4696 πόθος
818 4632 1127 4705 ὑπερσχὼν,
1185 4635 1281 4688 τοῦ
1315 4638 1423 4689 τῶν
1456 4639 1755 4700 τεκόντων,
1795 4640 1968 4692 καίτοι

383 4722 863 4793 τυραννικωτάτου
911 4723 1105 4791 ὄντος,
1157 4730 1541 4799 κατεκράτησε
1593 4730 1840 4801 φίλτρου.
1906 4732 1970 4785 Ὢ

386 4814 581 4884 καινῆς
612 4813 708 4868 καὶ
741 4815 925 4884 πάσης
958 4816 1238 4886 ἀνωτέρας
1262 4819 1594 4891 διανοήσεως
1639 4822 1897 4893 χάριτοςί
1926 4822 1971 4875 ὣ

385 4900 544 4971 ξένης
593 4904 688 4955 καὶ
731 4905 957 4973 ἀγωγῆς
1010 4906 1106 4958 καὶ
1143 4907 1498 4977 διαιτήσεωςῑ
1557 4907 1602 4962 ὢ
1650 4909 1826 4977 λόγων
1858 4910 1969 4964 τῶν

384 4994 622 5064 ἁρμόδια
650 4998 762 5060 τοῖς
795 4998 1089 5069 πράγμασι
1123 4998 1192 5050 τὰ
1225 5001 1449 5069 ῥήματα
1479 5000 1965 5072 προϐαλλομένωνί

382 5080 429 5133 ὦ
456 5085 627 5154 νομῆς
664 5084 904 5156 ἐκείνης,
958 5086 1024 5157 ἢν
1057 5085 1305 5158 ήλογικὴ
1334 5089 1428 5142 καὶ
1455 5089 1684 5154 ἄσπιλος
1717 5091 1815 5161 τῆς
1870 5093 1972 5159 φὺ-

387 5191 528 5236 σεως
563 5177 915 5248 κατενεμήθη
951 5177 1152 5247 ἀμνάς.

455 5354 567 5412 Ἦν
595 5356 725 5425 γὰρ,
760 5357 920 5426 φησὶ,
981 5357 1215 5427 Μαριὰμ
1267 5359 1565 5427 νεμομένη
1613 5361 1685 5412 ἐν
1734 5358 1815 5425 τῷ
1843 5361 1972 5425 ναῷ

385 5450 629 5517 Κυρίου,
668 5448 814 5501 ὡσεὶ
852 5451 1193 5517 περιστερὰ,
1235 5452 1331 5503 καὶ
1392 5450 1693 5517 ἐλάμϐανε
1738 5453 1972 5521 τροφὴν

385 5544 456 5595 ἐκ
486 5541 678 5609 χειρός
709 5539 991 5609 ἀγγέλου.
1034 5541 1257 5612 Ἐπειδὴ
1283 5542 1393 5613 γὰρ
1423 5543 1796 5612 ἀποδεδομένη
1853 5544 1970 5614 Θεῴ

388 5635 486 5687 καὶ
506 5634 604 5703 τῆς
638 5631 988 5703 ἀνθρωπίνης
1017 5633 1412 5704 ἀπηλλαγμένη
1447 5634 1806 5703 προστασίας,
1832 5637 1970 5704 μήτε

388 5725 501 5778 τῶν
547 5723 928 5792 γεννησάντων
976 5727 1041 5795 τῇ
1075 5726 1353 5797 ἀναγκαίᾳ
1378 5727 1584 5795 ταύτης
1614 5727 1972 5781 ἐπιστατούν-

392 5832 501 5868 των
532 5814 719 5885 χρεία,
759 5816 895 5884 μήτε
923 5814 1035 5868 τῶν
1074 5816 1315 5886 γνησίων
1361 5815 1423 5868 τὺ
1454 5815 1810 5883 ὲφυστερίζον
1834 5818 1971 5870 ἀπο.

2072 4638 2399 4699 susceperat
2452 4644 2721 4698 suamque
2759 4629 2989 4695 fecerat,
3018 4632 3278 4685 allectum
3315 4632 3367 4686 in
3408 4645 3673 4702 parentes

2072 4726 2195 4773 utut
2242 4719 2816 4782 vehementissimum,
2857 4736 2922 4775 ac
2962 4722 3300 4778 validissime
3343 4723 3669 4779 devinciena

2074 4819 2207 4875 tem,
2261 4811 2579 4882 longissime
2618 4812 2942 4867 excedebat.
2977 4811 3024 4867 Ο
3054 4827 3249 4867 noram
3298 4824 3463 4884 atque
3505 4818 3659 4872 omni

2071 4903 2406 4972 cogitatione
2439 4903 2819 4957 sublimiorem
2855 4904 3116 4979 gratiam!
3149 4919 3183 4958 ο
3205 4907 3553 4975 peregrinam
3581 4908 3669 4962 vi-1

2075 4992 2239 5046 vendi
2277 4993 2542 5047 rationem
2590 5008 2654 5047 ac
2683 4993 3063 5062 disciplinam!
3102 5010 3135 5049 ο
3180 4997 3557 5053 narrationem
3590 4997 3681 5054 iis,

2072 5084 2261 5139 verbis
2285 5093 2620 5151 contextam,
2676 5101 2799 5154 qua:
2833 5088 2998 5140 rebus
3031 5088 3265 5141 maxime
3299 5093 3655 5160 congruunt!

2073 5189 2107 5228 ο
2140 5190 2402 5245 pascuum
2435 5176 2569 5230 illud
2602 5192 2713 5246 quo
2743 5177 3026 5232 rationalis
3062 5189 3119 5234 et
3160 5182 3511 5238 immaculata
3559 5199 3665 5239 nae

2074 5276 2210 5321 tura:
2242 5267 2495 5322 humana:
2520 5283 2657 5338 agna
2692 5272 3051 5339 pascebatur!

2149 5358 2469 5412 Pascebatur
2501 5361 2662 5423 enim,
2695 5361 2891 5430 inquit,
2925 5364 3104 5419 Maria
3130 5366 3183 5419 in
3207 5366 3403 5437 templa
3439 5367 3669 5422 Donauit

2070 5453 2200 5505 sicut
2244 5450 2503 5515 columba,
2550 5460 2599 5505 et
2649 5468 2821 5507 escam
2857 5472 2883 5508 θ
2927 5474 3088 5511 manu
3125 5459 3305 5529 angeli
3346 5461 3675 5529 accipiebat“

2073 5545 2374 5611 Postquam
2403 5542 2550 5595 enim
2586 5544 2801 5599 reddita
2834 5548 2947 5601 Deo
2985 5550 3107 5614 fuit,
3142 5562 3196 5605 et
3222 5551 3459 5603 humana
3481 5550 3532 5603 ei
3556 5550 3661 5603 dea

2074 5634 2293 5689 ﬁciebat
2325 5634 2664 5699 sollicitudo,
2728 5638 2855 5706 quia
2912 5643 3124 5698 scilicet
3175 5656 3352 5711 neque
3396 5651 3662 5709 parentes

2072 5738 2484 5777 eorumeorum
2516 5739 2639 5791 qua:
2676 5729 3001 5795 ιιιιυιὶιιίιιιιο
3050 5732 3170 5786 usui
3236 5728 3544 5784 necessaria
3601 5730 3665 5785 ei

2074 5819 2274 5882 forent,
2308 5817 2363 5870 in
2393 5832 2451 5871 se
2485 5818 2721 5887 amplius
2775 5823 3167 5891 suscipiebant,
3206 5836 3385 5878 neque
3412 5822 3677 5886 cognati,
3750 5844 3759 5853 ν
