4104 6420
445 387 552 449 635

1747 400 2012 464 JACOBI
2052 403 2399 468 MONACHI

3590 426 3696 489 636

449 522 654 577 mundo
695 539 793 578 sua
839 524 1006 579 tribui
1050 538 1372 584 ornamenta
1412 548 1426 584 :
1464 531 1696 602 imperio
1737 548 1858 588 meo
1904 533 2017 588 uni‘

2136 517 2248 586 ἐγὼ
2280 519 2371 572 τὸν
2408 520 2632 574 διπλοῦν
2678 525 2930 593 ὴμφὶασα
2985 527 3190 599 κόσμον
3214 549 3228 562 ·
3278 534 3385 604 ἐμῇ
3416 541 3714 607 προστάξει

448 615 590 670 versi
647 617 1101 673 intellectualium
1167 623 1515 677 exercituum
1574 625 1802 680 ordines
1858 631 2027 682 creati

447 718 577 760 sunt
613 708 806 777 :jussu
841 724 963 763 meo
989 711 1191 766 caelum
1222 713 1374 767 vario
1405 723 1679 770 astrorum
1705 717 1846 772 nitet
1867 734 2030 774 orna-

450 805 554 852 tu:
612 799 958 867 providentia
1007 817 1128 857 mea
1175 805 1338 859 tellus
1389 805 1621 862 ﬂoribus
1669 808 1961 864 redimitur
2011 829 2024 865 :

445 904 513 943 ex
557 905 642 944 me
676 904 760 945 est
795 893 978 948 omnis
1014 896 1374 951 animantium
1405 899 1516 954 vita
1549 915 1710 978 :ego,
1747 903 1884 958 meis
1911 904 2028 972 ipse

446 981 704 1037 manibus
750 999 876 1038 cum
926 985 994 1039 ad
1043 987 1332 1058 imaginem
1373 1006 1547 1045 meam
1591 992 1873 1048 hominem
1907 995 2027 1064 pla-

446 1086 738 1136 smassem,
775 1077 1046 1141 omnium,
1081 1093 1202 1146 quae
1228 1095 1393 1149 super
1429 1089 1632 1135 terram
1661 1093 1810 1148 sunt,
1847 1084 2026 1140 domi-

445 1179 578 1217 num
634 1180 930 1236 regemque
984 1169 1138 1224 illum
1180 1172 1533 1240 proclamavi.
1565 1173 1722 1230 Hunc
1756 1186 2025 1247 tyrannus

445 1269 570 1309 cum
594 1268 989 1327 expugnasset,
1011 1277 1041 1316 e
1067 1278 1237 1333 regno
1263 1264 1582 1321 deturbavit
1609 1286 1620 1320 :
1655 1268 1801 1324 hunc
1825 1271 2027 1340 dejecit

444 1359 476 1397 e
525 1346 837 1416 principatu
894 1366 909 1403 :
963 1362 1119 1418 parta
1169 1352 1237 1407 de
1285 1355 1402 1423 ipso
1441 1356 1673 1412 victoria
1732 1359 2022 1429 gloriatur.

445 1433 740 1503 Propterea
771 1452 882 1491 sua;
907 1453 1032 1492 eum
1061 1440 1316 1512 dignitati
1353 1459 1475 1500 mea
1509 1447 1740 1517 ipsemet
1771 1465 2021 1520 praesen-

448 1523 520 1577 tia
545 1524 766 1580 decrevi
791 1529 1089 1586 restituere
1121 1551 1133 1584 :
1161 1532 1631 1603 dispensationem
1653 1539 1793 1595 hanc
1845 1556 2022 1596 meam

440 1615 767 1686 jampridem
810 1621 1092 1690 pollicitus
1145 1640 1268 1680 sum
1324 1642 1424 1697 per
1476 1631 1775 1699 prophetas
1818 1650 1832 1687 :
1881 1635 2025 1692 hanc

444 1719 505 1762 ut
554 1709 610 1763 in
660 1727 802 1780 opus
837 1713 1130 1780 deducam,
1175 1734 1331 1776 meus
1383 1737 1469 1776 me
1504 1733 1661 1794 urget
1706 1726 2026 1783 misericors

441 1815 618 1854 amor.
675 1802 733 1856 In
764 1805 949 1860 animo
1003 1807 1138 1862 mihi
1187 1819 1292 1875 est,
1345 1813 1596 1870 homines
1641 1817 1798 1872 vobis
1841 1819 2023 1874 socios

2135 610 2287 663 πᾶσα
2321 615 2600 682 παρῆκται
2630 617 2736 668 τῶν
2767 619 2968 688 νοερῶν
2993 625 3420 693 στρατευμάτων
3451 630 3481 698 ἡ
3515 632 3672 697 φύσις
3700 651 3714 664 ο

2135 698 2253 768 ἐμῷ
2279 700 2610 771 κελεύσματι
2639 706 2666 756 ὁ
2697 706 2926 777 οὗρανδς
2960 713 3073 775 τοῖς
3105 712 3328 782 ἄστροις
3359 722 3718 774 καταποικίλ-

2134 790 2286 846 λεται
2317 809 2331 824 ο
2367 795 2473 864 ἐμῇ
2520 797 2747 868 προνοίᾳ
2776 801 2887 860 τοῖς
2915 800 3136 856 ἄνθεσιν
3175 807 3208 875 ή
3253 808 3320 875 γῆ
3357 815 3715 874 καταστέφε-

2134 901 2223 937 ται
2249 901 2264 916 ⁸
2297 887 2353 938 ὲν
2384 888 2506 954 ἐμοὶ
2555 890 2704 941 πᾶσα
2742 891 2851 943 τῶν
2893 892 3108 955 ζώντων
3163 897 3276 967 ζωὴ
3313 903 3675 970 τεταμίευται
3698 922 3713 936 ·

2134 976 2246 1044 ἐγὼ
2277 981 2468 1048 χερσὶν
2495 982 2726 1044 οίκείαις
2758 984 2848 1036 τὶν
2878 985 3164 1056 ἄνθρωπον
3192 991 3314 1044 κατ’
3347 995 3488 1064 ἐμὴν
3529 997 3716 1050 εἰκόνα

2136 1070 2388 1137 ποιήσας,
2417 1071 2683 1138 δεσπότην
2713 1074 2806 1125 καὶ
2837 1073 3064 1144 βασιλέα
3098 1079 3208 1133 τῶν
3229 1081 3322 1134 ἐπὶ
3364 1084 3464 1153 γῆς
3514 1087 3717 1156 ἀνεκή-

2140 1160 2294 1229 ρυξα.
2351 1162 2555 1215 Τοῦτον
2611 1165 2994 1236 ὲκπολεμήσας
3024 1169 3051 1220 ὁ
3083 1171 3373 1242 τύραννος,
3426 1177 3525 1245 τῆς
3558 1178 3716 1245 βασι-

2135 1252 2286 1316 λείας
2311 1255 2622 1326 ἁπέρρηξε·
2656 1257 2846 1312 τοῦτον
2879 1261 2976 1329 τῆς
3002 1262 3178 1332 ἀρχῆς
3221 1265 3441 1319 καθεῖλε
3470 1286 3484 1299 ·
3519 1269 3716 1322 τούτου

2133 1345 2470 1414 ἐγκκυχᾶται
2499 1351 2564 1419 τῇ
2593 1350 2739 1423 νίκῃ.
2788 1351 3060 1423 Βούλομαι
3091 1355 3272 1410 τοίνυν
3303 1358 3390 1411 διὰ
3424 1360 3524 1430 τῆς
3574 1363 3717 1431 ὲμῆς

2134 1440 2436 1508 παρουσίας
2488 1441 2624 1510 πρὸς
2646 1444 2746 1512 τὴν
2786 1444 2924 1496 ίδίαν
2965 1445 3157 1500 τοῦτον
3190 1449 3492 1518 ἐπανάγειν
3523 1452 3713 1516 ἀξίανο

2132 1531 2336 1601 ταύτην
2392 1550 2496 1601 μου
2525 1533 2622 1604 τὴν
2679 1537 2994 1607 οἰκονομίαν
3055 1541 3224 1594 πάλαι
3276 1543 3364 1596 διὰ
3416 1547 3716 1616 προφητῶν

2131 1620 2579 1694 ἐπηγγειλάμην·
2610 1627 2816 1696 ταύτην
2865 1632 2978 1691 τοῖς
3033 1633 3185 1702 ἐμοῖς
3215 1635 3518 1704 οἶκτιρμοίς
3571 1637 3713 1708 πλη·

2133 1709 2259 1780 ροῦν
2290 1715 2714 1784 κατεπείγομαι.
2744 1718 2894 1772 Θέλω
2916 1725 3208 1787 κοινωνοὺς
3232 1727 3362 1794 ὑμῖν
3390 1726 3717 1798 ἀνθρώπους

2128 1803 2488 1858 ἀποτελέσαι·
2534 1808 2665 1875 μίαν
2699 1808 2991 1879 σύμφωνον
3022 1813 3335 1884 δοξολογίαν
3359 1817 3440 1871 δεῖ
3483 1837 3549 1888 με
3578 1821 3716 1890 πρὸς

439 1892 740 1962 adjungere
777 1914 789 1949 :
824 1911 924 1964 par
965 1912 1070 1962 est,
1125 1913 1184 1954 ut
1227 1918 1370 1958 unus
1419 1905 1584 1958 simul
1637 1907 1706 1960 ab
1756 1909 2017 1963 omnibus

2126 1895 2346 1949 πάντων
2372 1897 2732 1967 εἰσδέχεσθαι.
2771 1902 2844 1955 Οὐ
2885 1905 3067 1972 φθονῶ
3095 1910 3158 1976 τῇ
3185 1907 3376 1962 ὲνὼσει
3402 1926 3416 1939 ·
3455 1914 3547 1964 καὶ
3569 1913 3715 1980 ὑμᾶς

439 1997 674 2038 concors
705 1985 891 2055 gloriae
923 1989 1160 2060 hymnus
1193 1993 1325 2047 mihi
1357 1995 1644 2051 offeratur.
1680 1998 1840 2054 Nulla
1877 1999 2019 2054 mihi

442 2071 608 2143 hujus
639 2075 862 2130 unionis
897 2077 1142 2145 invidia;
1175 2091 1233 2136 et
1265 2100 1364 2139 vos
1395 2086 1544 2140 enim
1577 2087 1785 2142 invidia
1820 2105 2023 2145 vacuos

443 2165 629 2218 creavi
682 2167 948 2236 :gaudeo
999 2171 1068 2226 de
1124 2173 1362 2246 (eorum)
1412 2177 1788 2243 exaltatione;
1827 2189 1884 2234 et
1918 2178 2022 2250 ipsi

442 2253 512 2309 de
542 2255 826 2312 voluntate
855 2276 975 2315 mea
999 2265 1360 2333 congaudete.
1388 2267 1505 2322 Tua
1535 2270 1672 2337 haec,
1701 2285 1735 2325 ο
1773 2270 2023 2335 Gabriel,

440 2343 508 2397 ad
559 2345 682 2400 illos
728 2346 1039 2417 descensio,
1072 2367 1268 2407 eorum
1311 2356 1378 2411 ad
1429 2373 1530 2413 vos
1575 2360 1913 2417 ascensionis
1944 2363 2024 2418 si-

440 2448 609 2502 gnum
633 2443 741 2490 est.

512 2525 593 2579 Tu
655 2527 842 2598 itaque
907 2531 1080 2594 vade,
1145 2537 1404 2606 mysterio
1472 2538 1877 2605 famulaturus:
1941 2543 2021 2600 illi

439 2626 625 2671 autem
662 2634 833 2688 penes
869 2636 929 2678 se
971 2639 1093 2678 eam
1131 2626 1359 2691 habent,
1396 2647 1561 2700 quam
1596 2633 1662 2688 ad
1702 2637 1786 2690 sui
1823 2636 2020 2706 imple-

439 2717 686 2764 mentum
719 2714 1043 2784 mysterium
1083 2721 1346 2787 postulat,
1379 2739 1542 2794 quam
1580 2726 1635 2780 in
1663 2737 2011 2783 antecessum

437 2802 505 2856 ad
565 2803 714 2859 hunc
774 2807 936 2862 tinem
1004 2812 1343 2880 praeparavi,
1405 2815 1763 2883 purissimum
1834 2833 2019 2873 meum

436 2895 824 2961 diversorium,
851 2900 1198 2970 impollutam
1221 2905 1587 2974 domicilium,
1609 2908 2018 2964 immaculatum

445 2987 772 3056 hospitium,
831 2991 1154 3047 thesaurum
1219 2996 1352 3050 mihi
1413 2998 1687 3053 universis
1744 3000 2022 3055 creaturis

438 3078 819 3146 pretiosiorem
861 3083 998 3151 (42).
1033 3085 1278 3156 Require
1311 3087 1478 3150 illam,
1507 3105 1539 3141 ο
1571 3089 1814 3152 Gabriel,
1848 3105 2020 3159 quam

433 3180 562 3225 ante
593 3174 976 3242 generationes
1001 3192 1194 3232 omnes
1225 3178 1292 3232 ad
1327 3178 1432 3234 hoc
1465 3181 1598 3233 mihi
1630 3181 1820 3251 selegi,
1851 3197 2016 3250 quam
2049 3217 2092 3276 Ο

432 3260 864 3329 dispensationis
930 3263 1099 3333 hujus
1162 3281 1326 3320 causa
1394 3268 1804 3336 praedestinavi.
1864 3269 2018 3325 llanc

432 3351 828 3421 prOphetarum
887 3370 1138 3410 meorum
1222 3358 1428 3413 chorus
1506 3361 1723 3430 magnis
1790 3362 2021 3418 vocibus

432 3444 824 3512 pra-nuntiavit
859 3462 874 3499 :
918 3462 1016 3514 per
1051 3447 1192 3502 hane
1248 3450 1565 3504 mortalium
1597 3467 1770 3520 genus
1824 3452 2014 3508 denuo

439 3550 670 3604 regnum
735 3538 1022 3608 proprium
1074 3538 1484 3594 restituendum
1540 3553 1747 3612 sperat.
1809 3545 1867 3599 In
1929 3546 2020 3600 illa

431 3625 550 3694 ipse
579 3627 820 3696 glorior;
873 3629 1022 3684 illius
1069 3645 1170 3702 ego
1213 3632 1454 3701 puritate
1509 3635 1792 3704 delector;
1856 3639 2017 3708 plane

431 3733 529 3787 par
559 3729 664 3784 est,
701 3729 761 3775 ut
802 3721 944 3776 hanc
1001 3738 1103 3794 ego
1164 3725 1494 3791 inhabitem,
1557 3745 1847 3800 meamque
1888 3730 2009 3786 cili;

428 3809 571 3864 ciam
616 3820 847 3868 matrem
903 3814 1041 3884 (45),
1086 3832 1151 3871 ac
1197 3833 1310 3887 prae
1352 3830 1534 3874 vestra
1569 3833 1764 3876 natura
1798 3824 2013 3880 honore

429 3917 681 3972 augeam.
731 3903 879 3960 Vade
925 3904 1114 3977 igitur,
1157 3917 1214 3962 et
1256 3908 1567 3965 admirandi
1619 3912 1787 3983 hujus
1827 3914 2015 3982 operis

425 4001 547 4046 esto
594 3994 847 4050 minister
881 4013 894 4050 :
936 4008 1192 4070 perge,et
1226 4001 1433 4070 inspice
1466 4003 1768 4058 thalamum
1803 4021 2011 4070 meum,

425 4081 740 4137 columbam
767 4085 948 4140 omnis
968 4098 1254 4156 expertem
1280 4091 1501 4146 malitia:
1523 4093 1656 4163 (4-4),
1688 4095 2011 4151 rationalem

425 4188 643 4240 agnam,
682 4189 864 4230 arcam
905 4179 1363 4236 sanctificationis
1392 4199 1557 4248 meae;
1605 4185 1826 4241 intuere
1862 4188 2014 4245 illius

425 4264 905 4334 pulchritudinem
951 4281 1137 4325 vestro
1173 4272 1420 4342 ipsorum
1457 4275 1767 4334 intellectui
1801 4281 2014 4336 incom-

425 4357 851 4425 prehensibilem
876 4378 890 4413 :
929 4361 1204 4419 demirare
1231 4366 1718 4438 incomparabilem
1747 4372 2014 4428 innocen-

2129 1989 2236 2058 γὰρ
2261 1989 2529 2058 ἀφθόνους
2559 1992 2794 2061 ἐποίησα
2816 2010 2830 2023 ο
2869 1995 3047 2066 χαίρω
3076 2000 3141 2068 τῇ
3175 2000 3438 2052 ἀναϐάσει
3460 2018 3476 2033 ·
3511 2005 3716 2072 συγχὰ-

2129 2094 2258 2146 ρητε
2289 2079 2386 2132 καὶ
2411 2079 2566 2133 αὐτοὶ
2601 2081 2678 2152 τῷ
2713 2083 3007 2154 θελήματι.
3064 2087 3237 2158 Αὕτη,
3270 2084 3315 2144 ὧ
3355 2092 3618 2162 Γαϐριὴλ,
3675 2097 3710 2165 ἡ

2128 2167 2266 2238 πρὸς
2291 2169 2532 2232 ἐκείνους
2561 2187 2654 2224 σου
2707 2173 2938 2239 κάθοδος
2995 2177 3096 2250 τὴν
3136 2180 3321 2234 αὐτῶν
3371 2183 3509 2252 πρὸς
3565 2185 3712 2256 ὑμᾶς

2129 2261 2389 2332 σημαίνει
2415 2264 2708 2322 ἀνάδασιν.

2197 2525 2270 2576 Συ
2299 2525 2399 2595 μὲν
2428 2526 2619 2598 ἀπίῃς,
2649 2527 2988 2601 διακονήσων
3037 2532 3115 2604 τῷ
3155 2537 3444 2608 μυστηρίῳ
3467 2555 3482 2570 ·
3511 2541 3713 2595 ἐκεῖνοι

2125 2619 2182 2673 δὲ
2214 2621 2560 2691 κατέχουσιν,
2591 2623 2659 2694 ἢν
2683 2624 2940 2696 ἐπιζητεῖ
2979 2629 3112 2698 πρὸς
3135 2630 3509 2700 ὲκπληρωσιν,
3536 2635 3604 2706 ἢν
3630 2638 3713 2699 είς

2124 2710 2286 2767 τοῦτο
2308 2717 2817 2784 προκατεσκεύασα,
2853 2719 2913 2773 τὸ
2942 2721 3075 2790 ἐμὸν
3101 2723 3490 2794 καθαρώτατον
3511 2728 3712 2781 ἐνδιαί-

2123 2820 2301 2873 τημα,
2338 2804 2398 2858 τὸ
2433 2805 2740 2876 ἀμόλυντον
2795 2812 3135 2881 οἰκητήριον,
3171 2814 3232 2866 τὸ
3262 2814 3492 2869 ἄσπιλον
3543 2835 3713 2872 κατα-

2124 2894 2350 2963 γὼγιον,
2410 2898 2472 2950 τὸ
2503 2899 2684 2968 πάσης
2736 2901 2858 2970 ἐμοὶ
2913 2903 3012 2971 τῆς
3073 2904 3305 2970 κτίσεως
3369 2911 3713 2980 προτιμηθὲν

2085 2987 2503 3058 ,θησαύρισμα.
2561 2986 2752 3061 Εὗρον,
2799 2986 2844 3044 ὦ
2886 2993 3154 3064 Γαϐριὴλ,
3208 2997 3273 3066 ῆν
3305 2999 3383 3061 εἰς
3409 2998 3569 3052 τοῦτο
3602 3000 3711 3071 πρὸ

2129 3079 2320 3133 πασῶν
2354 3081 2559 3148 γενεῶν
2590 3081 2946 3152 ἐξελεξάμην,
2998 3085 3066 3154 ἢν
3116 3086 3192 3157 τῷ
3239 3089 3338 3158 τῆς
3393 3093 3706 3160 οἰκονομίκς

2125 3171 2286 3242 Λόγῳ
2316 3173 2620 3243 προώρισα.
2656 3175 2875 3246 Ταύτην
2896 3178 2923 3229 ὁ
2955 3177 3112 3246 χορὸς
3137 3181 3246 3232 τῶν
3279 3185 3578 3254 προφητῶν
3608 3203 3708 3253 μου

2135 3264 2536 3334 μεγαλοφώνως
2569 3267 2840 3337 ἐκήρυξεο
2891 3269 2980 3323 διὰ
3011 3271 3216 3340 ταύτης
3270 3274 3369 3344 τὴν
3425 3277 3523 3344 τῆς
3573 3277 3714 3339 ἰδίας

2132 3357 2412 3426 βασιλείας
2449 3357 2754 3429 ἀνάρρησιν
2809 3361 2840 3430 ή
2900 3360 3218 3430 ἀνθρωπεία
3274 3350 3440 3420 πάλιν
3500 3368 3711 3432 ἐλπίζει

2129 3448 2313 3517 φύσις.
2353 3449 2536 3521 Ταύτῃ
2583 3449 2694 3518 ἐγὼ
2734 3453 3141 3521 ὲπκγάλλομαι,
3191 3459 3256 3525 τῇ
3307 3459 3514 3528 ταύτης
3541 3461 3714 3513 καθα-

2131 3540 2316 3608 ρότητι
2345 3541 2714 3612 ὲπιτέρπομαι
2735 3557 2748 3572 ⁸
2781 3543 2985 3614 ταύτην
3014 3563 3080 3614 με
3108 3546 3188 3598 δεῖ
3210 3549 3451 3618 οἰκῆσαι,
3479 3553 3572 3603 καὶ
3606 3569 3712 3621 μη-

2125 3633 2261 3701 τέρα
2295 3649 2397 3703 μου
2430 3633 2622 3698 δεῖξαι,
2663 3634 2755 3687 καὶ
2783 3636 2880 3706 τῆς
2907 3638 3064 3706 ὑμῶν
3097 3639 3313 3708 φύσεως
3347 3645 3709 3713 προτιμῆσαι.

2125 3725 2231 3777 ’1οι
2279 3727 2482 3790 τοίνυν,
2512 3727 2917 3798 λειτουργήσων
2968 3729 3046 3800 τῷ
3097 3733 3424 3804 παραδῦξῳο
3478 3737 3575 3802 ῐθι,
3608 3738 3708 3808 τὴν

2123 3817 2263 3888 ἐμὴν
2317 3819 2658 3887 ἐποψόμενος
2727 3821 3001 3885 παστάδα,
3062 3824 3162 3894 τὴν
3217 3829 3555 3898 περιστερὰν
3606 3832 3708 3900 τὴν

2122 3909 2352 3973 ἄκακον,
2386 3912 2486 3981 τὴν
2524 3912 2748 3982 λογικὴν
2793 3914 3032 3980 ἀμνάδα,
3083 3917 3181 3986 τὴν
3216 3917 3310 3970 τοῦ
3361 3920 3708 3990 ἁγιάσματός

2125 4018 2228 4069 μου
2263 4002 2492 4056 κιϐωτόν
2514 4019 2527 4034 ο
2557 4004 2632 4058 ίδε
2663 4005 2723 4058 τὸ
2752 4007 2958 4077 ταύτης
2993 4009 3368 4083 ἀκατανόητον
3401 4015 3532 4082 ὑμῖν
3577 4015 3712 4068 κάλ-

2121 4091 2212 4156 λος
2232 4110 2247 4124 ο
2309 4094 2592 4164 θαύμασον
2635 4097 2696 4150 τὸ
2727 4099 2826 4168 τῆς
2858 4100 3081 4168 ἁγνείας
3111 4103 3282 4174 αὐτῆς
3335 4107 3667 4178 ἀσύγκριτον
3687 4120 3716 4142 α

2123 4186 2407 4257 θαύμασον
2437 4189 2498 4242 τὸ
2522 4190 2622 4260 τῆς
2668 4193 3047 4265 καθαρότητος
3087 4197 3403 4269 ἀπόρρητον
3427 4216 3442 4230 ·
3498 4201 3709 4256 ὲκπλά-

2122 4281 2348 4350 γηθιτὰ
2405 4281 2548 4352 ὑπὲρ
2603 4282 2814 4337 ἔννοιαν
2851 4286 2952 4356 τῆς
2984 4289 3190 4358 ἀρετῆς
3249 4292 3551 4361 παράδοξα,
3614 4294 3711 4348 καὶ

2123 4373 2422 4442 ἐκπλαγεὶς
2453 4375 2554 4438 τὴν
2585 4376 2724 4446 ὲμὴν
2750 4378 2885 4450 αὐτῇ
2918 4383 3226 4451 παρουσίαν
3252 4383 3575 4454 βεϐαίωσον.

427 4451 560 4503 tiam
612 4451 771 4520 ejus;
819 4451 1096 4509 demirare
1138 4456 1474 4513 ineﬁ‘abilem
1523 4461 1636 4530 (45)
1681 4464 2013 4532 puritatem:
2092 4465 2426 4534 obstupesee
2481 4476 2801 4536 portentum
2879 4472 3103 4528 virtutis
3161 4451 3312 4530 omni
3367 4478 3712 4548 cegitatione

424 4542 668 4613 majoris,
726 4552 784 4598 et
836 4554 1065 4616 stupore
1121 4547 1335 4604 deﬁxus
1389 4567 1573 4606 meum
1639 4554 1719 4609 illi
1790 4567 2004 4612 certum
2045 4557 2345 4612 adventum
2371 4560 2659 4616 annuntia.

492 4701 604 4772 (42)
637 4701 778 4789 Ecce
810 4702 1092 4761 inducitur
1117 4706 1213 4789 Dei
1246 4707 1494 4789 verbum
1533 4721 1781 4766 sanctam
1824 4713 2009 4789 Yirgi-
2044 4721 2086 4775 ι)
2119 4715 2381 4789 eam_sibi
2416 4717 2479 4789 in
2505 4726 2736 4789 matrem
2785 4718 3034 4789 eligeret.
3077 4719 3448 4777 Conllrmatur
3476 4725 3704 4789 exinde,

419 4788 544 4825 nem
579 4787 680 4827 ceu
718 4775 1543 4852 thesaurumpretiosissimum
1574 4775 2004 4852 commendatis;

420 4857 598 4921 neque
625 4853 804 4899 tamen
831 4847 968 4901 nllas
996 4848 1143 4921 illius
1177 4849 1397 4921 divitias
1423 4866 1684 4921 expresse
1718 4847 2003 4908 commen-l

415 4911 532 4975 dat,
549 4924 937 4995 praeterquam
963 4919 1453 4995 singularissimam
1483 4911 1801 4990 puritatem.
1819 4925 2009 4995 Atqui,

417 4983 564 5052 quod
585 4983 805 5060 _paulo'
831 4999 957 5060 ante
1010 4983 1400 5060 praemisimus,
1445 4983 1640 5060 suapte
1669 5004 1870 5048 natura
1907 4983 2010 5051 'res

420 5055 681 5127 postulat,
710 5064 794 5127 ut.
816 5058 862 5110 si
887 5074 995 5127 qua
1013 5055 1138 5122 'dos,
1166 5060 1382 5115 caneris
1413 5055 1614 5123 tacitis,
1641 5064 1706 5116 ad
1732 5080 2006 5118 summam

417 5121 728 5201 cuiuspiam
763 5121 982 5201 laudem
1011 5121 1366 5201 prjrdicctut',
1402 5132 1519 5185 haec
1551 5121 1781 5201 reliquis
1825 5137 2009 5189 omnia

422 5191 527 5245 bus
557 5191 1026 5274 .3uperemineat.’
1056 5200 1230 5274 Ergo,
1272 5199 1570 5274 siquidem
1617 5191 1688 5255 ex-
1742 5215 2010 5274 perpetua

419 5262 669 5339 omnium
698 5269 996 5339 sententia,
1023 5269 1090 5322 ab
1122 5262 1245 5324 aiiis
1271 5262 1517 5339 Dei'parze
1555 5262 1759 5328 sanctae
1784 5262 2011 5329 dotibus

419 5346 485 5406 ac
520 5333 820 5406 virtutibus
871 5352 1063 5392 naevus
1099 5341 1333 5406 quilibet
1372 5333 1466 5395 aut
1509 5343 1762 5398 defectus
1810 5345 1988 5399 abfuit

421 5402 724 5482 hochipsurn
759 5404 827 5459 de
852 5407 1094 5482 puritate
1121 5402 1296 5478 ipsius
1327 5413 1554 5482 pariter,
1590 5411 1698 5465 imo
1726 5430 1754 5467 a
1789 5415 2001 5469 fortiori

418 5474 785 5550 proﬁtendum
811 5480 1122 5550 necessario
1147 5474 1252 5534 est.
1285 5474 1482 5537 Nullus
1512 5496 1644 5550 ergo
1677 5501 1744 5538 ex
1771 5487 1994 5540 Patrum

417 5543 669 5624 doctrina
741 5547 897 5625 locus
965 5548 1297 5625 relinquitur
1352 5567 1504 5605 nazvo
1577 5543 1844 5624 cuipiam.
1910 5557 2001 5625 qui

419 5612 677 5689 \irgineze
710 5617 909 5689 animae
953 5612 1251 5674 candorem
1298 5636 1538 5689 unquam
1582 5612 1691 5678 veli
1723 5612 2002 5681 levissime

414 5682 787 5739 ol'fuscaverit.

491 5752 604 5831 (45)
638 5754 1185 5831 Habt-ssententiam
1223 5765 1364 5830 apud
1404 5765 1593 5819 Patres
1631 5765 1998 5831 tritissimam,

419 5821 749 5892 singularem
793 5829 972 5884 Mariae
1008 5821 1300 5900 puritatem
1330 5837 1503 5891 Deum
1537 5839 1904 5906 pennevissc,
1939 5821 1998 5892 ui

2117 4786 2264 4855 quod
2279 4786 2885 4864 superiusinnuimus:
2919 4791 3062 4864 inter
3087 4807 3282 4864 omnes
3307 4794 3542 4863 Virginis
3571 4786 3708 4864 pne-

2119 4857 2394 4926 rogativas
2420 4857 2815 4911 nobilissimam
2846 4859 2988 4912 hanc
3013 4860 3183 4913 visam
3216 4857 3471 4918 Patrihits
3507 4857 3698 4927 fuisse,

2118 4941 2183 4980 ac
2209 4937 2498 4995 prepterea
2516 4927 2646 4981 olim
2671 4939 2894 4996 peccato
2912 4930 3289 4986 obnubilatam
3311 4934 3614 4989 existimari
3634 4952 3702 4990 ex

2117 4996 2339 5051 Patrum
2375 4998 2646 5052 sententia
2690 5014 2797 5051 non
2832 5015 3010 5068 posse.

2189 5068 2302 5136 (4-4)
2330 5068 2804 5140 Quemadmodum
2837 5087 2902 5122 ex
2935 5071 3035 5123 hac
3074 5072 3345 5125 sententia
3397 5073 3698 5140 colligitur,

2115 5137 2183 5191 de
2228 5149 2418 5191 sancta
2463 5138 2694 5212 Deipara
2743 5140 2916 5212 ιιι-(εἰνὶ
2960 5156 3023 5193 ea
3069 5145 3447 5207 eonsuevisse,
3484 5137 3607 5212 quae
3643 5145 3700 5198 in

2113 5207 2829 5284 Canticiscanticorumde
2862 5212 3072 5277 Sponsa
3106 5212 3392 5284 leguntur;
3431 5207 3517 5267 ita'
3550 5216 3703 5284 quod

2114 5277 2610 5349 appellationem];
2639 5279 2878 5341 ἀκάκου,
2915 5282 3142 5349 expertis
3163 5277 3421 5348 'nmlitice,
3457 5277 3700 5338 exorna-

2117 5357 2226 5411 tur,
2261 5347 2628 5422 pal_am__l_'aci_t,
2681 5349 2784 5402 hoc
2824 5347 3059 5422 maxime
3095 5347 3442 5422 privilegium
3477 5364 3704 5410 sanctos

2114 5418 2305 5472 Patres
2341 5417 2393 5470 in
2437 5417 2660 5495 Virgine
2705 5421 3039 5488 suspexisse,
3092 5417 3240 5488 quod
3281 5417 3432 5477 ὀπιηέ
3483 5425 3698 5495 peccati

2115 5490 2325 5540 macula
2357 5490 2620 5541 caruerit.

2184 5557 2688 5626 (45)Quo,quaeso.
2729 5567 2889 5625 pacto
2933 5559 3389 5628 ineomparahilis
3434 5572 3582 5617 esset
3614 5565 3702 5617 in-

2111 5631 2390 5692 nocentia,
2416 5645 2536 5700 qua:
2576 5630 2989 5700 olimabanima
3011 5630 3189 5683 Maria:
3238 5635 3455 5700 penitus
3483 5635 3699 5690 abfuis-

2112 5698 2238 5751 set?
2269 5698 2559 5763 Quomodo
2592 5700 2674 5751 vel
2715 5699 2849 5767 ipsis
2877 5701 3082 5767 angelis
3115 5698 3416 5757 ineil‘abilis
3477 5704 3697 5758 dicere-

2112 5776 2201 5821 tur
2232 5769 2462 5835 puritas,
2495 5771 2536 5820 si
2563 5769 2692 5820 olim
2729 5783 2755 5844 ξι
2790 5771 3067 5824 connmtni
3099 5771 3220 5825 labe
3246 5775 3427 5827 anima
3452 5773 3700 5844 Virginis

2110 5838 2328 5893 sordida
2370 5839 2748 5908 apparuisset?
