4104 6412
314 393 418 457 ειτ

1081 394 1367 456 ORATIO
1399 391 1483 454 IN
1519 393 2206 459 ANNUNTIATIONEM
2253 399 2361 464 SS.
2396 401 2780 472 DEIPARE.

3479 415 3593 478 €38

387 513 481 582 ς’.
511 511 770 582 Ἐφριξεν
805 513 834 565 ὁ
866 511 1206 582 ἀρχάγγελος
1233 514 1292 566 τὸ
1333 513 1429 566 τοῦ
1456 514 1734 568 Δεσπότου
1768 530 1898 568 συν-

2075 517 2161 572 Vl.
2194 517 2300 573 Ubi
2330 519 2435 576 hoc
2461 521 2855 580 novitDomini
2888 525 2972 580 sui
3009 526 3326 583 mandatum
3381 537 3596 585 terrore

315 606 416 669 ιεὶς
449 604 824 675 πρόσταγμα⁶
883 604 1084 674 ἔπτηξε
1133 604 1194 656 τὸ
1246 605 1484 674 πρᾶγμα
1529 604 1902 673 κατανοήσας,

312 696 412 748 καὶ
463 695 599 765 πρὸς
630 695 730 764 μὲν
756 693 916 746 τοῦτο
963 695 1268 764 ἀμηχανῶν
1312 695 1588 766 διηπόρει.
1613 695 1692 765 Τῇ
1725 695 1782 748 δὲ
1817 713 1906 749 κε-

310 788 498 841 λεύσει
528 788 836 855 ἀντιλέγειν
881 788 984 841 οὐκ
1016 787 1176 857 ἔχων,
1205 789 1304 858 τὴν
1357 789 1637 842 διακονίαν
1668 788 1902 860 ἐξεπλή-

317 898 440 952 ρου.

386 972 480 1024 Διὸ
506 971 585 1042 τῷ
623 971 722 1042 τῆς
752 970 972 1040 φύσεως
1001 970 1294 1041 ἐπιτηδείῳ
1319 969 1475 1042 τάχει
1527 973 1664 1044 πρὸς
1692 973 1760 1044 τῇ
1796 971 1903 1024 Γα-

313 1065 500 1136 λιλαίᾳ
527 1069 628 1135 τὴν
673 1066 873 1136 πτῆσιν
905 1067 1155 1136 ὲνεργείο
1199 1065 1346 1127 εἰκὸς
1392 1067 1458 1135 τῇ
1491 1064 1772 1133 καινότητι
1811 1063 1906 1117 τοῦ

318 1159 625 1226 μυστηρίου
667 1155 1150 1226 πολιορκούμενος,
1189 1157 1341 1225 ὅμως
1373 1159 1440 1226 τῇ
1476 1155 1903 1226 προδιδαχθείσῃ

316 1247 576 1317 Ναζαρὲτ
609 1247 916 1318 προσέϐαλε
939 1263 955 1280 ο
1016 1254 1110 1301 καὶ
1151 1250 1209 1301 ἐν
1242 1247 1320 1317 τῷ
1369 1247 1463 1300 τοῦ
1512 1246 1716 1316 Ἰωσὴφ
1750 1247 1906 1316 οίκή-

319 1357 474 1408 putt,
529 1339 610 1392 ἔτι
644 1341 1094 1411 ἀσχηματίστως,
1147 1337 1425 1404 είσδύσας,
1487 1339 1747 1392 ἐλάνθανε
1804 1339 1904 1408 τὴν

315 1452 342 1485 c
356 1435 376 1484 ῐ
383 1433 593 1502 σθησιν.

387 1525 479 1576 Διὸ
506 1524 586 1594 τῷ
615 1523 894 1595 ἀσωμάτῳ
939 1523 1039 1595 τῆς
1083 1522 1300 1592 φύσεως
1329 1523 1456 1585 τοὺς
1487 1522 1586 1593 τῆς
1621 1521 1904 1592 Παρθένου

315 1616 682 1686 ἱπεκφεύγων
734 1615 1071 1685 ὀφθαλμοὺς,
1129 1616 1196 1668 τὰ
1232 1619 1355 1669 κατ’
1389 1615 1560 1686 αὐτὴν
1601 1615 1903 1668 διεσκόπει.

323 1709 507 1780 Ἐώρα
554 1709 662 1780 γὰρ
690 1710 900 1776 ἄφατόν
952 1728 1074 1764 τινα
1131 1713 1223 1766 τὸν
1255 1713 1356 1782 τῆς
1403 1713 1462 1765 ἐν
1507 1713 1645 1783 αὐτῇ
1679 1712 1906 1779 ἁγνείας

314 1799 550 1853 πλοῦτον
600 1801 1002 1870 κρυπτόμενον,
1067 1804 1162 1856 καὶ
1198 1805 1546 1874 ἀσυγκρίτως
1593 1805 1745 1877 πάσῃ
1773 1821 1901 1872 γεν-

2009 619 2298 680 covreptus
2324 621 2409 667 est
2465 615 2872 687 archangelus:
2915 634 3182 689 perpensa
3233 635 3292 674 re
3349 622 3592 691 expavit,

2011 711 2174 771 atque
2191 702 2258 756 ad
2290 706 2561 774 ejusmodi
2588 709 2869 779 negotium
2900 710 3377 766 hil-rebatconsilii
3412 717 3591 784 inops.

2011 792 2400 849 Verumtamen
2423 813 2546 852 cum
2582 815 2692 852 non
2728 809 2914 869 posset
2961 801 3221 856 mandato
3261 819 3590 874 repugnare,

2012 885 2331 956 impositum
2371 892 2597 962 exsequi
2635 893 3004 949 ministerium
3037 895 3374 966 aggreditur.

2082 979 2187 1034 Pro
2225 989 2434 1036 natura:
2468 999 2600 1054 ergo
2636 1001 2748 1040 sua:
2779 986 3021 1056 agilitate
3067 987 3416 1042 celerrimum
3447 987 3593 1044 Gali-

2009 1070 2162 1126 lmam
2194 1089 2387 1129 versus
2417 1076 2658 1132 volatum
2689 1078 2912 1149 dirigit;
2962 1093 3026 1133 ac
3073 1078 3260 1144 simul,
3324 1087 3492 1142 totus.
3531 1090 3592 1135 ut

2010 1176 2099 1216 res
2139 1162 2370 1227 ferebat,
2423 1166 2668 1220 novitate
2724 1165 2974 1238 mysterii
3030 1176 3385 1234 occupatus,
3441 1165 3590 1220 desi-

2008 1264 2227 1324 gnatam
2259 1263 2411 1311 tenet
2446 1256 2638 1312 urbem
2661 1257 2974 1324 Nazareth;
3006 1266 3062 1312 et
3092 1255 3320 1328 Josephi
3342 1257 3590 1321 domum,

2008 1345 2158 1400 nulla
2189 1345 2372 1402 adhuc
2405 1361 2685 1418 assumpta
2730 1345 2932 1415 lorma,
2965 1348 3268 1418 ingressus,
3298 1346 3374 1402 ibi
3410 1347 3594 1417 cujus-

2007 1438 2093 1490 vis
2120 1438 2376 1493 sensibus
2397 1439 2573 1493 latens
2599 1439 2942 1496 versabatur.

2082 1529 2280 1584 Oculos
2310 1545 2441 1601 ergo
2468 1531 2736 1600 Virginis,
2761 1540 2952 1602 utpote
2977 1539 3173 1586 natura
3208 1531 3591 1599 incorporeus,

2009 1619 2445 1690 subterfugiens,
2485 1621 2670 1675 omnia
2727 1637 2958 1691 quaeque
3011 1630 3220 1677 attente
3262 1622 3318 1676 in
3370 1620 3592 1691 Virgine

2008 1709 2506 1780 contemplabatur.
2537 1710 2816 1766 Cernebat
2847 1711 3050 1781 quippe
3087 1709 3394 1766 inetl'abiles
3430 1725 3594 1781 quas-

2011 1799 2136 1855 dam
2185 1801 2516 1856 innocentia
2555 1802 2798 1868 divitias,
2842 1818 2964 1872 quae
3004 1802 3060 1856 in
3120 1817 3186 1856 ea
3230 1801 3497 1867 latebant,
3528 1815 3594 1854 ac

312 1897 449 1962 νητῇ
487 1893 646 1963 (φύσει
700 1895 1170 1965 κατανοούμενον·
1206 1897 1267 1949 τό
1319 1914 1379 1950 τε
1429 1893 1559 1968 ἦθος
1601 1897 1899 1960 ἀνάλωτον,

2011 1892 2294 1963 perspicue
2318 1893 2521 1946 nullam
2548 1908 2674 1947 cum
2714 1894 2972 1948 universa
3006 1902 3190 1947 creata
3243 1901 3443 1947 natura
3475 1891 3588 1962 (46)

313 1984 411 2035 καὶ
435 1983 537 2054 τὴν
574 1984 810 2037 διάνοιαν
835 1985 1220 2051 ἀδιασπάστως
1252 1989 1386 2058 πρὸς
1412 1989 1545 2042 Θεὸν
1561 1989 1900 2059 ἠρτημένην,

315 2079 413 2129 καὶ
444 2076 826 2148 ἐξεπλήττετο,
856 2078 935 2146 τῷ
961 2079 1277 2150 βλεπομένῳ
1308 2081 1593 2152 προσέχων
1619 2081 1861 2152 θαύματι
1883 2095 1902 2114 ο

313 2169 653 2238 κατάλληλον
687 2169 765 2238 τῷ
814 2169 906 2223 τοῦ
945 2172 1367 2236 ἀποστείλαντος
1400 2173 1548 2244 λόγῳ
1574 2175 1666 2228 τὸν
1696 2172 1906 2243 ταύτης

314 2261 563 2314 κατενόει
599 2263 822 2332 τρόπον.

386 2527 459 2583 Ζ’.
497 2528 660 2582 Ὅθεν
715 2531 1028 2600 εἰλικρινῶς
1075 2527 1268 2584 τοῦτον
1323 2531 1800 2602 καταμανθάνων,
1847 2535 1907 2588 ὲν

313 2619 497 2690 ἑαυτῴ
517 2620 743 2675 τοιαῦτα
777 2621 914 2692 πρὸς
943 2622 1043 2691 τὴν
1069 2623 1345 2693 Παρθένον
1373 2625 1753 2678 ὲναπετείνετο
1778 2639 1798 2657 ⁶

389 2801 455 2854 Ὢ
485 2799 594 2853 τῶν
631 2803 875 2870 χαρίτων
906 2803 1034 2854 sou!
1085 2801 1131 2854 ὦ
1159 2803 1260 2873 τῆς
1308 2803 1406 2858 τοῦ
1455 2805 1648 2870 γένους
1702 2805 1904 2875 εὐκλη-

318 2900 474 2966 ρίαςῐ
507 2897 553 2952 ὣ
581 2899 701 2962 οἵας
727 2899 826 2970 τῆς
865 2899 1024 2968 δόξης
1058 2900 1354 2969 ήξίωνταιῐ
1392 2896 1516 2956 Οἷόν
1560 2919 1619 2955 σε
1657 2902 1750 2955 τὸν
1782 2902 1906 2955 στέ-

2007 1984 2475 2053 comparationem
2525 1984 2819 2039 admittere
2863 1985 3276 2050 cernebantur;
3325 1993 3439 2037 tum
3505 1983 3592 2038 in-

2005 2078 2207 2132 victam
2242 2078 2550 2132 mirabatur
2585 2079 2752 2132 animi
2786 2078 3068 2140 virtutem,
3103 2093 3167 2132 ac
3216 2086 3456 2132 mentem
3508 2077 3591 2130 in-

2005 2169 2391 2240 separabiliter
2413 2171 2480 2224 ad
2519 2171 2689 2224 Deum
2750 2185 2970 2224 sursum
3016 2171 3305 2232 elevatam,
3341 2184 3404 2222 ac
3454 2184 3592 2237 prae.

2005 2263 2150 2317 senti
2183 2262 2448 2316 miraculo
2480 2261 2724 2315 intentus
2751 2260 2803 2314 in
2837 2270 3119 2329 stuporem
3159 2258 3498 2327 rapiebatur,
3531 2272 3594 2310 ac

2006 2366 2191 2405 mores
2229 2351 2591 2419 habitumque
2639 2349 2760 2418 ejus
2786 2349 2854 2402 ad
2886 2364 3123 2420 unguem
3178 2346 3365 2402 verbis
3420 2345 3592 2410 illius,

2007 2441 2102 2510 qui
2127 2440 2303 2509 ipsum
2330 2441 2574 2503 miserat,
2602 2439 2938 2509 respondere
2973 2436 3469 2492 animadvertebat.

2077 2532 2190 2588 Vll.
2225 2532 2494 2598 Quocirca
2529 2547 2654 2586 cum
2683 2533 2797 2585 haec
2830 2548 2926 2600 per
2960 2547 3020 2586 se
3054 2532 3198 2585 clare
3233 2529 3595 2600 perspiceret,

2008 2623 2326 2694 huiusmodi
2349 2639 2530 2681 sensa.
2564 2622 2732 2676 veluti
2756 2622 3034 2691 Virginem
3067 2623 3379 2691 alloquens,
3412 2620 3598 2673 animo

2007 2731 2109 2770 suo
2130 2716 2384 2769 volvebat
2417 2733 2430 2768 :

2077 2805 2122 2860 Ο
2155 2816 2375 2874 quantae
2397 2805 2587 2874 gratia:
2615 2805 2756 2858 tuae!
2795 2801 2839 2858 Ο
2863 2803 3086 2874 generis
3122 2803 3200 2856 tui
3243 2816 3366 2856 sors
3419 2799 3598 2855 fortu-

2011 2899 2166 2952 nata!
2203 2898 2247 2952 Ο
2285 2899 2436 2968 quali
2460 2897 2632 2968 gloria
2649 2897 2832 2953 ell‘ecti
2859 2906 2991 2952 sunt
3019 2895 3170 2966 digni
3196 2896 3210 2950 !
3233 2894 3392 2961 Quali
3424 2901 3595 2962 serto,

315 3006 486 3055 φανον
519 2989 870 3059 περιέθεντοί
902 2983 1014 3041 οἷόν
1049 3006 1107 3040 σε
1141 2990 1204 3042 τὸ
1247 2989 1485 3060 διάδημα
1531 2990 1901 3059 ἁνεδήσαντοῑ

2011 3001 2063 3062 te
2087 3006 2346 3047 coronam
2387 2991 2674 3053 habentes,
2706 2997 2875 3060 caput
2899 2988 3234 3044 cinxerunt!
3271 2985 3430 3054 Quali
3477 2986 3598 3041 dia-

313 3080 435 3132 οίαν
461 3095 517 3130 σε
551 3079 652 3148 τὴν
711 3077 889 3148 χαρὰν
928 3079 1348 3149 περιεδάλοντοί
1383 3079 1448 3131 Τί
1479 3080 1638 3141 εἴπω,
1665 3080 1698 3150 ἢ
1730 3082 1785 3131 τί
1813 3079 1907 3133 λα-

313 3169 486 3234 λήσω,
516 3169 574 3221 ὲν
601 3170 900 3240 ἀπορρήτῳ
933 3168 1247 3239 περιπεσὼν
1279 3168 1516 3239 θαύματι
1544 3187 1558 3235 ;
1607 3170 1761 3223 Τίσιν
1786 3172 1907 3223 ἐπι-

2007 3073 2248 3150 demate,
2286 3083 2540 3138 diadema
2571 3091 2622 3137 te
2663 3082 2955 3148 habentes,
3002 3079 3244 3135 redimiti
3292 3079 3593 3150 apparent!

1999 3173 2472 3244 'Qualigaudio,te
2503 3172 2764 3244 gaudium
2785 3172 3073 3235 habentes,
3101 3169 3420 3241 pOtiuntur!
3453 3167 3597 3235 Quid

315 3264 488 3325 νοίαις
519 3263 766 3333 ἐφευρὼν
796 3263 1056 3332 κλήσεις,
1107 3261 1366 3332 ἀμυδρῶς
1420 3262 1738 3332 καθάψομαι
1791 3264 1900 3316 τῶν

2011 3267 2207 3330 dicam,
2236 3265 2547 3335 autquibus
2567 3273 2690 3318 utar
2718 3263 2922 3328 verbis,
2941 3271 3466 3332 nactusportentum
3485 3261 3596 3331 (47)

316 3352 708 3422 προσηκόντων
761 3352 1012 3405 ’ἐπαίνων
1075 3369 1196 3417 σοις
1248 3350 1356 3404 Τοῦ
1396 3352 1504 3423 γὰρ
1562 3354 1687 3405 κατ’
1742 3353 1901 3418 ἀξίαν

313 3443 599 3512 ἀμήχανόν
631 3461 722 3513 μοι
747 3443 1039 3512 τυγχάνειν
1062 3460 1076 3474 ο
1113 3443 1355 3513 ὑπερέϐη
1382 3445 1491 3496 πᾶν
1525 3445 1902 3512 ἐγκωμιαστι-

313 3533 412 3588 κδν
444 3532 616 3604 ὄνομα
671 3536 706 3605 ἡ
767 3532 1239 3596 θεοκαλλώπιστός
1292 3549 1387 3585 σου
1418 3533 1632 3602 κλῆσις,
1691 3534 1901 3588 ἀνωθεν

315 3627 431 3697 εχει
455 3627 554 3691 τὰς
586 3627 887 3698 εὐφημίας,
911 3628 976 3681 ὲκ
1005 3626 1100 3680 τοῦ
1127 3627 1403 3679 Δεσπότου
1434 3626 1525 3679 τὸν
1558 3627 1706 3690 ἄξιον
1739 3628 1896 3680 ἐπαιν

315 3737 408 3773 νον
465 3721 720 3790 δέχεται,
778 3721 838 3773 ού
893 3719 1221 3791 σεμνύνεται
1284 3721 1397 3782 τοῖς
1462 3719 1575 3772 τῶν
1623 3720 1902 3787 γεννητῶν

314 3817 638 3887 ἐγκωμίοις.
667 3812 739 3868 Ὦ
767 3816 1024 3887 Ναζαρὲτ
1049 3818 1150 3886 τῆς
1184 3813 1496 3878 Γαλιλαίας,
1527 3811 1640 3867 οἷον
1667 3813 1904 3884 ἐθησαύ-

316 3925 478 3979 ρισας
507 3909 600 3962 τὸν
641 3910 1030 3980 μαργαρίτηνί
1063 3905 1177 3962 οἷον
1211 3908 1478 3960 ὲναπέθου
1505 3909 1597 3961 τὸν
1635 3907 1904 3961 πλοῦτονι

313 3997 428 4053 οἷον
450 4002 507 4055 δὲ
537 4001 632 4055 νῦν
660 4003 749 4056 διὰ
775 4001 965 4056 τούτου
1017 4001 1232 4072 εἰσδέξῃ
1257 4003 1270 4056 l
1313 4003 1378 4054 Ὢ
1406 4001 1500 4054 τοῦ
1536 3999 1770 4072 φρικτοῦ
1801 4017 1906 4070 μυ-

317 4093 578 4163 στηρίουί
612 4093 658 4146 ὣ
681 4095 780 4164 τῆς
811 4093 1180 4163 ἀνεκλαλήτου
1215 4093 1472 4163 Μητρόςί

2003 3359 2187 3413 verbis
2205 3357 2609 3413 inenarrabile?
2630 3356 2904 3423 Quasnam
2923 3354 3320 3425 appellationes
3345 3352 3598 3407 invenire

2000 3451 2364 3521 excogitando
2384 3449 2611 3519 possim,
2629 3457 2690 3503 ut
2707 3447 2887 3502 laudis
2909 3447 3010 3501 tibi
3032 3461 3290 3516 congrua:
3311 3443 3597 3515 quidpiam

2001 3542 2089 3596 vel
2150 3540 2347 3596 leviter
2403 3539 2884 3610 attingam?Nam
2945 3547 3007 3592 ut
3060 3537 3116 3591 id
3163 3551 3265 3606 pro
3322 3535 3589 3606 dignitate

2005 3642 2284 3705 praestem,
2315 3635 2462 3689 vires
2486 3633 2642 3688 nullo
2700 3631 2863 3686 modo
2917 3637 3254 3700 suppetunt:
3284 3626 3595 3698 quamlibet

2011 3727 2460 3783 encomiasticam
2512 3726 2937 3797 appellationem
2998 3721 3337 3778 transcendit
3391 3733 3596 3774 nomen

2015 3829 2171 3873 tuum
2197 3819 2388 3875 divino
2422 3821 2604 3874 nitens
2637 3817 2954 3887 splendore,
2989 3831 3019 3870 a
3057 3815 3196 3871 etelo
3248 3828 3409 3867 suum
3433 3810 3601 3865 habet

2013 3911 2374 3982 praeconium,
2423 3927 2454 3966 a
2523 3910 2755 3965 Domino
2810 3908 3013 3978 accipit
3072 3905 3399 3976 condignam
3475 3903 3600 3960 lau-

2013 4003 2162 4067 dem,
2189 4020 2300 4058 non
2328 4003 2560 4059 eﬂ'crtur
2580 4010 2960 4057 creaturarum
3006 3997 3296 4054 encomiis.
3341 3995 3385 4050 Ο
3419 3994 3597 4049 Naza-

2015 4095 2140 4149 reth
2179 4091 2440 4159 Galilaaze,
2475 4093 2694 4163 qualem
2750 4091 2808 4144 in
2868 4089 3133 4144 thesauro
3194 4095 3291 4142 tuo
3343 4083 3600 4139 recondis

317 4187 704 4260 inargaritam!
737 4187 930 4257 quales
957 4187 1180 4242 divitias
1210 4187 1540 4243 cumulasti!
1614 4185 1711 4242 sed
1765 4187 1961 4258 quales
2001 4185 2233 4258 insuper
2279 4187 2479 4242 harum
2511 4201 2617 4257 ope
2682 4199 2810 4240 mox
2861 4181 3146 4253 acquires!
3179 4179 3223 4236 Ο
3252 4176 3597 4233 tremendum

317 4286 675 4358 mysterium!
705 4287 982 4341 oMatrem
1011 4283 1377 4340 ineffabilem!

391 4381 474 4434 H'.
535 4377 695 4432 Οὕτω
756 4378 941 4432 τοίνυν
994 4377 1274 4446 διαπορῶν
1339 4377 1368 4430 ό
1435 4376 1901 4447 ἀρχιστράτηγος,

2090 4371 2232 4428 Vlll.
2261 4369 2354 4425 Sic
2388 4369 2562 4440 igitur
2576 4365 2818 4422 cmlestis
2848 4363 2938 4417 ille
2969 4360 3178 4416 militia:
3207 4359 3462 4429 princeps
3491 4373 3600 4425 pra:

317 4471 506 4542 ἔχαιρε
535 4473 638 4543 μὲν
662 4473 738 4533 ὡς
765 4471 983 4542 ἀληθῶς
1011 4473 1082 4526 τά
1104 4472 1244 4540 ὑπὲρ
1274 4473 1461 4542 νόησιν
1489 4470 1786 4542 θαυμάζων
1807 4472 1907 4540 τῆς

320 4564 604 4636 Παρθένου
633 4561 915 4634 παράδοξα
938 4579 953 4594 ·
984 4564 1210 4618 ἐσκόπει
1256 4563 1334 4629 δὲ,
1391 4564 1542 4625 ὅπως
1568 4563 1636 4616 ἂν
1665 4565 1905 4630 πραεῖαν

315 4657 416 4726 τήν
464 4657 644 4728 χαράν
698 4656 996 4726 ὲνηχήσας,
1060 4654 1136 4725 μὴ
1185 4654 1562 4725 σφοδροτάτην
1618 4653 1756 4724 αὐτῇ
1804 4657 1907 4724 τὴν

317 4747 662 4817 κατάπληξιν
705 4747 1007 4818 ἐμποιήσῃ.
1060 4747 1172 4800 Καὶ
1209 4747 1317 4815 γὰρ
1350 4741 1420 4816 ἦν
1473 4745 1507 4816 ή
1563 4745 1904 4815 πανάμωμος

315 4841 501 4910 πάσης
525 4841 818 4911 ἀλλοτρίας
856 4837 1256 4909 ἀπηλλαγμὲνη
1283 4838 1522 4908 ὁμιλίας,
1568 4838 1668 4891 καὶ
1699 4836 1903 4901 παντὸς

317 4931 711 4987 κολακευτικοῦ
740 4931 1127 5002 καθαρεύουσα
1161 4932 1426 5002 ῥήματος.
1451 4931 1544 4983 Διὸ
1569 4931 1903 5000 σοφωτάτως

392 5068 504 5135 (46)
565 5065 622 5122 Si
677 5065 735 5120 in
793 5067 959 5122 rebus
1014 5064 1216 5122 creatis
1251 5065 1386 5119 nihil
1434 5075 1540 5128 est,
1589 5063 1734 5133 quod
1779 5078 1904 5116 eum

322 5139 488 5192 Maria
529 5137 743 5192 ratione
797 5136 1125 5191 innocentia:
1160 5135 1468 5202 comparari
1521 5144 1721 5204 queat;
1775 5149 1907 5197 ergo

319 5211 404 5262 vel
472 5207 781 5262 caelestium
838 5208 1131 5277 spirituum
1186 5205 1498 5277 innocentia
1553 5204 1909 5277 innocentiae

325 5277 509 5332 Maria:
553 5279 824 5330 immenso
870 5274 1166 5331 intervallo
1201 5274 1368 5328 cedit.
1405 5274 1568 5341 Atqui
1617 5274 1670 5327 id
1729 5275 1893 5340 plane

319 5351 516 5403 talsmn
549 5346 711 5405 foret.
741 5346 786 5400 si
837 5347 1000 5400 Maria
1053 5345 1332 5400 connuuni
1384 5345 1632 5397 omnium
1679 5343 1910 5397 crimine

320 5417 619 5486 aliquando
648 5416 887 5486 obligata
937 5417 1149 5470 fuisset.

395 5482 506 5553 (Π)
533 5486 690 5556 Quod
726 5482 888 5556 Virgo
905 5487 1072 5540 Maria
1108 5485 1255 5538 velut
1295 5492 1606 5556 portentum
1629 5482 1904 5551 quoddam

325 5554 580 5611 nabcnda'
619 5557 712 5620 sit,
734 5553 933 5625 passim
963 5556 1104 5624 apud
1130 5556 1318 5609 Patres
1339 5553 1581 5625 occurrit
1603 5570 1616 5616 ;
1636 5563 1822 5625 atque,
1854 5561 1912 5605 ut

323 5627 498 5695 liquet
529 5643 596 5682 ex
638 5623 889 5691 praesenti
921 5623 1109 5680 Jacobi
1133 5625 1273 5688 loco,
1307 5641 1417 5678 non
1446 5623 1907 5695 inodoadmiram

325 5691 737 5766 ltéiGenitrieis
767 5696 1113 5766 dignitatem,
1147 5710 1341 5766 neque
1386 5693 1550 5766 modo
1578 5694 1642 5746 ad
1672 5691 1916 5766 Virginis

324 5762 510 5835 ﬂatris
541 5761 874 5835 prodigium,
909 5765 1005 5820 sed
1051 5764 1116 5817 ad
1147 5761 1657 5835 ben—edictissimam
1686 5761 1912 5835 Mariam

327 5833 386 5888 in
420 5851 477 5891 se
507 5833 810 5907 spectatam
836 5836 889 5892 id
931 5835 1189 5906 pertinet.
1221 5835 1366 5906 Ergo
1415 5833 1603 5890 minus
1658 5833 1912 5887 consulto

2015 4477 2242 4537 stupore
2281 4463 2520 4524 haerens,
2557 4458 2690 4513 hinc
2747 4455 2976 4526 quidem
3043 4461 3298 4524 portenta
3329 4447 3597 4519 Virginis,

2013 4573 2136 4628 quae
2161 4555 2272 4609 vim
2317 4553 2518 4608 mentis
2543 4549 2879 4606 excederent
2908 4547 3212 4608 demirans,
3252 4555 3601 4610 summopere

2009 4649 2458 4722 jucundabatur;
2502 4643 2632 4699 inde
2663 4659 2795 4698 vero
2829 4641 3057 4696 modum
3111 4637 3457 4707 exquirebat,
3490 4648 3602 4702 quo

2013 4758 2124 4800 non
2155 4738 2702 4797 vehementissimum
2733 4735 2872 4788 forte
2897 4739 3162 4786 terrorem
3197 4727 3273 4781 illi
3302 4727 3596 4784 incuteret,

2013 4838 2147 4893 dum
2187 4849 2307 4890 eam
2341 4831 2526 4887 suavis
2555 4827 2741 4900 gaudii
2793 4839 2988 4880 vocem
3041 4823 3341 4879 emitteret.
3370 4815 3602 4871 Vivebat

2011 4928 2158 4984 enim
2188 4919 2697 4979 immaculatissima
2734 4917 2825 4971 illa
2859 4916 2972 4986 (48)
3001 4930 3030 4968 a
3064 4911 3262 4982 quovis
3313 4915 3604 4964 extraneo-

2019 5062 2087 5116 ad
2120 5059 2341 5113 Mariam
2380 5053 2792 5109 transferuntur
2829 5066 2950 5118 qua:
2989 5048 3055 5102 ad
3095 5062 3447 5102 communem
3476 5051 3604 5105 reli-

2020 5145 2260 5201 quorum
2296 5127 2585 5201 hominum
2625 5117 3000 5201 conditionem
3035 5117 3337 5201 pertinent,
3371 5135 3608 5201 non_se-

2021 5188 2122 5254 cus
2152 5215 2215 5252 ac
2248 5195 2558 5250 inconsulto
2593 5193 2852 5246 miracula
2904 5189 2970 5242 ad
3005 5198 3214 5262 natura:
3239 5188 3388 5257 leges
3418 5192 3604 5262 exige-

2023 5281 2235 5325 rentur.
2265 5268 2417 5321 luani
2466 5266 2631 5332 igitur
2661 5265 2856 5314 timore
2887 5260 3031 5332 capti
3068 5259 3100 5310 ii
3142 5258 3384 5332 fuerunt,
3422 5258 3533 5328 qui'
3572 5280 3604 5318 a

2024 5339 2328 5408 proﬁtenda
2378 5329 2698 5408 Deiparm‘a
2753 5331 3030 5408 communi
3091 5329 3325 5408 originis
3358 5342 3604 5408 _pecc_ato

2015 5398 2359 5466 immunitate
2379 5398 2643 5459 deterreri
2666 5419 2722 5455 se
2741 5401 2977 5459 aiebant,
3007 5416 3071 5452 ne
3089 5398 3228 5452 forte
3252 5414 3314 5451 ea
3339 5399 3606 5457 doctrina:

2017 5482 2218 5547 capita.
2246 5493 2371 5546 qua:
2398 5477 2462 5527 de
2494 5473 2704 5547 misero
2740 5471 2874 5547 lapsi
2911 5469 3136 5522 humani
3168 5468 3388 5538 generis
3442 5479 3592 5547 statu

2019 5540 2278 5604 Ecclesia
2323 5545 2594 5601 catholica
2650 5540 2893 5596 servavit
2945 5554 3165 5608 semper
3209 5553 3274 5592 ac
3303 5548 3507 5600 εει-ναι,
3541 5541 3600 5594 in

2017 5619 2316 5673 discrimen
2357 5623 2712 5669 vocarentur.

2093 5687 2204 5758 (48)
2241 5687 2454 5742 Videsis
2477 5684 2764 5758 Deiparam
2825 5676 3269 5758 antonomastice
3308 5676 3601 5755 .undcqua-

2021 5745 2121 5829 que
2153 5745 2542 5822 Immaculutw,
2577 5745 2686 5825 ’τῆς
2744 5750 3114 5820 παναμώμου,
3169 5745 3399 5801 nomine
3443 5761 3600 5802 com-

2023 5830 2303 5899 pen-alant.
