4104 6450
449 386 558 448 639

1766 385 2020 446 JACOBI
2068 384 2417 447 MUNAL‘HI

3608 385 3725 448 (ill)

449 516 573 556 rum
596 498 873 554 consortio
897 512 1124 566 prorsus
1156 505 1385 562 remota,
1412 508 1468 551 et
1496 513 1525 551 a
1592 498 1883 567 quibusvis
1950 512 2031 553 ns-

2164 500 2505 569 ιλειτουργὺς
2538 502 2730 570 καιρὸν
2771 501 3053 573 σύμφορον
3081 502 3176 559 καὶ
3207 501 3373 556 τόπον
3403 504 3720 555 συνοίσοντα

450 590 768 646 sentatoriis
817 588 998 642 verbis
1026 588 1385 642 abhorrebat.
1449 588 1718 659 Quocirca
1784 589 2030 659 pruden-

453 683 660 737 tissime
692 680 940 733 minister
983 679 1072 733 ille
1100 680 1342 734 coalestis
1388 690 1757 750 opportunum
1793 691 2029 753 tempus,

383 756 391 767 ’
452 779 506 824 et
532 771 709 823 locum
747 769 822 821 rei
864 766 1122 820 idoneum
1174 767 1512 836 explorabat.

522 859 586 914 Et
630 858 828 913 exinde
868 860 1085 922 merito,
1113 874 1230 913 mea
1270 860 1489 931 quidem
1538 860 1832 923 sententia,
1882 874 2024 928 prae-

452 950 825 1005 ferenda‘visa
885 959 971 1005 est
1025 952 1222 1005 horum
1293 964 1569 1021 chlortlm
1626 951 1856 1005 historia
1922 951 2032 1015 illa,

451 1058 572 1111 qua:
603 1044 778 1111 prima
798 1043 982 1113 gaudii
1009 1043 1202 1097 nuntia
1235 1044 1302 1097 iis
1328 1052 1712 1105 connumerat,
1738 1059 1859 1111 qua:
1880 1055 2039 1097 extra

452 1133 693 1202 Virginis
721 1132 943 1186 domum
975 1133 1397 1204 (contigerunt).
1428 1134 1541 1187 Etsi
1577 1134 1726 1188 enim
1770 1133 2039 1187 divinitus

454 1225 683 1280 afﬂatus“
733 1228 1065 1299 evangelista
1127 1228 1273 1283 illius
1321 1228 1703 1283 tantummodo
1750 1227 2034 1297 colloquii,

455 1319 603 1387 quod
673 1319 814 1373 intra
875 1319 1099 1373 domum
1170 1320 1534 1392 archangelus
1590 1321 1807 1386 habuit,
1868 1321 2036 1376 verba

457 1408 677 1477 scriptis
711 1409 1151 1477 consignaverit;
1182 1419 1237 1463 at
1261 1411 1363 1463 alia
1403 1412 1639 1481 plurima
1670 1411 1959 1466 brevitatis
1983 1422 2040 1467 et

457 1497 769 1565 compendii
827 1513 1013 1565 causa,
1068 1508 1127 1552 ut
1180 1507 1333 1569 puto,
1399 1501 1787 1570 prmtermisit,
1850 1502 2037 1572 prouti

459 1586 624 1641 etiam
657 1587 839 1657 quoad
877 1588 981 1642 alia
1011 1588 1465 1645 adverterelicct.

527 1677 669 1733 Sane
699 1679 1187 1749 quemadmodum,
1222 1674 1352 1735 dum
1384 1683 1437 1736 in
1492 1684 1799 1755 cnjuspiam
1843 1683 2042 1741 domus

461 1768 823 1825 interioribus
861 1770 1065 1826 inclusi
1103 1789 1409 1838 manemus,
1438 1784 1513 1838 et,
1538 1777 1752 1831 cunctis
1770 1779 1917 1832 circa
1941 1793 2043 1833 nos

2138 588 2217 655 τῷ
2246 591 2535 660 πράγματι
2565 592 2642 645 διε
2652 592 2867 647 σκόπει.

2213 855 2375 909 Ὅθεν
2410 873 2500 925 μοι
2532 858 2717 923 σαφῶς
2749 858 2916 924 δοκεῖ,
2947 860 3076 929 περὶ
3114 865 3320 912 τούτων
3352 860 3450 925 τὴν
3478 858 3725 927 ἱστορίαν

2141 945 2504 1014 διαλελέχθαι,
2541 948 2678 1016 πρὸς
2728 950 2844 1011 τοῖς
2895 949 3052 1011 ἐκτὸς
3082 950 3177 1003 τοῦ
3206 949 3359 1003 οἴκου
3386 950 3454 1000 τά
3493 949 3592 1016 τῆς
3621 967 3724 1016 χα-

2148 1038 2244 1109 ρᾶς
2297 1038 2561 1109 προοίμια
2617 1040 3041 1111 ὑποτιθεμένην.
3094 1040 3157 1095 Εί
3210 1042 3320 1110 γάρ
3354 1042 3447 1092 καὶ
3487 1040 3658 1108 μόνης
3698 1039 3729 1090 ὁ

2146 1129 2429 1194 θεσπέσιος
2480 1132 2875 1202 εὑαγγελιατὴς
2913 1133 3012 1203 τῆς
3050 1133 3109 1186 ἐν
3161 1132 3239 1202 τῷ
3269 1135 3404 1200 οἴκῳ
3434 1132 3727 1194 διαλέξεως

2145 1220 2240 1281 τοῦ
2271 1222 2614 1291 ἀρχαγγέλου
2646 1224 2772 1285 τοὺς
2802 1222 2995 1290 λόγους
3051 1221 3393 1293 ὑπέγραψεν,
3426 1222 3562 1274 ἀλλὰ
3594 1221 3731 1289 βρα-

2096 1364 2105 1371 .
2147 1316 2426 1385 χυλογίας,
2466 1312 2643 1385 οἶμαι,
2701 1317 2798 1373 καὶ
2842 1317 3137 1386 συντομίας
3183 1318 3345 1387 χάριν
3380 1318 3447 1370 τὰ
3502 1318 3732 1369 πλεῖστα

2148 1409 2525 1480 παρέδραμεν,
2557 1410 2630 1473 ὼς
2667 1413 2760 1463 καὶ
2798 1413 2856 1463 ὲν
2891 1410 3070 1474 ἄλλοις
3103 1410 3219 1464 ἔστι
3252 1410 3464 1481 μαθεῖν.

2166 1656 2175 1663 ’
2234 1678 2321 1741 Ὠς
2347 1679 2456 1750 γὰρ
2487 1677 2635 1731 ἔνδον
2665 1679 2825 1748 ἡμεῖς
2862 1679 2918 1731 ὲν
2967 1678 3116 1748 οίκία
3144 1676 3252 1731 τινὶ
3287 1675 3737 1745 καθειρχθέντες,

2152 1769 2246 1822 καὶ
2277 1769 2507 1839 ἡσυχίαν
2538 1768 2759 1839 βαθεῖαν
2789 1772 2853 1822 ὲκ
2883 1770 3101 1822 πάντων
3135 1770 3381 1835 ἄγοντες,
3412 1767 3506 1821 τοῦ
3539 1766 3739 1834 ἀθρόον

465 1860 670 1925 tacitis,
694 1860 1010 1916 omnimoda
1043 1865 1201 1932 quies
1218 1865 1457 1927 obtinet.
1484 1867 1527 1921 si
1565 1884 1794 1938 magnus
1822 1879 2047 1941 repente

2164 1864 2448 1933 γενομένου
2470 1862 2719 1933 Greciam?)
2753 1865 2939 1932 φωιῆς
2959 1860 3171 1932 τρανῶς
3196 1861 3526 1930 ἐνεχθείσης,
3542 1858 3741 1911 εἱώθεισ-

463 1950 648 2021 l‘ragor
676 1953 972 2018 excitetur,
1000 1964 1095 2008 aut
1119 1955 1420 2012 vehemens
1446 1959 1709 2027 percellat
1734 1976 1836 2015 vos
1863 1977 2047 2024 aures,

462 2044 704 2112 graviter
720 2044 859 2099 allici
889 2047 1153 2113 solemus,
1183 2057 1238 2102 et
1268 2049 1767 2107 vehementissimo
1806 2053 2050 2123 correpti

463 2134 660 2188 timore
701 2134 807 2189 huc
839 2136 969 2189 illuc
998 2137 1230 2207 propelli
1258 2154 1272 2203 ;
1304 2140 1589 2194 multoties
1623 2156 1755 2194 vero
1811 2142 2053 2212 trepida-

464 2228 616 2284 tione
639 2231 889 2299 occupati
918 2231 1083 2284 etiam
1114 2230 1259 2286 foras
1289 2232 1358 2286 ad
1416 2249 1603 2288 casum
1659 2235 2053 2289 declinandum

464 2320 729 2390 aufugere
765 2321 1033 2388 nitimur;
1070 2325 1293 2393 quando
1321 2339 1454 2379 vero
1501 2326 1636 2381 foris
1663 2344 1978 2389 versamur.
2004 2329 2051 2384 si

466 2410 747 2479 qmdpiain
809 2414 1080 2484 ejusmodi
1147 2415 1309 2470 nobis
1360 2418 1662 2490 contingat,
1720 2430 1842 2474 utut
1890 2437 2055 2490 gravo

469 2495 603 2550 illud
631 2496 703 2551 sit
742 2513 805 2552 ac
835 2510 1062 2569 repente
1092 2501 1337 2566 invadat,
1371 2506 1714 2561 moderatius
1749 2524 1850 2561 nos
1877 2520 2055 2563 terror

468 2576 798 2653 commovet,
828 2593 1032 2662 quippe
1062 2601 1192 2648 tunc
1218 2610 1411 2649 sensus
1445 2596 1498 2649 in
1537 2597 1691 2666 plura
1726 2598 2053 2653 distrahun-

473 2688 581 2742 tur,
608 2696 710 2734 nec
737 2683 965 2737 moleste
1001 2684 1083 2737 vel
1134 2685 1388 2756 ingentes
1421 2687 1668 2758 fragores
1729 2691 2051 2760 excipiunt;

468 2772 722 2831 eumdem
759 2774 811 2828 in
843 2775 1062 2829 modum
1097 2778 1188 2831 illa
1235 2794 1454 2849 quoque
1500 2782 1727 2849 provide
1782 2794 1911 2838 sunt
1944 2760 2077 2840 dis;

475 2866 673 2934 posita,
700 2882 820 2937 qua:
854 2867 922 2921 ad
971 2868 1213 2939 Virginis
1260 2872 1627 2929 immaculata:
1663 2878 2054 2932 annuntiatio-

473 2964 597 3013 nem
629 2961 969 3033 spectabant.
1005 2963 1219 3018 Etenim
1255 2967 1299 3019 si
1325 2967 1473 3022 intus
1498 2969 1771 3025 allocutus
1820 2986 1942 3025 eam
1968 2987 2057 3025 cs-

473 3050 556 3104 εει
586 3049 826 3115 Gabriel,
862 3054 1168 3123 periculum
1230 3057 1606 3128 impendebat,
1641 3076 1707 3113 ne
1742 3061 2060 3130 (perturba-

2158 1973 2256 2024 μεν
2291 1956 2454 2020 ὀξέως
2487 1954 3004 2024 ἀντιλαμϐάνεσθαι,
3023 1955 3116 2007 καὶ
3144 1954 3494 2023 σφοδροτάτῳ
3518 1952 3741 2019 δείματι

2155 2034 2528 2118 συνεχόμενοι,
2599 2046 2998 2118 περιδονείεθαι
3056 2045 3432 2115 πανταχόθεν·
3475 2044 3739 2105 πολλάκις

2155 2140 2211 2197 δὲ
2254 2138 2348 2193 καὶ
2387 2138 2493 2191 ὑπὸ
2523 2140 2763 2206 ἀγωνίας
2800 2137 3273 2209 πολιορκούμενοι,
3320 2135 3456 2203 πρὸς
3485 2136 3551 2189 τὰ
3580 2135 3742 2197 ἐκτὸς

2157 2232 2301 2285 θέειν
2348 2232 2407 2284 τὸ
2442 2233 2655 2301 συμϐὰν
2688 2232 2963 2284 ἐκκλίνειν
3010 2230 3378 2299 πειρώμενοι·
3413 2229 3651 2297 ὁπηνίκα
3684 2227 3743 2281 δὲ

2157 2323 2268 2384 τοῖς
2290 2320 2491 2387 ἔξωθεν
2514 2321 3112 2388 συναναστρεφομένοις
3130 2316 3411 2387 ὲπισυμϐᾔ
3430 2332 3483 2367 τι
3498 2314 3741 2366 τοιοῦτον

2156 2416 2310 2483 ἡμῖν,
2346 2413 2444 2466 κᾶν
2470 2412 2700 2481 σφοδρὸν
2740 2412 2876 2481 τύχῃ
2912 2412 3005 2463 καὶ
3052 2410 3314 2477 ἐξαπίνης
3365 2405 3738 2475 συνενεχθείη,

2161 2507 2545 2577 μετριωτέρως
2583 2506 2679 2575 τὴν
2733 2505 3077 2572 κατλπληξιν
3112 2505 3375 2573 φέρομεν,
3412 2502 3508 2569 τῆς
3545 2499 3745 2567 αἰσθή-

2162 2617 2299 2660 σεως
2349 2597 2603 2652 ἐντεῦθεν
2631 2599 2713 2662 είς
2752 2598 2927 2649 πλείω
2964 2595 3353 2665 μεριζομένης,
3385 2593 3479 2647 καὶ
3535 2591 3612 2662 μὴ
3640 2609 3746 2660 χα-

2160 2691 2341 2754 λεπῶς
2374 2693 2470 2753 τὰς
2515 2690 2769 2761 θροήσεις
2801 2689 3097 2758 δεχομένης
3124 2704 3137 2717 ο
3193 2686 3333 2739 οὓτω
3366 2686 3460 2738 ml.
3493 2688 3562 2736 τὰ.
3603 2684 3746 2736 κατὰ

2160 2788 2251 2841 τὸν
2302 2784 2704 2853 εὐαγγελισμὺν
2766 2782 3096 2852 ᾠκονομήθη
3147 2780 3247 2847 τῆς
3277 2778 3542 2846 ἀμιάντου
3599 2778 3746 2844 [lap-

2162 2879 2340 2930 υὲνου.
2374 2878 2433 2931 Ei
2462 2878 2560 2946 μὲν
2592 2877 2701 2945 γὰρ
2729 2876 2874 2928 ἔνδον
2903 2877 2932 2927 ό
2954 2871 3194 2942 Γαϐριὴλ
3223 2870 3396 2941 ταύτῃ
3428 2873 3743 2937 προσεῖπεν,

2164 2971 2375 3039 ἀνάγκη
2422 2970 2562 3040 πρὸς
2600 2970 2670 3022 τὰ
2717 2970 2871 3027 ἐκτὸς
2926 2967 3213 3020 συνελάσαι
3252 2964 3412 3016 αὑτὸν
3474 2962 3743 3031 ὑπῆρχεν.

2174 3062 2394 3131 Ἐπειδὴ
2451 3062 2509 3114 δὲ
2564 3062 2670 3124 ἔξω
2726 3076 2830 3112 που
2886 3060 2983 3125 τῆς
3032 3057 3210 3120 οἰκίας
3242 3056 3601 3125 ὑπερφανεὶς,
3653 3053 3746 3104 τὸν

476 3141 649 3215 tione)
684 3143 827 3198 l‘oras
854 3160 974 3223 eam
1025 3149 1399 3218 compelleret.
1436 3153 1503 3204 At
1532 3160 1820 3220 postquam
1855 3152 2057 3207 alicubi

481 3245 621 3255 __.__
667 3233 880 3255 LM“
926 3253 1045 3255 ηρ
1286 3240 1297 3255 .
1350 3251 1358 3255 .
1460 3240 1472 3255 .
1752 3242 1836 3255 η.
2022 3254 2029 3255 κ

2169 3155 2458 3225 ἀσπασμὸν
2491 3151 2924 3225 προσεκὴρυξεν,
2949 3153 3095 3205 ἔνδον
3129 3150 3297 3221 αὐτὴν
3327 3149 3629 3255 συνώθησεί
3652 3147 3750 3198 καὶ

474 3245 627 3289 extra
662 3233 885 3289 domum
920 3253 1194 3308 apparens
1223 3240 1513 3296 salutando
1540 3258 1660 3296 eam
1712 3242 1913 3297 allatus
1951 3254 2057 3309 est,

472 3327 584 3393 jam
624 3328 774 3383 intus
808 3345 928 3383 cam
981 3333 1268 3401 compulit,
1301 3343 1357 3387 et
1383 3334 1456 3388 ibi
1492 3335 1666 3404 ipsam
1719 3336 1786 3390 ad
1842 3354 1904 3391 ea
1942 3353 2064 3407 qua:

479 3419 713 3476 dicenda
747 3434 928 3485 erant,
969 3440 1161 3479 secure
1192 3427 1491 3491 continuit,
1522 3428 1727 3499 quippe
1793 3446 1915 3501 qua:
1953 3447 2061 3485 non

479 3511 709 3566 haberet
740 3528 850 3582 quo
880 3514 1019 3569 forte
1051 3516 1121 3572 ob
1156 3519 1523 3573 turbationem
1557 3520 1888 3579 declinaret.

552 3602 646 3660 IX.
675 3602 968 3675 Postquam
992 3607 1156 3679 igitur
1174 3611 1520 3680 providentia
1545 3611 1714 3676 illius,
1749 3614 1841 3683 qui
1864 3625 2067 3685 myste-

484 3695 627 3749 rium
684 3713 848 3766 Opere
907 3700 1239 3769 complebat,
1302 3719 1331 3756 e
1370 3703 1707 3758 domuncula
1766 3722 2064 3776 parumper

484 3803 701 3859 egressa
723 3800 807 3844 est
834 3791 1039 3864 (Virgo)
1074 3796 1140 3849 ad
1182 3812 1401 3865 aquam,
1430 3810 1595 3865 prout
1660 3800 1891 3857 historia
1938 3818 2068 3857 nar-

485 3889 590 3946 rat,
615 3881 996 3950 bauriendam,
1024 3895 1079 3938 et
1117 3888 1367 3955 pervenit
1417 3890 1483 3942 ad
1509 3888 1714 3944 fontem
1773 3894 1887 3963 (qui
1939 3894 2064 3961 qui-

483 3971 608 4026 dem
645 3975 951 4045 symbolum
988 3989 1108 4033 erat
1146 3982 1412 4050 mystcrii,
1446 3991 1500 4035 et
1535 3998 1733 4055 aquam
1781 3984 2066 4040 immorta-

482 4065 590 4119 lem
643 4065 1057 4140 adumbrabat).
1097 4081 1228 4128 tune
1290 4075 1680 4147 archangelus,
1707 4078 1956 4133 nondum
1989 4080 2070 4132 vi-

486 4159 727 4215 dendum
762 4178 818 4217 se
852 4164 1127 4233 prtebens,
1161 4182 1321 4222 voces
1349 4167 1567 4223 eﬂ'udit.

559 4252 653 4306 Illa
684 4266 867 4308 autem
898 4256 965 4309 ad
1006 4258 1155 4312 vocis
1185 4258 1349 4326 llUJUS
1396 4258 1699 4315 novitatem
1748 4261 2067 4331 perterrita,

486 4343 782 4400 formidine
805 4357 1074 4417 occupata
1103 4357 1159 4402 et
1204 4366 1431 4420 pavore,
1457 4351 1513 4405 in
1547 4352 1813 4408 interiora
1870 4353 2071 4408 domus

487 4451 546 4490 se
572 4438 798 4507 recepit.
836 4439 1132 4510 Postquam
1172 4458 1322 4506 vero,
1354 4443 1520 4499 corde
1545 4445 1850 4503 etiamnum
1882 4446 2070 4516 palpi-

2168 3247 2425 3317 ἀσφαλῶς
2456 3248 2592 3316 πρὸς
2619 3246 2683 3299 τὰ
2725 3245 3100 3316 λεχθησόμενα
3129 3244 3441 3313 ὲπήρεισεν,
3470 3239 3571 3292 οὑκ
3598 3237 3753 3308 ἔχου-ι

2169 3362 2269 3398 σαν
2302 3342 2424 3397 ὅποι
2456 3344 2524 3412 τῇ
2560 3342 2774 3410 ἀγωνίᾳ
2806 3337 3184 3410 παρεκκλίνοι.

2239 3617 2318 3672 Θ’.
2368 3617 2523 3670 Ἐπεὶ
2570 3633 2663 3670 ουν
2692 3611 3009 3684 προμηθείᾳ.
3040 3609 3134 3664 τοῦ
3161 3608 3223 3663 τὸ
3271 3609 3573 3679 μυστήριον
3599 3608 3754 3677 ὲνερο

2167 3713 2412 3780 γοῦντος,
2442 3708 2709 3777 ὑπεξῆλθε
2736 3706 2827 3758 τοῦ
2857 3703 3159 3773 δωματίου,
3182 3701 3324 3755 κατὰ
3357 3703 3455 3767 τὴν
3482 3699 3749 3769 ιστορίαν,

2170 3800 2552 3872 ὑδρεύσασθαι,
2592 3801 2686 3853 καὶ
2716 3800 2813 3869 τὴν
2849 3797 3030 3866 πηγὴν
3056 3795 3412 3863 κατείληφεν,
3456 3794 3577 3863 ἥτις
3608 3790 3751 3861 σύμ-

2170 3897 2324 3951 ϐολον
2348 3890 2415 3964 ἦν
2436 3895 2531 3947 τοῦ
2570 3891 2895 3963 μυστηρίου,
2918 3890 2980 3943 τὸ
3008 3889 3281 3943 ἀθάνατον
3311 3886 3457 3957 ὕδωρ
3489 3887 3752 3950 ὲξεικονι-

2170 3990 2358 4052 ζουσα,
2390 3986 2487 4054 τὴν
2515 3984 2614 4057 μὲν
2649 3983 2833 4054 φωνὴν
2862 3982 2889 4034 ὁ
2916 3979 3259 4054 ἀρχάγγελος
3288 3979 3539 4048 ἀφίησιν,
3571 3976 3651 4030 ἔτι
3677 3972 3756 4046 μὴ

2171 4079 2415 4147 ἐκφανὴς
2448 4075 2544 4132 ὧν.
3473 4070 3479 4077 ’

2255 4252 2321 4305 Ἠ
2347 4252 2401 4304 δὲ
2441 4249 2515 4321 τῷ
2546 4250 2679 4320 ξένῳ
2709 4251 2913 4320 ταύτης
2962 4250 3403 4316 καταπλαγεῖσα,
3433 4249 3531 4309 σὺν
3560 4249 3754 4320 τρόμῳ

2173 4346 2266 4399 καὶ
2305 4347 2516 4419 ταραχῇ
2570 4343 2707 4415 πρὸς
2735 4347 2844 4405 τοῖς
2876 4342 3025 4397 ἔνδον
3078 4341 3296 4411 ἐχώρει.
3344 4340 3454 4394 Καὶ
3487 4340 3612 4392 ἐπεὶ
3658 4340 3752 4392 τοῦ

2174 4440 2336 4508 ἔργου
2389 4439 2589 4510 εἴχετο,
2635 4438 2736 4509 ἤδη
2767 4438 2866 4507 τῆς
2921 4438 3151 4510 καρδίας
3183 4437 3614 4509 κραδαινομένης
3663 4441 3758 4490 καὶ

489 4533 639 4582 tante
662 4526 982 4599 crebrisque
1020 4532 1260 4587 motibus
1287 4533 1566 4604 pulsante,
1627 4551 1692 4591 ac
1747 4537 1906 4607 genis
1952 4538 2057 4606 pal-

2176 4531 2416 4599 συνεχῶς
2449 4528 2857 4603 πατασσούσης,
2892 4528 2990 4598 τῆς
3032 4545 3093 4581 τε
3122 4528 3437 4598 ὠχρότητος
3475 4525 3573 4590 τὰς
3607 4543 3759 4595 παρ·

489 4617 602 4672 lore
627 4618 871 4685 sutTusis,
904 4623 1227 4694 cunctisque
1254 4627 1487 4683 artubus
1545 4628 1909 4683 vehementer
1934 4644 2068 4684 con-

491 4711 955 4776 tremiscentibus,
988 4715 1146 4784 operi
1206 4715 1423 4771 intenta.
1470 4727 1630 4784 erat;
1681 4736 1936 4790 supernae
1960 4722 2069 4775 mi-

486 4801 619 4858 litia:
673 4804 871 4859 ductor
917 4806 971 4858 in
1000 4806 1296 4863 humanam
1368 4825 1489 4864 sese
1538 4811 1779 4880 speciem
1828 4812 2072 4883 conligu-

488 4909 616 4947 rans
644 4909 673 4948 e
700 4895 867 4965 janua
891 4896 944 4948 in
974 4906 1333 4967 conspectum
1366 4899 1447 4953 illi
1478 4915 1537 4954 se
1570 4901 1860 4957 manifeste
1913 4902 2071 4956 exhi-

491 4984 859 5043 bettettunc
909 4989 1122 5042 beatam
1176 4989 1325 5043 illam
1383 5006 1574 5045 vocem
1629 4994 1891 5062 protulit;
1943 5003 2075 5049 tunc

490 5077 771 5145 gaudium,
799 5079 945 5147 quod
968 5094 1189 5135 omnem
1236 5092 1464 5151 superat
1498 5083 1866 5146 intellectum,
1894 5098 2075 5139 enun-

493 5169 683 5236 tiavit;
710 5179 841 5225 tunc
856 5170 1162 5229 benedicta:
1183 5174 1379 5228 indixit
1411 5174 2075 5233 benedictionem.'\’erba

445 5272 677 5317 “autem
734 5274 897 5319 tantae
951 5266 1156 5321 laetitia:
1225 5268 1385 5335 plena
1460 5269 1732 5337 ejusmodi
1802 5268 2074 5324 luerunt:

495 5356 621 5415 Ave.
645 5360 821 5425 gratia
844 5357 1039 5427 plena;
1078 5359 1332 5412 Dominus
1363 5369 1530 5411 tecum
1551 5359 1619 5412 ³⁸.

568 5446 638 5501 Χ.
676 5449 847 5504 Ovox
900 5450 1142 5505 indolem
1199 5451 1808 5520 reparationiijumani
1864 5455 2083 5524 generis

503 5540 650 5598 clare
678 5544 1071 5598 manifestans!
1109 5543 1369 5609 Qumnam
1419 5560 1487 5598 ex
1514 5545 1955 5616 iutelligibilibus
1982 5566 2084 5603 na-

503 5633 647 5689 turis
685 5642 890 5689 tantam
936 5633 1169 5705 gloriam
1201 5637 1408 5691 sortitae
1443 5637 1616 5691 sunt?
1648 5638 1906 5703 Quaenam
1966 5642 2080 5697 sive

578 5818 619 5847 ε’
643 5816 935 5884 ιυο.ι’,Ξ’,8.

2176 4622 2293 4685 eti;
2323 4620 2772 4691 ὑπογραφούσης,
2813 4622 2907 4673 καὶ
2951 4620 3170 4677 πάντων
3201 4618 3307 4675 τῶν
3337 4618 3515 4688 μελῶν
3544 4620 3761 4685 ἐναγω-

2177 4715 2305 4776 νίως
2336 4716 2649 4768 παλλόντων
2674 4731 2688 4744 ·
2740 4716 2935 4767 ἑαυτὸν
2971 4716 3106 4785 πρὸς
3136 4714 3197 4785 τὸ
3249 4713 3591 4784 ἀνθρώπινον
3622 4731 3754 4781 σχη-

2183 4807 2415 4876 ματίσας
2438 4809 2465 4856 ὀ
2492 4807 2933 4876 ἀρχιστράτηγος
2966 4803 3126 4871 εἶδος,
3168 4805 3416 4868 ἐνωπίως
3444 4805 3553 4859 ἀπὸ
3584 4804 3758 4874 θύρας

2180 4902 2317 4971 αὑτῇ
2352 4901 2716 4969 προφαίνεται
2739 4918 2751 4931 ο
2805 4902 2898 4952 καὶ
2926 4900 3046 4951 τότε
3102 4898 3198 4969 τὴν
3232 4898 3512 4968 μακαρίαν
3539 4897 3758 4964 ἐκείνην

2178 4993 2412 5061 ἐνήχησε
2443 4994 2627 5059 φωνήν
2654 5008 2665 5020 '
2697 4992 2817 5043 τότε
2852 4992 2952 5059 τὴν
2981 4992 3123 5059 ὑπὲρ
3146 4989 3357 5042 ἔννοιαν
3385 4991 3621 5058 ἐμήνυσε
3655 5006 3760 5056 χα-

2185 5088 2313 5155 ράν·
2354 5085 2473 5136 τότε
2515 5089 2582 5156 τῇ
2620 5085 2963 5155 εὐλογημένῃ
3014 5083 3111 5154 τὴν
3167 5082 3417 5149 εὐλογίαν
3467 5080 3759 5151 ἐκήρυξεν.

2193 5178 2259 5230 ἸΙ
2280 5177 2334 5230 δὲ
2363 5176 2470 5231 τῶν
2504 5177 2769 5245 ῥημάτων
2804 5176 3112 5247 εὐφροσύνη
3157 5174 3347 5227 τοῦτον
3384 5175 3500 5243 ἔχει
3551 5175 3644 5225 τὸν
3671 5172 3764 5223 λό-

2182 5287 2277 5338 γον
2298 5286 2316 5301 ·
2350 5269 2548 5336 Χαῖρε,
2578 5267 3039 5337 κεχαριτωμένη,
3068 5271 3099 5321 ό
3134 5267 3351 5335 Κύριος
3368 5266 3518 5335 μετὰ
3555 5264 3692 5318 σοῦ.

2256 5458 2313 5511 ι’.
2352 5456 2415 5508 Ὢ
2442 5455 2626 5525 φωνῆς
2673 5456 2771 5525 τῆς
2802 5452 2893 5505 τοῦ
2942 5451 3133 5519 γένους
3167 5450 3522 5511 ἀναπλάσεως
3558 5450 3761 5517 ἐμφαι-

2185 5550 2382 5617 νούσης
2413 5548 2506 5601 τὸν
2555 5547 2775 5617 τρόπον.
2828 5546 2981 5598 Ποῖαι
3030 5545 3216 5613 νοεραὶ
3268 5542 3457 5610 φύσεις
3503 5541 3764 5608 τοιαύτην

2184 5640 2650 5712 ἀπεκληρώσαντο
2700 5639 2895 5704 δόξαν;
2957 5641 3102 5689 ποῖαι
3166 5634 3486 5705 χερουεικαί
3552 5650 3611 5686 τε
3667 5631 3766 5684 καὶ
