4104 6416
440 412 552 477 643

1742 389 2003 452 JACOBt
2049 383 2397 447 MONACIII

3602 364 3714 429 ιιι

442 523 746 579 carbonem
778 518 849 573 de
885 513 1044 571 altari
1097 511 1306 581 forcipe
1355 502 1844 576 sutnpserit;ha3c
1895 514 2062 561 vero,

2168 496 2261 567 θη,
2290 496 2392 547 οὐκ
2421 491 2722 565 ὲχωνεύθη,
2745 493 2862 545 ἀλλ’
2894 491 3243 563 ἑμεγαλύνθη
3274 494 3308 563 ἡ
3334 492 3444 546 τῶν
3473 504 3723 563 σεραφδμ

444 612 753 673 divinitatis
783 611 962 679 ignem
1014 606 1070 660 in
1100 619 1160 659 se
1216 600 1524 670 excipiens,
1583 612 1692 650 non
1742 593 2028 649 combusta

446 708 542 763 sed
572 703 871 778 glorillrata
903 700 994 763 sit,
1019 711 1201 767 neque
1221 693 1514 764 liquefacta
1548 689 1644 745 sed
1684 685 2030 778 magnificam

448 776 617 852 fuerit
646 794 850 865 (Virgo)
887 790 977 844 illa
1018 787 1154 857 ipsis
1182 782 1471 853 Seraphim
1510 776 1826 851 gloriosior,
1869 788 2032 829 sanc-

450 888 556 942 tior
577 885 904 948 Cheruhim,
940 881 1135 952 igneus
1162 878 1395 931 thronus
1427 880 1644 927 natura:
1701 868 1872 933 illius,
1906 880 2031 936 quas

451 979 586 1031 ferri
620 976 833 1043 nequit,
871 987 1071 1029 currus
1100 971 1191 1024 ille
1218 968 1504 1021 ﬂammeus
1534 976 1598 1016 ac
1636 959 2030 1021 lucidissimus,

449 1066 651 1122 omium
684 1063 819 1120 illud
867 1064 1014 1133 quod
1068 1059 1296 1131 justitiae
1358 1054 1531 1109 solem
1567 1050 1729 1106 nobis
1778 1048 2033 1120 prmhuit,

450 1156 669 1227 forceps
699 1172 821 1225 qua:
855 1151 1237 1224 puriﬁt'antem
1261 1160 1427 1217 atque
1463 1142 1864 1198 illuminantem
1910 1156 2036 1195 car~

451 1249 653 1304 honem
705 1244 1097 1318 apprehendit,
1128 1258 1226 1315 per
1277 1260 1443 1314 quam
1494 1242 1588 1296 ille
1620 1250 1890 1294 accensus
1951 1245 2037 1289 est

2136 587 2463 658 τιμιωτέρα,
2486 586 2521 657 ἡ
2547 587 2826 656 ἁγιωτέρα
2850 587 2963 639 τῶν
2991 588 3277 657 χερου6ὶμ,
3313 589 3344 641 ὀ
3379 591 3604 662 πύρινος
3623 593 3723 659 τῆς

2137 682 2408 733 ἀστέκτου
2452 678 2670 748 φύσεως
2706 678 2916 749 θρόνος,
2944 680 3008 733 τὸ
3036 680 3301 752 φλογερὸν
3339 683 3433 737 καὶ
3463 685 3726 753 πολύφωεο

2138 791 2231 829 τον
2261 773 2471 843 ὀχημα,
2501 774 2531 827 ὀ
2559 772 2651 825 τὸν
2683 775 2784 844 τῆς
2827 775 3175 844 δικαιοσύνης
3224 776 3380 844 ⁴ῐιλιον
3432 778 3729 844 ἀνατείλας

2141 869 2274 938 ήμίν
2305 868 2557 939 οὐρανὸς,
2592 871 2625 939 ή
2657 869 2814 933 λσϐὶς
2847 871 2880 939 ή
2933 871 3025 924 τὸν
3074 870 3451 943 καθαρτήριον
3485 875 3579 927 καὶ
3614 892 3732 944 φω-

2139 961 2384 1014 τιστικδν
2413 962 2693 1032 κομίσασα
2722 962 2995 1032 ἄνθρακα,
3023 964 3091 1017 δι’
3139 959 3208 1035 ἦς
3244 968 3304 1018 τὸ
3358 966 3737 1037 δαπανητικδν

2139 1055 2238 1123 τῆς
2261 1053 2539 1124 ἁμαρτίας
2570 1053 2787 1125 ἀνήφθη
2819 1054 2953 1124 πῦρ,
2984 1055 3052 1108 δι’
3079 1050 3147 1129 ἧς
3175 1059 3234 1110 ἑν
3258 1056 3477 1126 μεθέξει
3506 1058 3737 1129 γενόμε-

2142 1163 2222 1198 νοι
2265 1145 2478 1208 τούτου,
2515 1147 2617 1216 τῆς
2646 1165 2706 1201 τε
2764 1148 3073 1219 μοχθηρίας
3119 1151 3583 1221 ἀπεσμήχθημεν,
3638 1154 3736 1204 καὶ

2144 1239 2279 1309 πρὸς
2312 1238 2413 1308 τὴν
2442 1238 2592 1292 θείαν
2623 1238 2786 1307 φύσιν
2829 1240 3374 1311 μιτεσκευάσθημεν.

453 1341 618 1411 Ignis,
645 1342 739 1410 qui
787 1336 1026 1393 destruit
1051 1346 1271 1401 peccata
1308 1334 1452 1403 (50),
1485 1345 1587 1401 per
1646 1343 1812 1400 quam
1876 1325 2042 1396 hujus
2100 1327 2240 1398 ignis
2297 1329 2595 1401 participes
2619 1329 2804 1385 en‘ecti
2858 1340 2916 1386 et
2974 1332 3259 1387 emundati
3316 1348 3510 1389 sumus
3559 1350 3590 1389 a
3638 1349 3739 1390 ne-

451 1433 647 1504 quitia,
667 1441 723 1485 et
741 1431 795 1485 in
832 1430 1072 1485 divinam
1110 1438 1358 1482 naturam
1388 1421 1785 1479 transformati.

527 1520 648 1574 XII.
682 1519 910 1581 Verum,
958 1527 1254 1587 antequam
1299 1512 1745 1585 progrediamur,
1779 1525 1881 1581 par
1932 1516 2040 1570 est,

450 1624 513 1668 ut
542 1610 794 1666 hocloco
849 1609 1221 1679 inquiramus,
1269 1603 1554 1676 quomodo
1607 1618 1676 1658 ex
1723 1600 2045 1670 archangeli

452 1715 681 1775 aspectu
711 1699 1231 1757 immaculatissima
1274 1698 1366 1753 illa
1419 1704 1633 1752 tantum
1668 1695 1876 1764 ceperit
1927 1693 2045 1748 for-

2220 1510 2322 1564 IB'.
2373 1511 2514 1565 Ἀλλ’
2550 1513 2787 1567 ἐνταῦθα
2819 1516 3092 1586 προσήκει
3131 1517 3352 1587 πρῶτον
3382 1516 3741 1591 διαπορῆσαι,

2149 1603 2263 1667 πῶς
2293 1605 2456 1677 εἴπερ
2484 1608 2541 1658 ἐν
2566 1606 2678 1659 ἔθει
2701 1602 2770 1678 ἦν
2801 1608 2834 1679 ή
2867 1609 3214 1678 πανάμωμος
3244 1610 3547 1682 ἀγγελικῆς
3612 1628 3744 1665 συν-

2147 1697 2368 1767 ομιλξας
2394 1700 2493 1766 τῆς
2523 1698 2716 1769 πρώην
2743 1700 2800 1751 ὲν
2818 1697 2894 1770 τῷ
2921 1700 3036 1770 ναῷ
3076 1702 3476 1772 γεγενημένης,
3495 1701 3745 1773 φοϐερῶς

454 1795 701 1857 midinis.
732 1808 859 1848 cum
892 1801 1079 1847 tamen
1107 1789 1365 1845 familiari
1426 1789 1507 1843 uti
1539 1789 1863 1858 angelorum
1912 1800 2044 1839 con-

2168 1791 2350 1862 ἰνεγκε
2379 1792 2479 1864 τὴν
2501 1792 2596 1845 τοῦ
2632 1793 2978 1862 ἀρχαγγέλου
3003 1794 3133 1847 θέαν
3160 1810 3174 1824 ·
3203 1786 3266 1847 οὗ
3296 1793 3397 1865 τὴν
3425 1793 3583 1848 λύσιν
3610 1796 3748 1848 ἀνο-

460 1884 758 1940 snctudine
791 1884 846 1938 in
882 1882 1087 1952 templo
1111 1890 1275 1936 antea
1326 1879 1533 1936 soleret
1563 1896 1578 1933 :
1614 1879 1778 1947 cujus
1820 1876 2048 1947 quidem

457 1974 823 2029 dubitationis
878 1987 1096 2042 aequum
1122 1981 1210 2026 est
1239 1980 1301 2025 ut
1334 1970 1576 2040 aliquam
1615 1968 1840 2024 afferam
1903 1967 2053 2023 solu-

464 2067 707 2120 tionem.
758 2063 872 2120 Cur
916 2064 1102 2133 itaque
1138 2062 1435 2134 perterrita
1479 2063 1595 2131 ipsa
1633 2069 1719 2115 est
1747 2076 1813 2116 ac
1836 2069 2053 2130 pertur-

458 2159 730 2220 bata,cur
771 2158 840 2213 ad
899 2156 1081 2228 angeli
1132 2166 1417 2227 aspectum
1465 2168 1670 2224 anceps
1724 2154 2056 2209 ductitavit?

458 2251 599 2317 Quia
628 2251 746 2321 ipse
788 2250 1001 2306 scilicet
1049 2263 1232 2316 neque
1283 2248 1603 2302 mandatum
1647 2246 1821 2310 illius,
1870 2262 1899 2301 a
1942 2261 2055 2318 quo

460 2341 668 2395 missus
705 2343 909 2405 fuerat,
935 2357 1118 2411 neque
1159 2355 1361 2394 nomen
1419 2354 1581 2394 suum
1618 2338 2055 2409 dignitatemque

463 2432 742 2501 pr0priam
769 2432 1054 2487 indicavit.
1090 2432 1157 2486 Et
1190 2446 1321 2486 sane
1355 2431 1492 2500 ipse,
1527 2440 1821 2500 antequam
1867 2446 1897 2484 a
1950 2430 2057 2485 Za-

463 2525 655 2579 charia
701 2525 1157 2594 interrOgaretur,
1204 2538 1597 2594 praeoccupans
1628 2523 1765 2578 dicit
1807 2523 1898 2577 ":
1943 2523 2057 2595 Ego

462 2634 580 2672 sum
601 2617 835 2685 Gabriel,
864 2620 954 2687 qui
992 2627 1107 2671 asto
1141 2627 1267 2673 ante
1295 2616 1482 2671 Deum.
1510 2616 1573 2671 Et
1613 2616 1840 2672 Michael
1869 2617 1935 2672 ad
1963 2617 2058 2673 Je-

464 2724 586 2763 sum
615 2708 787 2763 liliu'm
840 2711 989 2765 Nave
1021 2728 1035 2763 :
1071 2710 1182 2780 Ego
1203 2726 1323 2763 sum
1376 2725 1441 2781 pr
1465 2725 1620 2779 nceps
1652 2709 1914 2763 exercitus
1952 2708 2058 2763 Do-

466 2803 597 2856 mini
629 2801 697 2854 “.
724 2802 790 2856 Et
817 2799 1049 2857 Creator
1072 2801 1140 2855 ad
1161 2801 1380 2873 Moysen
1417 2819 1430 2855 :
1462 2801 1572 2872 Ego
1605 2818 1723 2855 sum
1743 2802 1832 2871 qui
1848 2817 1968 2856 sum
1988 2801 2056 2855 ".

535 2891 648 2947 Cur
673 2892 837 2962 igitur
868 2892 1061 2964 (.Iices)
1110 2891 1335 2947 Gabriel
1366 2890 1505 2945 nihil
1544 2890 1650 2945 tale
1684 2891 1776 2946 hic
1823 2906 2061 2961 praemo-

467 2985 627 3040 nuit?
676 2983 842 3038 Plane
875 2983 1003 3053 quia
1053 2983 1443 3053 alloquebatur
1492 2996 1638 3047 eam,
1677 2998 1801 3051 qua:
1852 2983 2046 3037 omnia

468 3076 642 3147 probe
670 3084 916 3131 noverat.
952 3075 1144 3146 Neque
1178 3077 1328 3130 enim
1357 3090 1487 3129 eum
1515 3073 1741 3137 latebat,
1771 3074 2057 3144 perspica-

2154 1885 2495 1957 υποφέροντα
2529 1887 2802 1940 ποιεῖτθαι
2832 1888 3008 1953 ἄξιον.
3070 1887 3171 1941 Διὰ
3202 1887 3255 1941 τί
3284 1888 3745 1958 καταπληττομέ-

2153 1994 2251 2048 νης
2277 1977 2479 2049 ταύτης
2500 1980 2595 2031 καὶ
2620 1981 3057 2052 ταραττομένης,
3084 1982 3177 2034 καὶ
3209 1980 3581 2052 διαπορούσης
3606 1981 3746 2051 πρὸ,

2153 2066 2246 2118 τὸν
2273 2066 2509 2135 ὀφθέντα
2535 2084 2550 2131 ;
2584 2068 2705 2121 ὀτι
2734 2068 2858 2121 οὔτε
2889 2069 2949 2123 τὸ
2968 2069 3062 2123 τοῦ
3090 2070 3413 2141 πέμψαντος
3438 2071 3752 2140 ἀπαραίτη-

2155 2174 2250 2212 τον
2312 2161 2495 2223 αὐτὸς,
2528 2158 2650 2212 οὕτε
2701 2161 2764 2213 τὸ
2810 2163 3013 2214 οἰκεῖον
3061 2161 3303 2228 ἐδίδαξεν
3345 2161 3519 2231 ὄνομα
3552 2162 3648 2215 σὺν
3681 2160 3748 2229 τῇ

2156 2252 2304 2323 ἀξίᾳ.
2363 2253 2468 2304 Καὶ
2520 2256 2632 2321 γαρ
2681 2251 2845 2315 αὐτὸς
2898 2251 3296 2322 πυνθανομένῳ
3357 2250 3436 2321 τῷ
3497 2250 3752 2322 Ζαχαρῐςρ⁵

2160 2343 2512 2413 προέφησεν·
2577 2340 2722 2411 Ἑγώ
2768 2345 2887 2411 ειμι
2932 2340 3223 2409 Γαϐριὴλ,
3275 2344 3310 2396 ό
3353 2341 3755 2409 παρεστηκὼς

2157 2432 2416 2486 ἐνώπιον
2462 2432 2571 2487 τοῦ
2604 2430 2775 2486 Θεοῦ.
2831 2432 2944 2486 Καὶ
2978 2431 3200 2502 Μιχαὴλ
3238 2432 3374 2503 πρὸς
3403 2432 3495 2485 τὸν
3540 2430 3755 2502 Ἰησοῦν

2159 2523 2255 2579 τοῦ
2286 2523 2444 2593 Ναυῆ
2465 2539 2478 2553 ·
2530 2522 2676 2593 Ἐγώ
2701 2525 2818 2592 ειμι
2848 2525 2882 2577 ό
2917 2522 3402 2594 ἀρχιστράτηγος
3440 2522 3756 2592 δυνάμεως

2161 2620 2404 2685 Κυρίου.
2445 2618 2554 2671 Καὶ
2583 2617 2748 2680 αὐτὸς
2775 2616 3121 2687 Δημιουργὸς
3152 2616 3291 2687 πρὸς
3337 2617 3431 2670 τὸν
3471 2616 3716 2672 Μωυσέα
3737 2631 3753 2647 ο

2176 2705 2318 2777 Ἐγώ
2338 2707 2455 2776 ειμι
2480 2709 2512 2760 ό
2544 2704 2646 2759 ὧν.

2240 2884 2396 2948 Τίνος
2414 2883 2506 2939 οὖν
2527 2886 2687 2956 χάριν
2704 2883 2803 2955 τὴν
2818 2883 3075 2952 τοιαύτην
3090 2882 3152 2937 ού
3170 2884 3461 2954 παρήγαγε
3481 2881 3760 2936 κάνταῦθα

2167 2981 2197 3032 ὀ
2234 2978 2476 3051 Γαϐριὴλ
2514 2978 2904 3043 διδασκαλίανς
2962 2975 3219 3047 Εὔδηλον,
3269 2976 3345 3040 ὡς
3381 2975 3761 3046 συνεγνωκυῐᾳ

2167 3071 2571 3140 διαλεγόμενος.
2605 3070 2715 3125 Καὶ
2754 3071 2866 3139 γὰρ
2894 3072 3073 3133 συνεὶς
3103 3071 3164 3124 τδ
3180 3069 3440 3135 ὀξύτατον
3466 3069 3565 3139 τῆς
3587 3069 3761 3139 ὑπερ-

469 3168 753 3225 cissimum
782 3168 992 3238 Virgini
1026 3167 1452 3237 sapientissimae
1505 3165 1788 3236 ingenium
1839 3167 2059 3233 inesse;

2172 3165 2363 3234 σόφου,
2419 3166 2513 3219 καὶ
2540 3167 2624 3219 ὅτι
2653 3167 2714 3219 τὸ
2744 3165 3103 3236 προδιδαχθὶν
3136 3165 3409 3235 εὐστόχως
3443 3163 3762 3235 ἐχαρακτή-

467 3270 527 3315 et
554 3260 818 3331 quoniam
868 3270 1153 3329 assumpta
1207 3258 1381 3311 forma
1416 3266 1544 3326 apte
1591 3271 1691 3325 per
1720 3271 1780 3311 se
1813 3271 1901 3321 ea,
1940 3272 2064 3326 qua:

469 3361 632 3407 antea
667 3352 813 3407 dicta
843 3362 996 3415 sunt,
1028 3349 1504 3420 pnemonstrabat,
1539 3363 1647 3402 non
1680 3350 1780 3403 abs
1807 3365 1864 3403 re
1894 3349 2063 3404 verba

471 3445 545 3502 de
572 3446 661 3500 his
693 3445 874 3501 facere
907 3444 1284 3515 prmtcrmisit.
1654 3506 1683 3519 χ

545 3540 636 3603 At,
687 3537 869 3607 inquit
924 3537 1366 3606 quispiam,cur,
1397 3552 1466 3591 eo
1519 3537 1659 3602 viso,
1704 3536 1924 3592 turbata
1956 3545 2065 3601 est,

472 3638 533 3683 et
563 3642 765 3697 pavore
800 3627 1087 3697 perculsa?
1109 3625 1245 3692 Quia
1282 3641 1480 3695 nempe
1515 3625 1570 3679 in
1606 3640 1848 3695 paupere
1897 3633 2065 3694 tecto,

479 3720 572 3774 ubi
597 3735 629 3774 a
659 3719 939 3775 consortio
969 3719 1234 3790 cujusvis,
1267 3718 1362 3787 qui
1404 3716 1648 3787 speciem
1700 3716 1945 3773 hominis
1980 3734 2067 3774 re-

476 3813 669 3875 ferret,
697 3812 1035 3877 abstinebat,
1094 3811 1437 3883 peregrinam
1487 3811 1556 3865 ad
1596 3826 1655 3866 se
1692 3810 1923 3865 formam
1972 3826 2067 3867 ac-

478 3904 714 3959 cessisse
747 3903 991 3960 videbat.
1020 3903 1156 3958 Nam
1192 3903 1236 3957 si
1269 3902 1450 3957 adhuc
1479 3901 1720 3972 degissct
1752 3902 1806 3955 in
1841 3903 2068 3971 templo,

478 4013 612 4054 sane
663 4006 779 4052 tum
815 4014 883 4053 ex
922 3998 1045 4051 loco
1099 4005 1215 4050 tum
1271 4011 1338 4049 ex
1378 4010 1618 4065 congrua
1684 3994 2074 4063 adjunctorum

478 4091 695 4146 ratione
721 4091 1049 4159 iudicasset,
1081 4090 1228 4143 haud
1265 4090 1466 4143 mirum
1500 4104 1644 4153 esse,
1676 4089 1826 4160 quod
1858 4090 2073 4145 contin-

481 4185 666 4255 gebat.
703 4184 810 4239 Sed
842 4199 968 4238 cum
1000 4185 1176 4236 miran
1201 4187 1305 4236 ?am
1349 4182 1491 4236 hanc
1534 4183 1770 4252 speciem
1809 4183 2072 4239 inusitata

484 4291 549 4330 ac
579 4275 870 4345 peregrina
896 4276 1235 4343 loquentem,
1258 4273 1313 4326 in
1343 4273 1539 4327 humili
1570 4285 1817 4329 cerneret
1839 4275 2077 4330 donum-

485 4368 632 4429 cula,
689 4367 784 4421 ubi
852 4368 934 4421 vel
987 4376 1344 4436 cognatorum
1407 4366 1737 4421 familiarem
1790 4367 2074 4424 devitabat

2174 3274 2290 3329 ρισε
2324 3258 2535 3329 σχῆμα,
2573 3256 2825 3328 παρῆκεν
2864 3257 3093 3321 εἰκότως
3138 3256 3201 3310 τὸ
3252 3258 3391 3328 πρὸς
3422 3256 3588 3309 τοῦτο
3614 3255 3764 3309 διευ-

2173 3350 2379 3405 Θύνιιν.

2261 3531 2421 3587 Ἀλλὰ
2443 3531 2532 3587 διὰ
2550 3532 2625 3601 τι,
2641 3534 2827 3603 φησὶν,
2847 3532 3160 3604 ἐθορυϐεῖτο
3182 3534 3276 3587 καὶ
3295 3529 3765 3602 ἐκπεπληγμένως

2173 3628 2314 3695 πρὸς
2341 3627 2435 3679 τὸν
2464 3626 2699 3695 ὀφθέντα
2742 3625 2977 3680 διέκειτο
3002 3643 3017 3692 ;
3051 3626 3176 3679 Ὅτι
3225 3625 3387 3691 ξένην
3416 3623 3567 3693 ἑώρα
3596 3624 3655 3676 ἐν
3682 3623 3765 3676 οι-

2174 3720 2303 3790 κεία
2336 3722 2570 3791 πενιχρᾷ
2602 3719 2818 3791 μορφὴν
2848 3720 2987 3791 αὐτῇ
3022 3716 3495 3781 συσθεισελθοῦσαν,
3526 3718 3582 3768 ἐν
3664 3714 3768 3784 τῆς

2177 3813 2289 3865 τῶν
2321 3812 2587 3882 ὁμοειδῶν
2641 3811 2948 3883 ἀνθρώπων
2993 3810 3315 3881 συνομιλὶας
3356 3811 3654 3879 ἐστερεῖτο.
3703 3807 3768 3860 Ei

2182 3906 2282 3975 μὲν
2311 3906 2419 3971 γὰρ
2450 3907 2509 3958 ὲν
2541 3904 2621 3976 τῷ
2663 3904 2775 3975 ναῷ
2807 3902 2876 3975 ἦν
2921 3903 3024 3966 ἔτι,
3079 3903 3466 3972 συνελογίσατο
3499 3901 3568 3955 ἂν
3614 3899 3679 3953 ἐκ
3706 3916 3768 3952 τε

2176 3998 2273 4050 τοῦ
2305 3998 2472 4050 τόπου
2509 3999 2603 4050 κα)⁵
2651 3997 2749 4067 τῆς
2793 3996 2903 4050 τῶν
2937 3997 3283 4067 πραγμάτων
3307 3991 3650 4055 ἀκολουθίας,
3690 3990 3770 4062 μὴ

2183 4089 2336 4155 ξένον
2364 4086 2504 4143 εἶναι
2534 4091 2597 4143 τὸ
2624 4089 2945 4159 συμσαῖνον.
2990 4091 3213 4162 Ἐπειδὴ
3239 4091 3295 4144 δὲ
3330 4092 3388 4143 ὲν
3422 4090 3634 4144 εὐτελεῖ
3670 4090 3774 4142 δω-

2187 4182 2367 4252 ματίῳ
2393 4181 2709 4253 θαυμαστὸν
2736 4182 2964 4235 ἔϐλεπεν
2988 4177 3152 4247 εἶδος,
3173 4182 3339 4236 καινὰ
3365 4183 3457 4234 καὶ
3486 4179 3771 4253 παράδοξα

2186 4273 2414 4345 μηνύον,
2451 4274 2510 4326 ἐν
2553 4268 2598 4342 ᾧ
2647 4275 2746 4345 τὴν
2778 4274 2888 4327 τῶν
2917 4275 3207 4346 ὁμοφύλων
3245 4274 3633 4345 συνδιατρ.6ὴν
3662 4274 3767 4326 ἁπ-

2184 4366 2500 4436 εστρέφετο,
2524 4367 2752 4429 εἰκότως
2781 4384 2840 4418 τ)
2857 4369 3163 4439 ραττομένη
3193 4367 3292 4439 τὴν
3314 4368 3435 4422 κατ’
3450 4367 3625 4438 ἀρχὰς
3655 4367 3773 4420 διὰ·

487 4455 972 4520 eousuetudinem,
1011 4456 1210 4509 merito
1258 4454 1325 4508 ad
1366 4454 1516 4509 illius
1572 4464 1877 4524 aspectum,
1920 4466 1979 4511 ut
2007 4458 2062 4513 at

2184 4457 2331 4521 λέξιν
2360 4460 2597 4511 ἐποιεῖτο
2625 4458 2761 4528 πρὸς
2794 4460 2887 4511 τὸν
2914 4459 3172 4528 ὀφθέντα.
3209 4460 3370 4513 Ἀλλᾶ
3411 4461 3521 4529 γὰρ
3548 4460 3645 4511 καὶ
3675 4457 3777 4525 τὴν

489 4547 651 4600 initio
700 4546 962 4608 diximus.
992 4546 1340 4600 turbabatur.
1373 4545 1442 4599 Et
1470 4546 1693 4615 quidem
1724 4561 1849 4599 cum
1887 4549 2079 4617 pueri-

488 4637 597 4693 Eem
623 4646 840 4693 aetatem
872 4639 926 4692 in
964 4638 1170 4707 templo
1197 4646 1405 4708 ageret.
1459 4637 1611 4691 nullo
1644 4641 1927 4692 enimvero
1957 4654 2082 4693 cum

2191 4551 2455 4621 παιδικὴν
2488 4552 2547 4603 ὲν
2572 4550 2648 4619 τῷ
2678 4551 2791 4619 ναῷ
2825 4552 3042 4620 ἡλικίαν
3069 4551 3301 4621 ἀγούσῃ,
3339 4552 3400 4604 οὐ
3433 4551 3682 4621 φοϐερῶς
3707 4565 3777 4602 τα

2191 4644 2403 4714 μεγάλα
2434 4644 2771 4705 συνέϐαινεν,
2803 4645 2946 4697 οὕτω
2977 4645 3073 4714 τῆς
3119 4645 3337 4714 φύσεως
3383 4646 3440 4697 ὲν
3476 4643 3671 4712 ἐκεινῳ
3698 4639 3777 4709 τῷ

493 4740 704 4785 terrore
751 4730 890 4785 mira
927 4730 1004 4784 illi
1037 4729 1457 4799 contingebant,
1487 4742 1611 4781 cum
1644 4730 1950 4797 generatim
1987 4745 2062 4799 pc‘

2189 4736 2366 4805 xpivq)
2415 4734 2769 4805 διακειμένης
2816 4735 3086 4787 καθόλου·
3126 4736 3221 4788 καὶ
3274 4733 3440 4787 πάλιν
3474 4733 3623 4796 εἰκὸς
3675 4731 3778 4801 μὲν

492 4839 615 4878 eam
639 4832 856 4880 aatatem
884 4825 959 4879 ita
998 4824 1138 4879 ferat
1165 4823 1454 4877 hominum
1482 4832 1682 4875 natura
1707 4838 1723 4887 ;
1749 4830 1915 4890 atque
1938 4822 2088 4878 insu-

495 4934 595 4988 per
618 4934 924 4989 congruum
951 4927 1093 4984 erat,
1116 4927 1176 4973 ut
1207 4916 1513 4979 humiliori,
1532 4931 1595 4971 ac
1619 4930 1768 4971 nunc
1798 4930 2085 4986 appareat,

492 5013 682 5081 ‘Specie
719 5022 851 5067 tunc
898 5023 1247 5077 cerneretur,
1289 5009 1513 5081 quando
1564 5008 1913 5073 familiariter
1959 5025 2088 5065 cum

496 5103 614 5172 ipsa
634 5104 962 5161 versabatur
982 5124 997 5173 ;
1021 5107 1393 5177 augustiorem
1428 5119 1560 5158 vero
1579 5119 1641 5156 ac
1664 5101 2087 5170 mirabiliorem,

573 5242 616 5273 ³⁸
646 5241 782 5297 Luc.
805 5258 844 5308 ι,
879 5242 965 5298 l9.
1064 5244 1110 5275 ‘°
1137 5243 1322 5299 Judic.
1344 5241 1510 5300 v.14.

577 5400 689 5471 (50)
725 5400 976 5456 Postulat
1005 5402 1086 5455 rei
1119 5407 1338 5458 natura,
1370 5409 1430 5453 ut
1477 5398 1568 5453 hic
1599 5415 1706 5471 non
1759 5400 1941 5469 aliqua
1985 5399 2086 5453 ho-

505 5471 713 5524 minum
747 5473 1138 5541 quormndam,
1169 5472 1263 5523 scil
1312 5474 1486 5541 totius
1519 5470 1709 5523 mundi
1750 5480 1974 5540 peccata
2001 5471 2088 5523 iu-

506 5539 821 5611 telligantur
853 5559 867 5595 :
897 5553 980 5596 est
1000 5542 1147 5594 enim
1174 5554 1358 5593 sermo
1385 5539 1454 5592 de
1480 5543 1702 5608 generis
1724 5539 1950 5611 humani
1999 5554 2090 5593 rc-

509 5610 846 5680 demptione.
903 5612 1074 5665 Maria
1143 5624 1276 5680 vero
1335 5611 1630 5662 exhibetur
1701 5626 1805 5664 eeu
1872 5610 2093 5678 forceps

511 5679 692 5748 ignem
723 5683 876 5736 illum
909 5679 1351 5749 apprehendens,
1376 5696 1488 5748 quo
1534 5690 1757 5743 peccata
1785 5681 2087 5734 absuman-

509 5757 620 5803 tur.
655 5760 713 5804 et
742 5752 905 5805 simul
925 5766 989 5804 ea
1017 5751 1201 5803 nitens
1232 5751 1545 5809 nobilitate,
1577 5765 1698 5818 quae
1726 5750 1954 5818 gloriam
1986 5751 2089 5802 Se-

510 5820 722 5889 raphnn
753 5833 808 5875 et
855 5821 1152 5876 Cheruhtm
1190 5821 1534 5876 sanctitatem
1566 5822 1772 5885 vincat,
1805 5830 1967 5888 atque
2001 5835 2091 5874 su-

1587 5240 1633 5271 "
1678 5239 1855 5294 Exod.
1888 5257 1974 5304 ιιι,
2020 5242 2111 5296 14.

2192 4827 2476 4899 ὑφειμένῳ
2530 4836 2774 4898 σχήματι
2837 4827 2992 4897 παρὰ
3042 4827 3134 4881 τὸν
3190 4829 3451 4898 φανέντα,
3500 4829 3528 4879 ὀ
3582 4825 3779 4896 πρώην

2187 4922 2559 4991 ὀπτανόμενος
2608 4922 2744 4993 αὐτῇ
2781 4922 3075 4990 συνωμίλει
3099 4937 3113 4952 ·
3166 4922 3329 4983 αὐτὸς
3365 4920 3423 4974 δὲ
3459 4917 3652 4988 ἐπειδὴ
3679 4917 3779 4986 τὴν

2188 5013 2284 5067 τοῦ
2313 5014 2585 5067 Δεσπότου
2617 5015 2934 5084 κατεμήνυε
2962 5014 3290 5083 παρουσίαν,
3323 5011 3538 5081 καὶτῆς
3569 5007 3783 5079 βασιλι-

2193 5105 2296 5174 κῆς
2347 5106 2680 5175 προέτρεχεν
2734 5106 3050 5175 ἐπιδημίας,
3114 5101 3541 5173 βασιλικώτερον
3593 5098 3783 5168 σχῆμα

2186 5400 2643 5455 blimissimorum
2684 5401 2993 5471 Spirituum
3028 5410 3248 5471 captum
3279 5399 3650 5456 transcendat.
3682 5401 3781 5456 Atr

2189 5477 2283 5541 qui
2314 5471 2430 5524 haec
2458 5486 2488 5524 e
2521 5472 2791 5525 diametro
2836 5480 3150 5539 repugnant
3200 5472 3513 5541 hypothesi,
3541 5487 3663 5540 quae
3688 5471 3787 5523 lin-

2190 5488 2283 5541 qui
2315 5488 2430 5524 meo
2458 5488 2488 5524 e
2521 5488 2791 5525 diametro
2836 5488 3150 5539 repugnant
3200 5488 3233 5526 n
3277 5488 3513 5540 putuest,
3541 5488 3663 5540 quae
3688 5488 3784 5523 un-

2190 5552 2306 5611 gat,
2339 5550 2583 5607 peccata,
2611 5545 2736 5612 igne
2763 5542 2857 5595 illo
2905 5541 3210 5606 exurenda,
3237 5488 3449 5610 ζει·ςὶιιὶ
3471 5542 3784 5595 communia

2192 5627 2320 5666 cum
2384 5612 2509 5666 aliis
2558 5614 2753 5666 fuisse.
2810 5613 3022 5666 Rursus
3074 5628 3206 5682 ergo
3256 5626 3314 5666 se
3350 5612 3536 5679 prodit
3587 5620 3785 5681 sponte

2199 5682 2478 5805 doctrina,
2507 5683 2715 5737 nullam
2756 5698 2997 5750 unquam
3026 5682 3235 5751 Virgini
3265 5682 3547 5736 inhaesisse
3577 5682 3784 5751 peccati

2199 5767 2354 5805 ntacu
2383 5767 2488 5805 am.

2199 5767 2488 5806 maculam.
