4104 6416
324 369 433 431 645

1101 361 1390 424 ORATIO
1427 359 1510 421 ΙΝ
1549 351 2258 420 ANNUNTJATIONEM
2303 353 2407 414 SS.
2449 351 2827 415 DEIPABE.

3509 350 3617 415 646

325 503 424 540 και
461 481 907 553 υαυμαστότερον
956 479 1327 545 ἐπεδείκνυτο,
1369 479 1552 532 πᾶσαν
1587 475 1774 530 ἱκανὸν
1826 477 1913 536 tx—

2031 467 2406 536 aptiorcmque
2431 468 2498 521 ad
2529 468 2745 520 animos
2799 479 3020 534 quoque
3064 464 3454 535 percellendos
3499 466 3619 522 for-

326 577 536 646 πλῆξαι
570 574 833 628 διάνοιαν.

402 838 504 894 II”.
562 838 711 908 Αὐτὴ
757 837 812 892 δὲ
847 838 909 891 οὐ
940 838 1028 892 διὰ
1067 839 1250 902 τοῦτο,
1283 837 1372 890 διὰ
1403 837 1460 891 δὲ
1505 838 1567 891 τὸ
1596 838 1783 891 καινὸν
1811 839 1920 891 τῶν

327 931 642 1002 λεγομένων
673 931 773 1001 τὴν
801 929 1144 1000 κατάπληξιν
1169 931 1425 983 ἐνεποίει.
1457 929 1549 982 Διδ
1579 930 1672 984 καὶ
1699 933 1727 984 ὁ
1757 931 1886 1002 ἀρχι

331 1025 641 1094 στράτηγος
671 1025 810 1076 κατὰ
835 1022 1006 1092 βραχὺ
1031 1021 1091 1075 τδ
1123 1022 1436 1093 ἀπόρρητον
1467 1023 1797 1092 ἀπογυμνοῖ,
1827 1022 1920 1076 καί

327 1132 463 1185 φησι
497 1115 638 1184 πρὸς
668 1113 840 1183 αὐτήν
868 1127 882 1141 ⁶
921 1113 1082 1166 Ἰδοὺ
1109 1112 1410 1180 συλλήψῃ
1450 1113 1521 1165 ἐν
1553 1113 1790 1181 γαστρὶ,
1820 1113 1919 1166 καί

329 1209 474 1274 τέξῃ
499 1209 658 1268 υἱὸν,
689 1208 787 1260 καὶ
813 1205 1097 1270 καλέσεις
1118 1207 1187 1258 τὸ
1205 1206 1393 1274 ὄνομα
1421 1205 1610 1259 αὑτοῦ
1651 1205 1918 1272 Ἰησοῦν.

324 1299 518 1368 οὗτος
549 1301 718 1354 ἔσται
743 1299 956 1370 μέγας,
991 1299 1090 1354 καὶ
1121 1299 1253 1366 Υἱὸς
1291 1299 1588 1368 Ὑψίστου
1614 1297 1919 1366 κληθήσε·

329 1409 454 1446 ται·
509 1395 609 1446 καὶ
639 1393 820 1446 δώσει
850 1389 1014 1457 αὺτῷ
1068 1393 1284 1459 Κύριος
1328 1394 1361 1446 ό
1395 1392 1540 1457 Θεὸς
1567 1391 1676 1444 τὸν
1705 1392 1923 1458 θρόνον

329 1485 513 1540 Διιϐὶδ
551 1484 657 1538 τοῦ
686 1486 912 1552 πατρὸς
952 1485 1142 1537 αὐτοῦ
1165 1500 1176 1512 ·
1225 1485 1286 1536 τὸ
1333 1483 1474 1536 κατὰ
1511 1483 1692 1554 σάρκα
1723 1483 1919 1552 λέγων.

337 1578 607 1645 Ἀρχεται
656 1575 908 1628 ἐντεῦθεν
942 1575 1042 1646 ήδη
1084 1575 1478 1648 παραγυμνοῦν
1527 1577 1594 1630 τά
1636 1575 1736 1645 τῆς
1789 1594 1914 1646 προσ

333 1668 591 1738 φητείας,
623 1669 705 1730 είς
747 1669 973 1737 μνήμην
1015 1669 1226 1736 ὲνάγων
1257 1667 1367 1719 τῶν
1397 1667 1531 1736 περὶ
1559 1667 1753 1721 τούτου
1787 1685 1916 1739 προ.

331 1756 715 1828 κηρυξάντων.
751 1759 993 1811 Ποιεῖται
1027 1758 1083 1811 δὲ
1121 1758 1223 1830 τὴν
1266 1758 1441 1829 ἀρχὴν
1489 1759 1555 1811 ὲκ
1594 1758 1690 1812 τοῦ
1721 1775 1923 1831 γνωρι-

2023 571 2168 609 mam
2204 557 2319 625 ipse
2354 564 2690 616 assumeret,
2716 569 2842 608 cum
2881 553 3230 609 Dominicnm
3284 557 3619 625 pra-nuntia-

2024 646 2118 700 bat
2146 646 2468 709 adventum,
2491 655 2548 700 et
2575 647 2685 718 regi
2708 645 2819 716 jam
2852 646 3171 701 adventanti
3194 646 3339 702 viam
3373 663 3619 718 praecur-

2023 754 2151 792 rens
2180 738 2409 807 parabat
2438 739 2575 805 (51).

2094 831 2234 888 ΧΙΙΙ.
2264 832 2467 886 Verum
2498 833 2615 904 ipsa
2643 849 2753 889 non
2771 834 2911 889 adeo
2939 833 3010 888 ob
3034 850 3154 888 eam
3175 849 3424 899 causam,
3446 850 3614 904 quam

2023 932 2251 992 propter
2302 922 2604 978 novitatem
2648 939 2866 991 eorum,
2894 941 3017 995 qua:
3051 925 3402 991 dicebantur,
3427 925 3618 980 animo

2022 1010 2347 1081 angebatur.
2371 1011 2644 1078 Quocirca
2674 1021 2730 1067 et
2759 1015 3004 1069 celestis
3047 1013 3139 1067 ille
3184 1015 3464 1070 exercitus
3512 1015 3616 1069 du-

2023 1113 2143 1157 ctor
2198 1102 2480 1158 ineﬂ‘abile
2539 1104 2870 1172 mysterium
2927 1106 3118 1174 paucis
3167 1107 3396 1171 revelat,
3431 1114 3488 1160 et
3535 1106 3619 1162 sic

2022 1209 2144 1248 eam
2193 1194 2399 1249 affatur
2443 1196 2489 1228 δ’
2519 1214 2532 1250 :
2562 1195 2698 1250 Ecce
2739 1198 2998 1267 concipies
3041 1198 3096 1250 in
3141 1208 3310 1264 utero,
3343 1207 3392 1252 et
3443 1201 3617 1270 paries

2022 1287 2220 1356 ﬁlium,
2253 1298 2300 1340 et
2333 1288 2536 1342 vocabis
2567 1306 2758 1343 nomen
2786 1291 2897 1360 ejus
2950 1287 3155 1343 Jesum.
3203 1289 3300 1344 Hic
3346 1292 3444 1344 erit
3497 1310 3617 1346 ma-

2023 1396 2178 1449 gnus,
2203 1392 2253 1432 et
2274 1378 2416 1446 ﬁlius
2449 1379 2705 1434 ditissimi
2737 1381 3040 1445 vocabitur;
3070 1391 3116 1435 et
3147 1382 3291 1436 dabit
3326 1381 3408 1436 iHi
3443 1382 3619 1436 Dami-

2025 1487 2123 1526 nus
2166 1471 2311 1525 Deus
2356 1471 2532 1524 sedem
2569 1471 2739 1526 David
2771 1475 2942 1542 patris
2970 1473 3083 1542 ejus
3116 1489 3135 1526 :
3163 1481 3217 1528 et
3247 1473 3363 1527 haec
3393 1474 3616 1544 quidem

2025 1561 2102 1626 id,
2133 1562 2279 1631 quod
2312 1561 2380 1615 ad
2407 1576 2628 1616 carnem
2660 1570 2891 1632 spectat,
2918 1577 3203 1616 enarrans.
3235 1563 3431 1633 incipit
3460 1563 3619 1618 exin-

2025 1653 2094 1710 de
2139 1655 2250 1724 jam
2296 1669 2363 1708 ea
2402 1654 2675 1718 revelare,
2726 1669 2848 1722 quae
2881 1654 2949 1708 ad
3003 1655 3262 1708 vaticina
3315 1655 3616 1725 pertinent,

2027 1748 2081 1801 in
2115 1747 2437 1802 memoriam
2468 1747 2591 1800 illos
2627 1760 2918 1810 revocans,
2945 1745 3038 1815 qui
3078 1745 3308 1812 hujusce
3354 1747 3432 1801 rei
3475 1763 3619 1816 pra:-

337 1824 591 1920 μωτέρου
627 1850 832 1920 μᾶλλον
879 1851 975 1904 καὶ
1005 1824 1486 1920 οἰκειοτέρουηκαὶ
1529 1852 1620 1906 διὰ
1672 1824 1924 1907 τοῦτο’τδ

2031 1855 2193 1895 cones
2241 1839 2605 1904 exstiterant;
2662 1836 2882 1892 initium
2928 1847 3113 1892 autem
3164 1838 3318 1893 ducit
3358 1839 3544 1907 potius
3585 1852 3619 1893 a

330 1942 653 2007 ἀξιόπιστον
681 1943 898 2014 ἔχοντος
938 1945 1030 1997 τοῦ
1067 1945 1255 2012 Δαόὶδ,
1291 1938 1355 2000 οὗ
1404 1945 1499 1998 καὶ
1529 1945 1645 1998 υίδν
1673 1945 1767 1999 τὸν
1798 1963 1924 2018 τεχο

332 2033 640 2103 θησόμενον
703 2033 896 2100 εἰπὼν,
953 2035 1054 2106 τῆς
1108 2037 1430 2104 συγγενείας
1467 2036 1772 2106 ὑπέμνησε,
1833 2040 1926 2092 καὶ

331 2123 435 2192 τῆς
485 2121 582 2176 τοῦ
638 2123 990 2195 προπάτορος
1052 2125 1397 2197 προφητείας
1449 2125 1512 2179 τὸ
1563 2125 1927 2196 ἀδιάψευστον

332 2215 635 2286 ἐμήνυσεν.

409 2393 511 2449 1Δ¹.
562 2395 726 2452 Οὕτω
783 2399 968 2454 τοίνυν
1014 2401 1047 2472 ἡ
1094 2403 1489 2475 πανακήρατος
1528 2405 1925 2476 μεγαλοψύχως

339 2488 441 2556 μὲν
485 2489 679 2542 ὑπεῖκε
731 2491 810 2561 τῷ
851 2493 1167 2563 πράγματι,
1200 2497 1298 2549 καὶ
1339 2497 1438 2550 οὐκ
1471 2498 1693 2566 ἠπίστει
1733 2497 1812 2567 τῷ
1839 2497 1927 2549 λέ-

335 2598 491 2647 γοντι
514 2597 530 2612 ·
586 2585 687 2652 τὴν
721 2585 982 2638 ὑπόνοιαν
1025 2587 1080 2640 δὲ
1116 2587 1216 2658 τῆς
1257 2591 1394 2660 πρὸς
1439 2591 1606 2660 ἄνδρα
1639 2591 1929 2654 κοινωνίας

335 2673 673 2746 διεκρούετο,
703 2677 890 2747 σχεδὸν
915 2679 1003 2731 διὰ
1031 2679 1130 2748 τῆς
1165 2664 1482 2747 ἀντιλογίας
1513 2680 1656 2734 οὕτω
1687 2683 1927 2751 φθεγγο-

342 2765 486 2836 μένη
507 2783 521 2798 ο
551 2766 648 2830 Τίς
680 2769 744 2821 ἐκ
774 2769 869 2823 τοῦ
899 2771 1146 2825 τοιούτου
1183 2790 1274 2842 μοι
1299 2775 1459 2826 τόκου
1501 2778 1928 2848 περιγενήσεται

338 2859 504 2926 δόξας
531 2861 584 2913 τί
616 2863 856 2916 συνοίσει
883 2865 1108 2934 κέρδος;
1148 2867 1266 2920 Κᾶν
1289 2867 1507 2938 ἁπάσης
1532 2869 1929 2941 περιδράξηται

338 2950 440 3019 τῆς
493 2951 594 3020 γῆς
644 2955 674 3006 ὁ
721 2953 782 3018 ἐξ
819 2957 954 3026 ἐμοῦ
1000 2957 1344 3026 τικτόμενος,
1393 2959 1506 3027 ἐγὼ
1560 2961 1618 3014 δὲ
1671 2963 1799 3026 τοὺς
1829 2963 1929 3034 τῆς

341 3041 564 3108 ἁγνείας
619 3043 930 3116 θησαυροὺς
986 3049 1353 3119 ἀποσυληθῶς
1411 3052 1508 3114 Τίς
1551 3054 1583 3121 ἡ
1634 3052 1844 3123 ὄνησις,
1879 3057 1929 3107 εἰ

2027 1933 2198 2003 magis
2256 1941 2413 1995 noto,
2445 1930 2728 2000 magisque
2785 1929 3034 2000 proprio,
3063 1941 3227 1999 atque
3281 1930 3420 1985 adeo
3456 1931 3619 1999 plane

2028 2022 2134 2078 fide
2158 2023 2344 2094 digno,
2364 2038 2392 2077 a
2426 2021 2631 2077 Davide
2655 2021 2892 2087 scilicet,
2915 2022 3075 2092 cujus
3097 2025 3262 2076 etiam
3284 2037 3410 2076 cum
3443 2021 3616 2075 tilium

2027 2112 2256 2167 dixisset
2314 2127 2465 2177 eum,
2510 2112 2605 2181 qui
2643 2111 2962 2166 nasciturus
2995 2119 3136 2175 erat,
3185 2120 3239 2166 et
3272 2111 3620 2181 cognationis

2027 2204 2366 2261 mentionem
2405 2203 2558 2269 fecit,
2587 2212 2643 2258 et
2675 2202 2984 2274 prophetia:
3016 2203 3386 2273 progenitoris
3421 2203 3623 2258 verita-

2028 2312 2138 2355 tem
2178 2297 2500 2354 declaravit.

2101 2413 2242 2470 XIV.
2289 2413 2429 2467 Tum
2470 2411 2694 2467 demum
2731 2409 2919 2480 itaque
2956 2408 3336 2464 illibatissima
3372 2408 3464 2464 illa
3505 2408 3620 2479 (5‘2)

2029 2508 2106 2563 rei
2149 2505 2514 2575 suscipiendae
2554 2511 2744 2574 parata
2796 2511 2941 2568 erat,
2982 2517 3166 2572 neque
3217 2502 3396 2572 angeli
3436 2501 3625 2557 verbis

2029 2598 2378 2656 detrectabat
2434 2596 2628 2661 fidem;
2665 2609 2858 2649 verum
2894 2610 2926 2649 a
2975 2592 3416 2657 consuetudine,
3454 2608 3620 2662 quam

2029 2690 2278 2745 futuram
2329 2687 2740 2758 suspicabatur,
2782 2686 2889 2740 viri
2947 2685 3170 2755 penitus
3203 2685 3534 2750 abhorrens,
3556 2699 3626 2738 ex

2029 2783 2266 2838 adverso
2330 2780 2449 2834 haec
2523 2779 2698 2832 ferme
2786 2774 3436 2846 reponebatzQua-nam
3487 2773 3622 2827 mihi

2030 2882 2155 2946 post
2211 2871 2484 2945 ejusmodi
2523 2879 2740 2940 partum
2793 2868 3002 2937 reliqua
3064 2867 3175 2921 erit
3231 2864 3624 2934 gloria?Quid

2030 2963 2168 3018 lucri
2204 2961 2296 3016 hic
2325 2959 2594 3023 conferet,
2621 2956 2865 3028 quando,
2908 2963 3034 3011 utut
3071 2955 3396 3010 universum
3432 2955 3626 3010 orbem

2032 3057 2080 3109 is
2118 3054 2366 3108 obtineat
2400 3049 2495 3121 qui
2533 3066 2598 3104 ex
2653 3064 2740 3104 me
2790 3048 3062 3112 nascitur,
3091 3062 3194 3117 ego
3233 3053 3415 3100 tamen
3460 3047 3629 3101 casti-

344 3133 531 3204 μήτηρ
560 3136 657 3230 μεν
695 3137 962 3206 βασιλέως
1006 3141 1290 3211 κληθείην,
1335 3143 1434 3213 τὴν
1467 3143 1522 3196 δὲ
1553 3146 1924 3217 προσηγορίαν

2035 3145 2164 3201 tatis
2192 3143 2434 3199 thesauri
2465 3143 2736 3214 jacturam
2767 3139 2987 3210 patiar?
3016 3138 3148 3206 Quae
3170 3137 3402 3202 utilitas,
3429 3137 3474 3191 si
3506 3153 3626 3192 ma-

340 3229 443 3296 τῆς
473 3228 748 3297 παρθένου
774 3230 1070 3300 ζημιωθῶ;
1105 3234 1278 3287 Κενόν
1309 3252 1400 3304 μοι
1429 3235 1488 3287 τὸ
1519 3235 1617 3301 τῆς
1647 3235 1926 3304 βασιλείας

341 3317 582 3387 ἀξίωμα.
605 3321 770 3374 Οὐδὲν
796 3323 904 3394 γάρ
927 3341 1017 3392 μοι
1038 3324 1147 3377 τῶν
1175 3326 1346 3379 ὄντων
1372 3325 1702 3396 τιμιώτερον
1729 3329 1926 3399 ἐκρίθη

341 3410 442 3460 καὶ
469 3411 755 3480 ἠγαπήθη,
787 3413 864 3477 ὠς
909 3415 968 3468 τὸ
1017 3417 1114 3487 τῆς
1150 3419 1526 3489 καθαρότητος
1559 3421 1817 3490 ἀξίωμαδ
1866 3422 1928 3474 οὐ

345 3497 624 3567 βασιλείας
653 3502 911 3575 διάδημα.
945 3508 1004 3559 οὐ
1040 3510 1364 3569 δυναστείας
1392 3513 1619 3578 κράτος,
1645 3514 1704 3564 οὐ
1741 3512 1933 3582 σεμνό-

342 3608 445 3662 της
475 3594 732 3661 πλούτου,
767 3599 829 3650 οὐ
861 3599 1021 3670 δόξης
1060 3603 1410 3670 περιφάνεια,
1445 3606 1542 3674 οὐχ
1575 3607 1602 3656 ὁ
1648 3606 1928 3675 περίγειος

341 3680 498 3750 οὗτος
537 3688 776 3758 κόσμος,
831 3693 952 3746 οὐδὲ
998 3695 1026 3746 δ
1084 3695 1422 3766 περικαλλὴς
1474 3698 1636 3759 αὐτὸς
1699 3699 1931 3767 οὐρανὸς

349 3785 784 3850 συνεισενεγκεῖν
822 3802 873 3836 τι
906 3785 1221 3857 δυνήσεται,
1262 3788 1336 3857 μὴ
1367 3791 1483 3849 ταῖς
1520 3789 1688 3857 αὐτῆς
1733 3791 1932 3857 ἐγκαλ-

342 3867 696 3943 λωπιζομένῃ
711 3873 1084 3946 λαμπρότησι.
1106 3878 1253 3931 Μίαν
1282 3878 1560 3948 βασιλείαν
1582 3882 1929 3948 ἀσπάζομαι,

340 3961 445 4029 τὴν
477 3961 574 4030 τῆς
605 3964 964 4034 σωφροσύνης
1011 3967 1201 4032 ἀξίαν·
1239 3968 1338 4022 ἕνα
1373 3971 1698 4040 περίκειμαι
1730 3976 1931 4040 στέφα-

342 4069 456 4114 νον,
494 4055 553 4107 τὸ
609 4057 975 4126 περίϐλεπτον
1022 4060 1119 4130 τῆς
1169 4063 1469 4128 παρθενίας
1515 4061 1782 4133 διάδημαο
1834 4065 1930 4117 ἕνα

343 4145 626 4215 κέκτημαι
669 4149 925 4214 πλοῦτον,
973 4151 1067 4204 τὸν
1109 4153 1166 4205 ὲν
1209 4153 1406 4222 ἁγνείᾳ
1453 4152 1928 4223 θησαυρισθέντα·

344 4230 425 4298 εἷς
449 4238 677 4308 οὐρανός
705 4259 796 4310 μοι
821 4243 1136 4314 τετίμηται,
1168 4247 1200 4314 ὴ
1223 4248 1342 4306 ταῖς
1373 4245 1483 4298 τῶν
1509 4249 1720 4316 άρετὼν
1747 4249 1930 4302 ἀκτῖσι

343 4329 748 4402 φαιδρυνομένη
824 4335 1064 4388 διάνοια·
1137 4337 1329 4390 τούτου
1389 4338 1930 4409 καταλαμπρύνομαι

341 4423 466 4480 ταῖς
509 4422 747 4489 αἵγλαις,
779 4425 974 4479 τούτου
1006 4429 1412 4498 συνεπαίρομαι
1440 4429 1520 4498 τῷ
1557 4429 1702 4498 ὕψει,
1735 4431 1930 4483 τούτου

2035 3251 2118 3295 ter
2150 3237 2374 3307 quidem
2410 3235 2628 3289 audiam
2663 3233 2832 3302 regis,
2863 3241 2918 3286 at
2943 3230 3175 3302 virginis
3212 3245 3417 3284 nomen
3455 3229 3626 3283 amit-

2035 3329 2176 3384 tam?
2205 3328 2415 3382 Vanum
2456 3325 2586 3395 quid
2620 3324 2757 3378 mihi
2801 3322 3044 3393 dignitas
3097 3329 3185 3376 est
3232 3320 3620 3391 regia.Neque

2032 3422 2178 3476 enim
2210 3419 2493 3489 quidpiam
2525 3434 2594 3472 ex
2632 3415 2895 3470 omnibus
2941 3414 3297 3470 exstantibus
3327 3413 3630 3484 pretiosius

2033 3511 2170 3566 mihi
2203 3510 2448 3573 ducitur,
2481 3518 2578 3563 aut
2627 3507 2912 3577 quidpiam
2945 3507 3120 3578 magis
3154 3505 3428 3575 diligitur,
3460 3520 3629 3574 quam

2034 3604 2211 3659 honos
2250 3602 2548 3672 puritatis:
2577 3616 2685 3654 non
2721 3600 2903 3670 regale
2933 3599 3340 3660 diadema,non
3383 3607 3630 3667 potestas

2034 3695 2274 3766 imperii,
2302 3710 2413 3749 non
2461 3692 2785 3764 splendidus
2815 3691 3134 3746 divitiarum
3169 3699 3489 3759 apparatus,
3516 3706 3627 3743 non

2033 3787 2326 3844 celebritas
2355 3785 2616 3847 nominis,
2642 3799 2752 3838 non
2807 3791 3065 3837 terrenus
3101 3782 3191 3837 hic
3227 3781 3490 3842 mundus,
3530 3796 3601 3834 ne

2033 3896 2143 3951 que
2199 3881 2378 3949 ipsum
2436 3878 2644 3931 coelum
2699 3874 3131 3945 pulcherrimum
3185 3873 3445 3942 prodesse
3495 3873 3630 3927 mihi

2033 3971 2315 4044 quidpiam
2355 3969 2579 4039 poterit,
2608 3967 2654 4020 si
2687 3967 2949 4037 puritatis
2979 3964 3370 4034 Splendoribus
3397 3977 3506 4016 non
3539 3979 3628 4016 re-

2036 4065 2266 4118 niteain.
2296 4061 2543 4130 Regnum
2586 4075 2760 4112 unum
2796 4057 2851 4111 in
2884 4057 3096 4112 deliciis
3126 4066 3211 4111 est
3235 4055 3388 4115 mihi,
3414 4055 3629 4123 pudici-

2035 4157 2124 4210 tia:
2173 4154 2458 4222 dignitas:
2495 4165 2606 4204 uno
2649 4148 2914 4204 redimior
2953 4157 3125 4211 serto,
3170 4147 3473 4216 conspicuo
3507 4148 3625 4199 vir.

2033 4245 2277 4317 ginitatis
2325 4243 2669 4297 diademate:
2698 4257 2835 4295 unas
2883 4240 3061 4294 habeo
3110 4239 3355 4302 divitias,
3387 4253 3508 4308 qua:
3562 4238 3620 4292 in

2033 4336 2290 4406 puritatis
2323 4335 2583 4388 thesauro
2616 4341 2745 4386 sunt
2773 4331 3025 4400 reposita:
3054 4347 3067 4383 :
3095 4344 3266 4383 unum
3317 4329 3451 4382 mihi
3511 4343 3631 4383 cm-

2032 4430 2146 4484 lum
2194 4429 2247 4481 in
2295 4425 2474 4495 pretio
2525 4433 2631 4486 est,
2667 4424 2888 4477 animus
2939 4423 3208 4476 virtutum
3252 4419 3422 4474 radiis
3454 4418 3629 4474 reful-

344 4513 414 4562 τὰ
443 4511 618 4583 κάλλη
655 4515 806 4568 ποθῶ
829 4533 844 4546 ο
881 4512 1035 4581 οὗτος
1066 4519 1161 4572 καὶ
1207 4519 1345 4589 πρὸς
1383 4520 1477 4572 τὸν
1532 4520 1810 4592 ὁρώμενον
1837 4524 1927 4574 ἁν-

2040 4537 2176 4593 gens
2208 4538 2222 4574 :
2259 4519 2422 4589 hujus
2447 4517 2840 4587 splendoribus
2874 4515 3158 4577 nobiliter,
3191 4515 3357 4585 hujus
3397 4513 3626 4568 celsitu-

345 4601 492 4668 ἁγει,
539 4605 634 4656 καὶ
681 4606 821 4677 ὑπὲρ
856 4609 948 4661 τὸν
981 4610 1259 4679 ὁρώμενον
1289 4613 1578 4681 ἀναφέρει.
1622 4612 1693 4664 Συ
1733 4614 1788 4666 δὲ
1819 4615 1929 4666 εἴτε

347 4696 428 4757 εἰς
452 4695 615 4749 αὐτὸν
641 4698 733 4751 τὸν
758 4701 988 4771 οὐρανὸν
1013 4701 1237 4766 ἀνάγειν
1265 4705 1620 4779 εὐαγγελίζῃ,
1652 4707 1760 4759 εἴτε
1789 4709 1930 4767 ὑπὲρ

345 4787 449 4854 τὴν
501 4786 664 4854 φύσιν
717 4792 817 4854 τὰς
870 4791 1121 4861 εὐλογίας
1160 4793 1432 4862 κομίζεις,
1487 4797 1585 4867 τὴν
1633 4796 1782 4862 ἇπαξ
1815 4797 1934 4866 Θεῷ

347 4879 784 4949 καθιερωθεῖσάν
825 4902 927 4954 μου
979 4885 1208 4956 γνώμην
1256 4885 1436 4955 λόγοις
1479 4889 1835 4952 θωπευτικοίς
1866 4893 1928 4944 οὺ

349 4971 688 5047 μεταϐάλῃς,
753 4975 816 5028 οὐ
862 4978 984 5039 ταῖς
1017 4977 1304 5046 μεγίσταις
1339 4996 1432 5031 σου
1478 4979 1753 5046 δελεάσεις
1798 4985 1931 5036 ὑπο-

349 5062 621 5132 σχέσεσιν,
653 5066 714 5118 οὺ
743 5067 820 5137 τῷ
846 5068 1052 5139 ἡδίστῳ
1071 5069 1168 5139 τῆς
1205 5070 1390 5140 φωνῆς
1421 5087 1517 5124 σου
1549 5075 1639 5127 τὸν
1669 5075 1932 5145 λογισμὸν

417 5181 462 5212 δ’
503 5181 638 5238 Luc.
664 5200 702 5247 ι,
728 5184 821 5238 3|.

429 5301 536 5372 (5|)
563 5301 1103 5372 Majestatcm,quam
1134 5298 1351 5355 Gabriel
1388 5297 1712 5372 mysterium
1749 5315 1932 5372 .ncar-

347 5370 525 5428 nandi
559 5372 725 5425 Verbi
775 5370 1126 5426 nuntiaturus
1159 5371 1361 5434 induit,
1387 5380 1443 5424 ct
1478 5370 1772 5438 quemdam
1807 5371 1935 5422 inde

349 5451 555 5498 sancta:
585 5442 796 5512 Virgini
825 5458 1080 5511 pavorem
1115 5443 1395 5496 incussum
1430 5442 1511 5512 sic
1539 5439 1718 5491 innuit
1745 5451 1802 5493 et
1830 5441 1937 5492 lio-

350 5529 524 5566 mana:
577 5511 837 5567 Ecclesia:
883 5512 1130 5566 Oilieium
1191 5513 1245 5565 in
1282 5511 1530 5566 secundo
1583 5512 1936 5575 responsorio

349 5583 651 5638 Duminica:
685 5601 696 5635 ι
729 5583 1012 5637 Adventus
1051 5600 1064 5636 :
1101 5582 1290 5636 Missus
1343 5591 1416 5635 est
1461 5577 1674 5635 Gabriel
1719 5581 1939 5650 angelus

351 5655 423 5708 ad
467 5651 700 5706 Mariam
726 5651 990 5722 Virginem
1031 5654 1402 5720 desponsatam
1426 5650 1641 5722 Josep/i,
1682 5655 1936 5722 nuntians

351 5725 397 5776 ei
445 5727 656 5776 verbum
686 5742 698 5776 :
726 5733 774 5775 et
819 5719 1118 5792 expavescit
1183 5723 1338 5793 Virgo
1383 5725 1448 5775 de
1495 5719 1710 5793 lumine.
1754 5721 1930 5774 Etiam

353 5807 580 5850 sanctus
624 5794 948 5850 Ambrosius
983 5794 1154 5849 sensit
1205 5792 1484 5864 Virginem
1513 5792 1583 5844 ob
1613 5808 1676 5847 ea
1713 5801 1931 5862 pertur-

2035 4620 2167 4674 dine
2196 4617 2421 4681 eilcror,
2445 4615 2611 4687 hujus
2640 4613 2998 4684 pulchritudo
3034 4612 3166 4664 mihi
3197 4609 3351 4664 cordi
3379 4617 3466 4663 est
3498 4625 3512 4660 :
3541 4607 3634 4660 hic

2038 4721 2096 4767 et
2127 4711 2196 4765 ad
2220 4709 2438 4765 visibile
2460 4722 2546 4761 me
2571 4705 2770 4761 caelum
2801 4704 3010 4766 evehit,
3037 4704 3170 4772 quin
3203 4713 3260 4756 et
3287 4715 3452 4767 super
3483 4698 3631 4751 istud

2038 4801 2260 4856 visibile
2293 4815 2379 4854 me
2408 4797 2644 4852 extollit.
2674 4793 2755 4847 Tu
2785 4802 2990 4852 autem,
3011 4793 3126 4846 sive
3156 4791 3222 4845 ad
3261 4791 3411 4860 ipsos
3459 4786 3633 4841 caalos

2040 4907 2394 4949 ascensuram
2440 4904 2527 4943 me
2579 4886 2755 4940 fauste
2789 4883 3105 4942 annunties,
3134 4881 3252 4934 sive
3291 4877 3634 4934 benedictio-

2047 5002 2146 5040 ncs
2188 4985 2388 5040 aﬂ‘eras
2444 4989 2654 5034 natura:
2699 4977 2948 5030 ordinem
2996 4974 3348 5036 excedentes,
3388 4978 3632 5024 mentem

2041 5093 2249 5144 meam,
2273 5076 2328 5130 in
2361 5073 2745 5129 holocaustum
2775 5069 2888 5124 Deo
2915 5067 3083 5124 semel
3118 5066 3384 5130 oblatam,
3410 5078 3522 5118 non
3559 5062 3637 5116 di-

2035 5302 2246 5364 batam,
2276 5318 2397 5371 qum
2434 5301 2595 5364 vidit,
2625 5317 2690 5355 ac
2719 5300 2895 5356 sancti
2928 5299 3090 5353 Lucae
3125 5297 3297 5371 verba
3330 5297 3404 5350 ita
3434 5297 3635 5353 recitat

2036 5375 2110 5441 (in
2136 5373 2262 5426 Luc.
2293 5369 2387 5427 lib.
2419 5389 2454 5433 ι,
2477 5389 2532 5426 n.
2556 5375 2610 5436 8)
2641 5391 2652 5424 :
2680 5372 2808 5442 Ipsa
2833 5378 3013 5424 autem
3042 5378 3099 5422 ut
3137 5369 3261 5422 vidit
3307 5384 3447 5442 eum,
3493 5377 3638 5421 mota

2035 5439 2113 5496 est
2159 5445 2213 5496 in
2271 5443 2493 5495 introitu
2549 5439 2886 5512 cjusumiam
2948 5450 3130 5494 tamen
3161 5439 3379 5508 pavoris
3409 5453 3632 5512 causam

2040 5515 2304 5582 assignat,
2355 5505 2600 5568 subdens
2635 5531 2647 5566 :
2683 5511 2969 5580 Trepidare
3021 5505 3287 5580 virginum
3333 5517 3426 5569 est,
3471 5516 3520 5558 et
3567 5505 3638 5558 ad

2042 5600 2220 5637 omnes
2255 5585 2354 5637 viri
2376 5586 2647 5653 ingressus
2669 5597 2883 5650 pavere.

2118 5655 2230 5724 (52)
2295 5651 2509 5726 Audis,_
2536 5653 2761 5707 Mariam
2803 5653 3194 5726 illibatissimie,
3223 5651 3320 5713 τῆς
3378 5663 3629 5726 πεανακη-

2046 5723 2232 5794 ράτου,
2259 5723 2623 5794 appellatione
2649 5723 3088 5779 antouomasticc
3122 5723 3449 5786 nuncupari.
