4104 6416
319 473 432 540 διο

1079 470 1373 530 ORATIO
1420 470 1496 529 IN
1535 464 2239 530 ANNUNTIATIONEM
2275 465 2379 525 SS.
2429 464 2821 525 DEIPARZE.

3489 470 3597 532 650

318 592 474 662 ὅμως
513 585 637 663 ἐμοὶ
679 584 853 640 δεινὸν
905 580 1065 637 τοῦτο
1113 586 1208 638 καὶ
1247 584 1597 655 παρανομίας
1646 581 1908 651 μᾶλλονῆ

2027 579 2145 631 licet
2168 579 2356 632 suavis
2368 578 2552 649 gaudii
2582 578 2756 632 melos
2780 592 2998 647 promas
3015 577 3391 645 ;,iiorrendum
3417 592 3599 641 tamen

321 680 576 751 εὐλογίας
609 676 869 751 πρόξενον
900 677 1233 731 ὑπονοεῖται.
1262 678 1325 729 Εἰ
1360 676 1459 746 μὲν
1481 672 1575 729 οὖν
1606 673 1779 744 καινῴ
1807 690 1912 726 τινι

321 774 514 846 τρόπῳ
543 773 607 826 τὸ
636 770 850 826 τοιοῦτο
887 768 1282 837 καταγγέλλεις
1320 766 1723 837 συμϐήσεσθαι,
1764 766 1912 829 εἰκὸς

323 862 547 930 ὑπεῖξαι
592 880 660 932 με
693 860 977 931 τῷλόγῳ,
1026 859 1122 912 καὶ
1154 860 1221 929 τῇ
1275 858 1602 928 καινοτομίᾳ
1654 858 1915 926 προσχεῖν

320 958 563 1027 ἀνάγκη.
600 956 660 1008 Εἰ
694 954 750 1006 δὲ
778 953 930 1023 νόμῳ
977 952 1237 1021 συζυγίας
1284 950 1317 1023 ἦ
1364 950 1666 1020 συναφείας
1697 966 1915 1020 προμη-

321 1049 472 1112 νύεις
524 1047 748 1100 ἔσεσθαι
792 1045 883 1098 τὸν
930 1046 1113 1106 τόκον,
1145 1043 1326 1111 ἄπαγε
1378 1046 1477 1112 τῆς
1524 1041 1911 1112 παρανομίας

324 1142 537 1194 παῦσαι
584 1140 682 1207 τῆς
722 1137 982 1197 ἀτοπίας·
1045 1135 1120 1205 μὴ
1165 1134 1375 1205 φθέγξῃ
1418 1137 1547 1204 περὶ
1576 1134 1803 1188 τούτου⁹
1838 1131 1913 1203 μὴ

328 1234 578 1304 προσθῇς
606 1232 686 1283 ἔτι
718 1229 968 1283 κακῶσαι
1008 1230 1107 1300 τὴν
1140 1228 1441 1299 ἀπείρατον
1471 1228 1672 1290 κακίας
1709 1226 1911 1295 ψυχήν.

322 1324 391 1377 Τί
418 1326 485 1393 τῇ
508 1323 652 1393 χαρᾷ
682 1321 1063 1392 ⁴εεριέχρωσοις
1097 1317 1193 1389 τὴν
1247 1319 1425 1388 ἀράνς
1485 1317 1550 1369 Τί
1584 1320 1650 1386 τῇ
1690 1315 1916 1386 εὐλογίᾳ

323 1414 427 1485 τὴν
459 1413 675 1466 ἀδικίαν
702 1412 1103 1477 συνεσκίασας;
1131 1411 1199 1463 Τί
1225 1411 1304 1479 τῷ
1338 1411 1627 1480 περιχαρεῖ
1652 1409 1796 1477 λόγῳ
1823 1408 1915 1461 τὸν

324 1506 479 1560 δόλον
506 1505 902 1575 εὖμόρφωσας;
942 1504 1007 1555 Τί
1041 1503 1118 1572 τῷ
1154 1504 1423 1573 εὐπρεπεῖ
1449 1519 1545 1554 σου
1580 1503 1823 1570 σχήματι
1852 1500 1917 1552 τὸ

324 1592 580 1660 ἀπρεπὲς
647 1590 1045 1662 περικρύπτεις
1103 1594 1527 1661 τεχνούργημας
1603 1590 1913 1660 Ύποχώρει

326 1683 679 1753 παρενοχλῶν
703 1700 716 1713 ·
747 1684 849 1735 οὐκ
883 1662 1138 1751 εὐλογίαν
1166 1684 1470 1754 προξενεῖς,
1502 1684 1641 1736 ἀλλὰ
1672 1698 1918 1753 παρανο-

334 1776 467 1843 μίαν
500 1778 718 1845 εἱσηγῇ.
764 1777 839 1828 Οὐ
880 1776 1134 1839 τοιαύτας
1163 1775 1274 1844 ἐγὼ
1306 1776 1383 1848 τῷ
1422 1777 1669 1847 Δεσπὸτῃ
1704 1775 1916 1828 καθυπε-

2019 670 2074 725 id
2105 670 2240 723 mihi
2272 681 2452 735 sonat,
2492 681 2546 726 et
2566 671 2829 741 flagitium
2860 671 3036 740 magis
3063 686 3227 741 quam
3254 672 3601 730 benedictio-

2014 778 2145 817 nem
2198 763 2475 817 adducere
2535 762 2772 818 videtur.
2828 762 2885 817 Si
2941 765 3125 833 itaque
3168 780 3312 820 novo
3363 766 3602 835 quodam

2016 855 2183 911 modo
2219 856 2325 911 tale
2348 855 2480 926 quid
2514 864 2845 910 eventurum
2881 855 3243 923 significares,
3295 872 3602 928 congruum

2016 966 2149 1005 sane
2166 950 2329 1013 foret,
2351 959 2410 1004 ut
2429 949 2613 1005 verbis
2638 949 2745 1004 tuis
2761 949 3193 1018 acquiescercm,
3220 950 3601 1023 rationemque

2016 1041 2277 1097 haberem
2337 1042 2462 1095 novi
2534 1044 2720 1113 operis
2774 1050 3073 1111 eporteret.
3134 1044 3205 1097 At
3236 1044 3281 1098 si
3334 1053 3601 1100 consueto

2016 1133 2261 1204 conjugii
2324 1133 2523 1188 ordine
2566 1132 2817 1187 futurum
2872 1134 3075 1189 indicis
3123 1145 3364 1205 partum,
3433 1152 3603 1208 apage

2016 1227 2322 1296 nequitiam
2346 1244 2359 1280 :
2395 1242 2548 1282 cessa
2577 1227 2648 1281 ab
2667 1227 2939 1297 ejusmodi
2965 1228 3248 1283 facinnre:
3285 1245 3354 1283 ne
3376 1231 3604 1284 verbum

2017 1330 2082 1370 ea
2113 1316 2182 1369 de
2222 1332 2279 1372 ie
2310 1315 2481 1371 fat-ias
2509 1333 2522 1370 :
2573 1332 2643 1371 ne
2670 1332 2867 1387 pergas
2894 1319 3085 1372 animas
3116 1318 3464 1388 maliexperti
3491 1319 3605 1389 (54)

2018 1408 2222 1462 malum
2278 1408 2599 1477 propinare.
2654 1408 2797 1474 Quid
2829 1410 3015 1479 gaudii
3070 1412 3352 1466 coloribus
3382 1413 3609 1466 maledi-

2019 1500 2673 1567 ctionemfucasti?Quid
2709 1501 3057 1571 iniquitatem
3090 1503 3347 1573 obtegisti
3377 1503 3609 1560 benedi-

2018 1595 2221 1650 ctionis
2281 1594 2441 1647 velo?
2505 1592 2646 1658 Quid
2720 1594 2977 1648 blandam
3033 1595 3162 1649 dolo
3215 1596 3456 1665 Speciem
3510 1613 3608 1669 per

2013 1686 2294 1759 jucundos
2332 1700 2623 1741 sermones
2668 1687 3134 1754 alllnxisti?Quid
3177 1691 3466 1746 indecoras
3511 1693 3611 1746 de-

2019 1794 2154 1834 coro
2189 1788 2420 1849 aspectu
2451 1788 2547 1834 tuo
2579 1779 2810 1836 insidias
2835 1780 3174 1837 abscondis?
3202 1782 3281 1839 Ne
3311 1784 3454 1838 ultra
3487 1798 3610 1837 mo.

328 1867 574 1935 εσχόμψ
606 1866 883 1936 συνθήκας
905 1884 917 1897 ο
943 1867 1065 1920 οὐδὲ
1086 1868 1289 1929 ταύτας
1319 1868 1525 1931 ἐκεῖνος
1557 1869 1679 1921 ἀντὶ
1711 1868 1917 1922 τούτων

2027 1872 2197 1925 lestus
2226 1872 2305 1925 sis
2342 1889 2355 1924 :
2382 1886 2494 1925 non
2524 1871 2975 1926 benedictionem
3016 1874 3254 1943 profers,
3282 1873 3378 1929 sed
3426 1874 3610 1929 scelus

328 1962 620 2029 προσίεται
643 1977 655 1990 ·
705 1962 956 2033 καθαρὰν
982 1962 1182 2031 ἑαυτὴν
1213 1960 1290 2031 τῷ
1324 1961 1553 2032 καθαρῷ
1580 1962 1914 2031 ἀναθεμένη,

2027 1960 2266 2015 inducis.
2311 1961 2434 2016 Non
2490 1961 2592 2017 ista
2623 1976 2725 2031 ego
2755 1977 2884 2016 cum
2938 1963 3169 2018 Domino
3196 1971 3352 2033 pacta
3401 1977 3611 2018 vovens

330 2055 479 2107 σῶαν
509 2054 607 2123 τὴν
638 2053 943 2123 ἀφιέρωσιν
962 2053 1041 2123 τῷ
1073 2055 1322 2126 Δεσπότῃ
1355 2071 1457 2123 μου
1487 2055 1675 2124 τηρεῖν
1710 2056 1790 2116 εἰς
1822 2053 1921 2106 πέ-

332 2162 431 2214 ρας
459 2144 743 2198 ἐθέσπισα.
780 2147 876 2209 Σὺ,
918 2146 1115 2216 Κύριε,
1158 2147 1188 2198 6
1226 2148 1323 2216 τῆς
1367 2148 1509 2217 ἐμῆς
1546 2145 1918 2217 καθαρότητος

331 2237 550 2307 ἔφορος,
603 2240 661 2290 ἐν
713 2237 791 2308 τῷ
845 2239 1073 2309 παρόντι
1133 2240 1476 2309 μεσίτευσον.
1535 2240 1606 2291 Σὺ
1665 2240 1776 2310 γὰρ
1805 2236 1856 2292 εἷ
1892 2241 1921 2293 6

330 2331 741 2393 ἁπλανέστατος
793 2331 1007 2401 μάρτυς
1066 2332 1167 2401 τῆς
1238 2334 1298 2385 ἐν
1356 2332 1482 2401 ἐμοὶ
1530 2332 1918 2402 κρυπτομένης

330 2424 587 2490 ἁγνείας·
631 2423 695 2476 σὺ
728 2419 784 2476 εἴ
819 2423 978 2493 μόνος
1010 2425 1038 2476 6
1068 2424 1166 2494 τὴν
1197 2423 1487 2477 ἀνόθευτὸν
1531 2440 1635 2493 μου
1666 2423 1920 2494 καθορῶν

329 2515 597 2581 διάθεσιν,
631 2506 675 2583 ᾧ
711 2515 934 2584 ἐφάπαξ
973 2516 1178 2585 ταύτην
1214 2514 1552 2583 ἀναθεμένη,
1587 2514 1922 2567 ἀνεπίϐατον

334 2608 506 2662 εἰσέτι
544 2606 726 2675 λόγοις
769 2610 1130 2672 θωπευτικοῖς
1163 2610 1484 2679 διετήρησα,
1518 2609 1580 2661 οὑ
1612 2609 1773 2678 μόνον
1797 2608 1922 2662 τού-

330 2716 442 2753 των
470 2701 923 2773 άλλοτριουμένη,
956 2702 1092 2756 ἀλλὰ
1132 2703 1227 2755 καὶ
1275 2706 1457 2771 πάντη
1495 2701 1604 2755 τῶν
1659 2701 1921 2755 τοιούτων

334 2793 690 2862 ἐνθυμήσεων
739 2793 1149 2863 καθαρεύουσα.
1197 2794 1288 2865 Μὴ
1326 2794 1433 2864 δῷς
1484 2788 1599 2858 οὖν,
1640 2793 1922 2863 ἀπατηλὸν

334 2887 581 2941 εἰσδῦναι
604 2887 761 2956 λόγον
788 2889 845 2939 ἐν
870 2892 938 2959 τῇ
968 2887 1368 2958 καθιερωθείσῃ
1405 2904 1486 2939 σοι
1510 2886 1718 2956 διανοίᾳ
1738 2903 1750 2916 '
1790 2886 1926 2955 μηδὲ

334 2979 561 3049 ἀηθὲσιν
587 2981 921 3051 ἐνηχηθῆναι
946 2983 1189 3052 ῥήμασιν
1214 2980 1382 3052 ἐάσῃς
1404 2980 1505 3048 τὴν
1526 2978 1925 3047 ἁνατιθεμένην

336 3088 422 3123 σοι
447 3072 637 3143 τὶιιιοήν⁹
667 3074 744 3141 μὴ
766 3070 935 3124 δίοδον
960 3070 1258 3139 ἐπιϐουλῆς
1284 3074 1350 3141 τῇ
1378 3070 1560 3138 ἀθιγεῖ
1580 3071 1675 3124 καὶ
1698 3068 1925 3139 ἀκράτῳ

337 3162 664 3235 σωφροσύνῃ
684 3165 1117 3235 παραχωρὴσῃς.
1139 3163 1346 3231 ramo:
1363 3159 1682 3231 ᾰπαμύνων,
1701 3161 1731 3212 6
1748 3159 1924 3213 πάντα

337 3254 693 3310 κατοπτεύων
715 3272 727 3284 ·
756 3255 907 3324 ἀγὼν
942 3253 1052 3326 γὰρ
1083 3252 1426 3321 ἑκατέρωθεν
1458 3252 1780 3324 πρόκειται⁶
1827 3254 1924 3304 καὶ

333 3345 402 3401 τὸ
427 3345 701 3398 πιστεύειν
725 3345 1011 3415 ἐπίφοϐον,
1038 3345 1210 3399 καὶτὸ
1243 3346 1546 3398 διαπιστεῖν
1562 3341 1923 3396 ἐπικίνδυνον.

347 3438 665 3509 Ἀμφότερα
690 3438 822 3507 γοῦν
849 3440 907 3491 ὲν
936 3438 1016 3508 τῷ
1036 3438 1265 3508 παρόντι
1290 3436 1614 3507 καθορᾶται.
1634 3435 1707 3488 Τὸ
1727 3434 1836 3506 γὰρ
1858 3433 1924 3503 δὴ

340 3530 573 3601 μέγεθος
601 3531 710 3585 τῶν
737 3530 1047 3601 λεγομένων
1075 3529 1441 3600 άμφιὸάλλειν
1469 3525 1887 3598 παρασκευάζει
1909 3543 1922 3555 ·

338 3623 435 3676 καὶ
451 3624 509 3677 τὺ
520 3624 614 3676 τοῦ
629 3622 879 3691 λέγοντος
895 3622 1008 3692 μὴδ
1016 3622 1172 3686 ιστάζ
1177 3638 1256 3674 ειν
1268 3618 1705 3690 παρακελεύεται
1718 3616 1819 3686 σχῆ
1830 3633 1922 3686 μα·

342 3714 525 3786 πάσης
544 3717 614 3784 γά
623 3733 653 3785 ρ
669 3716 828 3769 τοῦτο
855 3714 1095 3785 καθαρὸν
1113 3713 1365 3783 φαίνεται
1385 3712 1616 3781 πλάνης,
1639 3709 1808 3779 μηδὲν
1829 3725 1925 3778 ση-

342 3811 496 3878 μεῖον
511 3809 726 3876 ἀπάτης
753 3808 1178 3877 ἐπιφερόμενον.
1211 3805 1376 3859 Ἀλλὰ
1402 3804 1511 3875 μὴν
1529 3803 1625 3857 καὶ
1645 3803 1799 3867 ξένον
1830 3801 1925 3855 τοῦ

337 3902 680 3971 ἀνθρωπείου
710 3904 961 3970 πέφυκεν
981 3900 1158 3962 εἴδους
1180 3916 1197 3933 ο
1225 3896 1519 3966 ἁγγελικὺν
1541 3893 1921 3965 προσαλλόμε-

336 4009 429 4044 νον
459 3993 547 4044 τὸν
576 3992 928 4063 χαρακτῆρα,
953 3991 1100 4044 ἔοικε
1128 3992 1242 4053 τοῖς
1270 3988 1530 4050 πολλάκις
1559 4004 1650 4057 μοι
1675 3988 1925 4056 φανεῖσιν

335 4085 396 4137 ἐν
427 4085 505 4152 τῷ
534 4083 647 4153 ναῷ
696 4100 825 4137 σου·
884 4084 934 4136 ei
988 4083 1082 4137 καὶ
1127 4081 1564 4153 παραδοξότερον
1610 4080 1925 4147 περίκειται

338 4176 574 4239 κάλλος,
620 4178 670 4228 εἰ
712 4177 806 4230 καὶ
846 4175 1238 4247 λαμπροτέραν
1284 4172 1659 4227 ἐπιδείκνυται
1696 4171 1849 4235 θέαν,
1898 4172 1926 4223 6

337 4272 546 4335 γλυκὺς
575 4263 731 4332 οὗτος
760 4272 824 4340 τῇ
849 4268 972 4340 ὥρᾳ
1001 4270 1095 4322 καὶ
1119 4270 1230 4330 τοῖς
1257 4265 1714 4337 προσφθέγμασιν
1739 4263 1925 4333 ἡδίων.

338 4363 433 4435 q‘ni
462 4379 605 4433 saepe
633 4355 767 4416 milii
791 4362 844 4416 in
876 4360 1079 4430 templo
1108 4369 1205 4415 tuo
1227 4373 1496 4429 apparere
1511 4355 1795 4422 solebant;
1816 4355 1919 4409 nisi
1947 4355 2096 4425 quod
2134 4355 2463 4411 mirabiliori
2489 4356 2582 4411 hie
2629 4356 2863 4428 refulget
2891 4355 3327 4426 pulchritudine,
3365 4363 3422 4411 et
3455 4368 3634 4410 venu-
3732 4400 3733 4403 η

2024 2052 2194 2117 inivi;
2226 2068 2408 2123 neque
2435 2053 2554 2123 ipse
2580 2053 2823 2109 vicissim
2849 2070 2961 2125 prae
2994 2056 3172 2124 pactis
3200 2054 3304 2110 ista
3334 2055 3606 2113 admittit.

2025 2145 2437 2200 lmmaculatam
2474 2146 2834 2202 lmmaculato
2874 2148 2988 2216 (55)
3024 2164 3112 2202 me
3166 2149 3342 2218 ipsam
3378 2150 3556 2206 obtuli
3592 2167 3608 2203 :

2024 2245 2082 2292 et
2114 2236 2455 2292 oblationem
2506 2238 2743 2292 Domino
2796 2253 2919 2293 meo
2971 2253 3145 2309 usque
3174 2239 3245 2294 ad
3296 2239 3460 2295 ﬁnem
3483 2240 3613 2296 vitae

2025 2329 2288 2384 intactam
2343 2344 2432 2383 me
2482 2337 2832 2384 servaturam
2889 2329 3143 2401 religiose
3192 2331 3487 2401 spopondi.
3529 2331 3611 2385 Tu

2038 2421 2292 2484 Domine,
2328 2421 2609 2490 inspector
2636 2420 2896 2490 puritatis
2926 2437 3085 2486 mea,
3119 2430 3173 2476 tu
3203 2422 3368 2478 modo
3396 2423 3504 2478 huc
3530 2423 3615 2478 in-

2024 2513 2267 2568 tereede.
2296 2512 2619 2568 Reconditae
2645 2513 2795 2568 enim
2814 2512 2868 2567 in
2894 2528 2984 2567 me
3009 2514 3344 2569 innocentiae
3373 2525 3431 2568 tu
3452 2515 3614 2569 testis

2040 2619 2104 2660 es
2136 2605 2251 2659 falli
2297 2605 2518 2659 nescius
2548 2622 2562 2658 :
2590 2605 2838 2659 animum
2886 2618 3070 2659 meum
3122 2605 3504 2674 incorruptum
3554 2615 3610 2658 tu

2026 2697 2179 2751 solus
2210 2712 2271 2752 es
2298 2698 2393 2766 qui
2426 2697 2717 2761 intuearis,
2754 2698 2844 2752 cui
2883 2701 3054 2753 semel
3085 2714 3212 2753 eum
3251 2714 3610 2761 consecrans,

2027 2788 2370 2844 inaccessum
2391 2789 2500 2843 huc
2519 2805 2692 2859 usque
2715 2790 2901 2844 verbis
2920 2792 3300 2846 assentatoriis
3316 2793 3611 2857 custodivi,

2027 2898 2139 2936 non
2192 2881 2357 2936 modo
2388 2882 2457 2935 ab
2506 2882 2658 2936 hisce
2693 2882 3023 2948 abhorrens,
3081 2900 3274 2938 verum
3327 2886 3494 2940 etiam
3544 2886 3615 2939 ab

2024 2973 2298 3045 ejusmodi
2336 2974 2772 3042 cogitationibus
2807 2972 3038 3045 prorsus
3084 2975 3310 3033 munda.
3365 2977 3446 3033 Ne
3480 2992 3609 3048 per-

2027 3070 2216 3122 mittas
2251 3068 2439 3137 igitur,
2485 3075 2545 3123 ut
2579 3069 2648 3122 ad
2688 3076 2929 3124 mentem
2965 3069 3067 3124 tibi
3110 3069 3346 3125 dicatam
3389 3070 3616 3126 dolosas

2026 3177 2214 3218 sermo
2261 3162 2476 3218 aditum
2519 3162 2798 3229 inveniat;
2832 3180 3013 3235 neque
3041 3164 3210 3229 sinas,
3245 3172 3308 3221 ut
3339 3164 3409 3220 ad
3451 3178 3616 3220 aures

1954 3293 1996 3351 ο
2030 3254 2130 3309 tibi
2156 3268 2339 3311 sacras
2362 3256 2718 3311 insolentium
2750 3256 3050 3311 verborum
3086 3271 3257 3311 sonus
3288 3256 3570 3312 deferatur
3598 3300 3613 3323 ,

2030 3363 2099 3402 ne
2125 3349 2374 3417 patiaris,
2411 3357 2471 3402 ut
2495 3349 2563 3402 ad
2590 3351 2852 3404 intactam
2882 3346 3267 3418 illibatamque
3290 3348 3617 3420 pudicitiam

2031 3453 2289 3494 accessus
2320 3440 2470 3494 ullus
2496 3440 2718 3495 insidiis
2748 3449 2954 3509 pateat.
2986 3440 3124 3495 Veni
3156 3440 3211 3495 in
3245 3440 3534 3507 auxilium,
3562 3451 3616 3495 tu

2030 3532 2124 3601 qni
2141 3533 2324 3587 omnia
2343 3532 2498 3587 vides
2520 3551 2534 3587 :
2565 3535 2826 3602 utrinque
2842 3534 2988 3588 enim
3010 3548 3095 3590 me
3114 3534 3380 3603 angustiae
3396 3542 3619 3601 tenent;

2029 3635 2085 3678 et
2100 3639 2188 3678 res
2203 3634 2284 3679 est
2300 3626 2455 3693 plena
2470 3624 2780 3680 formidinis
2793 3625 3041 3691 credere,
3057 3640 3166 3680 non
3185 3625 3417 3681 credere
3435 3635 3619 3680 autem

2033 3719 2194 3788 plena
2223 3717 2480 3787 periculi.
2511 3716 2570 3771 ln
2589 3731 2833 3787 praesens
2861 3726 3012 3772 certe
3029 3725 3326 3787 utrumque
3348 3717 3619 3773 cernitur.

2034 3810 2171 3865 Nam
2203 3810 2271 3864 ad
2305 3809 2693 3880 ambigendum
2723 3809 2855 3863 hinc
2884 3807 3098 3863 inducit
3130 3823 3324 3865 eorum
3355 3809 3622 3881 gravitas,

2035 3918 2157 3971 qua:
2187 3902 2479 3969 dicuntur;
2528 3904 2656 3959 inde
2689 3920 2824 3960 vero
2865 3905 3122 3960 dubitare
3176 3920 3289 3960 non
3345 3905 3480 3960 sinit
3536 3902 3621 3960 lo-

2032 3996 2256 4065 quentis
2271 3998 2482 4066 species
2508 4015 2520 4051 :
2539 3998 2719 4052 omnis
2735 3997 2883 4052 enim
2896 3996 3006 4051 doli
3027 3997 3143 4053 hac
3159 4011 3357 4066 expers
3378 3995 3621 4057 videtur.

2033 4100 2138 4139 nec
2170 4085 2340 4140 ullum
2373 4085 2601 4141 fallacia:
2647 4085 2855 4155 praebet
2901 4086 3187 4142 indicium.
3218 4082 3433 4141 Sed'et
3464 4085 3629 4156 quid—

2038 4176 2184 4245 piam
2206 4174 2368 4245 plane
2397 4175 2451 4229 in
2475 4189 2543 4230 eo
2570 4174 2752 4231 elucet
2786 4175 2854 4230 ab
2885 4173 3130 4230 hominis
3153 4174 3327 4229 forma
3344 4173 3624 4239 alienum;

2041 4263 2346 4334 angelicam
2381 4263 2574 4332 objicit
2617 4265 2881 4335 speciem,
2929 4272 2987 4320 et
3019 4263 3218 4319 similis
3262 4262 3333 4318 iis
3386 4262 3631 4334 videtur,

338 4469 485 4516 state
519 4460 821 4532 iucundus,
847 4467 905 4513 et
948 4457 1173 4511 suavior
1202 4454 1440 4524 eloquiis
1468 4452 1899 4524 splendidiorem
1934 4460 2217 4521 aspectum
2242 4449 2548 4519 pra-sefert.

415 4553 526 4606 ιη’.
556 4551 744 4604 Ταῦτα
786 4547 882 4604 οὖν
916 4549 1016 4619 τῆς
1048 4547 1333 4618 ἀκηράτου
1382 4545 1669 4615 Παρθένου
1702 4542 1923 4611 διαλογι-

2118 4539 2282 4595 XVll.
2319 4539 2459 4594 Cum
2493 4540 2680 4610 itaque
2714 4540 3101 4595 intemeratam
3132 4536 3413 4609 Virginem
3439 4548 3629 4592 secum

339 4643 579 4714 ζομένης
631 4645 835 4708 συνιεὶς
874 4644 903 4697 6
952 4641 1133 4715 κήρυε
1164 4643 1265 4712 τῆς
1311 4641 1590 4713 ἀληθείας,
1623 4639 1653 4691 6
1695 4636 1941 4709 μηνυτὴς

339 4738 444 4804 τῆς
473 4736 775 4805 σωτηρίας,
807 4737 836 4788 6
866 4736 965 4805 τῆς
1003 4736 1181 4805 χαρᾶς
1218 4733 1375 4805 ἡμῶν
1424 4731 1709 4809 πρόξενος,
1743 4730 1771 4782 6
1822 4744 1942 4780 ποι-

345 4831 494 4894 κίλος
531 4831 627 4883 τοῦ
662 4829 929 4900 μυστικοῦ
967 4828 1216 4898 θαλάμου
1241 4827 1560 4897 κοσμήτωρ,
1592 4827 1622 4877 6
1647 4823 1746 4892 τῆς
1770 4818 1936 4875 άσπί⁶

347 4925 443 4977 λου
474 4926 805 4994 περιστερᾶς
837 4922 1232 4993 νυμφοστόλος,
1275 4919 1472 4992 μικρὸν
1520 4917 1705 4979 ἐνδοὺς
1735 4913 1937 4987 πρότε-

348 5031 466 5085 ρον,
499 5014 810 5078 ἀκολούθως
838 5015 1037 5082 ἐπάγει
1059 5013 1151 5067 τὸν
1177 5013 1361 5080 λόγον,
1391 5011 1487 5064 καὶ
1503 5009 1622 5062 λύει
1649 5007 1741 5060 τὸν
1773 5006 1938 5076 φόϐον

345 5112 415 5177 τῇ
445 5108 744 5174 ἀποφάσει,
796 5109 1001 5176 λέγων’
1042 5104 1286 5173 Πνεῦμα
1334 5102 1509 5171 ἄτιον
1542 5098 1939 5153 ἐπελεύσεται

348 5199 450 5253 ἐπὶ
484 5201 578 5261 σὲ,
611 5200 711 5253 καὶ
747 5199 1004 5269 δύναμις
1046 5196 1345 5266 ’Υψσίστου
1380 5189 1717 5249 ἐπισκιάσει
1748 5202 1868 5244 σοι.

429 5357 475 5391 ⁸⁵
510 5356 645 5410 Luc.
700 5372 740 5418 ι,
763 5356 855 5408 55.

425 5500 538 5570 (fit)
571 5497 806 5552 Pulchre
829 5496 1080 5570 conditio
1109 5495 1307 5570 animm
1331 5500 1543 5570 sanctae
1559 5487 1806 5570 Virginis
1836 5502 1935 5541 ex-

351 5558 605 5631 hibetur,
656 5578 717 5621 ut
754 5567 963 5636 peccati
1013 5565 1154 5620 labis
1197 5563 1382 5636 nescia
1407 5559 1595 5636 fuerit,
1637 5558 1934 5636 ἀπείρατος

354 5643 558 5702 κακίας
585 5628 768 5708 ψύχη]
795 5636 1087 5690 Verissime
1118 5633 1267 5689 enim
1301 5632 1643 5708 teterrimum
1677 5628 1781 5708 hoc
1811 5641 1934 5708 rnat-

355 5714 472 5767 lum
524 5698 614 5764 illa
656 5698 766 5761 non
800 5716 886 5759 est
919 5714 1169 5775 experta,
1223 5720 1345 5775 qua:
1396 5702 1481 5775 vel
1519 5698 1929 5775 haereditarium

355 5784 559 5836 malum
590 5776 854 5847 singulari
884 5776 975 5847 Dei
990 5771 1274 5847 beneﬁcio
1287 5771 1581 5847 devitavit.

434 5853 544 5919 (55)
571 5835 865 5918 Aptissime
884 5845 1237 5898 Immaculata
1258 5843 1422 5919 alaris
1440 5857 1565 5895 eum
1586 5835 1942 5919 immaculato

358 5911 595 5977 Domino
617 5911 775 5990 juxta
801 5919 1087 5968 conl‘ertur
1121 5929 1231 5982 quo
1262 5913 1511 5968 innuitur
1551 5911 1707 5967 alteri
1732 5924 1799 5963 ex
1824 5923 1947 5977 gra-

690 6012 969 6072 ΡΑτιιοι..
1003 6010 1120 6068 Gn.
1156 6005 1447 6069 CXXVII.

2045 4631 2162 4687 haec
2193 4632 2554 4688 disserentem
2584 4631 2927 4701 perspiceret
2978 4631 3075 4687 ille
3110 4628 3366 4685 veritatis
3424 4644 3627 4699 praeco,

2045 4722 2282 4777 nuntius
2310 4723 2526 4789 salutis,
2574 4722 2761 4793 gaudii
2783 4721 2960 4777 nostri
2992 4721 3269 4785 minister,
3323 4720 3631 4777 industrius

2043 4817 2259 4887 mystici
2280 4817 2505 4873 thalami
2519 4815 2838 4880 adornator,
2859 4814 3225 4870 immaculata:
3242 4812 3630 4886 columbaa(56)

2047 4909 2491 4981 paranymphus,
2552 4915 2846 4977 postquam
2895 4905 3179 4977 paulisper
3229 4906 3385 4976 prius
3434 4905 3628 4971 cessit,

2044 5000 2461 5057 accommodato
2501 5012 2758 5054 sermone
2787 5008 2911 5053 eam
2957 4996 3180 5061 aﬂ‘atur,
3206 5010 3274 5051 ac
3299 4993 3486 5050 verbis
3516 4994 3633 5049 suis

2043 5095 2301 5149 timorem
2334 5091 2600 5161 dispellit,
2632 5090 2892 5160 inquiens
2916 5107 2930 5144 :
2954 5087 3182 5160 Spiritus
3204 5086 3432 5143 Sanctus
3448 5103 3635 5157 super-

2048 5189 2219 5241 veniet
2258 5186 2313 5239 in
2343 5192 2416 5251 te,
2444 5192 2493 5237 et
2518 5180 2962 5239 virtusAltissimi
2987 5179 3317 5236 obumbrabit
3342 5178 3433 5233 tibi
3455 5177 3527 5232 “.

2050 5484 2153 5557 tite
2179 5481 2472 5553 privilegio
2511 5480 2564 5535 id
2598 5480 2867 5557 tributum
2909 5480 3105 5557 fuisse,
3126 5478 3451 5557 quodalteri
3480 5491 3634 5557 com:

2046 5550 2198 5624 petit‘
2236 5550 2448 5608 naturae
2513 5550 2831 5624 conditione
2859 5589 2875 5615 ,
2920 5551 3102 5605 omnis
3162 5550 3383 5606 scilicet
3422 5550 3633 5616 peccati

2044 5620 2368 5694 absentiam,
2384 5620 2778 5694 omnimodam.
2858 5691 2869 5694 _
3376 5683 3408 5694 η
3516 5682 3527 5694 ,

2128 5696 2239 5762 (56)
2276 5693 2456 5746 Habes
2486 5692 2818 5762 sententiam
2856 5691 3005 5746 illam
3052 5703 3334 5762 sacrorum
3369 5683 3635 5762 Cantico-

2053 5753 2174 5820 rum
2205 5753 2293 5835 (ν,
2325 5762 2429 5829 2):
2485 5759 2740 5816 Columba
2788 5777 2929 5827 mea,
2980 5757 3330 5815 immaculata
3378 5769 3516 5818 mea,
3565 5753 3635 5807 de

2053 5834 2221 5890 Maria
2243 5834 2466 5888 dictam.

3234 5980 3306 6042 2i
