4104 6416
468 375 566 439 651

540 489 620 542 Ex
667 499 857 543 sancto
882 485 1113 555 Spiritu,
1153 483 1349 555 inquit,
1376 493 1432 540 ct
1464 500 1532 541 ex
1569 494 1641 551 te,
1689 486 1911 541 nemine
1938 485 2048 540 alio
2076 492 2123 549 Α

471 580 539 634 ad
568 581 753 635 carnis
776 584 896 648 ejus
935 577 1378 632 efformationem
1422 577 1849 643 interveniente,
1883 578 1930 632 is
1962 577 2049 630 in-

469 671 813 733 earnabitur,
863 669 958 738 qui
1020 668 1288 722 ineffabili
1338 669 1505 723 modo
1552 670 1607 722 in
1651 680 1703 723 te
1755 668 2044 723 inhabitat.

468 764 635 823 Nihil,
678 762 877 832 inquit,
929 761 998 815 ad
1025 776 1112 824 ea,
1171 776 1293 830 qua:
1334 761 1490 815 nefas
1538 761 1648 815 sint
1683 760 1807 822 tihi,
1840 769 2052 829 spectat

466 872 648 911 sermo
677 870 862 921 meus;
902 869 1083 924 neque
1112 853 1181 907 ad
1232 852 1614 908 incutiendum
1672 863 1905 917 metum,
1953 851 2048 906 sed

468 950 534 1003 ad
566 946 968 1003 conferendum
1006 946 1273 1017 gaudium
1325 944 1472 999 veni.
1509 944 1732 998 Partum
1781 942 2051 997 denuntio

470 1056 578 1094 non
624 1040 867 1095 humana
920 1039 1158 1103 ratione,
1193 1037 1287 1092 sed
1319 1036 1510 1091 divino
1539 1045 1596 1090 et
1623 1034 1887 1089 ineffabili
1918 1049 2052 1088 con-

466 1133 590 1186 silio
619 1133 685 1186 ad
721 1147 862 1202 opus
894 1130 1282 1186 deducendum
1319 1146 1335 1182 '.
1367 1143 1508 1181 nova
1534 1128 1642 1181 erit
1667 1125 2052 1196 conceptionis

467 1224 627 1289 ratio,
694 1239 899 1277 novum
950 1232 1006 1276 et
1059 1221 1128 1274 ah
1179 1220 1267 1284 iis,
1327 1234 1449 1288 qum
1490 1217 1776 1279 formidas,
1811 1216 2048 1271 liberum

466 1316 746 1385 puerperii
784 1331 975 1385 genus.
1023 1313 1178 1368 Meus
1224 1327 1355 1367 vero
1386 1318 1645 1380 aSpectus
1693 1324 1813 1364 eam
1868 1308 2050 1363 admi-

464 1407 751 1461 nistrantis
800 1405 1032 1459 exhibet
1066 1404 1445 1467 serenitatem,
1490 1417 1612 1471 quae
1650 1409 1707 1455 et
1738 1401 2051 1471 quemlibet

463 1498 702 1566 depellat
745 1507 1039 1560 terrorem,
1083 1505 1140 1551 et
1193 1496 1260 1550 ad
1320 1510 1460 1564 opus
1490 1493 1740 1547 futurum
1799 1492 2046 1547 animum

460 1590 656 1659 erigat.

533 1680 602 1734 Et
626 1697 760 1746 ecce,
794 1680 1001 1745 subdit,
1028 1680 1299 1735 Elisabeth
1316 1687 1539 1749 cognata
1566 1689 1679 1744 tua,
1705 1686 1752 1731 et
1776 1679 1891 1748 ipsa
1921 1693 2043 1731 con-

462 1772 856 1843 ccpitﬁliumin
877 1783 1138 1827 senectute
1165 1790 1265 1827 sua
1296 1772 1360 1825 ".
1389 1772 1818 1835 Exituseorum,
1846 1770 2044 1840 inquit,

1789 376 2051 437 JACOBI
2089 377 2438 438 MONACIII

3616 387 3727 449 ϐῖιὲ

2235 488 2330 541 Ἐκ
2386 488 2705 560 Πνεύματος
2738 490 2916 559 ἁγίου,
2964 492 3119 563 φησὶ,
3168 494 3261 547 καὶ
3294 495 3357 548 ὲκ
3390 495 3485 550 σοῦ
3522 514 3742 569 σαρκω-

2155 581 2383 652 θήσεται
2423 585 2453 636 6
2482 585 2814 655 ἀπορῤήτως
2862 588 2920 641 ὲν
2965 587 3048 640 σοὶ
3090 589 3475 659 κατασκηνῶν,
3515 593 3743 661 μηδενὸς

2155 675 2346 743 ἐτέρου
2379 675 2515 746 πρὸς
2540 677 2640 743 τὴν
2673 677 2770 745 τῆς
2796 676 3000 748 σαρκὸς
3033 680 3202 732 αὐτοῦ
3236 680 3745 754 παραλαμϐανομέ-

2156 782 2249 818 νου
2280 764 2565 821 σύστασιν.
2599 768 2791 833 Οὐδὲν,
2822 770 2979 839 φησὶ,
3003 771 3115 823 τῶν
3148 772 3625 843 ἀπηγορευμένων
3656 793 3741 827 σοι

2154 856 2527 928 καταμηνύω·
2560 856 2684 909 οὐδὲ
2733 858 2994 927 πτοῆσαι,
3033 860 3235 929 μᾶλλον
3281 862 3336 914 δὲ
3369 865 3742 934 χαροποιῆσαι

2153 948 2413 1018 ἐλήλυθα.
2432 950 2546 1003 Οὐκ
2567 950 2893 1020 ἀνθρωπίνῳ
2926 952 3061 1023 ὅρῳ,
3088 952 3217 1023 οείῳ
3235 953 3290 1006 δὲ
3317 954 3411 1006 καὶ
3442 958 3742 1028 ἀπορρήτῳ

2156 1041 2461 1112 βουλήματι
2515 1043 2858 1109 ἐνεργεῖσθαι
2918 1044 3009 1098 τὸν
3063 1045 3223 1098 τόκον
3275 1047 3739 1118 εὐαγγελίζομαι·

2154 1133 2337 1195 καινὸς
2372 1135 2398 1185 ό
2448 1137 2547 1202 τῆς
2573 1131 2889 1200 συλλήψεως
2917 1134 3137 1203 τρόπος,
3166 1133 3291 1204 ξένη
3326 1136 3424 1205 τῆ;
3457 1135 3672 1207 λοχείας
3707 1140 3740 1206 ἡ

2151 1225 2300 1291 ὠδὶς,
2336 1226 2431 1278 καὶ
2469 1227 2578 1279 τῶν
2610 1226 2889 1294 ὲπιφόδων
2921 1243 3003 1279 σοι
3035 1227 3458 1299 ἀπηλλαγμένη.
3493 1230 3603 1281 Καὶ
3639 1228 3741 1282 Θέα

2156 1334 2248 1387 μοι
2280 1319 2339 1370 τὸ
2391 1320 2666 1389 προσηνὲς
2712 1319 2807 1372 τοῦ
2852 1320 3199 1390 ).ειτουργοῦ,
3251 1321 3367 1385 πῶς
3400 1323 3460 1374 16
3506 1321 3739 1392 φούερδν

2151 1407 2384 1474 ἀπωθεῖ,
2425 1409 2517 1463 καὶ
2551 1409 2689 1480 πρὸς
2714 1411 2776 1464 τὸ
2807 1410 3001 1481 μέλλον
3034 1410 3306 1483 διανιστᾷ.

2220 1682 2330 1737 Kal
2383 1682 2535 1749 ἰδοὺ,
2567 1681 2754 1752 φησὶν,
2808 1682 3125 1737 Ἔλισάσετ
3155 1683 3192 1750 ἡ
3230 1682 3540 1753 συγγενής
3590 1698 3731 1747 σου,

2150 1773 2249 1826 καὶ
2282 1771 2437 1840 αὑτὴ
2466 1770 2874 1841 συνειληφυῒα
2926 1774 3062 1827 υἱόν
3092 1773 3161 1826 ἐν
3201 1772 3367 1843 γήρει
3398 1774 3475 1843 (a)
3515 1771 3732 1842 αὐτῆς.

459 1836 584 1935 ηυτιξ
614 1836 928 1936 significata
961 1875 1091 1921 sunt
1122 1865 1243 1927 tibi,
1299 1864 1591 1919 indubium
1650 1836 2039 1932 argumentum

2149 1863 2262 1932 Τῆς
2289 1862 2383 1916 τοῦ
2424 1836 2778 1932 μηνυθέντος,
2809 1862 2999 1932 φησὶν,
3043 1836 3324 1926 ἐκϐάσεως
3358 1836 3734 1932 ἀνατμφίδολον

461 1955 601 2009 habe
641 1955 972 2010 Elisabelhaa
1003 1964 1355 2025 conceptum.
1396 1954 1586 2023 Neque
1623 1953 1774 2007 enim
1827 1967 2037 2006 novum

460 2047 566 2100 hoc
611 2047 924 2117 prodigium
956 2049 1109 2102 solus
1158 2047 1278 2116 ipse
1309 2054 1609 2109 contestor,
1636 2046 1730 2114 qui
1764 2060 1793 2099 a
1828 2053 2045 2100 natum

460 2148 567 2195 tua:
589 2139 908 2195 conditione
934 2140 1170 2194 maxime
1196 2139 1363 2204 disto,
1394 2138 1489 2193 sed
1519 2136 1683 2191 fausti
1704 2136 1885 2190 nuntii
1906 2150 2042 2190 con-

466 2231 836 2285 lirmationem
877 2231 1046 2285 etiam
1091 2229 1161 2286 ab
1192 2229 1281 2284 illa
1314 2243 1558 2299 superno
1588 2225 1795 2297 Spiritu
1842 2225 2043 2291 amata,

460 2334 516 2377 et
547 2339 576 2377 a
620 2323 981 2386 senescentis,
1031 2338 1151 2393 qua:
1186 2338 1254 2377 ne
1282 2322 1339 2376 in
1374 2321 1766 2392 cogitationem
1817 2320 2042 2390 quidem

459 2413 827 2483 suscipienda!
856 2414 1031 2483 prolis
1049 2421 1300 2478 venerat,
1336 2413 1555 2467 insueto
1587 2420 1745 2481 partu
1777 2410 2042 2481 accipies.

533 2504 725 2560 XVill.
789 2505 880 2560 Sic
917 2504 1086 2573 igitur
1141 2504 1252 2558 dux
1311 2517 1587 2572 supernus
1637 2501 2042 2556 lucidissimum

462 2596 704 2664 Virginis
736 2597 977 2649 animum
1030 2594 1216 2664 erigit,
1263 2602 1320 2648 et
1370 2608 1538 2662 super
1588 2594 1759 2647 caelos
1807 2593 2045 2648 sublime

459 2688 747 2743 constituit
776 2704 789 2743 :
822 2687 1181 2757 quamobrem
1206 2694 1261 2740 et
1292 2701 1413 2740 eam
1448 2694 1603 2755 parat
1629 2685 1697 2739 ad
1732 2684 2045 2755 obsequen-

458 2779 587 2834 dum
630 2782 894 2850 mysterio
939 2795 1063 2833 cum
1122 2777 1389 2833 ineffabili
1434 2778 1672 2849 gaudio;
1732 2792 1843 2832 non
1885 2779 2041 2847 quasi

460 2873 612 2940 prius
638 2872 754 2941 ipsa
787 2872 1075 2934 abnueret,
1124 2870 1221 2925 sed
1255 2870 1386 2939 quia
1430 2870 1499 2924 de
1553 2869 1630 2923 rei
1665 2869 1831 2924 modo
1862 2870 2047 2941 inqui-

460 2964 632 3017 rebat.
660 2963 778 3017 Non
808 2978 937 3033 ergo
974 2962 1136 3017 fidem
1168 2962 1255 3026 iis,
1278 2977 1400 3029 quae
1424 2961 1767 3028 dicebantur,
1789 2961 2042 3031 negabat,

458 3052 552 3105 sed
583 3066 804 3106 causam
843 3050 1211 3119 investigabat
1243 3050 1575 3120 diligenter;
1620 3066 1801 3120 neque
1842 3051 2034 3106 detre-

457 3143 638 3198 ctabat
665 3152 907 3213 partum,
944 3141 1038 3196 sed
1062 3141 1333 3195 rationem
1358 3142 1591 3212 (partus)
1625 3141 2031 3196 sciscitabatur.
2062 3126 2105 3183 ο

458 3233 669 3288 Exinde
706 3233 855 3303 quod
887 3233 965 3286 illi
999 3231 1310 3301 trepidandi
1342 3240 1506 3300 atque
1526 3233 1840 3300 ambigendi
1869 3247 2037 3288 causa

457 3324 766 3387 exstiterat,
832 3322 1057 3393 majoris
1125 3330 1514 3390 argumentum
1575 3323 1760 3392 gaudii
1824 3325 2039 3391 nuntio,

455 3415 644 3484 gratiae
674 3413 1024 3476 administro,
1075 3412 1270 3477 fiebat;
1306 3429 1432 3466 nam
1477 3428 1589 3483 quo
1621 3414 1860 3483 graviori
1886 3414 2033 3469 illam

454 3519 658 3575 angore
680 3519 741 3558 ea
772 3503 841 3558 de
860 3519 1024 3558 causa
1050 3517 1295 3573 pressam
1328 3502 1500 3558 fuisse
1530 3511 1781 3567 noverat,
1826 3519 1893 3560 eo
1924 3519 2040 3559 ma-

456 3593 713 3647 nifestius
744 3594 1036 3663 puritatem
1072 3594 1221 3648 illius
1254 3594 1648 3663 perspiciebat.

528 3684 798 3750 Quocirca
836 3685 1184 3754 Evangelista
1226 3694 1281 3739 et
1316 3688 1643 3740 sententiam
1700 3686 1902 3751 verbis,
1930 3688 2040 3742 imo

456 3777 623 3831 verba
648 3780 783 3848 ipsa,
810 3779 994 3849 prouti
1017 3779 1227 3848 prolata
1252 3790 1399 3845 sunt,
1426 3780 1718 3849 expressit,
1744 3780 1998 3850 inquiens
2025 3799 2036 3834 :

458 3870 605 3923 Dixit
629 3882 805 3925 autem
847 3870 1029 3926 Maria
1058 3875 1134 3939 ‘7;
1182 3871 1315 3926 illud
1349 3872 1605 3926 videlicet
1634 3888 1833 3926 nomen
1866 3889 1895 3927 a
1930 3873 2040 3929 Deo

454 3965 821 4030 nominatum,
857 3964 1214 4035 compellatio
1243 3965 1454 4019 veritati
1494 3967 1856 4035 respondens,
1901 3981 2039 4036 gau-

455 4056 605 4110 dium
633 4057 971 4127 perinsigne,
1006 4058 1239 4111 summis
1271 4057 1531 4112 laudibus
1570 4056 1900 4111 celebranda
1925 4057 2039 4127 glo-

454 4148 555 4208 ria,
588 4148 774 4218 lingua
804 4148 1072 4202 divinitus
1101 4157 1269 4211 mota,
1305 4163 1368 4201 os
1396 4148 1838 4213 veracissimum,
1890 4147 2036 4202 labia

452 4238 550 4294 Dei
578 4239 866 4293 scientiam
903 4239 1203 4303 manantia,
1246 4238 1517 4294 ditissima
1547 4240 1830 4309 sapientiae
1855 4239 2038 4306 copia,

451 4346 771 4386 sermonum
800 4332 1118 4394 thesaurus,
1150 4331 1543 4385 charismatum
1569 4333 2033 4402 promptuarium,

453 4423 700 4495 cognitio
728 4423 1098 4487 lucidissima,
1117 4431 1327 4477 natura:
1353 4424 1779 4494 magnificentia,
1820 4424 2033 4477 inconi-

454 4516 855 4589 prehensibilis
904 4515 1130 4569 humani
1172 4516 1391 4585 generis
1420 4516 1677 4581 altitudo,
1711 4526 2030 4571 sanctorum

454 4608 776 4679 angelorum
810 4606 1089 4677 gloriatio,
1123 4606 1469 4660 nobilissima
1505 4615 1884 4661 creaturarum
1910 4621 2032 4660 om-

452 4702 607 4755 nium
655 4701 861 4755 oblatio
887 4701 1021 4770 (57).
1066 4700 1237 4753 totius
1266 4698 1522 4752 humanae
1573 4698 1796 4752 familia:
1841 4700 2035 4769 apolo-

452 4796 538 4863 gia
570 4794 705 4863 (58),
730 4792 860 4862 quid
892 4792 1066 4845 dixit?
1099 4790 1359 4857 Quaenam
1404 4790 1567 4844 beata
1618 4790 1787 4845 verba
1838 4790 2039 4845 effudit

538 4886 585 4919 “
618 4885 755 4939 Luc.
774 4902 813 4947 ι,
836 4885 926 4939 56.
1008 4884 1050 4915 ⁵⁷
1075 4884 1209 4939 Luc.
1238 4899 1274 4947 ι,
1299 4882 1388 4937 58.

529 5001 643 5071 (57)
674 5001 731 5055 Si
780 5001 964 5054 Mariae
991 5000 1235 5055 conditio
1261 4996 1531 5071 ejusmodi
1563 5005 1669 5071 est,
1721 5004 1781 5071 ut
1806 5003 2028 5071 creatu-

451 5065 636 5125 rarum
680 5074 1012 5125 uniVersitas
1063 5071 1199 5123 nihil
1256 5065 1307 5123 in
1343 5084 1400 5121 se
1452 5067 1675 5135 dignius
1728 5065 2024 5130 invenerit,

450 5144 596 5211 quod
626 5141 748 5211 fleo
771 5156 868 5193 ceu
899 5141 1102 5211 donutn
1127 5156 1189 5193 ac
1216 5139 1550 5211 sacriﬁcium
1594 5136 1845 5211 offerret,
1877 5137 2027 5211 nulla

455 5206 699 5281 ergojlli
750 5210 1105 5281 vel‘tninima
1157 5209 1404 5281 labecula
1459 5207 1742 5281 inhaesisse
1792 5206 2026 5281 direnda

452 5275 555 5335 est'.
591 5280 727 5333 Cum
777 5278 922 5332 enim
971 5282 1183 5348 puritas
1231 5278 1579 5331 immaculata
1634 5275 1707 5328 sit
1741 5275 2024 5348 potissima

450 5349 718 5411 conditio,
739 5365 843 5418 qna
863 5344 1098 5418 accepta:
1124 5350 1234 5402 Deo
1260 5349 1452 5401 hostiae
1470 5361 1589 5399 esse
1617 5346 1848 5418 possint,
1872 5344 2019 5413 quis.

451 5422 594 5490 piam
636 5415 816 5488 potius
855 5436 885 5473 e
941 5415 1197 5488 supernis
1250 5415 1730 5490 spiritibnsunulla
1762 5430 1894 5467 sane
1925 5430 2022 5490 un-

451 5483 767 5557 ijuantlabc
818 5483 1078 5550 foedatus,
1119 5483 1292 5556 quani
1333 5486 1461 5537 Adae
1506 5486 1635 5557 lilia,
1672 5492 1898 5551 paterna
1927 5483 2027 5537 fte-

454 5556 625 5614 ditate
659 5560 789 5612 olim
830 5560 1025 5627 turpis,
1051 5558 1163 5610 Deo
1198 5558 1517 5627 oll'erendus
1542 5556 1876 5627 visuscssct.

520 5632 629 5699 (58)
653 5629 850 5689 Causa,
879 5622 1000 5696 qua:
1035 5642 1158 5680 vere
1199 5634 1367 5679 totius
1409 5626 1663 5677 humanae
1697 5624 1917 5676 familia:
1946 5622 2021 5676 sit

2145 1958 2302 2028 δέχου
2330 1959 2557 2029 σημεῖον
2599 1955 2697 2026 τὴν
2738 1955 3028 2009 Ἑλισάὸετ
3055 1955 3380 2027 κυοφορίαν.
3418 1956 3494 2009 Οὐ
3524 1955 3636 2026 γὰρ
3668 1954 3735 2027 δὴ

2150 2049 2311 2120 μόνος
2336 2049 2469 2118 ἐγὼ,
2501 2050 2530 2102 6
2558 2050 2815 2103 πλεῖστον
2849 2049 2948 2118 τῆς
2978 2048 3121 2102 κατὰ
3173 2049 3233 2102 σὲ
3285 2046 3592 2118 διεστηκὼς
3628 2048 3728 2117 <96-

2148 2156 2309 2202 σεως,
2340 2140 2403 2193 τὸ
2435 2140 2584 2205 ξένον
2630 2139 2790 2193 τοῦτο
2841 2140 3225 2208 καταγγέλλω,
3271 2138 3408 2192 ἀλλὰ
3456 2139 3553 2192 καὶ
3597 2139 3732 2211 παρ’

2147 2230 2317 2300 αὐτῆς
2341 2230 2490 2302 δέξῃ,
2525 2230 2735 2286 ἄνωθεν
2765 2231 3173 2301 ἑμπνεομένης,
3211 2230 3311 2301 τὴν
3346 2232 3457 2285 τῶν
3486 2232 3729 2301 εὐαγγε·

2145 2322 2275 2376 λίων
2300 2322 2615 2392 βεϐαίωσιν,
2643 2324 2738 2376 καὶ
2761 2325 2825 2376 ἐκ
2845 2322 2940 2377 τοῦ
2978 2320 3129 2388 ξένου
3153 2326 3312 2377 τόκου
3338 2324 3438 2394 τῆς
3463 2325 3728 2396 γηραιᾶς,

2143 2411 2211 2486 ἦς
2240 2416 2361 2469 οὐδὲ
2389 2418 2470 2478 εἰς
2498 2416 2710 2468 ἔννοιαν
2741 2415 2900 2483 λόγος
2931 2410 3065 2485 ἦλθε
3098 2416 3467 2480 παιδοποιίας.

2216 2505 2323 2561 IH'.
2349 2506 2507 2560 Οὕτω
2528 2505 2710 2560 τοίνυν
2733 2508 2763 2559 6
2791 2507 3234 2578 ἀρχιστράτηγος
3264 2508 3364 2577 τὴν
3391 2507 3598 2578 ὁλοφαῆ
3626 2509 3727 2578 τῆς

2147 2598 2431 2669 Παρθένου
2467 2598 2712 2652 διάνοιαν
2772 2598 3137 2668 μετεωρίσας,
3176 2598 3439 2667 ὑπεράνω
3470 2599 3577 2651 τῶν
3630 2599 3725 2653 οὐ-

2149 2689 2327 2761 ρανῶν
2363 2690 2576 2761 ἴστησι’
2603 2689 2684 2743 διὸ
2708 2690 2805 2742 σὺν
2830 2691 3130 2760 ἀπορρήτῳ
3154 2692 3301 2761 χαρᾷ
3331 2690 3409 2760 τῷ
3435 2691 3727 2762 μυστηρίῳ

2120 2779 2567 2850 -παρεσκεύασεν
2618 2779 2887 2842 ὑπείκειν,
2931 2779 3052 2832 οὐδὲ
3089 2778 3282 2851 πρώην
3314 2779 3476 2832 τοῦτο
3518 2794 3729 2849 παραι-

2143 2874 2440 2943 τουμένην,
2477 2872 2615 2926 ἀλλὰ
2642 2873 2736 2925 τὸν
2782 2872 2989 2943 τρόπον
3031 2872 3470 2942 πυνθανομένην.
3508 2873 3585 2925 05
3616 2873 3727 2944 γὰρ

2142 2967 2256 3027 τοῖς
2276 2964 2593 3035 λεγομένοις
2611 2964 2856 3034 ἠπίστει,
2881 2964 3020 3017 ἀλλὰ
3042 2966 3142 3032 τὴν
3187 2964 3370 3016 αἰτίαν
3404 2964 3724 3033 ἐπολυπρα-

2143 3057 2335 3125 γμόνει
2365 3073 2377 3086 ·
2415 3056 2509 3110 καὶ
2547 3057 2609 3109 οὺ
2642 3056 2735 3109 τὸν
2765 3057 2926 3110 τόκον
2953 3060 3273 3130 παρῃτεῖτο,
3307 3056 3395 3109 τὸν
3440 3058 3494 3111 δὲ
3523 3058 3724 3129 τρόπον

2138 3146 2548 3201 διεπυνθάνετο.
2582 3146 2750 3201 Ὅθεν
2780 3148 2841 3201 τὸ
2871 3148 3103 3221 φοϐερὸν
3134 3151 3272 3221 αὐτῇ
3297 3151 3395 3204 καὶ
3428 3148 3721 3221 ἠπορημέο

2144 3254 2253 3301 νον,
2287 3237 2532 3299 πλείονος
2562 3235 2661 3309 ὕλη
2710 3240 2885 3309 χαρᾶς
2913 3239 2991 3309 τῷ
3043 3239 3393 3311 χαριτοφόρῳ
3438 3237 3723 3291 συνέϐαινε

2141 3328 2474 3400 λειτουργῷ·
2506 3329 2602 3384 καὶ
2631 3330 2766 3401 ὅσην
2795 3330 2896 3401 τὴν
2928 3332 3171 3399 ἀγωνίαν
3202 3332 3376 3400 αὐτῆς
3423 3330 3515 3384 διὰ
3552 3329 3717 3384 τοῦτο

2142 3420 2411 3487 κατενόει,
2447 3421 2647 3492 μᾶλλον
2681 3423 2781 3492 τὴν
2805 3422 3155 3493 καθαρότητα
3181 3423 3402 3476 ἐνενόει.

2213 3691 2380 3745 ’ΌΊεν
2414 3693 2513 3761 τήν
2561 3708 2619 3744 τε
2651 3692 2878 3762 γνώμην
2924 3692 3322 3761 εὐαγγελιστὴς
3346 3695 3457 3755 τοῖς
3488 3694 3720 3761 ῥήμασι,

2142 3782 2238 3836 καὶ⁸
2269 3783 2431 3847 αὐτὰ,
2461 3782 2535 3846 ὡς
2559 3784 2897 3854 ἐρρήθησαν,
2926 3783 3187 3853 ἐδήλωσε.
3216 3784 3399 3851 φήσας
3422 3798 3436 3814 ο
3475 3779 3623 3836 Elge
3654 3782 3725 3835 δὲ

2143 3873 2406 3942 Μαριὰμ,
2434 3874 2467 3940 ἡ
2495 3871 2747 3933 θεόθετος
2776 3872 2995 3941 κλῆσις,
3027 3874 3059 3941 ἡ
3093 3871 3418 3942 φερώνυμος
3442 3888 3721 3942 προσηγο-

2146 3964 2257 4036 ρία,
2295 3966 2328 4034 ἡ
2352 3962 2709 4033 πολυώνυμος
2741 3966 2911 4034 χαρὰ,
2940 3964 2973 4034 ἡ
3005 3963 3388 4032 πολυΰμνητος
3414 3962 3715 4030 δοεολογία.

2141 4058 2174 4126 ἠ
2202 4057 2518 4126 θεοκίνητος
2565 4056 2814 4123 γλῶσσα,
2874 4056 2938 4109 16
2985 4055 3352 4126 ἀδιάψευστον
3415 4056 3613 4125 στόμα,
3650 4054 3720 4107 τὰ

2139 4148 2238 4220 τὴν
2274 4148 2555 4216 οεολογίαν
2578 4149 2918 4218 κυπρίξοντα
2948 4149 3125 4219 χείλη.
3155 4150 3183 4202 6
3211 4148 3311 4215 τῆς
3339 4147 3531 4215 σοςίας
3562 4146 3724 4198 πλοῦ-ο

2139 4259 2251 4305 τος,
2290 4244 2319 4295 ὁ
2342 4241 2614 4311 θησαυρὸς
2642 4240 2752 4294 τῶν
2777 4240 2997 4308 λόγωνζ,
3028 4240 3092 4293 16
3134 4243 3372 4309 ταμεῖον
3408 4240 3521 4292 τῶν
3565 4254 3723 4309 χαρι-

2143 4334 2390 4404 σμάτων,
2446 4336 2479 4403 η
2522 4332 2843 4401 πολύφωτος
2889 4332 3121 4400 γνῶσις,
3162 4331 3225 4385 16
3271 4331 3560 4401 μεγαλεῖον
3619 4329 3719 4399 ﬁt,

2141 4425 2380 4493 φύσεως,
2421 4425 2481 4475 16
2513 4422 2888 4492 ἁκατανόητον
2927 4420 3022 4473 τοῦ
3046 4421 3236 4489 γένους
3272 4420 3426 4490 ὕψος,
3467 4420 3531 4471 16
3584 4436 3721 4489 σεμ-

2138 4519 2418 4586 νολόγημα
2465 4516 2574 4569 τῶν
2621 4516 2792 4582 ἁγίων
2843 4514 3116 4581 ἀγγέλων,
3157 4514 3219 4566 16
3275 4514 3579 4583 ὑπέρτιμον
3623 4513 3719 4581 τῆς

2138 4609 2365 4670 κτίσεως
2399 4607 2679 4677 ἀνάθημα,
2708 4607 2741 4677 ἠ
2775 4606 2957 4676 πάσης
2980 4604 3082 4673 τῆς
3105 4605 3457 4673 ἀνθρωπίνης
3497 4602 3719 4671 φύσεως

2137 4699 2426 4767 ἀπολογία,
2457 4699 2510 4751 τί
2536 4693 2693 4761 εἶπες
2722 4697 2855 4750 Τίνα
2883 4696 3159 4766 μακάριον
3184 4695 3521 4764 ὲξηρεύξατο
3557 4695 3715 4761 λόγον

2139 4788 2198 4843 τὸ
2244 4787 2701 4858 πολυοαύμαστον
2747 4786 2857 4840 τῶν
2903 4786 3156 4856 ἀγγέλων
3189 4788 3476 4856 διήγημα;
3533 4785 3714 4850 Ἰδοὺ,

2139 4996 2383 5068 propria,
2417 4996 2563 5050 nulla
2595 5006 2678 5051 est
2734 5008 3095 5068 prmterquam
3129 4996 3289 5066 primi
3329 4995 3568 5066 parentis
3599 4994 3712 5062 lap-

2138 5082 2254 5139 sus.
2283 5067 2332 5139 vi
2360 5068 2517 5136 cujus
2551 5082 2745 5120 omnes
2762 5069 2827 5121 ad
2849 5067 3017 5122 unum
3039 5070 3161 5139 ejus
3198 5068 3400 5134 posteri
3426 5076 3576 5117 reatu
3613 5070 3719 5139 oti—

2136 5134 2627 5207 strictihtenentur.
2657 5139 2820 5206 Atqui
2856 5145 3047 5207 suapte
3071 5134 3280 5207 natura
3327 5150 3417 5189 res
3453 5134 3716 5202 postulat,

2139 5214 2200 5257 ut
2248 5204 2339 5274 qui
2376 5205 2635 5276 apologia’
2683 5204 2780 5274 pro
2822 5204 3195 5262 aliis—munus
3233 5206 3370 5264 obit,
3403 5208 3717 5276 exsorssit

2136 5289 2331 5346 eorum
2366 5274 2552 5330 reatus
2587 5293 2600 5329 :
2641 5278 2898 5346 quocirca
2927 5278 3089 5346 paulo
3122 5276 3263 5329 infra
3302 5276 3444 5329 idern
3471 5274 3718 5346 dacobus

2136 5344 2436 5398 humanum
2468 5361 2641 5415 genus
2662 5343 2696 5400 ε
2728 5343 2979 5401 criminis
3013 5348 3095 5400 sui
3131 5346 3340 5414 pudore
3378 5343 3717 5415 taciturnum

2134 5415 2418 5486 describit.
2450 5413 2569 5470 Non
2607 5428 2905 5485 potuerunt
2943 5418 3110 5486 igitur
3134 5413 3230 5469 ha:
3268 5424 3457 5486 partes
3509 5413 3717 5467 beatis-

2132 5484 2284 5536 simm
2332 5485 2540 5555 Virgini
2582 5484 2833 5549 attribui,
2860 5484 3045 5541 nisi—si
3079 5486 3150 5539 ab
3186 5501 3252 5539 co
3283 5484 3514 5539 crimine
3551 5497 3715 5553 pror-

2133 5568 2227 5607 sus
2262 5556 2440 5609 aliena
2478 5558 2593 5625 ipsa
2628 5557 2947 5610 haberetur.

514 5743 603 5822 ⁸(α)
635 5743 820 5822 Scilic.
853 5755 953 5809 pro
986 5742 1173 5822 γήρ-ξτ
1210 5748 1263 5822 et
1312 5754 1495 5822 .camn
1529 5738 1749 5822 quidem
1800 5738 2093 5822 lectionem
2133 5737 2472 5792 retinendam
2526 5752 2646 5794 esse
2706 5752 2771 5793 cx
2819 5750 2951 5792 mss.
2998 5735 3163 5791 codd.
3225 5733 3332 5789 fide
3384 5737 3721 5788 censuerunt

453 5808 617 5869 etiam
657 5808 970 5865 Fridericus
998 5808 1348 5875 deMattlnei,
1377 5819 1432 5864 ct
1459 5810 1626 5861 David
1656 5808 1879 5860 Schulz.
