4104 6456
342 456 450 517 653

1119 459 1403 520 ORATIO
1443 460 1526 520 1N
1567 431 2264 522 ANNUNTIATIONEM
2301 461 2406 522 ss.
2453 462 2825 522 DElPARJt‘.

3508 468 3612 532 θῦί

345 564 541 642 φησιν,
574 575 611 642 ἡ
629 573 822 642 δούλη
845 575 1090 643 Κυρίου,
1125 576 1359 645 γένοιτό
1377 593 1480 646 μοι
1510 577 1662 632 κατὰ
1692 579 1754 630 τὸ
1768 577 1924 646 ῥῆμά

2039 578 2530 648 stupendissimum
2563 579 2698 634 illud
2725 579 3045 650 angelorum
3078 583 3434 640 eneomiuin?
3465 585 3618 650 Ecce,

341 680 481 720 σου.

411 839 515 896 ΙΘ’.
555 841 922 912 Ἐσκίρτησαν
961 835 1130 898 πάσαι
1163 846 1670 918 νοεραξιᾼνΔυνάμεις
1723 847 1930 918 ταύτην

343 933 727 988 ὲνωτισθεῖσαι
758 935 856 1006 τὴν
891 939 1078 1008 φωνήν
1100 954 1114 968 ·
1149 916 1520 1008 ἠγαλλιάσατο
1550 937 1760 992 ἄνωθεν
1790 941 1818 992 ὁ
1847 940 1932 992 οὐ·

345 1025 508 1096 ρανδς
530 1066 544 1090 ,
569 1028 666 1078 καὶ
701 1029 757 1079 αἱ
810 1028 1033 1097 νεφέλαι
1069 1029 1276 1099 ταύτην
1309 1029 1384 1094 ὼς
1435 1031 1784 1102 εὐφροσύνης
1825 1032 1927 1084 ὐπ-

338 1118 594 1182 εδέξαντο
622 1119 846 1189 δρόσονο
872 1121 1111 1194 ἡγιάσθη
1135 1125 1198 1192 τῇ
1224 1125 1483 1194 ὲνηχήσει
1507 1125 1713 1194 ταύτης
1736 1127 1764 1178 ὁ
1793 1125 1860 1194 ἁὴ
1870 1143 1923 1196 ρ,

339 1210 438 1264 καὶ
483 1214 512 1264 δ
549 1211 776 1282 σύμπας
807 1214 1207 1286 κατελλάμφθη
1238 1217 1448 1286 κόσμος
1471 1235 1484 1248 ·
1512 1217 1590 1281 ὡς
1629 1217 1928 1289 ἀστραπῆς

334 1301 512 1370 αὐτῆς
543 1301 954 1376 διαδραμούσης
978 1305 1047 1360 τά
1071 1307 1312 1378 πέρατα,
1343 1307 1794 1380 τηλαυγεστέρας
1823 1310 1924 1374 τάς

342 1393 636 1462 ροδοειδεῖς
685 1397 916 1460 ἀκτῖνας
949 1399 977 1450 ὀ
1025 1397 1179 1468 ἥλιος
1227 1399 1512 1472 ἀπέδωκε·
1547 1401 1644 1454 καὶ
1700 1403 1729 1454 ὁ
1765 1401 1928 1472 χορὸς

337 1485 449 1539 τῶν
481 1487 732 1558 ἀστέρων
763 1487 1152 1561 διαυγέστερον
1198 1491 1261 1544 τὸ
1297 1493 1497 1557 κάλλος
1525 1493 1802 1559 ὑπέδειξε.
1838 1497 1928 1547 Δι-

339 1578 574 1648 ηνοίχθη
600 1579 670 1632 τὰ
695 1574 812 1636 ὦτα
839 1582 940 1650 τῆς
963 1583 1313 1657 ἀνθρωπίνης
1348 1586 1588 1655 φύσεως,
1631 1589 1723 1640 καὶ
1765 1589 1798 1658 η
1826 1587 1926 1658 τῆς

339 1669 712 1740 παραϐάσεως
783 1675 1001 1744 ἀφωνία
1067 1679 1149 1740 είς
1233 1678 1516 1750 εὐφημίαν
1581 1681 1923 1753 μετεποιήθη

337 1761 490 1815 τότε.

409 1853 507 1916 Τίς
535 1854 643 1907 τῶν
677 1837 922 1923 δικαίων,
957 1860 1037 1922 είς
1067 1859 1293 1930 μείζονα
1333 1863 1434 1932 τῆς
1457 1865 1668 1928 οἰκείας
1712 1867 1914 1918 καλού-

2037 669 2240 738 inquit,
2276 667 2479 724 ancilla
2508 668 2743 734 Domini,
2777 667 2876 737 ﬁat
2911 668 3038 722 mihi
3066 672 3357 726 secundum
3411 675 3624 728 verbum

2037 772 2207 814 tuum.

2095 853 2232 907 XIX.
2246 853 2460 908 Gaudio
2474 855 3626 914 exsultaveruntPotestatesintellectuales

2034 960 2247 1010 omnes,
2271 946 2363 1000 ubi
2394 962 2498 1001 vox
2531 947 2634 1002 ista
2673 948 2739 1002 ad
2773 962 2937 1001 aures
2965 946 3072 1000 illis
3105 947 3282 1003 delata
3311 959 3426 1004 est:
3457 951 3624 1004 lzetati

2034 1045 2166 1089 sunt
2212 1035 2334 1090 coeli
2385 1035 2646 1105 desnper.
2687 1045 2742 1091 ct
2792 1036 2966 1091 nubes
3009 1038 3155 1092 hunc
3208 1038 3378 1092 veluti
3422 1039 3626 1093 laetitia:

2034 1143 2218 1180 rorem
2261 1139 2626 1192 susceperunt
2655 1145 2669 1192 ;
2697 1129 2852 1183 vocis
2881 1128 3056 1199 hujus
3091 1127 3276 1184 sonitu
3306 1132 3617 1186 sanctiﬁca-

2037 1223 2124 1270 tus
2152 1224 2237 1270 est
2269 1232 2384 1282 aer,
2413 1227 2470 1271 et
2499 1225 2647 1272 totus
2674 1233 2815 1271 nova
2846 1218 2969 1272 luce
3006 1219 3246 1272 mundus
3279 1220 3492 1274 refulsit
3517 1237 3530 1283 ;
3559 1237 3624 1274 ea

2033 1305 2099 1359 ad
2129 1317 2406 1360 extremos
2441 1322 2614 1376 usque
2649 1306 2786 1362 ﬁnes
2817 1307 2989 1362 instar
3019 1307 3250 1379 fulguris
3268 1309 3624 1366 decurrentr.

2031 1412 2224 1453 roseos
2253 1399 2438 1453 radios
2482 1413 2612 1453 suos
2647 1399 2729 1454 sol
2765 1399 3009 1454 reddidit
3045 1401 3424 1467 micantiores,
3449 1413 3506 1456 et
3535 1405 3624 1456 ni-

1983 1557 1992 1562 _
2033 1489 2290 1545 tidiorem
2315 1491 2788 1561 pulchritudinem
2813 1507 3016 1546 corona
3033 1492 3278 1547 siderum
3299 1493 3618 1564 explicavit.

2032 1584 2208 1638 Aures
2235 1593 2438 1654 apertae
2467 1595 2600 1640 sunt
2629 1585 2857 1640 humani
2891 1585 3133 1654 generis,
3161 1595 3217 1642 et
3249 1597 3404 1642 muta
3435 1589 3558 1660 ejus
3588 1605 3620 1644 e

2031 1675 2492 1744 praevaricatione
2527 1677 2881 1734 taciturnitas
2909 1685 3041 1732 tunc
3076 1678 3132 1731 in
3175 1677 3410 1734 faustam
3439 1681 3626 1736 accla-

2031 1764 2329 1818 mationem
2367 1781 2522 1821 versa
2555 1777 2635 1821 est
2648 1807 2662 1821 .

2102 1852 2238 1920 Quis
2275 1871 2518 1925 unquam
2553 1873 2584 1912 e
2605 1858 2793 1929 justis,
2821 1857 2888 1912 ad
2921 1857 3166 1913 honores
3193 1869 3422 1915 vocatus
3453 1861 3622 1916 meri-

341 1962 508 2014 μενος
535 1947 720 2016 ἀξίας,
760 1951 1008 2006 τοιοῦτον
1033 1956 1292 2025 ἐπαφῆκε
1317 1956 1478 2023 λόγον
1502 1973 1516 2022 ;
1551 1958 1684 2010 Ποία
1717 1959 1924 2028 πεπλη-

2032 1945 2100 2000 tis
2127 1947 2367 2014 propriis
2390 1949 2654 2016 potiores,
2679 1950 2732 2002 in
2758 1950 3032 2020 ejusmodi
3065 1952 3396 2006 sententiam
3424 1968 3624 2023 proru-

341 2041 738 2109 ροφορημένως
781 2042 992 2099 διάνοια
1037 2048 1166 2118 περὶ
1205 2047 1313 2100 τῶν
1361 2050 1643 2120 ἐσομένων
1696 2051 1922 2119 ἀγαθῶν

337 2130 671 2196 διατεθεῖσα,
736 2137 1218 2207 συντετριμμένως
1256 2137 1401 2192 οὕτω
1446 2141 1545 2210 τὴν
1581 2141 1761 2195 αὐτῶν
1811 2141 1925 2194 επί-

337 2221 494 2286 ταξιν
517 2223 748 2291 ἤλπισεν
773 2241 788 2292 ;
837 2225 896 2280 Ὀ
932 2228 1376 2301 ἀρχιστράτηγος
1407 2233 1668 2303 ὑπεράνω
1691 2233 1804 2287 τῶν
1835 2235 1925 2287 οὐ-

341 2316 522 2387 ρανῶν
547 2319 756 2388 ταύτην
788 2320 1068 2391 ἀνήγαγεν
1097 2341 1110 2356 ο
1133 2327 1166 2394 ἡ
1199 2325 1256 2378 δὲ
1285 2327 1383 2396 τὴν
1405 2327 1600 2398 γηῑνην
1630 2327 1922 2382 διάπλασιν

338 2409 676 2480 προθεμένη,
698 2411 796 2482 τὴν
819 2415 1176 2484 εὐχαριστίαν
1204 2417 1499 2472 ἀνέτεινεν.
1539 2417 1779 2483 Ἐκεῖνος
1804 2421 1924 2483 ταῖς

337 2501 701 2570 ἐπαγγελίαις
727 2505 836 2559 τῶν
867 2505 1152 2578 Χερουϐὶμ
1181 2509 1278 2562 καὶ
1314 2510 1594 2581 Σεραφὶμ,
1624 2512 1843 2582 Θρόνων
1863 2529 1923 2564 τε

338 2595 437 2647 καὶ
477 2597 854 2667 Κυριοτήτων,
895 2600 1104 2670 ταύτην
1141 2602 1584 2674 ὐπερανέθηκεν·
1635 2606 1670 2673 ἡ
1698 2605 1776 2666 δὲ,
1825 2605 1923 2674 τῆς

336 2684 549 2749 οἰκείας
597 2687 698 2740 οὐκ
771 2687 1099 2757 ὲπιληθεῖσα
1161 2691 1402 2760 φύσεως,
1456 2694 1555 2762 τὴν
1599 2693 1922 2748 δεσποτείαν

339 2777 632 2847 ἐκήρυττε,
697 2779 791 2833 καὶ
829 2779 928 2850 τὴν
977 2780 1222 2836 δουλείαν
1268 2783 1615 2852 διωμολόγει.
1685 2785 1924 2846 Ἐκεῖνος

336 2872 744 2945 ἑκλελεγμένην
765 2873 936 2945 αὐτὴν
961 2877 1044 2938 εἰς
1071 2875 1171 2947 τὴν
1194 2875 1288 2928 τοῦ
1344 2877 1650 2946 μυστηρίου
1697 2893 1924 2946 προεπι-

341 2965 596 3018 στώσατο
621 2965 975 3038 λειτουργίαν
1001 2985 1014 2998 ο
1047 2969 1080 3038 ἡ
1112 2967 1168 3021 δὲ
1193 2968 1326 3038 εὐχῇ
1355 2967 1416 3020 τὸ
1442 2970 1618 3039 πέρας
1649 2969 1922 3042 ἐπιζητεῖ,

338 3055 436 3108 καὶ
469 3056 569 3128 τὴν
597 3058 958 3130 εὐχαριστίαν
989 3059 1084 3113 τοῦ
1113 3059 1406 3130 μέλλοντος
1443 3063 1542 3115 σὺν
1572 3060 1754 3132 ἱκεσίᾳ
1788 3078 1924 3132 προ·

338 3145 632 3201 ϐάλλεται·
702 3149 849 3204 Ἰδοὺ
891 3151 928 3220 ἡ
975 3148 1168 3219 δούλη
1219 3152 1460 3222 Κυρίου,
1524 3151 1761 3221 γένοιτό
1821 3169 1922 3222 μοι

337 3240 492 3294 κατὰ
519 3241 584 3294 τὸ
607 3240 773 3311 ῥῆμά
804 3257 945 3297 σου.

2023 2037 2197 2106 pisset
2223 2036 2247 2089 ?
2276 2039 2411 2104 Quis
2461 2040 2700 2107 animus,
2723 2041 2792 2096 de
2831 2041 3034 2096 futuris
3081 2042 3243 2099 bonis
3275 2045 3479 2099 certior
3503 2044 3617 2100 fac-

2027 2138 2134 2197 tus,
2160 2139 2269 2187 tam
2315 2133 2565 2189 modeste
2608 2135 3017 2192 assecutionem
3061 2153 3253 2193 eorum
3303 2149 3616 2210 exspectas-

2023 2225 2148 2278 set?
2169 2225 2460 2294 Agminum
2491 2243 2855 2296 supernorum
2882 2227 3081 2284 ductor
3106 2244 3272 2300 supra
3296 2232 3468 2287 C(BIOS
3491 2247 3613 2286 eam

2023 2316 2486 2388 extulerat;ipsa
2520 2335 2671 2380 vero.
2705 2331 2980 2374 terrenam
3031 2337 3144 2391 prae
3187 2323 3361 2377 oculis
3407 2323 3620 2378 habens

2025 2407 2422 2474 conditionem,
2475 2411 2528 2464 in
2601 2413 2902 2482 gratiarum
2972 2415 3220 2470 actiones
3285 2413 3616 2471 effunditur.

2025 2499 2204 2570 Supra
2247 2501 2550 2558 Cherubim
2597 2519 2661 2558 ac
2709 2505 3026 2575 Seraphim,
3057 2523 3225 2576 supra
3257 2507 3511 2563 Thronos
3555 2524 3622 2562 ac

2027 2589 2450 2648 Dominationes
2495 2582 2894 2663 promissorum
2943 2599 3158 2652 ratione
3191 2597 3280 2652 ille
3327 2615 3448 2652 eam
3497 2615 3624 2654 cve-

2024 2691 2179 2736 xerat
2206 2700 2220 2749 ;
2251 2693 2305 2736 at
2340 2683 2477 2754 ipsa,
2512 2688 2746 2756 propriae
2774 2687 2920 2741 haud
2958 2689 3126 2742 oblita
3173 2701 3406 2752 naturae,
3437 2691 3620 2762 (divi-

2027 2772 2184 2842 num)
2213 2775 2591 2842 proclamabat
2622 2776 2952 2841 dominium,
2986 2793 3253 2848 suamque
3293 2781 3617 2836 servitutem

2026 2861 2412 2931 proﬁtebatur.
2459 2865 2590 2918 Data
2637 2865 2727 2920 ille
2782 2864 2890 2920 ﬁde
2936 2865 3336 2932 declaraverat,
3381 2868 3615 2922 electam

2027 2951 2199 3020 ipsam
2237 2952 2305 3006 ad
2336 2953 2760 3009 ministrandum
2790 2957 3053 3026 mysterio
3085 2957 3254 3015 fuisse
3282 2977 3297 3025 ;
3345 2960 3459 3016 haec
3488 2977 3620 3015 vero

2027 3042 2287 3098 eﬂ'ectum
2321 3045 2642 3117 rogabunda
2684 3050 2883 3118 poscit,
2909 3058 2964 3104 et
2996 3049 3160 3106 simul
3188 3069 3315 3107 cum
3358 3055 3619 3123 precibus

2027 3151 2244 3212 gratum
2277 3140 2344 3194 de
2375 3143 2662 3198 eventuris
2687 3145 2931 3198 animum
2962 3154 3232 3202 testatur:
3261 3147 3392 3202 Ecce
3417 3149 3619 3204 ancilla

2036 3232 2266 3298 Domini,
2287 3234 2384 3302 ﬁat
2418 3237 2542 3289 mihi
2571 3238 2858 3306 secundum
2885 3241 3100 3293 verbum
3127 3249 3296 3294 tuum.
3461 3226 3474 3232 ”

338 3361 342 3365 -
409 3331 494 3387 ις’.
532 3297 777 3404 Ὢὶεξᾶς
819 3336 1004 3406 φωνῆς
1042 3337 1272 3390 αὐτόθεν
1330 3337 1392 3390 τὺ
1427 3335 1776 3406 μεγαλοφυὲς
1817 3335 1918 3404 τῆς

2097 3325 2216 3381 XX.
2243 3327 2286 3382 Ο
2323 3343 2512 3384 vocem
2543 3303 3002 3402 augustam,'quze
3035 3335 3238 3388 mentis
3270 3333 3616 3390 nobilitatem

339 3427 569 3496 γνώμης
621 3424 925 3496 δηλούσηςε
964 3427 1027 3479 Ὢ
1073 3425 1466 3492 ταπεινώσεως
1527 3427 1830 3498 ὑπερϐολὴ,
1863 3429 1920 3480 ἐν

317 3517 580 3588 ’τοσούτῳ
609 3518 994 3590 θεωρουμένης
1037 3517 1193 3588 Mati
1231 3519 1374 3592 Ὅρα
1406 3521 1507 3590 τὴν
1545 3519 1918 3590 ἀκατανόητόν

339 3626 397 3666 τε
427 3610 522 3664 καὶ
546 3610 1006 3682 ὐπερθαύμαστον
1036 3613 1292 3682 ἀγγέλοις
1325 3613 1420 3666 καὶ
1446 3611 1764 3684 ἀνθρώποις
1790 3612 1920 3679 ἀρε-

339 3699 476 3770 τήνί
513 3702 629 3754 Οὐκ
658 3701 910 3754 ὲδίστασε
944 3703 1080 3773 πρὸς
1117 3702 1177 3755 τὺ
1229 3701 1538 3772 παράδοξον
1571 3701 1664 3754 τοῦ
1715 3701 1878 3766 λόγου
1901 3713 1914 3726 ⁶

338 3794 440 3848 οὐκ
493 3795 879 3864 ἀπεκρούσατο
937 3796 1003 3865 τῇ
1037 3793 1344 3865 ἀμφιϐολίᾳ
1398 3792 1494 3864 τὴν
1543 3793 1916 3861 ἐπαγγελίαν·

338 3887 440 3941 οὐκ
476 3885 727 3956 ἀπέφυγε
759 3885 820 3938 τὸ
846 3886 936 3939 τοῦ
965 3885 1313 3956 καινοφανῶς
1336 3885 1596 3954 ὀφθέντος
1629 3886 1920 3955 καταπλη-

341 3980 527 4032 κτικὸν
555 3977 728 4044 εἶδος·
767 3980 828 4034 οὐ
881 3979 1016 4051 πρὸς
1045 3981 1107 4033 τὸ
1159 3981 1478 4052 ἀπόρρητον
1505 3981 1776 4035 ἀπιδοῦσα
1826 3981 1919 4033 τοῦ

343 4074 676 4142 μυστηρίου,
703 4074 778 4136 ὼς
830 4074 1094 4144 ἀμήχανα
1141 4073 1739 4144 κατεπαγγελλομένῳ,
1773 4076 1920 4128 ἀντι-

342 4166 580 4234 κατέστη
611 4165 688 4235 τῷ
719 4167 921 4236 κήρυκι
953 4183 966 4196 ⁸
997 4167 1056 4219 οὐ
1095 4166 1379 4238 προέτεινε
1409 4167 1480 4220 τὰ
1508 4167 1608 4234 τῆς
1639 4168 1915 4238 μικροψυ-

341 4260 462 4327 χίας
485 4261 712 4330 ῥήματα
736 4274 752 4288 ·
781 4260 916 4313 ἀλλὰ
944 4260 1074 4324 τοὺς
1123 4260 1343 4329 λόγους,
1381 4261 1458 4325 ὡς
1507 4261 1670 4332 ἔργον
1719 4261 1816 4316 καὶ
1845 4261 1924 4323 ὡς

341 4351 448 4404 ὐπὸ
491 4353 700 4421 Κυρίου
733 4351 1029 4422 λεχθέντας
1091 4353 1488 4426 μεγαλοψύχως
1532 4354 1827 4423 δεξαμένη,
1862 4355 1921 4406 τὸ

341 4445 492 4510 ξένον
539 4446 639 4514 τῆς
692 4445 1040 4515 ἀνθρωπίνης
1104 4447 1500 4517 ταπεινότητος
1564 4447 1920 4518 ἀνῳκισμέιῃ

340 4539 665 4607 προαιρέσει
701 4536 1022 4607 παρέδειξεν
1059 4539 1116 4590 έν
1165 4537 1358 4608 ἑαυτῇ.
1421 4539 1486 4590 Ἦ
1521 4537 1630 4608 γὰρ
1678 4537 1918 4591 δοκοῦσα

339 4625 667 4699 διαπόρησις
721 4628 822 4680 οὐκ
850 4627 1158 4696 ἀντιλογίας
1190 4625 1280 4700 ἦν,
1322 4629 1460 4682 ἀλλά
1503 4628 1920 4699 πυνθανομένης
1955 4645 2000 4700 ι)

339 4717 430 4771 τὸν
459 4718 683 4790 τρόπον,
721 4720 814 4771 καὶ
842 4721 937 4788 τῆς
967 4719 1192 4788 ἁγνείας
1239 4722 1692 4792 ὑπερμαχούσης.
1723 4721 1824 4774 Διὰ
1856 4721 1922 4791 δὴ

337 4811 500 4863 τοῦτο
519 4814 612 4864 τὸν
637 4813 1017 4882 ἀνέκφραστον
1047 4813 1206 4866 τόκον
1231 4815 1703 4882 ἀκούσασα,ούδὲν
1732 4831 1926 4886 περαι-

339 4902 484 4972 τὲρυ
499 4902 776 4972 διηνέχθη·
803 4903 918 4956 ἀλλ’
935 4903 1112 4972 ἠπίως
1132 4903 1398 4973 τὸνλόγον
1419 4905 1716 4976 δεξαμένη,
1743 4905 1924 4959 πίστει

340 4993 534 5064 βεϐαίᾳ
557 4994 658 5064 τὴν
686 4995 871 5047 πίστιν
901 4994 1354 5066 συνεισῳκίσατο,
1401 4999 1580 5050 καίτοι
1613 4998 1732 5049 τότε
1783 4997 1922 5066 μᾶλ-

337 5085 432 5139 λον
479 5082 547 5156 ἦν
597 5085 892 5140 ἀκόλουθον
965 5089 1269 5157 ὲπαπορείν
1337 5087 1416 5157 τῷ
1497 5088 1924 5156 καταγγέλλοντι

339 5176 593 5241 τοιῶσδε,
646 5179 742 5228 καὶ
787 5177 853 5229 ἐκ
907 5175 1230 5246 Πνεύματος
1265 5176 1450 5244 ἁγίου,
1486 5176 1583 5231 καὶ
1617 5176 1776 5248 ξένην
1821 5178 1923 5248 τὴν

345 5267 614 5339 σύλληψιν
663 5268 1062 5340 βεϐαιουμένῳο
1101 5268 1166 5320 Τί
1199 5267 1358 5321 τοῦτο
1400 5269 1652 5339 μηνύεις,
1687 5270 1715 5321 ὁ
1750 5287 1924 5340 προσ-

341 5357 767 5428 διαλεγόμενος;
829 5357 1140 5428 Ἀλλότριον
1183 5357 1286 5429 τῆς
1319 5357 1536 5426 φύσεως
1581 5361 1780 5431 εἰσηγῇ
1832 5359 1922 5413 τὸν

339 5449 522 5516 τόκον,
580 5448 709 5515 ξένα
745 5449 928 5519 πάσης
963 5451 1136 5519 ἀκοῆς
1178 5451 1486 5521 προτείνεις
1536 5450 1606 5503 τὰ
1657 5453 1879 5521 ῥήματα
1905 5467 1919 5482 ⁸

339 5541 748 5612 ἀναλαϐόμενος
785 5543 1002 5607 ἑαυτὸν,
1056 5545 1124 5595 τὰ
1178 5543 1278 5612 τῆς
1331 5542 1654 5606 ἀκολουθίας
1711 5545 1921 5612 κατάγ-

342 5635 502 5704 γελλε
527 5650 542 5664 ·
577 5633 854 5704 ἕμϐλεψον
882 5636 966 5698 είς
995 5634 1273 5704 προτέρας
1307 5634 1530 5702 γενεὰς,
1571 5633 1848 5705 ἐννόησον,
1872 5633 1929 5687 εἴ

341 5746 394 5781 τι
433 5726 683 5781 τοιοῦτον
705 5729 764 5779 ὲν
788 5727 1017 5788 ταύταις
1067 5727 1349 5798 ὲνηργήθη
1379 5745 1392 5758 ·
1425 5725 1582 5790 σύνες
1634 5724 1919 5793 ἀσφαλῶς,

342 5823 390 5874 εί
421 5822 590 5892 μέχρι
635 5821 740 5874 κᾶν
791 5821 964 5890 ψιλῶν
1024 5821 1288 5891 ῥημάτων
1339 5823 1367 5874 ὁ
1404 5819 1578 5884 οὕτως
1612 5817 1752 5889 έχων
1785 5818 1922 5872 ὠνό-

342 5930 549 5984 μασται
580 5913 738 5976 τόκος
760 5927 774 5944 ·
802 5912 1090 5983 κατάμαθε
1113 5911 1293 5966 τοίνυν
1325 5911 1753 5983 διερευνώμενος
1775 5927 1789 5942 ο
1827 5911 1920 5966 καὶ

2023 3433 2217 3492 Sponte
2246 3424 2659 3481 manifestath
2685 3426 3013 3482 humilitatis
3034 3429 3090 3482 in
3110 3436 3260 3483 tanta
3283 3427 3618 3484 celsitudine

2021 3517 2310 3572 emicantis
2333 3532 2618 3573 excessum
2644 3520 2656 3572 1
2679 3518 2812 3574 Vide
2839 3519 3121 3585 virtutem,
3141 3535 3303 3588 quam
3329 3535 3508 3590 neque
3523 3537 3624 3575 an.

2023 3605 2126 3676 geli
2154 3622 2334 3676 neque
2359 3607 2612 3664 homines
2639 3620 2734 3664 aut
2756 3620 2940 3665 mente
2973 3614 3193 3681 assequi
3236 3622 3330 3666 aut
3365 3627 3466 3681 pro
3506 3629 3616 3667 me-

2023 3697 2128 3752 rito
2159 3699 2348 3752 mirari
2381 3702 2621 3770 queant!
2659 3701 2778 3756 Non
2811 3702 3022 3756 nutavit
3059 3702 3124 3755 ad
3164 3703 3434 3758 sermonis
3467 3704 3619 3759 inso-

2019 3790 2248 3844 lentiam
2273 3808 2288 3860 ;
2315 3807 2426 3846 non
2467 3809 2588 3847 eam
2621 3793 2841 3862 impulit
2885 3793 3162 3848 dubitatio
3192 3795 3257 3848 ad
3315 3797 3618 3851 recusanda

2023 3883 2293 3952 promissa
2324 3902 2337 3950 ;
2367 3899 2474 3938 non
2505 3883 2916 3939 formidandum
2952 3885 3090 3958 ejus,
3119 3887 3212 3955 qui
3251 3901 3390 3940 nova
3434 3889 3619 3956 specie

2023 3975 2300 4042 apparuit,
2351 3985 2637 4044 aspectum
2689 3975 2940 4046 aufugit;
2973 3993 3106 4038 non,
3133 3975 3280 4045 quod
3337 3977 3618 4034 ineffabile

2025 4065 2080 4120 in
2129 4067 2390 4136 mysterio
2429 4077 2596 4133 esset,
2642 4068 2970 4136 respiciens,
3020 4070 3256 4138 praeconi
3307 4070 3463 4140 quasi
3512 4071 3618 4125 im-

2023 4159 2310 4228 possibilia
2350 4159 2627 4214 nuntianti
2676 4159 2927 4229 restitit;
2983 4178 3092 4217 non
3149 4164 3619 4233 pusillanimitatis

2026 4251 2195 4304 verba
2275 4251 2616 4320 praetendit;
2658 4253 2756 4306 scd
2835 4254 3258 4324 magnanimiter
3331 4272 3618 4312 sermones

2025 4356 2181 4410 aeque
2222 4349 2406 4396 certos
2451 4343 2684 4409 habens,
2713 4359 2780 4398 ac
2807 4345 2853 4399 si
2885 4345 2940 4399 in
2973 4361 3117 4416 opus
3144 4346 3370 4403 deducti
3407 4361 3614 4410 essent.

2025 4444 2082 4488 et
2115 4443 2371 4503 tanquam
2399 4451 2430 4488 a
2463 4436 2698 4490 Domino
2726 4437 2968 4506 prolatos
2998 4440 3299 4509 excipiens,
3328 4457 3428 4510 per
3460 4443 3620 4497 inau-

2026 4526 2197 4580 ditam
2248 4527 2396 4580 illaut
2431 4528 2761 4582 electionem
2809 4530 3125 4602 prodigium
3158 4531 3484 4588 humilitatis
3517 4535 3616 4588 hn—

2027 4632 2202 4671 manze
2230 4617 2285 4671 in
2311 4633 2368 4671 se
2397 4617 2513 4686 ipsa
2542 4617 2962 4674 demonstravit.
2983 4619 3120 4675 Nam
3147 4638 3268 4692 qua:
3293 4623 3466 4678 videri
3495 4639 3619 4692 pos-

2027 4717 2113 4764 set
2155 4708 2450 4775 haesitatio,
2481 4725 2590 4764 non
2621 4709 2690 4764 ad
2720 4711 3235 4778 contradicendum,
3261 4713 3356 4768 sed
3393 4713 3460 4768 ad
3495 4730 3616 4768 mo-

2028 4799 2161 4854 dum
2217 4800 2642 4868 sciscitandum,
2667 4810 2835 4872 atque
2887 4803 2954 4858 ad
3006 4804 3271 4858 tuendam
3317 4805 3616 4874 puritatem

2027 4895 2332 4964 spectabat.
2365 4893 2546 4961 Quare
2587 4911 2714 4951 eum
2743 4895 2950 4951 certior
2980 4897 3048 4951 de
3084 4896 3351 4952 inetfabili
3400 4898 3616 4954 ratione

2026 4998 2219 5059 partus
2266 4990 2410 5046 facta
2455 4999 2626 5056 esset,
2657 4991 2734 5046 nil
2781 5007 2914 5048 sane
2958 4993 3176 5049 distulit
3217 4992 3617 5059 ulterius;sed

2026 5091 2316 5137 mansuete
2365 5097 2530 5136 aures
2561 5085 2808 5140 sermoni
2848 5085 3122 5154 praebens,
3145 5085 3304 5140 firma
3333 5085 3462 5150 fide,
3492 5103 3616 5155 qua:

2026 5172 2374 5239 dicebantur,
2417 5188 2520 5228 ceu
2564 5190 2695 5230 vera
2744 5177 2985 5246 excepit,
3031 5193 3374 5247 quanquam,
3419 5180 3618 5234 nuntio

2025 5265 2299 5336 ejusmodi
2356 5266 2644 5337 loquente,
2693 5277 2750 5322 et
2803 5269 3226 5339 conceptionem
3275 5286 3346 5325 ex
3397 5269 3637 5340 Spiritu'

2026 5367 2218 5412 sancto
2263 5374 2572 5428 novamque
2602 5357 2721 5414 fore
2753 5359 3080 5426 afﬁrmante,
3116 5361 3290 5433 magis
3321 5370 3452 5417 tunc
3484 5379 3616 5432 pro-

2025 5464 2157 5502 num
2205 5457 2353 5504 esset
2405 5448 2785 5505 addubitando
2836 5451 2954 5506 haec
3006 5452 3181 5508 ferme
3235 5453 3613 5522 respondere:

2025 5541 2296 5606 Quidnam
2325 5541 2471 5594 istud
2501 5551 2608 5604 est,
2635 5543 2782 5610 quod
2829 5542 2975 5597 inter
3018 5543 3361 5612 loquendum
3403 5557 3618 5595 meme-

2026 5633 2242 5688 ras?ln
2288 5634 2530 5688 medium
2576 5634 2809 5690 adducis
2853 5645 3070 5706 partum
3099 5651 3130 5690 a
3172 5645 3382 5689 natura:
3418 5633 3616 5687 ordine

2025 5728 2266 5782 alienum
2297 5745 2309 5778 :
2338 5727 2510 5780 verba
2543 5726 2792 5794 cujusvis
2837 5727 3068 5780 auribus
3108 5725 3322 5783 insueta
3358 5721 3611 5793 profers:

2023 5819 2114 5874 fac
2166 5819 2411 5873 animum
2459 5819 2736 5884 advertas,
2763 5828 2819 5874 et
2851 5833 3067 5884 narres,
3090 5831 3214 5886 quae
3245 5823 3618 5870 consentanea

2025 5910 2350 5967 videantur:
2373 5919 2634 5966 converte
2657 5911 2848 5966 oculos
2875 5909 2941 5964 ad
2972 5907 3280 5979 praeteritas
3302 5903 3613 5978 generatio-
