4104 6424
467 385 573 446 6ἰ5

1763 374 2020 436 J.\ljt)ll[
2060 374 2407 436 MUNACHI

3624 383 3733 450 656

465 511 583 557 nes,
614 493 817 562 cogita,
845 508 910 545 an
949 506 1046 559 per
1090 503 1281 543 earum
1317 488 1610 543 decursum
1644 488 1927 559 quidpiam
1970 486 2047 541 si-

2155 489 2328 555 είμέν
2362 488 2606 542 τοιοῦτον
2640 492 2703 543 ἐκ
2751 491 3224 563 παραδειγμάτων
3274 493 3528 564 ἑφεὺροις
3576 510 3733 564 γεγε-

467 586 594 639 mile
618 584 821 638 factum
852 581 1018 636 fuerit
1045 600 1058 634 :
1087 581 1171 635 {ac
1200 590 1348 636 recte
1375 580 1538 644 scias,
1565 595 1631 635 an
1658 580 1848 633 saltem
1879 579 2045 633 verbo

467 687 626 732 tenus
701 673 1084 746 hujuscemodi
1159 684 1351 744 partus
1408 674 1675 728 hactenus
1731 672 2046 726 nominatus

453 754 631 823 luerit
659 789 671 821 :
707 768 789 821 lae
819 781 984 836 porro
1009 765 1344 821 sciscitando
1384 765 1642 819 addiscas
1664 782 1675 817 :
1695 773 1750 819 et
1773 763 2042 833 siquidem

460 861 639 914 allatis
663 858 928 927 exemplis
977 860 1079 913 tale
1126 858 1334 929 aliquid
1365 858 1567 913 factum
1613 858 1915 921 inveneris,
1956 858 2043 910 di-

463 952 594 1011 cito.
615 960 671 1005 et
692 952 892 1022 dignus
920 950 1013 1020 qui
1038 950 1377 1013 admittatur,
1405 966 1586 1005 sermo
1616 952 1745 1010 erit,
1773 964 1949 1018 neque
1976 948 2044 1002 de

466 1061 523 1099 re
557 1045 663 1098 erit
694 1044 1082 1114 ambigendum
1112 1061 1125 1108 ;
1166 1044 1210 1098 si
1244 1060 1375 1097 vero
1424 1042 1553 1113 quid
1589 1041 1766 1096 simile
1802 1041 2045 1096 indicare

464 1154 570 1191 non
603 1138 750 1192 vales
781 1139 982 1208 (neque
1008 1139 1152 1193 enim
1185 1137 1239 1190 id
1274 1152 1512 1205 unquam
1546 1137 1720 1189 visum
1751 1134 1880 1204 est),
1910 1133 2044 1204 quid

461 1230 665 1284 frustra
695 1246 864 1284 vanas
896 1230 1135 1285 eﬂ‘undis
1168 1229 1371 1284 voces?
1406 1227 1545 1295 Quid
1581 1228 1813 1283 invicem
1846 1228 2051 1283 discre-

462 1322 649 1391 pantia
696 1321 986 1391 loqueris?
1032 1321 1221 1375 Profer
1266 1331 1415 1375 certa
1462 1320 1634 1374 futuri
1684 1328 1917 1374 eventus
1961 1336 2049 1373 ar-

464 1422 725 1483 gumenta
754 1431 765 1477 ;
793 1412 975 1482 praebe
1005 1412 1207 1467 indicia
1243 1412 1322 1467 rei
1349 1421 1474 1481 apte
1502 1411 1916 1481 respondentia.
1937 1411 2051 1467 Un-

465 1504 662 1558 denam
714 1512 868 1559 certo
911 1505 1183 1569 noverim,
1211 1511 1262 1559 te
1311 1504 1567 1558 nuntium
1596 1503 1844 1557 veritatis
1878 1501 2045 1557 adve-

467 1596 663 1651 nisse?
703 1595 895 1667 Magna
949 1607 1099 1658 sunt,
1150 1612 1274 1666 quae
1326 1595 1677 1666 proclamas;
1726 1606 1782 1651 et
1848 1594 2048 1650 validis

2154 582 2410 651 νημὲνον,
2470 583 2613 645 είπὲ,
2669 583 2763 635 καὶ
2820 585 2847 635 ὀ
2905 583 3063 653 λόγος
3126 586 3484 653 ἀποδεκτέος,
3540 589 3736 641 καὶτὸ

2155 675 2390 743 πρᾶγμα
2416 674 2517 727 οὐκ
2549 673 2854 744 ἀμφίϐολον
2872 691 2887 706 ·
2916 678 2966 729 εἰ
2998 677 3055 730 δὲ
3078 678 3139 730 τὸ
3180 677 3294 730 ἴσον
3324 679 3426 731 οὐκ
3448 678 3595 749 ἔχεις
3616 682 3733 732 ἐπι·

2153 766 2347 831 δεῖξαι,
2381 767 2503 819 οὐδὲ
2539 768 2648 837 γὰρ
2681 766 2843 840 ὤφθη
2878 769 3033 833 ποτὲ,
3067 770 3122 823 τί
3153 772 3337 841 μάτην
3364 774 3734 839 κενοφωνεῖςς

2156 859 2218 910 ΤΞ
2248 861 2315 911 τὰ
2338 859 2632 930 ἁσὺμδατα
2664 862 3063 929 καταγγέλλεις
3089 879 3103 928 ;
3139 863 3273 916 Εἰπὲ
3311 863 3409 917 τοῦ
3455 863 3738 931 ἀποϐησοο

2156 951 2319 1021 μένον
2360 954 2639 1025 τεκμήρια
2660 969 2674 984 ’
2707 952 2797 1016 δὺς
2828 955 3057 1024 σημείου
3084 955 3469 1026 παραπλήσια.
3502 956 3661 1010 Κατὰ
3682 956 3735 1007 τί

2153 1043 2459 1114 γνώσομαι,
2491 1045 2573 1098 ὅτι
2619 1046 2866 1117 μηνυτὴς
2897 1047 3159 1116 ἀληθείας
3214 1047 3525 1118 ὲλήλυθαςς
3575 1048 3737 1116 Μέγα

2152 1136 2214 1188 τὸ
2237 1136 2325 1190 διὰ
2357 1135 2449 1189 σοῦ
2484 1138 2925 1209 κηρυττόμενονο
2958 1139 3156 1193 οὐκοῦν
3188 1143 3285 1193 καὶ
3328 1140 3583 1211 μεγάλων
3624 1140 3732 1193 δεῖ·

2147 1244 2238 1280 ται
2275 1226 2383 1279 τῶν
2432 1229 2775 1299 τεκμηρίων,
2808 1230 3168 1299 καταλλήλων
3204 1230 3312 1284 τῶν
3345 1231 3737 1301 παραδειγμά-

2149 1337 2278 1373 των.
2313 1320 2387 1372 Οὐ
2423 1319 2530 1392 χρὴ
2571 1322 2672 1391 τὴν
2700 1320 2876 1391 ἀκοὴν
2910 1322 3038 1392 εικῆ
3083 1323 3483 1391 φενακίσαντα,
3511 1323 3737 1378 ἀκινδύ-

2148 1429 2255 1475 νως
2289 1414 2344 1464 ὲν
2382 1412 2559 1486 ταύτῃ
2590 1415 2716 1478 τοὺς
2760 1415 3036 1479 τοιούτους
3059 1415 3469 1482 ὲγκαταθέσθιι
3512 1415 3735 1483 λόγουςο

2148 1504 2227 1558 δεῖ
2256 1522 2379 1557 τινα
2409 1506 2546 1577 πρὸς
2582 1505 2879 1576 βεϐαίωσιν
2910 1506 3005 1561 τοῦ
3043 1508 3206 1576 λόγου
3240 1510 3611 1579 παραγαγεῖν,
3652 1508 3740 1561 ἵνα

2146 1595 2215 1648 τὰ
2245 1595 2348 1665 τῆς
2380 1596 2619 1661 πίστεως
2650 1598 2711 1650 τὸ
2736 1598 2978 1668 ἀσφαλὲς
2997 1598 3132 1663 ἔξει.

463 1691 633 1763 igitur
674 1691 1038 1762 argumentis,
1070 1699 1128 1745 et
1174 1691 1564 1745 consentaneis
1614 1690 1882 1760 exemplis
1908 1704 2049 1760 opus
2088 1689 2316 1745 habent.
2379 1691 2498 1745 Non
2551 1692 2711 1748 decet
2745 1703 2953 1749 temere
3005 1694 3233 1749 auribus
3306 1694 3556 1759 illudere,
3589 1693 3741 1764 ejus-

463 1786 610 1841 tnodi
642 1802 923 1842 sermones
954 1788 1021 1841 iis
1045 1787 1182 1842 citra
1210 1786 1645 1842 controversiam
1692 1786 2068 1857 imponendo:
2113 1794 2173 1841 ut
2222 1787 2340 1842 sine
2412 1788 2661 1857 periculo
2695 1803 2881 1844 sermo
2914 1787 3077 1845 [idem
3131 1788 3400 1855 inveniat,
3429 1799 3644 1859 oportet
3681 1797 3741 1841 ut

463 1879 529 1934 ad
562 1895 687 1934 eum
717 1880 1155 1936 conﬁrmandum
1191 1880 1473 1952 quidpiam
1508 1880 1861 1952 adiungatur.

534 1977 736 2031 Verum
772 1978 910 2032 nihil
962 1978 1235 2048 ejusmodi
1287 1978 1655 2034 illibatissima
1700 1979 1789 2034 illa
1826 1980 2049 2051 objecit.
2088 1988 2127 2040 Β

466 2072 599 2127 Nam
652 2073 755 2126 lidc
803 2072 1068 2127 ineﬂ'ahili
1111 2071 1186 2135 id,
1232 2072 1380 2142 quod
1435 2072 1541 2126 sibi
1594 2071 2050 2132 annuntiabatur.

463 2165 783 2229 admittens,
832 2179 941 2218 non
992 2180 1151 2219 secus
1189 2163 1329 2219 acvsi
1361 2165 1467 2235 iam
1502 2180 1669 2234 opere
1718 2164 2051 2231 completum

464 2266 632 2322 esset,
667 2272 765 2325 pro
810 2265 963 2311 certo
1016 2255 1210 2310 habuit
1240 2272 1253 2321 ;
1280 2272 1344 2310 ac
1380 2265 1673 2327 propterea
1724 2256 2049 2325 respondit:

469 2347 603 2400 Ecce
652 2346 855 2401 ancilla
895 2346 1126 2412 Domini,
1160 2347 1258 2415 ﬁat
1307 2348 1438 2400 mihi
1493 2348 1783 2401 secundum
1840 2348 2052 2401 verbum

467 2451 651 2505 tuum;
674 2457 736 2495 ac
767 2441 812 2495 si
844 2440 1051 2495 diceret
1079 2457 1093 2494 :
1126 2449 1180 2494 tu
1212 2441 1436 2510 quidem
1470 2440 1842 2494 ministerium
1899 2449 2051 2494 tuum

470 2531 538 2585 ad
573 2530 987 2601 exsequendum
1020 2533 1338 2601 mysterium
1370 2530 1655 2601 explevisti
1691 2548 1704 2584 :
1737 2546 1838 2601 ego
1868 2542 2050 2586 autem

467 2633 720 2693 prompta
778 2624 1062 2678 voluntate
1107 2632 1272 2692 atque
1310 2622 1497 2676 animo
1546 2621 1887 2692 obsequente
1946 2606 2048 2691 ipsi

463 2715 740 2769 deservire
770 2730 890 2769 sum
921 2713 1289 2783 paratissima.

534 2804 675 2858 XXI.
704 2805 998 2874 Postquam
1030 2812 1214 2858 autem
1257 2818 1358 2856 suo
1387 2802 1533 2856 circa
1573 2802 1894 2873 mysterium
1931 2819 2050 2856 tnu-

462 2910 593 2950 nerc
631 2910 884 2965 superna:
922 2894 1131 2949 militiae
1166 2894 1364 2948 ductor
1422 2893 1747 2965 perfunctus
1794 2902 1898 2959 est,
1932 2910 2048 2964 my-

462 2987 772 3056 sticumquc
807 2980 1078 3041 cnn'cinne
1113 2986 1411 3040 thalamum
1456 2986 1806 3055 prteparavit,
1836 2987 1902 3039 ad
1937 3002 2049 3042 eoe-

464 3080 633 3134 lestes
688 3079 887 3133 choros
948 3093 1212 3133 reversus
1266 3087 1371 3133 est.
1424 3076 1728 3148 Propterea
1784 3076 2052 3130 divinitus

462 3168 677 3223 alllatus
735 3168 1085 3239 Evangelista
1147 3168 1325 3237 inquit
1373 3186 1385 3221 :
1435 3168 1499 3220 lit
1572 3168 1806 3221 άὲςτρδεὶι
1861 3168 1923 3221 ab
1988 3185 2049 3223 ea

463 3261 686 3332 angelus
706 3262 773 3315 δ’.
1780 3250 1791 3259 ’

2245 1976 2387 2029 Ἀλλ’
2421 1975 2576 2027 οὐδὲν
2618 1975 2862 2028 τοιοῦτον
2899 1978 2930 2046 ἡ
2970 1980 3358 2047 πανακηρατος
3401 1977 3738 2046 προέτεινε-δ.

2170 2068 2387 2136 ’Λςρατῳ
2421 2067 2534 2134 γὰρ
2565 2067 2625 2118 τὸ
2685 2065 2926 2135 μηνυθὲν
2975 2064 3245 2135 δεξαμένη
3278 2066 3484 2128 πίστει,
3531 2066 3605 2127 ὠς
3634 2066 3740 2134 ἤδη

2157 2158 2599 2229 πεπληρωμένον
2657 2156 2821 2209 τοῦτο
2907 2157 3169 2227 κατέσχε·
3224 2155 3305 2208 διὸ
3368 2155 3461 2209 καὶ
3506 2154 3735 2223 ἔλεγεν·

2170 2251 2314 2307 Ἰδοὺ
2340 2251 2377 2318 ἢ
2412 2250 2605 2319 δούλη
2631 2235 2875 2318 Κὺρίου,
2902 2249 3136 2319 γένοιτό
3168 2266 3271 2319 μοι
3301 2252 3453 2303 κατὰ
3486 2248 3553 2304 τὸ
3571 2247 3742 2318 ῥῆμά

2155 2361 2271 2398 σου
2296 2360 2310 2376 ο
2345 2344 2408 2395 σὺ
2447 2342 2567 2413 μὲν,
2602 2344 2792 2412 φησὶν,
2823 2343 2925 2414 τὴν
2957 2340 3051 2396 τοῦ
3100 2341 3408 2412 μυστηρίου
3460 2340 3741 2396 διακονίαν

2155 2437 2409 2500 ὲτέλεσας
2431 2453 2445 2468 ο
2480 2436 2591 2503 ἐγὼ
2617 2435 2672 2488 δὲ
2704 2435 3216 2506 παρασκευασμένῃ
3252 2431 3447 2505 γνώμῃ
3483 2433 3580 2487 καὶ
3610 2420 3735 2488 συν-

2155 2531 2437 2602 τεταμένη
2456 2530 2607 2600 ψυχῇ
2642 2529 2899 2583 ὑπείκειν
2927 2528 3104 2599 τούτῳ
3136 2528 3488 2598 ὲτοιμοτέρα.

2227 2790 2355 2844 KA'.
2404 2791 2619 2862 Ἐπειδὴ
2664 2791 2721 2844 δὲ
2766 2791 2863 2863 τὴν
2893 2791 2987 2845 τοῦ
3041 2793 3347 2866 μυστηρίου
3392 2794 3671 2850 διακονίαν
3712 2797 3749 2861 δ

2155 2883 2594 2954 ἀρχιστράτηγος
2627 2882 2865 2947 ἐτέλεσε,
2891 2884 2983 2936 καὶ
3011 2885 3109 2953 τὴν
3144 2885 3414 2957 μυστικὴν
3443 2888 3741 2956 κατήρτισι

2156 2979 2423 3044 παστάδα,
2457 2979 2593 3049 πρὸς
2618 2981 2717 3041 τὰς
2747 2978 3035 3049 οὐρανίους
3065 2979 3175 3031 ῑετο
3197 2979 3439 3050 χορείας.
3464 2979 3554 3032 Διό
3576 2994 3740 3047 φησιν

2154 3072 2180 3123 6
2213 3068 2502 3135 Θεσπέσιος
2526 3069 2923 3141 εὐαγγελιστής
2948 3086 2965 3104 ο
2989 3070 3101 3127 Kal
3121 3071 3400 3139 ἀπῆλθεν
3421 3070 3521 3125 ἀπ’
3550 3068 3743 3138 αὐτῆς

2155 3160 2186 3211 ό
2215 3158 2489 3228 ἅγγελος.

535 3353 607 3407 At
640 3367 774 3408 vero
821 3369 930 3423 qua
970 3352 1039 3406 de
1098 3366 1263 3407 causa
1315 3350 1628 3421 archangeli
1678 3350 1742 3405 ad
1794 3366 1913 3405 eam
1964 3352 2046 3405 in-

2226 3337 2383 3400 Τίνος
2415 3336 2471 3389 δὲ
2517 3336 2675 3405 χάριν
2707 3335 2911 3389 εἴσοδον
2943 3335 3043 3405 τὴν
3072 3334 3167 3389 τοῦ
3198 3334 3545 3406 ἀρχαγγέλου
3571 3352 3743 3407 προσ-

462 3459 710 3516 gressum
765 3443 1170 3515 signiﬁcantius
1218 3444 1488 3512 expressit
1516 3444 1537 3495 ?
1566 3442 1697 3497 dicit
1730 3444 1877 3497 enim
1915 3443 2047 3498 :In-

461 3552 667 3607 gressus
692 3537 911 3603 angelus
939 3536 1009 3588 ad
1043 3551 1162 3588 eam
1192 3534 1323 3587 dixit
1356 3533 1396 3566 ⁵ο
1428 3551 1440 3586 :
1473 3533 1560 3588 hic
1591 3548 1722 3588 vero
1767 3550 2045 3590 recessum

461 3628 579 3682 solo
606 3625 799 3691 verbo,
832 3627 1083 3690 discessit,
1109 3624 1871 3680 indicavit?Consentaneum
1897 3626 2045 3679 enim

460 3728 597 3781 crat,
627 3727 687 3772 ut
712 3732 836 3772 cum
868 3719 1174 3791 ingressum
1205 3728 1504 3780 narrasset,
1534 3733 1794 3788 egressus
1825 3734 2046 3788 quoque

462 3811 798 3866 mentionem
826 3810 1052 3865 faceret.
1071 3809 1184 3866 Cur
1215 3809 1385 3881 igitur
1410 3809 1621 3864 dictum
1649 3819 1753 3874 est,
1773 3812 2002 3865 discessit
2026 3812 2047 3863 ?

460 3904 911 3976 Sapientissimus
948 3918 1146 3973 nempe
1184 3902 1361 3957 Lucas
1398 3902 1567 3958 verba
1616 3904 1694 3958 rei
1733 3919 2047 3959 accommo-

459 3998 585 4053 data
634 3998 809 4052 voluit
849 3996 1137 4051 adhibere.
1162 3997 1299 4051 Nam
1350 3996 1608 4066 princeps
1652 3996 1885 4063 militiae,
1918 4013 2045 4053 cum

460 4091 698 4160 primum
755 4089 1029 4152 introivit,
1081 4088 1156 4141 ita
1215 4087 1575 4157 semetipsum
1628 4089 1960 4159 composuit,
1986 4098 2048 4144 ut

462 4183 806 4254 ingrediendi
855 4183 1100 4243 modum,
1126 4183 1219 4251 qui
1257 4191 1558 4237 consuetus
1585 4192 1668 4237 est
1702 4182 2042 4251 hominibus,

461 4275 794 4339 imitaretur,
824 4289 892 4328 ne
939 4274 1406 4328 vehementiorem
1456 4273 1673 4328 scilicet
1719 4274 2044 4344 trepidatio-

460 4381 587 4421 nem
620 4369 911 4419 incuteret.
946 4364 1050 4420 Ubi
1089 4379 1220 4420 vero
1250 4364 1432 4418 omnia
1462 4365 1528 4418 ad
1559 4365 1721 4419 linem
1755 4367 2043 4435 perducta,

458 4456 819 4526 animumque
876 4455 1116 4525 Virginis
1186 4456 1503 4521 sublimius,
1557 4472 1719 4531 quam
1778 4459 2046 4514 naturalis

458 4550 703 4605 conditio
738 4550 899 4613 ferat,
927 4550 1202 4603 elevatum
1240 4548 1554 4617 conspexit,
1591 4550 1868 4619 prepriam
1906 4549 2043 4605 sibi-

2153 3434 2307 3484 εἶπεν
2355 3430 2688 3499 stipaverant;
2729 3429 3037 3496 Εζσελθὼν
3086 3429 3217 3502 γὰρ.
3256 3432 3412 3498 φησι,
3455 3430 3605 3496 πρὸς
3632 3432 3742 3485 αὖ·

2152 3522 2285 3590 τὴν,
2334 3521 2538 3575 εἶπεν·
2588 3520 2821 3575 ίνταῦῦα
2857 3521 2913 3574 δὲ
2967 3520 3063 3592 τὴν
3115 3523 3320 3591 ἄφιξιν,
3380 3522 3458 3595 τῷ
3505 3521 3743 3591 ἀπῆλθε

2150 3615 2444 3685 διεσήμανε
2494 3615 2743 3685 ρήματις
2784 3613 3102 3668 ’Λκόλουθον
3149 3615 3256 3684 γὰρ
3298 3609 3367 3687 ἦν
3412 3615 3502 3667 τὸν
3536 3615 3741 3668 εἴσοδον

2152 3708 2437 3776 εἰρηκότα,
2468 3708 2563 3759 καὶ
2603 3706 2782 3770 ἐξόδου
2821 3706 3149 3777 μεμνῆσθαι.
3193 3706 3290 3759 Διά
3331 3707 3383 3759 τί
3416 3703 3510 3759 οὖν
3537 3707 3739 3778 ἐρρέθη

2150 3798 2209 3850 τὸ
2247 3794 2526 3864 (infulis;
2569 3795 2977 3866 Συμὸαίνοντας
3012 3799 3124 3858 τοῖς
3170 3797 3465 3867 πράγμασι
3497 3796 3622 3860 τοὺς
3653 3796 3740 3848 λό-

2150 3907 2280 3957 γους
2318 3892 2346 3943 δ
2393 3889 2706 3957 σοφώτατος
2763 3887 3067 3940 διετύπωσε
3113 3888 3351 3950 Λουκᾶς.
3410 3886 3566 3940 Οὕτω
3626 3886 3735 3956 γὰρ

2150 3980 2343 4034 ἑαυτὸν
2393 3980 2633 4033 εἰσιόντα
2686 3980 2954 4050 πρότερον
3006 3981 3034 4033 δ
3089 3980 3529 4051 ἀρχιστράτηγος
3572 3980 3736 4050 ἐσχη-

2153 4074 2403 4144 μάτισεν,
2440 4073 2517 4136 ὡς
2544 4073 2609 4126 ἂν
2645 4072 3040 4143 παραπλησίαν
3071 4072 3397 4143 ποιούμενος
3427 4072 3737 4145 ἀνθρώποις

2149 4164 2246 4235 τὴν
2273 4164 2501 4228 εἴσοδον,
2535 4165 2609 4235 μὴ
2635 4165 3003 4237 σφοδροτέραν
3041 4166 3320 4236 ἐμποιήςῃ
3347 4164 3443 4236 τὴν
3472 4165 3731 4235 ἀγωνίαν.

2162 4255 2382 4327 Ἐπειδὴ
2425 4257 2481 4310 δὲ
2516 4257 2576 4309 τὸ
2608 4258 2719 4309 πᾶν
2758 4259 3170 4328 ἀπηρτισμένον
3219 4258 3457 4321 κατεῖδε,
3500 4258 3595 4311 καὶ
3639 4256 3737 4326 τὴν

2149 4349 2249 4418 τῆς
2293 4349 2575 4417 Παρθένου
2635 4348 2876 4403 διάνοιαν
2930 4349 3272 4420 ὑψηλοτέραν
3334 4350 3435 4417 τῆς
3494 4349 3737 4417 φυσικῆς

2149 4441 2473 4504 ἀκολουθίας
2502 4443 2900 4510 γεγενημένην,
2924 4442 3024 4513 τὴν
3045 4442 3252 4495 οἰκείαν
3282 4443 3374 4496 καὶ
3399 4441 3739 4511 κατάλληλον

2149 4534 2300 4602 αὐτῷ
2335 4533 2772 4604 παρεγύμνωσεν
2814 4533 3116 4604 ἐνέργειαν.
3154 4533 3245 4586 Διὸ
3289 4535 3353 4586 ἐκ
3391 4535 3500 4585 τῶν
3532 4531 3739 4601 ταύτης

457 4659 563 4711 que
604 4653 1028 4697 consentaneum
1073 4645 1335 4697 virtutem
1381 4652 1571 4709 aperte
1606 4642 1871 4697 exseruit.
1908 4644 2044 4699 Pro-

2151 4626 2402 4688 ἀποπτάς
2441 4625 2758 4695 ὀφθαλμῶν,
2804 4625 2880 4695 τῷ
2939 4626 3339 4695 μετεωροπόρῳ
3378 4626 3477 4693 τῆς
3520 4624 3737 4692 φύσεως

2160 4717 2312 4734 ,.,.
2466 4719 2477 4733 .
2568 4717 2684 4734 ..ς
2817 4733 2824 4734 ,
2963 4716 2975 4731 ο
3149 4715 3711 4734 μΑιηνργνικ

458 4733 586 4786 inde
610 4733 834 4787 avolans
859 4732 927 4786 ab
953 4732 1101 4786 illius
1114 4732 1293 4785 oculis
1314 4733 1368 4784 in
1386 4742 1512 4786 aera
1537 4747 1637 4802 pro
1657 4741 1850 4787 natura
1872 4749 1968 4789 sua
1987 4749 2044 4790 se

457 4824 674 4886 extulit,
704 4834 759 4878 et
809 4826 860 4877 in
921 4823 1091 4878 eteius
1143 4838 1401 4878 reversus
1457 4833 1559 4890 est,
1586 4840 1653 4879 eo
1700 4824 1840 4894 ipso,
1865 4826 2044 4895 qualis

460 4918 574 4985 ipse
625 4915 785 4980 foret,
829 4915 1241 4980 demonstrans,
1292 4924 1348 4969 et
1405 4913 1505 4980 illi,
1542 4931 1663 4985 qua:
1705 4916 2045 4972 consistebat

460 5014 701 5076 inmota,
734 5010 1030 5064 ﬁrmiorem
1059 5009 1422 5063 constantiam
1457 5010 1685 5063 addens.

530 5104 696 5157 ΧΧΗ.
726 5102 770 5158 0
800 5103 1018 5157 Gabriel
1045 5103 1057 5156 l
1097 5117 1262 5172 quam
1292 5105 1495 5157 bonum
1528 5103 1709 5170 nobis,
1738 5122 1770 5159 ο
1795 5105 2037 5169 Gabriel,

459 5213 623 5267 quam
658 5198 863 5250 bonum
898 5197 1155 5250 nuntium
1194 5204 1289 5248 tuo
1333 5194 1573 5249 adventu
1622 5197 1787 5251 achrs
1818 5198 1831 5249 ι
1865 5196 2038 5262 Quam

457 5288 657 5343 eximia
726 5288 994 5342 beneficia
1056 5286 1385 5340 denuntiare
1440 5287 1695 5340 venisti!
1764 5286 2040 5353 Quantum

458 5380 741 5447 gaudium,
775 5379 994 5449 qualem
1034 5378 1278 5432 laetitiam
1307 5380 1319 5430 ί
1372 5378 1472 5432 Abi
1502 5377 1756 5443 feliciter,
1790 5380 2039 5450 splendi-

458 5475 719 5528 dissimus
741 5473 925 5543 gaudii
956 5470 1127 5524 nostri
1160 5486 1368 5541 auspex
1392 5511 1405 5528 .
1426 5470 1749 5526 'Imtissimus
1791 5474 2037 5544 mysterii

458 5579 660 5634 praeco,
698 5564 1009 5618 communis
1064 5562 1273 5631 legatus
1315 5558 1532 5626 laetitiae,
1565 5577 1895 5617 arcanorum
1930 5565 2035 5618 ini-

458 5657 643 5719 tiatur,
677 5654 1106 5726 dispensationis
1135 5652 1402 5709 minister.
1441 5653 1565 5719 Abi,
1591 5658 1855 5711 annuntia
1882 5660 2032 5714 emlis

528 5837 573 5869 "
624 5838 757 5894 Luc.
784 5854 821 5907 ι,
853 5837 944 5891 '58.
1022 5837 1068 5871 ιθ
1116 5836 1248 5892 Luc.
1287 5851 1324 5901 ι,
1357 5836 1426 5892 σε

2150 4719 2231 4778 είς
2260 4717 2523 4785 οὐρανοὺς
2557 4717 2853 4787 ἀνέδραμε,
2885 4716 3061 4786 τούτῳ
3107 4716 3206 4786 μὲν
3234 4715 3296 4769 τὸ
3338 4715 3467 4768 [διον
3496 4715 3734 4777 δεικνὺς,

2150 4807 2505 4877 βεϐαιοτέραν
2532 4808 2586 4861 δὲ
2614 4809 2885 4865 καθιστῶν
2916 4809 3012 4881 τὴν
3037 4810 3331 4881 ἱδρυμένην
3360 4808 3733 4880 ἀμεταθέτωέ.

2220 5103 2344 5155 KB‘.
2388 5097 2457 5151 Ὦ
2491 5101 2769 5169 memet!
2807 5094 2917 5151 οἷον
2962 5099 3110 5166 ημῖν,
3157 5097 3419 5167 Γαϐριὴλ,
3450 5114 3478 5150 ο
3506 5114 3565 5149 ον
3602 5081 3734 5164 ἡμιί

2141 5195 2297 5262 ἥκεις
2356 5193 2598 5262 κομίζων
2645 5193 2704 5243 τὸ
2767 5190 3084 5258 εὐαγγέλιον
3128 5191 3139 5241 l
3205 5189 3336 5250 Οἵας
3388 5188 3589 5259 ηλυῦας
3635 5190 3734 5250 τὰς

2143 5284 2464 5356 εὐεργεσίας
2492 5287 2547 5336 ὲτ
2566 5283 2985 5353 αγγελλόμενοςῑ
3033 5285 3165 5349 ὅσην
3188 5282 3285 5348 τὴν
3314 5281 3508 5351 χαρὰν,
3538 5280 3734 5351 ἡλίκην

2141 5381 2239 5449 τὴν
2280 5378 2665 5449 εὐφροσύνηνι
2709 5376 2897 5428 ’Λπιοι
2938 5374 3140 5436 καλῶς,
3179 5375 3204 5425 ὁ
3236 5371 3335 5440 τῆς
3363 5372 3520 5441 ἡμῶν
3557 5375 3734 5441 χαρᾶς

2144 5472 2501 5543 ςανδρότατος
2549 5469 2971 5539 λαμπαδοῦχος,
3031 5468 3059 5518 ὁ
3109 5464 3594 5536 χαρμονικώτατος
3636 5464 3733 5516 τοῦ

2148 5564 2454 5636 μυστηρίου
2483 5563 2677 5635 κηρυξ,
2702 5564 2729 5615 ὁ
2754 5562 2851 5629 τῆς
2882 5559 3065 5628 κοινῆς
3095 5556 3435 5628 εὐφροσύνης
3462 5556 3731 5616 διάκονος.

2143 5661 2170 5711 ὁ
2212 5658 2421 5728 μύστης
2463 5658 2573 5710 τῶν
2630 5656 2980 5724 ἀπορρήτων,
3032 5652 3060 5701 ὁ
3113 5652 3211 5720 τῆς
3266 5648 3579 5719 οίκονομίας
3619 5643 3732 5699 λει-
