4104 6466
372 521 473 576 Iib‘l

1115 519 1395 576 OliA'l'iO
1436 520 1515 577 ΙΝ
1558 518 2254 580 ANNUNTIATIONEM
2284 521 2389 581 SS.
2430 522 2797 582 DEIPAILE.

3530 528 3635 591 638

371 623 621 694 τουργός.
670 625 797 690 Ἴθι,
844 628 957 688 τοῖς
999 627 1275 693 οὐρανίοις
1325 630 1664 701 ἀπάγγειλον
1714 634 1810 705 τὴν
1859 634 1953 687 τοῦ

2071 633 2185 690 coeli
2212 635 2387 691 nostri
2431 635 2656 706 gloriam
2691 654 2704 689 :
2753 635 2863 703 abi,
2904 651 3101 692 enarra
3144 636 3481 695 tabernaculi
3523 657 3641 697 am-

374 716 648 783 ἠμετέρου
671 715 905 784 οὐρανοῦ
928 717 1086 781 δόξαν
1112 734 1125 747 ·
1156 718 1251 785 ἷθι,
1280 719 1347 774 τὰ
1375 719 1477 790 τῆς
1501 721 1846 792 εὐρυχωροτέ
1856 739 1956 792 ρας

375 810 469 860 καί
497 808 832 876 τιμιωτέρας
862 808 1040 861 αὐτῶν
1078 809 1335 881 διήγησαι
1379 812 1588 881 σκηνῆς
1634 813 1915 881 παράδοξα
1940 835 1953 847 ·

371 898 498 952 εἰπὲ
525 900 647 962 ταῖς
692 899 808 954 ἀνω
853 904 1157 971 στρατιαῖς,
1204 904 1373 974 ὅνπερ
1420 906 1478 959 ἐν
1530 906 1668 977 αὐτῇ
1710 907 1957 971 κατεῖδες

372 991 644 1045 πλοῦτονο
694 993 928 1060 λάλησον
977 994 1201 1064 Θρόνοις
1244 997 1339 1050 καὶ
1391 997 1690 1070 Κυριότησι
1744 1001 1805 1053 τὸ
1857 1002 1957 1070 τῆς

372 1082 666 1155 βασιλικῆς
694 1084 964 1155 καθέδρας
1007 1085 1326 1157 ὑπέρτιμον,
1363 1089 1425 1141 τὸ
1468 1089 1695 1161 πύρινον
1729 1094 1827 1162 τῆς
1862 1091 1955 1144 τοῦ

370 1174 531 1241 λόγου
566 1175 897 1246 σαρκώσεως
924 1177 1131 1248 ὄχημα,
1173 1178 1271 1249 τὴν
1310 1180 1699 1249 πολυόμματον
1722 1181 1815 1234 τοῦ
1847 1201 1954 1252 μυ-

372 1264 598 1333 στηρίου
622 1265 901 1336 διόπτραν,
926 1269 1025 1337 τὴν
1056 1267 1371 1337 πολύφωτον
1400 1271 1669 1336 παστάδα,
1697 1273 1764 1344 ἢν
1788 1274 1954 1343 ὲνυμ⁴

372 1355 720 1421 φοπτὸλισας,
763 1359 828 1426 ἦν
867 1359 1259 1422 κατεποίκιλας
1292 1361 1369 1430 τῷ
1412 1362 1748 1433 κηρύγματι,
1794 1360 1862 1438 ἧς
1888 1366 1957 1419 τὰ

282 1450 285 1451 ⁷
373 1445 519 1516 ὑπὲρ
563 1446 725 1514 φύσιν
758 1448 1078 1519 ἐθαύμασας
1131 1452 1306 1506 καλά’
1354 1454 1595 1523 μήνυσον
1639 1458 1824 1520 αὐτοῖς
1855 1458 1955 1528 τὴν

371 1538 782 1606 ἀνερμήνευτον
819 1541 913 1594 τοῦ
945 1542 1184 1596 Κτίστου
1232 1545 1481 1615 Μητέρα,
1521 1547 1621 1617 τὴν
1648 1549 1747 1611 τὰς
1775 1549 1957 1603 αὐτῶν

370 1627 811 1698 ὑπερδαίνουσαν
840 1633 1077 1701 νοήσεις,
1107 1634 1208 1705 τὴν
1242 1637 1732 1708 καταπλήττουσαν
1761 1639 1956 1704 αὐτοὺς

373 1721 435 1769 ἐν
467 1718 544 1788 τῷ
576 1719 721 1790 τόκῳ
739 1737 752 1751 ο
776 1722 1052 1792 τράνωσον
1078 1727 1146 1777 τά
1178 1725 1379 1798 ταύτης
1404 1730 1690 1799 μεγαλεῖα,
1718 1733 1955 1801 κήρυξον

371 1805 474 1876 τὴν
501 1807 656 1877 ἡμῶν
684 1808 753 1862 δι’
791 1811 964 1881 αὐτῆς
1001 1814 1321 1885 ἀνάκλησιν,
1367 1819 1466 1887 τὴν
1500 1819 1657 1890 ξένην
1685 1822 1956 1875 καταλλαο

371 1899 500 1967 γὴν,
531 1901 630 1967 τὴν
655 1899 945 1971 σύμφωνον
979 1906 1161 1970 αὐτοῖς
1189 1908 1668 1981 κροτηθησομένην
1695 1919 1914 1985 χορείαν
1935 1930 1951 1945 ο

2058 727 2255 798 plioris
2288 728 2423 797 ipsis
2457 745 2520 783 ac
2553 729 2900 800 pretiosioris
2926 739 3181 801 portenta
3210 750 3223 786 :
3258 749 3396 802 quas
3436 734 3490 787 in
3525 735 3645 805 ipso

2061 817 2283 874 divitias
2328 821 2666 889 suspexeris,
2721 821 2889 876 dicito
2940 822 3196 891 supernis
3250 824 3639 880 exercitibus:

2062 911 2269 978 revela,
2299 912 2512 981 explica
2543 910 2786 967 Thronis
2819 922 2875 968 et
2902 913 3382 969 Dominationihus
3404 916 3644 971 celsissi-

2061 1019 2180 1058 mos
2236 1003 2371 1073 regii
2425 1003 2607 1059 throni
2641 1005 2902 1070 honores,
2958 1006 3190 1075 ignitum
3246 1008 3643 1061 incarnationis

2060 1091 2222 1146 Verbi
2243 1108 2487 1157 currum,
2503 1094 2861 1149 multoculum
2880 1095 3124 1165 mysterii
3145 1097 3451 1165 speculum,
3473 1097 3645 1150 thala-

2059 1199 2209 1238 mum
2246 1184 2700 1251 nitentissimum,
2731 1201 2894 1254 quem
2919 1186 2987 1239 ad
3024 1185 3300 1255 Sponsum
3334 1190 3641 1257 suscipien-

2066 1276 2199 1330 dum
2250 1276 2593 1346 prmparasti,
2639 1292 2803 1346 quem
2854 1278 3132 1350 praeconio
3178 1287 3275 1332 tuo
3334 1280 3637 1337 exornaSti.

2061 1368 2221 1436 cujus
2247 1367 2761 1437 praetergredientes
2791 1375 3048 1421 naturam
3104 1367 3495 1435 prmrogativas
3540 1364 3640 1420 oh-

2061 1455 2359 1524 stupuisti:
2389 1471 2551 1509 narra
2589 1455 2697 1510 illis
2722 1455 2791 1510 de
2824 1456 3088 1510 ineﬂ‘abili
3115 1454 3397 1512 Creatoris
3446 1455 3639 1518 Matre,

2059 1562 2181 1616 qua:
2207 1546 2601 1616 intelligentias
2629 1562 2822 1603 eorum
2871 1558 3185 1618 exsuperat,
3215 1565 3335 1617 qnat
3354 1559 3511 1618 partu
3542 1564 3643 1602 sun

2057 1652 2115 1696 ct
2149 1641 2298 1710 ipsos
2337 1648 2564 1708 stupore
2589 1639 2876 1709 percellit:
2911 1639 3130 1693 deelara
3166 1640 3328 1710 hujus
3352 1640 3640 1710 tnugnaiiu,

2058 1733 2340 1802 proclama
2372 1741 2641 1797 nostram,
2683 1732 2799 1800 ipsa
2835 1731 3181 1796 mediatrice,
3218 1733 3643 1802 reparationem,

2060 1824 2507 1893 insperatumque
2548 1822 3091 1881 reconciliationem.
3133 1830 3189 1896 et
3222 1822 3476 1874 ehoream
3517 1836 3647 1873 cun-

2057 1926 2195 1965 sono
2224 1926 2347 1966 cum
2386 1911 2521 1982 ipsis
2556 1912 2750 1981 plausu
2779 1911 3233 1966 instaurandam:
3286 1911 3570 1981 eloquere,
3614 1927 3648 1964 o

371 1989 519 2054 είπὲ,
553 1991 767 2046 ποθεινὲ
798 1996 891 2047 καὶ
930 1997 1027 2066 τῆς
1060 1999 1218 2069 ἡμῶν
1244 2003 1416 2071 χαρᾶς
1449 2003 1696 2071 κοινωνὲ,
1729 2005 1785 2058 ἐν
1814 2006 1953 2058 τίσιν

2071 2000 2263 2056 dilecte
2304 2017 2368 2056 ac
2406 2001 2583 2055 nostri
2639 2001 2822 2071 gaudii
2858 2016 3109 2067 consors,
3167 2000 3501 2071 quibusnam
3552 2015 3649 2054 eos

374 2080 577 2145 αὐτοὺς
606 2083 1060 2155 πλεονεκτοῦμεν,
1090 2093 1149 2143 ὲν
1179 2091 1283 2145 τίνι
1314 2090 1413 2164 τήν
1436 2093 1570 2162 προς
1590 2094 1784 2159 αὐτοὺς
1810 2101 1955 2168 ποιρο

373 2173 574 2242 ρησίαν
604 2176 945 2248 ἐσχήκαμεν,
979 2182 1037 2234 ὲν
1074 2181 1182 2234 τίνι
1226 2185 1637 2254 σεμνυνόμενοι,
1672 2187 1951 2256 ἐγκαλλω-

373 2265 649 2333 πιζὸμεθα
678 2280 693 2298 ⁸
725 2269 981 2338 κήρυξον,
1033 2274 1214 2326 ὁποῖον
1255 2274 1625 2346 ήνθοιρόρησεν
1670 2279 1702 2348 ἡ
1742 2278 1956 2349 ἀνθρω-

375 2356 509 2408 πεία
539 2356 699 2423 φύσις
729 2360 963 2429 καρπὸν,
1003 2355 1114 2415 οἷον
1142 2363 1233 2416 τὸν
1263 2363 1493 2419 πλοῦτον
1518 2367 1816 2436 ἀπέθηκεν,
1844 2363 1957 2422 οἷον

376 2445 649 2517 θησαυρὸν
679 2451 1065 2520 ἐταμιεύσατο.
1102 2454 1259 2508 Οὕτω
1292 2457 1593 2529 κηρύττων,
1629 2463 1955 2530 συνευφραί-

374 2554 469 2590 νου
507 2542 574 2612 τῇ
615 2543 771 2612 ήμῶν
811 2546 1056 2616 σωτηρίᾳ
1085 2562 1097 2575 ·
1156 2550 1336 2603 κοινὸν
1378 2550 1514 2622 ήγοῦ
1559 2551 1619 2603 τι)
1648 2552 1749 2621 τῆς
1781 2556 1956 2624 χαρᾶς

376 2634 758 2704 ἀναφαίρετον.
809 2639 920 2694 Καὶ
956 2641 1065 2712 γὰρ
1103 2642 1202 2714 τῆς
1238 2643 1442 2714 ταύτης
1488 2644 1649 2715 μόνος
1694 2646 1955 2700 κεκοινώ-

376 2742 551 2796 νηκας
601 2726 979 2800 λειτουργίας·
1034 2733 1353 2805 συγχαίρεις
1389 2735 1508 2804 μὲν,
1556 2737 1799 2807 οἴδαμεν,
1835 2738 1957 2801 ταῖς

376 2823 492 2875 ἀνω
530 2826 809 2893 στρατιαῖς
836 2824 923 2880 διὰ
966 2827 1155 2880 τοῦτο·
1205 2829 1321 2881 ἀλλ’
1358 2827 1638 2900 ἐξαίρετον
1664 2833 1825 2901 ἡμεῖς
1858 2833 1957 2903 τὴν

379 2913 558 2984 γαράν
585 2916 981 2988 ἐπιζητοῦμεν,
1014 2919 1081 2991 ῆν
1119 2920 1384 2974 διακονῶν
1423 2923 1702 2990 ἐπεδείξω,
1736 2926 1802 2996 ἢν
1833 2925 1957 2978 ἐϐε-

376 3004 624 3071 6αίωσας
655 3010 767 3073 τοῖς
803 3010 1095 3081 πράγμασι
1122 3030 1136 3043 ·
1162 3016 1365 3081 ταύτην
1398 3016 1668 3084 ἁμείωτον
1699 3017 1958 3088 αἰτοῦμεν

382 3098 775 3171 διατηρεῖσθαι,
814 3102 900 3159 ἵνα
946 3105 1015 3159 τὰ
1043 3106 1143 3177 τῆς
1184 3107 1316 3178 πρὸς
1363 3109 1422 3160 σὲ
1459 3108 1773 3179 παρρησίας
1803 3110 1960 3181 ήμῶν

384 3192 463 3263 μὴ
496 3194 854 3266 ἀποκλείηται
874 3198 1260 3269 γνωρίσματα,
1287 3200 1375 3253 ἵνα
1402 3201 1460 3252 τὸ
1493 3200 1717 3271 θαρρεῖν
1744 3202 1962 3272 ἔχοντες

2067 2094 2249 2148 titulis
2284 2109 2386 2149 nos
2418 2094 2725 2159 vincamus,
2775 2095 2934 2164 cujus
2976 2095 3146 2163 gratia
3197 2109 3322 2149 eum
3374 2093 3483 2147 illis
3520 2107 3652 2163 aga~

2064 2202 2188 2241 mus
2210 2184 2463 2252 fidenter,
2496 2201 2604 2255 qua
2638 2186 2708 2239 de
2732 2199 2899 2241 causa
2930 2185 3255 2256 glorientur,
3286 2199 3349 2240 ac
3369 2184 3649 2254 superbia-

2063 2294 2221 2333 mus:
2254 2278 2506 2343 enuntia,
2533 2279 2750 2348 qualem
2772 2278 3010 2333 fructum
3037 2278 3278 2332 humana
3299 2287 3492 2331 natura
3516 2292 3648 2346 pro-

2061 2369 2457 2439 germinaverit
2485 2371 2620 2441 (59),
2649 2380 2882 2440 quantas
2905 2370 3011 2425 sibi
3032 2369 3371 2440 congesserit
3400 2368 3641 2429 divitias,

2058 2476 2223 2531 quam
2265 2462 2595 2517 immensum
2644 2462 2746 2518 sibi
2799 2470 2979 2518 servet
3016 2462 3337 2517 thesaurum
3388 2460 3642 2515 recondi-

2061 2560 2194 2607 tum.
2215 2554 2353 2609 Dum
2382 2553 2483 2608 ista
2510 2554 2796 2623 praedicas,
2828 2555 3115 2609 nobiseum
3145 2553 3214 2608 de
3244 2559 3433 2606 nostra
3461 2551 3640 2607 salute

2062 2645 2335 2699 collzetare
2366 2662 2379 2698 :
2420 2660 2671 2699 securam
2713 2646 2881 2715 hujus
2905 2645 3089 2714 gaudii
3117 2644 3521 2715 possessionem
3547 2659 3649 2705 ceu

2063 2751 2409 2791 communem
2437 2735 2710 2790 existima.
2737 2736 2954 2790 Etenim
2997 2745 3054 2790 tu
3095 2737 3246 2791 solus
3274 2737 3378 2790 hoc
3402 2735 3653 2790 ministe-

2062 2828 2206 2882 rium
2251 2828 2483 2882 sortitus
2535 2844 2628 2892 es;
2698 2830 2803 2882 hac
2851 2828 2922 2883 de
2967 2844 3155 2891 causa,
3191 2830 3467 2895 novimus,
3524 2843 3647 2883 cum

2064 2919 2384 2975 coelestibus
2432 2918 2774 2974 exercitibus
2824 2920 3174 2990 congaudes;
3223 2919 3320 2975 sed
3372 2920 3650 2990 singulare

2066 3010 2202 3064 illud
2238 3010 2521 3081 gaudium,
2569 3011 2715 3080 quod
2742 3026 2840 3064 ceu
2896 3012 3109 3081 legatus
3163 3011 3430 3073 indixisti,
3493 3013 3651 3081 cujus

2064 3103 2230 3158 ﬁdem
2261 3104 2422 3159 factis
2463 3105 2827 3169 conﬁrmasti,
2858 3104 3020 3160 nobis
3036 3113 3120 3159 est
3150 3104 3206 3158 in
3237 3104 3553 3170 desiderio;
3590 3114 3651 3157 ut

2066 3196 2173 3251 hoc
2212 3196 2483 3264 integrum
2521 3197 2685 3252 nobis
2713 3205 2984 3258 servetur,
3007 3196 3378 3266 deposcimus,
3416 3210 3486 3250 ne
3550 3211 3651 3249 no-

381 3286 471 3339 διὰ
497 3286 678 3353 τοῦτο,
714 3290 892 3342 κοινὸν
943 3289 1230 3362 ἐξιλαστήν
1284 3308 1343 3345 σε
1380 3293 1515 3364 πρός
1547 3310 1604 3345 τε
1636 3292 1728 3345 τὸν
1753 3295 1963 3348 Δεσπό-

2071 3293 2196 3343 stra:
2247 3287 2303 3341 in
2366 3302 2418 3342 te
2481 3287 2696 3342 ﬁduciae
2741 3296 3062 3358 argumenta
3116 3288 3650 3358 prazcludantur;ut

381 3392 484 3447 την
531 3376 627 3432 καὶ
674 3380 810 3450 πρὸς
865 3380 1032 3451 αὐτὴν
1085 3382 1244 3452 ἡμῶν
1279 3383 1377 3454 τήν
1426 3388 1600 3455 χαρὰν
1641 3384 1966 3455 προϐαλλοί-

389 3469 550 3539 μεθα.

456 3655 584 3712 ΚΓ.
631 3657 793 3723 Ἀλλ’,
824 3651 869 3711 ὦ
903 3660 1080 3711 κοινὸν
1118 3658 1451 3729 ἀγαλλίαμα.
1474 3653 1518 3714 ὦ
1554 3660 1832 3730 παρρησία
1873 3660 1965 3712 τοῦ

386 3749 602 3816 γένους,
644 3749 737 3801 τὸν
769 3746 1012 3801 τοιοῦτον
1058 3749 1393 3818 προσιεμένη
1444 3749 1630 3814 πόθον,
1683 3753 1802 3812 ταῖς
1848 3752 1968 3812 σαῖς

387 3837 733 3909 εὐεργεσίαις
762 3838 1016 3908 ἀμείϐου.
1050 3837 1243 3908 Ἡμεῖς
1266 3839 1447 3892 τοίνυν
1476 3840 1526 3892 οί
1553 3839 1688 3906 πρὸς
1714 3838 1971 3891 τοσοῦτον

391 3928 801 3999 ἀναδραμόντες
842 3928 997 3998 ὕψος,
1040 3930 1137 3982 καὶ
1191 3929 1280 3982 διὰ
1332 3929 1427 3982 σοῦ
1471 3930 1570 4001 τὴν
1603 3929 1712 3982 τῶν
1750 3928 1972 3997 ἀγαθῶν

390 4020 940 4089 καταπλουτήσαντες
1011 4020 1308 4090 ἀφθονίαν,
1381 4021 1549 4092 μηδὲν
1610 4021 1824 4093 ἔχοντες
1892 4024 1972 4086 εἰς

389 4113 627 4184 ἀμοιϐὴν
658 4110 1023 4183 προϐαλέσθαι
1052 4112 1277 4177 τούτων,
1309 4115 1456 4184 ὅμως
1488 4114 1739 4176 τοιαύτας
1766 4131 1846 4167 σοι
1874 4115 1972 4177 τὰς

393 4204 674 4276 εὐφημίας
707 4203 1095 4275 διαπλέκομεν.

465 4296 661 4365 Χαῖρε,
691 4295 789 4366 τῆς
837 4293 1242 4360 καταπτὼσεως
1291 4296 1448 4368 ἡμῶν
1482 4299 1517 4369 ή
1565 4298 1972 4369 ἐπανόρθωσιςσ

394 4390 579 4458 χαῖρε,
606 4386 673 4441 δι’
697 4382 764 4459 ἧς
789 4388 925 4458 πρὸς
951 4387 1012 4442 τὸ
1041 4388 1141 4457 τῆς
1173 4386 1430 4457 γνώσεως
1457 4388 1778 4460 ἀνήχθημεν
1804 4390 1936 4461 ὕψος
1956 4408 1970 4423 ·

392 4484 575 4553 χαῖρε,
629 4479 997 4551 ὑπερκείμενε
1047 4482 1264 4551 ούρανὲ,
1315 4481 1383 4535 δι’
1439 4475 1499 4537 οὗ
1547 4483 1660 4537 τῶν
1711 4485 1978 4556 οὐρανίων

396 4574 836 4646 κατατρυφῶμεν
865 4573 1157 4644 θησαυρῶν
1183 4590 1194 4604 ·
1230 4576 1412 4645 χαῖρε,
1445 4573 1757 4646 βασίλισσα,
1803 4577 1873 4632 δι’
1910 4574 1979 4649 ἧς

397 4670 531 4738 ἡμῖν
555 4669 589 4737 ή
618 4667 894 4738 ἀκήρατος
921 4668 1115 4738 ήνοίγη
1144 4666 1386 4737 βασιλεία
1406 4687 1419 4699 ·
1448 4672 1626 4741 χαῖρε,
1653 4671 1749 4740 τῆς
1771 4671 1980 4737 ἀνθρω-

400 4763 564 4831 πίνης
596 4761 813 4830 φύσεως
860 4762 894 4830 ή
937 4760 1203 4832 εὐφορία’
1233 4764 1412 4832 χαῖρε,
1461 4764 1559 4832 τῆς
1616 4763 1726 4816 τῶν
1761 4763 1982 4832 ἀγαθῶν

404 4853 677 4924 μεθέξεως
707 4853 739 4923 ἡ
769 4851 1039 4920 ἀφθονία·
1065 4855 1297 4923 ιιιιιῖρε»ὁ
1325 4854 1598 4925 θησαυρὸς
1622 4858 1650 4909 ὁ
1676 4854 1977 4927 ἀσύλητον

400 4950 583 5018 χαῖρε,
618 4946 646 4998 ὁ
680 4943 910 5007 πλοῦτος
940 4943 969 4996 ὁ
1001 4944 1363 5014 ἀναφαίρετος
1385 4961 1399 4976 ⁸
1434 4948 1612 5017 χαῖρε,
1647 4948 1820 5017 τροφὴ
1850 4948 1980 5000 ἁδα-

403 5038 649 5108 πάνητεο
681 5038 859 5105 χαῖρε,
904 5033 1085 5105 τρυφὴ
1135 5034 1470 5105 ἀνεκλάλητε
1498 5052 1512 5066 ’
1556 5038 1732 5106 χαῖρε,
1782 5036 1984 5107 βρῶσις

405 5129 600 5194 ἀείζωε
625 5143 638 5158 ³
669 5130 847 5198 χαῖρε,
876 5127 1027 5196 πόμα
1057 5125 1315 5194 νηφάλιον
1343 5144 1357 5158 ·
1382 5129 1413 5196 ή
1458 5126 1736 5196 διψωμένη
1777 5128 1984 5196 ἔφεσις,

408 5224 444 5291 ὴ
478 5216 793 5287 ἑπιθυμητὴ
830 5215 1066 5286 μέθεξις,
1116 5215 1179 5269 τὸ
1225 5219 1454 5285 ταμεῖον
1501 5215 1610 5269 τῶν
1646 5217 1889 5284 ἀγαθῶν,
1927 5217 1986 5270 τὸ

406 5312 717 5375 διαιωνίζον
768 5309 1117 5380 ὲντρύφημα,
1160 5309 1193 5377 ή
1245 5308 1604 5379 ἀτελεύτητος
1657 5308 1985 5378 εὐφροσύνη,

406 5402 471 5454 τὸ
500 5397 751 5470 διηνεκὲς
780 5395 1125 5466 Χριστιανῶν
1177 5396 1512 5467 ἀγαλλίαμα,
1549 5398 1583 5468 ή
1612 5397 1988 5468 πολυπόθητος

405 5495 520 5551 τῶν
554 5511 613 5546 σε
641 5491 950 5547 ποθούντων
980 5492 1143 5563 χαρά.
1177 5490 1394 5556 Ταύτας
1425 5507 1520 5544 σου
1551 5490 1650 5555 τὰς
1670 5492 1989 5563 εὐεργεσίας

482 5612 596 5696 (59)
622 5612 740 5694 Jam
774 5611 908 5693 alias
939 5609 1279 5667 advertimus
1426 5617 1541 5664 not.
1584 5610 1650 5665 ad
1685 5611 1712 5683 §
1742 5611 1808 5665 IO
1833 5611 1983 5666 Orat.

482 5693 561 5733 ιιι-ι
605 5684 810 5733 Amm.
865 5689 1007 5733 uart.
1041 5696 1078 5733 ι.
1129 5696 1253 5733 nau.
1340 5680 1453 5733 οῦ).
1492 5681 1698 5733 bonum
1745 5680 1983 5733 fructum

411 5680 810 5752 Petri'Argivi,
865 5689 1007 5752 part.
1041 5696 1078 5746 I,
1129 5680 1453 5752 pagtlﬁﬁ).
1492 5680 1705 5735 bonum
1745 5680 1986 5736 fructum

417 5764 549 5808 tunc
596 5750 727 5806 vero
752 5750 988 5821 quodam
1020 5765 1185 5821 sensu
1212 5750 1383 5805 tribui
1413 5760 1623 5821 natura:
1647 5766 1828 5820 posse,
1860 5767 1986 5805 cum

417 5825 596 5878 bonus
633 5837 662 5875 a
693 5819 789 5876 sua
819 5821 1030 5889 origine
1052 5819 1264 5873 fructus
1288 5819 1558 5875 exstiterit
1598 5838 1610 5873 :
1643 5819 1807 5876 Seeus
1838 5822 1986 5874 enim

414 5892 650 5947 eﬂ‘ectus
672 5891 895 5960 quidem
918 5888 1128 5960 deinde
1153 5889 1328 5944 bonus
1353 5889 1463 5944 dici
1494 5898 1714 5959 posset;
1739 5899 1795 5944 at
1838 5892 1985 5959 quod

419 5962 487 6017 ad
536 5958 789 6017 naturam
826 5958 1224 6028 producentem
1277 5958 1511 6029 spectat,
1557 5961 1735 6016 malus
1768 5961 1836 6017 ab
1858 5958 1989 6030 ipsa

2068 3385 2358 3447 propterea
2406 3377 2641 3433 ﬁdenter
2673 3379 3018 3444 accedentes,
3060 3396 3410 3435 communem
3441 3389 3493 3434 te
3520 3395 3647 3448 pro-

1980 3522 1983 3525 .
2068 3470 2381 3541 pitiatorem
2436 3471 2584 3540 apud
2636 3472 2924 3525 Dominum
2989 3482 3045 3527 et
3073 3472 3218 3541 apud
3280 3470 3413 3526 illud
3471 3472 3648 3540 ipsum

2069 3562 2329 3631 gaudium
2362 3571 2611 3616 nostrum
2659 3563 2908 3633 proferre
2932 3564 3227 3631 possimus.

2141 3651 2332 3707 XXIII.
2369 3651 2451 3706 Tu
2501 3668 2655 3717 vero,
2697 3668 2730 3707 o
2774 3653 3088 3708 communis
3126 3653 3373 3707 omnium
3415 3654 3656 3708 exsulta-

2075 3743 2171 3809 tio,
2202 3760 2234 3797 ο
2258 3744 2475 3815 generis
2507 3745 2731 3799 humani
2764 3745 2983 3809 ﬁducia,
3036 3744 3352 3815 huiusmodi
3395 3744 3653 3799 ali'ectum

2072 3845 2284 3908 gratum
2339 3836 2549 3892 habens
2587 3837 2671 3891 lac
2704 3838 2880 3906 ipsum
2925 3835 3209 3891 beneﬁciis
3258 3835 3368 3889 tuis
3413 3835 3654 3890 vicissim

2073 3931 2342 3986 cumules.
2379 3930 2462 3985 Ad
2494 3939 2700 3985 tantam
2734 3931 2918 4000 itaque
2946 3930 3121 3985 evecti
3154 3929 3562 3994 celsitudinem,
3593 3945 3656 3985 ac

2074 4021 2347 4078 bonorum
2382 4022 2551 4092 copia-
2568 4038 2669 4092 per
2715 4029 2767 4077 te
2795 4022 3139 4092 locupletati,
3179 4017 3305 4076 cum
3335 4022 3474 4076 nihil
3512 4037 3658 4091 prae—

2077 4125 2164 4169 sto
2192 4112 2353 4168 nobis
2384 4114 2475 4177 sit,
2509 4126 2620 4182 quo
2651 4128 2836 4183 parem
2867 4127 2970 4183 pro
3005 4112 3092 4167 his
3121 4112 3350 4183 gratiam
3388 4112 3656 4181 rependa-

2078 4219 2221 4271 mus,
2248 4205 2409 4259 hasce
2428 4203 2786 4258 nihilominus
2812 4204 2909 4259 tibi
2932 4203 3108 4259 laudis
3131 4218 3365 4258 coronas
3392 4203 3658 4257 teximus.

2148 4295 2283 4359 Ave,
2312 4294 2485 4349 ruina:
2511 4302 2711 4349 nostra:
2733 4293 3009 4364 reparatio
3033 4294 3144 4365 (60)
3171 4311 3184 4347 :
3216 4309 3339 4359 ave,
3372 4310 3469 4365 per
3494 4310 3656 4361 quam

2079 4388 2146 4442 ad
2192 4388 2474 4457 sapientia
2519 4387 2916 4442 sublimitatem
2968 4387 3181 4442 reducti
3239 4402 3431 4443 sumus
3474 4405 3487 4441 :
3537 4402 3661 4452 ave,

2081 4482 2279 4538 coelum
2316 4480 2469 4535 caelis
2510 4480 2841 4550 praecelsius.
2869 4496 2967 4549 per
3013 4479 3160 4550 quod
3184 4479 3501 4536 coelestibus
3550 4479 3665 4534 the-

2082 4574 2262 4629 sauris
2289 4572 2623 4643 periruimur
2650 4590 2663 4626 :
2689 4587 2807 4635 ave,
2828 4588 2862 4627 0
2881 4573 3089 4641 regina,
3117 4588 3214 4640 per
3240 4586 3403 4640 quam
3438 4586 3664 4640 regnum

2089 4664 2447 4733 corruptione
2472 4663 2709 4718 liberum
2738 4662 2900 4718 nobis
2927 4671 3180 4732 apertum
3210 4673 3295 4717 est
3323 4680 3336 4715 :
3363 4677 3482 4726 ave,
3509 4678 3542 4715 o
3567 4678 3667 4715 na-

2092 4764 2227 4809 turae
2263 4757 2516 4809 humata:
2552 4753 2778 4808 ubertas
2809 4771 2822 4807 :
2851 4768 2971 4820 ave,
3004 4769 3037 4808 ο
3067 4753 3358 4835 abundans
3397 4756 3664 4805 honorum

2089 4847 2441 4919 partieipatio
2477 4864 2488 4899 :
2527 4862 2651 4910 ave,
2690 4846 2981 4900 thesaurus
3017 4845 3321 4900 inviolatus
3361 4862 3374 4897 :
3419 4858 3538 4903 ave,
3584 4843 3671 4896 di-

2088 4940 2345 4993 vitiarum
2378 4938 2658 5006 opulentia
2681 4936 3010 5006 direptionis
3032 4935 3214 4991 nescia
3239 4952 3253 4988 :
3280 4950 3403 4997 ave,
3434 4934 3667 4989 alimen-

2088 5040 2205 5085 tum
2246 5030 2564 5085 indeliciens
2604 5047 2615 5081 :
2658 5043 2780 5095 ave,
2814 5027 3076 5083 delicium
3100 5027 3471 5083 inenarrabile
3507 5043 3670 5092 :ave,

2091 5123 2248 5177 cibus
2265 5137 2482 5191 semper
2509 5121 2702 5175 vivens
2724 5137 2736 5173 :
2760 5136 2882 5185 ave,
2909 5128 3074 5190 potus
3091 5121 3410 5176 sobrietatis
3428 5136 3627 5191 parens
3658 5141 3670 5176 :

2090 5230 2210 5279 ave,
2241 5215 2538 5269 vehemens
2568 5214 2815 5267 omnium
2845 5211 3200 5278 desiderium,
3230 5214 3522 5284 concupita
3549 5229 3675 5284 par-

2089 5307 2354 5377 ticipatio,
2395 5305 2666 5359 bonorum
2744 5305 3227 5375 promptuarium,
3305 5305 3679 5361 oblectamen-

2097 5408 2212 5452 tum
2266 5413 2548 5468 unnquam
2602 5399 2938 5469 clangnens,
2991 5397 3177 5453 laetitia
3207 5399 3421 5453 nullum
3464 5397 3678 5451 habens

2106 5492 2291 5555 linem,
2317 5491 2463 5559 jngis
2504 5488 2941 5544 Christianorum
2973 5490 3285 5554 exsultatio,
3315 5488 3673 5544 desideratis-

2095 5608 2369 5680 prodiisse
2415 5608 2720 5680 diceretur.
2753 5608 2913 5680 Quod
2962 5609 3381 5680 ergoieximium
3431 5606 3671 5680 fructum

2083 5675 2291 5733 natura
2321 5678 2524 5731 dicitur
2557 5675 3112 5747 progerminassefid
3139 5678 3330 5747 exigit,
3358 5685 3419 5729 ut
3442 5675 3613 5747 Maria
3647 5690 3677 5727 a

2096 5764 2192 5804 sna
2226 5748 2398 5817 ipsius
2421 5744 2633 5817 origine
2664 5744 2901 5802 eximius
2929 5744 3454 5817 fruetusprredicari
3485 5752 3672 5817 queat.

2172 5816 2285 5887 (60)
2336 5812 2719 5887 Atqui'rninaz
2756 5818 3051 5887 reparatio.
3086 5812 3370 5887 utl‘patet‘,
3397 5812 3452 5866 in
3481 5813 3673 5867 eadem

2100 5882 2468 5955 rui'na'jacens
2497 5886 2651 5941 nullo
2675 5882 2840 5939 modo
2869 5887 3082 5955 censeri
3107 5882 3304 5955 potest.
3335 5882 3466 5955 Quae
3489 5891 3676 5937 autem

2099 5959 2187 6013 hic
2228 5952 2313 6011 est
2345 5955 2505 6010 ruina
2534 5965 2742 6021 nostra,
2777 5956 2881 6009 nisi
2918 5954 3103 6020 lapsus
3128 5953 3182 6006 in
3208 5952 3458 6017 Artamo?
