4104 6422
413 447 420 453 “
473 425 578 492 633

479 635 620 698 licia,
667 633 750 688 lac
787 635 1073 699 benevole,
1121 649 1182 694 ut
1215 641 1350 696 nihil
1404 645 1694 702 imminuta
1727 663 2062 708 conserven-

479 735 588 780 tur.
633 725 686 780 ln
720 727 825 782 hoc
866 743 1086 798 quoque
1117 735 1466 804 amplissima:
1495 740 1682 808 gratiae
1714 750 1822 795 ture
1854 759 2060 812 prtere-

475 817 708 884 gativam
761 820 991 873 ostende
1043 839 1056 885 ;
1091 825 1319 891 perinde
1346 827 1491 881 enim
1521 839 1625 894 est,
1661 829 1928 887 beneficia
1962 851 2060 904 per

479 915 528 959 te
565 907 725 963 nobis
771 909 835 964 ad
873 911 1252 970 defensionem
1285 928 1530 973 nostram
1569 922 1827 986 conferri,
1863 933 1918 977 et
1947 926 2059 995 jam

475 1002 670 1056 collata
723 1004 922 1060 intacta
964 1012 1252 1073 custodiri,
1300 1013 1352 1066 in
1391 1015 1615 1070 Christo
1656 1017 1797 1072 .Iesu'
1830 1020 2062 1078 Domino

476 1102 686 1158 nostro,
716 1097 802 1150 cui
833 1099 1008 1167 gloria
1037 1099 1088 1153 in
1123 1105 1336 1157 szecula.
1364 1105 1556 1160 Amen.

1089 1237 1346 1293 ORATIO
1390 1241 1448 1294 V.

474 1339 538 1394 In
570 1343 736 1398 illud:
762 1365 780 1396 ι
815 1349 1115 1419 Exsurgens
1138 1362 1312 1405 autem
1342 1355 1510 1410 Maria
1533 1360 1584 1411 in
1607 1360 1786 1414 diebus
1805 1363 1908 1417 illis
1935 1365 2062 1420 abiit

693 1439 744 1488 in
768 1448 1021 1491 montana
1045 1458 1163 1492 cum
1200 1445 1538 1509 festinatione
1559 1448 1628 1512 ‘°,
1670 1467 1686 1500 ι
1726 1459 1835 1505 etc.

548 1607 586 1659 1.
650 1608 973 1680 Quicunque
1035 1615 1350 1670 vehementi
1409 1635 1622 1684 eorum,
1676 1638 1817 1691 quos
1865 1625 2062 1682 charos

475 1698 700 1764 habent,
738 1704 937 1758 all'ectu
970 1706 1247 1770 feruntur,
1283 1710 1610 1782 illorumque
1637 1730 1814 1785 usque
1849 1733 2059 1774 memo-

475 1808 563 1846 res
587 1807 708 1847 esse
737 1794 1078 1867 discupiunt,
1107 1815 1216 1853 non
1249 1801 1423 1855 solum
1455 1804 1749 1874 imaginem
1772 1823 1962 1863 eorum
2003 1810 2056 1864 in

1741 444 2003 508 JACOBI
2043 449 2392 516 MONACII'I

477 543 678 597 simum
715 550 764 598 te
801 543 1238 602 desiderantium
1271 551 1554 622 gaudium.
1584 553 1702 610 Tua
1731 557 1848 613 haec
1879 560 2052 618 bene-

2163 571 2472 638 ἀμειώτους
2517 575 2712 649 εὐδόκη
2721 593 2814 631 σον

3647 472 3757 536 (60

2864 581 3290 654 συντηρηθῆναι.
3341 584 3527 651 Δεῖξον
3563 587 3628 657 δὴ
3660 589 3750 642 καὶ

2163 661 2222 712 ἐν
2245 659 2422 729 τούτῳ
2438 663 2506 716 τὰ
2525 666 2622 734 τῆς
2643 667 2880 734 ἀφθόνου
2903 685 2996 722 σου
3027 673 3254 741 χάριτος
3276 674 3732 747 πλεονεκτήματα
3747 704 3758 712 ·

2167 750 2282 804 ῐσον
2327 754 2438 824 γάρ
2466 757 2635 820 ἐστιν,
2689 759 2770 822 εἰς
2814 761 3103 832 ἀντίληψιν
3147 763 3209 817 τὸ
3242 765 3331 819 διὰ
3378 765 3472 821 σοῦ
3507 786 3754 839 παραγε-

2164 842 2351 898 νέσθαι
2377 848 2601 914 ταύτας,
2637 853 2730 904 καὶ
2763 855 3226 925 παραγενομένας
3268 859 3537 928 ἀκεραίας
3560 863 3758 931 διαφυ-

2165 935 2478 1005 λάττεσθαι,
2521 943 2579 995 ἐν
2613 945 2836 1014 Χριστῷ
2884 946 3055 1015 Ἰησοῦ
3087 949 3164 1019 τῷ
3197 949 3388 1021 Κυρίῳ
3427 953 3606 1023 ήμῶν,
3639 949 3682 1024 ᾧ
3721 957 3754 1025 ἡ

2165 1029 2292 1093 δόξα
2319 1032 2397 1095 εἰς
2428 1034 2552 1097 τοὺς
2587 1035 2813 1100 αἰῶνας.
2859 1039 3057 1108 Ἀμήν.

2803 1257 3023 1310 ΛΟΓΟΣ
3059 1257 3130 1310 Ε’.

2167 1369 2267 1440 Εἰς
2305 1368 2391 1440 τὸ,
2438 1386 2455 1416 ι
2497 1368 2832 1440 Ἀναστᾶσα
2865 1370 2933 1422 δὲ
2971 1370 3205 1439 Μαριὰμ
3240 1371 3310 1423 ἐν
3344 1371 3472 1437 ταῖς
3508 1371 3754 1440 ἡμέραις

2235 1437 2514 1510 ensis-ale.
2547 1439 2842 1508 ἐπορεύθη
2866 1443 2952 1506 εἰς
2973 1437 3090 1508 τήιρ
3116 1437 3361 1509 ὀρεινὴν
3379 1437 3762 1510 perticam):

2235 1508 2369 1574 ὂῆς,
2403 1527 2422 1558 ι
2469 1526 2522 1563 κ.
2553 1525 2601 1562 τ.
2635 1510 2682 1563 λ.

2234 1624 2311 1676 A'.
2343 1622 2406 1674 Oi
2461 1623 2664 1692 σφόδρα
2714 1623 2824 1676 τῶν
2865 1626 3160 1696 ἐρωμένων
3217 1627 3402 1689 αὐτοῖς
3450 1629 3751 1698 ἐφιέμενοι,

2163 1715 2258 1767 καὶ
2289 1717 2355 1784 τῇ
2386 1715 2592 1767 τούτων
2623 1718 2814 1786 μνήμῃ
2860 1719 3102 1770 συνεῖναι
3145 1719 3412 1789 διηνεκῶς
3441 1719 3754 1785 ποθοῦντες,

2162 1807 2224 1859 οὐ
2268 1807 2430 1875 μόνον
2485 1808 2543 1859 ἐν
2597 1808 2808 1878 διανοίᾳ
2860 1811 2959 1879 τὴν
3007 1811 3188 1863 αὐτῶν
3235 1812 3571 1865 ἀνατυποῦσι
3600 1813 3753 1872 θέαν.

475 1891 662 1936 mente
695 1883 799 1937 sibi
833 1885 1114 1954 illingunt,
1143 1899 1200 1952 et
1235 1901 1554 1960 conceptam
1589 1895 1771 1950 animo
1812 1900 2052 1968 speciem

2163 1897 2259 1951 καὶ
2308 1897 2558 1965 καθάπερ
2611 1901 2668 1949 ἐν
2722 1900 2911 1950 πίνακι
2961 1899 3020 1951 τὸ
3071 1901 3482 1970 φανταζόμενον
3537 1905 3754 1956 ἀνιστο-

474 1974 646 2026 veluti
687 1975 740 2028 in
790 1977 972 2031 tabula
1009 1995 1328 2047 expressam
1377 1985 1676 2049 intuentes,
1714 2001 2056 2045 venustatem

474 2065 620 2134 ejus,
654 2081 818 2135 quem
864 2069 1123 2138 diligunt,
1155 2073 1221 2126 ad
1269 2075 1452 2129 vivum
1479 2077 1580 2132 sibi
1621 2091 2054 2149 repraesentant;

474 2153 570 2208 sed
598 2153 824 2224 insuper
845 2157 890 2211 si
918 2159 1049 2226 quid
1076 2162 1320 2228 praeclari
1352 2164 1419 2218 de
1453 2165 1581 2232 illis,
1609 2168 1653 2222 si
1682 2185 1819 2238 quas
1863 2187 2055 2225 eorum

473 2259 560 2299 res
618 2247 768 2302 lanas
837 2249 946 2318 jam
997 2253 1498 2323 audierint,eaqne
1552 2262 1832 2314 memoria}
1873 2262 2052 2317 defixa

474 2339 841 2401 servaverint,
907 2341 1006 2396 ista
1030 2360 1247 2412 quoque
1303 2349 1489 2400 animo
1539 2351 1708 2405 veluti
1752 2355 2050 2423 amplcxati

475 2445 694 2498 semper
717 2433 1150 2504 circumquaque
1169 2451 1355 2491 secum
1381 2438 1585 2496 ferunt.
1604 2443 1732 2498 Inde
1757 2446 1903 2498 enim
1925 2448 2062 2516 ipsis

472 2537 602 2576 sane
625 2523 964 2579 uberrimum
993 2531 1278 2598 percipere
1311 2531 1436 2586 licet
1459 2534 1756 2604 voluptatis
1788 2537 2052 2602 fructum,

471 2613 712 2680 quando,
770 2615 900 2671 licet
955 2619 1078 2673 illos
1120 2636 1306 2676 secum
1351 2623 1554 2678 habere
1607 2626 1896 2694 loquentes
1947 2646 2055 2684 non

471 2705 702 2770 possint,
753 2707 997 2777 ipsorum
1035 2712 1228 2766 saltem
1283 2714 1451 2768 verba
1485 2731 1652 2784 penes
1686 2733 1742 2771 se
1780 2719 2054 2788 retinent;

469 2793 637 2863 fitque
682 2809 997 2868 propterea,
1045 2813 1104 2856 ut
1136 2819 1330 2873 magna
1375 2821 1500 2860 cum
1546 2808 1825 2877 voluptate
1851 2809 2059 2879 jugiter

2164 1989 2386 2060 ροῦντες
2434 1985 2595 2053 εἶδος,
2643 1991 2742 2059 τὴν
2781 1991 2872 2043 τοῦ
2925 1993 3264 2063 ποθουμένου
3307 1994 3752 2065 διαζωγραφοῦσι

2161 2082 2522 2152 λαμπρότητα
2548 2099 2562 2111 ’
2591 2083 2729 2136 ἀλλὰ
2757 2084 2853 2135 καὶ
2878 2083 2933 2135 εί
2958 2102 3011 2136 τι
3033 2081 3281 2150 γενναῖον
3315 2087 3407 2138 καὶ
3431 2087 3752 2158 περιχαιρὲς

2163 2175 2344 2235 αὐτοῖς
2380 2173 2614 2244 ἐρρήθη,
2645 2174 2741 2226 καὶ
2775 2177 2968 2248 μνήμῃ
3001 2175 3272 2246 φυλαχθὲν
3307 2176 3629 2247 διετηρήθη,
3661 2179 3755 2230 καὶ

2162 2265 2322 2318 τοῦτο
2348 2265 2832 2337 κατασπαζόμενοι
2877 2269 2962 2320 ἀεὶ
2997 2271 3303 2338 πανταχόσε
3338 2271 3751 2339 περιφέρονται.

2168 2358 2326 2412 Ἔστι
2354 2359 2462 2428 γὰρ
2493 2360 2548 2411 δὲ
2602 2357 2902 2436 κάντεῦθεν
2949 2359 3207 2429 πλείστην
3247 2361 3380 2430 ὅσην
3422 2360 3620 2423 αὐτοὺς
3655 2360 3755 2430 τὴν

2165 2451 2359 2520 ἡδονὴν
2391 2450 2759 2519 καρποῦσθαι,
2793 2453 2921 2514 τοὺς
2954 2451 3146 2518 λόγους
3173 2452 3290 2503 ἀντί
3315 2451 3422 2504 τῶν
3451 2452 3756 2521 εἰρηκότων

2167 2541 2497 2610 κατέχοντας
2519 2557 2532 2572 ·
2573 2541 2652 2594 διδ
2686 2542 2782 2594 καὶ
2825 2541 3212 2610 συνηδομένοις
3244 2542 3426 2604 αὐτοῖς
3462 2541 3756 2610 συμϐαίνει

2165 2631 2266 2700 τὴν
2305 2631 2486 2684 αὐτῶν
2517 2631 2815 2696 ἀνάπτυξιν
2850 2631 3118 2700 διηνεκῶς
3151 2630 3440 2696 ποιεῖσθαι,
3473 2631 3610 2700 ὁμοῦ
3651 2631 3755 2700 μὲν

2166 2721 2738 2790 ὲγκαλλωπιζομένοις
2774 2723 2981 2787 αὐτοῖς,
3031 2726 3166 2792 ὁμου
3201 2722 3258 2776 δὲ
3307 2724 3400 2776 καὶ
3429 2723 3490 2776 τὺ
3527 2723 3754 2795 φίλτρον

2163 2811 2426 2875 ἀναζωπυ
2435 2812 2528 2883 ροῦ
2538 2830 2588 2865 σι
2613 2813 2722 2866 τῶν
2752 2831 2788 2883 φ
2798 2813 2906 2866 ιλον
2916 2814 3114 2881 μένων.

466 2905 530 2941 ea
579 2903 762 2946 mente
809 2895 1086 2958 evolvam,
1133 2898 1294 2952 simul
1323 2899 1584 2956 videlicet
1615 2901 1684 2956 de
1753 2901 1948 2958 iisdem
1985 2905 2090 2961 sibi
2135 2907 2436 2976 placentes.
2493 2908 2767 2976 simulque
2818 2923 2977 2962 suum
3043 2922 3172 2978 erga
3215 2907 3450 2964 dilectos
3506 2922 3751 2963 amorem

468 2995 613 3036 novo
647 2997 868 3054 semper
905 2987 1028 3056 igne
1069 2987 1448 3046 incendentes.

537 3073 678 3130 Cum
725 3077 914 3146 itaque
941 3079 1162 3134 aﬂ‘cctio
1189 3098 1319 3152 erga
1347 3098 1435 3146 ea,
1458 3100 1580 3154 quae
1605 3085 1811 3155 alioqui
1833 3096 1889 3144 et
1911 3089 2054 3142 llnxa

2249 3086 2305 3140 ’E
2317 3088 2405 3140 πεὶ
2432 3103 2524 3140 ουν
2557 3088 2586 3156 ή
2621 3087 2731 3139 τῶν
2757 3083 3069 3139 σκεδαστῶν
3095 3101 3156 3137 τε
3185 3085 3279 3136 κτιιί¹
3307 3085 3437 3154 ῥᾷον
3460 3081 3752 3150 διαλυομέ-

467 3177 599 3220 sunt
630 3176 688 3220 et
716 3177 824 3222 tam
862 3169 1024 3224 facile
1063 3171 1346 3228 intereunt
1377 3214 1391 3238 ,
1429 3190 1537 3228 non
1583 3179 1756 3246 possit
1787 3179 2052 3249 ejusmodi

2166 3199 2274 3234 νων
2305 3181 2489 3249 σχέσις
2519 3179 2708 3232 τοῦτον
2739 3177 2884 3248 ἔχειν
2912 3177 3389 3246 καταναγκάζεται
3410 3175 3499 3228 τὸν
3525 3173 3749 3244 τρόπον,

465 3258 715 3314 habitum
746 3275 854 3315 non
893 3262 1157 3318 inducere
1187 3281 1202 3330 ;
1239 3277 1509 3334 quantum
1545 3268 1830 3324 enimvero
1857 3272 2060 3327 amoris

465 3351 519 3402 vi
546 3353 771 3422 astringi
802 3367 898 3407 eos
943 3355 1246 3424 continget,
1292 3357 1385 3426 qui
1420 3359 1716 3427 purissimo
1739 3362 1885 3417 illius
1908 3364 2057 3417 omni

464 3438 631 3495 laude
663 3441 994 3512 dignissimae
1025 3443 1300 3499 desiderio
1346 3461 1443 3502 cor
1488 3450 1735 3504 saucium
1771 3451 2057 3506 habeant?

468 3533 624 3587 Intus
652 3533 800 3587 enim
844 3533 1078 3604 ﬂagrant
1105 3535 1420 3592 dilectionis
1449 3539 1594 3609 igne,
1621 3542 1715 3611 qui
1749 3553 1805 3597 et
1832 3543 1898 3598 ad
1931 3559 2052 3600 eam

462 3624 672 3694 jugiter
716 3627 1219 3696 contemplandam,
1247 3640 1304 3684 et
1343 3630 1410 3685 ad
1444 3632 1692 3702 ejusdem
1727 3634 1872 3689 dicta
1926 3651 2054 3705 per-

471 3722 724 3768 amanter
786 3716 974 3772 animo
1028 3719 1332 3774 evolvenda
1371 3722 1495 3780 illos
1522 3725 1747 3782 excitat.
1799 3725 2055 3793 Quando-

468 3806 691 3874 quidem
713 3821 845 3878 ergo
871 3825 1218 3865 communem
1249 3813 1410 3870 nobis
1431 3819 1692 3874 omnibus
1722 3820 2053 3877 laudabilem

469 3899 620 3953 hunc
663 3900 918 3955 all‘ectum
953 3903 1133 3957 inesse
1169 3904 1433 3972 arbitror,
1473 3923 1631 3964 sensa
1659 3926 1903 3982 quoque,
1932 3929 2053 3983 qua:

466 3992 612 4045 circa
653 3991 890 4063 idipsnm
938 3993 1294 4062 oboriuntur,
1324 4003 1640 4055 communia
1686 4003 1916 4059 dicenda
1940 4007 2056 4060 exi-

465 4082 652 4138 stimo.
679 4082 835 4150 Quod
861 4085 905 4139 si
932 4086 986 4140 iu
1016 4088 1200 4142 vetbis
1227 4091 1534 4163 (Virginis).
1561 4111 1684 4164 qua:
1746 4112 1856 4165 pra:
1881 4098 2056 4152 [natui-

467 4175 574 4229 bus
589 4175 878 4243 habemus,
907 4181 1360 4250 quidpiam'forte
1388 4199 1664 4253 occurrat,
1688 4190 1836 4258 quod
1867 4190 2050 4245 minus

467 4267 870 4322 convenienter
891 4284 920 4323 a
943 4271 1133 4341 regina
1163 4284 1352 4330 nostra
1383 4276 1496 4346 (6|)
1525 4279 1735 4334 dictum
1765 4281 2048 4349 videatur;

468 4355 705 4412 tntillum
737 4360 988 4428 profecto
1016 4363 1250 4429 laboris,
1279 4367 1514 4422 multum
1544 4371 1842 4442 diligentia:
1866 4373 1918 4427 in
1949 4374 2056 4432 illis

471 4449 869 4518 investigandis
893 4452 1276 4522 impendamus
1299 4473 1524 4515 necesse
1545 4470 1650 4526 est,
1674 4462 1847 4532 probe
1873 4464 2055 4519 scien-

2169 3276 2343 3345 πόσην
2367 3276 2593 3336 εἰκότως
2621 3277 2734 3337 τοῖς
2761 3271 2840 3342 τῷ
2865 3273 3240 3344 καθαρωτάτῳ
3262 3270 3626 3340 τετρωμένοις
3650 3268 3750 3338 τῆς

2169 3369 2527 3435 πανυμνήτου
2584 3365 2734 3436 πόθῳ
2774 3364 3166 3432 προσ-τίνεσθαι
3202 3363 3489 3432 συμϐαίνει
3529 3359 3631 3432 τὴν
3655 3375 3752 3411 τυ-

2168 3459 2424 3528 ραννίδας
2463 3457 2654 3512 Ἕνδον
2697 3458 2796 3527 μὲν
2823 3457 3006 3525 ἔχουσι
3045 3456 3105 3508 τὺ
3137 3455 3249 3524 πῦρ
3286 3455 3385 3522 τῆς
3412 3452 3748 3520 ἀγαπήσεως

2164 3550 2492 3618 ἀναφλέγον,
2533 3550 2704 3621 αὑτήν
2759 3567 2818 3600 τε
2869 3548 3162 3610 διαπαντὸς
3219 3546 3605 3616 προσϐλέπειν,
3653 3545 3751 3598 καὶ

2163 3642 2449 3703 ἀσπασίως
2498 3644 2565 3694 τὰ
2623 3641 2834 3708 ταύτης
2890 3639 3263 3692 ἀναπτύσσειν
3311 3638 3488 3706 λόγια.
3555 3635 3748 3689 Κοινδν

2161 3737 2344 3790 τοίνυν
2372 3735 2430 3788 τὸ
2461 3734 2743 3788 ἐπαινετὸν
2782 3735 2937 3787 τοῦτο
2983 3733 3157 3795 πάθος
3202 3731 3524 3799 ἡγούμενος,
3562 3727 3745 3790 κοινᾶς

2161 3823 2314 3897 οἶμαι
2356 3827 2451 3880 καὶ
2499 3826 2595 3889 τὰς
2652 3827 2780 3895 περὶ
2837 3825 2969 3878 αὐτὸ
3025 3822 3420 3892 συνισταμένας
3449 3819 3748 3890 ὑπολήψεις

2161 3919 2620 3990 διομολογεῖσθαι.
2651 3918 2760 3971 Καὶ
2787 3919 2836 3969 εἰ
2869 3917 2967 3985 μέν
2997 3935 3047 3970 τι
3077 3916 3182 3969 τῶν
3208 3915 3502 3987 παρέργως
3529 3909 3744 3964 δοκούν-

2161 4027 2272 4062 των
2317 4005 2570 4079 εἰρῆσθαι
2625 4009 2690 4077 τῇ
2751 4006 2979 4076 βασιλίδι
3020 4008 3085 4058 τὰ
3135 4007 3193 4058 ὲν
3245 4005 3430 4074 χερσὶν
3478 3999 3742 4070 ἐτύγχανε

2160 4101 2314 4168 λόγια
2364 4099 2470 4152 ἔδει
2525 4099 2694 4153 πολὺν
2749 4097 2847 4167 μὲν
2896 4097 2990 4150 τὸν
3037 4096 3246 4164 ἀγῶνα,
3297 4093 3497 4163 πολλὴν
3541 4093 3597 4144 δὲ
3645 4088 3745 4160 τὴν

2161 4190 2396 4259 σπουδὴν
2445 4192 2526 4254 εἰς
2558 4191 2658 4259 τὴν
2691 4189 2871 4242 αὐτῶν
2907 4186 3313 4240 ἐπιδείκνυσθαι
3354 4185 3605 4256 ἔρευναν,
3643 4199 3744 4234 σα-

2158 4284 2275 4354 φῶς
2313 4283 2543 4346 εἰδότας,
2595 4281 2670 4344 ὡς
2729 4282 3006 4352 πάρεργον
3063 4279 3162 4348 μὲν
3213 4279 3366 4331 οὐδὲν
3411 4277 3543 4346 παρ’
3580 4275 3742 4344 αὐτῇ,

2161 4360 2343 4430 πάντα
2368 4375 2424 4428 δὲ
2469 4375 2568 4442 τῆς
2608 4373 2826 4442 χάριτός
2871 4375 3019 4425 ἐστιν
3055 4371 3481 4440 ἀποφθέγματα,
3519 4369 3611 4420 καὶ
3643 4366 3744 4433 τῆς

2164 4467 2348 4539 ἰσχύος
2386 4466 2482 4520 τοῦ
2514 4465 2830 4535 Πνεῦματος
2871 4466 3248 4534 ἐνεργήματα.

471 4553 577 4604 tes,
611 4543 750 4598 nihil
783 4559 916 4600 sane
941 4547 1009 4601 ab
1041 4549 1156 4618 ipsa
1182 4551 1480 4620 prolatum,
1514 4557 1660 4626 quod
1725 4561 1822 4614 abs
1845 4575 1903 4615 re
1931 4571 2098 4629 esset,
2130 4563 2227 4619 sed
2264 4564 2449 4620 omnia
2514 4564 2638 4634 ejus
2677 4561 2842 4616 cll'ata
2878 4559 3064 4632 gratia:
3094 4559 3249 4628 plena
3285 4574 3426 4623 esse,
3466 4565 3522 4612 et
3559 4572 3590 4611 e
3630 4555 3745 4610 vir-

469 4643 586 4689 tute
617 4639 792 4692 sancti
824 4637 1064 4708 Spiritus
1084 4644 1288 4699 elicita.

535 4727 602 4782 il.
639 4729 775 4783 Cum
832 4740 1014 4806 autem
1051 4737 1316 4792 doctrinae
1351 4737 1516 4809 hujus
1568 4741 1711 4797 ratio
1757 4744 2053 4813 quodlibet

469 4819 688 4874 dicendi
737 4833 1122 4892 argumentum
1161 4831 1535 4897 transcendat,
1589 4841 1646 4888 et
1681 4833 1842 4889 bonis
1869 4837 2054 4890 omni-

469 4911 575 4996 bus
595 4912 888 4978 redundet,
907 4931 1028 4986 quae
1051 4919 1284 4976 salutem
1310 4922 1474 4977 nobis
1491 4925 1792 4979 concilient
1813 4943 1826 4990 ;
1849 4936 2056 4996 quanto

467 4979 577 5056 ηὸιι
620 5004 926 5061 aliiciemur
948 5008 1306 5078 detrimento,
1345 5015 1389 5068 si
1422 5031 1695 5086 magnam.
1722 5033 1844 5085 qua:
1862 5034 1926 5072 ex
1961 5018 2052 5072 illa

469 5095 713 5163 proﬂuit,
747 5099 1051 5155 utilitatem
1081 5105 1468 5176 negligamus?
1505 5107 1794 5173 Quomodo
1821 5123 1908 5172 ea,
1935 5124 2057 5177 qua:

537 5217 583 5248 ⁸⁸
615 5219 753 5274 Luc.
784 5237 823 5286 ι,
847 5219 937 5275 39.

543 5356 655 5422 (Gl)
690 5357 956 5434 Spectant
978 5359 1092 5414 haec
1123 5360 1188 5414 ad
1209 5363 1566 5434 colloquium,
1600 5363 1747 5434 quod
1773 5365 2040 5420 interces-

469 5431 606 5482 sisse
628 5427 880 5504 nonmilli
929 5429 1202 5504 tinxerunt
1239 5427 1524 5504 Deiparam
1556 5427 1724 5489 inter
1773 5444 1827 5488 et
1875 5450 2040 5504 spon-

470 5514 592 5552 sum
619 5499 739 5564 ejus
767 5499 1088 5573 Josephum,
1131 5499 1352 5573 quando
1381 5505 1469 5556 hic
1517 5513 1883 5573 praegnantem
1905 5499 2038 5558 'eam

471 5570 701 5622 invenit.
752 5569 1051 5642 Fatendum
1080 5579 1165 5622 est
1210 5571 1380 5642 enim,
1431 5569 1728 5642 scriptores
1767 5574 2035 5642 quosdam

471 5639 524 5691 in
567 5639 825 5708 alloquiis
877 5639 1028 5713 hisce
1081 5639 1330 5713 tegendis
1365 5657 1485 5713 __sno
1517 5639 2040 5713 ipsorum—ingenio

473 5710 653 5774 potius
684 5707 847 5778 quam
886 5711 961 5762 rei
995 5707 1458 5763 verisimilitudini
1517 5707 1775 5767 serviisse
1805 5754 1818 5774 ,
1857 5707 1913 5768 ei.
1952 5714 2034 5766 in-

473 5778 686 5850 terdum
705 5795 815 5834 non
829 5778 1161 5850 satisdecori
1183 5787 1280 5831 aut
1296 5789 1496 5834 saneta:
1517 5782 1752 5850 Virginis
1772 5793 1868 5836 aut
1893 5783 2034 5838 beati

467 5843 690 5914 Joscphi
766 5849 1131 5919 prospexisse.
1183 5850 1469 5918 Quidpiam
1523 5843 1792 5922 ejusmodi
1846 5855 2034 5906 tidem

2227 4741 2302 4794 B'.
2346 4739 2498 4793 Ἐπεὶ
2535 4737 2590 4790 δὲ
2636 4738 2817 4804 πάσης
2861 4738 2960 4806 μὲν
2998 4735 3310 4797 ὑποθέσεως
3358 4734 3581 4804 ἐξῆρται
3633 4734 3744 4784 τῶν

2157 4831 2353 4899 λόγων,
2403 4830 2620 4882 πάντων
2663 4827 2718 4880 δὲ
2755 4828 2864 4878 τῶν
2899 4829 2998 4897 τῆς
3029 4825 3306 4895 σωτηρίας
3332 4827 3362 4894 ὴ
3375 4825 3492 4892 μῶν
3522 4821 3742 4889 ἀγαθῶν

2158 4923 2375 4993 πλήρης
2403 4922 2436 4990 ἡ
2482 4919 2733 4990 παροῦσα
2765 4918 3075 4988 καθέστηκε
3125 4915 3465 4973 διδασκαλία,
3523 4913 3638 4975 πῶς
3676 4914 3742 4964 ἂν

2157 5014 2645 5084 καταμελήσαντες
2673 5009 2734 5064 τὸ
2761 5008 3142 5080 μεγαλωφελὲς
3168 5007 3374 5074 ταύτης
3401 5006 3744 5075 ζημιωθείη-

2159 5123 2296 5178 μεν;
2333 5103 2458 5168 Πῶς
2497 5103 2553 5156 δὲ
2599 5101 2674 5173 μὴ
2706 5101 3202 5174 περιπτυσσόμενοι
3245 5100 3314 5152 τὰ
3349 5100 3618 5170 εἰρημένα
3643 5100 3744 5168 τῆς

2149 5368 2279 5424 licet
2303 5377 2360 5424 et
2383 5369 2435 5424 in
2459 5369 2694 5440 quadam
2723 5369 2916 5424 incerti
2941 5367 3184 5440 auctoris
3201 5367 3425 5422 homilia
3447 5371 3500 5424 in
3519 5366 3740 5422 Annuu-

2149 5441 2427 5510 tjatiouem
2477 5439 2741 5510 Deiparw,
2784 5455 2906 5508 qua:
2935 5439 3024 5510 edi
3058 5441 3348 5510 consuevit
3394 5440 3538 5494 inter
3570 5453 3739 5510 opera

2151 5507 2208 5562 S.
2265 5511 2421 5582 Joan.
2478 5507 3074 5582 Chrysostomiiledit.
3117 5509 3352 5582 ‘Moutl'.
3421 5520 3551 5563 tom.
3608 5507 3736 5582 LIX,

2149 5593 2273 5647 pag.
2321 5579 2480 5650 8H);
2528 5577 2658 5633 dum
2690 5581 2838 5634 enim
2887 5577 3053 5650 Virgo
3101 5577 3440 5650 describitur
3479 5579 3732 5648 angelum

2147 5663 2248 5718 ceu
2277 5649 2625 5704 seductorem
2657 5650 2952 5718 repellens,
3001 5649 3145 5702 inter
3175 5649 3301 5710 alia,
3338 5659 3397 5703 ut
3419 5650 3484 5702 ad
3516 5659 3734 5702 mature

2148 5717 2468 5788 fugiendum
2499 5720 2647 5774 hunc
2675 5717 2939 5787 impellat,
2974 5718 3260 5774 inducitur
3289 5719 3502 5785 dicens,
3533 5734 3732 5784 senem,

2143 5787 2442 5858 Josephnm
2472 5803 2689 5859 nempe,
2717 5803 2826 5842 esse
2848 5789 3162 5862 zelotypum.
