4104 6414
409 454 506 518 661

1226 456 1510 517 ORATIO
1541 458 1623 519 IN
1656 459 1759 521 SS.
1802 459 2156 521 DEIPAPuE
2197 461 2632 522 VISITATION
2644 462 2767 521 ΕΜ.

3554 462 3662 525 662

408 570 561 632 θείας
610 569 827 640 ἐκείνης
872 572 1368 643 κατατρυφήσομεν
1399 574 1660 645 μνήμης;
1695 573 1798 628 Τὸν
1831 576 1996 629 ἀοίδι-
2023 622 2030 633 .

2118 575 2247 631 licta
2280 576 2509 638 fuerint,
2540 589 2756 629 summo
2790 588 2915 629 cum
2957 572 3156 628 aﬂ‘ectu
3189 571 3545 641 excipientes,
3572 588 3679 625 non

411 681 509 731 μον
543 663 1029 732 ὕπερεκκαύσομεν
1057 662 1258 730 πόθονς
1289 664 1400 733 Τῆς
1438 664 1839 736 καθαρωτάτης
1867 666 1990 735 {ﬁo-

408 755 507 823 νῆς
534 754 1049 823 καταπολαύσομεν,
1077 755 1228 818 ὅπως
1250 756 1520 825 στέφανον
1545 756 1644 827 μὲν
1671 759 1994 828 καυχήσεως

408 846 535 909 τοὺς
568 844 780 913 λόγους,
816 843 1048 897 πλοῦτον
1087 844 1143 898 δὲ
1196 846 1464 913 πολυτελῆ
1516 846 1585 901 τὰ
1616 847 1864 918 νοήματα
1894 846 1993 919 θη·-

411 934 792 1004 σαυρίσαντες,
820 933 989 1005 αὐτὴν
1016 934 1234 1004 ἐκείνην
1263 937 1321 987 ἐν
1341 938 1460 998 ταῖς
1496 935 1747 1006 καρδίαις
1776 952 1995 989 συνεισ-

409 1024 748 1096 οικισὼμεθα
788 1024 887 1095 τὴν
939 1027 1303 1092 ἀναφαίρετον
1331 1027 1618 1096 ἀφθονίαν,
1642 1027 1731 1081 τὸν
1765 1026 1996 1081 πλοῦτον

410 1115 508 1185 τῆς
540 1115 700 1187 ἡμῶν
742 1115 1037 1186 σωτηρίας,
1085 1117 1144 1169 τὸ
1186 1117 1554 1188 πολυτίμητον
1594 1119 1902 1190 κειμήλιον,
1935 1119 1995 1172 τὸ

410 1208 638 1275 ταμεῖον
672 1207 772 1277 τῆς
802 1209 1142 1278 Δεσποτικῆς
1190 1210 1523 1278 οἰκονομίας,
1578 1210 1671 1264 τὸν
1717 1209 1998 1282 θησαυρὸν

413 1303 523 1353 τῶν
553 1302 892 1371 ἀποκρύφων
933 1304 1175 1370 ἀγαθῶν,
1207 1304 1298 1357 τὸν
1342 1305 1607 1373 στέφανον
1643 1306 1743 1371 τῆς
1783 1305 1997 1377 ἀνθρω-

423 1394 675 1464 πότητος,
703 1394 765 1447 τὸ
809 1395 1241 1466 ἐγκαλλώπισμα
1270 1396 1371 1465 τῆς
1403 1397 1654 1466 φύσεως;
1686 1398 1859 1451 Ὅπου
1889 1398 1998 1468 γὰρ

424 1489 457 1554 ὴ
487 1487 689 1555 ταύτης
719 1486 980 1555 διηνεκῶς
1010 1489 1353 1542 ἐναπόκειται
1382 1476 1739 1559 μνήμηίέκεῖ
1762 1491 2001 1558 ἀναμφι-

417 1578 585 1641 ϐόλως
641 1581 735 1632 καὶ
788 1583 820 1650 ή
882 1581 1087 1649 ταύτης
1138 1583 1237 1635 οὐκ
1295 1582 1651 1637 ἀπολείπεται
1706 1584 1997 1653 παρουσία.

428 1670 859 1740 Ἑναποθὼμεθα
887 1673 1069 1727 τοίνυν
1098 1675 1155 1726 ὲν
1187 1677 1308 1738 ταῖς
1351 1675 1550 1747 ψυχαῖς
1590 1678 1746 1747 ήμῶν
1770 1676 2000 1749 ταύτην,

414 1764 473 1813 ἐν
498 1763 712 1826 ἑαυτοῖς
739 1766 829 1816 τὶν
858 1765 1225 1836 πολυτίμητον
1251 1768 1679 1839 ταμιευσὼμεθα
1704 1769 2001 1840 θησαυρὸν,

416 1855 896 1924 ἐμπορευσώμεθα
957 1857 1049 1910 τὸν
1107 1859 1207 1927 τῆς
1267 1860 1459 1929 σοφίας
1518 1860 1689 1930 αὐτῆς
1746 1859 2001 1926 πλοῦτον,

2096 668 2533 739 jucundabimur
2554 667 2755 721 divinae
2782 667 2931 720 illius
2955 665 3258 720 memoria?
3280 662 3567 729 Quomodo
3589 678 3686 717 no-

2100 759 2369 814 bilissima
2399 758 2454 812 in
2483 757 2644 812 nobis
2675 772 2840 827 supra
2888 756 3113 810 modum
3161 771 3272 809 non
3324 754 3683 809 incendcmus

2101 849 2411 904 desideria?
2463 847 2750 914 Quomodo
2806 864 2914 903 non
2977 848 3270 915 purissima
3332 848 3684 915 perfruemur

2103 942 2405 1011 voluptate,
2436 949 2496 995 ut
2520 957 2645 997 cum
2678 940 2842 1012 (ejus)
2877 941 3045 995 verba
3087 938 3311 1009 quidem
3363 953 3465 992 ceu
3518 953 3683 990 coro-

2106 1049 2230 1087 nam
2261 1034 2468 1104 gloriaa,
2513 1049 2671 1089 sensa
2705 1049 2839 1088 vero
2886 1048 2987 1087 ceu
3024 1032 3323 1102 pretiosam
3373 1046 3559 1100 gazam
3595 1030 3681 1082 iu.

2104 1136 2220 1180 star
2264 1127 2509 1181 thesauri
2562 1127 2972 1196 collegerimus,
3039 1125 3186 1178 illam
3219 1123 3390 1193 ipsam
3437 1137 3680 1190 quoque.

2106 1230 2227 1285 quae
2257 1217 2536 1286 opulentia
2566 1225 2650 1272 est
2677 1216 2841 1285 diripi
2874 1215 3062 1270 nescia
3084 1215 3217 1284 (δε),
3258 1213 3464 1267 divitiae
3490 1212 3685 1266 salutis

2105 1316 2330 1373 nostrze,
2379 1309 2679 1375 pretiosum
2742 1322 2966 1376 prorsus
3021 1307 3324 1367 eimelimn,
3383 1304 3686 1358 Dominica:

2106 1399 2533 1468 dispensationis
2559 1402 3022 1469 promptuarium,
3057 1413 3383 1453 arcanorum
3414 1398 3681 1451 honorum

2109 1492 2420 1555 thesaurus,
2452 1490 2812 1546 humanitatis
2847 1499 3077 1551 sertum.
3127 1499 3335 1542 natura:
3367 1497 3568 1541 nostrm
3594 1501 3681 1536 0r-

2109 1592 2448 1646 namentum,
2483 1580 2536 1633 in
2573 1580 2836 1634 cordibus
2864 1579 3069 1633 nostris
3096 1578 3472 1632 inhabitatum
3512 1576 3688 1629 intra-

2109 1670 2551 1727 ducamus?Ubi
2604 1671 2752 1725 enim
2798 1670 2947 1724 illius
2972 1668 3176 1740 jugiter
3224 1668 3368 1721 inest
3394 1667 3683 1720 uiemoria.

2110 1760 2186 1815 ibi
2216 1761 2383 1816 dubio
2419 1760 2609 1830 procul
2643 1776 2825 1829 neque
2855 1760 3030 1829 ipsius
3059 1757 3410 1813 desideratur
3449 1771 3687 1825 praesen-

2112 1854 2206 1908 tia.
2244 1854 2378 1908 Eam
2412 1854 2595 1923 itaque
2645 1853 2985 1908 collocemus
3030 1853 3083 1905 in
3130 1852 3330 1906 animis
3363 1848 3595 1913 nostris;
3630 1847 3685 1899 iu

416 1945 713 1999 κάντεῦθεν
761 1947 821 2001 τὸ
872 1951 1343 2018 περισπούδαστον
1384 1952 1838 2021 συναθροίσαντες
1874 1952 2006 2023 κέρ-

2118 1945 2272 2000 nobis
2303 1946 2437 2015 ipsis
2462 1945 2923 2014 pretiosissimum
2956 1944 3107 1997 hunc
3141 1943 3459 1996 thesaurum
3495 1956 3690 1995 recou—

414 2036 525 2101 δος,
558 2037 930 2107 διανείμωμεν
964 2043 1073 2105 τοῖς
1108 2041 1429 2109 ἐπιζητοῦσι
1462 2042 1563 2113 τὴν
1597 2043 1740 2095 κατὰ
1773 2042 2004 2111 δύναμιν

417 2130 722 2184 διακονίαν.
777 2133 1032 2186 Ποικίλον
1088 2135 1198 2205 γὰρ
1250 2134 1314 2205 δὴ
1367 2134 1525 2189 τοῦτο
1563 2135 1656 2188 καὶ
1692 2134 2004 2197 πολυτελὲς,

419 2223 514 2274 καὶ
546 2222 856 2291 κρείττονος
886 2226 984 2296 τῆς
1016 2229 1430 2300 ἐμπορεύσεως.

2114 2036 2343 2103 damus;
2383 2036 2607 2090 divitias
2640 2033 2923 2104 sapientiae
2966 2034 3161 2103 ipsius,
3203 2033 3461 2088 eximiam
3497 2032 3690 2100 utique

2115 2141 2376 2191 mercem,
2412 2127 2806 2196 importemus;
2839 2134 3044 2180 etcum
3068 2123 3196 2178 inde
3218 2123 3465 2178 studiose
3494 2123 3688 2193 exqui-

2115 2224 2282 2278 situm
2329 2224 2546 2279 lucrum
2588 2221 3090 2293 eorrogaverimus,
3145 2221 3236 2285 iis,
3272 2220 3370 2289 qui
3416 2226 3688 2288 quazrant,

419 2312 790 2368 ministerium
830 2332 930 2386 pro
976 2318 1188 2374 viribus
1234 2320 1564 2375 tribuamus.
1597 2320 1815 2375 Varium
1890 2315 2038 2373 enim
2083 2316 2189 2371 hoc
2214 2324 2319 2383 est,
2351 2325 2408 2371 et
2466 2315 2777 2386 multiplex,
2803 2324 2970 2383 atque
2999 2312 3266 2382 optimam
3312 2310 3479 2365 habet
3527 2323 3695 2378 nego-

421 2404 724 2461 tiationem.

493 2496 567 2549 1".
610 2498 770 2569 Ἀρτι
796 2500 894 2571 μὲν
924 2495 1017 2555 οὖν
1062 2500 1161 2571 τὴν
1206 2501 1346 2573 ὑπὲρ
1377 2502 1588 2557 ἔννοιαν
1626 2504 1801 2574 χαρὰν
1841 2505 1873 2573 ἡ
1913 2501 2014 2572 τῆς

422 2586 598 2655 χαρᾶς
632 2589 782 2642 αἰτία
830 2590 1124 2663 δεξαμένη,
1171 2592 1318 2663 ἔργῳ
1351 2594 1409 2647 δὲ
1438 2594 1514 2665 τῷ
1548 2596 1845 2666 ἀποῤῥήτῳ
1875 2596 2010 2648 καθ-

426 2676 782 2749 υπουργοῦσα
804 2683 1110 2755 μυστηρίῳ,
1128 2683 1357 2737 ἔσπευδε
1382 2686 1475 2739 καὶ
1498 2685 1605 2738 τῶν
1617 2686 2013 2757 τῆςἘλισάϐετ

429 2773 487 2822 ἐν
533 2774 883 2849 πληροφορίᾳ
932 2777 1270 2847 καταστῆναι
1322 2778 1637 2847 θαυμάτων.
1706 2777 1845 2840 Ἀλλ’
1890 2776 2013 2831 ἐπεὶ

435 2863 818 2937 σχολαιοτέραν
874 2868 973 2938 τὴν
1039 2868 1137 2922 σὺν
1191 2869 1329 2940 αὐτῇ
1395 2868 1680 2939 διατριϐὴν
1733 2868 2011 2938 ἐκεκρίκει

435 2955 799 3024 ποιήσασθαι,
846 2958 914 3011 τὰ
974 2958 1072 3028 τὴν
1122 2959 1421 3030 ἐπιθυμίαν
1466 2960 1603 3030 αὐτῇ
1657 2961 2015 3029 διατέμνοντα

334 3088 347 3099 ,
436 3049 836 3118 προευμαρίζει
869 3051 1110 3120 πρῶτον,
1133 3052 1208 3116 ὡς
1234 3053 1300 3106 ἂν
1333 3053 1408 3124 μὴ
1427 3055 1547 3115 ταῖς
1575 3053 1754 3106 αὐτῶν
1784 3053 2017 3119 ἐννοίαις

434 3141 791 3211 ἐπειγομένη,
846 3142 1137 3216 διαμάρτοι
1188 3143 1265 3215 τῷ
1314 3145 1473 3217 τάχει
1515 3144 1608 3199 τοῦ
1658 3146 2018 3215 προτεθέντος

436 3229 662 3284 σκοποῦ.
731 3231 937 3286 Ἐκεῖνο
994 3234 1053 3287 δὲ
1114 3235 1315 3303 μᾶλλον
1366 3236 1475 3289 τῶν
1519 3236 1841 3308 ἀναγκαίων
1878 3236 2016 3306 αὐτῇ

438 3322 821 3393 κατεφαίνετο,
856 3324 914 3379 τὸ
943 3328 1054 3388 τοῖς
1091 3327 1297 3399 ἱερεῦσι
1333 3331 1761 3400 προηγουμένως
1790 3328 2022 3382 ἀποδοῦ-

438 3431 528 3467 ναι
552 3415 612 3468 τὸ
640 3416 785 3486 ἱερὸν
814 3418 993 3490 ἔργον.
1024 3420 1218 3488 Σαφῶς
1244 3419 1355 3492 γάρ
1384 3422 1441 3474 ἐν
1471 3422 1638 3493 ἑαυτῇ
1670 3420 2019 3491 λογιζομένη,

437 3506 709 3578 διέκρινεν
735 3508 909 3575 οὕτως
936 3526 949 3539 ·
982 3513 1058 3573 ὡς
1088 3511 1247 3581 εἴπερ
1289 3510 1364 3583 μὴ
1406 3510 1566 3566 τοῦτο
1608 3511 2016 3583 διοικονομηθῇ,

439 3601 656 3675 ἀνάγκῃ
704 3602 800 3657 δύο
842 3604 1283 3673 κατεπειγόντων
1326 3605 1455 3675 περὶ
1495 3606 1553 3657 τὸ
1602 3603 1659 3658 ἓν
1698 3606 2023 3675 διαμαρτεῖν

443 3692 787 3762 συμϐήσεται
812 3710 827 3726 ’
865 3694 926 3747 τὸ
959 3695 1058 3765 μὲν
1082 3696 1190 3765 γὰρ
1221 3696 1313 3748 ἐπὶ
1334 3696 1579 3749 κίνδυνον
1604 3695 1925 3748 ἐπαπειλεῖ·
1962 3697 2025 3749 τὸ

441 3782 499 3835 δὲ
529 3783 627 3855 τὴν
648 3785 953 3855 ἀποτυχίαν
982 3786 1304 3841 διαϐεϐαιοῖ.
1338 3788 1400 3840 Εἰ
1437 3788 1534 3857 μὲν
1563 3789 1673 3858 γὰρ
1698 3788 1730 3859 ή
1756 3788 1893 3858 πρὸς
1922 3788 2023 3858 τὴν

442 3876 736 3945 συγγενίδα
794 3878 1165 3949 καθηγήσοιτο
1229 3879 1429 3949 πορεία
1498 3879 1864 3951 χρονιωτέραν
1922 3880 2023 3949 τὴν

441 3967 726 4039 διάσκεψιν
756 3970 1085 4037 ἀπαιτοῦσα,
1124 3974 1158 4043 ή
1196 3971 1291 4025 τοῦ
1339 3973 1398 4024 ὲν
1436 3974 1623 4043 χερσὶν
1662 3972 1823 4044 ἔργου
1856 3973 2025 4044 ἀργία

442 4059 521 4122 είς
543 4060 876 4132 ἀναζήτησιν
906 4062 1030 4125 τοὺς
1058 4062 1229 4132 ἱερεῖς
1252 4063 1576 4132 διανίστησι.
1610 4064 1700 4117 Διὸ
1732 4063 1896 4117 πολὺν
1927 4063 2025 4133 μὲν

442 4150 536 4204 τὸν
570 4150 801 4221 θόρυϐον
836 4154 894 4206 ἐν
933 4155 1000 4224 τῇ
1035 4153 1206 4223 οἰκίᾳ,
1246 4153 1447 4222 πολλὴν
1481 4154 1537 4207 δὲ
1565 4154 1665 4224 τὴν
1704 4153 1934 4224 ἔρευναν
1967 4154 2025 4207 ἐν

442 4241 523 4313 τῷ
550 4243 697 4310 γένει
744 4243 1080 4315 ποιήσοιντο,
1127 4245 1412 4309 πλείσταις
1448 4247 1505 4298 δὲ
1543 4247 1664 4309 ταῖς
1711 4245 2027 4315 κωμῳδίαις

442 4334 534 4387 τὸν
569 4334 803 4405 γέροντα
850 4336 1141 4407 μᾶλλον,ἢ
1189 4338 1291 4409 ἐμὲ
1342 4338 1798 4409 καταντλήσουσι.
1840 4337 1906 4391 Τί
1963 4338 2027 4392 οὐ

442 4426 698 4494 λέγοντες
727 4444 742 4492 ;
784 4428 839 4481 τί
864 4428 921 4484 δὲ
951 4429 1012 4485 οὐ
1054 4429 1437 4502 βουλευόμενοι
1481 4432 1591 4484 τῶν
1622 4432 1882 4487 τοιούτων
1912 4432 2028 4485 ἐπι·

444 4521 767 4592 χειρήσαιεν
800 4526 1192 4595 σκωμμάτων;
1232 4525 1396 4597 Ὅρα,
1445 4526 1703 4597 φήσουσι,
1747 4542 2027 4598 καταφρο-

2186 2497 2274 2553 111.
2307 2496 2429 2551 Mox
2484 2494 2799 2566 itaqueilla
2839 2493 3027 2566 gaudii
3056 2492 3230 2548 nostri
3273 2489 3511 2555 auctrix,
3568 2503 3691 2543 eum

2113 2589 2396 2659 gaudium,
2430 2586 2577 2656 quod
2634 2602 2856 2642 omnem
2887 2600 3111 2641 sensum
3156 2589 3473 2651 exsuperat,
3532 2582 3589 2634 in
3638 2594 3695 2633 se

2112 2680 2439 2749 excepisset,
2474 2687 2531 2733 ct
2580 2678 2844 2733 ineffabili
2894 2677 3158 2748 mysterio
3192 2678 3304 2745 jam
3349 2687 3518 2742 opere
3550 2686 3695 2740 prae-

2112 2781 2279 2826 staret
2312 2769 2686 2823 ministerium
2723 2785 2910 2834 suum,
2939 2770 3008 2822 de
3058 2765 3389 2821 Elisabethre
3430 2769 3697 2832 praeterea

2111 2862 2387 2932 portentis
2412 2875 2598 2915 coram
2638 2860 2847 2914 certior
2898 2857 3019 2913 ﬁeri
3068 2856 3385 2927 exoptabat.
3415 2854 3523 2910 Sed
3559 2868 3697 2923 quo-

2113 2955 2261 3008 niam
2287 2953 2597 3023 longiorem
2621 2951 2766 3021 apud
2806 2951 2952 3015 illam
2989 2950 3172 3004 facere
3228 2962 3440 3002 moram
3487 2945 3702 3000 consti-

2115 3057 2329 3113 tuerat;
2363 3047 2430 3100 ab
2454 3045 2541 3109 iis,
2569 3059 2690 3114 qua:
2712 3042 2956 3099 studium
2980 3056 3140 3097 suum
3168 3040 3274 3094 alio
3292 3035 3698 3100 distrahebant,

2117 3140 2171 3194 in
2207 3147 2559 3193 antecessum
2623 3152 2682 3191 se
2730 3134 2977 3206 expedit,
3038 3149 3109 3189 ne
3144 3131 3461 3203 huiusmodi
3510 3142 3699 3198 pressa

2120 3232 2272 3288 curis
2323 3240 2547 3300 propter
2590 3229 2818 3284 nimiam
2856 3226 3265 3283 festinationem
3335 3239 3364 3277 a
3418 3220 3703 3292 proposito

2047 3293 2093 3352 Ο
2130 3325 2234 3379 sibi
2265 3293 2439 3394 scopo.
2459 3322 2763 3379 excideret.
2826 3320 2966 3375 Illud
2998 3333 3163 3389 porro
3194 3332 3307 3387 pra:
3339 3314 3571 3383 reliquis
3599 3327 3701 3366 ne-

2124 3417 2425 3473 cess-arium
2458 3416 2561 3485 ipsi
2591 3414 2905 3475 videbatur,
2940 3420 3002 3466 ut
3034 3407 3423 3464 sacerdotibus
3479 3418 3699 3460 sacrum

2126 3510 2429 3581 (purpurm)
2489 3524 2629 3577 opus
2710 3506 2823 3577 (65)
2874 3505 3031 3574 prius
3084 3503 3351 3558 traderet.
3409 3497 3702 3567 Sapienter

2124 3601 2296 3664 enim,
2325 3615 2512 3654 secum
2556 3599 2671 3667 ipsa
2705 3612 2823 3651 rem
2857 3593 3230 3665 perpendens,
3272 3592 3349 3646 ita
3402 3588 3703 3645 ratiocina-

2125 3693 2292 3747 batur
2354 3711 2367 3745 :
2410 3688 2525 3743 Nisi
2572 3688 2887 3744 consultum
2926 3686 3058 3740 huic
3102 3685 3183 3739 rei
3223 3682 3414 3744 fuerit,
3476 3692 3706 3750 prorsus

2126 3787 2427 3857 continget,
2456 3795 2515 3839 ut
2547 3799 2672 3838 cum
2705 3783 2834 3836 bina
2873 3787 3125 3850 urgeant,
3159 3776 3342 3848 quoad
3376 3774 3703 3829 alterutrum

2128 3880 2269 3935 haud
2313 3888 2460 3933 recte
2485 3876 2615 3931 mihi
2651 3891 2740 3930 res
2762 3873 2922 3929 cedat
2958 3889 2973 3927 :
3003 3870 3269 3941 etutique
3300 3874 3396 3923 aut
3415 3868 3703 3922 molestum

2129 3970 2478 4027 subeundum
2512 3968 2808 4023 discrimen
2832 3965 2960 4029 erit,
3003 3973 3101 4018 aut
3140 3970 3292 4017 certe
3313 3957 3573 4028 explendi
3611 3956 3708 4011 de-

2131 4062 2317 4118 siderii
2352 4062 2459 4116 mei
2502 4075 2627 4130 Spes
2659 4059 2840 4113 omnis
2886 4065 2969 4111 cst
3015 4052 3345 4126 abjicienda.
3380 4049 3447 4105 Et
3496 4063 3629 4104 sane
3660 4047 3705 4102 si

2132 4154 2199 4208 ad
2226 4160 2511 4223 cognatam
2542 4151 2696 4221 prius
2722 4149 3065 4220 proficiscar,
3096 4146 3243 4216 quod
3269 4144 3463 4212 utique
3489 4141 3709 4195 diutur-

2131 4244 2318 4299 niores
2339 4259 2500 4298 curas
2520 4242 2713 4313 exigit,
2744 4240 3024 4296 cunctatio
3047 4236 3346 4295 exhibendi
3371 4249 3534 4304 opus,
3562 4230 3710 4301 quod

2131 4352 2245 4409 pra:
2287 4336 2549 4391 manibus
2578 4335 2774 4400 habeo,
2805 4335 2870 4389 ad
2927 4331 3363 4404 perquirendum
3421 4328 3491 4383 de
3528 4341 3596 4381 eo
3620 4339 3713 4379 sa-

2133 4429 2388 4485 cerdotes
2438 4428 2805 4499 permovebit.
2849 4427 2999 4480 llaud
3050 4425 3362 4479 mediocres
3410 4427 3710 4491 propterea

2135 4522 2329 4578 turbas
2350 4522 2497 4577 domi
2526 4520 2873 4583 excitabunt,
2898 4519 3042 4574 inter
3070 4523 3334 4587 cognatos
3369 4511 3604 4567 sollicite
3630 4510 3715 4563 in-

444 4612 656 4681 νήσεως
682 4612 987 4685 ὑπερϐολήν
1006 4632 1019 4647 ·
1046 4616 1150 4685 δρα
1169 4616 1270 4686 τὴν
1296 4616 1405 4671 τῶν
1432 4616 1593 4672 θείων
1627 4617 2028 4688 παραγγελμά-

2134 4615 2334 4686 dagare
2365 4616 2682 4679 instituent,
2702 4622 2869 4683 atque
2903 4598 3121 4666 acerbis
3150 4606 3504 4664 sermonibus
3523 4616 3711 4658 senem

443 4722 551 4758 των
581 4706 923 4778 ἐπιλήσμονα
948 4709 1176 4781 γνώμην
1205 4709 1300 4764 τοῦ
1336 4712 1535 4783 Ἰωσήφ
1553 4728 1565 4742 ⁸
1594 4712 1697 4784 ὅρα
1720 4710 2029 4783 πρεσϐύτου

445 4798 703 4870 νεανικὴν
729 4799 935 4869 τόλμαν
957 4817 970 4832 '
1002 4801 1102 4872 τὴν
1144 4800 1238 4855 τοῦ
1268 4802 1406 4856 Θεοῦ
1441 4805 1663 4873 παρεῖδε
1694 4803 1875 4873 ψῆφον
1904 4818 1917 4832 ’
1951 4804 2032 4867 είς

443 4890 598 4943 οὐδὲν
639 4892 700 4945 τὸ
730 4893 1111 4965 φοϐερώτατον
1150 4895 1267 4949 τῶν
1308 4896 1694 4967 ἠπειλημένων
1733 4896 1915 4950 ἔθετο·
1950 4896 2031 4949 διὸ

443 4984 511 5052 τῇ
567 4982 690 5037 καθ’
740 4986 933 5039 ἑαυτὸν
982 4985 1161 5056 πλάνῃ
1211 4986 1310 5054 τῆς
1355 4987 1450 5040 τοῦ
1499 4987 1634 5040 Θεοῦ
1678 4988 2028 5057 κατημέλησε

445 5075 946 5147 παρακαταθήκης.
1000 5076 1112 5130 Ποῦ
1169 5076 1266 5131 νῦν
1318 5078 1467 5131 ἐστιν
1520 5080 1553 5147 ή
1611 5076 2028 5150 θαλαμευομένη

446 5166 762 5237 Παρθένος;
796 5169 906 5222 Ποῦ
953 5169 1013 5223 τὸ
1044 5169 1376 5224 Δεσποτικδν
1430 5168 1691 5240 ἀνάθημα
1738 5169 2028 5240 περιάγει;

447 5259 572 5321 Πῶς
601 5259 934 5329 ἀμφοτέροις
958 5262 1021 5313 τὸ
1047 5260 1192 5331 ἱερὸν
1220 5260 1382 5329 ἔργον
1418 5260 1746 5329 παρωράθη,
1774 5261 1869 5313 καὶ
1892 5259 2032 5331 λήθῃ

446 5349 517 5402 τὰ
551 5350 977 5421 προδιδαχθέντα
1006 5349 1413 5422 παρεπέμφθη;
1455 5349 1764 5420 Ἀλλότριον
1792 5351 1901 5405 τῶν
1928 5369 2034 5404 πα⁴

448 5440 639 5513 τρῴων
668 5442 818 5512 ἠθῶν
849 5444 909 5497 τὸ
938 5443 1217 5515 τόλμημα,
1250 5441 1397 5508 ξένος
1425 5443 1453 5495 ό
1476 5443 1677 5513 τρόπος
1701 5446 1793 5496 καὶ
1826 5443 2032 5514 παρθε-

455 5535 608 5604 νικῆς
623 5535 918 5602 ἀσφαλείας
944 5535 1037 5589 καὶ
1060 5533 1435 5605 πρεσϐυτικῆς
1456 5532 1794 5603 ἐπιμελείας.
1815 5533 2033 5587 Τούτων

527 5738 909 5811 (62)Αι)ιόιέιιε
936 5737 1152 5808 egregie
1181 5738 1344 5811 diripi
1370 5751 1542 5790 nemo
1579 5732 1746 5804 Virgo
1795 5733 2022 5811 dicitur,

452 5804 628 5881 quam
650 5808 792 5881 latro
825 5804 1090 5881 infernus
1107 5804 1340 5876 praedari
1375 5804 1950 5881 nunquam_potuerit_..

531 5880 642 5951 (65)
681 5878 873 5933 Vclum
899 5873 1682 5947 scilicet'purpureum,_quod
1730 5874 2027 5930 texendum

2137 4708 2332 4779 magis,
2357 4724 2521 4778 quam
2544 4723 2652 4772 me,
2674 4705 3053 4776 exagitabant.
3080 4701 3223 4768 Quid
3252 4713 3419 4770 porro
3448 4712 3557 4752 non
3586 4704 3716 4749 sunt

2134 4800 2382 4856 dicturi?
2423 4801 2555 4867 Qua:
2589 4807 2773 4854 autem
2811 4796 3045 4852 consilia
3082 4811 3192 4849 non
3239 4788 3573 4863 agitabunt?
3604 4787 3717 4842 llu-

2125 4894 2373 4966 jusmodi
2430 4893 2595 4949 simul
2653 4889 2906 4946 dicteriis
2957 4887 3384 4943 conviciantes:
3436 4882 3585 4947 vide,
3624 4881 3712 4934 in-

2132 4987 2350 5056 quient,
2382 4986 2676 5054 despectus
2723 4994 3013 5038 excessum
3048 4978 3214 5033 :vidc
3255 4977 3570 5032 divinarum
3599 4974 3719 5043 jus-

2135 5079 2354 5133 sionum
2402 5077 2733 5133 obliviosam
2779 5073 3007 5143 Josephi
3052 5079 3292 5126 mentem
3358 5066 3525 5123 :vide
3569 5065 3720 5122 senis

2131 5168 2433 5239 iuvenilem
2496 5183 2753 5223 ausum:
2820 5163 3165 5234 contemptui
3239 5160 3402 5241 ducig
3467 5159 3717 5213 divinum

2136 5258 2424 5313 decretum
2488 5278 2501 5312 :
2538 5259 2775 5312 maxime
2831 5255 3150 5311 tremendas
3186 5253 3363 5307 minas
3407 5267 3505 5321 pro
3543 5250 3720 5304 nihilo

2142 5351 2307 5405 habet
2341 5369 2353 5404 :
2381 5360 2676 5421 propterea
2697 5366 2765 5404 ex
2797 5348 3017 5420 propria
3048 5347 3210 5417 culpa
3236 5347 3289 5400 in
3314 5343 3589 5400 servando
3621 5340 3719 5395 Dei

2143 5444 2397 5513 deposito
2435 5444 2683 5497 ineurius
2704 5442 2827 5496 fuit.
2862 5441 2961 5497 Ubi
2989 5457 3137 5495 nunc
3166 5449 3253 5495 est
3283 5437 3473 5508 Virgo.
3499 5448 3621 5504 qum
3657 5446 3715 5485 se

2143 5532 2289 5588 intra
2344 5533 2584 5604 parietes
2634 5532 3000 5588 continebat?
3050 5531 3170 5597 Quo
3216 5527 3473 5584 circumit
3509 5524 3716 5577 donum

2134 5740 2189 5793 in
2218 5754 2378 5793 usum
2412 5738 2603 5806 templi
2637 5739 2835 5795 sortita
2873 5737 3074 5792 fuerat.
3111 5735 3269 5797 Vide,
3301 5750 3423 5806 quae
3454 5735 3521 5789 de
3560 5748 3620 5787 ea
3654 5747 3713 5787 rc

2135 5810 2191 5864 in
2224 5804 2550 5866 Praefatione
2573 5810 2896 5865 adnotatum
2932 5816 3018 5863 est
3052 5821 3176 5875 sup.
3206 5819 3328 5874 pag.
3360 5804 3487 5858 471.
