4104 6420
329 415 435 480 665

329 621 591 681 ἀνεκίνει,
626 621 745 684 πῶς
785 621 852 674 ἂν
889 623 969 693 τῷ
1023 625 1159 694 ίερεῖ
1194 625 1526 695 ὀμιλήσειενυ
1562 629 1659 696 οὐχ
1700 629 1774 684 ὡς
1808 629 1914 681 τῶν

330 711 452 763 κατ’
486 712 656 783 αὐτὴν
688 714 988 779 ἀγνώστων
1024 716 1195 768 ὄντων
1240 718 1410 786 αύτῷ,
1443 719 1563 772 οὐδὲ
1607 722 1714 790 γὰρ
1752 720 1914 772 τοῦτο

328 804 606 857 διεσκόπει
641 807 673 874 ἡ
735 807 915 874 πάσης
960 807 1276 873 ἐπιδείξεως
1312 811 1550 882 καθαρά·
1585 812 1699 864 ἀλλ’
1727 813 1912 881 ἐπειδὴ

331 894 418 957 ξέν
440 914 464 960 ς)
498 897 988 964 προσδιαλέγεσθαι
1021 901 1288 969 μέλλουσα
1318 898 1405 972 ἦν,
1451 905 1588 956 αἰδοῖ
1623 904 1716 956 τοῦ
1750 907 1910 957 ἀσυν-

332 987 496 1056 ήθους
547 990 1012 1046 κατεκαλύπτετο.
1059 991 1123 1044 Ἦ
1159 993 1266 1063 γὰρ
1307 995 1370 1064 δὴ
1399 996 1505 1047 τῶν
1535 997 1714 1048 καλῶν
1746 997 1916 1064 αὐτῆς

334 1082 496 1149 πεῖρα
530 1123 543 1144 ,
597 1083 659 1135 οὐ
700 1087 813 1146 τοῖς
873 1085 1328 1156 προτεϐεαμένοις
1384 1090 1476 1140 καὶ
1527 1089 1912 1160 χρονικωτέρᾳ.

333 1173 524 1241 σκέψει
561 1179 668 1226 τῶν
699 1180 1244 1250 μετεντυγχανόντων
1287 1182 1491 1250 μᾶλλον
1536 1180 1916 1250 προσεγίνετο,

333 1264 468 1315 ἀλλὰ
498 1266 594 1317 καὶ
627 1270 738 1331 τοῖς
786 1269 964 1332 ἄλλοις
1007 1273 1144 1342 ἀκοῇ
1179 1271 1754 1341 προκατελαμεάνετο·
1778 1271 1918 1325 οὓτω

330 1352 392 1420 δὴ
432 1355 856 1422 προσϐάλλουσα
902 1361 1014 1421 τοῖς
1043 1363 1244 1431 ὁρῶσιν
1281 1363 1313 1430 ἡ
1347 1362 1442 1414 τοῦ
1470 1362 1622 1431 ήλίου
1653 1379 1918 1430 φωτεινο-

329 1444 462 1514 τέρα
497 1448 720 1516 νεφέλη,
761 1452 894 1504 πᾶσι
947 1453 1046 1520 μὲν
1098 1455 1471 1524 ἁκατανὸητος
1522 1454 1759 1523 διέμενε,
1790 1453 1919 1506 δυσο

331 1535 608 1606 Οεώρητος
661 1540 715 1591 δὲ
757 1544 868 1604 τοῖς
929 1547 1124 1599 νεωστὶ
1178 1547 1744 1616 προσεντυγχάνουσιν
1779 1547 1918 1616 αὐτῇ

331 1631 449 1691 ταῖς
483 1632 582 1700 τῆς
617 1631 840 1700 χάριτος
880 1634 1099 1702 αἴγλαις
1140 1637 1463 1694 καθίστατο.

1143 423 1426 485 ORATIO
1469 427 1547 486 IN
1589 427 1690 486 SS.
1754 427 2103 488 DEIPARE
2149 431 2719 497 VlSlTATlONEM.

403 525 575 580 Τοῦτο
601 528 776 581 τοίνυν
806 530 837 600 ἡ
864 529 1236 600 ἁπειρὸκακος
1279 535 1594 600 συν-νοοῦσα,
1621 536 1918 606 λογισμοὺς
1965 549 1994 599 λι

3496 439 3601 501 ΰὲῖὸ

2103 541 2213 592 lloe
2249 542 2432 611 itaque
2467 560 2588 598 cum
2624 558 2812 602 nosset
2849 547 2939 613 illa
2965 549 3211 620 cujusvis
3243 549 3465 604 malitiae
3496 567 3599 605 ne-

2023 631 2133 685 scia
2161 632 2294 700 (61)),
2349 650 2537 688 secum
2573 637 2688 706 ipsa
2749 641 3060 709 reputabat,
3103 656 3341 709 quanam
3385 641 3603 698 ratione

2021 724 2368 779 sacerdotem
2419 727 2725 784 allocutura
2775 741 2956 795 esset;
2999 746 3109 784 non
3173 732 3318 800 quod
3366 748 3488 801 qua:
3532 731 3602 786 ad

2023 815 2194 883 ipsam
2245 818 2616 886 pertinebant,
2657 822 2992 891 incomperta
3026 823 3111 877 isti
3163 825 3342 876 forent
3373 839 3388 886 ;
3423 836 3601 892 neque

2022 909 2168 961 enim
2207 910 2274 963 de
2301 910 2406 964 hoc
2435 913 2667 966 sollicita
2701 924 2814 968 erat
2845 931 2980 984 pura
3016 916 3104 968 illa
3133 914 3200 968 ab
3234 914 3382 968 omni
3415 923 3605 968 osten-

2026 1001 2268 1062 tatione;
2300 1002 2394 1056 sed
2435 1019 2559 1057 cum
2591 1007 2838 1068 ignotum
2884 1007 3164 1060 hominem
3197 1007 3400 1083 alloqui
3435 1021 3596 1075 opor-
3635 1010 3640 1016 ’

2028 1101 2185 1156 teret,
2231 1093 2305 1146 rei
2353 1093 2590 1150 insolitae
2652 1098 2988 1151 verecundia
3035 1098 3480 1151 suffundebatur.
3537 1097 3605 1150 Et

2024 1197 2153 1235 sane
2181 1184 2325 1251 quod
2353 1185 2418 1236 ad
2455 1188 2713 1254 praeclara
2749 1188 2870 1256 ejus
2898 1187 3337 1257 introspicienda
3364 1195 3598 1255 spectat,

2027 1291 2134 1328 non
2161 1276 2334 1345 magis
2367 1293 2430 1330 ea
2470 1288 2753 1346 comperta
2808 1280 2886 1332 illi
2933 1280 3232 1343 habt-haut,
3274 1279 3370 1348 qui
3428 1279 3606 1332 oculis

2025 1383 2144 1420 eam
2179 1379 2598 1437 conspexerant,
2633 1381 2688 1424 et
2725 1373 2959 1440 longiori
2993 1371 3338 1439 inspectione
3359 1380 3606 1425 contem-

2025 1458 2154 1526 plati
2189 1459 2431 1522 fuerant,
2466 1476 2632 1529 quam
2667 1470 2725 1516 et
2751 1462 2842 1515 alii
2875 1477 2940 1515 ex
2970 1462 3163 1515 auditu
3201 1461 3554 1530 perciperent
3588 1477 3601 1513 :

2027 1560 2194 1620 atque
2237 1551 2309 1605 ita
2336 1552 2464 1606 dum
2502 1555 2680 1610 nubes
2706 1555 2796 1610 illa
2827 1557 2943 1610 sole
2979 1553 3217 1609 lucidior
3247 1553 3300 1607 in
3333 1561 3608 1607 contuen-

2030 1643 2165 1696 tium
2193 1657 2478 1714 aspectum
2501 1647 2732 1714 veniret,
2764 1648 3008 1715 cujusvis
3048 1647 3272 1716 quidem
3304 1644 3608 1699 intellectui

332 1724 586 1778 manebat
613 1726 910 1795 imperi'ia;
947 1729 1015 1783 ab
1039 1730 1104 1783 iis
1133 1747 1284 1796 vero,
1319 1733 1412 1801 qui
1445 1732 1622 1803 primo
1651 1734 1706 1788 in
1771 1734 1946 1805 ipsam
1989 1734 2324 1806 inciderent,
2394 1756 2464 1796 ne
2491 1743 2764 1811 aspectari
2793 1743 3018 1813 quidem
3045 1743 3118 1796 ob
3145 1741 3448 1796 emicantes
3484 1752 3609 1808 gra-

333 1821 421 1873 tiae
453 1818 696 1889 fulgo'es
726 1820 883 1876 facile
914 1834 1149 1893 poterat.

401 1919 493 1984 ς’.
515 1920 706 1990 Τούτῳ
735 1922 833 1990 μὲν
862 1921 938 1990 τῷ
962 1922 1150 1992 τρόπῳ
1176 1923 1274 1994 τὴν
1293 1923 1388 1976 τοῦ
1411 1925 1705 1994 προσόντος
1731 1927 1924 1997 ἱερέως

2104 1927 2194 1981 Vl.
2228 1928 2342 1982 Hac
2379 1928 2563 1996 itaque
2614 1929 2826 1982 ratione
2861 1927 2927 1981 ad
2961 1926 3272 1995 proximum
3305 1923 3612 1980 sacerdotis

330 2010 710 2083 ἐδυσχέραινεν
758 2013 975 2082 ὁμιλίαν
1002 2031 1016 2045 ·
1069 2015 1221 2083 ὅμως
1289 2015 1346 2068 δὲ
1385 2016 1466 2086 τῷ
1507 2017 1924 2071 συνευδοκοῦντι

333 2104 430 2155 καὶ
463 2103 542 2173 τῷ
593 2105 654 2156 τὸ
690 2107 994 2176 μυστήριον
1040 2108 1354 2178 ὲνεργοῦντι
1399 2110 1518 2178 Θεῷ
1569 2112 1696 2176 τοὺς
1731 2112 1925 2180 λόγους

331 2195 699 2267 ἁνατιθεμένη
732 2238 746 2260 ,
792 2197 937 2250 οὕτω
989 2201 1434 2270 προσδιελέγετο“
1491 2205 1566 2256 Σὺ
1599 2245 1614 2269 ,
1653 2205 1924 2266 Δέσποτα,

331 2287 594 2355 λέγουσα,
625 2288 700 2352 ὡς
732 2292 827 2343 καὶ
853 2292 963 2344 τῶν
989 2292 1090 2362 ἤδη
1128 2293 1453 2360 φθασάντων
1483 2297 1563 2359 εἰς
1601 2297 1699 2366 ἐμὲ
1728 2296 1787 2348 τὸ
1827 2296 1928 2350 πέ-

336 2396 435 2448 ρας
483 2381 851 2451 ἀγαθωτέρως
898 2384 1340 2454 διῳκονόμησας,
1393 2387 1817 2455 ἀκατάγνωστον
1867 2405 1926 2441 τε

331 2471 434 2540 τὴν
475 2473 678 2527 οἰκέτιν
739 2493 833 2528 σου
867 2477 1215 2547 διετήρησας,
1257 2481 1351 2532 καὶ
1397 2481 1456 2531 τὸ
1502 2480 1594 2532 τοῦ
1639 2481 1926 2548 μέλλοντος

333 2565 666 2619 Sustineat-0v
723 2569 1043 2622 ἐποπτεύων
1111 2571 1432 2635 διευθύνοις.
1492 2573 1604 2642 Τῆς
1657 2573 1757 2642 σῆς
1814 2573 1924 2642 γὰρ

333 2653 462 2708 ὄντα
504 2657 846 2727 προμηθείας
891 2658 1164 2729 ἑκάτερα,
1203 2660 1399 2728 Κύριε,
1440 2662 1544 2715 ὑπὸ
1597 2661 1690 2713 σοῦ
1748 2679 1926 2731 παρα-

335 2746 500 2812 δόξως
522 2748 991 2820 ἁποπληροῠνται,
1022 2751 1180 2820 ξένην
1214 2752 1404 2823 ἔχοντα
1434 2754 1526 2806 καὶ
1557 2756 1658 2824 τὴν
1687 2754 1924 2825 ὓπαρξιν

339 2841 436 2894 καὶ
471 2842 570 2912 τὴν
617 2843 864 2897 ἔκϐασιν.
931 2845 1027 2906 Τίς
1062 2845 1192 2914 γὰρ,
1229 2839 1273 2897 ὦ
1317 2846 1627 2916 Δημιουργέ
1662 2864 1785 2918 μου,
1817 2847 1926 2898 τῶν

339 2937 835 3004 προγεγενημένων
869 2936 1114 2998 δικαίων,
1148 2938 1409 2990 τοιούτων
1463 2947 1556 2993 καὶ
1589 2940 1925 3008 τηλικούτων

338 3025 570 3092 ἠξίωται
632 3027 742 3079 τῶν
805 3026 1073 3095 δωρεῶνς
1129 3028 1226 3090 Τίς
1272 3028 1607 3096 κατάλληλον
1659 3029 1780 3099 ἐμοὶ
1830 3027 1927 3098 τὴν

342 3118 507 3188 μέχρι
539 3117 641 3186 τῆς
671 3117 954 3187 παρούσης
999 3119 1062 3171 ὲκ
1102 3119 1337 3188 βρέφους
1372 3120 1646 3189 διαγωγὴν
1677 3117 1923 3188 ἐκληρὼ-

341 3225 514 3276 σατο;
551 3209 646 3272 Τίς
679 3211 1034 3282 πατριαρχῶν
1084 3212 1356 3281 κατήκοος
1403 3213 1802 3282 παραπλησίως
1835 3212 1925 3281 γέ-

338 3317 496 3368 γονεν
531 3301 880 3371 ὑποσχέσεων
936 3302 1236 3367 τοιούτων;
1291 3304 1448 3367 Τίνος
1506 3300 1622 3358 ὦτα
1671 3303 1929 3367 τοιαύτας

337 3391 720 3462 ἡνωτίσθησαν
753 3393 1084 3461 ἐπαγγελίας
1110 3412 1123 3458 ;
1153 3395 1414 3462 Μεγαλας
1448 3413 1536 3464 μοι
1560 3395 1824 3448 δίκῶκαὶ
1853 3395 1930 3464 τῷ

337 3485 489 3550 γένει
526 3485 624 3548 τὰς
675 3485 996 3557 εὐεργεσίας
1049 3504 1145 3539 σου
1190 3486 1604 3556 περιγίνεσθαι,
1659 3487 1927 3544 Δέσποτα,

341 3577 498 3641 ξένας
537 3578 637 3640 τὰς
674 3577 904 3647 δωρεὰς,
947 3582 1241 3648 καινότερα
1281 3580 1346 3630 τὰ
1379 3580 1532 3649 τέλη·
1575 3583 1666 3630 καὶ
1698 3579 1803 3649 γὰρ
1839 3579 1930 3629 καὶ

337 3668 408 3720 τὰ
438 3669 697 3737 προοίμια
731 3670 915 3722 καινά.
957 3668 1021 3721 Τί
1054 3669 1119 3722 ἂν
1156 3671 1280 3738 περὶ
1311 3670 1527 3722 πάντων
1565 3671 1770 3722 τούτων
1805 3653 1931 3722 ἀντο

339 3757 599 3828 αποδοίην
636 3776 739 3821 σοι,
793 3761 998 3830 Κύριε;
1045 3761 1240 3821 Hel-au;
1289 3760 1744 3830 εὐχαριστηρίους
1769 3762 1932 3829 ὲςρευ-

345 3851 613 3921 ρίσκουσα
669 3853 864 3918 λόγους
899 3895 914 3920 ,
967 3854 1275 3924 ἀμείψομαί
1337 3871 1395 3907 σε
1448 3855 1540 3906 τὸν
1588 3854 1927 3923 εὖεργέτην;

354 3946 487 3998 Ἰδοὺ
519 3947 648 4015 γὰρ,
688 3947 884 4016 Κύριε,
911 3945 990 4017 τῷ
1014 3947 1091 4017 σῷ
1123 3943 1426 4016 πειθομένη
1469 3947 1781 4016 μυστηρὶω,
1813 3949 1926 4009 τοῖς

342 4041 812 4110 προκηρυχοεῖσιν
844 4041 1124 4110 ἐφέπομαι
1159 4042 1506 4111 πράγμασιν.

343 4133 689 4187 retribuam?
712 4133 844 4201 Qua!
869 4135 1036 4190 verba
1064 4135 1309 4205 reperire
1332 4151 1549 4206 queam,

2028 2021 2366 2091 colloquium
2394 2021 2791 2082 addubitahat;
2820 2019 2983 2074 simul
3013 2035 3147 2073 vero
3187 2018 3254 2071 ad
3280 2019 3474 2078 Deum,
3510 2017 3603 2084 qui

2031 2114 2086 2167 in
2119 2113 2206 2168 illa
2231 2113 2334 2167 sibi
2366 2113 2771 2181 eomplacebat,
2799 2127 2864 2166 ac
2885 2111 3206 2181 mysterium
3249 2109 3612 2176 operabatur,

2031 2220 2344 2260 sermonem
2376 2206 2617 2275 erigens,
2652 2206 2741 2259 his
2784 2221 2909 2259 cum
2957 2204 3122 2257 dictis
3153 2203 3427 2256 alfabatur
3462 2219 3474 2253 :
3504 2200 3612 2263 Tu,

2029 2297 2296 2358 Domine,
2353 2296 2680 2366 inquiebat,
2737 2295 3206 2366 quemadmodum
3253 2308 3315 2346 ea
3372 2306 3614 2359 quoque,

2029 2403 2151 2456 qum
2177 2386 2230 2439 in
2262 2402 2346 2440 me
2379 2387 2598 2454 impleta
2625 2388 2736 2453 jam
2785 2396 2936 2446 sunt,
2963 2386 3030 2438 ad
3067 2399 3391 2453 prosperum
3451 2380 3613 2434 finem

2031 2493 2133 2546 pro
2167 2493 2384 2530 summa
2423 2485 2516 2531 tua
2558 2477 2805 2530 buuizate
2845 2477 3193 2546 perduxisti,
3245 2477 3614 2542 ancillamque

2032 2578 2180 2623 tuam
2210 2570 2438 2624 servasti
2471 2569 2912 2640 irrepreliensam
2958 2569 3092 2638 (70),
3143 2569 3260 2638 pari
3291 2567 3480 2622 itidem
3517 2565 3617 2620 bc-

2031 2663 2322 2732 niguitate.
2356 2662 2625 2731 quidquid
2657 2662 2817 2715 ardui
2848 2661 2976 2715 dein
3003 2662 3191 2725 instet,
3233 2659 3618 2719 considerans,

2032 2751 2115 2804 fac
2145 2768 2231 2804 me
2268 2750 2494 2817 dirigas.
2528 2750 2666 2804 Cum
2691 2751 2840 2804 enim
2869 2750 2938 2804 ad
2976 2748 3379 2818 providentiam
3423 2759 3570 2800 tuam
3601 2785 3616 2806 ,

2030 2859 2063 2896 0
2094 2843 2600 2912 Domine,.ntraque
2631 2852 2900 2912 spectent,
2931 2843 3029 2895 abs
3065 2855 3116 2895 te
3149 2850 3350 2910 praeter
3393 2839 3613 2908 Opinio-

2031 2952 2156 2990 nem
2194 2936 2418 2998 habent,
2449 2947 2508 2989 ut
2543 2936 2742 2989 mirum
2779 2935 3116 3004 principium
3147 2934 3304 3003 juxta
3336 2947 3400 2987 ac
3456 2932 3618 2985 finem

2030 3029 2352 3083 sortiantur.
2377 3030 2510 3096 Quis
2541 3031 2708 3094 enim,
2750 3048 2782 3081 o
2830 3028 3054 3084 Creator
3105 3043 3279 3092 meus,
3312 3029 3435 3096 quis
3489 3026 3627 3080 anti-

2031 3138 2265 3191 quorum
2290 3124 2567 3193 justorum
2601 3123 2823 3184 talibus,
2879 3133 3098 3190 tamque
3148 3119 3426 3188 praeclaris
3458 3119 3618 3172 donis

1984 3279 1996 3295 η
2033 3215 2232 3285 dignus
2265 3231 2508 3285 unquam
2533 3225 2617 3268 est
2647 3215 2906 3268 habitus?
2947 3213 3084 3280 Quis
3120 3228 3239 3266 eam
3273 3211 3503 3266 sortitus
3537 3219 3622 3264 est

2039 3305 2162 3359 vitae
2199 3305 2491 3368 rationem,
2524 3320 2648 3374 quae
2679 3321 2803 3361 cum
2848 3307 2960 3358 vita
3016 3319 3158 3366 mea,
3192 3302 3261 3355 ab
3289 3301 3517 3355 infantia
3553 3298 3622 3351 ad

2041 3406 2366 3470 przesentcm
2398 3414 2571 3468 usque
2602 3399 2774 3464 diem,
2809 3395 3119 3466 comparari
3159 3394 3359 3464 queat?
3400 3391 3623 3448 Cuinam

2040 3491 2480 3560 patriarcharum
2515 3490 2770 3546 similiter
2800 3491 3052 3560 contigit,
3083 3497 3143 3542 ut
3174 3498 3281 3543 tam
3317 3485 3494 3554 ampla
3521 3483 3623 3537 sibi

2040 3583 2528 3652 proponerentur?
2559 3582 2860 3653 Cujusuam
2918 3598 3084 3636 aures
3129 3579 3450 3650 bujusmodi
3494 3594 3621 3646 pro-

2042 3675 2333 3728 missiones
2362 3676 2742 3745 exceperunt?
2781 3675 3050 3746 lugentia,
3081 3690 3114 3729 ο
3166 3674 3419 3734 Domine,
3467 3671 3624 3732 mihi,

2039 3778 2094 3823 et
2121 3769 2308 3836 generi
2346 3784 2466 3821 meo
2499 3767 2598 3821 abs
2627 3777 2677 3820 te
2725 3769 2904 3836 parari
2949 3767 3113 3821 video
3142 3765 3431 3827 beneficia,
3477 3763 3621 3816 dona

2038 3863 2438 3931 pcregrina,et
2476 3877 2600 3930 quae
2658 3860 2727 3914 ad
2767 3862 2975 3914 exitum
3033 3861 3197 3928 plane
3250 3872 3458 3912 norum
3501 3871 3628 3922 per-

2037 3956 2271 4026 tingant,
2307 3956 2510 4025 quippe
2559 3970 2797 4023 quorum
2829 3963 2885 4007 ct
2919 3953 3226 4023 primordia
3281 3952 3443 4020 plane
3493 3956 3625 4002 sunt

2036 4044 2309 4100 inaudita.
2343 4044 2486 4111 Quid
2531 4045 2630 4099 tibi
2677 4061 2774 4114 pro
2828 4045 2980 4100 hisce
3025 4045 3304 4103 omnibus,
3368 4040 3622 4105 Domine,

1633 4148 1694 4191 ut
1732 4139 2061 4208 promeritas
2119 4140 2324 4210 gratias
2361 4155 2558 4211 agam,
2606 4139 2895 4209 vicemque
2939 4139 3040 4194 tibi
3090 4136 3432 4192 benefactori
3501 4148 3627 4186 meo

345 4230 683 4299 rependam?
733 4231 872 4286 Ecce
938 4248 1136 4302 nempe
1198 4233 1328 4295 tuis,
1389 4233 1657 4296 Domine,
1717 4235 2121 4290 arranislidem
2167 4236 2401 4302 habens,
2428 4236 2658 4304 iis,qu:e
2678 4233 3048 4304 prrenuntiata
3076 4228 3548 4296 sunt,asseutior.

419 4324 492 4375 Z'.
539 4323 693 4375 Ἐπεὶ
734 4325 914 4377 τοίνυν
966 4325 1417 4395 προσεγγίσασαν
1463 4327 1631 4393 αὐτὴν
1675 4328 1702 4380 ὁ
1749 4327 1932 4397 ἱερεὺς

345 4417 558 4468 κατεῖδε
597 4457 610 4473 ,
669 4418 931 4482 τοιαύτας
992 4421 1342 4490 προμυηθεὶς
1407 4422 1506 4484 τὰς
1554 4423 1934 4490 εὐχαριστίας,

342 4509 561 4579 διεξῄει·
592 4513 653 4561 Ὠ
685 4511 791 4563 τῶν
834 4512 1227 4580 ὀφθησομένων
1264 4530 1355 4583 μοι
1393 4514 1637 4584 τήμερον
1670 4513 1888 4580 αγαῡῶν
1916 4513 1928 4565 !

350 4601 417 4650 Ὢ
455 4603 822 4671 χαριεστάτης
881 4603 1117 4674 ἡμέρας,
1163 4605 1284 4674 ἥτις
1336 4605 1436 4675 τὴν
1480 4605 1739 4671 τοιαύτην
1805 4620 1934 4654 συν-

345 4692 580 4761 ήνεγκεν
615 4695 993 4766 εὐφροσύνηνὲ
1025 4699 1089 4749 Ὢ
1121 4697 1416 4766 ἐπιθημίας
1444 4697 1502 4749 τδ
1532 4697 1673 4765 ὑπὲρ
1706 4697 1811 4749 πᾶν
1844 4714 1934 4748 κο-

353 4785 621 4857 μιζούσης
682 4789 884 4842 καλύνί
929 4791 993 4842 Ὠ
1046 4789 1317 4860 Παρθένε,
1371 4790 1559 4860 ἡλίκον
1613 4790 1674 4842 τι
1713 4789 1841 4860 περὶ
1876 4789 1933 4840 σὲ

344 4959 455 4998 non
489 4943 657 4998 alium
695 4942 865 4998 fuisse
895 4958 1062 5012 quam
1093 4942 1442 5004 Zachariam,
1474 4954 1684 5012 patrem
1749 4942 1926 4996 sancti

348 5014 738 5075 I‘rmcursoris.
766 5015 1032 5083 illumque
1060 5029 1122 5066 ea
1171 5015 1462 5068 occasione
1499 5016 1758 5066 cdoctqu
1787 5012 1929 5066 diri-

348 5085 506 5140 nitus
539 5084 711 5138 fuisse
736 5084 804 5138 de
842 5084 1015 5138 beatae
1048 5085 1289 5152 Virginis
1314 5085 1682 5152 magualibus.

421 5155 532 5217 (εδει)
569 5155 694 5208 Haec
731 5171 952 5224 quoque
986 5155 1236 5222 pluribus
1260 5156 1384 5207 aliis
1426 5153 1676 5207 addenda
1711 5163 1794 5208 est
1826 5172 1929 5208 no-

348 5224 833 5289 menclationibus,
879 5225 1084 5294 quibus
1127 5225 1297 5292 Virgo.
1336 5225 1564 5292 Deipara
1618 5225 1929 5278 exornaba-

349 5307 459 5350 tur.
488 5297 546 5351 Et
589 5296 688 5348 ista
719 5297 942 5364 quidem
982 5295 1398 5362 (ἀπειροκακος)
1423 5295 1528 5346 ι·ἱιιι
1560 5310 1784 5362 prorsus
1814 5313 1931 5348 ma-

348 5367 520 5435 iorem
556 5365 728 5419 habet
760 5366 825 5418 ad
865 5365 1240 5420 omnimodam
1287 5368 1408 5435 eius
1452 5367 1745 5434 puritatem
1786 5366 1933 5420 cele-

416 5438 638 5502 andam,
676 5452 844 5504 quam
874 5437 1059 5506 plures
1083 5436 1225 5498 aliaa,
1258 5437 1489 5506 ἄμωμος
1519 5451 1569 5489 v.
1603 5452 1684 5504 gr.
1722 5435 1930 5502 ἀμίαν-

351 5525 460 5570 τος,
496 5509 810 5576 ἄμεμπτος,
838 5505 1162 5573 ὰμόλυντος,
1198 5505 1427 5568 ἄσπιλος
1450 5514 1504 5556 et
1529 5517 1632 5576 eaet
1680 5521 1694 5567 ;
1720 5509 1924 5575 quipr

349 5593 470 5647 quae
492 5575 648 5630 snam
687 5576 928 5631 habeant
977 5577 1288 5633 veritatem.
1347 5577 1474 5628 licet
1509 5576 1564 5638 ii,
1602 5575 1669 5627 de
1720 5578 1926 5642 quibus

350 5647 745 5716 prmdicautur.
778 5657 967 5714 turpes
999 5647 1052 5700 in
1097 5657 1445 5699 antecessum
1489 5647 1722 5716 maculis
1757 5648 1928 5699 exsti-

351 5714 516 5772 terint
550 5717 684 5782 (vid.
723 5716 911 5786 Ephes.
943 5734 980 5782 ι,
1011 5717 1064 5780 4,
1098 5715 1296 5770 Coloss.
1334 5733 1368 5776 I,
1405 5717 1494 5776 2:2,
1533 5727 1588 5770 ct
1614 5714 1818 5769 Siticcr.
1861 5717 1926 5770 ad

351 5805 434 5842 ιον,
467 5789 760 5856 ἄμεμπτος
795 5797 860 5840 el.
905 5788 1161 5854 ἄμωμοςὶ
1195 5806 1319 5841 cum
1360 5798 1540 5840 tamen
1604 5803 1767 5838 ticum
1803 5803 1930 5840 vero

350 5860 718 5928 ἁπειρόκακος
749 5857 853 5912 dici
881 5865 1066 5927 queat,
1102 5861 1193 5926 qui
1223 5861 1300 5912 vel
1330 5859 1496 5912 semel
1530 5857 1648 5911 labe
1677 5858 1931 5929 quapiam

2116 4328 2228 4382 VII.
2282 4327 2419 4381 Cum
2458 4329 2672 4397 {itaque
2739 4327 3091 4382 accedentem
3149 4326 3298 4381 illam
3365 4321 3627 4378 sacerdos

2042 4419 2444 4488 conspexisset,
2494 4419 2548 4472 in
2587 4419 2887 4490 gratiarum
2930 4417 3176 4473 actiones
3215 4424 3399 4470 mente
3429 4411 3632 4468 divini-

2045 4521 2133 4564 tus
2166 4512 2440 4566 illustrata
2470 4512 2551 4565 sic
2579 4511 2908 4580 erumpebat
2934 4528 2948 4564 :
2979 4509 3022 4566 Ο
3068 4511 3249 4579 qualia
3291 4507 3467 4562 oculis
3493 4505 3632 4558 meis

2047 4603 2315 4657 hodierna
2373 4603 2462 4657 die
2515 4603 2942 4673 contemplanda
2984 4612 3113 4658 sunt
3173 4602 3351 4656 bona!
3401 4597 3446 4653 Ο
3485 4597 3629 4651 diem

2046 4695 2466 4758 faustissimam,
2527 4711 2649 4764 quae
2715 4703 2924 4750 tantam
2988 4693 3234 4749 laztitiam
3295 4688 3527 4744 obtulit!
3588 4686 3633 4754 Ο

2048 4788 2375 4852 adventum,
2407 4788 2501 4858 qui
2546 4788 2755 4842 bonum
2792 4803 2961 4858 super
2996 4801 3160 4841 omne
3209 4785 3418 4838 bonum
3453 4779 3633 4834 addu-

2031 4941 2269 4995 infectus
2297 4943 2484 4998 fuerit.
2514 4943 2671 5009 Quod
2727 4957 2859 4995 vero
2893 4941 3058 5006 Virgo
3101 4941 3331 5006 Deipara
3384 4938 3492 5010 hac
3530 4941 3630 5010 τῆς

2028 5015 2408 5082 ἀπειροκακου
2459 5008 2830 5082 appellatione
2883 5011 3320 5082 autonoiuastice
3365 5008 3624 5082 designe-

2032 5094 2138 5144 tur,
2168 5079 2237 5136 ’ἰαί
2275 5094 2466 5152 aperte
2500 5079 2730 5139 indicat.
2787 5081 3162 5134 omnimodam
3214 5081 3355 5133 hanc
3382 5079 3628 5152 Virginis

2073 5150 2326 5207 uritatcm
2366 5155 2632 5222 peculiari
2674 5153 2914 5223 quodam
2951 5152 3161 5207 honore
3187 5150 3394 5220 susiiici
3421 5166 3448 5203 a
3486 5151 3626 5205 fide-

2061 5224 2186 5277 ibus
2223 5227 2602 5279 consuevisse.

2104 5295 2217 5357 (7d)
2251 5295 2382 5348 Mire
2421 5297 2536 5350 haec
2579 5302 2898 5364 congruunt
2921 5307 3060 5364 cum,
3097 5293 3164 5346 iis
3207 5294 3344 5362 'quze
3379 5291 3629 5364 Isidorus

2033 5363 2548 5420 Thessalonicensis
2579 5363 2768 5425 habet.
2809 5365 2860 5417 in
2916 5363 3143 5416 homilia
3178 5363 3246 5417 de
3295 5363 3625 5431 S.lieipam:

2030 5434 2333 5489 Nativitatc
2374 5436 2422 5506 (ᾗ
2481 5437 2568 5500 16,
2615 5436 2752 5503 Sup.
2799 5444 3176 5506 part.ii.png.
3217 5435 3372 5506 235i.
3403 5432 3626 5486 Procla-

2037 5514 2149 5557 mat
2181 5505 2328 5559 enim
2363 5505 2630 5568 Isidorus,
2663 5507 2917 5558 sortitam
2950 5505 3240 5571 Deiparam
3271 5505 3445 5556 fuisse
3471 5513 3634 5552 corn-

2035 5590 2258 5646 itiulienl
2294 5575 2580 5630 hominum
2610 5576 2986 5646 conditionem
3018 5575 3184 5646 iniiis,
3209 5590 3338 5646 qua:
3383 5589 3421 5646 tr
3453 5584 3626 5646 repre-

2035 5645 2284 5698 hensione
2321 5649 2552 5709 absunt;
2606 5645 2852 5701 Jacobus
2886 5660 3014 5698 verro
3072 5638 3347 5713 Virginem
3414 5638 3627 5713 inducit

2038 5716 2245 5782 gratias
2282 5715 2394 5770 Deo
2434 5708 2709 5784 agentem.
2744 5715 2890 5784 quod
2934 5721 3110 5768 semet
3136 5708 3214 5784 ab
3243 5713 3310 5765 iis
3340 5708 3622 5768 omnibus,

2039 5801 2162 5852 quze
2198 5783 2621 5856 reprehenSioni
2658 5787 2770 5841 sint
2818 5783 3078 5850 obnoxia,
3131 5783 3400 5852 integram
3439 5793 3624 5832 scrva-

2040 5866 2202 5912 VCI‘IL
