4104 6472
414 461 516 527 €67

1677 466 1933 526 IACOBI
1977 466 2325 527 MONACﬂ-I

3565 457 3671 521 668

412 581 522 633 cit!
552 579 828 647 Quantum
868 582 920 636 in
954 588 1026 647 te,
1056 598 1089 636 0
1118 583 1305 653 Virgo,
1342 580 1692 645 miraculum,
1720 590 1986 650 quantum

2121 578 2301 648 ¹αιῖιμα,
2330 578 2453 631 ὅσον
2492 576 2553 629 τὺ
2604 578 2731 649 περὶ
2783 576 2842 628 σὲ
2900 576 3230 647 μυστήριονι
3279 573 3675 643 Ἀκατανόητυν

419 671 474 723 in
514 680 566 725 te
600 671 733 725 latet
765 674 1116 742 mysterium!
1165 673 1396 727 Omnem
1444 672 1633 741 utique
1666 670 1869 726 mentis
1897 686 1991 725 ca-

417 772 592 829 ptum,
631 772 686 815 et
714 778 934 817 omnem
976 766 1084 819 vim
1135 767 1409 821 sermonis
1450 765 1689 829 excedit,
1721 779 1785 818 ac
1821 778 1992 833 super

417 868 633 906 onmem
664 853 884 909 dicendi
930 856 1243 911 facultatem
1286 857 1569 918 extollitur
1599 856 1732 927 (Ἡ).
1782 855 1994 922 Quibus

416 960 544 1011 ergo
595 953 647 997 te
693 960 937 1015 congrue
986 948 1257 1016 excipiam
1307 949 1529 1002 verbis?
1565 947 1903 1013 Quibusnam
1940 956 1992 1000 te

419 1036 841 1101 gratulabundis
872 1040 1100 1094 vocibus
1131 1041 1480 1109 eompellem,
1518 1054 1700 1108 quove
1749 1037 1994 1108 gaudens

420 1124 629 1179 honore
686 1122 1023 1197 prosequar?
1071 1130 1244 1196 Quam
1301 1131 1398 1183 tibi
1453 1139 1578 1197 apte
1630 1129 1994 1183 reverentiam

419 1214 741 1270 exhibebo?
769 1217 1048 1283 Quasnam
1093 1222 1393 1290 excogitem
1436 1221 1551 1274 oris
1593 1235 1758 1273 sonos
1787 1219 2002 1273 suavis-

420 1306 612 1370 simos,
664 1317 723 1362 ut
758 1309 824 1361 ad
872 1310 1254 1364 suavissimum
1293 1322 1575 1380 aspectum
1610 1321 1765 1365 tuum
1813 1310 1996 1379 eloqui

424 1400 704 1454 instituam
728 1402 749 1453 ?
773 1401 1091 1456 Sermonem
1122 1405 1296 1458 vincit
1319 1404 1646 1458 miraculum
1677 1420 1688 1455 :
1714 1402 2002 1472 prmcludit

424 1489 664 1559 linguam
721 1493 800 1546 rei
858 1494 1094 1562 novitas,
1151 1510 1219 1551 ne
1266 1496 1334 1550 de
1371 1496 1459 1559 iis,
1508 1510 1631 1565 quae
1679 1495 1733 1548 in
1787 1502 1839 1547 te
1874 1501 2002 1547 sunt

425 1582 775 1647 abscondita,
820 1585 1133 1657 disceptare
1184 1587 1575 1657 aggrediatur;
1610 1585 1676 1639 ad
1710 1584 1825 1639 haec
1855 1585 2000 1639 enim

428 1689 495 1725 ne
528 1691 696 1744 prope
725 1677 950 1745 quidem
979 1678 1246 1733 accedere
1279 1677 1538 1748 praeﬁdit,
1561 1678 1654 1731 sed
1678 1692 1741 1730 ea
1767 1686 2001 1743 tantum,

425 1780 547 1841 quae
573 1774 624 1820 te
653 1768 1040 1834 circumstant,
1066 1771 1428 1840 contemplari
1450 1781 1505 1824 et
1534 1785 1800 1824 enarrare
1832 1784 2001 1838 exop-

427 1860 526 1905 tat.
559 1854 681 1909 llzec
712 1857 891 1926 palam
920 1858 1229 1914 ineﬂ‘abiles
1256 1861 1476 1915 divitias
1523 1869 1643 1915 tuas
1672 1860 2003 1920 ostendunt;

2098 670 2207 739 ἄρα
2236 668 2331 722 καὶ
2358 668 2637 739 ἄφραστον
2683 669 2780 722 καὶ
2835 668 3017 739 πάσης
3055 668 3365 739 διηγήσεως
3392 665 3675 719 ἐπέκεινα.

2101 761 2285 823 Ποίοις
2335 780 2395 814 σε
2430 762 2611 816 τοίνυν
2668 763 2782 824 τοῖς
2830 762 3172 831 προσήκουσι
3228 757 3559 827 δεξιώσομαι
3588 757 3680 808 λό-

2102 870 2256 921 γοις;
2316 853 2453 907 Τίνα
2509 854 2787 924 περιχαρῆ
2842 868 2927 904 σοι
2996 847 3416 918 προφθὲγξομαι
3474 848 3680 914 τιμήν;

2103 945 2263 997 Ποῖόν
2333 960 2415 995 σοι
2468 942 2746 1012 ἁρμοδίως
2817 941 3149 994 διατυπώσω
3197 940 3259 992 τὸ
3316 939 3517 1004 σέϐας;
3550 937 3685 990 Τίνα

2103 1033 2517 1105 προσλαλοῦσαν
2572 1034 2834 1105 ἡδύτερον
2884 1036 3179 1102 ἐπινοήσας
3235 1032 3451 1102 φωνὴν,
3493 1033 3558 1098 τῇ
3616 1031 3685 1099 σῇ

2104 1130 2420 1201 γλυκυτάτη
2444 1129 2730 1198 προσείπω
2761 1127 2859 1197 θέα
2882 1146 2897 1195 ;
2924 1112 3070 1198 Nec;
3092 1127 3151 1179 τὸ
3179 1125 3365 1196 θαῦμα
3393 1125 3482 1178 τὸν
3504 1122 3683 1188 λόγον·

2103 1221 2295 1288 δεσμεῖ
2327 1219 2427 1288 τὴν
2460 1212 2708 1286 γλῶτταν
2737 1219 2797 1270 τὸ
2823 1216 2993 1283 ξένον,
3025 1217 3086 1269 οὐ
3118 1216 3227 1269 τῶν
3256 1216 3313 1267 ὲν
3338 1214 3420 1267 σοὶ
3444 1227 3689 1283 κρυπτο-

2111 1312 2285 1381 μένων
2316 1312 2672 1379 πειρωμένην
2704 1310 2951 1376 έρευναν’
2982 1308 3193 1369 τούτοις
3228 1306 3336 1375 γὰρ
3360 1305 3481 1357 οὐδὲ
3515 1319 3691 1371 προσ-

2117 1401 2298 1453 ϐαλεῖν
2337 1402 2547 1470 τολμᾷ,
2577 1401 2645 1453 τὰ
2674 1400 2731 1452 δὲ
2785 1400 2912 1468 περὶ
2974 1400 3033 1451 σὲ
3085 1401 3367 1451 κατανοεῖν
3422 1398 3515 1448 καὶ
3558 1395 3693 1461 ἀγο-

2114 1493 2298 1562 ρεύειν
2361 1492 2566 1545 ἐθέλειν
2624 1492 2806 1558 μόνον.
2860 1489 3048 1543 Ταῦτά
3103 1506 3196 1541 σου
3241 1489 3331 1541 τὸν
3379 1488 3694 1558 ἀπόρρητον

2112 1584 2370 1652 ἐμφαίνει
2396 1582 2649 1635 πλοῦτον
2680 1581 2856 1635 ταῦτα
2887 1582 2979 1634 τὸν
3013 1579 3443 1647 ἐναποκείμενον
3482 1593 3695 1644 τεκμη-

2116 1678 2220 1745 ριοῖ
2282 1692 2374 1727 σου
2422 1674 2732 1744 θησαυρόν
2766 1677 2829 1727 ὲκ
2868 1672 2976 1726 τῶν
3038 1674 3143 1738 ἔξω
3200 1671 3694 1736 καταπληττόντων

2113 1767 2209 1836 τὴν
2236 1767 2386 1819 ἔνδον
2410 1767 2729 1837 ἀμηχανίαν
2763 1766 3188 1834 διασκοποῦμαι’
3216 1767 3279 1816 ἐκ
3299 1763 3408 1816 τῶν
3438 1761 3697 1833 ἀμυδρῶς

2114 1857 2410 1927 ὁρωμένων
2478 1859 2578 1927 τὴν
2628 1857 2853 1927 ἀφανῶς
2887 1856 3275 1927 ἀπορουμένην
3310 1854 3561 1908 κατανοῶ
3594 1870 3699 1924 μα-

433 1943 548 1997 lucc
580 1947 899 2003 thesaurum
929 1951 981 2003 in
1037 1961 1088 2005 te
1132 1955 1477 2007 reconditum
1520 1952 1904 2011 manifestam;
1940 1966 2008 2004 ex

2121 1951 2442 2021 καριότητα.

428 2041 819 2106 exterioribus,
865 2060 987 2113 quae
1027 2054 1252 2115 stupore
1304 2046 1635 2115 percellnnt,
1676 2045 2003 2098 immensam
2044 2042 2370 2097 interiorum
2414 2043 2848 2115 magnitudinem
2910 2043 3154 2113 percipio
3181 2029 3369 2108 exiis,
3403 2058 3526 2113 qua:
3563 2039 3700 2095 sub.

431 2134 667 2189 obscure
700 2146 1023 2201 cernuntur,
1069 2153 1297 2207 prorsus
1327 2139 1588 2193 latentem
1625 2136 2010 2191 animadverto
2048 2133 2389 2190 beatitatem.

500 2249 635 2302 Vill.
700 2247 745 2303 Ο
784 2252 1003 2318 generis
1050 2254 1223 2307 nostri
1282 2253 1595 2307 fecunditas
1638 2253 1783 2321 (72)!
1833 2251 2007 2317 Quam

432 2341 755 2395 exuberanti
807 2342 988 2398 fructu
1041 2346 1275 2399 ditatum
1327 2346 1460 2400 illud
1512 2347 1631 2401 est!
1687 2344 2011 2399 Fertilitatis

434 2428 752 2498 lmjusmodi
791 2431 1138 2487 nobilissimo
1163 2435 1411 2504 germine
1445 2435 1758 2503 prmcelsatn
1792 2436 2013 2503 angi-lo-

435 2534 557 2572 rum
608 2529 860 2574 naturam
906 2524 1194 2590 superavit
1248 2525 1379 2594 (75).
1433 2522 1803 2593 Propaginem
1852 2525 2012 2579 istam

434 2614 681 2701 extendit
709 2631 884 2685 usque
912 2618 981 2671 ad
1030 2634 1200 2683 mare,
1232 2628 1286 2673 et
1312 2634 1484 2688 usque
1519 2619 1585 2672 ad
1618 2622 1817 2673 caelum
1851 2633 2011 2672 suum

435 2702 611 2772 ipsius
636 2706 914 2774 palmitem
948 2709 1164 2773 extulit,
1193 2711 1361 2764 vitem
1382 2710 1527 2763 illam
1557 2709 1771 2763 scilicet
1794 2708 2013 2764 fructus

435 2794 555 2847 sine
608 2795 931 2865 irrigatione
961 2799 1318 2869 'gignentem,
1351 2809 1543 2855 sancto
1579 2801 1787 2871 Spiritu
1824 2801 2015 2855 fecun-

435 2886 638 2951 datam.
669 2893 856 2960 gratia:
890 2894 1142 2947 ubertate
1184 2894 1510 2965 saginatam,
1545 2900 1824 2949 racemum
1860 2895 2014 2949 nullo

439 2991 721 3047 praeeunte
762 2985 913 3038 cultu
961 2986 1254 3054 ferentem,
1292 3004 1323 3043 e
1369 3003 1481 3059 quo
1505 2989 1741 3044 dulcedo
1783 2989 2016 3045 distillat

444 3071 888 3143 immortalitatis,
939 3092 970 3132 e
1028 3094 1138 3147 quo
1168 3080 1411 3151 mysticae
1450 3081 1652 3136 laetitiae
1687 3090 1905 3137 torrens
1937 3082 2018 3137 ef-

440 3161 713 3228 funditur,
754 3182 784 3221 e
836 3183 946 3237 quo
997 3170 1239 3225 salutare
1269 3171 1526 3241 poculum
1561 3173 1846 3241 impletum
1896 3189 2020 3229 om-

440 3268 558 3318 nes,
613 3258 707 3324 qui
766 3274 835 3313 ex
891 3274 959 3314 eo
1020 3261 1236 3314 bibant.
1298 3263 1733 3332 iucorruptionis
1789 3280 2017 3321 munere

441 3343 660 3396 ditahit.

484 3345 660 3400 itabit.

513 3454 557 3509 0
589 3457 795 3524 planta,
840 3460 962 3513 (ιωιί
997 3476 1236 3516 convexa
1283 3463 1580 3535 attingens,
1632 3482 1753 3534 quae
1794 3482 1924 3522 sane
1963 3476 2019 3524 et

443 3547 597 3614 ipsos
640 3550 810 3605 caelos
854 3554 1356 3623 prtelergredietur,
1411 3566 1468 3611 et
1501 3560 1774 3614 universis
1814 3560 2020 3616 intelli-
2045 3529 2091 3591 θ

445 3638 704 3706 gentibus
726 3641 1025 3698 virtutibus
1054 3646 1346 3702 sublimius
1374 3650 1730 3706 ascendeth
1760 3653 2017 3707 umbrosa

442 3730 632 3797 arbor,
680 3750 802 3802 quae
843 3737 1159 3792 universam
1215 3748 1467 3795 naturam
1518 3743 1841 3799 rationalem
1890 3759 2023 3799 con-

445 3822 583 3876 texit
614 3826 749 3895 (74),
776 3837 831 3881 et
860 3842 1028 3897 super
1062 3846 1306 3898 omnem,
1335 3849 1458 3903 quae
1484 3836 1788 3905 excogitari
1825 3837 2020 3905 possit,

444 3916 791 3972 altitudinem
840 3930 923 3974 est
954 3932 1177 3989 evecta;
1212 3941 1243 3979 e
1291 3942 1395 3996 qua
1425 3928 1701 3997 plantator
1737 3930 2024 3986 recondito

446 4009 608 4075 plane
642 4012 807 4066 modo
847 4015 1016 4069 veluti
1056 4032 1088 4070 e
1138 4028 1324 4073 monte
1371 4036 1668 4076 nemoroso
1700 4024 1934 4089 orietur,
1967 4032 2023 4079 et

450 4102 647 4171 ﬁguras
674 4105 728 4159 in
761 4106 949 4171 ﬁnem,
1000 4110 1067 4164 ad
1102 4126 1265 4180 quem
1316 4114 1572 4178 tendunt,
1616 4114 1866 4169 veritatis
1894 4131 2026 4170 con-

449 4196 662 4261 trahet;
700 4199 857 4267 cujus
882 4201 976 4268 qui
1012 4202 1351 4272 percipiatur
1376 4205 1609 4270 fructus,
1637 4207 1897 4262 onmibus
1930 4212 2025 4261 de-

445 4289 799 4357 gustantibus
866 4292 1190 4348 alimentum
1259 4295 1693 4353 immortalitatis
1768 4302 2019 4356 exsistet.

446 4380 705 4444 Quinam,
735 4396 769 4435 o
806 4383 991 4451 Virgo,
1023 4386 1320 4455 excogitari
1350 4397 1555 4456 queant
1585 4404 1894 4457 sermones,
1930 4393 2024 4461 qui

448 4472 794 4539 magnalibus
825 4478 932 4528 tuis
965 4479 1308 4545 congruant?
1340 4480 1471 4545 Quae
1495 4498 1635 4535 nova
1662 4499 1821 4538 sensa
1860 4484 2027 4538 rebus

449 4562 583 4629 ipsis
610 4565 946 4632 res-pondere
993 4569 1238 4636 possint?
1269 4571 1399 4634 Qum
1435 4571 1669 4626 inveniri
1708 4573 1899 4628 laudes
1929 4589 2027 4644 po-

450 4662 635 4710 terunt
666 4658 733 4712 ad
758 4674 972 4725 eorum,
1017 4652 1207 4731 quite
1231 4675 1561 4735 genuerunt,
1593 4666 1765 4719 decus
1791 4666 2026 4721 efferen-

447 4750 671 4804 dnm?0
693 4751 880 4808 felices
903 4755 992 4809 tali
1010 4742 1167 4824 prole
1187 4768 1445 4828 parentes
1465 4760 1478 4811 l
1503 4758 1880 4825 ofecunditas,
1903 4775 2025 4829 qua:

446 4842 740 4912 cujuslibet
770 4856 969 4902 creata:
1003 4848 1284 4904 felicitatis
1320 4852 1721 4906 assecutionem
1765 4850 2019 4919 superati
2056 4868 2100 4922 ι)

516 4936 635 4991 [lue
662 4938 828 5007 igitur
856 4955 974 5011 age,
1005 4957 1127 5011 qua:
1148 4943 1262 4997 sola
1288 4959 1460 5014 prope
1486 4945 1552 4999 ad
1578 4945 1750 5000 Deum
1782 4943 2022 5007 accedis.

479 5170 489 5181 _
524 5101 635 5167 (7|)
668 5102 846 5157 Habes
872 5103 1358 5181 familiarissimam
1383 5105 1770 5181 S§._Patribus
1797 5114 2025 5181 senten-

454 5174 606 5250 tiam,
635 5188 978 5250 quaecunque
1005 5176 1072 5227 ad
1095 5175 1385 5250 _\_’irginem
1408 5176 1696 5243 Deiparam
1720 5174 2022 5250 pertinent,

452 5243 639 5317 inutilia
679 5243 850 5295 instar
880 5244 1131 5297 miraculi
1172 5243 1444 5317 habenda,
1481 5255 1539 5298 ut
1573 5259 1767 5298 eorum
1798 5243 2029 5317 celsitu-

454 5308 650 5385 dinem
679 5326 857 5378 neque
911 5328 1068 5385 mens
1098 5308 1633 5385 cogitando,'neque
1669 5315 1853 5384 lingua
1909 5313 2023 5367 dis-

454 5379 690 5449 serendo
717 5382 934 5448 assequi
962 5397 1024 5435 ea
1054 5379 1249 5449 possit.

529 5447 641 5522 (72)
676 5447 959 5503 Consonat
997 5447 1109 5505 liaéc
1141 5452 1413 5507 sententia
1443 5468 1567 5506 cum
1600 5455 1686 5513 iis.
1714 5469 1837 5522 quae
1870 5469 1898 5506 a
1930 5453 2031 5506 Pe-

461 5519 865 5589 tt‘oiArgorum
917 5522 1182 5589 episc0po
1226 5524 1390 5577 statui
1436 5524 1674 5578 vidimus
1705 5519 1761 5576 in
1803 5523 2030 5577 homilia

456 5592 510 5670 in
560 5588 802 5670 Qle'iparaz
850 5588 1456 5670 conceptionem__(§_10,
1494 5602 1635 5670 part.
1683 5610 1720 5657 ι,
1765 5609 1815 5661 p.
1865 5594 2027 5670 15_6);

460 5659 775 5713 sterilitatis
824 5659 1023 5729 nempe
1078 5659 1468 5716 malediciione
1519 5659 1867 5717 laboraverat
1924 5664 2030 5715 hu-

461 5744 619 5809 mana
653 5737 871 5809 natura,
918 5745 1207 5809 quousque
1253 5733 1751 5809 MariamAgignens
1805 5734 2025 5809 tandem

461 5797 863 5879 l'ruetum.Deo
895 5797 1133 5879 dignum
1195 5804 1446 5871 protulit.
1496 5797 1638 5879 nine
1691 5805 1854 5879 paulo
1887 5804 2025 5879 infra

460 5867 646 5921 videas
692 5868 838 5937 licet,
895 5867 1135 5940 Virginis
1182 5867 1439 5941 parentes
1517 5867 1748 5928 laudari.
1806 5884 1865 5928 ut
1929 5874 2019 5927 tali

2194 2252 2272 2303 H’.
2312 2252 2377 2304 Ὢ
2429 2256 2527 2321 τῆς
2585 2251 2681 2307 τοῦ
2740 2252 2933 2321 γένους
2980 2251 3280 2322 εὐφορίαςῐ
3316 2251 3408 2314 El;
3453 2251 3575 2304 ὅσον
3611 2251 3705 2304 τὸν

2123 2342 2333 2409 καρπὸν
2364 2344 2723 2398 ὲπλεόνασενῐ
2764 2345 3040 2415 ’Υπερῇρε
3080 2345 3181 2414 τὴν
3210 2343 3315 2396 τῶν
3340 2342 3592 2411 ἀγγέλων
3623 2343 3707 2395 εὑ-

2122 2434 2459 2507 θυνουμένην
2495 2436 2657 2503 φύσιν
2699 2436 2778 2505 τῷ
2825 2438 3160 2506 μεγαλοφυεῖ
3192 2436 3291 2506 τῆς
3323 2436 3706 2506 καρποφρρίας

2119 2527 2323 2597 ταύτης
2354 2528 2720 2599 βλαστήματι.
2770 2529 3037 2594 Ἐξέτεινε
3070 2532 3171 2599 τὴν
3214 2529 3546 2599 παραφυάδα
3576 2530 3709 2581 ταύ-

2120 2634 2221 2686 την
2245 2617 2351 2678 ἕως
2382 2616 2681 2687 θαλάσσης,
2714 2618 2808 2669 καὶ
2840 2617 2949 2680 ἓως
2980 2616 3216 2687 οὐρανοῦ
3266 2618 3326 2669 τὸ
3366 2617 3565 2684 ἑαυτῆς
3613 2617 3709 2668 ἀν-

2124 2708 2290 2761 έδωκε
2330 2710 2537 2779 κλῆμα,
2570 2709 2665 2779 τὴν
2700 2711 3011 2773 ἀποτίστως
3036 2710 3282 2779 φύουσαν
3310 2707 3577 2778 ἄμπελον,
3605 2706 3706 2775 τὴν

2123 2802 2199 2872 τῷ
2233 2803 2375 2871 ἁγίῳ
2409 2804 2688 2871 Πνεύματι
2742 2802 3164 2873 πυκαζομένην,
3203 2803 3303 2871 τὴν
3344 2799 3707 2869 πιαινομένην

2123 2896 2190 2964 τῇ
2228 2893 2435 2963 χάριτι,
2464 2894 2564 2963 τὴν
2608 2894 2699 2945 τὸν
2733 2893 3091 2963 ἀγεώργητον
3129 2891 3586 2962 καρποφοροῦσαν
3617 2887 3709 2957 βό-

2124 3003 2281 3056 τρυν,
2305 2987 2365 3051 ἐξ
2405 2983 2467 3041 οὗ
2500 2987 2559 3040 τὸ
2589 2988 2686 3054 τῆς
2730 2986 3032 3048 ἀθανασίας
3062 2983 3417 3038 ἀποθλίὸεται
3453 2980 3707 3049 γλεῦκος,

2124 3079 2219 3149 ἀφ’
2253 3075 2314 3135 οὗ
2339 3080 2399 3132 τὸ
2430 3080 2530 3149 τῆς
2578 3070 2852 3149 μυστικῆς
2879 3078 3226 3148 εὐφροσύνης
3260 3075 3556 3147 προχέεται
3597 3074 3708 3141 ρεἰ-

2127 3172 2278 3243 θρον,
2329 3173 2389 3240 ἐξ
2418 3168 2589 3243 οὗπερ
2636 3175 2664 3225 ὁ
2722 3173 2991 3243 σωτήριος
3032 3170 3409 3240 πληρούμενος
3463 3166 3711 3239 κρατὴρ,

2127 3266 2436 3336 ἀφθαρσίας
2466 3265 2594 3329 τοὺς
2626 3266 2954 3336 μεθέξοντας
2989 3266 3288 3335 ἐμπλήσει.

2121 3533 2125 3539 ι
2201 3468 2265 3520 Ὦ
2327 3466 2499 3537 φυτοῦ
2554 3467 2663 3522 τῶν
2712 3465 2985 3537 οὐρανίων
3025 3464 3231 3535 ἀψίδων
3281 3464 3707 3535 ἐξικνουμένου,

2124 3565 2263 3634 ὅπερ
2288 3561 2487 3625 αὐτούς
2509 3578 2569 3614 τε
2601 3560 2925 3631 παρελάσει,
2959 3559 3055 3613 καὶ
3090 3558 3273 3621 πάσας
3320 3557 3513 3627 νοερὰς
3546 3555 3709 3623 ὑπερ-

2126 3655 2355 3724 ϐήσεται
2388 3654 2681 3722 δυνάμει.ςί
2730 3653 2793 3705 ’Ὠ
2821 3651 3125 3706 κατασκίου
3152 3649 3372 3720 δένδρου
3402 3647 3497 3701 τοῦ
3527 3649 3709 3701 πᾶσαν

2125 3748 2350 3818 λογικὴν
2384 3745 2872 3814 κατακαλύψαντος
2924 3742 3088 3811 φύσιν
3115 3781 3130 3804 ,
3166 3741 3264 3794 καὶ
3297 3739 3501 3803 παντὸς
3540 3739 3708 3807 ὑπερ-

2126 3839 2386 3910 σρθέντος
2413 3837 2707 3908 νοουμένου
2739 3835 3062 3907 ὑψώματοςῑ
3101 3833 3162 3898 ἐξ
3201 3828 3372 3903 οὗπερ
3408 3834 3437 3886 ὁ
3475 3847 3711 3899 φυτουρ-

2126 3932 2221 3999 γὸς
2252 3931 2330 4000 τῷ
2363 3927 2874 3997 συγκεκαλυμμένῳ
2902 3925 3112 3995 τρόπῳ,
3141 3924 3215 3987 ὡς
3244 3926 3306 3976 ὲκ
3340 3920 3528 3985 δασέος
3549 3920 3706 3989 ὅρους

2129 4024 2402 4086 ἀνατελεῖ,
2441 4022 2538 4075 καὶ
2575 4019 2826 4074 συστελεῖ
2879 4020 3006 4079 τοὺς
3063 4017 3275 4080 τύπους
3324 4018 3403 4078 είς
3433 4016 3530 4085 τὴν
3577 4014 3709 4082 ἀλη-

2128 4114 2279 4177 θείας
2313 4113 2684 4167 κατάπαυσιν·
2724 4105 2784 4165 οὗ
2819 4098 3380 4180 μεταληφθησόμενος
3432 4108 3461 4160 ὁ
3495 4104 3710 4177 καρπὸς

2126 4208 2428 4270 ἀθανασίας
2460 4206 2634 4278 τροφὴ
2661 4207 2774 4267 τοῖς
2809 4203 3132 4275 μεθέξουσιν
3174 4202 3498 4270 ὀφθήσεται.
3532 4199 3709 4262 Τίνες,

2127 4296 2172 4354 ὦ
2200 4300 2467 4370 Παρθένε,
2493 4300 2603 4361 τοῖς
2643 4295 2959 4365 μεγαλείοις
2990 4313 3086 4349 σου
3113 4295 3457 4356 συνοίσοντες
3486 4295 3707 4359 ἐπινοη-

2129 4392 2271 4445 θεῖεν
2299 4390 2479 4457 λόγοι;
2511 4389 2671 4442 Ποῐαι
2704 4385 3201 4455 καινοτομούμεναι
3239 4384 3352 4445 τοῖς
3387 4380 3710 4451 πράγμασιν

2128 4480 2480 4551 ἀμιλληθεῖεν
2520 4480 2758 4544 ἐννοίαις
2820 4476 2978 4540 Τίνες
3026 4475 3322 4545 ἐγκωμίων
3383 4472 3707 4541 ὲφευρέσεις

2127 4576 2189 4627 τὸ
2222 4575 2330 4626 τῶν
2364 4571 2747 4642 γεννησάντων
2774 4588 2835 4624 σε
2857 4568 3262 4639 διαγορεύσειεν
3288 4566 3481 4631 κλέος;
3517 4565 3581 4615 Ὢ
3610 4563 3711 4630 τῆς

2129 4667 2341 4719 τούτων
2396 4664 2721 4726 εὐτεκνίαςῑ
2773 4663 2819 4715 ὢ
2862 4660 3169 4724 εὐπαιδίας,
3205 4659 3388 4729 πάσης
3435 4654 3710 4727 γεννητῆς

2130 4757 2535 4830 ὑπεραρθείσης
2570 4755 2882 4826 ἐπιτυχίαςι

2212 4941 2383 5011 Δεῦρο
2433 4941 2615 4994 τοίνυν
2668 4941 2701 5009 ἡ
2742 4938 2879 5009 μόνη
2925 4936 3154 5008 πλησίον
3192 4932 3351 4998 Θεοῦ,
3400 4931 3433 5001 ἡ
3489 4927 3569 5001 τῷ
3609 4927 3708 4981 τοῦ

2130 5106 2286 5173 prole
2311 5102 2681 5165 beatissimos,
2707 5117 2770 5155 ac
2796 5101 2948 5155 nulla
2969 5100 3102 5156 satis
3132 5097 3294 5173 laude
3321 5091 3708 5173 celebrandos.

2206 5177 2318 5245 (75)
2351 5176 2577 5236 Auctor,
2604 5164 2691 5245 uti
2724 5182 2894 5245 patet:
2934 5186 3047 5225 non
3081 5168 3375 5245 modopro
3419 5175 3574 5220 certo
3606 5164 3709 5216 ha-

2131 5238 2247 5307 bet,
2284 5244 2569 5313 Deiparam
2596 5238 2833 5296 fructum
2864 5241 2975 5294 Deo
3004 5247 3218 5313 gratum
3245 5238 3707 5313 fuisseegortam,

2135 5304 2288 5369 sed'a
2326 5304 2500 5382 prima
2534 5313 2622 5365 illa
2655 5313 2866 5381 origine
2892 5325 2991 5382 sua
3008 5304 3194 5378 '(quod
3228 5304 3712 5382 σειροὺὶίίςείψο-

2133 5400 2254 5438 rum
2289 5374 2671 5452 tlicologorum
2692 5374 2915 5443 scitum)
2949 5374 3431 5452 tam'przeclarisa
3469 5375 3580 5429 Deo
3609 5374 3709 5452 do-

2130 5456 2218 5508 nis
2248 5455 2418 5508 l‘uisse
2458 5444 2804 5514 exornatam,
2835 5460 2896 5505 ut
2926 5465 2994 5504 ex
3025 5444 3156 5503 tunc
3186 5447 3508 5502 caelestibus
3542 5444 3708 5515 spiri-

2132 5525 2283 5578 tibus
2304 5525 2463 5592 longe
2494 5522 2855 5593 praecelleret.

2203 5595 2315 5659 (74')
2375 5584 2714 5647 ﬁeséribitur
2779 5604 2975 5657 nempe
3011 5587 3176 5657 Virgo
3220 5602 3320 5640 ceu
3368 5584 3551 5659 arbor,
3584 5598 3705 5653 quae

2133 5655 2453 5733 languidum
2489 5655 2996 5733 humanumAgcnus
3024 5655 3219 5733 umbra
3250 5672 3347 5709 sua
3377 5655 3616 5733 reﬁciat;
3641 5668 3707 5707 ex

2137 5725 2257 5802 ιιιιό
2282 5745 2476 5803 sponte
2516 5731 2761 5802 proﬂuit,
2799 5725 3234 5803 lt'anc_a_rborem
3267 5725 3544 5780 communi
3589 5725 3709 5803 lan-

2133 5794 2324 5872 g'uore'
2356 5794 2569 5856 censeri
2604 5817 2711 5854 non
2748 5794 2907 5869 posse
2960 5800 3322 5872 laborantem,
3343 5804 3536 5872 _aIQuc
3570 5794 3709 5847 adeo

2137 5865 2396 5944 primaevo
2430 5873 2564 5926 vitio
2595 5865 2892 5926 immunem
2921 5883 3042 5926 esse
3075 5865 3471 5921 allirmandam.
