4104 6422
383 445 488 507 669

1186 445 1468 507 ORATIO
1511 449 1593 508 ΙΝ
1623 448 1728 511 SS.
1777 445 2133 507 DEIPAR/E
2176 443 2748 509 VISETATIONEM.

3549 444 3657 507 670

387 566 692 638 μυστηρίου
733 563 1120 636 διαλάμπουσα
1153 565 1367 630 κάλλει,
1410 567 1443 635 ἠ
1481 566 1623 635 ὑπὲρ
1652 566 1836 619 πᾶσαν
1871 582 1971 634 μυ·
2002 604 2006 615 .

2093 576 2197 630 jure
2239 562 2485 632 mysterii
2518 561 2812 630 splendore
2864 558 3122 628 refulgcs,
3167 573 3288 628 qua).
3331 574 3498 628 super
3542 576 3652 613 om-

386 661 618 734 ρεψικὴν
676 658 930 721 εὐωδίαν,
977 657 1078 729 τὴν
1127 655 1224 711 τοῦ
1271 657 1590 727 Πνεύματος
1636 658 1968 710 διαπνέουσα

386 750 684 821 μυρωδίαν·
722 744 788 822 ἦς
820 748 985 819 ἡτῶν
1014 749 1117 817 τῆς
1150 749 1525 819 καθαρότητος
1568 749 1801 819 ἱματίων
1823 748 1966 819 ὀσμὴ

385 845 567 896 πᾶσαν
614 841 941 907 καταθέλξει
973 841 1173 911 νοητὴν
1233 841 1513 912 αἴσθησιν,
1565 835 1630 912 ἦς
1669 840 1846 894 ὀπίσω
1871 840 1967 894 τοῦ

388 936 561 1005 μύρου
610 935 915 1003 θυγατέρες
985 933 1328 1003 δραμοῦνται
1373 933 1663 1001 βασιλέως,
1716 933 1861 1003 λέγω
1904 933 1969 1005 δὴ

386 1029 576 1097 ᾲυχαὶ,
613 1028 675 1081 τὸ
705 1028 1017 1097 ἀρχέτυπον
1063 1026 1157 1078 καὶ
1187 1026 1469 1096 βασιλικὸν
1505 1023 1643 1090 εἶδος
1674 1027 1970 1095 διαφυλάτ-

385 1138 597 1174 τουσαι.
632 1119 803 1189 Δεῦρο
833 1118 973 1187 καλὴ
1004 1121 1036 1187 ἡ
1068 1118 1237 1172 πάλαι
1280 1121 1599 1189 καλουμένη
1622 1160 1635 1183 ,
1664 1116 1732 1191 ἧς
1782 1119 1972 1172 ἐπιθυ-

392 1212 580 1281 μητῶς
627 1213 659 1282 ή
705 1211 985 1280 παρουσία
1030 1212 1307 1273 ποθεῖται,
1367 1213 1434 1282 ἢν
1478 1212 1688 1266 ἄνωθεν
1732 1215 1759 1264 ὁ
1812 1212 1974 1281 χορὸς

386 1305 496 1357 τῶν
526 1303 825 1374 προφητῶν
872 1305 1247 1364 ἐπικαλεῖται.
1280 1305 1347 1374 ἣν
1377 1307 1405 1373 ἠ
1441 1304 1551 1356 τῶν
1598 1304 1823 1357 δικαίων
1855 1305 1975 1356 ἐπι-

390 1397 547 1465 ζητεῖ
581 1395 876 1464 συμφωνία
913 1397 1313 1467 περιχαρῶς,ή
1356 1396 1781 1466 προελπισθείσα
1804 1394 1972 1465 χαρὰ,

389 1490 422 1557 ἡ
458 1486 904 1557 προκηρυχθεῖσα
952 1488 1213 1557 θυμηδία.
1266 1488 1424 1539 Ποῖαι
1480 1489 1806 1558 περιχαρεῖς
1838 1488 1976 1554 ὁμι-

390 1582 506 1632 λίαι
570 1581 670 1648 τὴν
716 1580 816 1649 σὴν
866 1580 1384 1649 πρεῦπαντήσουσιν
1435 1579 1769 1650 ὲπιδημίαν;
1820 1580 1979 1632 Πᾶσα

390 1674 501 1726 τῶν
532 1673 944 1742 ἐπινοουμένων
975 1677 1111 1743 τιμὴ
1150 1675 1386 1726 κατόπιν
1411 1675 1510 1740 τῆς
1551 1673 1856 1744 ὑπερτίμου
1884 1690 1977 1725 σου

395 1766 816 1836 μεγαλειότητος
848 1765 1089 1835 ἔρχεται,
1135 1767 1198 1818 ὲκ
1228 1766 1321 1819 τοῦ
1354 1768 1632 1833 Δεσπότου
1685 1766 1850 1834 μόνου
1879 1764 1981 1835 τὴν

394 1864 516 1916 κατ’
553 1860 712 1925 ἀξίαν
760 1861 1141 1931 κληρουμένης
1163 1860 1340 1927 δόξαν.

467 2130 544 2185 Θ’.
588 2131 743 2185 Οὕτω
795 2131 973 2184 τοίνυν
1029 2129 1310 2199 ἐγγυτέρω
1334 2132 1396 2199 τῇ
1435 2129 1664 2198 βασιλίδι
1715 2130 1983 2204 γενομένῃ

398 2227 829 2296 προῦπαντήσας
874 2227 901 2277 ὁ
941 2225 1141 2295 ἱερεὺς,
1198 2226 1262 2275 ἐκ
1313 2222 1424 2274 τῶν
1476 2223 1647 2291 αὐτῆς
1699 2223 1986 2293 ἀκράντων

396 2317 617 2388 χειρῶν,
678 2316 827 2385 φόϐῳ
875 2317 966 2369 καὶ
1017 2317 1162 2387 χαρᾷ
1215 2316 1317 2387 τὴν
1362 2317 1732 2385 εἰργασμένην
1769 2316 1987 2386 δέχεται

398 2410 705 2479 πορφύραν,
769 2410 835 2479 ἣν
883 2409 948 2476 δὴ
985 2411 1511 2481 περιπτυσσόμενος,
1552 2411 1699 2473 εἰκὸς
1762 2410 1989 2463 τοιαῦτα

402 2501 740 2572 προσεφώνει
762 2518 776 2532 ·

479 2594 542 2646 Ὢ
572 2594 738 2664 ἔργον
759 2593 1041 2658 τοιαύταις
1071 2596 1487 2666 ἀπηρτισμένου
1505 2600 1625 2662 ταῖς
1645 2598 1986 2667 ἐμμελείαιςί

405 2687 450 2740 ὣ
484 2689 977 2757 καταπετάσματος
1022 2690 1122 2758 τὴν
1160 2690 1253 2743 τοῦ
1286 2691 1418 2743 Θεοῦ
1454 2691 1659 2762 σκηνὴν
1698 2692 1881 2762 ἔριθον
1909 2693 1989 2753 εἰς

406 2785 505 2849 τὴν
541 2784 748 2835 οίκείαν
787 2782 1191 2852 παρειληφότος
1226 2783 1521 2837 σύστασινῐ
1560 2785 1623 2836 Τί
1656 2785 1900 2836 τοιοῦτον
1934 2785 1991 2836 ἐν

408 2874 485 2943 τῷ
523 2874 857 2943 περιωνύμῳ
894 2874 1088 2944 ’τούτῳ
1144 2873 1259 2944 ναῷ
1292 2875 1522 2944 ἀνετέθη
1569 2876 1782 2945 τίμιονς
1835 2877 1993 2930 Ποῖον

408 2966 550 3019 οὕτω
606 2967 1050 3038 καθηγιασμένον
1100 2969 1383 3037 κειμήλιον
1410 2969 1470 3020 ἐν
1518 2971 1583 3037 τῇ
1641 2968 1773 3039 ἁγίᾳ
1818 2967 1994 3042 ταύτῃ

411 3059 722 3131 καθιερώθη
770 3063 986 3131 σκηνῇ;
1041 3061 1211 3115 Τοῦτο
1268 3062 1469 3122 παντὸς
1550 3063 1992 3133 καλλιερήματος

413 3152 762 3223 σεμνότερον,
825 3153 984 3207 τοῦτο
1044 3155 1226 3226 πάσης
1267 3155 1461 3219 θυσίας
1494 3155 1801 3226 ἱερώτερον,
1836 3156 1994 3209 τοῦτο

2070 673 2196 713 nem
2226 665 2640 727 unguentorum
2669 655 3023 725 fragrantiam
3057 654 3448 716 suavissimum
3482 654 3657 707 exha-

2070 749 2153 804 las
2207 749 2433 802 odorem
2489 748 2740 817 spiritus,
2804 745 2965 815 cujus
3029 744 3381 805 vestimenta,
3445 744 3658 811 paritas

2073 844 2306 907 scilicet,
2338 842 2642 911 spiritalem
2673 838 2920 895 omnium
2951 852 3174 892 sensum
3207 836 3564 897 demulcebit,
3600 836 3655 888 in

2073 936 2231 1003 cujus
2260 941 2667 1003 unguentorum
2699 931 2927 985 odorem
2963 938 3190 983 current
3226 928 3349 982 ﬁliae
3384 927 3529 997 regis
3553 928 3653 990 δυ’,
3716 908 3722 913 ”

2075 1027 2272 1081 anima:
2322 1024 2568 1094 inquam,
2617 1038 2739 1093 qua:
2787 1022 3139 1092 arclretypam
3175 1020 3492 1090 regiamque
3532 1033 3658 1087 spe-

2076 1120 2217 1173 ciem
2270 1117 2612 1172 custodiunt.
2661 1115 2822 1179 Veni,
2855 1129 2976 1183 quae
3023 1113 3155 1167 olim
3201 1112 3430 1181 pulchra
3462 1125 3523 1165 es
3559 1125 3658 1163 vo-

2077 1222 2197 1266 cata
2234 1212 2372 1279 (75),
2409 1210 2567 1279 cujus
2598 1209 2868 1262 adventus
2894 1206 3110 1258 ardenti
3143 1203 3420 1257 desiderio
3452 1217 3660 1255 concu-

2079 1304 2331 1373 piscitur,
2356 1316 2521 1370 quant
2546 1300 2756 1371 jamdiu
2783 1298 2979 1351 invitat
3006 1296 3398 1366 prophetarum
3431 1294 3657 1355 chorus,

2079 1412 2242 1465 quam
2302 1396 2576 1465 justorum
2651 1390 2953 1447 concordes
3023 1403 3187 1443 voces
3258 1401 3451 1456 magna
3535 1400 3659 1437 cum

2079 1489 2268 1545 lmtitla
2324 1489 2643 1557 exquirunt,
2687 1500 2810 1554 quae
2851 1482 3113 1554 gaudium
3163 1481 3273 1551 jam
3320 1486 3479 1532 antea
3539 1492 3664 1544 spc-

2083 1592 2462 1650 ratum,quae
2525 1577 2843 1650 jucunditas
2906 1577 3016 1645 jam
3089 1574 3220 1627 olim
3295 1570 3661 1641 prmnuntiata

2082 1674 2303 1730 exsistis
2343 1671 2478 1743 (76).
2528 1669 2785 1736 Quaenam
2836 1664 3116 1719 lmtissima
3163 1660 3404 1730 alloquia
3449 1661 3658 1713 adven-

2088 1777 2202 1821 tum
2238 1776 2392 1820 tuum
2426 1763 2606 1833 primo
2653 1757 2973 1827 excipient?
3002 1755 3328 1822 Quicunque
3367 1750 3666 1821 excogitari

2087 1862 2259 1931 possit
2286 1860 2465 1913 honos
2498 1856 2637 1911 infra
2674 1865 2820 1909 tuam
2846 1853 2994 1923 jacet
3024 1846 3511 1919 magniﬁcentiam,
3545 1860 3668 1915 quae

2015 1918 2056 1973 Β
2088 1957 2297 2009 honore
2338 1951 2588 2022 quolibet
2623 1946 2939 2018 praecelsior
2987 1952 3094 2006 est,
3129 1918 3183 1996 et
3216 1956 3243 1995 a
3279 1939 3398 1995 solo
3435 1938 3671 1992 Domino

2085 2047 2339 2119 gloriam,
2370 2059 2477 2114 qua
2500 2026 2662 2112 digna
2700 2048 2806 2103 est,
2842 2036 3203 2091 nanciscitur.

2158 2138 2248 2193 IX.
2298 2137 2389 2191 Sic
2434 2135 2601 2203 igitur
2664 2130 2887 2200 Reginae
2942 2130 3046 2197 iam
3102 2128 3332 2196 propius
3385 2120 3670 2179 accedenti

2090 2228 2349 2286 sacerdos
2383 2240 2705 2283 occurrens,
2740 2240 2803 2276 ex
2842 2219 3205 2274 immaculatis
3225 2218 3397 2286 ipsius
3421 2214 3677 2268 manibus

2091 2340 2214 2379 cum
2248 2322 2449 2376 timore
2496 2327 2551 2373 et
2598 2316 2799 2387 gaudio
2844 2314 3182 2367 elaboratam
3217 2310 3418 2379 accipit
3459 2322 3672 2377 purpu-

2092 2431 2246 2478 ram;
2281 2427 2443 2481 quam
2480 2412 2669 2477 utique
2706 2423 2830 2459 cum
2867 2405 3150 2474 amplexus
3183 2409 3420 2462 teneret,
3453 2398 3550 2451 lias
3580 2411 3679 2450 vo—

2093 2525 2205 2574 ces,
2237 2508 2317 2561 uti
2344 2504 2571 2560 credere
2607 2502 2689 2575 fas
2712 2511 2816 2559 est,
2848 2496 3171 2551 effundebat
3200 2514 3212 2548 :

2164 2600 2208 2656 0
2262 2614 2421 2668 opus,
2462 2596 2602 2649 mira
2656 2591 3033 2647 concinnitate
3081 2597 3137 2641 et
3188 2585 3459 2655 elegantia
3500 2582 3680 2651 perfe-

2096 2693 2279 2750 ctum!
2339 2689 2384 2744 0
2441 2689 2714 2748 velamen,
2764 2682 2912 2752 quod
2972 2688 3204 2736 textura.-
3253 2694 3363 2733 sum
3423 2674 3676 2744 opiﬁcem

2096 2784 2352 2841 sortitum
2403 2788 2490 2836 est
2533 2780 2714 2848 ipSum
2754 2776 2850 2830 Dei
2889 2772 3311 2829 tabernaculum
3349 2769 3491 2837 ('77)!
3533 2765 3674 2832 Quid

2096 2889 2340 2945 unquam
2381 2880 2489 2925 tam
2516 2870 2824 2940 pretiosum
2858 2865 2915 2918 in
2945 2862 3311 2918 celeberrimo
3346 2860 3452 2912 hoc
3476 2856 3680 2924 templo

2096 2968 2408 3024 dedicatum
2461 2961 2578 3017 est?
2617 2959 2876 3025 Quaenam
2918 2953 3058 3009 adeo
3097 2961 3285 3007 sancta
3342 2948 3588 3018 supellex
3624 2946 3679 2998 in

2099 3068 2289 3116 sancto
2327 3058 2433 3111 hoc
2474 3051 2832 3108 tabernaculo
2860 3049 3044 3103 oblata
3079 3058 3322 3114 unquam
3362 3039 3500 3096 fuit?
3536 3039 3682 3104 Qua.

2099 3155 2237 3209 libet
2269 3152 2376 3207 hoc
2425 3148 2650 3203 victima
2686 3142 3063 3199 venerabilius
3105 3147 3210 3201 est,
3245 3138 3349 3191 hoc
3375 3133 3570 3204 quovis
3596 3147 3684 3186 sa-

411 3249 729 3317 προσφορᾶς
787 3247 1008 3318 ἀπάσης
1059 3248 1589 3320 εὐπροσδεκτότερον
1624 3289 1639 3314 ,
1701 3250 1843 3320 ὑπὲρ
1892 3251 1993 3322 τὴν

2101 3245 2316 3302 oriﬁcio
2370 3240 2638 3299 sanctius,
2704 3237 2812 3291 hoc
2872 3247 3201 3305 quacunque
3257 3229 3536 3284 oblatione
3593 3240 3681 3280 ac-

413 3338 580 3391 ’Δὸελ
632 3339 909 3411 ἀπαρχὴν,
960 3340 1099 3411 ὑπὲρ
1158 3341 1258 3410 τὴν
1302 3340 1553 3412 Ἀϐραὰμ
1605 3341 1992 3408 ὁλοκαύτωσιν,

410 3431 551 3503 ὑπὲρ
578 3431 724 3485 ἅπαν
792 3433 1167 3504 ὁλοκάρπωμα
1224 3434 1469 3489 δικαίων.
1509 3435 1573 3486 Ὃ
1632 3433 1742 3504 γὰρ
1795 3435 1993 3488 ἐκεῖνοι

412 3523 707 3587 τυποῦντες
738 3526 1061 3596 προέφερον,
1097 3527 1191 3579 νῦν
1223 3527 1545 3598 παραδόξως
1577 3527 1901 3598 τελούμενον
1936 3530 1995 3583 ὲν

409 3619 475 3686 τῇ
527 3616 856 3688 παναμώμῳ
908 3618 1356 3691 προσκομιζούσῃ
1403 3619 1562 3674 τοῦτο
1620 3622 1991 3674 κατανοείται.

481 3884 537 3940 I'.
586 3887 774 3942 Ταῦτα
827 3887 1144 3956 προσειπὼν
1210 3889 1634 3958 μεγαλοῳὼνως,
1699 3891 1766 3943 τὰ
1826 3890 1998 3960 αὐτῆς

409 3982 717 4063 ἀνεκήρυξε
754 3982 1040 4050 μεγαλείιο
1083 3984 1152 4036 Ὦ
1189 3983 1461 4053 Μαριάμ]
1498 3983 1836 4052 ἐμετάλυνε
1877 3987 1998 4039 Κύ-

404 4093 536 4143 ριος
572 4079 603 4130 ό
646 4075 792 4142 θεὸς
824 4076 890 4129 τὸ
924 4075 1114 4145 ὄνομά
1154 4092 1293 4141 σου,
1334 4077 1436 4130 καὶ
1475 4077 1590 4148 ἔσῃ
1616 4078 1997 4149 εὐλογημένη

408 4169 480 4220 ἐν
507 4168 729 4234 πάσαις
787 4167 918 4234 ταῖς
945 4169 1198 4237 γενεαῖς.
1258 4170 1648 4239 Θαυμάζοντος
1702 4172 1798 4225 καὶ
1822 4188 1996 4225 κατα-

411 4258 789 4330 πληττομένου
840 4261 901 4314 τὸ
939 4262 1112 4331 ῥῆμα,
1171 4261 1530 4333 ἐξισταμένου
1598 4263 1693 4317 καὶ
1755 4267 1893 4336 πρὸς
1938 4265 1999 4317 τὸ

411 4352 726 4422 ἀπόρρητον
756 4353 1190 4423 ἀμηχανοῦντος.
1224 4354 1413 4424 Τούτῳ
1434 4356 1543 4427 γὰρ
1564 4350 1839 4426 εἰώθαμεν
1859 4357 1994 4411 ἀπο-

416 4446 636 4516 ροῦντες
674 4446 753 4518 τῷ
808 4448 1170 4519 θαυμαστικῷ
1197 4450 1501 4520 κεχρῆσθαι
1536 4453 1917 4522 προσρήματι.

2102 3339 2347 3409 ceptius,
2403 3350 2572 3404 super
2626 3330 2812 3386 Abelis
2853 3326 3148 3399 primitias,
3189 3339 3359 3392 super
3388 3316 3681 3373 Abrahami

2101 3434 2515 3492 holocaustum,
2559 3441 2731 3496 super
2781 3421 3071 3493 quodlibet
3116 3418 3185 3472 ab
3225 3416 3388 3488 justis
3437 3413 3682 3467 oblatum

2100 3542 2132 3582 e
2173 3523 2430 3594 frugibus
2480 3534 2684 3574 munus
2724 3514 2967 3571 excellit.
3025 3510 3182 3576 Quod
3224 3508 3372 3563 enim
3402 3519 3501 3575 per
3536 3503 3685 3572 ejus-

2102 3593 2618 3672 modiioblationcs
2664 3609 2743 3662 illi
2786 3602 3217 3677 praesignabaut,
3266 3612 3415 3653 nunc
3466 3593 3691 3653 mirabi-

2101 3709 2235 3763 liter
2266 3704 2577 3775 perfectum
2614 3699 2672 3752 in
2706 3694 3073 3751 illibatissima
3099 3692 3224 3755 ista,
3252 3689 3434 3744 velum
3472 3685 3576 3738 hoc
3604 3681 3685 3737 af-

2101 3804 2339 3865 ferente,
2370 3794 2732 3865 conspicitur.

2173 3897 2243 3952 Χ.
2296 3893 2421 3949 llaec
2455 3885 2723 3959 (Simeon)
2764 3884 2906 3938 elata
2960 3894 3096 3934 voce
3136 3876 3408 3947 profatus,
3446 3869 3686 3940 Virginis

2104 3990 2233 4046 dein
2263 3984 2529 4056 magnalia
2557 3978 2845 4036 celebrare
2876 3972 3149 4028 instituit:
3171 3968 3215 4023 0
3239 3967 3417 4021 Maria
3439 3965 3457 4017 !
3483 3964 3688 4032 magni-

2101 4084 2281 4152 ﬁcavit
2324 4079 2574 4133 Dominus
2619 4073 2754 4125 Deus
2780 4084 2968 4122 nomen
2993 4075 3164 4127 tuum,
3200 4070 3247 4114 et
3280 4061 3381 4113 eris
3412 4056 3682 4110 benedicta

2104 4151 2159 4231 in
2198 4173 2437 4228 omnibus
2474 4161 2921 4239 generationibus.
2961 4155 3087 4212 Hice
3133 4151 3459 4209 demirantis
3488 4158 3545 4204 et
3574 4159 3692 4201 stuc

2107 4282 2243 4340 pore
2285 4262 2527 4335 perculsi
2563 4268 2693 4314 sunt
2725 4253 2916 4316 verba,
2953 4246 3201 4305 hominis
3233 4245 3329 4315 qui
3356 4259 3467 4313 prae
3497 4239 3690 4295 inetia-

2103 4333 2202 4419 bili
2234 4333 2491 4431 portento
2514 4353 2607 4407 vix
2633 4362 2862 4418 compos
2902 4354 2990 4400 est
3018 4342 3126 4401 sui.
3160 4349 3219 4395 et
3251 4336 3434 4392 mente
3476 4333 3691 4389 deﬁxus

2105 4428 2296 4509 lueret.
2321 4450 2479 4504 Tunc
2500 4444 2650 4501 enim
2685 4437 3019 4497 mirabunda
3055 4431 3326 4505 ejusmodi
3355 4428 3691 4484 allocutione

2106 4545 2185 4601 uti
2216 4544 2481 4605 solemus,
2507 4551 2634 4593 cum
2662 4533 2836 4589 veluti
2864 4527 3089 4586 attoniti
3116 4521 3584 4593 obstupescimus.

485 4630 570 4689 Ὢ,
606 4629 791 4698 φησὶν,
815 4625 903 4683 οἵα
934 4631 1002 4683 τὰ
1032 4632 1159 4702 περὶ
1190 4632 1247 4685 σὲ
1270 4633 1567 4704 τελουμενα
1595 4634 1608 4686 !
1645 4633 2006 4703 Ἑμεγὰλυνε

2183 4636 2228 4693 0
2259 4634 2465 4705 qualia,
2493 4627 2699 4698 inquit,
2732 4626 2790 4679 in
2827 4632 2880 4678 te
2910 4616 3302 4687 complentur!
3330 4610 3693 4683 Magniﬁcavit

414 4721 632 4790 Κύριος
665 4726 697 4775 ὁ
717 4721 878 4787 ,Θεὸς
904 4723 972 4775 τὸ
1013 4723 1202 4793 ὄνομά
1249 4742 1365 4779 σου
1392 4741 1405 4755 ”
1458 4726 1811 4797 ὑπερύψωσε,
1844 4727 1998 4798 φησὶ,

411 4813 512 4884 τὴν
537 4813 695 4878 δόξαν
722 4828 842 4866 σου*
872 4814 1058 4884 πάσης
1080 4815 1319 4883 ἀοράτου
1346 4833 1406 4868 τε
1435 4818 1529 4870 καὶ
1556 4817 1763 4887 ὁρατῆς
1795 4819 2005 4888 ταύτην

416 4902 782 4973 ὑπερεόίϐασε
835 4904 1087 4967 κτίσεως,
1135 4904 1489 4975 ὲξῃρημένην
1542 4905 1749 4977 ταύτην
1783 4908 1885 4978 τῆς
1907 4910 2005 4963 ἁν-

419 4996 700 5066 Ορωπίνης
750 4994 1044 5061 ἀνέδειξεν,
1099 4996 1435 5067 ἀσύγκριτον
1462 5001 1529 5069 τῇ
1561 4998 1831 5070 ἁγγελικῇ
1900 5017 2002 5053 πε-

420 5088 615 5159 ποίηκε
645 5103 660 5118 ’
720 5088 863 5159 μέγα
892 5090 989 5142 καὶ
1027 5087 1321 5157 λεγόμενον
1354 5090 1505 5162 πάσῃ
1557 5093 1720 5161 νοερᾷ
1752 5091 1914 5157 φύσει
1946 5092 2007 5146 τδ

418 5179 510 5232 σὺν
537 5179 947 5234 κατεσκεύασεν
979 5181 1171 5246 6νομα’
1202 5180 1344 5250 μέγα
1369 5182 1527 5235 τοῦτο
1552 5185 1609 5236 ὲν
1644 5185 1698 5236 Ἀ
1711 5188 1870 5255 ρχαίς
1910 5188 2006 5239 καὶ

430 5272 749 5337 Ἐξουοίαις,
781 5272 924 5343 μέγα
940 5276 997 5326 ὲν
1027 5272 1246 5344 Θρόνοις
1272 5273 1363 5325 καὶ
1384 5275 1706 5346 Κυριότησι,
1740 5279 1885 5347 μέγα
1915 5282 2008 5335 καὶ

418 5365 668 5418 ποθεινὸν
692 5367 751 5419 ἐν
775 5365 854 5437 τῷ
879 5366 1067 5436 οἰκείῳ
1085 5364 1253 5433 γένει·
1277 5365 1371 5418 καὶ
1401 5366 1836 5439 οὐκ,Ἐδόξασεν,
1865 5374 1992 5445 ἔφη,

487 5523 534 5555 ’θ
556 5526 571 5543 ⁸
598 5524 739 5581 Cant
779 5543 819 5592 ι,
848 5526 903 5581 '5.

489 5686 603 5753 (75)
641 5686 850 5739 Auctor
882 5684 1172 5742 manifeste
1211 5687 1409 5742 alludit
1438 5687 1505 5743 ad
1542 5687 1676 5743 illud
1726 5687 1990 5745 Cantico—

419 5772 539 5812 rum
569 5759 783 5829 (cap._i,
816 5771 872 5809 ν.
910 5757 999 5823 Μ)
1025 5774 1038 5809 :
1070 5756 1202 5812 Ecce
1231 5768 1288 5812 tu
1322 5756 1546 5829 pulchra
1568 5775 1639 5825 es,
1665 5760 1839 5812 amica
1857 5776 1995 5823 mea,

416 5843 533 5881 ecce
555 5835 613 5880 tu
640 5825 860 5895 pulchra
891 5842 966 5879 es.

487 5896 601 5967 (76)
639 5896 773 5952 Vide
808 5904 1153 5953 constantem
1208 5899 1430 5955 Patrum
1480 5901 1836 5965 sententiam,
1878 5901 1999 5970 plu-

2118 4731 2374 4785 Dominus
2403 4725 2541 4778 Deus
2568 4735 2759 4774 nomen
2783 4725 2930 4770 tuum
2955 4732 2972 4778 ;
3004 4705 3459 4780 superexaltavit,
3494 4701 3693 4770 inquit,

2112 4817 2344 4887 gloriam
2379 4822 2563 4875 tuam;
2599 4809 2743 4862 hanc
2765 4817 2934 4871 super
2962 4806 3248 4853 creaturas
3276 4804 3469 4847 omnes
3499 4786 3698 4843 invisi-

2114 4882 2429 4980 bilesjuxta
2463 4918 2528 4958 ac
2558 4897 2812 4956 visibiles
2831 4893 3066 4958 extulit;
3097 4890 3243 4942 hanc
3272 4883 3421 4939 omni
3458 4882 3698 4935 humana

2113 4973 2292 5077 gloria
2322 4995 2566 5053 ostendit
2593 4988 3001 5049 sublimiorem,
3035 4984 3175 5035 hanc
3212 4976 3461 5048 angelica
3491 4973 3703 5027 incom-

2113 5062 2438 5167 parabiliter
2468 5085 2761 5141 celsiorem
2791 5076 3012 5140 effecit;
3046 5083 3306 5141 magnum
3337 5075 3392 5123 et
3426 5062 3702 5119 universis

2116 5151 2560 5255 intelligibilibus
2585 5175 2802 5232 naturis
2842 5166 3257 5242 praedicandum
3300 5175 3503 5216 nomen
3539 5151 3729 5211 tuum'

2119 5278 2398 5339 reddidit;
2455 5284 2714 5344 magnum
2763 5268 2908 5323 idem
2958 5266 3012 5318 in
3055 5258 3469 5329 Principatibus
3509 5261 3565 5308 et
3595 5255 3702 5307 Po-

2107 5371 2423 5435 testalibus,
2454 5379 2710 5437 magnum
2756 5363 2811 5415 in
2844 5356 3083 5413 Thronis
3104 5363 3160 5407 et
3201 5347 3680 5408 Dominationibus

2100 5688 2242 5744 rima
2313 5687 2365 5741 in
2418 5702 2494 5742 ss.
2564 5682 2753 5739 Bililiis
2802 5689 3110 5735 recurrere,
3167 5686 3289 5741 qua:
3345 5667 3414 5721 de
3464 5660 3692 5730 Virgine

2108 5760 2344 5824 Deipara
2373 5756 2602 5826 intelligi
2642 5754 2869 5808 debent.
2942 5820 2973 5826 ω
3023 5817 3034 5826 ⁹
3316 5820 3425 5826 “___
3485 5801 3628 5826 MM,

2182 5816 2293 5897 (Ἡ)
2347 5816 2629 5896 νίτεζὶιιὲηι
2656 5838 2901 5897 nempe“
2942 5817 3252 5897 lleiparam.
3281 5820 3428 5897 "quae
3485 5816 3687 5874 passam

2107 5876 2829 5969 apud[Patregiappcllatur'
2864 5891 2956 5943 Dei
2981 5876 3405 5939 tabernaculum.
