4104 6432
402 438 507 505 θτι

1672 435 1933 498 JACOBI
1973 434 2321 499 MONACHI
3580 437 3687 501 C72

408 569 668 626 magnum
703 562 761 610 et
794 550 1164 608 desiderabile
1203 550 1258 607 in
1308 558 1402 605 tuo
1445 549 1733 605 hominum
1770 563 1982 619 genere,

2107 548 2244 613 ἀλλ’,
2290 546 2719 618 Ἐμεγάιυνεν,
2783 546 2858 610 ὡς
2910 546 3005 602 τοῦ
3060 548 3550 620 ἀνακεχωρηκότας
3586 553 3691 617 τῆς

406 646 475 703 Et
504 647 725 718 quidem
752 660 858 700 non
882 644 1039 706 dixit,
1065 643 1425 705 Glorilieavit,
1461 643 1578 707 sed,
1601 639 1991 711 Magniﬁcavit,

2105 641 2263 705 ἀξίας
2298 642 2392 694 καὶ
2424 639 2518 693 τοῦ
2541 639 2951 709 ἀνερμτ,νεύτου
2974 640 3380 709 σημαινομένου
3410 641 3685 694 ἐντεῦθεν.

408 755 670 813 tanquam
719 743 764 795 si
822 740 1022 795 exinde
1078 738 1510 810 significaretur,
1567 737 1843 809 ejusmodi
1888 736 1996 791 hoc
2034 750 2237 791 nomen
2306 752 2452 801 esse,
2495 736 2643 807 quod
2692 751 2797 792 nec
2857 751 2957 807 pro
2998 736 3197 791 merito
3245 736 3531 801 a‘stimari,
3584 753 3686 792 nec

412 837 524 891 ulla
556 834 771 888 ratione
794 833 1057 902 explicari
1089 833 1285 901 possit.

479 929 574 983 XI.
621 927 795 994 Quale
841 942 1008 998 porro
1037 936 1123 979 est
1170 926 1273 980 hoc
1307 941 1528 988 nomen,
1574 933 1685 978 tam
1733 922 1985 994 prmclari

406 1020 593 1091 gaudii
627 1034 847 1088 parens,
900 1019 1050 1088 quod
1085 1019 1350 1072 Dominus
1392 1018 1536 1071 Deus
1586 1014 1991 1085 magnificavit?

406 1114 711 1179 Quamnam
742 1110 908 1179 hujus
930 1109 1166 1179 Virginis
1191 1108 1618 1179 appellationem
1642 1117 1790 1161 tanta
1817 1105 1989 1176 gloria

406 1204 556 1259 Deus
597 1201 942 1256 cumulavit?
993 1202 1133 1255 Nunt
1184 1199 1465 1270 propriam
1518 1214 1582 1253 ac
1619 1198 1987 1268 personalem,

405 1310 529 1350 eam
560 1294 796 1359 scilicet,
825 1309 946 1362 qua:
978 1293 1123 1347 illam
1159 1294 1227 1346 ah
1266 1292 1496 1361 reliquis
1526 1291 1774 1362 ejusdem
1818 1306 1988 1360 gene-

407 1387 490 1440 ris
540 1393 595 1438 et
640 1399 875 1438 numero
905 1390 962 1437 et
999 1381 1376 1453 singularibus
1405 1379 1846 1451 proprietatibus
1871 1378 1987 1432 dis-

406 1475 611 1541 cernit,
666 1490 738 1530 an
793 1489 926 1530 vero
983 1488 1336 1528 communem
1390 1489 1454 1529 ac
1497 1471 1816 1543 specialem,
1857 1486 1992 1540 'qute

406 1565 619 1621 scilicet
636 1564 753 1634 pari
788 1565 999 1619 ratione
1017 1561 1537 1634 omnibuscjusdcm
1557 1561 1758 1631 speciei
1790 1560 1992 1615 indivi-

405 1656 533 1713 duis
567 1657 1043 1712 commumicatur?
1072 1656 1290 1711 Nullam
1334 1670 1526 1725 reapse
1568 1655 1763 1709 harum
1799 1654 1991 1724 appel-

403 1748 673 1803 lationum
726 1747 947 1802 videtur
993 1747 1086 1802 hic
1135 1761 1321 1801 sermo
1360 1746 1622 1811 inuuere;
1675 1759 1989 1814 quanquam

2168 916 2271 972 Μ’.
2313 919 2473 970 Ποῖον
2517 917 2574 970 δὲ
2604 919 2705 986 τῆς
2771 917 3132 985 πολυωνύμου
3175 919 3355 987 χαρᾶς
3380 918 3684 987 ἐμεγάλυνε

2093 1010 2294 1077 Κύριος
2321 1011 2349 1062 ὁ
2379 1009 2511 1071 Θεὸς
2577 1008 2779 1077 bona;
2816 1009 2987 1063 Ποίαν
3036 1009 3245 1080 ταύτης
3309 1010 3683 1081 ὑπερεδόξασε

2095 1100 2511 1171 προσηγορίανς
2569 1098 2719 1171 Ἀρα
2772 1102 2869 1172 τὴν
2916 1102 3113 1172 κυρίαν
3145 1105 3242 1156 καὶ
3288 1103 3682 1176 ὑποστατικὴν,

2094 1194 2187 1246 καὶ
2218 1193 2317 1263 τὴν
2344 1192 2452 1245 τῶν
2482 1192 2747 1262 ὁμοειδῶν
2794 1193 3019 1263 ἀριθμῷ
3059 1194 3154 1247 καὶ
3212 1195 3443 1264 ἰδιότησι
3498 1197 3687 1260 διαςρὲ-

2097 1300 2318 1354 ρουσαν,
2349 1284 2379 1353 ἧ
2407 1283 2505 1354 τὴν
2531 1284 2720 1353 κοινὴν
2745 1286 2840 1338 καὶ
2869 1264 3074 1356 είδικῖὴν
3101 1286 3197 1340 καὶ
3223 1288 3391 1341 πᾶσιν
3405 1288 3684 1358 ὁμοτίμοις

2092 1378 2205 1439 τοῖς
2229 1377 2394 1429 αὑτοῦ
2426 1376 2857 1447 μεταδιδομένην
2888 1376 3099 1442 εἷδουςς
3135 1378 3270 1430 Οὺδε
3282 1379 3412 1447 μίαν
3440 1379 3585 1431 δοκεῖ
3615 1382 3680 1451 τῇ

2095 1469 2327 1541 ἀληθείᾳ
2373 1468 2486 1521 τῶν
2517 1472 2777 1522 τοιούτων
2818 1469 3087 1540 κλήσεων,
3139 1470 3429 1539 ἐμφαίνειν
3487 1471 3685 1524 ἐνταῦ-

2095 1560 2163 1614 θα
2219 1562 2309 1614 τιν
2368 1561 2564 1630 λόγον,
2640 1560 2743 1615 κᾶν
2809 1566 2875 1632 τῇ
2954 1562 3325 1635 δεδοξασμένῃ
3392 1563 3678 1629 συνεδοξάο

2099 1654 2304 1723 σθησαν
2330 1669 2348 1687 ο
2402 1654 2519 1706 ἀλλ’
2575 1654 2691 1706 ἐνὸν
2744 1655 3007 1723 πρότερον
3035 1657 3228 1718 εἰπεῖν,
3282 1658 3435 1709 ποῖον
3491 1656 3555 1720 δὴ
3601 1657 3687 1708 λε-

2098 1746 2334 1817 γόμενον
2369 1746 2465 1799 καὶ
2498 1746 2935 1816 μεγα).υνόμενον
2963 1747 3135 1817 δνομα
3180 1746 3277 1801 τοῦ
3334 1746 3685 1818 Δημιουργοῦ

402 1847 462 1894 et
505 1839 646 1904 istm,
693 1838 995 1910 gloriﬁcata
1032 1839 1144 1904 illa,
1195 1838 1361 1894 simul
1407 1837 1835 1907 congloriticatte
1877 1835 1982 1890 fue«

2098 1841 2324 1903 νοεῖται,
2384 1840 2520 1909 ὅπερ
2571 1837 2790 1892 αίώνιον
2840 1839 3053 1892 τίθεται
3112 1840 3207 1893 καὶ
3259 1840 3415 1909 ἅγιον
3472 1838 3687 1908 θαυμα-

404 1931 541 1985 rint.
579 1928 686 1985 Sed
729 1930 892 1985 liccat
935 1930 1293 2000 praemittere,
1348 1928 1658 2000 cuiusmodi
1704 1928 1837 1983 illud
1892 1927 1983 1993 sit,

407 2020 556 2093 quod
586 2030 646 2075 et
692 2019 1088 2075 celebrandum
1124 2029 1182 2075 et
1217 2016 1681 2091 magniﬁcatidum
1722 2018 1985 2089 intelligi-

405 2119 518 2177 tur,
560 2110 842 2167 Creatoris
878 2127 1103 2176 nomen,
1139 2111 1285 2182 quod
1319 2126 1451 2166 sane
1482 2120 1539 2165 et
1581 2120 1848 2167 aeternum
1881 2120 1984 2176 est,

402 2213 461 2260 et
489 2213 745 2259 sanetum
777 2214 835 2260 ct
872 2203 1220 2269 admirabile,
1250 2212 1306 2258 et
1350 2204 1404 2258 in
1437 2203 1699 2258 omnibus
1726 2202 1986 2273 gentibus

404 2294 691 2360 terribile;
724 2296 920 2351 eadem
964 2296 1165 2351 deinde
1202 2296 1414 2351 ratione
1464 2305 1522 2350 et
1572 2296 1641 2350 de
1680 2296 1986 2365 praeclaris-

401 2388 529 2442 simi
561 2389 734 2442 nostri
772 2388 958 2458 gaudii
991 2389 1215 2443 nomine
1238 2397 1505 2443 statuere.
1549 2388 1617 2441 Et
1647 2403 1778 2443 sane
1817 2388 1981 2459 quid-

403 2481 538 2551 quid
584 2480 833 2535 divinum
868 2491 976 2547 est,
1025 2496 1150 2535 cum
1209 2496 1313 2536 nec
1359 2490 1543 2535 mente
1586 2482 1983 2549 comprehendi

402 2588 509 2629 nec
540 2572 725 2628 verbis
756 2573 940 2627 eﬂerri
978 2582 1167 2642 queat,
1213 2574 1389 2635 nullo,
1420 2572 1501 2627 uti
1554 2582 1726 2642 patet,
1760 2575 1985 2631 nomine

399 2666 699 2737 signiﬁcari
749 2674 947 2736 potest,
994 2668 1203 2723 nullam
1252 2666 1638 2736 appellationis
1678 2666 1986 2736 impositio—

398 2772 526 2813 nem
554 2758 763 2813 subire.
801 2757 1092 2825 Quodnam
1133 2759 1301 2828 igitur
1324 2766 1411 2812 est
1432 2758 1554 2827 ejus
1584 2774 1812 2820 nomen,
1835 2759 1983 2830 quod

398 2851 648 2905 omnium
683 2865 780 2906 ore
814 2849 1195 2921 gloriﬁcatur?
1232 2850 1344 2905 Aut
1372 2850 1670 2914 undenam,
1713 2860 1775 2905 nt
1803 2852 1982 2922 impo-

398 2951 648 3007 neretur,
675 2943 934 3013 accepit?
966 2943 1132 2998 Plane
1152 2942 1397 2998 fatentur
1431 2942 1595 2997 simul
1626 2958 1842 3006 omnes,
1877 2943 1985 3000 hoc

398 3051 601 3090 nomen
628 3049 750 3089 esse
786 3033 962 3088 Deus:
995 3035 1104 3091 hoc
1134 3035 1282 3091 illius
1312 3044 1370 3091 et
1400 3038 1687 3106 proprium
1720 3048 1778 3092 et
1804 3029 1982 3093 solum

396 3144 519 3184 esse
551 3129 822 3185 creditur.
869 3128 991 3185 Etsi
1027 3127 1177 3183 enim
1230 3128 1417 3198 plures
1455 3128 1641 3183 divina
1691 3128 1981 3201 Scriptura

2096 1931 2220 1985 στόν
2255 1949 2313 1985 τε
2336 1932 2430 1983 καὶ
2466 1930 2696 2001 φοϐερὸν
2728 1933 2788 1983 ὲν
2812 1933 2945 1984 πᾶσι
2970 1935 3083 1993 τοῖς
3112 1930 3347 1995 ἔθνεσιν,
3398 1929 3498 1984 εἷθ’
3545 1932 3687 1984 οὕτω

2093 2024 2186 2076 καὶ
2218 2023 2345 2092 περὶ
2384 2022 2484 2091 τῆς
2534 2020 2893 2091 πολυωνύμου
2950 2023 3129 2092 χαρᾶς
3174 2019 3473 2074 διαλαϐεῖν.
3517 2020 3686 2088 Δῆὶον

2092 2116 2202 2186 γὰρ
2239 2113 2315 2176 ὼς
2347 2114 2407 2166 τὸ
2444 2113 2587 2166 θεῖον
2645 2112 3022 2185 ἀκατανόητόν
3069 2130 3127 2167 τε
3160 2112 3222 2167 ὃν
3269 2113 3367 2167 καὶ
3420 2113 3683 2185 ἄρρητον,

2092 2208 2539 2278 ἀκατονόμαστον
2601 2209 2772 2279 μένει,
2802 2207 2903 2278 τὴν
2960 2207 3071 2261 τῶν
3114 2207 3365 2276 κλήσεων
3406 2207 3481 2276 μὴ
3514 2223 3685 2271 προσ-

2093 2302 2309 2371 ιέμενον
2330 2301 2500 2354 θέσιν.
2534 2302 2693 2354 Ποῖον
2711 2296 2804 2353 οὖν
2824 2300 2975 2353 ἐστιν
2991 2298 3019 2352 ὂ
3039 2298 3492 2367 πολυθρυλλήτως
3514 2297 3683 2350 αὑτοῦ

2090 2394 2371 2457 δοξάζεται
2442 2393 2652 2463 Mona;
2705 2391 2813 2444 Καὶ
2867 2390 3030 2442 πόθεν
3088 2389 3246 2443 τοῦτο
3286 2388 3383 2449 τὰς
3422 2388 3683 2458 ἀφορμὰς

2090 2469 2190 2558 si};
2220 2487 2519 2549 ἐπιθέσεως
2567 2485 2800 2554 annos;
2861 2483 3087 2544 Πάντως
3122 2481 3576 2549 συνομολογεὶται
3601 2480 3682 2542 τὸ,

2093 2581 2240 2647 Θεός
2263 2594 2274 2607 ·
2311 2579 2339 2632 ὃ
2373 2580 2470 2632 καὶ
2498 2580 2700 2646 κυρίως
2730 2575 2896 2630 αὐτοῦ
2924 2575 3017 2627 καὶ
3059 2574 3235 2643 μόνως
3258 2569 3398 2626 εἶναι
3431 2572 3682 2626 πιστεύε-

2088 2683 2203 2722 ται.
2239 2667 2297 2719 Εί
2329 2665 2437 2736 γὰρ
2491 2667 2589 2718 καὶ
2635 2663 2887 2726 πλείονας
2920 2664 2953 2733 ἡ
2990 2663 3108 2715 θεία
3145 2663 3337 2733 Γραφὴ
3382 2662 3688 2730 κατονομά-

2089 2759 2169 2824 ζει
2213 2758 2388 2822 θεοὺς,
2448 2758 2582 2810 ἀλλὰ
2644 2756 2752 2809 τῶν
2806 2756 2904 2823 μὲν
2957 2755 3060 2808 οὐκ
3113 2755 3284 2808 ὄντων
3312 2754 3386 2818 ὡς
3420 2755 3683 2807 δντωντὸ

2088 2848 2370 2917 ἀπατηλὸν
2442 2846 2769 2917 στηλιτεύει.
2799 2845 2966 2900 Οὕτω
3002 2846 3112 2917 γὰρ
3146 2848 3210 2899 hi
3241 2846 3337 2899 τοῦ
3371 2848 3686 2916 διευκρινη-

2091 2940 2275 3003 οέντος
2318 2941 2453 3004 νόει,
2484 2941 2579 2992 καὶ
2624 2939 2684 2992 τὸ
2714 2939 2812 3008 τῆς
2845 2938 3127 3009 Παρθένου
3164 2938 3514 3010 σαφεστάτην
3538 2939 3684 3009 ἔχειν

2090 3038 2190 3105 τὴν
2240 3035 2481 3104 εὕρεσιν.
2535 3036 2601 3087 Ὃ
2630 3034 2740 3103 γὰρ
2796 3035 2917 3087 ἐκεῖ
2952 3035 3051 3105 τὴν
3099 3034 3247 3089 Θεοῦ
3307 3034 3683 3105 προσηγορίαν

2092 3127 2540 3198 μεγαλυνομένην
2608 3125 2833 3189 ἔδειξεν,
2861 3126 3098 3178 ἐνταῦθα
3142 3128 3208 3196 τῇ
3255 3126 3569 3195 καταλλήλῳ
3603 3142 3682 3179 τι-

396 3220 532 3275 deos
565 3220 846 3284 nominat;
895 3227 951 3273 at
984 3219 1052 3274 de
1101 3218 1257 3287 ipsis,
1299 3218 1394 3289 qui
1433 3220 1614 3289 reipsa
1650 3220 1787 3274 nihil
1827 3230 1980 3285 sunt,

2091 3220 2321 3289 μωμένῃ
2348 3218 2499 3289 δόξῃ,
2524 3218 2622 3288 τὴν
2656 3218 2756 3286 τῆς
2786 3219 3079 3272 Θεοτόκου
3109 3217 3510 3284 καθυποφαίνει
3541 3217 3677 3285 κλῆ-

400 3322 661 3379 tanquam
695 3310 739 3365 si
772 3310 985 3381 aliquid
1015 3320 1223 3371 essent,
1258 3309 1326 3363 ad
1358 3311 1683 3365 earumdem
1712 3312 1982 3367 fallaciam

404 3398 846 3469 redarguendam
893 3400 1160 3468 loquitur.
1209 3400 1302 3454 Sic
1354 3399 1541 3469 itaque
1589 3415 1654 3454 ex
1690 3402 1797 3457 hoc
1839 3404 1981 3472 ipso,

399 3491 549 3561 quod
579 3508 710 3548 sane
743 3492 847 3548 rite
881 3492 1196 3548 discussum
1222 3502 1329 3558 est,
1364 3494 1629 3565 intellige,
1666 3504 1720 3550 et
1743 3496 1986 3567 Virginis

396 3599 601 3639 nomen
656 3585 818 3655 plane
870 3585 1163 3656 perspicue
1211 3586 1553 3657 deprehendi
1594 3605 1773 3657 posse.
1823 3590 1981 3656 Quod

395 3674 542 3728 enim
589 3675 663 3732 ibi
695 3677 963 3743 ostendit,
997 3677 1454 3748 magtiiilcandam
1484 3694 1609 3734 esse
1656 3682 1977 3751 appellatio-

395 3780 522 3818 nem
560 3765 680 3830 Dei,
728 3766 819 3821 hic
864 3770 1236 3838 respondente
1280 3771 1509 3825 honoris
1538 3772 1707 3842 gloria
1738 3774 1981 3843 appella-

399 3857 604 3911 tionem
631 3858 816 3915 innuit
844 3859 1115 3930 Deiparw.
1147 3860 1259 3917 Hoc
1293 3861 1566 3932 siquidem
1612 3864 1791 3919 solum
1833 3865 1980 3921 illius

2091 3328 2194 3362 σιν.
2250 3308 2422 3362 Τοῦτο
2456 3312 2565 3377 γὰρ
2601 3308 2740 3378 αὐτῇ
2794 3308 2971 3377 μόνως
3000 3307 3196 3377 ὄνομα,
3250 3306 3413 3360 τοῦτο
3443 3307 3671 3377 κυρίως,

2086 3401 2244 3454 τοῦτο
2301 3399 2516 3469 ἀληθῶς
2538 3415 2552 3428 ·
2585 3398 2747 3452 τοῦτο
2782 3399 3081 3467 μεγαλύνει
3110 3403 3142 3469 ἡ
3165 3401 3341 3461 κτίσις
3370 3418 3381 3428 ·
3408 3401 3566 3453 τοῦτο
3593 3400 3683 3452 δο-

2089 3494 2341 3559 ξάζοντες
2372 3491 2833 3562 ὑπερευλογοῦσιν
2869 3493 3171 3561 ἄνθρωποι*
3209 3492 3368 3548 τοῦτο
3392 3494 3448 3547 ἐν
3481 3494 3683 3555 πάσαις

2085 3589 2184 3639 οὐκ
2231 3584 2528 3655 ὠνομάσθη
2584 3587 2707 3648 ταῖς
2750 3587 2999 3651 γενεαῖς·
3057 3586 3218 3638 τοῦτο
3280 3588 3452 3656 μόνης
3505 3586 3680 3656 αὐτῆς

2088 3678 2405 3740 ἱδιαίτατον,
2444 3676 2636 3748 ὥσπερ
2672 3678 2835 3747 μόνου
2857 3676 2955 3730 τοῦ
2992 3676 3345 3749 Δὴμιουργοῦ
3400 3680 3483 3742 τὸ,
3515 3678 3681 3744 Θεός.

2090 3770 2201 3824 Καὶ
2239 3768 2381 3822 οὕτω
2407 3769 2507 3837 μὲν
2538 3769 2666 3839 περὶ
2698 3767 2905 3821 τούτων
2930 3768 3193 3838 ἁρμόδιον
3227 3769 3499 3837 ἡγεῖσθαι.
3544 3770 3683 3822 Και-

2093 3862 2184 3934 ρδς
2216 3861 2274 3913 δὲ
2299 3861 2432 3931 ἡμῖν
2457 3860 2552 3913 ἐπὶ
2594 3859 2691 3929 τὴν
2727 3859 2970 3929 ἱστορίαν
3000 3859 3357 3931 ἀναδραμεῖν.

393 3964 617 4017 nomen,
672 3953 778 4009 hoc
837 3955 1146 4025 proprium,
1204 3956 1310 4011 hoc
1375 3972 1601 4023 verum;
1663 3958 1769 4013 hoc
1834 3962 2105 4015 universa:
2156 3961 2425 4009 creatura:
2472 3950 2856 4023 magniﬁcam;
2920 3952 3025 4007 hoc
3072 3952 3325 4007 homines
3375 3952 3681 4024 gloriﬁcaut

397 4059 462 4100 ac
501 4062 667 4117 supra
697 4048 923 4104 modum
957 4049 1330 4117 benedicunt;
1365 4054 1469 4107 hoc
1521 4054 1576 4105 in
1607 4054 1870 4110 omnibus
1920 4063 2078 4109 antea
2145 4049 2600 4123 generationibus
2669 4047 3015 4117 inauditum;
3072 4049 3180 4105 hoc
3241 4050 3390 4106 illius
3437 4061 3682 4107 tantum-

398 4140 563 4196 modo
620 4144 907 4212 proprium
964 4144 1195 4199 omnino
1245 4152 1357 4212 est,
1449 4147 1917 4215 quemadmodum
1970 4155 2025 4202 et
2069 4147 2233 4200 unius
2276 4142 2554 4198 Creatoris
2597 4141 2879 4212 proprium
2945 4153 3030 4198 est
3061 4158 3265 4199 nomen
3293 4144 3457 4199 Deus.
3500 4146 3568 4201 Et
3602 4147 3684 4203 sic

395 4235 622 4305 quidem
658 4236 728 4291 de
768 4236 857 4292 his
899 4238 1221 4293 existimare
1250 4254 1557 4310 congruum
1590 4241 1780 4298 fuerit.
1821 4244 1980 4299 Nunc
2022 4256 2157 4296 vero
2191 4248 2412 4312 tempus
2446 4238 2512 4293 ad
2546 4238 2835 4294 historiam
2874 4255 2978 4295 nos
3005 4240 3233 4296 reverti.

465 4326 587 4383 XII.
611 4328 799 4397 inquit
830 4329 975 4383 enim
1008 4347 1021 4385 :
1048 4330 1356 4401 Exsurgens
1377 4332 1553 4387 Maria
1576 4337 1626 4390 iu
1650 4337 1827 4392 diebus
1850 4318 1978 4400 illis,

2160 4334 2258 4386 lB'.
2331 4328 2679 4386 Ἀναστᾶσα
2724 4331 2856 4399 γὰρ,
2916 4335 3051 4403 φησι
3080 4373 3094 4397 ,
3155 4331 3391 4400 Μαριὰμ
3434 4334 3506 4386 ἐν
3554 4336 3683 4402 ταῖς

394 4415 521 4470 abiit
547 4418 604 4470 in
635 4425 896 4472 montana
924 4434 1044 4473 cum
1077 4419 1413 4488 festinatione
1437 4422 1507 4475 ⁸¹.
1538 4423 1672 4479 Vide
1704 4428 1978 4481 narratio-

2090 4425 2335 4495 ἡμέραις
2386 4424 2629 4489 ταύταις
2662 4424 2960 4492 ἐπορεύθη
2983 4426 3072 4490 εις
3096 4424 3213 4490 τὴν
3248 4424 3493 4493 ὀρεινὴν
3528 4429 3681 4495 μετὰ

393 4522 528 4563 num
569 4508 1032 4577 consonantiam;
1063 4525 1170 4565 non
1200 4512 1351 4566 enim
1380 4516 1697 4585 evangelica
1728 4518 1981 4573 narratio

2090 4515 2388 4584 σπουδῆς.
2443 4516 2588 4584 Ὅρα
2645 4516 2746 4583 τὴν
2799 4517 3125 4586 συμφωνίαν
3177 4518 3286 4570 τῶν
3338 4517 3677 4589 διηγήσεων·

389 4599 548 4660 dixit,
584 4600 770 4654 eadem
813 4602 918 4666 die,
959 4613 1056 4658 aut
1091 4612 1207 4673 post
1237 4605 1379 4660 diem
1423 4606 1675 4671 alterum,
1720 4617 1817 4663 aut
1862 4609 1976 4663 alia

2090 4610 2148 4663 οὺ
2178 4610 2287 4680 γὰρ
2314 4609 2513 4675 αὐτὴν
2544 4608 2649 4676 ἔφη
2696 4607 2811 4675 τὴν
2844 4608 3099 4679 ἡμέραν,
3130 4610 3164 4680 ἢ
3182 4608 3334 4678 μετὰ
3362 4609 3678 4677 δευτέραν,

388 4693 644 4762 quapiam
676 4708 741 4747 ea:
774 4695 1141 4764 sequentibus,
1180 4695 1277 4750 sed
1320 4698 1375 4750 in
1401 4697 1583 4762 diebus
1606 4698 1737 4763 illis,
1762 4716 1859 4769 per
1892 4702 1979 4756 in-

389 4783 683 4838 definitum
723 4786 938 4841 scilicet
986 4795 1204 4857 tempus
1240 4788 1502 4849 innitens.
1547 4790 1772 4845 Mariam
1827 4793 1976 4848 domi

388 4875 621 4931 instanti
659 4893 828 4946 opere
866 4878 1039 4935 fuisse
1084 4881 1401 4936 necessario
1452 4882 1777 4938 detentam:
1828 4886 1976 4956 quod

389 4967 617 5035 quidem
654 4969 760 5024 alia
817 4970 1051 5026 historia
1100 4974 1394 5029 manifesto
1446 4977 1641 5041 tradit,
1693 4976 1759 5033 ad
1807 4979 1977 5048 perli-

388 5056 646 5111 ciendum
694 5059 846 5129 (veli)
876 5075 1017 5129 Opus
1048 5061 1099 5116 id
1130 5062 1337 5118 factum
1367 5066 1571 5133 fuisse;
1616 5067 1758 5124 adeo
1790 5079 1852 5123 ut
1880 5086 1976 5124 ve.-

392 5148 815 5204 hementissimo
869 5151 1095 5220 quidem
1144 5154 1426 5211 desiderio
1465 5159 1531 5214 ad
1583 5160 1975 5233 (invisendam)

394 5239 676 5294 Elisabeth
715 5240 1136 5313 impelleretur;
1170 5250 1384 5303 ratione
1427 5259 1636 5317 tamen,
1666 5268 1831 5323 quam
1877 5270 1979 5308 an-

391 5342 475 5386 tea
522 5332 787 5399 diximus,
845 5335 1207 5394 detineretur.
1254 5341 1497 5412 Utraque
1549 5360 1684 5401 vero
1737 5346 1971 5401 historia

389 5425 554 5478 simul
591 5427 897 5495 composita
935 5429 1150 5493 edocet.
1189 5433 1338 5488 illaut
1375 5445 1487 5490 tum
1521 5438 1588 5493 ad
1621 5441 1972 5495 sacerdotem

319 5568 325 5573 ,
390 5525 507 5569 tum
538 5513 605 5569 ad
653 5525 940 5585 cognatam
968 5519 1161 5575 eodem
1195 5538 1253 5576 se
1304 5523 1500 5582 itinere
1534 5530 1857 5591 contulisse,
1887 5531 1970 5583 vi-

387 5606 591 5662 delicet
629 5608 700 5662 ab
736 5608 952 5666 :edibus
978 5611 1206 5684 Josephi
1248 5614 1316 5670 ad
1366 5619 1732 5685 sacerdotem,
1767 5622 1836 5676 ab
1869 5622 1974 5677 isto

391 5711 526 5753 vero
553 5699 620 5751 ad
654 5698 880 5755 domum
908 5703 1205 5761 Zacharizn.
1239 5706 1507 5774 Quocirca
1537 5710 1768 5767 historia
1796 5714 1931 5769 dicit
1957 5731 1970 5766 :

2085 4702 2178 4755 καὶ
2213 4702 2328 4770 τὴν
2342 4699 2614 4767 καθεξῆς
2640 4700 2905 4769 ἐκείνης,
2940 4702 3058 4756 ἀλλ’
3087 4704 3145 4756 ὲν
3182 4704 3449 4770 ταύταις,
3477 4707 3554 4775 τῷ
3581 4706 3679 4758 ἀοι

2088 4796 2258 4866 ρίστῳ
2287 4795 2381 4849 τοῦ
2409 4795 2603 4865 χρόνου
2634 4794 2695 4847 τὸ
2717 4796 2819 4864 τῆς
2842 4795 3188 4866 κατεχούσης
3213 4796 3237 4846 ὲ
3245 4796 3480 4865 ργασίας
3502 4799 3678 4863 ἀναγ-

2084 4890 2294 4957 καῖονή
2334 4886 2428 4941 τοῦ
2453 4888 2781 4956 εὐαγγελίου
2818 4888 3164 4959 σημαίνουσα
3188 4906 3203 4919 ·
3231 4888 3372 4959 ὅπερ
3399 4890 3431 4958 ἡ
3464 4889 3677 4957 ἱστορία

2081 4979 2171 5032 διὰ
2201 4977 2297 5031 τοῦ
2322 4977 2728 5049 συμπληρῶσαι
2755 4977 2816 5031 τὸ
2843 4976 3006 5049 ἔργον
3028 4978 3333 5047 ἐδήλωσεν
3374 4978 3514 5031 ὥστε
3548 4995 3679 5046 atpo-

2081 5069 2317 5140 δροτέρᾳ
2355 5069 2458 5138 μὲν
2506 5069 2772 5139 ἠπείγετο
2815 5069 3014 5141 γνώμῃ
3069 5069 3207 5139 πρὸς
3230 5068 3328 5139 τὴν
3363 5069 3671 5131 Ἐλισάὅετ,

2083 5159 2367 5231 κατείχετο
2394 5159 2453 5213 δὲ
2483 5159 2561 5230 τῷ
2598 5159 3021 5230 προλελεγμένῳ
3045 5160 3254 5230 τρόπῳ.
3277 5160 3423 5213 Μίαν
3454 5159 3511 5213 δὲ
3538 5162 3675 5230 πρός

2082 5271 2143 5307 τε
2165 5254 2261 5307 τὸν
2317 5253 2470 5325 ἱερέα
2528 5254 2625 5308 καὶ
2678 5253 2818 5323 πρὸς
2851 5253 2949 5323 τὴν
3012 5253 3308 5320 συγγενίδα
3336 5253 3439 5323 τὴν
3489 5253 3674 5321 ἄφιξιν

2084 5346 2325 5416 ἑκατέρα
2354 5346 2817 5400 καθυποδείκνυσι
2851 5347 3039 5416 γραφή
3072 5362 3085 5375 ·
3115 5344 3226 5398 ἀπὸ
3267 5347 3367 5414 μὲν
3407 5345 3500 5398 τοῦ
3528 5348 3677 5415 οίκή-

2088 5454 2255 5510 ματος
2296 5439 2494 5508 Ἰωσὴφ
2521 5438 2659 5511 πρὸς
2711 5438 2804 5491 τὸν
2848 5437 3022 5507 ἱερέα,
3060 5436 3168 5490 ἀπὸ
3195 5436 3251 5490 δὲ
3290 5436 3482 5490 τούτου
3536 5437 3674 5507 πρὸς

2082 5534 2173 5586 τὸν
2203 5528 2351 5585 οἶκον
2373 5531 2668 5601 Ζαχαρίου,
2700 5530 2790 5582 Διό
2826 5546 2992 5599 φησιν
3026 5531 3058 5599 ἡ
3092 5530 3304 5600 ἱστορία
3328 5544 3341 5558 ·
3374 5530 3577 5598 Χαρὰι·
3604 5531 3673 5582 δὲ

2083 5624 2360 5678 λαϐοῦσα
2389 5622 2646 5691 Μαριὰμ,
2680 5622 2858 5691 ἀπῄει
2879 5620 3159 5691 πρόςτὴν
3179 5637 3329 5692 συγ)
3342 5622 3513 5678 ειν-[δα
3566 5623 3670 5676 αὐ-

2082 5714 2209 5783 τῆς.

390 5788 661 5843 Gaudium
691 5801 870 5847 autem
894 5813 1013 5850 cum
1047 5801 1361 5870 percepisset
1395 5801 1599 5870 Maria,
1632 5807 1868 5874 profecta
1906 5818 1977 5861 est
2020 5810 2089 5863 ad
2109 5821 2391 5877 cognatam
2418 5824 2588 5860 summ

458 5903 505 5937 ⁸⁸
532 5902 667 5961 Luc.
690 5920 726 5972 ι,
749 5904 839 5960 59.
