4104 6458
410 400 516 465 673

1219 399 1502 460 ORATIO
1538 400 1619 460 IN
1661 401 1768 462 SS.
1810 404 2165 467 DEIPARB
2203 406 2781 483 VISITATIONEM.

3561 414 3671 480 6Ἰὶ

484 517 709 586 Ἔχαιρε
762 514 861 577 τὰς
904 514 1229 586 συμφώνου-ς
1280 518 1606 587 λογιζομένη
1636 520 1999 591 προρρήσεις.

2175 521 2460 580 Gaudebat
2492 539 2662 594 porro
2685 523 2993 579 concordes
3026 538 3216 579 secum
3248 536 3512 596 reputans
3546 545 3688 601 prte-

422 610 637 678 Ίίπειδη
669 610 775 680 γὰρ
803 612 869 681 τῇ
895 609 990 664 τοῦ
1051 611 1243 680 ἱερέως
1273 611 1540 682 ἀσυνήθει
1581 610 1842 681 διαλέξει,
1866 614 1999 685 πρὶν

408 705 466 757 ὲν
482 702 669 772 ὄψεσιν
690 701 949 773 ὀφθῆναι,
982 704 1051 756 τὰ
1072 704 1171 774 τῆς
1195 704 1514 775 παρρησίας
1546 704 1825 777 ἀφῄρητο,
1856 706 1999 777 ὑπὲρ

410 794 600 850 ἐλπίδα
626 794 685 847 δὲ
736 795 942 866 ταύτης
1006 795 1285 860 ἀπώνατο,
1330 798 1397 864 τῇ
1451 795 1605 865 παρά
1669 797 2000 866 προσδοκίαν

407 883 631 952 ἔχαιρεν
651 885 908 955 ἐπιτυχία
928 901 940 914 ’
979 884 1013 955 ἢ
1039 884 1239 955 μᾶλλον
1264 885 1473 955 ταύτην
1500 886 1787 957 εἰληφέναι
1821 890 1999 959 χαράν

412 977 441 1027 ό
471 976 630 1043 λόγος
674 976 999 1042 αίνίττεται,
1043 977 1142 1047 τὴν
1195 977 1364 1048 μόνην
1402 976 1571 1042 ὅντως
1611 979 1811 1049 χαρὰν,
1843 974 1998 1054 καὶῇ

415 1070 552 1138 μόνῃ
597 1069 874 1140 συνήδετο,
904 1070 973 1140 ἢν
1030 1071 1202 1141 μόνην
1251 1071 1460 1135 ἐπόθει,
1494 1074 1588 1126 καὶ
1618 1073 1685 1144 ἣν
1715 1091 2001 1143 σωματου-

413 1162 587 1230 μένην
618 1159 770 1214 ἔνδον
805 1163 1052 1231 κατεῖχε,
1082 1160 1175 1215 τὸν
1207 1162 1537 1234 ύπερούσιον
1564 1165 1759 1232 Λόγον,
1781 1165 1875 1218 τὸν
1899 1167 1998 1236 τῆς

410 1253 587 1321 χαρᾶς
632 1252 982 1323 φυτουργὸν,
1035 1253 1128 1306 τὸν
1175 1253 1272 1323 τῆς
1319 1254 1708 1322 ἀγαλλιάσεως
1768 1257 1995 1328 ταμίαν,

410 1342 472 1394 τὸ
503 1344 883 1414 ύπερπόθητον
944 1346 1162 1411 κάλλος,
1187 1348 1246 1399 τὸ
1279 1347 1484 1419 ύπερὺν
1538 1350 1741 1420 ὡραῖον
1799 1350 1999 1418 ἐγκαλ-

410 1432 689 1503 λὼπισμα,
738 1434 799 1487 τὸ
848 1434 1008 1505 μόνον
1066 1437 1291 1507 ὀρεκτὸν
1329 1437 1668 1509 ἀγαλλίαμα,
1700 1439 1800 1511 τὴν
1854 1441 1999 1511 ὑπὲρ

410 1522 596 1591 ἔφεσιν
623 1523 838 1595 ἡδονὴν,
869 1524 967 1596 τὴν
998 1526 1295 1597 ἀκόρεστον
1321 1530 1640 1600 γλυκύτητα
1672 1571 1687 1596 ,
1722 1532 1821 1603 τὴν
1867 1531 1996 1601 ἄλη-

422 1634 553 1672 κτον
591 1617 909 1689 ἐπιθυμίαν,
942 1619 1036 1672 τὸν
1060 1621 1270 1688 ἐφετοίς
1292 1622 1495 1693 ἔρωτος
1518 1622 1888 1696 τιτρώσκοντα
1916 1625 2001 1695 βέ-

411 1708 550 1762 λεσι.
605 1709 806 1762 Τοῦτον
848 1712 1352 1782 ἡκεχίτριτωμένη
1412 1712 1679 1780 λαϐοῦσα,
1718 1715 1819 1786 τὴν
1856 1715 1999 1787 ὑπὲρ

412 1798 620 1852 ἔννοιαν
649 1798 839 1871 ἔχαιρε
871 1803 1068 1874 χαράν.

2103 614 2398 670 dictiones.
2431 614 2570 670 Cum
2617 617 2765 670 enim
2802 616 2874 670 ob
2909 617 3188 671 insuetum
3240 633 3366 672 cum
3399 622 3694 677 sacerdote

2102 705 2446 774 colloquium
2477 722 2700 761 omnem
2730 706 2883 761 fandi
2918 707 3229 763 libertatem
3269 710 3354 764 vel
3387 720 3684 781 antequam

2104 799 2158 853 in
2191 810 2551 869 conspectum
2585 800 2736 855 illius
2769 801 3007 867 veniret,
3038 803 3338 867 amisisset,
3383 805 3527 861 hanc
3550 822 3686 861 vero

2101 902 2266 957 supra
2295 903 2449 957 spem
2489 890 2691 944 deinde
2732 900 2888 944 nacta
2937 900 3102 957 esset,
3142 891 3528 961 inexspectato
3563 911 3689 950 suc-

2102 994 2259 1034 cessu
2291 980 2612 1048 laetabatur;
2642 996 2739 1037 seu
2774 982 2960 1052 potius
2984 984 3244 1054 gaudium
3276 985 3408 1040 illud
3452 986 3687 1042 historia

2104 1069 2314 1127 indicat
2358 1074 2614 1142 adeptam
2661 1087 2788 1128 eam
2831 1087 2976 1138 esse,
3024 1074 3171 1143 quod
3227 1076 3405 1130 solum
3444 1093 3574 1133 vere
3603 1090 3688 1132 εει

2103 1163 2391 1231 gaudium.
2437 1172 2495 1218 et
2540 1179 2651 1234 quo
2682 1165 2804 1219 solo
2849 1165 3253 1230 delectabatur,
3317 1169 3465 1237 quod
3506 1169 3684 1225 solum

2102 1254 2474 1325 discupiebat,
2512 1265 2569 1310 et
2616 1259 2763 1326 quod
2790 1272 2955 1312 carne
2980 1259 3091 1328 jam
3131 1257 3388 1313 indutum
3433 1261 3575 1314 intra
3609 1264 3688 1315 si-

2104 1362 2236 1402 num
2268 1362 2430 1402 suum
2458 1348 2729 1416 gestabat,
2764 1350 3297 1419 supersubstantiale
3327 1366 3525 1421 nempe
3553 1351 3691 1408 Ver-

2102 1439 2258 1504 bum,
2305 1440 2545 1510 primum
2592 1442 2781 1512 gaudii
2816 1451 3121 1506 auctorem,
3158 1442 3359 1497 laetitiae
3395 1443 3689 1513 dispensa-

2105 1540 2307 1597 torem,
2359 1532 2831 1603 pulchritudinem
2859 1545 2985 1589 vota
3012 1534 3275 1604 quaelibet
3301 1535 3691 1599 excedentem,

2101 1627 2491 1676 ornamentum
2517 1623 2773 1691 quamvis
2804 1632 3151 1677 venustatem
3178 1622 3433 1689 vincens,
3467 1624 3686 1678 unicam

2102 1713 2466 1783 appetendam
2514 1714 2963 1776 exsultationem,
3008 1713 3350 1783 voluptatem
3387 1729 3550 1769 omne
3587 1714 3687 1769 dc-

2107 1804 2373 1860 siderium
2408 1815 2788 1875 superantem,
2832 1804 3182 1860 dulcedinem
3231 1819 3354 1874 quae
3401 1820 3685 1875 nunquam

417 1891 730 1951 satietatem
774 1892 956 1961 affert,
1003 1897 1189 1967 jugem
1236 1898 1550 1954 ardentium
1602 1909 1860 1955 votorum
1912 1914 2165 1969 scopum,
2207 1899 2300 1969 qui
2356 1898 2630 1968 exoptatis
2680 1898 2885 1953 amoris
2926 1899 3127 1969 jaculis
3183 1898 3398 1953 animos
3448 1898 3682 1954 sauciat.

411 1985 570 2040 Hunc
597 2000 722 2039 cum
765 1986 820 2040 in
854 2002 913 2047 se
942 1988 1248 2059 excepisset
1299 1989 1391 2045 illa
1436 1995 1611 2063 gratia
1646 1993 1825 2063 plena,
1855 1992 2078 2063 gaudio,
2119 1990 2264 2060 quod
2297 1991 2500 2045 mentis
2530 1990 2870 2046 transcendit
2902 1999 3150 2060 captum,
3194 1990 3527 2049 exsultabat.

481 2078 580 2134 ll".
619 2080 961 2139 Ἀναστᾶσα
991 2081 1079 2146 δὲ,
1120 2082 1276 2153 φησὶ,
1305 2083 1541 2152 Μαριὰμ
1584 2084 1654 2138 ἐν
1690 2083 1819 2151 ταῖς
1854 2084 1990 2152 ἠμέ-

2166 2082 2305 2136 ΧΙΙῘ.
2352 2082 2658 2152 Exsurgens
2704 2091 2904 2148 autem,
2958 2082 3159 2152 inquit,
3196 2080 3374 2137 Maria
3408 2084 3464 2137 in
3507 2085 3700 2140 diebus

406 2190 544 2241 ραις
575 2176 837 2240 ταύταις.
870 2176 1039 2229 Πόθεν
1083 2175 1284 2246 ἀνέστη
1316 2177 1379 2229 τὸ
1418 2177 1756 2248 ἀμετάθετον
1810 2178 1997 2249 στήρι-

415 2281 554 2332 γμα,
585 2267 619 2332 ἡ
654 2265 952 2329 ἀσάλευτος
986 2266 1160 2331 πόλις,
1194 2269 1253 2320 τὸ
1294 2268 1392 2337 τῆς
1427 2269 1651 2337 ἁγνείας
1691 2270 1996 2341 ἑδραίωμα,

417 2356 450 2421 ή
485 2353 639 2423 βάσις
669 2354 763 2407 τοῦ
800 2355 1143 2426 ἀνθρωπείου
1162 2358 1376 2425 γένους,
1412 2364 1474 2411 τὸ
1509 2360 1602 2413 τοῦ
1656 2360 2001 2429 προπάτορος

414 2449 668 2519 ἔρεισμα,
691 2450 719 2501 ὁ
749 2452 845 2520 τῆς
881 2452 1238 2513 ἀναστάσεως
1272 2450 1548 2517 θεμέλιος,
1573 2454 1606 2522 ἡ
1637 2455 1845 2522 κρηπὶς
1901 2454 2000 2519 τῆς

417 2541 791 2610 ἀνακλήσεως,
824 2541 856 2611 ἡ
898 2540 1028 2611 ῥίζα
1064 2542 1163 2611 τῆς
1201 2545 1399 2613 χαρᾶς,
1436 2546 1468 2613 ἡ
1502 2544 1733 2616 ἀπαρχὴ
1764 2544 1862 2612 τῆς
1895 2544 1999 2612 φύ-

418 2648 579 2698 σεως,
620 2631 682 2684 τὸ
698 2634 919 2711 εεῖχος,
958 2633 1016 2685 ἐν
1043 2625 1087 2701 ᾧ
1130 2634 1200 2687 τά
1256 2634 1357 2704 τῆς
1398 2634 1558 2706 ἡμῶν
1597 2633 1998 2704 ἐπῳκοδομήθη

418 2727 695 2797 σωτηρίας
734 2726 1080 2799 ὲρείσματα;
1132 2726 1305 2782 Πόθεν
1352 2729 1536 2783 τοίνυν
1585 2728 1835 2799 ἀνέστη;
1906 2728 2001 2780 Ἐκ

417 2816 513 2869 τοῦ
542 2819 842 2889 οἰκήματος
886 2818 1111 2888 Ἰωσὴφ,
1159 2823 1216 2874 ἐν
1252 2813 1404 2890 ᾧπερ
1464 2821 1887 2891 ἀμετακινήτως
1933 2821 2000 2889 τῇ

420 2911 590 2979 ἀρετῇ
624 2913 988 2983 προσήδρευε.
1029 2914 1141 2966 Καὶ
1179 2913 1266 2966 διὰ
1294 2914 1347 2965 τί
1394 2915 1495 2984 μὴ,
1552 2912 1835 2982 Ἐξῆλθεν,
1870 2912 2001 2981 ἔφη,

417 3000 560 3067 ἀλλ’,
583 3000 863 3070 Ἀνέστης
899 3003 1010 3075 Τὴν
1042 3004 1264 3073 διηνεκῆ
1295 3004 1387 3056 καὶ
1410 3003 1648 3074 ἔμμονον
1665 3002 1836 3073 αὐτῆς
1870 3004 2003 3071 ἡσυ-

420 3090 541 3161 χίαν
570 3093 598 3144 ό
636 3094 948 3161 σοφώτατος
983 3095 1381 3164 εύαγγελιστὴς
1421 3095 1509 3149 διὰ
1540 3092 1731 3148 τούτου
1755 3094 2001 3165 ᾐνίξατο.

419 3181 529 3240 ’⁸ίὲν
576 3186 684 3258 γάρ
717 3186 907 3259 ὥσπερ
948 3189 1267 3260 ἡδρασμένη
1305 3188 1402 3243 καὶ
1437 3188 1780 3259 ἀμετάθετος
1825 3190 1882 3241 ὲν
1926 3188 2005 3258 τῷ

419 3278 519 3348 τῆς
564 3278 848 3348 ὑπομονῆς
909 3277 1003 3330 καὶ
1050 3278 1342 3348 ἁγιότητος
1388 3280 1674 3347 πεπηγυῖα
1725 3275 1961 3346 θεμελίῳ
1988 3293 2002 3304 ·

427 3371 562 3442 μηδὲ
599 3371 859 3441 τὸιτυχὶν
898 3370 1027 3424 ἄνευ
1047 3372 1145 3442 τῆς
1178 3371 1505 3441 ἐπειγούσης
1538 3371 1787 3438 ἀνάγκης
1814 3368 1877 3420 ἐκ
1907 3366 2001 3419 τοῦ

426 3463 830 3534 καθεστηκότος
861 3462 1288 3533 μεταϐαίνουσα.

496 3642 590 3698 lA’.
625 3641 777 3713 Αὕτη
807 3643 988 3696 τοίνυν
1014 3645 1046 3714 ἡ
1085 3643 1343 3713 καθάπερ
1368 3645 1427 3697 ὲν
1474 3644 1691 3709 ἀδύτοις
1722 3647 1780 3698 ὲν
1806 3646 1884 3716 τῷ
1931 3647 2008 3699 οἱ·

426 3742 633 3806 κήματι
666 3736 1048 3806 κρυπτομένη,
1091 3735 1232 3807 πρὸς
1258 3736 1349 3790 τὸν
1383 3736 1534 3808 ἱερέα
1571 3736 1666 3790 καὶ
1715 3738 1856 3807 πρὸς
1908 3738 2009 3807 τὴν

425 3829 642 3899 ὀρεινὴν
686 3827 890 3898 σπουδῇ
926 3829 1245 3899 συνέτρεχε,
1276 3829 1508 3883 τοιαῦτα
1543 3830 1685 3899 τάχα
1728 3830 2007 3897 διεξιοῦσα

427 3919 508 3988 τῷ
538 3919 683 3988 λόγῳ
708 3935 722 3949 ⁸
759 3916 927 3986 Ἐγὼ,
957 3917 1144 3988 φησὶν,
1173 3912 1218 3971 ὧ
1245 3919 1597 3990 Δέσποτα,τῇ
1637 3922 1703 3991 σῇ
1734 3920 2010 3991 κυϐερνω-

429 4011 567 4082 μένη
612 4010 799 4080 χάριτι
831 4009 993 4080 μέχρι
1024 4008 1122 4079 τῆς
1152 4007 1442 4081 παρούσης
1487 4010 1709 4082 ἡλικίας
1745 4009 1841 4064 καὶ
1879 4010 2010 4082 χρό-

357 4134 367 4142 -
426 4123 520 4158 νου
550 4104 643 4157 τοῦ
677 4104 997 4170 ἐνεστῶτος,
1023 4104 1086 4156 ἐκ
1102 4103 1321 4156 πάντων
1344 4102 1590 4174 ἐμαυτὴν
1615 4102 1848 4173 ἐπέσχον
1876 4103 2008 4166 τῶν,

427 4197 526 4250 ὅσα
548 4194 637 4248 διά
662 4194 771 4247 τῶν
808 4193 1122 4263 αἰσθήσεων
1161 4191 1497 4245 ἐπινοθεύειν
1522 4192 1736 4260 πέφυκε
1772 4190 1872 4262 τὴν
1915 4190 2008 4244 τοῦ

430 4287 525 4339 νεεδ
555 4284 928 4354 καθαρότητα.
959 4282 1291 4353 Ὀφθαλμοῖς
1312 4281 1410 4352 μὲν
1435 4282 1545 4352 τὴν*
1558 4281 1665 4335 τῶν
1693 4280 2009 4350 ἀναγκαίων

431 4379 718 4448 ἀντίληψιν
747 4376 978 4449 μετρίαν
999 4376 1403 4447 ἐπιτρέπουσα,
1433 4377 1496 4429 τὸ
1525 4375 1865 4446 θεωρητικὸν
1914 4376 2011 4427 αύ-

430 4473 540 4525 τῶν
581 4472 729 4525 ἂπαν
777 4470 916 4541 πρὸς
961 4470 1063 4540 τὴν
1104 4468 1204 4541 σὴν
1242 4469 1536 4540 ἀνήρτησα
1586 4467 2009 4539 μεγαλειότητα.

430 4563 699 4635 Καθαράν
751 4563 809 4616 δέ
847 4562 945 4616 καὶ
992 4563 1273 4631 ἀνέπαφον
1317 4560 1650 4631 διατηροῦσα
1687 4562 1787 4630 τὴν
1817 4559 2008 4630 ἀκοὴν,

431 4656 724 4727 ἐμφάσεων
770 4655 931 4708 θείων
958 4654 1324 4725 ἀκροατήριον
1350 4653 1559 4725 ταύτην
1595 4652 2010 4723 παρεσκεύασα.

434 4748 599 4817 Χείλη
645 4762 706 4798 τε
756 4746 852 4798 καὶ
881 4743 1132 4813 γλῶτταν
1167 4743 1248 4808 είς
1280 4742 1508 4815 τὴνςσὴν
1545 4742 1857 4811 δοξολογίαν
1904 4743 2013 4795 ἀπ·-

433 4838 762 4909 ασχολοῦσα,
794 4836 895 4907 τὴν
935 4833 1231 4905 ἀσώματον
1285 4836 1345 4890 ἐν
1376 4835 1593 4904 σώματι
1643 4834 2009 4906 παρεξήλωσα

434 4929 621 4999 φύσιν.
666 4925 796 4980 Ὑπ*
847 4924 1063 4989 οὐδενὸς
1109 4923 1219 4976 τῶν
1271 4924 1556 4993 παρόντων
1612 4922 1703 4977 τὸν
1753 4920 2014 4991 λογισμὸν

436 5018 836 5091 παρετράπην·
867 5016 1005 5086 πρὸς
1036 5016 1146 5084 γὰρ
1172 5015 1271 5083 τὴν
1313 5013 1412 5085 σὴν
1444 5012 1616 5083 μόνην
1649 5013 2013 5084 ἀπησχόλησα

434 5109 625 5163 τοῦτον
708 5106 943 5177 μελέτην
975 5145 993 5171 ,
1044 5104 1289 5175 ὄργανον
1355 5101 1602 5172 ἐμαυτὴν
1656 5103 2015 5171 ὑμνολογικὶν

434 5198 843 5264 κατεσκεύασα,
900 5199 1134 5271 ὄργανον
1173 5194 1524 5267 ἡρμοσμένον
1573 5194 1650 5265 τῷ
1708 5195 2013 5265 Πνεύματι,

437 5296 671 5367 ὄργανον
725 5296 828 5366 τῆς
885 5294 1266 5364 καθαρότητος
1323 5289 1552 5361 ἐνηχοῦν
1612 5290 1902 5361 μελῳδίαν,
1956 5293 2019 5345 τὸ

436 5387 545 5441 τῶν
582 5387 763 5440 ἀΰλων
811 5386 1109 5455 Δυνάμεων
1154 5383 1592 5453 ἀνακρουόμενον
1624 5380 1799 5454 ᾆσμα,
1834 5387 1899 5455 τῇ
1929 5400 2016 5453 χε-

441 5480 670 5550 ρσυὸικῇ
739 5476 1020 5547 δοξολογίᾳ
1092 5474 1604 5546 συμφθεγγόμενον.
1686 5475 2017 5544 Ἀκόρεετῦν

513 5638 880 5720 (ἳεὶ-Ριυτεε
1052 5634 1233 5720 habes
1259 5633 1583 5715 sententias,
1612 5634 2012 5720 quaeulullatus

444 5704 789 5780 permittunt,
826 5716 887 5760 ut
925 5706 1086 5776 Virgo
1138 5706 1389 5780 Deipara_
1419 5705 1678 5780 primaevo
1733 5704 2013 5759 laborasse

442 5776 577 5833 vitio
598 5779 966 5833 existimetur.
998 5778 1282 5841 Quomodo
1303 5776 1449 5828 enim
1470 5776 1850 5828 fulcimentum
1869 5784 2017 5829 esset

444 5849 583 5921 lapsi
608 5848 774 5920 primi
792 5845 1060 5918 parentis,
1094 5845 1142 5900 si
1166 5855 1222 5899 et
1251 5845 1367 5914 ipsa
1395 5846 1545 5915 lapsa
1572 5846 1627 5903 in
1668 5844 1868 5900 eodem
1903 5846 2015 5899 itu:-

2107 2174 2241 2230 illis.
2273 2175 2558 2231 Undenam
2580 2175 2894 2231 exsurrexit
2935 2175 3225 2229 immotum
3257 2174 3392 2229 illud
3422 2172 3695 2241 fulcrum,

2108 2267 2309 2322 civitas
2338 2267 2691 2331 inconcussa,
2726 2266 3055 2322 innocentiae
3080 2266 3510 2333 firmamentum,
3543 2267 3703 2324 basis-

2108 2360 2339 2416 humani
2373 2360 2812 2431 generis,'primi
2845 2361 3025 2432 gentis
3060 2368 3261 2415 nostra:
3310 2362 3557 2431 parentis
3581 2360 3699 2416 ful-

2105 2453 2432 2519 cimentum,
2459 2467 2616 2509 nova:
2645 2451 2947 2507 erectionis
2978 2450 3441 2516 sustentaculum,
3474 2465 3695 2521 repara-

2104 2547 2339 2604 rationis
2371 2546 2620 2602 omnium
2654 2544 3071 2600 fundamentum
3108 2543 3245 2613 (78),
3274 2543 3460 2614 gaudii
3507 2541 3690 2606 radix,

2104 2643 2319 2693 naturae
2345 2638 2515 2692 totius
2543 2636 2822 2706 primitiae,
2848 2650 3040 2689 murus
3060 2676 3075 2700 ,
3100 2648 3269 2704 super
3298 2648 3460 2702 quem
3491 2631 3689 2688 inaedi-

2108 2729 2268 2785 ficata
2301 2728 2496 2784 salutis
2524 2735 2729 2782 nostra:
2773 2725 3009 2780 ﬁrmitas
3052 2724 3340 2778 innititur?
3366 2722 3520 2780 Unde
3560 2739 3694 2793 ergo

2105 2815 2467 2873 exsurrexit?
2496 2816 2575 2870 Ex
2631 2816 2855 2885 Josephi
2910 2815 3097 2875 domo,
3144 2814 3197 2867 in
3262 2826 3370 2883 qua
3413 2828 3544 2868 sane
3594 2829 3695 2868 sua

2106 2910 2284 2979 ipsam
2340 2908 2521 2963 virtus
2574 2906 3021 2962 constantissime
3071 2904 3379 2959 detinebat.
3441 2906 3511 2959 At
3563 2919 3697 2959 vero

2104 3018 2270 3072 quam
2296 3002 2370 3056 ob
2402 3015 2520 3055 rem
2577 3015 2687 3055 non
2718 2999 2878 3065 dixit,
2914 2999 3146 3069 Egressa
3198 3007 3305 3062 est,
3341 2998 3462 3061 sed,
3493 2996 3696 3051 Exsur-

2106 3097 2241 3148 rexit
2262 3096 2286 3149 ἒ)
2308 3094 2499 3164 Jugein
2532 3091 2747 3147 scilicet
2776 3100 2833 3146 et
2880 3098 3225 3146 constantem
3261 3088 3408 3143 illius
3450 3087 3695 3157 quietem

2109 3186 2550 3258 sapientissimus
2577 3183 2915 3255 evangelista
2941 3198 3039 3253 per
3092 3181 3211 3237 haec
3249 3179 3563 3250 significare
3598 3194 3698 3234 vo-

2107 3279 2230 3334 luit.
2270 3277 2402 3332 Nam
2435 3277 2678 3332 stabilita
2706 3274 3117 3346 quodammodo
3157 3281 3215 3328 et
3245 3273 3472 3327 immota
3520 3284 3700 3340 super

2108 3368 2527 3423 fundamentum
2561 3366 2845 3437 patientia;
2876 3373 2932 3421 et
2959 3364 3270 3419 sanctitatis
3294 3360 3472 3416 defixa
3507 3361 3696 3415 consi-

2031 3440 2076 3498 (ἶ
2110 3462 2321 3523 stebat;
2355 3477 2536 3530 neque
2585 3459 2816 3514 forsitan
2850 3459 2988 3513 citra
3022 3457 3396 3527 impellentem
3456 3453 3702 3509 necessi‘

2113 3563 2276 3609 tatem
2308 3556 2378 3609 ab
2405 3554 2659 3609 iussituto
2688 3567 2789 3607 suo
2816 3549 3157 3606 discedebat.

2191 3648 2331 3703 XIV.
2357 3646 2491 3714 Quae
2515 3662 2649 3716 ergo
2682 3647 2734 3699 in
2769 3644 3051 3699 domicilio
3082 3657 3185 3699 suo
3212 3642 3384 3699 veluti
3418 3643 3471 3698 in
3522 3657 3705 3698 sacra-

2111 3742 2196 3795 rio
2230 3739 2553 3795 abscondita
2603 3738 2817 3793 solebat
2873 3750 3120 3801 manere,
3150 3735 3220 3791 ad
3251 3736 3596 3792 sacerdotem
3640 3744 3699 3791 et

2112 3833 2167 3887 in
2204 3844 2462 3889 montana
2501 3846 2627 3886 cum
2675 3828 3031 3885 festinatione
3072 3841 3132 3881 se
3175 3827 3518 3891 conferebat,
3545 3827 3708 3883 hisce-

2112 3923 2269 3977 facile
2300 3920 2530 3976 vocibus
2578 3921 2751 3975 Dcum
2782 3920 3072 3997 alloquens
3107 3937 3122 3974 :
3154 3920 3291 3989 Ego,
3314 3917 3623 3987 inquiebat,
3662 3932 3697 3972 ο

2112 4014 2367 4076 Βοηιίηρ,
2405 4023 2494 4067 tua
2522 4027 2610 4066 me
2650 4012 2821 4082 gratia
2850 4010 3220 4081 gubernante.
3253 4008 3321 4063 ad
3348 4009 3491 4061 hanc
3524 4021 3698 4077 usque

2111 4115 2329 4162 :etatcm
2370 4114 2428 4161 et
2470 4105 2541 4160 ad
2603 4112 2932 4174 praesentem
2999 4103 3146 4157 diem
3196 4101 3268 4156 ab
3324 4099 3394 4156 iis
3440 4099 3702 4154 omnibus

2115 4214 2203 4252 mc
2252 4197 2549 4258 custodivi.
2579 4209 2942 4265 qumcumque
2982 4194 3050 4250 ad
3107 4192 3564 4262 corrumpendum
3602 4206 3702 4262 per

2114 4303 2310 4343 sensus
2359 4287 2653 4357 puritatem
2715 4286 2918 4340 mentis
2970 4294 3101 4340 sunt
3148 4282 3368 4339 idonea.
3414 4282 3485 4337 Et
3521 4281 3711 4337 oculis,

2114 4381 2336 4451 quidem
2368 4366 2737 4434 concedebant
2772 4384 2851 4444 ut,
2885 4376 2976 4431 ubi
3003 4388 3145 4445 opus
3172 4381 3340 4442 esset,
3365 4379 3701 4436 cernerent;

2114 4473 2211 4528 sed
2254 4481 2682 4541 quantacunque
2744 4468 2965 4524 videndi
3016 4468 3099 4522 vis
3154 4468 3356 4531 inerat,
3417 4473 3585 4521 totam
3630 4465 3701 4519 ad

2115 4562 2585 4633 magniﬁcentiam
2620 4570 2767 4614 tuam
2802 4557 3283 4628 contemplandam
3313 4556 3489 4610 erexi.
3525 4553 3709 4608 Aures

2113 4665 2283 4722 porro
2309 4665 2477 4720 puras
2503 4649 2858 4719 illibatasque
2896 4662 3147 4710 servans,
3177 4652 3399 4716 paratas
3426 4642 3701 4699 habebam

2120 4746 2187 4800 ad
2225 4743 2537 4799 divinarum
2586 4755 2772 4796 rerum
2826 4736 3251 4810 explicationem
3296 4733 3702 4805 excipiendam.

2122 4838 2260 4893 Tum
2281 4836 2428 4892 labia
2456 4846 2570 4890 tum
2600 4834 2842 4904 linguam
2885 4833 2940 4887 in
2971 4842 3024 4887 te
3059 4828 3424 4887 collaudando
3474 4826 3699 4883 assidue

2115 4944 2406 4995 exercens,
2436 4929 2796 4996 incorporeas
2851 4934 3081 4979 naturas
3125 4924 3181 4977 in
3229 4935 3463 4991 corpore
3508 4917 3705 4975 stude-

2116 5023 2246 5079 bam
2303 5019 2571 5076 aemulari.
2607 5017 2767 5072 Nulla
2816 5030 3060 5086 unquam
3117 5023 3463 5068 terrenarum
3517 5024 3703 5065 rerum

2118 5128 2300 5168 meam
2337 5126 2367 5166 a
2422 5118 2473 5164 te
2514 5117 2752 5163 mentem
2801 5106 3048 5161 avertit:
3085 5102 3153 5158 ad
3203 5118 3367 5158 unam
3413 5103 3564 5157 enim
3624 5101 3708 5156 tui

2120 5201 2640 5273 contemplationem
2685 5197 2894 5269 iugiter
2933 5211 3057 5252 eam
3102 5195 3391 5250 intendere
3418 5192 3710 5259 consuevi,

2124 5310 2394 5366 organum
2426 5292 2811 5361 memetipsam
2846 5290 3116 5345 exhibens
3154 5287 3264 5342 tuis
3320 5285 3582 5346 laudibus
3622 5299 3713 5338 req

2125 5402 2329 5442 sonans
2359 5424 2374 5449 ,
2426 5397 2693 5454 organum
2742 5397 2772 5434 a
2814 5390 3006 5435 sancto
3059 5367 3293 5450 Spiritu.
3329 5378 3396 5432 ad
3436 5390 3719 5446 supernas

2124 5477 2443 5533 harmonias
2469 5484 2739 5547 aptatum,
2762 5488 3033 5545 organum
3060 5472 3416 5529 suavissimas
3448 5466 3710 5538 puritatis

2113 5635 2271 5690 rebat
2294 5633 2456 5687 luto?
2479 5630 2768 5698 Quomodo
2791 5643 2940 5684 nova:
2959 5630 3238 5687 erectionis
3256 5620 3711 5698 sustentaculum,

2113 5705 2161 5760 si
2192 5719 2319 5759 cum
2359 5691 2757 5772 alrisjacebat.
2791 5709 2850 5772 et
2889 5712 3016 5772 eum
3070 5698 3199 5772 aliis
3235 5705 3356 5772 erat
3403 5691 3713 5772 erigenda

2116 5774 2406 5840 Quomodo
2464 5767 2847 5841 reparationisi
2874 5770 3111 5841 omnium
3143 5767 3596 5841 fundamentum,
3656 5767 3709 5821 st

2118 5835 2400 5899 communi
2431 5835 2681 5898 omnium
2705 5838 3094 5895 involvebatur
3121 5835 3325 5891 ruina?
