4104 6416
378 393 480 457 6T1

1197 386 1482 449 ORATIO
1518 386 1596 445 ΙΝ
1639 386 1745 447 SS.
1782 383 2137 446 DEIPAIUE
2178 383 2752 447 VlSlTATlONEM.

3551 394 3659 457 673

387 503 593 573 νομένη
632 500 884 563 κνίσσαις
915 540 931 566 ,
958 498 1054 553 καὶ
1087 498 1324 561 ἀνοσίοις
1356 499 1840 570 καταχραινομὲνη
1871 496 1967 549 λύ-

2080 504 2199 551 nata
2233 513 2408 564 eram,
2440 500 2552 571 jam
2615 502 2832 571 mystici
2879 503 3135 559 sacriﬁcii
3186 506 3358 562 altare
3402 508 3657 563 evadam.

384 597 556 667 θροις.
584 592 733 662 Αὖτη
769 591 914 656 ἐστὶ,
938 591 1006 644 δι’
1030 587 1098 665 ἧς
1121 592 1232 642 τῶν
1266 589 1660 659 βδελυγμάτων
1698 589 1975 643 ἀπαλλατ-

384 689 608 758 τομένη,
660 686 1044 757 ὲξιλασμάτων
1087 684 1289 756 χωρίον
1329 684 1669 755 ὀφθήσομαι.
1699 683 1852 753 Αὕτη
1882 683 1973 736 τὸν

384 778 826 849 ἀποφορτίζοντά
849 795 916 848 με
950 778 1060 831 τῶν
1081 777 1442 846 ἀνθρωπίνων
1476 776 1972 847 πλημμελημάτων

383 874 661 943 ὲπιφέρέι.
701 871 857 943 Αῦτη
891 871 983 924 τὸν
1034 870 1444 940 ἀφαιρούμενον
1477 869 1536 936 ἐξ
1584 868 1720 938 ἐμοῦ
1770 868 1831 921 τὸ
1875 870 1974 937 τῆς

386 965 667 1037 ἁμαρτίας
710 963 912 1034 ἄχθος,
946 960 1376 1033 σωματούμενον
1416 960 1710 1031 βαστάζει,
1747 960 1840 1013 τὸν
1883 960 1972 1012 ἐπ’

382 1058 562 1112 οὐδενὶ
592 1058 721 1120 τοὺς
751 1057 918 1125 ἐμοὺς
943 1054 1350 1125 καθιδρύσαντα
1388 1054 1700 1126 θεμελίους,
1732 1053 1824 1107 τὸν
1868 1053 1973 1122 ἰδίᾳ

383 1147 546 1218 δρακὶ
588 1144 678 1197 τὸν
710 1146 844 1215 ὲμὺν
874 1143 1301 1215 περιγράψαντα
1340 1142 1531 1213 γῦρον,
1572 1145 1665 1196 τὸν
1712 1142 1867 1195 ὕδασί
1906 1161 1974 1213 με

391 1235 835 1308 σπαργανοῦνται,
860 1236 955 1288 καὶ
985 1236 1161 1289 εἰσαεὶ
1198 1234 1620 1306 διακρατοῦντα.
1655 1234 1805 1305 Λῦτη
1824 1236 1974 1287 ἐστὶν

386 1333 419 1401 ἠ
456 1328 676 1400 ῥάϐδος,
709 1329 744 1399 ἡ
780 1326 841 1381 τὸ
873 1327 975 1396 τῆς
1009 1326 1322 1399 ἀφθαρσίας
1361 1326 1522 1389 ἄνθος
1557 1325 1841 1389 ὠδίνουσα,
1871 1324 1973 1394 (ἐξ)

383 1418 474 1493 ἦς,
497 1420 689 1490 ὥσπερ
714 1420 778 1472 ὲκ
810 1418 1066 1473 καλύκων
1103 1418 1415 1492 προκύψαν,
1433 1419 1493 1471 τὸ
1518 1417 1679 1486 ἀηδὲς
1715 1418 1813 1487 τῆς
1836 1417 1976 1470 πλάο

383 1529 482 1582 νης
502 1510 866 1581 ἀποσοϐήσει,
890 1511 986 1563 καὶ
1002 1509 1103 1581 τὴν
1118 1510 1218 1580 τῆς
1242 1510 1469 1580 χάριτος
1506 1509 1683 1580 ὀσμὴν
1719 1508 1907 1562 διαπνε
1919 1509 1976 1561 ύ-

389 1620 489 1657 est.
508 1603 685 1672 “Qxﬁ;
703 1603 844 1673 ὲμῆς
878 1603 1239 1673 παραφυάδος
1265 1603 1277 1655 l
1315 1601 1360 1655 ὣ
1384 1601 1621 1666 κόλπων,
1639 1604 1698 1654 ὲν
1717 1596 1799 1665 οἷς
1814 1601 1974 1654 τοῦτο

385 1695 448 1747 τὸ
502 1694 671 1764 φυτὸν
719 1693 962 1765 ὴδρύνθη
985 1711 998 1723 ·
1039 1693 1098 1758 ἐξ
1133 1687 1195 1748 οῦ
1231 1693 1440 1765 προῖὼν
1475 1696 1502 1746 ὁ
1534 1694 1632 1764 τῆς
1674 1692 1976 1756 ἀθανασίας

388 1788 619 1860 καρπὸς,
640 1786 739 1858 τὴν
766 1787 874 1840 τῶν
902 1786 1054 1856 ἐμῶν
1081 1786 1291 1839 τέκνων
1327 1785 1613 1855 ἀκαρπίαν
1644 1785 1724 1847 εἰς
1758 1801 1970 1855 καρπο-

392 1881 557 1953 φόρον
581 1879 868 1933 εὐσέϐειαν
899 1879 1284 1950 μεταποιήσει,
1304 1869 1366 1929 οῦ
1402 1880 1431 1929 ὁ
1452 1878 1609 1944 λόγος
1640 1879 1698 1928 ἐν
1719 1879 1831 1939 τοῖς
1874 1876 1971 1927 πέ-

395 1986 519 2040 ρασι
547 1968 899 2037 διασπαρεὶς,
926 1969 1002 2030 εἰς
1040 1966 1235 2020 ἑκατὸν
1260 1965 1517 2019 ἐπιδώσει
1550 1966 1646 2030 τὴν
1687 1966 1971 2037 εὐφορίαν,

392 2062 661 2132 πολύχουν
680 2059 946 2130 ἀποθήσει
962 2058 1064 2129 τὴν
1085 2058 1383 2128 γεωργίαν.
1404 2059 1468 2110 Ὢ
1480 2057 1589 2110 τῶν
1610 2062 1633 2109 ὲ
1642 2058 1758 2127 μῶν
1774 2057 1974 2111 πεδίων

391 2154 755 2206 εὐωδέστατον
778 2151 986 2221 κρίνον,
1012 2152 1151 2220 ὅπερ
1176 2149 1253 2220 τῷ
1287 2150 1387 2219 τῆς
1409 2148 1785 2221 καθαρότητος
1809 2147 1971 2219 μύρῳ

390 2248 570 2308 πάσας
587 2246 683 2307 τάς
700 2242 1310 2314 ψυχικὰς-περιπνεύσει
1340 2242 1585 2313 κηλίδας.
1628 2243 1701 2294 Σὺ
1745 2238 1797 2294 εἴ
1834 2243 1867 2310 ἡ
1892 2242 1977 2292 εὐ-

391 2338 550 2392 ωδία-
579 2339 642 2391 σὺ
667 2332 717 2390 εἰ
755 2339 787 2406 ἡ
809 2340 920 2400 τοῖς
956 2334 1065 2388 τῶν
1085 2314 1567 2406 ἀρετιῖῗνάρώμασι
1589 2334 1795 2404 τὸὲμὺν
1818 2334 1975 2404 μυρί-

392 2431 560 2494 ζουσα
591 2430 866 2499 πλήρωμα
890 2444 902 2456 ’
939 2429 973 2498 ἡ
1003 2427 1275 2490 ἀθόλωτος
1313 2429 1487 2498 πηγὴ,
1518 2427 1578 2493 ἐξ
1605 2421 1694 2499 ἦς,
1734 2426 1808 2489 ὡς
1842 2444 1976 2479 στα-

394 2525 547 2589 γόνες
584 2521 759 2585 ὑετοῦ,
793 2519 985 2572 αἰτῶν
1022 2520 1263 2590 χαρίτων
1293 2518 1694 2583 ὲπιστάξουσαι
1727 2519 1972 2589 ῥανίδες,

391 2612 452 2666 τὸ
483 2613 613 2679 ἐμὸν
662 2609 937 2664 πιαίνουσι
969 2610 1283 2680 πρόσωπον,
1317 2608 1386 2661 τὰ
1430 2610 1529 2678 τῆς
1556 2609 1695 2679 ἐμῆς
1748 2608 1976 2679 τερπνό-

390 2720 550 2774 τητος
580 2702 1009 2775 καταρδεύουσιν
1044 2701 1222 2771 ὡραῖα
1251 2717 1268 2733 ο
1302 2701 1335 2772 ἡ
1367 2700 1612 2770 λαμπὰς,
1643 2702 1675 2770 ἠ
1707 2703 1796 2753 τὸν
1845 2699 1977 2768 ἐμὸν

394 2796 706 2863 φωτίζουσα
780 2796 1002 2861 κύκλον,
1066 2795 1101 2864 ἡ
1163 2792 1262 2856 τὰς
1325 2793 1558 2865 ἡλιακὰς
1623 2792 1977 2863 ὐπερνικῶσα

397 2888 788 2957 φαιδρότητας,
814 2890 847 2958 ἡ
895 2888 1034 2957 ὑπὲρ
1060 2887 1150 2939 τὸν
1177 2887 1407 2958 οὐρανὸν
1437 2887 1663 2954 ἀφιεῖσα
1693 2886 1793 2948 τὰς
1826 2887 1975 2939 ἀκτῖ-

397 2999 513 3045 νας,
550 2981 619 3034 δι’
639 2977 707 3055 ἦς
746 2982 814 3034 τὰ
859 2981 1050 3034 τούτου
1102 2981 1353 3052 ὐπερῇρα
1399 2979 1606 3047 κάλληο
1638 2981 1844 3042 ἐκεῖνος
1879 2980 1975 3043 μὲν

395 3077 506 3143 γὰρ
561 3075 670 3137 τοῖς
691 3074 916 3135 οἰκείοις
957 3074 1419 3145 λαμπρυνόμενος
1475 3074 1978 3142 ὲπαγάλλεταιφω-

2083 588 2202 658 Ipsa
2249 583 2354 655 est,
2390 608 2488 661 per
2523 608 2688 662 quam
2735 594 2803 649 ab
2867 596 3375 655 abominationibus
3406 601 3664 668 liberata,

2083 680 2283 736 domus
2316 683 2693 753 expiationum
2737 687 3068 756 conspiciar.
3101 690 3223 759 Ipsa
3277 691 3431 745 illum
3470 693 3658 758 infert,

2082 774 2175 842 qui
2234 790 2321 828 me
2362 774 2431 829 ab
2478 774 2706 829 humani
2762 780 2978 848 generis
3041 779 3259 835 delictis
3315 784 3658 839 exonerabit.

2082 864 2203 934 Ipsa
2231 880 2464 935 corpore
2486 865 2738 922 indutum
2759 884 2885 923 eum
2916 880 3112 940 gestat,
3134 872 3227 940 qui
3256 888 3422 941 grave
3445 877 3660 941 peccati

2082 969 2223 1008 onus
2264 970 2294 1009 a
2330 971 2414 1009 me
2459 957 2634 1019 tollit,
2664 957 2757 1027 qui
2806 973 2974 1028 super
3028 959 3263 1013 nihilum
3302 961 3663 1017 fundamenta

2083 1060 2203 1099 mea
2239 1038 2549 1112 collocarit,
2579 1049 2672 1117 qui
2708 1049 2935 1118 proprio
2985 1051 3192 1121 pugillo
3235 1052 3661 1119 amplitudinem

2084 1153 2262 1193 meam
2314 1140 2723 1209 complectitur,
2749 1143 2842 1211 qui
2897 1144 3056 1212 aquis
3117 1159 3203 1198 me
3255 1145 3423 1199 veluti
3477 1146 3664 1201 fasciis

2082 1230 2409 1297 circumdat,
2434 1240 2490 1286 et
2520 1248 2605 1286 me
2656 1234 2974 1302 perenniter
2997 1235 3262 1290 continet.
3291 1236 3410 1305 Ipsa
3431 1246 3515 1290 est
3545 1238 3660 1291 vir-

2081 1339 2167 1394 ga,
2189 1325 2622 1395 incorruptionis
2644 1325 2778 1383 ﬂore
2807 1327 2957 1390 foeta,
2981 1345 3010 1383 e
3030 1344 3134 1398 qua
3159 1339 3416 1399 tanquam
3441 1346 3471 1384 e
3493 1330 3662 1384 calice
3688 1390 3695 1397 ι

2083 1416 2176 1472 hic
2234 1417 2521 1487 prodiens,
2555 1419 2761 1474 erroris
2797 1420 2992 1489 procul
3022 1420 3204 1492 abiget
3250 1422 3661 1485 insuavitatem,

2081 1516 2138 1561 et
2184 1507 2375 1576 gratiae
2433 1507 2789 1579 fragrantiam
2839 1510 3140 1565 exhalabit.
3206 1510 3249 1566 0
3304 1513 3662 1582 propaginem

2083 1596 2292 1650 meaml
2320 1595 2365 1649 0
2391 1597 2595 1661 sinum,
2629 1598 2687 1653 in
2724 1613 2835 1669 quo
2868 1600 2984 1655 haec
3032 1601 3218 1679 planta
3245 1601 3354 1672 (81;)
3384 1602 3450 1655 ad
3485 1612 3664 1656 matu-

2083 1687 2302 1741 ritatem
2328 1690 2519 1751 venit;
2554 1704 2584 1744 e
2623 1704 2731 1759 qua
2762 1690 3181 1760 progerminans
3228 1692 3665 1747 immortalitatis

2084 1778 2323 1843 fruetus,
2359 1779 2599 1834 filiorum
2631 1796 2882 1835 meorum
2933 1781 3281 1836 sterilitatem
3315 1782 3370 1836 in
3404 1784 3660 1837 fructife-

2073 1881 2187 1926 ram
2242 1879 2509 1941 pietatem
2550 1873 2956 1941 eommutabit;
2988 1882 3045 1928 et
3105 1875 3265 1945 cujus
3315 1875 3571 1941 verbum,
3606 1876 3662 1929 in

2075 1963 2552 2019 omnibusﬁnibus
2579 1973 2742 2020 terrae
2771 1966 3212 2032 disseminatum,
3245 1967 3299 2021 in
3330 1968 3659 2035 centuplum

2074 2055 2303 2125 augebit
2335 2055 2669 2121 ubertatem,
2704 2058 3022 2128 excultique
3064 2059 3168 2113 soli
3206 2058 3426 2114 labores
3472 2060 3663 2113 multi-

2074 2147 2201 2217 plici
2234 2147 2540 2202 cumulabit
2562 2150 2767 2202 usural
2803 2147 3120 2218 Oagrorum
3149 2163 3398 2203 meorum
3429 2163 3663 2203 suaveo-

2074 2241 2443 2296 lentissimum
2474 2241 2676 2306 lilium,
2705 2240 2852 2309 quod
2887 2241 3147 2310 puritatis
3181 2246 3293 2295 suat
3317 2249 3658 2310 unguentum

2075 2333 2336 2387 omnibus
2386 2334 2694 2389 animarum
2757 2334 3040 2389 ulceribus
3087 2332 3337 2388 atl‘undet
3396 2334 3544 2403 (85)!
3579 2333 3661 2387 Tu

2075 2426 2437 2481 suavissimus
2454 2442 2515 2481 es
2544 2426 2684 2482 odor
2717 2444 2732 2481 :
2780 2438 2839 2481 tu
2864 2442 2943 2490 es,
2988 2443 3110 2498 quae
3140 2427 3402 2481 virtutum
3439 2435 3660 2479 tuarum

2076 2518 2424 2573 aromatibus
2465 2528 2639 2573 totum
2662 2520 2777 2575 mei
2826 2520 3092 2575 ambitum
3123 2519 3369 2589 aspergis
3402 2538 3415 2574 :
3445 2528 3501 2573 tu
3540 2519 3665 2574 fons

2075 2627 2136 2665 es
2164 2611 2375 2674 illimis,
2400 2627 2430 2665 e
2463 2627 2593 2680 qua,
2617 2622 2880 2681 tanquam
2915 2611 3175 2665 imbrium
3198 2611 3379 2678 ειίιιω,
3413 2610 3663 2666 deﬂuen-

2079 2714 2159 2757 tes
2182 2704 2482 2773 gratiarum
2514 2711 2683 2773 gutta:
2719 2702 2920 2757 faciem
2958 2718 3137 2757 meam
3166 2703 3355 2772 pingui
3404 2703 3660 2757 ubertate

2074 2793 2413 2858 fceeundant,
2466 2803 2523 2849 et
2563 2795 2863 2864 jucundam
2905 2802 3250 2850 venustatem
3306 2808 3482 2849 meam
3539 2794 3666 2847 irri‘

2074 2894 2203 2954 gant
2235 2902 2247 2938 :
2281 2894 2336 2939 tu
2364 2901 2422 2940 es
2460 2886 2692 2954 lampas,
2718 2901 2839 2955 quae
2860 2901 2946 2941 me
2973 2901 3071 2955 per
3107 2887 3431 2941 universum
3459 2886 3665 2940 circui-

2078 2986 2191 3030 tum
2235 2977 2534 3042 illuminas,
2568 2994 2692 3048 quat
2732 2977 2939 3032 solares
2971 2978 3133 3048 longe
3185 2977 3364 3032 vincis
3399 2968 3660 3049 fulgores,

2076 3084 2197 3137 qua:
2226 3070 2407 3122 radios
2449 3078 2575 3125 tuos
2593 3084 2759 3138 super
2783 3069 2930 3138 ipsos
2959 3070 3128 3124 caelos
3150 3068 3439 3138 expandis,
3469 3080 3525 3122 et
3565 3085 3665 3138 per

400 3167 627 3236 στῆρσιν
656 3182 671 3197 ⁸
704 3166 814 3233 ἐγὼ
851 3165 907 3219 δὲ
932 3166 1072 3237 ὑπὲρ
1100 3166 1306 3220 ἐκεῖνόν
1341 3183 1400 3219 σε
1423 3166 1748 3236 κατέχουσα,
1782 3184 1978 3236 σεμνο-

2085 3176 2248 3230 quam
2290 3161 2373 3215 bis
2413 3177 2633 3230 quoque
2677 3160 3093 3230 pulchritudine
3144 3160 3445 3221 antecello;
3489 3170 3545 3213 et
3605 3159 3662 3212 lti

395 3258 531 3327 τέρα
562 3257 664 3326 τῆς
716 3255 881 3310 αὐτοῦ
946 3258 1363 3329 διακοσμήσεως
1394 3258 1682 3324 δείκντμαι
1719 3274 1733 3289 ⁸
1770 3263 1981 3324 ἐκεῖνος

399 3348 478 3419 τῷ
508 3348 865 3420 γεγενημένῳ
898 3349 1332 3417 καταγλαῖζεται
1365 3353 1527 3420 φωτὶ,
1560 3352 1671 3418 ἐγὼ
1705 3351 1782 3422 τῷ
1828 3370 1982 3420 γενε-

398 3440 636 3512 σιουργῷ
682 3440 770 3493 διὰ
833 3440 926 3493 σοῦ
984 3441 1401 3512 ἐπιδημήσαντι,
1432 3445 1922 3514 κατασεμνύνομαι
1964 3460 1978 3474 ⁸

397 3534 603 3598 ἐκεῖνος
630 3535 743 3596 τοῖς
774 3535 1097 3604 ποιήμασιν,
1125 3533 1234 3602 ἐγὼ
1291 3534 1366 3604 τῷ
1414 3539 1613 3607 ποιητῇ
1644 3536 1980 3607 περικαλλύ-

400 3644 565 3691 νομαι
600 3642 615 3656 ·
648 3627 855 3688 ἐκεῖνος
879 3627 1345 3696 ἀποσκιαζομένῳ
1365 3628 1458 3680 καὶ
1489 3628 1733 3698 δυομένῳ
1775 3646 1981 3682 καταυ-

399 3718 627 3784 γάζεται
668 3715 857 3786 Ἡλίῳ,
886 3714 997 3784 ἐγὼ
1029 3715 1086 3769 δὲ
1106 3716 1182 3786 τῷ
1203 3717 1301 3788 τῆς
1331 3718 1680 3789 δικαιοσύνης
1698 3722 1983 3793 ἀνεσπέρῳ

399 3812 493 3863 καὶ
522 3811 701 3880 ἀδύτῳ
715 3810 868 3880 ἡλίῳ,
894 3809 960 3862 δι’
987 3803 1047 3861 οῦ
1061 3811 1307 3872 κάκεῖνος
1334 3810 1395 3863 τὸ
1411 3808 1550 3865 εἶναι
1565 3811 1808 3883 εἴληφεν,
1829 3816 1985 3867 ἐπαί-

400 3903 564 3971 ρομπιί
582 3919 641 3954 τε
667 3903 761 3953 καὶ
782 3900 1236 3971 καταλάμπομαι,
1257 3901 1443 3972 δχημά
1467 3919 1527 3955 σε
1546 3904 1735 3959 τούτου
1756 3908 1979 3978 περιφέ-

401 4010 591 4060 ρουσα,
609 3989 707 4063 τὴν
728 3990 788 4044 τὸ
804 4008 873 4062 μυ
882 3990 1198 4062 ριοπλάσιον
1220 3991 1327 4045 τῶν
1342 3993 1591 4061 ἀγγέλων
1607 3995 1984 4066 ὑπερέχουσαν

400 4086 573 4154 ἅρμα,
595 4083 692 4149 τὴν
708 4101 766 4152 χε
779 4083 1035 4154 ρουϐικὴν
1051 4083 1319 4147 παστάδα,
1334 4086 1430 4155 τὴν
1447 4086 1749 4158 σεραιρικὴν
1771 4086 1981 4155 λαὸἱδα,

398 4178 489 4228 τὸν
512 4175 701 4244 θρόνον
725 4174 815 4227 τὸν
843 4174 1144 4245 βασιλικὸν,
1174 4174 1235 4226 to
1263 4174 1363 4228 t'ms
1375 4176 1659 4247 ρουράνιον
1694 4180 1979 4235 παλάτιον.

407 4268 471 4321 Ὢ
491 4268 653 4319 πόσαι
679 4267 787 4318 τῶν
844 4266 992 4336 ὲμῶν
1029 4266 1362 4337 αὐχημάτων
1395 4269 1450 4319 αἰ
1474 4269 1719 4337 ἀφορμαί
1753 4270 1764 4322 l
1805 4273 1866 4322 Ὢ
1889 4271 1981 4324 τοῦ

399 4357 535 4423 ἐμοῦ
572 4359 928 4426 καυχήματος
961 4355 1143 4409 αἰτίαί
1191 4355 1601 4425 Ἐπαγάλλομαί
1626 4375 1728 4424 σοι,
1764 4362 1983 4430 ἐπιτέρ-

399 4464 573 4518 πομαι
614 4450 679 4518 τῇ
732 4447 861 4520 δόξῃ
936 4465 1051 4513 σου,
1102 4447 1530 4519 ὲπισεμνύνομαί
1554 4465 1636 4502 σοι
1686 4449 1758 4514 ὡς
1800 4453 1982 4519 οἰκείῳ

404 4542 769 4611 βλαστήματι.
798 4539 1277 4610 Καθαίρομαιτῶν
1300 4542 1658 4612 ἀνθρωπίνων
1688 4544 1982 4615 μολυσμῶν

402 4632 498 4684 ἐπὶ
524 4632 672 4686 νῶτά
706 4649 765 4685 σε
820 4631 1063 4701 φέρουσα
1093 4647 1108 4661 ·
1161 4633 1460 4704 ἀγιάζομαι
1527 4637 1638 4699 τοῖς
1690 4636 1982 4707 ἀκράντοις

402 4726 498 4779 καὶ
526 4726 732 4795 τιμίοις
773 4742 867 4778 σου
904 4725 1142 4795 βήμασιν
1179 4741 1194 4756 ·
1227 4725 1592 4796 εὐωδιάζομαι
1628 4728 1706 4798 τῷ
1736 4731 1834 4800 τῆς
1883 4749 1984 4783 κα-

403 4816 703 4888 θαρότητός
724 4834 817 4869 σου
858 4816 1016 4886 μύρῳ
1056 4831 1071 4845 ο
1106 4817 1315 4886 σκιρτῶ
1346 4818 1437 4870 ἐπὶ
1470 4820 1573 4885 σοὶ,
1604 4822 1977 4893 παῤῥησιάζο‹

408 4929 503 4980 μαι
525 4910 613 4964 διὰ
649 4912 729 4974 σὲ,
756 4910 850 4963 καί
880 4913 912 4980 ἡ
943 4910 1040 4963 σὺν
1063 4910 1188 4980 ἐμοὶ
1213 4912 1362 4963 πᾶσα
1384 4909 1766 4983 διακόσμησις.

2083 3255 2308 3323 quidem
2338 3255 2577 3325 propriis
2613 3254 2871 3310 illustrati
2903 3254 3273 3308 luminaribus
3307 3269 3427 3309 sese
3450 3252 3660 3321 magni-

2083 3352 2185 3403 tice
2202 3357 2484 3419 ostentant
2506 3366 2519 3414 ;
2543 3364 2642 3417 ego
2675 3364 2806 3403 vero
2824 3364 2938 3417 prae
2956 3348 3062 3403 illis
3091 3364 3214 3401 eum
3244 3355 3294 3401 te
3324 3346 3657 3416 possideam,

2083 3443 2280 3512 quovis
2314 3458 2505 3496 eorum
2539 3452 2738 3496 ornatu
2778 3442 3215 3512 magnificentior
3258 3455 3496 3510 appareo
3528 3457 3542 3504 ;
3582 3439 3663 3492 illi

2082 3535 2265 3606 genita
2288 3536 2409 3590 luce
2447 3543 2808 3601 exornantur,
2843 3544 2926 3587 ast
2965 3549 3066 3603 ego
3099 3531 3477 3604 generationis
3528 3545 3659 3584 auc-

2092 3637 2210 3681 tore
2238 3644 2336 3697 per
2396 3637 2446 3682 te
2503 3627 2837 3680 adveniente
2882 3625 3225 3679 condecoror
3261 3642 3274 3678 :
3323 3623 3401 3676 illi
3438 3622 3665 3676 faeturis

2054 3720 2468 3785 ‘nobilitantur,
2502 3735 2603 3788 ego
2651 3727 2836 3772 autem
2877 3716 3088 3772 factore
3128 3735 3139 3769 :
3179 3716 3263 3770 illi
3292 3716 3412 3771 sole
3454 3714 3662 3769 illumiv

2083 3820 2308 3873 nantur,
2351 3810 2442 3879 qui
2492 3820 2547 3864 et
2588 3810 2832 3864 nubibus
2888 3809 3278 3872 obumbratur,
3313 3817 3369 3861 et
3404 3823 3659 3861 occasum

2085 3904 2265 3966 subit,
2299 3914 2355 3958 at
2400 3919 2500 3973 ego
2542 3903 2672 3957 Sole
2714 3901 2964 3973 justitize,
3003 3901 3098 3970 qui
3151 3915 3332 3968 neque
3374 3913 3662 3967 vesperam

2084 4013 2264 4067 neque
2297 4011 2552 4050 occasum
2601 3995 2775 4057 novit,
2822 4010 2918 4063 per
2946 4010 3107 4063 quem
3137 4002 3191 4047 et
3240 3993 3329 4045 ille
3362 3991 3576 4059 accepit
3605 3997 3664 4042 ut

2085 4101 2253 4153 eSset,
2286 4098 2340 4142 et
2362 4090 2635 4159 glorioret
2663 4086 3008 4156 resplendeo,
3039 4086 3241 4154 quippe
3266 4093 3316 4137 te
3344 4092 3516 4151 gesto,
3541 4099 3663 4151 qua:

2085 4181 2233 4236 illius
2259 4179 2665 4239 eswhiculum,
2698 4193 2818 4246 qu:e
2850 4176 3065 4230 inﬁnito
3112 4175 3398 4229 intervallo
3433 4174 3657 4243 angelo-

2085 4291 2208 4329 rum
2246 4288 2473 4326 eurrum
2503 4269 3035 4339 superemines(86),
3074 4284 3194 4337 qua:
3230 4267 3500 4321 thalamus
3527 4266 3662 4318 clte-

2086 4367 2330 4427 rubicus,
2359 4380 2480 4434 quae
2491 4363 2717 4430 forceps
2735 4360 3044 4430 seraphica,
3065 4376 3186 4428 quae
3205 4358 3387 4427 regius
3406 4357 3659 4421 thronus,

2087 4475 2209 4529 quae
2235 4458 2391 4513 caelis
2451 4455 2744 4510 sublimius
2797 4452 3057 4522 palatium
3098 4451 3334 4506 exsistis.
3365 4447 3410 4504 0
3439 4457 3573 4518 quot
3607 4455 3663 4502 et

2087 4560 2306 4621 quantae
2349 4548 2482 4602 mihi
2509 4546 2776 4617 gloriandi
2807 4545 3020 4600 causa!
3048 4542 3092 4598 0
3125 4543 3313 4614 gloriae
3346 4557 3480 4595 mea:
3529 4556 3662 4595 auc-

2089 4646 2232 4699 trix!
2265 4644 2324 4698 ln
2373 4654 2426 4698 te
2466 4650 2671 4696 memet
2701 4640 2892 4705 effero,
2935 4638 3105 4709 gloria
3145 4645 3236 4691 tua
3292 4636 3559 4699 oblector,
3611 4644 3662 4686 te

2085 4747 2346 4808 tanquam
2382 4734 2627 4807 germine
2664 4748 2787 4788 meo
2828 4731 3056 4802 proprio
3082 4728 3364 4798 superbio.
3390 4726 3465 4780 Te
3496 4726 3662 4780 dorso

2085 4844 2211 4884 meo
2262 4829 2471 4892 ferens,
2527 4828 2596 4881 ab
2664 4825 2924 4881 humanis
2982 4820 3415 4891 inquinamentis
3460 4834 3655 4873 emun-

2085 4921 2187 4975 dor
2229 4920 2379 4989 (87);
2430 4917 2749 4974 sanetilieor
2806 4914 3173 4970 immaculatis
3216 4923 3272 4967 et
3324 4910 3665 4965 honorandis

405 5006 513 5060 tuis
552 5005 869 5075 gressibus;
903 5005 1057 5060 suavi
1092 5004 1261 5059 odore
1301 5004 1605 5077 perfundor
1637 5024 1665 5062 a
1712 5010 1969 5079 puritatis
2000 5025 2108 5071 tuae
2169 5024 2484 5086 unguento;
2529 5014 2587 5067 in
2640 5022 2693 5067 te
2733 5011 2971 5073 exsulto,
3004 5018 3232 5080 propter
3296 5018 3349 5062 te
3404 5006 3662 5062 fiduciam

403 5115 580 5165 sumo,
615 5109 671 5154 et
693 5114 921 5154 mecum.
946 5112 1139 5153 omnes
1174 5108 1552 5152 creaturarum
1590 5100 1835 5158 ordines.

472 5197 572 5249 lZ'.
597 5194 782 5259 Οῦτως
813 5195 921 5248 ὑπὸ
945 5194 1214 5265 πάντωνὴ
1242 5194 1351 5247 τῶν
1374 5195 1628 5248 ἁπάντων
1649 5196 1978 5273 δοξαζομένη

490 5399 602 5473 (ει)
624 5398 881 5473 Quaenam
906 5397 1322 5473 enimverolaus
1346 5403 1492 5473 esset
1513 5396 1667 5473 sinus
1694 5397 1756 5451 B.
1783 5401 1977 5461 Anna,

405 5466 674 5539 siquidem
725 5468 841 5521 haec
890 5467 1098 5539 planta,
1131 5468 1278 5539 quod
1331 5466 1399 5539 ad
1449 5467 1714 5536 originem
1772 5476 1985 5537 spectat

407 5536 538 5595 inde
577 5536 897 5600 deductam,
923 5537 1114 5590 vitiata
1149 5536 1380 5592 luisset?
1625 5553 1629 5557 ν

491 5611 605 5677 (85)
632 5607 868 5677 lmagine
910 5608 1073 5677 paulo
1116 5608 1338 5661 diversa
1387 5608 1636 5662 eamdem
1665 5622 1981 5676 expressam

405 5678 577 5734 habes
607 5676 958 5732 sententiam.
987 5676 1103 5730 Nisi
1156 5679 1302 5731 enim
1353 5678 1637 5746 Deiparam
1686 5678 1979 5746 gloriosam

410 5750 691 5802 communi
747 5747 978 5815 originis
1022 5746 1158 5800 vitio
1211 5756 1520 5815 exemptam
1577 5757 1810 5807 statuas,
1870 5764 1979 5801 non

414 5817 983 5873 suaveolentissimum
1026 5815 1125 5870 tibi
1172 5818 1387 5887 parebit
1434 5818 1630 5884 lilium,
1678 5817 1835 5887 cujus
1880 5833 1984 5871 un-

2166 5194 2332 5253 XVII.
2386 5194 2475 5249 Sie
2503 5196 2749 5251 omnium
2780 5194 3035 5260 Domina,
3073 5193 3141 5247 ab
3168 5192 3425 5247 omnibus
3456 5191 3665 5262 glorifi-

2080 5412 2342 5470 guentum
2376 5398 2661 5470 ulceribus
2689 5397 3025 5470 aliorumsit
3047 5398 3301 5464 medela;
3331 5394 3426 5450 sed
3456 5404 3513 5447 et
3546 5393 3661 5461 ipsa

2081 5468 2275 5524 eodem
2309 5470 2494 5524 ulcere
2527 5468 2721 5523 laetere
2748 5468 2984 5522 dicenda
3012 5475 3138 5522 erit.

2151 5540 2262 5601 (86)
2303 5539 2447 5594 Deus
2484 5539 2537 5591 in
2576 5537 2748 5591 sacris
2780 5536 3007 5592 Litteris
3051 5535 3364 5591 clterubieis
3413 5532 3661 5584 humeris

2080 5609 2249 5662 veluti
2274 5611 2511 5674 quodam
2553 5622 2720 5660 curru
2748 5608 2999 5662 invectus
3018 5606 3258 5660 describi
3288 5604 3446 5657 solet.

2159 5680 2269 5741 (87)
2290 5668 2405 5733 Nisi
2456 5679 2744 5746 Deiparam
2775 5678 2912 5732 vitio
2943 5677 3142 5746 quovis
3190 5676 3486 5746 immunem
3516 5668 3661 5746 amr-

2080 5764 2217 5809 mes,
2246 5749 2396 5802 illius
2428 5764 2537 5801 non
2558 5741 2727 5802 secus
2749 5756 2914 5813 atque
2951 5741 3183 5799 aliorum
3227 5741 3658 5814 inquinamentis

2084 5827 2231 5873 terra
2262 5819 2555 5889 delurpala
2590 5818 2705 5887 pari
2736 5818 2859 5887 jure
2883 5817 3182 5871 diceretur.
