4104 6450
416 436 526 502 6'79

1685 426 1943 487 J.\Ct)Bl
1988 424 2335 486 MONACUI

3572 427 3685 488 680

419 564 563 617 cata,
594 550 699 605 iter
731 560 892 603 suum
948 541 1205 597 conferit.
1249 542 1519 608 Quocirca
1563 541 1955 611 (Evangelista)
1991 580 2007 604 ,

2116 543 2407 604 Δέσποινα,
2465 538 2531 592 τὰ
2588 538 2686 608 τῆς
2745 537 2968 607 πορείας
3029 538 3269 607 διήνυσε.
3335 540 3426 590 Διό
3492 556 3682 606 φησιν·

420 643 584 705 Abiit,
641 636 915 706 inquit",
953 635 1007 688 in
1064 641 1320 685 montana
1373 648 1490 684 cum
1535 631 1897 700 festinatione,
1945 647 2002 684 tn

432 730 696 783 civitatem
726 723 869 777 Iuda
892 739 909 786 ;
933 733 982 774 et
1013 722 1235 795 intravit
1280 722 1333 774 in
1366 720 1579 773 domum
1620 719 1915 783 Zac/mriw,
1954 727 2004 773 et

418 821 671 875 salutarit
709 816 1003 870 Elisabeth.

494 911 560 966 Et
578 912 775 979 factum
794 905 1173 971 est,subdit”,
1198 913 1253 958 ut
1272 906 1469 959 audivit
1485 904 1862 958 salutationem
1888 903 2002 957 Ma-

421 1006 512 1057 ria:
540 999 836 1063 Elisabeth,
865 997 1144 1052 exsultavit
1174 998 1350 1065 infans
1376 999 1427 1049 in
1455 1008 1601 1049 utero
1629 994 1905 1065 ejus—Et
1922 996 2004 1064 fa-

418 1106 561 1148 ctum
590 1101 689 1158 est,
713 1091 927 1161 inquit;
960 1090 1092 1160 quid
1109 1090 1314 1144 factum
1346 1088 1480 1142 est?
1511 1087 1722 1142 Novum
1753 1103 2000 1157 prorsus,

418 1194 475 1238 et
509 1182 917 1243 admirandum,
940 1190 997 1235 et
1027 1195 1057 1233 a
1097 1188 1309 1232 natura:
1342 1177 1538 1231 ordine
1573 1176 1842 1231 alienum.
1874 1176 2001 1231 Sola

420 1291 546 1339 vox,
571 1283 630 1329 ut
652 1274 861 1344 prolata
886 1280 993 1337 est,
1024 1280 1235 1324 natura:
1267 1271 1414 1340 leges
1445 1270 1765 1325 innovavit:
1788 1271 2005 1325 sonitus

420 1367 770 1423 salutationis
805 1365 1039 1419 auribus
1086 1365 1359 1426 insonuit,
1390 1378 1514 1433 «tua:
1563 1378 1757 1418 vocem
1813 1362 2005 1417 audire

425 1474 538 1513 non
564 1467 859 1527 poterant;
899 1472 1007 1511 vox
1040 1456 1350 1524 virginalis,
1380 1456 1587 1510 virtute
1616 1457 1786 1519 illius,
1818 1456 1912 1525 qui
1947 1456 2003 1508 in

426 1551 648 1621 Virgine
678 1548 1046 1613 inhabitabat,
1081 1547 1345 1602 infantem
1371 1557 1626 1601 materno
1642 1546 1825 1600 adhuc
1849 1556 2007 1600 utero

423 1643 699 1696 inclusum
733 1641 999 1696 excussit.
1058 1639 1122 1695 Ut
1172 1642 1399 1705 audivit,
1445 1641 1646 1711 inquit,
1700 1638 2005 1703 Elisabeth,

419 1735 650 1787 verbum
690 1733 1105 1802 ingrediebatur
1153 1732 1209 1787 iu
1255 1746 1440 1796 aures,
1478 1742 1535 1786 et
1581 1731 1758 1803 gratia
1816 1730 2006 1786 [tntum

423 1828 568 1879 uteri
624 1827 1029 1879 commovebat.
1064 1825 1181 1879 Vox
1207 1824 1563 1894 Operabatur,
1594 1834 1650 1879 et
1701 1822 2008 1878 addebatur

2120 629 2448 698 Ἐπορεύθη
2492 631 2579 696 εις
2628 627 2745 698 τὴν
2798 628 3045 696 ὀρεινὴν
3082 629 3235 698 μετὰ
3284 627 3561 695 σπουδῆς
3601 633 3691 695 είς

2109 719 2289 769 πόλιν
2332 716 2551 783 Ἰούδα,
2606 717 2702 770 καί
2724 716 3016 784 εἰσῆλθεν
3040 718 3129 784 είς
3159 717 3268 770 τὸν
3294 713 3463 772 οἷκον
3493 722 3690 789 Ζαχα-

2097 811 2261 875 ρίου,
2293 807 2391 861 καὶ
2439 806 2769 875 ἠσπάσατο
2803 809 2919 875 τὴν
2963 807 3304 863 Ἐλισάϐετ.

2180 900 2285 953 Καὶ
2315 899 2572 969 ἐγένετο,
2612 900 2798 969 φησιν,
2832 899 2913 965 ὡς
2972 897 3246 967 ἤκουσεν
3298 902 3336 969 ἠ
3382 900 3691 957 Ἐλισάϐετ

2104 990 2212 1044 τὸν
2225 991 2558 1059 ἀσπασμὸν
2582 989 2688 1058 τῆς
2710 990 2961 1059 Μαρίας,
2986 992 3314 1061 ἐσκίρτησε
3352 993 3417 1046 τὸ
3457 992 3693 1065 ,βρέφος

2103 1085 2173 1137 ἐν
2199 1082 2272 1151 τῇ
2318 1083 2517 1151 κοιλίᾳ
2576 1081 2788 1150 αὐτῆς.
2830 1113 2902 1123 -
2942 1083 3050 1137 Καὶ
3100 1084 3361 1155 ἐγένετο,
3407 1086 3540 1156 φησί
3587 1103 3601 1116 ⁸
3640 1088 3694 1141 τί

2106 1176 2359 1243 ὲγένετο;
2401 1176 2604 1228 Καινδν
2653 1177 2744 1228 καὶ
2808 1175 3151 1244 παράδοξον,
3186 1178 3410 1249 καὶτῆς
3474 1179 3694 1249 φύσεως

2108 1268 2409 1336 ἀλλότριον.
2441 1266 2598 1338 Φωνὴ
2630 1268 2767 1337 μόνη
2796 1266 3140 1338 ἐξενεχθεῖσα
3158 1269 3284 1332 τοὺς
3304 1268 3508 1339 ταύτης
3541 1273 3697 1326 ὲκαι⁴

2106 1361 2404 1430 νοτὸμησεν
2432 1360 2592 1430 ὄρους
2619 1374 2630 1387 ·
2666 1354 2801 1429 ἦχος
2849 1358 3149 1431 ἀσπασμοῦ
3182 1361 3263 1426 είς
3285 1360 3386 1433 τὴν
3442 1362 3695 1417 ἀνεπίδε-

2111 1467 2236 1503 κτον
2267 1449 2451 1520 φωνῆς
2482 1450 2749 1520 ὲνήχησεν
2779 1451 2951 1522 ἀκοήν
2982 1468 2995 1481 ·
3050 1451 3288 1520 φθόγγος
3339 1454 3693 1523 παρθενικδς,

2109 1546 2340 1616 δυνάμει
2369 1549 2465 1603 τοῦ
2516 1549 2878 1616 ἐνοικοῦντος,
2924 1551 2986 1604 τὸ
3041 1552 3371 1621 ὲγγὰστριον
3418 1552 3694 1619 διεδόνησε

2113 1640 2333 1711 βρέφος.
2377 1643 2477 1709 Ὠς
2548 1640 2804 1711 ἤκουσε,
2856 1644 3049 1712 φησὶν,
3075 1644 3114 1712 ἡ
3164 1643 3498 1709 Ἑλισάὸετ,
3526 1645 3554 1697 ό
3602 1644 3691 1696 λό-

2111 1749 2207 1798 γος
2238 1735 2296 1784 ὲν
2334 1736 2445 1795 τοῖς
2513 1733 2647 1786 ὠσὶν
2687 1732 2888 1798 εἰσέδυ,
2916 1730 3010 1787 κιῖι
3037 1736 3072 1805 ἡ
3117 1736 3279 1806 χάρις
3333 1736 3395 1787 τ’)
3453 1733 3696 1804 ἔμϐρυον

2112 1824 2279 1877 ἐκίνει
2311 1841 2323 1853 ·
2362 1825 2393 1894 ἡ
2430 1825 2582 1896 φωνὴ
2619 1826 2924 1896 ἐνηργεῖτο,
2959 1827 3052 1878 καὶ
3119 1827 3153 1896 ὴ
3198 1826 3426 1897 δύναμις
3481 1826 3700 1879 ἐϐεϐαι-

422 1922 615 1973 virtus.
652 1919 696 1974 Ο
727 1920 1021 1972 verborum
1051 1918 1160 1971 vim
1189 1919 1201 1971 ι
1237 1917 1540 1971 Exsultat'it
1562 1918 1744 1985 infans
1770 1917 1825 1969 in
1855 1926 2004 1969 utero

2116 1913 2251 1967 οὖτο.
2298 1893 2592 1984 Ὠγὶσχύος
2642 1893 2938 1984 ῥημάτωνί
2966 1893 3431 1981 Ἐσκίρτησεντὸ
3465 1912 3698 1982 ,βρέφος

427 2013 560 2082 ejus.
612 2012 896 2066 Persensit
954 2012 1303 2080 praesentiam
1358 2011 1593 2074 Domini,
1644 2012 2008 2065 immaculata

424 2104 573 2156 illius
604 2118 768 2156 voces
794 2103 1031 2167 audivit,
1060 2084 1396 2166 Creatorem,
1429 2102 1523 2171 qui
1561 2102 1702 2157 hanc
1730 2101 2009 2163 movebat,

422 2194 665 2261 agnovit.
695 2201 752 2246 ct
773 2192 1004 2245 saltibus
1024 2191 1142 2245 suis
1165 2192 1279 2245 haec
1305 2198 1463 2244 matri
1488 2208 1597 2244 sine
1610 2191 2007 2260 propemodum

424 2286 754 2355 loquebatur
782 2300 794 2334 :

509 2372 696 2428 XVIII.
722 2374 1038 2439 Anteverte,
1065 2388 1098 2427 ο
1127 2384 1322 2439 mater,
1355 2374 1593 2443 praeveni
1621 2373 1840 2437 festina,
1868 2387 2011 2441 prae,

425 2482 589 2520 triirre
642 2466 863 2520 obviam
918 2465 1121 2521 ferenti
1166 2465 1484 2521 Creatorem
1544 2467 1911 2520 incarnatuin.
1950 2465 2008 2519 In

427 2560 545 2630 ipsa
575 2559 867 2623 Dominus,
899 2565 1160 2626 tanquam
1187 2558 1242 2611 in
1276 2557 1485 2612 ctelesti
1521 2560 1740 2621 throno,
1778 2554 2008 2610 advehi-

428 2661 535 2706 tur.
573 2651 669 2705 llic
697 2660 952 2705 naturam
981 2651 1237 2715 innovat;
1276 2649 1366 2704 hic
1395 2665 1481 2704 res
1525 2651 1799 2703 immutat.
1853 2649 2005 2703 Prie-

427 2743 660 2797 sentiam
691 2743 812 2813 ejus
838 2741 982 2798 ferre
1013 2742 1238 2797 silentio
1268 2758 1379 2796 non
1408 2743 1562 2796 valeo
1589 2760 1602 2808 ;
1635 2754 1743 2795 non
1777 2756 2004 2811 possum

432 2850 541 2887 non
578 2833 878 2903 praedicare
911 2848 1061 2897 eum,
1088 2835 1182 2903 qui
1239 2850 1325 2888 me
1384 2834 1451 2888 ad
1484 2833 1588 2888 hoc
1622 2832 1904 2895 excitavit,
1936 2831 2002 2885 ad

425 2928 571 2996 quod
601 2927 1004 2997 praeordinatus
1027 2925 1127 2979 fui.
1156 2925 1572 2983 Usumfructum
1593 2926 1738 2980 ferre
1776 2925 2003 2991 festino,

435 3019 638 3087 quippe
684 3019 801 3087 qui,
858 3027 918 3070 ut
950 3017 1271 3086 prmdictum
1301 3028 1386 3073 est
1424 3023 1473 3087 (ιι
1499 3017 1845 3087 fproiihetis),
1874 3032 2010 3085 pra:-

426 3110 737 3163 destinatus
768 3106 815 3140 ⁸⁵
850 3109 948 3172 fui,
984 3118 1046 3163 ut
1092 3122 1269 3164 essem
1306 3124 1406 3164 vox
1441 3110 1745 3173 clamantis,
1772 3118 1829 3163 et
1881 3123 2007 3177 pro-

2107 2005 2176 2058 ὲν
2197 2004 2272 2074 τῇ
2303 2008 2503 2073 κοιλίᾳ
2531 2006 2741 2074 αὐτῆς.
2780 2005 2959 2079 ᾜσθη
2986 2006 3083 2077 τῆς
3110 2006 3447 2074 Δεσποτικῆς
3482 2020 3694 2072 παρου-

2113 2097 2254 2161 σίας,
2282 2098 2484 2167 ἦκουσε
2544 2099 2643 2167 τῆς
2700 2100 2979 2169 ἀκηράτου
3043 2099 3249 2167 φωνῆς,
3282 2097 3424 2166 ἔγνω
3469 2096 3558 2149 τὸν
3588 2097 3697 2162 Δη-

2115 2189 2378 2257 μιουργδν
2443 2187 2654 2257 ταύτην
2712 2187 2986 2252 κινοῦντα,
3054 2188 3150 2241 καὶ
3207 2186 3396 2257 σχεδὸν
3455 2186 3543 2239 διὰ
3587 2185 3699 2239 τῶν

2112 2280 2501 2351 σκιρτημάτων
2524 2279 2747 2333 τοιαῦτα
2773 2283 2839 2352 τῇ
2870 2282 3042 2350 μητρὶ
3073 2278 3453 2349 προσεφώνει.

2184 2373 2291 2425 111⁸.
2326 2371 2672 2444 Πρόφθασον,
2722 2367 2767 2426 ὦ
2818 2373 3016 2445 μῆτερ,
3062 2373 3348 2443 πρόδραμε
3404 2370 3696 2436 συντόνως,

2111 2465 2532 2536 προῦπάντησον
2562 2468 2627 2537 τῇ
2659 2467 2750 2518 τὸν
2807 2466 3155 2537 Δημιουργδν
3187 2465 3525 2534 ὲπιφερούσῃ
3587 2481 3695 2516 σω·

2114 2555 2475 2628 ματούμενον.
2526 2558 2584 2611 ’0
2624 2560 2903 2626 Δεσπότης
2935 2561 2991 2611 ὲν
3022 2559 3217 2629 ταύτῃ,
3248 2556 3323 2621 ὡς
3371 2558 3429 2609 ὲν
3455 2554 3695 2626 οὐρανίῳ

2118 2651 2407 2717 ἐποχεῖται
2479 2647 2672 2720 θρόνῳ.
2724 2643 2892 2713 Οὗτος
2941 2649 3039 2713 τὰς
3102 2650 3289 2717 φύσεις
3334 2650 3646 2717 καινοτομεῖ
3676 2661 3693 2677 ο

2109 2734 2267 2803 οὗτος
2311 2743 2378 2793 τὰ
2426 2742 2732 2811 πράγματα
2763 2742 3159 2811 μεταπλάττει.
3196 2741 3270 2794 Οὐ
3307 2742 3484 2807 στέγω
3515 2742 3696 2809 σιωπῇ

2107 2834 2204 2903 τὴν
2235 2832 2399 2887 αὑτοῦ
2425 2834 2732 2903 παρουσίαν
2756 2837 2909 2902 άγειν
2946 2850 2959 2864 ο
2998 2836 3056 2886 οὑ
3088 2837 3240 2905 φέρω
3278 2833 3352 2903 μὴ
3404 2832 3698 2903 κῆρύττςιν

2110 2929 2198 2982 τὸν
2228 2930 2306 2991 είς
2337 2926 2496 2981 τοῦτό
2532 2943 2598 2997 με
2628 2927 3045 2997 παραγαγόντα,
3081 2927 3158 2990 είς
3192 2926 3331 2996 ὅπερ
3360 2923 3695 2994 προετάγην.

2110 3021 2337 3073 Σπεύδω
2391 3018 2774 3089 χρησιμεύειν,
2802 3017 2972 3086 φωνὴ
3008 3015 3284 3082 βοῶντος
3343 3014 3695 3086 προορισθεὶς

2112 3113 2412 3183 ἐμηνύοην,
2461 3112 2554 3164 καὶ
2597 3110 2684 3165 διά
2724 3111 2818 3164 τοῦ
2858 3129 2885 3164 ο
2939 3110 3071 3179 πρὸς
3109 3109 3207 3180 τὴν
3247 3109 3522 3163 διακονίαν
3556 3108 3699 3161 ἐπεί-

429 3209 615 3268 pterea
644 3198 711 3251 ad
741 3198 1108 3253 ministerium
1155 3214 1339 3253 meum
1368 3198 1700 3269 explendum
1734 3198 2005 3268 impellor.

2116 3221 2303 3274 γομαι.
2332 3203 2424 3273 Μὴ
2486 3202 2645 3273 μέλλε
2706 3201 2907 3264 τοίνυν,
2945 3195 2989 3255 ὣ
3043 3201 3218 3275 μῆτερ
3258 3218 3273 3233 ο
3326 3201 3529 3273 χρῆσον
3574 3202 3700 3272 ἐμοὶ

429 3291 506 3345 Ne
527 3306 661 3361 ergo
690 3292 993 3353 cunctéris,
1020 3306 1052 3344 ο
1081 3299 1298 3356 mater;
1333 3290 1621 3345 commoda
1643 3289 1778 3343 mihi
1798 3304 2008 3354 vocem,

430 3391 491 3435 ut
522 3381 693 3435 vitam
734 3380 1142 3450 depraedicem;
1183 3382 1378 3451 supple
1412 3397 1547 3435 meae
1603 3379 1870 3451 loquendi
1904 3381 2010 3437 im-

430 3472 708 3541 potentiae,
737 3488 803 3526 ne
827 3472 1145 3526 constitutis
1165 3481 1354 3542 partus
1372 3473 1586 3543 legibus
1606 3473 1713 3527 vim
1743 3473 2006 3539 inferam;

432 3580 500 3619 ne
530 3566 844 3619 committas
870 3566 1220 3622 cunctatione
1255 3575 1368 3630 tua,
1396 3575 1455 3620 ut
1484 3582 1624 3622 nova
1647 3576 1840 3638 partus
1870 3569 2010 3623 ratio

434 3658 531 3711 tibi
577 3659 893 3729 contingat;
936 3675 1004 3713 ne
1035 3661 1192 3725 velis,
1235 3661 1532 3731 gratiarum
1567 3663 1817 3718 actiones
1851 3660 2013 3717 diﬂe-

435 3764 581 3812 reus.
611 3759 820 3806 naturze
877 3752 1024 3823 leges
1060 3766 1288 3807 cernere
1342 3752 1659 3808 immutatas
1695 3771 1707 3807 :
1742 3768 1845 3825 ego
1875 3768 2009 3810 sane

432 3842 598 3912 hujus
640 3845 878 3899 claustra
917 3859 1085 3916 cogor
1126 3860 1511 3917 perrumpere,
1553 3847 1818 3901 terminos
1862 3848 2011 3917 ejus-

430 3934 556 3989 dem
609 3937 886 3993 transilire
933 3939 1269 4010 compellor;
1299 3955 1410 3994 non
1456 3941 1728 4008 patienter
1770 3940 1871 3995 hos
1919 3940 2011 3995 ille

430 4027 659 4094 perfert,
696 4029 790 4097 qui
827 4038 1080 4083 naturam
1130 4029 1425 4097 immutat;
1456 4030 1550 4100 qui
1595 4030 1849 4084 ordinem
1880 4046 2011 4085 con-

430 4121 630 4186 stituit,
658 4120 706 4175 is
741 4122 989 4177 ordinem
1024 4122 1211 4177 solvit.
1254 4123 1374 4192 Ipsa
1407 4123 1459 4176 in
1505 4134 1557 4178 te
1597 4123 1769 4178 habes
1803 4132 2008 4178 certam

433 4226 620 4266 rerum
661 4211 857 4279 fidem;
888 4223 1139 4267 emortua
1169 4214 1316 4268 enim
1351 4214 1594 4268 membra
1636 4224 1729 4269 tua
1773 4216 1891 4284 ipsa
1942 4213 2009 4268 ad

428 4303 809 4371 generandum
860 4304 1138 4359 viventem
1191 4304 1602 4367 cerroboravit,
1645 4304 2011 4375 arefacueque

430 4405 647 4448 naturae
702 4394 1012 4449 ubertatem
1066 4394 1224 4465 jussu
1280 4410 1383 4449 suo
1431 4398 1687 4452 contulit.
1734 4398 1863 4461 Iste,
1914 4397 2010 4468 qui

434 4484 491 4541 in
551 4493 708 4538 utero
759 4485 1051 4555 impolluto
1097 4486 1277 4543 factus
1331 4495 1415 4541 est
1470 4488 1683 4561 infans,
1715 4489 1769 4543 in
1836 4491 2011 4545 uteris

2120 3294 2218 3363 τὴν
2267 3293 2450 3361 φωνὴν
2497 3292 2584 3345 ἵνα
2626 3290 2849 3361 κηρύξω
2907 3290 3006 3361 τὴν
3063 3292 3210 3359 ζωήν
3241 3306 3253 3320 ⁶
3289 3290 3574 3363 πλήρωσον
3600 3292 3699 3360 τὴν

2117 3392 2212 3439 του
2280 3385 2439 3452 λόγου
2493 3383 2684 3454 χρείαν
2716 3426 2732 3451 ,
2785 3383 2871 3436 ἵνα
2925 3383 3000 3455 μὴ
3046 3384 3105 3436 τὸ
3153 3382 3253 3452 τῆς
3307 3383 3494 3447 ὠδῖνος
3529 3385 3699 3452 ἀναγ-

2120 3478 2272 3529 καῖον
2344 3474 2619 3545 βιάσωμαι
2653 3490 2668 3506 ·
2721 3473 2795 3545 μὴ
2870 3474 3329 3546 καινοτομηθῆναι
3395 3477 3463 3546 τῇ
3533 3475 3701 3545 ὑπερ-

2121 3564 2289 3633 θέσει,
2324 3568 2416 3619 τὸν
2454 3566 2614 3619 τόκον
2636 3565 2802 3638 ἐάσῃς
2829 3581 2840 3592 ·
2870 3565 2948 3636 μὴ
2971 3564 3070 3636 τὴν
3092 3566 3446 3637 εὐχαριστίαν
3468 3567 3700 3620 ἀναϐαλ-

2120 3658 2344 3729 λομένη,
2374 3660 2474 3728 τὴν
2506 3658 2667 3728 φύσιν
2706 3658 2928 3729 κατίδῃς
2994 3658 3476 3729 μεταὸαλλομένην
3510 3676 3521 3688 ·
3546 3660 3700 3730 διαρ-

2122 3752 2284 3825 ρῆξαι
2334 3744 2619 3818 τάᾟὺτῆς
2645 3750 3137 3821 καταναγκάζομαι
3170 3751 3422 3821 κλεῖθρα,
3457 3751 3701 3822 ὑπερὸἦ.

2120 3860 2205 3896 ναι
2226 3843 2354 3905 τοὺς
2381 3842 2539 3911 ὅρους
2575 3840 2868 3911 ἐπείγομαι
2903 3858 2917 3871 ο
2951 3840 3053 3893 οὐκ
3103 3839 3366 3912 ἀναμένει
3421 3841 3645 3906 τούτους
3668 3844 3699 3895 ό

2124 3934 2519 4004 μεταπλάττων
2551 3932 2650 4003 τὴν
2720 3932 2905 4001 φύσιν,
2941 3929 3060 3985 λύει
3088 3935 3187 4003 τὴν
3226 3933 3380 4000 τάξιν
3411 3936 3439 3987 6
3495 3933 3699 4003 ταύτην

2122 4029 2406 4100 συνδήσας.
2447 4028 2634 4099 Ἔχεις
2659 4030 2717 4080 ὲν
2759 4029 2922 4099 ἑαυτῇ
2960 4028 3059 4099 τὴν
3088 4027 3194 4081 τῶν
3246 4029 3589 4099 πραγμάτων
3633 4030 3700 4081 ἁ·

2132 4123 2397 4191 σφάλειαν
2424 4136 2437 4149 ·
2474 4122 2855 4194 νενεκρωμὲνα
2876 4138 2967 4174 σου
2997 4127 3065 4175 τὰ
3094 4121 3229 4193 μέλη
3248 4122 3383 4193 πρὸς
3406 4122 3703 4186 ζωοτοκίαν
3758 4122 3766 4127 ’

2120 4214 2283 4277 αὐτὸς
2319 4214 2625 4285 ἐνίσχυσεν,
2657 4215 3006 4287 ὲξηραμένην
3038 4217 3135 4285 τὴν
3166 4214 3329 4284 φύσιν
3383 4215 3460 4286 τῷ
3511 4218 3702 4287 οἰκείῳ

2121 4308 2417 4361 κατεπίανε
2450 4307 2858 4378 προστάγματι.
2888 4301 3081 4373 Οὗτος,
3107 4311 3135 4362 ὁ
3166 4310 3224 4362 ὲν
3267 4308 3524 4380 ἀχράντῳ
3575 4309 3704 4381 βρε-

2121 4400 2530 4471 φουργούμενυς
2556 4399 2758 4470 κοιλίᾳ,
2791 4400 2850 4452 ὲν
2880 4401 3001 4460 ταῖς
3026 4399 3312 4469 μητρῲαις
3365 4399 3597 4463 κοιλίαις
3635 4401 3704 4453 τὰ

2123 4487 2298 4560 βρέφη
2347 4489 2665 4542 διαπλάττει
2694 4505 2709 4519 ο
2743 4480 2901 4552 οὗτος
2954 4489 3253 4559 διαμορφοί
3313 4490 3413 4562 τὴν
3476 4490 3642 4561 φύσιν
3685 4509 3698 4521 ’

433 4575 700 4629 maternis
757 4575 994 4631 infantes
1042 4576 1245 4630 format
1277 4593 1292 4632 :
1328 4577 1429 4633 hic.
1460 4587 1711 4633 naturam
1748 4578 1953 4651 effingit
1994 4591 2008 4638 :

2117 4581 2273 4649 οὗτος
2306 4586 2432 4648 τοὺς
2457 4585 2814 4657 χαρακτῆρας
2841 4586 3161 4652 ἐξεικονίζει
3198 4605 3213 4619 ·
3239 4582 3395 4648 οὗτος
3432 4587 3699 4657 δημιουρ-

434 4667 524 4720 hic
556 4666 888 4720 lineamenta
912 4667 1220 4737 conﬁgurat
1252 4686 1266 4721 :
1300 4668 1387 4724 hic
1425 4670 1640 4723 animas
1680 4683 1832 4724 creat
1869 4689 1882 4723 :
1921 4669 2014 4724 hic

429 4761 751 4817 Seminalem
778 4763 1146 4815 substantiam
1170 4762 1224 4816 in
1252 4778 1377 4817 ossa
1411 4773 1467 4817 et
1495 4776 1700 4817 nervos
1731 4773 1788 4817 et
1821 4770 2018 4817 carnes

429 4853 674 4923 efﬁngit;
702 4855 794 4909 hic
841 4864 998 4910 artus
1040 4856 1366 4926 compagine
1417 4856 1618 4926 jungit,
1651 4855 1874 4911 solubili
1918 4871 2016 4911 eos

431 4942 656 4996 vinculo
686 4943 973 5014 colligatis,
1013 4944 1285 4999 insolutos
1312 4953 1497 4999 tamen
1537 4961 1636 5000 sua
1666 4947 2018 5016 providentia

431 5048 801 5101 conservans;
832 5038 923 5092 hic
953 5038 1008 5091 in
1049 5039 1231 5093 lucem
1280 5039 1447 5095 fictus
1480 5039 1690 5103 educit,
1719 5049 1775 5094 et
1815 5042 2015 5095 animae

433 5128 712 5196 potentias
763 5130 1123 5186 intellectuali
1151 5132 1387 5188 rationis
1434 5133 1560 5189 luce
1596 5133 1849 5187 irradiat.
1882 5133 2016 5205 Ejus

430 5233 567 5288 ergo
613 5220 908 5275 adventum
945 5222 1269 5277 honoriﬁcis
1309 5223 1504 5294 excipe
1535 5223 1725 5279 verbis
1761 5240 1776 5277 :
1821 5225 2015 5295 excipe

432 5324 666 5381 corpore
716 5313 967 5370 indutum
1009 5332 1137 5371 eum
1192 5318 1395 5386 ipsum,
1442 5316 1537 5385 qui
1586 5315 1876 5371 divinitate
1916 5331 2015 5371 sua

436 5405 633 5474 implet
682 5406 962 5462 universa.

506 5497 647 5553 XIX.
686 5501 756 5554 At
792 5502 948 5569 prius
978 5501 1172 5556 laudes
1204 5501 1258 5554 in
1297 5515 1417 5554 eam
1451 5498 1663 5565 confer,
1699 5514 1821 5568 qua:
1853 5498 2009 5555 illum

433 5604 537 5645 suo
560 5592 682 5645 sinu
715 5601 896 5664 gestat
931 5612 945 5648 :
980 5609 1241 5648 venerare
1291 5608 1387 5647 ceu
1442 5593 1686 5663 reginam
1737 5591 1869 5645 illud
1913 5610 2014 5649 na-

433 5691 573 5736 tura:
618 5693 822 5741 nostra:
866 5688 1074 5750 decus;
1122 5684 1573 5739 aeelainationem
1619 5682 1750 5736 huic
1797 5687 2017 5751 generis

521 5866 565 5897 ³¹
598 5865 731 5920 Luc.
763 5868 916 5933 1,39,
944 5866 1032 5922 ιο.
1113 5871 1159 5903 ⁸³
1189 5870 1329 5925 ibid.
1382 5873 1469 5925 il.
1550 5873 1595 5904 “
1652 5872 1810 5927 Joan.
1844 5888 1881 5935 ι,
1921 5870 2012 5924 25.

2117 4682 2205 4748 γεί
2234 4679 2333 4743 τὰς
2357 4681 2534 4750 ψυχάς
2563 4698 2575 4711 ·
2600 4673 2757 4744 οὗτος
2793 4680 2891 4751 την
2922 4681 3217 4752 ἐπίρρυτον
3246 4681 3433 4734 οὐσίαν
3460 4681 3539 4742 είς
3567 4680 3703 4733 ὀστᾶ

2117 4775 2214 4826 καὶ
2240 4771 2407 4841 νεῦρα
2437 4772 2533 4825 καὶ
2554 4772 2764 4844 σάρκας
2788 4775 3177 4843 συμπήγνυσιν
3212 4788 3227 4804 ο
3258 4768 3417 4836 οὗτος
3464 4772 3564 4837 τὰς
3610 4774 3703 4841 ἀρ·

2122 4867 2312 4934 μονίας
2346 4865 2615 4937 διαρθροῖ,
2658 4867 2753 4920 καὶ
2794 4866 3073 4937 λελυμένῳ
3105 4867 3310 4930 ταύτας
3349 4867 3536 4937 δεσμῷ
3586 4884 3703 4920 συν-

2116 4958 2275 5023 δέων,
2329 4958 2422 5011 καὶ
2467 4957 2696 5020 ἀλύτους
2742 4959 2809 5028 τῇ
2860 4956 3038 5028 οἰκείᾳ
3095 4959 3378 5029 συντηρῶν
3421 4957 3650 5028 προνοίᾳ
3684 4973 3700 4989 ο

2121 5042 2275 5113 οὗτος
2308 5050 2388 5113 εἰς
2436 5048 2551 5118 φῶς
2580 5048 2680 5112 τὰς
2736 5048 2935 5113 ὠδῖνας
2966 5050 3178 5117 ἐξάγει,
3231 5052 3328 5103 καὶ
3384 5050 3461 5120 τῷ
3523 5049 3701 5119 νοητῷ

2122 5141 2216 5195 τοῦ
2249 5141 2407 5209 λόγου
2440 5143 2579 5209 φωτὶ
2603 5142 2702 5205 τὰς
2741 5140 2982 5213 ψυχικὰς
3020 5141 3277 5211 δυνάμεις
3323 5144 3704 5210 καταφαιδρύ-

2122 5250 2223 5286 νει.
2262 5231 2548 5297 ’Υπόδεξαι
2590 5233 2770 5286 τοίνυν
2818 5236 2917 5287 σὺν
2947 5232 3196 5304 εὐφημίᾳ
3228 5234 3328 5304 τὴν
3375 5234 3539 5287 αὑτοῦ
3563 5252 3702 5305 παρ-

2126 5323 2318 5376 ουσίαν
2351 5339 2366 5353 ·
2424 5323 2681 5387 ὑπόδεξαι
2748 5324 3081 5395 σωματικῶς
3148 5325 3240 5378 τὸν
3312 5324 3511 5388 θεῖκῶς
3573 5327 3706 5396 ϊελη⁸

2127 5413 2322 5482 ροῦντα
2352 5412 2421 5465 τὰ
2449 5412 2512 5465 σύ
2522 5431 2765 5483 μπαντα.

2194 5505 2301 5561 18'.
2358 5507 2492 5559 Εἰπὲ
2531 5507 2798 5577 πρότερον
2846 5507 2913 5560 τά
2953 5509 3052 5579 τῆς
3117 5507 3494 5578 κυοφορούσης
3543 5507 3705 5561 αὑτὸν

2124 5600 2378 5669 ἐγκώμια
2410 5617 2424 5630 ·
2463 5601 2843 5670 προσκύνησον
2875 5602 2950 5663 ὡς
2986 5601 3233 5671 βασιλίδα
3267 5602 3329 5656 τὸ
3363 5601 3463 5670 τῆς
3490 5599 3704 5670 φύσεως

2129 5690 2565 5758 ὲγκαλλώπισμα
2601 5706 2614 5721 ·
2654 5691 2847 5757 πλέξον
2898 5693 3128 5745 είσῦδιον
3189 5692 3285 5763 τὴν
3334 5691 3614 5762 εὐφημίαν
3636 5691 3703 5761 τῇ
