4104 6424
444 390 542 457 681
1254 396 1540 460 ORATIO
1590 400 1674 462 IN
1716 401 1818 462 SS.
1859 403 2214 467 DEIPARE
2253 364 2830 474 .VISITATIONEM.
3605 427 3712 491 682

441 506 535 560 τοῦ
562 504 751 573 γένους
774 503 995 575 εὐλογίᾳ
1027 518 1040 535 ⁸
1077 506 1318 578 ἅρμοσον
1346 510 1474 574 τοὺς
1506 512 1627 565 κατ’
1656 511 1812 580 ἀξίαν
1863 514 1987 568 ὲπαε

2084 532 2101 578 ι
2129 517 2358 574 humani
2394 522 2767 581 benedictioni
2796 529 2974 599 plecte
3004 528 3277 601 festivam,
3302 550 3407 606 qua
3435 539 3554 608 ejus
3585 558 3709 613 gra-

440 615 564 651 vou:
594 599 660 668 τῇ
708 597 889 667 πάσης
911 599 1079 669 τιμῆς
1112 598 1408 670 ὐπεραξίᾳ.
1450 601 1737 668 ’Υπόδεξαι
1771 604 1833 657 τὸ
1856 605 1987 701 ὓπερ

2130 612 2320 667 tuleris
2333 613 2629 673 adventum
2659 637 2673 687 ;
2708 634 2941 681 contexe
2963 640 3064 695 pro
3090 628 3301 684 meritis
3327 629 3405 684 illi
3430 636 3704 701 encomia,

438 688 689 759 οὐράνιον
729 688 824 741 τοῦ
859 690 1137 752 Βασιλέως
1161 690 1270 745 τῶν
1292 692 1540 760 ἀγγέλων
1594 695 1883 764 παλάτιον,
1917 698 1987 768 τὴ

2124 718 2247 773 qua:
2286 708 2541 776 quolibet
2583 723 2666 768 est
2698 715 2907 772 honoro
2955 688 3296 790 dignissima.
3335 724 3539 795 Excipe
3571 688 3706 782 illud

439 778 638 849 νοητὴν
690 780 786 833 καὶ
849 780 1223 851 ὑπερκόσμιον
1247 784 1525 851 παστάδα,
1548 785 1635 853 ἐφ’
1673 780 1823 861 ⁴ᾗπερ
1857 787 1987 886 αὐτὸ

2125 796 2280 851 caelis
2305 800 2624 867 praecelsius
2649 807 2914 875 palatium
2938 810 3102 883 Regis
3126 815 3469 886 angelorum,
3493 820 3705 877 intelli-

436 870 465 920 ό
509 867 855 940 Δημιουργὸς
912 869 1092 939 ἑαυτῷ
1152 871 1252 942 τὴν
1301 871 1403 942 τῆς
1461 875 1663 944 σαρκὸς
1729 876 1987 948 παχύτητι

2649 867 2662 875 .
3021 867 3050 883 υ
3200 867 3338 884 νὴ---
3361 867 3469 886 em,

2129 888 2355 958 gibilem
2383 907 2447 946 ac
2480 898 2691 951 mundo
2715 901 3124 968 praecelsiorem
3157 905 3481 974 thalamum,
3513 909 3567 964 in
3593 927 3706 980 quo

438 960 824 1031 μνηστεύεται,
864 963 924 1014 ὲν
1041 962 1104 1015 τὸ
1152 965 1249 1032 τῆς
1277 967 1595 1037 οἰκονομίας
1621 968 2022 1041 τελεσιουργεῖ-

432 1064 523 1101 ται
558 1052 884 1121 μυστήριον.
938 1052 1270 1123 Περίπτεξαι
1300 1054 1397 1126 τὴν
1452 1058 1725 1130 φωτεινὴν
1761 1061 2015 1132 νεφέλην,

430 1140 499 1212 ἢν
541 1142 570 1194 ό
606 1143 705 1212 τῆς
736 1144 1090 1213 δικαιοσύνης
1138 1147 1608 1218 περιϐεϐλημένος
1637 1150 1789 1221 ἥλιος
1822 1153 1885 1206 τὸ
1915 1155 2016 1224 τῆς

431 1230 635 1305 σαρκὸς
656 1232 936 1288 οὐσιούται
965 1235 1317 1305 περιϐόλαιον
1353 1255 1369 1271 ο
1402 1234 1550 1311 ὲξῆς
1580 1240 1682 1311 τὴν
1712 1240 1877 1309 φύσιν
1926 1244 2016 1297 ὲν-

428 1321 755 1394 δυσάμενος,
800 1326 929 1390 τοὺς
994 1331 1096 1397 τῆς
1173 1330 1314 1399 ἀρᾶς
1369 1330 1727 1401 ἀπαμφιάσει
1778 1335 2016 1406 χιτῶνας

428 1416 558 1479 τοὺς
599 1419 981 1489 προπάτορας.
1003 1419 1154 1493 Αὕτη
1206 1423 1376 1490 ἐστὶν,
1408 1417 1452 1477 ὧ
1509 1427 1706 1499 μῆτερ,
1743 1428 1812 1482 δι’
1849 1424 1919 1501 ἦς
1954 1431 2012 1485 al

424 1507 534 1562 τῶν
571 1509 780 1565 ὠδίνων
798 1511 1019 1567 λύονται
1046 1514 1216 1568 λύπαι
1250 1532 1264 1546 ·
1283 1515 1352 1569 δι’
1378 1511 1447 1589 ἧς
1474 1518 1542 1572 τὰ
1564 1519 1676 1574 τῶν
1727 1522 2012 1592 προγόνων

423 1603 788 1673 ἀφαιροῦνται
837 1606 1072 1678 δάκρυα.
1125 1606 1279 1679 Αὕτη
1333 1611 1485 1664 ἐστὶν
1532 1614 1565 1682 ὴ
1603 1613 1705 1683 τῆς
1751 1615 2006 1685 εὐλογίας

421 1693 673 1766 ἀπαρχὴ,
709 1697 741 1767 ἡ
773 1697 875 1766 τῆς
906 1699 1249 1772 εὐφροσύνης
1314 1702 1599 1774 πρόξενος.
1633 1706 2008 1777 Συνεισάγαγε

419 1781 521 1849 τὴν
548 1785 710 1855 χάριν
750 1788 818 1857 τῇ
872 1789 1132 1860 τοιαύτης
1171 1791 1366 1861 εἰσόδῳ
1395 1807 1409 1823 ⁸
1436 1794 1734 1866 ταμίευσαι
1780 1799 1879 1870 τὴν
1906 1817 2006 1870 χα-

2123 979 2243 1050 ipse
2272 980 2507 1039 Creator
2536 990 2963 1045 crassitudinem
3000 997 3186 1051 carnis
3208 1006 3408 1054 nostrrc
3452 1002 3556 1056 sibi
3605 1005 3705 1058 (l0-

2121 1086 2367 1142 sponsat,
2389 1075 2443 1130 in
2462 1093 2575 1147 quo
2594 1079 3024 1151 dispensationis
3053 1089 3370 1159 mysterium
3396 1094 3701 1162 perﬁcitur.

2119 1165 2470 1234 Amplectere
2538 1170 2777 1227 lucidam
2825 1175 3075 1244 nubem,
3142 1196 3249 1249 qua
3306 1183 3703 1240 circumiectus

2119 1254 2212 1311 Sol
2280 1259 2509 1329 justitiae
2580 1264 2844 1321 amictum
2893 1284 3173 1340 corporea:
3222 1276 3543 1333 substantiae
3593 1280 3697 1334 sibi

2116 1351 2520 1423 circumdedit;
2589 1374 2656 1412 ex
2705 1376 2814 1430 qua
2858 1373 3112 1420 naturam
3173 1380 3420 1425 nostram
3473 1371 3700 1429 indutus

2116 1442 2312 1510 primis
2340 1449 2666 1515 parentibus
2706 1453 2925 1509 tunicas
2964 1458 3372 1517 maledictionis
3418 1464 3693 1522 detrahet.

2116 1530 2243 1587 Haec
2273 1545 2380 1599 est,
2410 1551 2444 1591 ο
2476 1547 2672 1604 mater,
2710 1556 2809 1610 per
2837 1559 3003 1613 quam
3029 1550 3412 1608 dissolvuntur
3437 1565 3694 1625 partuum

2114 1639 2401 1692 mmrores,
2429 1644 2527 1699 per
2555 1648 2720 1701 quam
2744 1637 3161 1706 progenitorum
3198 1643 3451 1718 lacrymae
3481 1649 3695 1705 abster-

2110 1725 2336 1787 guntur.
2366 1719 2488 1790 Ipsa
2517 1734 2604 1779 est
2633 1727 2894 1797 primitiae
2932 1730 3362 1803 benedictionis,
3410 1739 3526 1810 ipsa
3555 1743 3696 1798 lteti.

2112 1810 2201 1865 tia:
2240 1813 2609 1871 conciliatrix.
2676 1819 2941 1879 introduc
2988 1826 3156 1883 simul
3211 1843 3337 1885 cum
3377 1831 3692 1892 introeunte

421 1874 522 1946 ράν
552 1880 616 1948 τῇ
647 1876 852 1949 ταύτης
879 1881 1116 1954 ὑποδοχῇ
1146 1899 1161 1915 ⁸
1194 1886 1371 1956 χαρᾶς
1397 1887 1528 1952 τοὺς
1571 1869 1987 1962 ὑποδεχομένους

421 1967 807 1999 λιι.-κηριέρ-...
853 1972 1086 1999 £.,.--..!-
1132 1975 1350 1999 'l‘-.!__._.
1404 1979 1607 1999 -IU-I_,.
1638 1997 1672 1999 Α
1814 1983 1828 1999 ι

2537 1869 2606 1871 ηη
2676 1869 2941 1879 -,----,ν--ν
2989 1869 3156 1883 νισι-υ.
3212 1869 3337 1885 νυιιι
3377 1869 3692 1892 ιιιιιυῠυιιιῠ

2111 1900 2226 1970 ipsa
2258 1905 2490 1973 gratiam
2530 1925 2544 1962 :
2577 1924 2782 1979 repone
2810 1914 2934 1980 tibi,
2973 1916 3117 1974 hanc
3148 1922 3527 1993 suscipiendo,
3558 1945 3693 1999 gau-

419 1967 812 2039 ἀνταμείϐεται
851 1972 1106 2044 δωρεαῖς.
1132 1975 1351 2048 Ταύτην
1399 1979 1609 2033 οίκείαν
1633 1983 2004 2053 ποιησάμενος

419 2060 599 2133 πύλην
618 2065 648 2115 ό
680 2064 982 2137 Δεσπότης,
1004 2067 1210 2123 εἴσοδον
1260 2069 1372 2123 τῶν
1403 2071 1652 2143 οὐρανῶν
1696 2075 2002 2148 προσθήσε-

415 2169 529 2219 ται,
556 2154 733 2225 θύραν
760 2158 819 2210 ὲν
856 2159 1176 2232 παραδείσῳ
1238 2164 1655 2236 καθυπερείσει.
1688 2167 1839 2240 Αὕτη
1891 2170 2001 2224 τῶν

415 2246 757 2316 χερουϐικῶν
811 2250 1117 2324 ὑπερετὲθη
1170 2253 1378 2324 θρόνων
1410 2272 1424 2287 °
1458 2256 1598 2329 αὕτη
1650 2260 1760 2313 τῶν
1792 2262 2000 2326 νοερῶν

416 2337 826 2409 ὐπερεδοξάσθη
884 2344 1203 2414 ταγμάτων.
1241 2345 1391 2418 Αὕτη
1424 2349 1844 2424 εὐρυχωροτέρα
1887 2354 1999 2408 τῶν

412 2428 658 2499 οὐρανῶν
680 2433 1021 2502 ἐχρημάτισε
1043 2437 1216 2509 σκηνή
1242 2455 1253 2467 ·
1275 2437 1415 2511 αὕτη
1438 2440 1828 2515 λαμπροτέρας
1843 2447 1995 2514 ἡλίου

410 2521 512 2585 τὰς
538 2523 766 2588 ἀκτῖνας
793 2527 1073 2598 ἐκπέμπει
1106 2544 1121 2559 ’
1154 2529 1298 2601 αὐτη
1339 2533 1701 2605 φαιδροτέρας
1720 2536 1820 2599 τὰς
1850 2555 1994 2609 μαρ-

415 2613 672 2682 μαρυγὰς
701 2616 1044 2673 ἀποστίλϐει.
1075 2617 1228 2691 Αὕτη
1242 2621 1306 2674 τὸ
1332 2623 1569 2689 ἀκαλλὲς
1588 2627 1994 2695 ὲγκαλλωπίζει

410 2700 510 2769 τῆς
534 2702 881 2770 φύσεως,καὶ
918 2707 1019 2777 τὴν
1047 2709 1112 2761 ὲκ
1144 2704 1521 2781 παραϐάσεως
1547 2718 1994 2791 προσγενομένην

410 2789 631 2859 ἀδοξίαν
652 2793 730 2863 τῷ
771 2797 960 2868 οἰκείῳ
997 2797 1211 2865 δοξάζει
1246 2801 1417 2875 τόκῳ.

480 2969 566 3028 ις’.
602 2973 790 3030 Ταῦτα
843 2976 1030 3048 σχεδὸν
1074 2981 1187 3045 τοῖς
1209 2985 1551 3058 σκιρτήμασι
1590 2987 1688 3041 τοῦ
1734 2989 1986 3046 Ἰωάννου

410 3060 669 3131 βοῶντος,
715 3069 811 3122 καὶ
844 3071 876 3141 ἡ
923 3068 1213 3127 Ἐλισάϐετ
1255 3075 1360 3128 ὐπὸ
1398 3073 1500 3146 τῆς
1529 3077 1703 3150 αὐτῆς
1750 3081 1988 3152 ἐμπνευ-

411 3153 602 3207 σθείσα
635 3155 891 3228 χάριτος,
924 3161 1176 3236 ὲνάρθρῳ
1203 3170 1354 3239 φωνῄ
1388 3168 1488 3240 τὴν
1523 3169 1800 3243 άναρθρον
1823 3176 1987 3246 εὐχα·

407 3246 624 3315 ριστίαν
668 3249 1050 3321 ὲδημοσίευσε,
1100 3256 1197 3310 καὶ
1242 3260 1300 3311 τὸ
1341 3263 1529 3331 σχῆμα
1576 3264 1672 3317 τοῦ
1712 3269 1874 3320 τόκου
1906 3266 1985 3338 τῷ

403 3521 591 3591 σόησε
617 3525 791 3596 φωνῇ
813 3531 1071 3599 μεγάλῃ,
1107 3533 1207 3587 καὶ
1226 3532 1431 3591 εἶπεν·
1463 3542 1859 3613 Εὐλογημένη
1896 3547 1980 3599 σὺ

399 3614 471 3666 ἐν
498 3617 759 3684 γυναιξὶ,
804 3622 904 3674 καὶ
941 3625 1351 3695 εὐλογημένος
1377 3632 1412 3683 ὁ
1440 3633 1671 3699 καρπὸς
1716 3634 1829 3704 τῆς
1855 3653 1981 3691 κοι-

398 3707 538 3771 λίας
575 3723 715 3764 σου.
742 3713 853 3767 Καὶ
880 3715 1066 3769 πόθεν
1091 3734 1195 3786 μοι
1227 3719 1425 3788 τοῦτο,
1463 3722 1566 3777 ἵνα
1598 3726 1748 3797 ἔλθῃ
1778 3729 1815 3796 ἡ
1847 3728 1977 3796 Μή-

397 3813 507 3866 τηρ
533 3800 642 3854 τοῦ
683 3805 902 3872 Κυρίου
934 3824 1056 3876 μου
1095 3812 1246 3879 πρός
1282 3829 1393 3882 με;
1437 3814 1660 3881 Ἀναξία
1698 3818 1800 3888 μὲν
1843 3820 1976 3890 γὰρ,

398 3891 590 3961 φησὶν,
616 3893 731 3963 ἐγὼ
752 3897 850 3962 τῆς
873 3900 1130 3972 τοιαύτης
1167 3903 1435 3977 ὑποδοχῆς
1462 3909 1809 3981 καθέστηκα⁶
1844 3912 1978 3984 παρ’

395 3983 589 4038 ἐλπίδα
624 3987 686 4041 τὸ
712 3989 982 4059 πρᾶγμα’
1021 3995 1054 4063 ή
1089 3995 1350 4052 δέσποινα
1383 3999 1521 4070 πρὸς
1561 4001 1665 4072 τὴν
1700 4002 1916 4076 δούλην,
1930 3983 1974 4077 δή

395 4075 563 4145 κυρία
594 4079 732 4148 πρὸς
772 4083 872 4152 τὴν
916 4084 1149 4150 οἰκέτιν,
1196 4090 1231 4158 ὴ
1286 4091 1472 4161 πάσης
1512 4093 1683 4164 τιμῆς
1719 4075 1975 4165 ἀνωτέρα

392 4168 494 4235 τὴν
539 4167 820 4226 διακονίαν
866 4174 1137 4247 ἐκπληροῖ
1166 4179 1276 4235 τῶν
1316 4187 1720 4258 ταπεινοτέρων
1747 4206 1761 4220 ·
1803 4192 1837 4262 ἠ
1867 4191 1975 4246 ὐπὸ

391 4260 643 4327 ἀγγέλων
701 4262 1150 4339 δορυφορουμένη
1194 4271 1296 4344 τὴν
1364 4274 1475 4329 τῶν
1527 4260 1974 4352 δορυφορούντων

392 4351 583 4423 ἐπέχει
605 4355 763 4421 τάξιν
781 4372 795 4387 ·
822 4360 855 4430 ἡ
884 4361 976 4415 τὸν
997 4363 1094 4416 τοῦ
1118 4365 1319 4432 παντὸς
1335 4370 1617 4444 Δεσπότην
1638 4376 1968 4447 κατέχουσα,

389 4441 450 4494 ἐν
496 4447 709 4502 εὐτελεῖ
749 4451 1069 4526 ἐπεδήμησε
1121 4463 1476 4535 καταγωγίῳ.
1529 4441 1735 4523 Καινὸν
1775 4441 1837 4525 δὲ
1872 4441 1969 4526 καί

390 4538 700 4607 παράδοξον
734 4545 866 4615 περὶ
899 4547 960 4599 σὲ
1009 4548 1110 4621 τὴν
1164 4553 1260 4606 τοῦ
1301 4556 1511 4626 Κυρίου
1548 4561 1763 4630 μητέρα
1793 4579 1968 4618 κατα-

392 4626 517 4681 νοῶ.
561 4630 686 4695 Πῶς
723 4634 755 4702 η
806 4637 864 4688 ἐν
906 4636 1132 4704 ἀσύλοις
1161 4643 1259 4713 τῆς
1297 4626 1829 4720 ἡσυχίας-ταμείοις
1858 4656 1967 4708 ινι-

386 4714 654 4792 ζρυμένη,
690 4722 793 4795 τὴν
822 4728 1082 4801 τοιαύτην
1111 4714 1439 4805 ὁδοιπορίαν⁷
1463 4714 1720 4811 ἐστείλῶς
1767 4714 1833 4798 Ἱί
1862 4762 1964 4799 κα-

389 4809 565 4879 θάπερ
604 4821 851 4889 νυμφικῇ
889 4822 1145 4890 παστάδι,
1188 4828 1311 4890 ταῖς
1343 4828 1453 4884 τῶν
1494 4809 1713 4903 ἀρετῶν
1742 4837 1964 4908 περιϐο-
2008 4866 2015 4871 ι

388 4898 509 4963 λαῖς
538 4903 964 4979 ὲνδιαιτωμένη,
1008 4913 1042 4982 ἡ
1086 4914 1257 4986 μόνην
1307 4918 1406 4988 τὴν
1440 4898 1620 4975 αὐτῶν
1669 4898 1962 4983 διανύουσα

383 4990 592 5060 τρίϐον,
625 4996 658 5064 ἠ
701 4997 836 5069 μηδὲ
880 5004 992 5065 τοῖς
1029 5008 1308 5072 γειτνιῶσι
1352 5011 1778 5080 παραϐάλλουσα
1820 5034 1962 5085 γνω-

388 5083 591 5152 ρίμοις,
625 5088 742 5151 πῶς
770 5093 829 5143 ἐν
852 5095 963 5157 τοῖς
1003 5094 1255 5151 πλεῖστον
1291 5101 1636 5174 διεστηκόσιν
1673 5083 1966 5182 ἐπεφοίτη-

385 5190 484 5236 σας
514 5178 683 5245 ἡμίνς

459 5349 633 5403 Τοῦτο
661 5354 770 5429 γὰρ
797 5357 863 5429 δὴ
900 5363 1105 5430 μᾶλλον
1135 5367 1235 5439 τὴν
1279 5370 1557 5428 Ἐλισάϐετ
1589 5381 1955 5454 κατέπληττε,

380 5440 445 5495 τὸ
472 5443 575 5511 τῆς
606 5453 951 5520 μακροτέρας
990 5456 1303 5529 ὁδοιπορίας
1348 5467 1494 5535 φημὶ
1541 5467 1730 5543 θαῦμα
1750 5490 1764 5506 ·
1798 5440 1891 5530 θέαι

340 5591 352 5609 ι,
448 5567 496 5596 ⁸⁸
532 5566 666 5620 Luc.
701 5582 738 5630 ι,
796 5571 988 5629 “~42.

452 5677 563 5747 (88)
605 5679 962 5769 lljicrquoque
1010 5697 1300 5743 contextus
1325 5692 1665 5769 _nullatenus
1713 5701 1943 5769 patitur,

380 5760 435 5829 ut
464 5765 585 5832 eam
628 5751 1061 5838 deformitatem,
1116 5775 1278 5828 quam
1325 5761 1488 5832 Virgo

379 5820 479 5889 ipsi
524 5821 709 5877 inesse
756 5825 1028 5894 quispiam
1049 5820 1219 5897 ’pu'tet
1252 5850 1265 5884 :
1307 5820 1623 5902 quagvporrtj

658 5920 933 5985 PATROL.
967 5927 1077 5985 Gn.
1110 5926 1412 5994 CXXVII.

2106 1993 2301 2061 dium;
2341 1998 2526 2067 gaudii
2554 2001 2702 2056 enim
2745 2004 2908 2062 donis
2949 2007 3065 2079 ipsa
3113 2016 3481 2086 suscipientes
3513 2035 3571 2075 se
3600 2039 3689 2078 re-

2105 2099 2385 2146 munerat.
2424 2092 2578 2149 Hanc
2620 2097 2888 2155 Dominus
2921 2117 3047 2158 cum
3096 2117 3309 2175 portam
3350 2126 3505 2167 suam
3551 2115 3685 2171 effe-

2102 2176 2263 2240 cerit,
2315 2180 2567 2236 eamdem
2616 2186 2690 2240 ad
2739 2189 2908 2245 caelos
2949 2192 3158 2249 aditum
3208 2210 3470 2269 apponet,
3508 2203 3682 2274 ipsam

2100 2270 2167 2323 ad
2197 2271 2514 2340 paradisum
2551 2276 2777 2347 januam
2822 2284 3145 2341 constituet.
3197 2286 3324 2345 Haec
3363 2270 3683 2352 cheru‘bicis

2102 2360 2317 2418 thronis
2349 2374 2433 2420 est
2460 2371 2809 2439 superposita
2840 2388 2855 2426 :
2883 2374 3000 2431 haec
3033 2393 3143 2446 pne
3175 2376 3484 2439 cmlestium
3518 2387 3684 2457 spiri-

2102 2459 2257 2508 tuum
2293 2457 2586 2515 ordinibus
2613 2461 2918 2533 gloriﬁcata
2951 2479 3056 2524 est.
3099 2471 3226 2529 Haec
3262 2478 3682 2536 tabernaculum

2099 2546 2234 2615 ipsis
2260 2552 2416 2606 malis
2447 2553 2615 2609 latius
2644 2566 2729 2611 est
2758 2556 2953 2615 ell'ecta
2986 2580 3000 2618 :
3030 2564 3147 2621 hac
3195 2569 3382 2626 radios
3423 2573 3540 2628 sole
3586 2575 3681 2629 lu-

2096 2638 2333 2697 cidiores
2354 2645 2560 2702 emittit
2596 2667 2609 2703 :
2646 2650 2763 2709 haec
2808 2653 3232 2716 micantioribus
3263 2662 3573 2735 fulgoribus
3595 2688 3685 2728 co-

2096 2741 2300 2787 ruscat.
2327 2732 2455 2791 Ha-c
2483 2739 2648 2795 vestit
2673 2741 2874 2801 decore
2898 2758 3112 2804 naturae
3124 2762 3329 2810 nostra:
3346 2732 3672 2819 deformita-

2095 2831 2204 2877 tem
2235 2824 2369 2893 (88),
2397 2836 2453 2883 et
2489 2829 2849 2902 ignominiam
2887 2855 2956 2893 ex
2999 2845 3175 2898 veteri
3221 2852 3677 2916 praevaricatione

2094 2913 2331 2971 inustam
2366 2934 2466 2989 per
2498 2932 2714 2992 partum
2752 2944 2913 2984 suum
2937 2932 3109 3003 gloria
3136 2949 3461 2995 commutat.

2165 3007 2286 3064 XX.
2347 3010 2471 3068 Haec
2524 3016 2759 3076 saltibus
2816 3023 2932 3078 suis
2992 3024 3206 3083 Joanne
3261 3033 3675 3100 quodammodo

2091 3100 2390 3172 clamante,
2414 3106 2582 3161 etiam
2624 3111 2904 3169 Elisabeth
2949 3118 3197 3189 ejusdem
3244 3126 3433 3194 gratia:
3473 3131 3671 3199 spiritu

2014 3218 2057 3278 ρ
2090 3188 2293 3258 amata,
2347 3194 2759 3256 inarticulatam
2816 3203 3087 3280 (infantis)
3150 3188 3575 3281 gratulationem
3612 3233 3671 3278 et

2088 3285 2390 3353 gratiarum
2455 3292 2729 3350 actionem
2779 3299 3069 3357 articulata
3118 3320 3251 3361 voce
3301 3308 3664 3383 deprompsit.

1967 3400 1983 3428 ο
2087 3382 2142 3429 et
2178 3376 2344 3434 foetus
2396 3381 2480 3436 sui
2527 3383 2786 3442 aﬂ‘ectum
2837 3393 3024 3447 sonitu
3068 3397 3220 3452 vocis
3272 3401 3665 3462 manifestavit.

2084 3467 2306 3539 Repteta
2331 3484 2406 3527 est
2432 3476 2597 3545 enim,
2626 3481 2807 3551 inquit
2829 3485 2897 3549 ",
2922 3486 3126 3558 Spiritu
3144 3502 3328 3549 sancto
3353 3496 3667 3568 Etisabetli;

2084 3570 2135 3616 et
2172 3566 2492 3623 exclamavit
2542 3588 2663 3627 uoce
2712 3592 2931 3649 magna,
2996 3590 3045 3636 et
3083 3585 3216 3639 dixit
3242 3603 3262 3642 :
3298 3588 3581 3650 Benedicta
3608 3566 3666 3650 tit

2082 3655 2225 3710 inter
2261 3660 2529 3727 mulieres,
2562 3674 2611 3718 et
2652 3668 2951 3727 benedictus
2976 3675 3179 3744 fructus
3214 3685 3411 3738 ventris
3455 3687 3550 3740 tui.
3591 3688 3667 3743 Et

2083 3747 2227 3801 unde
2250 3750 2346 3804 hoc
2367 3752 2496 3808 mihi
2512 3795 2527 3818 ,
2567 3765 2627 3810 ut
2651 3762 2826 3814 veniat
2858 3766 3034 3818 Mater
3056 3766 3273 3825 Domini
3305 3777 3408 3829 mei
3434 3780 3503 3831 ad
3530 3796 3611 3833 me
3637 3781 3665 3835 7

2082 3839 2197 3912 Ego
2233 3843 2406 3909 enim,
2449 3845 2546 3911 ait,
2584 3848 2904 3919 huiusmodi
2956 3863 3010 3911 te
3048 3861 3390 3931 suscipiendi
3447 3868 3658 3928 honore

2081 3930 2242 4000 plane
2283 3947 2406 3988 sum
2457 3936 2720 4008 indigna;
2768 3956 2920 4011 spem
2971 3960 3192 4002 omnem
3241 3966 3331 4007 res
3379 3960 3654 4020 excedit:

2083 4022 2275 4092 regina
2302 4025 2370 4080 ad
2397 4042 2613 4084 servam
2646 4031 2888 4100 domina,
2930 4037 2999 4091 ad
3032 4042 3287 4097 ancillam
3314 4051 3465 4103 venit
3490 4067 3505 4117 ;
3533 4068 3658 4123 quae

2078 4111 2288 4168 honore
2322 4116 2572 4185 quolibet
2597 4121 2802 4176 celsior
2835 4126 3067 4193 exstitit,
3099 4145 3317 4198 eorum,
3358 4137 3453 4205 qui
3491 4111 3657 4212 ἐὐίο-

2077 4205 2286 4263 ctiores
2319 4218 2449 4264 sunt
2484 4209 2631 4267 inter
2654 4212 2927 4281 homines,
2951 4221 3321 4282 ministerium
3350 4205 3652 4303 impendit;

2075 4311 2199 4365 qua:
2236 4300 2560 4370 angelorum
2608 4306 2874 4363 satellitio
2919 4311 3247 4384 honoratur,
3278 4319 3346 4376 ad
3379 4300 3651 4382 famulans

2077 4385 2212 4440 tium
2243 4389 2621 4447 conditionem
2645 4410 2705 4450 se
2736 4397 3019 4469 demittit;
3050 4418 3173 4473 quae
3195 4422 3380 4465 rerum
3401 4415 3648 4470 omnium

2072 4473 2367 4533 Dominum
2403 4479 2460 4535 in
2493 4497 2552 4538 se
2591 4484 2862 4555 continet,
2893 4490 2962 4544 ad
2991 4499 3386 4563 pauperculam
3407 4502 3657 4559 diverso-

2002 4569 2045 4625 D
2075 4569 2220 4624 rium
2270 4586 2330 4627 se
2378 4574 2610 4645 recepit.
2657 4577 2872 4635 Novum
2922 4600 3052 4640 vero
3099 4602 3164 4642 ac
3214 4590 3412 4647 mirum
3456 4595 3525 4649 de
3571 4605 3647 4660 te,

2073 4658 2295 4717 Domini
2346 4664 2518 4720 Matre
2577 4670 2891 4726 considero.
2942 4674 3231 4740 Quomodo
3278 4689 3372 4749 tu,
3416 4687 3539 4753 quae
3590 4658 3650 4742 in

2072 4751 2247 4808 sacris
2282 4753 2390 4810 illis
2422 4757 2626 4813 silentii
2658 4762 3041 4829 penetralibus
3075 4768 3364 4825 considere
3409 4787 3646 4830 consue~

2072 4843 2290 4910 scebas,
2327 4848 2601 4919 ejusmodi
2631 4859 2684 4906 te
2734 4852 2915 4908 itineri
2951 4858 3314 4914 commisisti?
3357 4860 3645 4928 Quomodo

2070 4950 2195 5005 quae
2255 4939 2310 4992 in
2365 4941 2633 4998 virtutum
2688 4953 2905 5001 tuarum
2971 4950 3298 5018 recessibus,
3358 4956 3527 5011 veluti
3590 4959 3646 5015 in

2069 5028 2304 5096 nuptiali
2365 5031 2627 5099 thalamo,
2686 5050 2867 5090 moras
2916 5051 3079 5109 agere
3133 5050 3290 5108 tuas,
3359 5047 3643 5119 solamque

2064 5118 2263 5175 harum
2310 5124 2561 5179 semitam
2612 5126 2968 5187 deambulare
3016 5132 3252 5198 solebas,
3301 5152 3424 5206 quae
3475 5118 3638 5197 neal

2063 5208 2279 5266 vicinos
2309 5215 2531 5283 quidem
2563 5217 2864 5275 familiares
2887 5222 3086 5291 pedem
3123 5226 3479 5295 admovebas.
3505 5249 3643 5304 quo-

2064 5303 2248 5370 modo,
2272 5307 2520 5375 inquam,
2540 5309 2608 5364 ad
2627 5326 2728 5366 nos
2743 5319 2852 5366 tam
2869 5316 3064 5385 procul
3081 5316 3214 5373 dissi
3224 5329 3309 5375 tos
3322 5303 3594 5382 advenisti
3618 5328 3643 5381 ?

2136 5394 2205 5450 Et
2230 5410 2362 5451 sane
2393 5396 2449 5452 id
2485 5400 2747 5470 majorem
2781 5405 2839 5457 in
2889 5406 3115 5462 modum
3162 5410 3534 5471 Elisabetbam
3578 5419 3633 5472 in

2063 5485 2488 5545 admirationem
2522 5492 2793 5563 rapiebat,
2845 5496 3117 5570 longioris
3160 5504 3370 5560 scilicet
3418 5509 3638 5565 itineris

2056 5710 2218 5793 initas
2262 5715 2617 5803 intelligenda
2644 5721 2750 5806 sit,
2807 5740 2929 5794 quae
2974 5743 3106 5806 mox
3145 5741 3454 5806 sequuntur
3499 5751 3633 5806 ape-

2059 5784 2231 5853 riunt,
2258 5784 2548 5857 ignominia
2579 5784 2793 5850 scilicet
2824 5784 3010 5852 ueteris
3037 5784 3511 5870 prwvui'icationis.

3240 5958 3318 6021 22
