4104 6452
390 466 494 533 63]

1689 454 2341 525 ΙΑΟΟΒΓΜΟΝΑΩΗΙ

3566 457 3672 525 6‘54

397 585 562 654 hujus
596 586 937 652 portentum,
979 576 1258 648 simulque
1296 575 1547 633 absentia
1590 577 1837 649 cujusvis
1871 575 1973 630 ιλιι⁴

2085 575 2197 629 τῶν
2235 574 2510 646 αίσθητῶς
2555 574 2941 647 συνεπομένων
2984 576 3060 648 μὴ
3107 576 3387 648 προσοῦσα
3441 577 3673 649 δορυφο-

397 676 543 730 mani
593 675 909 735 comitatus,
955 670 1051 741 qui
1084 684 1204 726 eam
1242 668 1534 726 ministerii
1561 683 1696 740 ergo
1716 682 1980 739 sequere-

393 778 501 827 tur.
553 767 621 822 Et
665 764 866 821 exinde
913 766 1066 821 velut
1102 764 1338 821 attonita
1365 763 1639 835 stupenda
1689 764 1809 820 hate
1839 778 1971 835 pro-

388 865 534 916 lert:

463 953 607 1007 XXI.
642 952 775 1008 Ecce
802 954 963 1017 enim,
997 952 1180 1023 inquit
1211 952 1279 1018 “,
1314 958 1373 1006 ut
1404 951 1547 1021 facta
1577 961 1653 1007 est
1687 967 1789 1006 vos:
1822 949 1977 1005 salu-

392 1049 608 1104 tationis
648 1055 754 1103 tum
790 1049 846 1102 in
888 1046 1107 1101 auribus
1156 1046 1307 1111 meis,
1354 1043 1638 1100 exsultavit
1679 1047 1732 1099 in
1784 1044 1978 1115 gaudio

2085 666 2197 736 ρία.
2236 667 2402 721 Ὅθεν
2432 667 2767 738 ὲξισταμένη
2790 668 2910 722 τότε
2944 669 3251 738 παράδοξον
3284 670 3670 740 καταγγέλλει.

2152 955 2287 1009 KA’.
2348 953 2505 1008 Ἰδοὺ
2542 951 2674 1023 γὰρ,
2700 953 2890 1024 φησὶν,
2930 953 3013 1019 ὠς
3040 953 3279 1023 ἐγένετο
3309 956 3348 1022 ὴ
3369 954 3540 1023 φωνὴ
3566 955 3674 1009 τοῦ

2081 1046 2416 1115 ἀσπασμοῦ
2464 1062 2583 1099 σου
2635 1046 2725 1110 είς
2788 1046 2864 1098 τὰ
2894 1040 3017 1100 ὦτά
3057 1062 3200 1115 μου,
3244 1046 3574 1113 ἐσκίρτησε
3607 1045 3674 1099 τό

395 1141 576 1211 infans
606 1143 658 1195 in
686 1149 834 1193 utero
865 1154 999 1193 meo.
1032 1136 1171 1205 Quid
1204 1137 1365 1202 dicis,
1400 1151 1434 1192 0
1463 1135 1793 1192 Elisabeth?
1823 1135 1973 1190 Unde

2078 1137 2308 1207 βρέφος
2354 1136 2427 1191 ἐν
2459 1135 2823 1205 ἀγαλλιάσει
2867 1136 2939 1188 ἐι·
2975 1133 3046 1203 τῇ
3076 1136 3275 1202 κοιλίᾳ
3312 1154 3452 1205 μου.
3491 1136 3556 1190 Τί
3589 1137 3674 1189 λέ·

390 1232 560 1296 nosti,
595 1232 771 1287 saltus
806 1230 933 1284 illos
969 1245 1000 1283 a
1031 1227 1234 1299 gaudio
1275 1227 1558 1299 profectos
1591 1229 1761 1284 esse?
1811 1226 1974 1294 Qua:-

391 1340 518 1378 nam
565 1323 751 1394 gaudii
798 1321 1001 1376 indicia
1052 1322 1107 1376 in
1167 1322 1278 1377 illis
1334 1322 1582 1377 motibus
1640 1322 1980 1378 advertisti?

388 1419 521 1486 Quae
546 1415 763 1487 loquela
786 1414 934 1470 hunc
955 1413 1122 1471 fmtus
1147 1412 1396 1471 nondum
1419 1415 1702 1486 loquentis
1715 1415 1977 1472 aliectum

387 1509 554 1562 animi
589 1506 880 1577 prodidit?
912 1504 1150 1572 Quinam
1179 1515 1394 1577 gestus,
1444 1505 1634 1562 cordis
1658 1515 1845 1562 motus
1874 1506 1977 1562 de-

386 1598 688 1669 signautcs,
747 1597 1062 1668 huiusmodi
1122 1597 1370 1652 laetitiam
1438 1597 1978 1654 manifestaverunt?

384 1691 544 1756 Nam,
601 1699 745 1750 esto.
796 1688 1110 1744 saltationis
1155 1703 1356 1743 sensus
1389 1689 1558 1743 etiam
1598 1689 1807 1744 nolenti
1852 1704 1978 1745 cer-

387 1792 477 1837 tus
503 1780 602 1835 tibi
633 1778 845 1845 fuerit;
882 1788 935 1833 at
981 1779 1130 1849 quod
1170 1779 1393 1835 saltatio
1430 1779 1534 1834 ista
1585 1794 1747 1835 suum
1783 1780 1854 1835 ab
1875 1795 1974 1836 ex-

385 1870 688 1925 sultatione
738 1877 920 1924 ortum
982 1870 1170 1935 ducat,
1233 1870 1572 1941 quibusnam
1635 1872 1977 1943 conjecturis

384 1962 694 2033 cognovisti
719 1961 742 2016 ί

455 2054 598 2121 Quid
637 2054 822 2125 itaque
845 2069 967 2120 nos,
1022 2052 1117 2124 qui
1159 2051 1227 2109 de
1265 2053 1382 2124 ipsa
1438 2053 1768 2125 (Elisabeth)
1811 2054 1977 2112 verba

383 2146 640 2212 facimus,
684 2145 867 2217 quoad
931 2145 1048 2201 hmc
1093 2144 1376 2200 dicimus?
1428 2144 1704 2199 Nimirum
1754 2145 1977 2200 interim

385 2240 518 2292 dum
547 2238 770 2294 saltatio
803 2248 1193 2308 perageretur.
1217 2245 1449 2291 matrem
1483 2237 1749 2307 repletam
1775 2238 1979 2309 gaudio

384 2330 575 2392 luisse,
602 2337 658 2382 et
676 2334 1049 2383 consentanee
1071 2342 1169 2396 per
1198 2326 1251 2380 id
1283 2326 1559 2382 motiones
1586 2327 1784 2383 anima:
1808 2327 1977 2385 fuisse

387 2422 671 2485 detectas;
706 2435 774 2475 ex
822 2419 911 2473 his
947 2418 1113 2488 igitur
1160 2419 1328 2473 etiam
1386 2418 1441 2473 in
1491 2418 1626 2475 fmtu
1679 2421 1976 2478 excitatam

385 2512 635 2567 la‘titiam
673 2509 1039 2581 intelligebat.
1076 2509 1247 2581 Magis
1275 2524 1408 2564 vero
1438 2517 1495 2564 et
1521 2524 1590 2565 ex
1626 2511 1736 2566 alio
1766 2512 1974 2569 indicio

386 2604 634 2658 laetitiam
666 2603 815 2658 illam
849 2601 1020 2672 probe
1069 2600 1566 2655 animadvertebat.
1615 2601 1690 2656 Ex
1732 2618 1974 2674 quonam

387 2696 587 2768 signo?
621 2697 699 2749 Ex
731 2711 800 2751 eo
831 2710 1051 2765 nempe,
1081 2692 1228 2764 quod
1258 2693 1311 2746 hi
1343 2692 1516 2748 saltus
1542 2693 1662 2750 sine
1689 2695 1801 2751 ullo
1827 2696 1977 2767 ejus-

387 2792 512 2846 dem
558 2789 751 2844 dolore
796 2787 1127 2843 acciderint.
1178 2784 1297 2841 Non
1345 2786 1493 2840 enim
1539 2787 1971 2843 existimandum

385 2893 492 2949 est,
527 2882 681 2937 nullo
738 2879 927 2936 vexari
976 2878 1167 2934 dolore
1221 2888 1445 2942 matres.
1492 2894 1619 2935 cum
1664 2880 1831 2937 ﬂetus
1866 2880 1974 2937 hoc

386 2975 551 3032 modo
584 2976 715 3030 hinc
756 2972 881 3028 inde
911 2971 1189 3042 agitatur;
1230 2984 1357 3024 nam
1387 2970 1745 3028 vehementes
1773 2973 1968 3043 utique

383 3084 643 3127 :erumnw
676 3067 797 3121 illas
835 3063 1168 3135 corripiunt,
1198 3070 1254 3117 et
1283 3062 1502 3132 sagittis
1533 3062 1667 3133 ipsis
1690 3065 1972 3122 acutiores

390 3161 643 3218 sauciant
670 3157 893 3215 easdem
922 3157 1184 3219 dolores;
1230 3165 1285 3211 et
1319 3154 1517 3209 horum
1570 3171 1703 3211 sane
1759 3167 1976 3213 certum

388 3259 777 3324 argumentum
814 3256 944 3303 sunt
977 3246 1271 3313 molestiae,
1303 3261 1427 3315 quae
1456 3246 1578 3300 illas
1606 3245 1659 3300 in
1699 3258 1859 3318 partu
1888 3250 1973 3303 in-

386 3345 619 3410 vadunt,
653 3357 776 3413 qua:
805 3338 1005 3410 quovis
1037 3337 1147 3392 alio
1185 3337 1378 3393 dolore
1409 3352 1473 3393 ac
1501 3338 1750 3394 molestia
1780 3340 1970 3411 utique

384 3437 672 3509 graviores
748 3441 897 3488 sunt.
980 3427 1437 3499 Quandoquidem
1493 3445 1625 3501 ergo
1683 3430 1967 3488 Elisabcth

384 3532 664 3601 ingentem
717 3526 867 3581 illam
899 3521 1251 3578 saltationem
1293 3532 1665 3590 persenserat,
1716 3538 1836 3576 eam
1890 3533 1969 3577 ta-

384 3637 513 3676 men
546 3619 668 3674 sine
699 3618 810 3673 ulla
839 3615 924 3673 sui
954 3613 1205 3670 molestia
1238 3613 1490 3668 evenisse
1533 3614 1965 3681 considerabat;

2078 1247 2222 1300 γεις,
2254 1224 2300 1283 ὦ
2340 1227 2657 1295 Ἐλισάϐετ;
2696 1227 2871 1281 Πόθεν
2901 1228 3146 1296 συνῆκας
3176 1228 3238 1280 τὸ
3264 1230 3324 1279 ὲν
3348 1227 3675 1294 ἀγαλλιάσει

2081 1324 2399 1393 σκίρτημας
2430 1320 2567 1373 Τίνα
2596 1320 2770 1390 χαρᾶς
2791 1320 3073 1389 τεκμήρια
3095 1321 3209 1382 τοῖς
3234 1320 3506 1391 κινήμασι
3537 1336 3674 1371 κατ-

2079 1414 2350 1483 ενόησας;
2396 1414 2482 1475 τίς
2530 1412 2693 1465 λαλιά
2725 1409 2819 1464 τοῦ
2873 1417 3044 1480 μήπω
3077 1411 3385 1480 φωνοῦντος
3426 1411 3673 1482 ἐμϐρύου

2077 1505 2179 1577 τὴν
2226 1506 2485 1573 τοιαύτην
2542 1504 2824 1575 ἑτράνωσε
2867 1504 3149 1572 διάθεσινς
3217 1506 3350 1557 ποῖα
3411 1506 3672 1574 σχήματα

2076 1601 2193 1663 τοῖς
2219 1598 2378 1671 ἤθεσι
2423 1598 2747 1667 τυπούμενα
2773 1596 2983 1665 ταύτην
3026 1596 3127 1668 τὴν
3170 1597 3520 1667 εὐφροσύνην
3553 1598 3674 1666 ἐδή-

2078 1691 2297 1756 λωσαν;
2344 1689 2407 1743 Ἦ
2441 1690 2543 1758 μὲν
2573 1684 2668 1742 οῦν
2706 1687 2801 1742 τοῦ
2848 1689 3225 1761 σκιρτήματος
3271 1689 3524 1760 αἴσθησις
3565 1706 3673 1758 φι-

2077 1784 2212 1855 νερά
2265 1800 2347 1836 σοι
2405 1782 2705 1837 καθίστατο
2749 1781 2848 1835 καὶ
2906 1782 2982 1853 μὴ
3043 1781 3382 1851 βουλομένῃ·
3426 1782 3487 1834 τὸ
3516 1782 3572 1834 δὲ
3612 1785 3672 1833 ἐν

2078 1872 2404 1940 ἀγαλλιάσει
2434 1870 2641 1941 ταύτην
2686 1869 3045 1941 γεγενῆσθαι,
3092 1871 3258 1925 πόθεν
3290 1871 3670 1942 στοχαζομένη

2009 1946 2051 2001 Β
2081 1965 2311 2032 διέγνως
2336 1981 2351 2030 ;

2151 2057 2218 2110 Τί
2251 2056 2344 2111 οῦν
2374 2057 2556 2126 ἡμεῖς,
2586 2055 2679 2109 τὸν
2710 2054 2916 2125 ταύτης
2945 2052 3262 2125 ποιούμενοι
3300 2053 3479 2123 λόγον,
3511 2056 3673 2125 spoi-

2046 2160 2049 2163 '
2083 2168 2185 2220 μεν
2210 2150 2348 2222 πρὸς
2372 2148 2571 2215 τοῦτο;
2600 2149 2724 2203 Ὅτι
2765 2149 2863 2203 σὺν
2906 2148 2985 2219 τῷ
3012 2148 3264 2216 γεγονότι
3305 2153 3671 2219 σκιρτήματι,

2080 2243 2256 2314 χαρᾶς
2287 2244 2321 2313 ἡ
2363 2242 2552 2312 μήτηρ
2579 2239 2914 2313 ἐνεφορήθη,
2954 2241 3047 2294 καὶ
3083 2240 3370 2308 ἀναλόγως
3403 2240 3579 2312 τούτῳ
3603 2240 3673 2293 τά

2078 2334 2178 2405 τῆς
2201 2332 2385 2403 ψυχῆς
2412 2331 2764 2385 ἐπεδείκνυτο
2791 2333 3071 2401 κινήματα
3097 2347 3111 2362 ·
3149 2330 3231 2384 διὸ
3259 2332 3323 2384 ἐκ
3347 2330 3554 2384 τούτων
3577 2331 3673 2384 καὶ

2080 2426 2179 2498 τὴν
2202 2424 2298 2480 τοῦ
2327 2424 2569 2496 ὲμϐρύου
2597 2424 2847 2479 κατενόει
2874 2423 3289 2496 ἐνεργουμένην
3321 2423 3671 2491 ἀγαλλίασιν.

2078 2519 2301 2576 Μᾶλλον
2321 2519 2379 2573 δὲ
2410 2517 2508 2572 καλ⁵
2533 2518 2594 2585 ἐξ
2639 2518 2830 2589 ἑτέρου
2857 2517 3064 2589 ταύτην
3102 2516 3251 2579 tua;
3305 2518 3671 2572 διεσκοπείτο.

2079 2614 2239 2677 Τίνος
2279 2613 2475 2666 τούτου
2502 2630 2516 2675 ;
2550 2609 2660 2665 Τοῦ
2683 2609 2972 2675 ἀνωδύνως
3005 2608 3105 2680 τὴν
3134 2608 3396 2674 τοιαύτην
3426 2609 3670 2680 ὑποστῆ-

2079 2722 2169 2759 ναι
2193 2705 2432 2773 κίνησιν.
2476 2702 2603 2757 Ἐπὶ
2636 2702 2738 2773 μὲν
2754 2702 2866 2771 γὰρ
2904 2701 3014 2756 τῶν
3041 2701 3217 2765 οὕτως
3248 2699 3670 2771 συμϐαινουσῶν

2081 2795 2503 2866 περιδινήσεων,
2536 2796 2637 2849 οὐκ
2669 2795 2819 2850 ἐστιν
2842 2795 3095 2847 ὑπονοεῖν
3127 2793 3451 2862 ἀναλγήτως
3471 2791 3669 2861 διαμέ-

2081 2904 2193 2940 νειν
2225 2888 2324 2950 τάς
2360 2889 2633 2959 μητέρας·
2661 2887 2905 2957 δριμεῖαι
2931 2887 3041 2956 γάρ
3081 2885 3273 2947 ὠδῖνες
3302 2882 3508 2947 ταῦτας
3539 2899 3669 2936 συν-

2082 2979 2290 3051 έχουσι,
2320 2982 2415 3034 καὶ
2440 2981 2688 3052 ὀξύτεροι
2721 2978 2894 3049 βελῶν
2923 2977 3436 3047 κατατιτρώσκουσι
3485 2974 3671 3029 πόνοιο

2081 3073 2178 3125 καὶ
2223 3070 2433 3127 τούτων
2480 3071 2711 3142 ἀψενδὶς
2759 3072 3088 3142 τεκμήριον,
3134 3069 3191 3122 αἳ
3249 3070 3309 3121 ὲν
3354 3067 3432 3136 τῷ
3462 3068 3673 3119 τίκτειν

2082 3162 2466 3235 καθεστήκασι
2515 3163 2898 3234 περιστάσεις,
2945 3161 3147 3224 παντὸς
3197 3157 3454 3228 ἀλγεινοῦ
3507 3158 3670 3212 πόνον

2084 3255 2552 3327 ὑπερϐάλλουσαι.
2589 3256 2743 3309 Ἐπεὶ
2772 3252 2869 3309 οὖν
2903 3256 2936 3325 ὴ
2981 3252 3267 3307 Ἐλισάϐετ
3302 3250 3536 3323 σφοδρὸν
3568 3251 3671 3319 μὲν

2080 3350 2143 3401 τὸ
2173 3348 2459 3423 σκίρτημα
2501 3347 2934 3419 συναισθομένη,
2974 3346 3193 3409 ἀπόνως
3218 3345 3273 3398 δὲ
3316 3342 3480 3397 τοῦτο
3512 3358 3675 3411 γεγει-

2080 3439 2315 3508 νημένον
2362 3443 2725 3509 κατενόησεν,
2778 3439 2920 3507 ἔγνω
2974 3438 3063 3493 διὰ
3113 3436 3209 3491 τοῦ
3268 3438 3670 3509 ὲνεργήσαντος

2081 3530 2403 3601 Πνεύματος
2445 3533 2502 3587 ὲν
2537 3532 2864 3602 ἀγαλλιάσει
2918 3530 3202 3600 γεγονέναι
3239 3529 3340 3603 τὴν
3371 3532 3428 3583 ἐν
3470 3529 3550 3599 τῷ
3582 3544 3671 3595 ;γο

2085 3625 2336 3696 γαστρίῳ
2364 3624 2854 3696 καινοτομηθεῖσαν
2881 3625 3116 3695 κίνησιν.

387 3719 548 3775 facile
582 3714 884 3788 perspexit,
917 3728 1114 3768 novam
1138 3711 1286 3767 illam
1336 3712 1766 3769 commotionem
1792 3713 1985 3785 ﬂetus,
2023 3732 2191 3788 quem
2260 3730 2420 3778 utcro
2484 3722 2754 3794 gestabat,
2793 3720 2847 3774 in
2877 3719 3080 3791 gaudio
3105 3733 3174 3777 ex
3199 3716 3376 3774 sancti
3426 3715 3673 3788 Spiritus

385 3813 710 3886 operatione
745 3810 944 3865 factam
973 3809 1167 3864 fuisse.

459 3903 623 3961 XXII.
659 3900 932 3970 Quocirca
986 3913 1115 3957 cum
1145 3896 1281 3953 illud
1324 3896 1613 3962 edixisset,
1674 3897 1731 3953 in
1774 3898 1970 3957 laudes

382 3998 512 4055 dein
553 3994 801 4068 Virginis
831 3993 992 4065 plane
1027 3990 1337 4063 singulares
1368 3989 1633 4059 erumpit,
1661 4000 1742 4055 et,
1770 3989 1964 4059 Beata,

382 4090 563 4163 inquit
600 4090 668 4155 ⁸⁷,
693 4102 810 4158 qua:
835 4083 1144 4149 credidisti;
1186 4083 1439 4153 quoniam
1501 4081 1847 4151 perﬁcientur
1893 4100 1957 4139 ea

385 4200 505 4255 qua:
527 4183 669 4237 dicta
710 4187 833 4255 sunt
880 4177 969 4232 tibi
1001 4194 1034 4230 a
1074 4176 1317 4229 L‘omino.
1366 4172 1411 4230 Ο
1445 4173 1609 4230 ﬁdem
1656 4176 1808 4231 nulla
1842 4191 1971 4232 ora-

2146 3905 2276 3959 ΚΒ.
2308 3904 2402 3958 Διὸ
2440 3902 2649 3975 ταύτην
2687 3902 3005 3968 ἐξειποῦσα,
3034 3901 3101 3956 τὰ
3139 3901 3280 3974 ὑπὲρ
3307 3900 3467 3969 λόγον
3492 3898 3671 3967 ἐγκώ-

2076 4016 2178 4070 μια
2204 3998 2305 4069 τῆς
2335 3996 2616 4069 Παρθένου
2647 3996 3040 4065 καταγγέλλει,
3079 3996 3200 4062 καὶ,
3237 3995 3528 4063 Μακαρία,
3564 4009 3670 4063 φη-

2077 4094 2183 4154 σ”.ν,
2237 4091 2278 4158 ἡ
2337 4090 2759 4144 πιστεύσασα·
2803 4091 2891 4143 ὅτι
2928 4087 3104 4142 ἔσται
3173 4088 3482 4151 τελείωσις
3534 4084 3665 4151 τοῖς

2074 4181 2525 4253 λελαλημένοις
2578 4179 2734 4249 αὐτῇ
2785 4179 2946 4250 παρὰ
2986 4180 3234 4248 Κυρίου.
3292 4179 3357 4232 Ὢ
3413 4178 3661 4247 ἀνερμη-

393 4276 545 4331 tione
578 4269 997 4329 euarrabilem!
1034 4265 1080 4323 Ο
1115 4268 1333 4322 beatam
1368 4280 1434 4321 ac
1465 4281 1596 4322 vere
1640 4276 1723 4323 ter
1757 4267 1973 4324 beatam

2080 4276 2274 4329 νεύτου
2305 4274 2581 4338 πίστεωςί
2613 4272 2661 4328 ὣ
2707 4273 2988 4346 μακαρίας
3019 4274 3113 4325 καὶ
3145 4269 3556 4342 τρισμακαριας
3592 4269 3671 4333 ὡς

384 4369 534 4424 illam
565 4373 830 4425 mentem,
875 4376 998 4433 qua:
1041 4359 1110 4415 ad
1151 4366 1358 4413 tantam
1402 4356 1530 4412 lidei
1578 4358 1968 4416 celsitudinem

2080 4366 2302 4437 ἀληθῶς
2336 4366 2438 4437 τῆς
2485 4365 2727 4429 διανοίας
2780 4366 3019 4436 ἐκείνης,
3055 4364 3177 4435 ἥτις
3231 4364 3369 4435 πρὸς
3408 4360 3667 4416 τοσοῦτον

382 4467 577 4517 evecta
630 4456 753 4513 est!
799 4453 915 4509 Hoc
983 4465 1185 4522 nempe
1232 4449 1613 4506 testimonium
1660 4460 1768 4517 est,
1819 4451 1970 4522 quod

2082 4461 2228 4534 ῇρθη
2271 4462 2372 4532 τῆς
2409 4461 2649 4524 πίστεως
2685 4458 2857 4530 ὕψοςι
2901 4458 3080 4513 Τοῦτο
3121 4458 3261 4528 αὑτῇ
3293 4458 3327 4528 ἡ
3380 4454 3669 4510 Ἐλισάϐετ

384 4551 601 4623 Virgini
648 4546 935 4621 perhibuit
981 4541 1263 4599 Elisabeth
1307 4557 1324 4595 :
1382 4542 1695 4613 ejusmodi,
1749 4544 1970 4614 inquit,

385 4651 542 4710 sunt,
597 4656 719 4714 quae
765 4641 822 4696 in
872 4647 926 4694 te
977 4635 1360 4708 perﬁciuntur,
1421 4643 1590 4705 atque
1632 4635 1772 4691 adeo
1815 4635 1976 4706 longe

385 4745 517 4793 sunt
551 4749 717 4805 supra
754 4730 945 4797 tidem,
981 4737 1042 4786 ut
1072 4745 1260 4795 nemo,
1297 4739 1500 4802 praater
1532 4738 1609 4795 te,
1644 4744 1766 4800 quae
1796 4730 1979 4801 puris-

387 4829 527 4885 sima
557 4836 723 4898 atque
751 4840 974 4881 omnem
1011 4834 1226 4881 natura:
1262 4824 1516 4880 ordinem
1547 4821 1979 4879 trauseendente

386 4923 493 4980 ﬁde
519 4923 765 4988 excellis,
821 4921 892 4977 iis
942 4921 1052 4977 sibi
1105 4920 1450 4977 denuntiatis
1492 4920 1701 4989 absque
1755 4919 1977 4974 haesita-

387 5017 539 5073 tione
563 5016 883 5071 crediturus
908 5014 1100 5071 fuerit.
1146 5014 1336 5085 Neque
1365 5015 1513 5067 enim
1548 5021 1645 5067 aut
1676 5011 1973 5077 Abraham,

388 5115 489 5163 aut
521 5109 695 5173 Isaac,
729 5115 826 5161 aut
867 5105 1062 5171 Jacob,
1121 5116 1219 5162 aut
1263 5105 1478 5177 Moyses
1526 5104 1792 5159 inusitato
1845 5103 1975 5157 huic

388 5210 613 5270 tamque
642 5213 789 5254 novo
812 5198 1127 5254 ministerio
1161 5198 1323 5254 facile
1358 5212 1423 5253 ac
1466 5195 1635 5253 nullis
1663 5195 1770 5251 sibi
1799 5194 1975 5266 signis

388 5289 633 5347 ostensis
658 5303 778 5346 sese
810 5298 1098 5360 promptos
1127 5290 1540 5345 exhibuissent.
1589 5287 1659 5344 Et
1680 5301 1814 5342 sane
1836 5300 1977 5356 quo.

389 5379 557 5438 modo
582 5379 688 5446 illi,
712 5380 809 5450 qui
838 5378 1157 5437 testimonia
1181 5380 1314 5435 olim
1343 5395 1376 5435 a
1404 5379 1520 5436 Deo
1551 5378 1974 5450 exquisiverunt

390 5475 447 5530 in
476 5473 644 5529 rebus
672 5471 810 5527 levis
837 5472 1126 5537 momenti,
1161 5486 1312 5527 nunc
1339 5473 1446 5540 rei,
1475 5487 1599 5543 quia
1624 5485 1846 5527 omnem
1873 5485 1971 5525 su-

389 5574 547 5639 perat
605 5565 929 5637 cogitatum,
993 5562 1134 5617 nihil
1174 5563 1497 5619 haesitantes
1560 5561 1973 5621 credidissent?

386 5657 490 5724 Qui
522 5656 670 5712 enim
706 5668 801 5711 aut
829 5664 991 5711 terrae
1014 5656 1317 5725 possessio,
1345 5666 1439 5715 aut
1494 5656 1726 5711 seminis
1775 5656 1969 5711 multi-

387 5749 633 5821 plicatio,
667 5761 764 5805 aut
798 5751 1126 5826 {servitute
1151 5749 1429 5818 liberatio,
1456 5750 1524 5807 de
1552 5751 1756 5822 quibus
1788 5749 1867 5805 illi
1898 5749 1966 5805 ad

456 5927 502 5958 '°
537 5925 672 5982 Luc.
729 5941 766 5996 ι,
800 5927 917 5984 μμ
969 5928 1013 5962 ³⁷
1044 5927 1182 5984 Luc.
1208 5942 1249 5993 ι,
1277 5924 1369 5981 45.

2080 4552 2633 4627 προσεμαρτύρησεν,
2664 4552 2748 4607 ὅτι
2776 4550 3003 4605 τοιαῦτά
3025 4551 3144 4605 ἑστι
3173 4550 3244 4603 τὰ
3272 4550 3329 4602 ιν
3363 4549 3450 4601 σοι
3480 4545 3671 4601 τελούο

2082 4663 2245 4718 μενα,
2283 4649 2380 4700 καὶ
2413 4645 2670 4701 τοσοῦτον
2709 4645 2907 4715 ἀπέχει
2957 4643 3094 4715 πρὸς
3143 4641 3485 4714 παραδοχὴν,
3522 4640 3667 4694 ὥστε

2080 4738 2259 4803 οὐδεὶς
2312 4736 2380 4792 ἀν
2437 4736 2980 4807 καταγγελλομίνοις
3034 4735 3225 4799 αὐτοῖς
3272 4731 3669 4801 ἀναμφιϐόλως

2078 4831 2334 4902 ἐπείσθη,
2397 4832 2540 4901 πλὴν
2597 4831 2701 4901 τῆς
2746 4830 2850 4898 σῆς
2892 4827 3210 4900 ὑπερφυοῦς
3247 4826 3346 4880 καὶ
3382 4823 3668 4894 ἀκηράτου

2079 4925 2342 4987 πίστεως.
2370 4924 2449 4978 Οὐ
2481 4923 2592 4993 γὰρ
2629 4923 2694 4994 δὴ
2734 4921 3004 4995 ’Δϐραάμ,
3038 4922 3072 4992 ἢ
3116 4921 3329 4982 Ἰσαὰκ,
3361 4920 3395 4990 ἢ
3440 4916 3663 4977 Ἰακὼϐ,

2081 5019 2114 5089 ἣ
2146 5018 2394 5087 Μωῦσῆς
2424 5016 2809 5076 ἀϐασανίστως
2853 5016 2921 5069 ἂν
2952 5012 3182 5079 ὑπεῖξαν
3207 5015 3273 5083 τῇ
3304 5013 3464 5082 καινῇ
3491 5008 3666 5083 ταύτῃ

2079 5113 2176 5166 καὶ⁷
2219 5110 2348 5181 ξένῃ
2388 5107 2725 5180 λειτουργία.
2770 5107 2896 5169 Πῶς
2941 5106 3050 5176 γὰρ
3094 5106 3146 5158 οἱ
3196 5102 3473 5173 τεκμήρια
3511 5106 3666 5172 παρά

2077 5202 2216 5256 Θεοῦ
2243 5202 2352 5256 τῶν
2381 5201 2656 5255 ταπεινῶν
2690 5199 3029 5272 ζητήσαντες
3058 5196 3250 5261 πάλαι,
3277 5194 3371 5248 νῦν
3412 5193 3493 5264 τῷ
3525 5193 3669 5262 ὑπὲρ

2078 5295 2289 5347 ἔννοιαν
2334 5292 2734 5353 ἀνενδοιάστως
2775 5288 3148 5357 ὲπείσθησανς
3198 5286 3265 5339 Τί
3301 5287 3412 5355 γὰρ
3447 5282 3667 5353 ὑπῆρχε

2080 5384 2219 5455 πρὸς
2260 5382 2322 5436 τὸ
2368 5384 2464 5435 ἐπὶ
2494 5383 2601 5452 γῆς
2628 5379 2862 5450 ὀφθῆναι
2899 5378 3055 5446 Θεὸν,
3088 5380 3185 5432 καὶ
3211 5380 3276 5431 ἐκ
3302 5376 3396 5429 σοῦ
3432 5374 3532 5446 τὴν
3565 5376 3663 5427 ἀν-

2079 5474 2360 5546 θρωπείαν
2406 5473 2702 5529 ἀναλαϐεῖν
2764 5470 2951 5542 φύσιν,
3020 5470 3121 5539 γῆς
3189 5469 3519 5539 κατάσχεσις
3567 5465 3665 5520 καὶ

2078 5565 2404 5636 πληθυσμδς
2438 5566 2779 5635 σπέρματος,
2816 5565 2911 5616 καὶ
2960 5562 3207 5627 δουλείας
3253 5562 3565 5634 ἀπαλλαγὴ.
3604 5562 3664 5614 ὲν

2075 5652 2159 5723 οἷς
2191 5659 2393 5711 ἐκεῖνοι
2428 5658 2527 5727 τῆς
2577 5657 2667 5710 διὰ
2703 5654 2812 5708 τῶν
2863 5656 3183 5726 τεκμηρίων
3216 5656 3517 5727 ἐδεήθησαν
3566 5654 3662 5724 βε-

2076 5748 2392 5815 ϐαιώσεως
2423 5749 2523 5803 Διά
2553 5748 2619 5819 δὴ
2649 5746 2809 5802 τοῦτό
2840 5764 2975 5818 φησι
3001 5763 3012 5777 ο
3047 5747 3119 5800 Σὺ
3156 5749 3294 5819 μόνη
3322 5748 3589 5820 μακαρία,
3624 5747 3660 5817 ἠ
