4104 6490
472 512 577 575 ίέ85

1331 511 1616 573 ORATIO
1654 510 1737 573 IN
1777 512 1879 575 SS.
1927 512 2280 579 DEIPAIUE
2312 510 2880 578 VISITATIONEM.

3633 513 3686 576 6"
3703 511 3741 575 θ

3673 560 3697 574 _,

3673 560 3697 574 κν

471 622 804 692 ἀμφιϐόλοις,
861 622 937 692 μὴ
990 620 1371 691 περιπεσοῦσα
1426 624 1736 692 λογισμοῖς,
1793 625 1826 692 ἡ
1877 624 1951 687 ὡς
1999 625 2059 677 ὲν

2171 624 2379 682 lirmam
2428 624 2591 679 ﬁdem
2648 625 2803 695 signa
2857 625 3248 694 postularunt,
3303 622 3433 693 qui,
3476 622 3737 692 inquam,

473 716 707 779 ἅπασιν,
732 714 876 771 οὕτω
908 716 1000 771 καὶ
1036 716 1096 769 ἐν
1136 717 1203 787 τῇ
1241 713 1447 780 πίστει,
1477 716 1577 787 τῆς
1609 715 1740 787 ὅλης
1773 733 2054 788 κατακρα-

470 809 644 864 τοῦσα
675 807 914 877 φύσεως.

2164 716 2473 785 comparari
2510 718 2612 769 ista
2659 724 2866 784 queant
2897 730 3023 769 cum
3060 715 3348 787 mysterio,
3399 715 3548 785 quod
3600 717 3745 770 Deus

2163 807 2223 863 in
2259 816 2412 862 terra
2438 806 2589 861 visus
2618 805 2813 872 fuerit,
2855 817 2913 862 et
2948 808 3244 865 humanam
3286 815 3544 862 naturam
3596 822 3665 863 ex
3695 815 3748 861 te

471 902 884 975 assa-mserit?
942 900 1012 956 Et
1050 902 1158 957 hac
1211 914 1348 957 sane
1397 898 1468 957 de
1519 915 1688 957 causa
1736 899 1916 958 dicit:
1956 900 2040 956 Tu
2081 915 2214 958 vere
2244 902 2365 958 sola
2432 902 2616 967 beata,
2670 916 2797 972 quae
2836 899 3156 956 nullatenus
3217 900 3406 956 dubiis
3451 899 3747 971 cogitatio-

473 994 643 1050 nibus
667 991 955 1059 haesitasti,
1001 1007 1126 1062 quae
1167 1007 1295 1048 cum
1333 992 1551 1049 caeteris
1591 993 1877 1060 omnibus,
1918 1004 2048 1059 .tum
2087 995 2258 1051 etiam
2292 996 2420 1051 iidei
2444 994 2771 1052 excellentia
2800 1002 3085 1049 creaturas
3107 1007 3302 1048 omnes
3329 993 3511 1051 vicisti
3539 993 3676 1065 (89).

545 1089 638 1141 ΚΓ
639 1085 676 1143 ’.
711 1087 845 1140 ’Ὅτι
869 1085 931 1140 δὲ
954 1084 1138 1141 ταῦτα
1171 1086 1266 1139 τὸν
1301 1086 1546 1140 τοιοῦτον
1583 1088 1869 1157 συνίστησι
1902 1087 2061 1156 λόγον

474 1177 656 1248 ἀληθῆ
678 1194 740 1230 τε
766 1174 901 1231 ὂντα
919 1178 1018 1231 καὶ
1043 1179 1164 1242 τοῖς
1184 1177 1480 1249 πράγμασι
1509 1177 1572 1231 τὸ
1603 1176 1825 1248 βέόαιον
1841 1178 2059 1249 ἔχοντα,

475 1268 669 1339 καιρὸς
696 1267 774 1332 ὡς
813 1268 1034 1337 ἐφικτὸν
1074 1268 1367 1337 ὲπιδιῖξαι.
1398 1269 1511 1323 Καὶ
1544 1270 1735 1341 μηδεὶς
1767 1272 2058 1339 κατάγνω-

476 1379 563 1416 σιν
586 1362 688 1433 τὴν
717 1359 827 1414 τῶν
857 1360 1088 1415 δικαίων
1117 1359 1413 1429 σύγκρισιν
1454 1361 1780 1433 ὑποτοπάσῃ
1799 1378 1812 1392 ⁸
1855 1363 2059 1418 ἄτοπον

473 1456 585 1525 γὰρ
626 1454 689 1508 τὸ
713 1452 958 1508 τοιοῦτον
995 1453 1333 1508 διανοεῖσθαι
1353 1470 1370 1484 ·
1417 1453 1559 1513 ἀλλὰ
1581 1453 1824 1524 δεχέσθω
1848 1454 1939 1507 τὸν
1971 1452 2059 1505 λό-

473 1565 570 1616 γον
593 1546 980 1601 ἐπιδεικνύντα
1018 1545 1211 1620 ὥσπερ
1240 1548 1487 1609 ἐκείνους
1525 1545 1961 1620 ὗτιρειιιμένους
2001 1546 2060 1598 ἐν

474 1640 541 1708 τῇ
586 1638 794 1698 πίστει,
828 1637 976 1693 οὕτω
1018 1635 1227 1707 ταύτην
1272 1635 1705 1706 ἀνερμηνεύτως
1747 1639 1848 1709 τὴν
1878 1634 2060 1689 αὐτῶν

475 1726 909 1799 ὑπερανασᾶσαν
958 1727 1185 1797 ἀρετὴν,
1237 1726 1300 1781 οὐ
1337 1727 1404 1796 τῇ
1455 1726 1638 1797 δωρεᾷ
1669 1727 1770 1797 τῆς
1813 1726 2057 1798 χόριτος,

473 1819 600 1873 οὐδὲ
628 1817 710 1890 τῷ
738 1818 879 1890 ξένῳ
906 1819 1005 1889 τῆς
1039 1819 1315 1889 κυήσεως,
1358 1817 1506 1887 ἅπερ
1536 1818 1755 1890 ἄρῤητα
1787 1817 2058 1889 διαμένει,

2232 1089 2427 1147 XXIII.
2460 1089 2627 1157 Quod
2674 1103 2811 1144 vero
2845 1087 3163 1143 omnimoda
3197 1087 3429 1143 veritate
3489 1096 3751 1143 constent

2161 1199 2285 1254 (ιιιῆε
2319 1183 2552 1249 afﬁrmo,
2582 1198 2646 1240 ac
2681 1183 2897 1253 plenam
2928 1196 2997 1237 ex
3043 1181 3211 1236 rebus
3255 1180 3393 1251 ipsis
3437 1181 3602 1237 ﬁdem
3651 1182 3750 1236 ha-

2162 1281 2351 1347 beant,
2379 1281 2491 1352 jam
2521 1289 2737 1351 tempus
2758 1288 2842 1335 est
2892 1289 2951 1333 ut
2974 1293 3076 1348 pro
3100 1274 3316 1331 viribus
3346 1275 3748 1330 demonstrem.

2161 1373 2338 1429 Nemo
2367 1388 2536 1443 porro
2589 1373 2925 1443 suspicetur,
2974 1371 3030 1426 in
3057 1370 3554 1441 reprehensionem
3605 1368 3748 1424 forte

2160 1464 2444 1534 justorum
2475 1464 2676 1519 cedere
2710 1463 2852 1519 hanc
2888 1461 3034 1517 inter
3064 1461 3191 1516 illos
3232 1459 3747 1530 comparationem;

2164 1557 2468 1612 absurdum
2518 1557 2725 1627 quippe
2772 1564 2861 1611 est
2902 1554 2988 1610 vel
3038 1555 3146 1609 hoc
3178 1553 3458 1625 cogitare;
3495 1551 3593 1608 sed
3621 1567 3749 1607 ora-

2166 1651 2373 1704 tionem
2417 1656 2734 1720 exspectet,
2783 1662 2906 1719 qute
2951 1646 3230 1707 ostendat,
3275 1644 3747 1716 quemadmodum

2165 1743 2242 1798 illi
2277 1742 2483 1797 virtute
2532 1740 2659 1796 ﬁdei
2714 1740 3136 1803 excelluerunt,
3185 1739 3261 1793 ita
3302 1737 3587 1809 Virginem
3635 1751 3752 1792 non

2165 1835 2392 1904 quidem
2422 1834 2614 1904 gratiae
2642 1832 2969 1888 muneribus
3001 1848 3181 1905 neque
3212 1848 3357 1923 novo
3388 1841 3581 1904 partus
3624 1846 3752 1902 proa-

474 1912 614 1965 αὶλὰ
646 1914 712 1982 τῇ
743 1914 845 1981 τῇς
877 1911 1257 1982 προαιρέσεως
1293 1908 1587 1980 φιλοτιμίᾳ
1622 1910 1721 1964 καὶ
1745 1908 1826 1981 τῷ
1872 1908 2065 1980 οἰκείῳ

2171 1928 2336 2000 digio,
2366 1943 2491 1998 quae
2517 1941 2650 1982 sane
2682 1927 2876 1982 nullus
2899 1936 3086 1998 potest
3110 1908 3294 1983 sermo
3332 1927 3625 1998 attingere,
3650 1924 3749 1981 sed

472 2003 588 2058 τῶν
626 2002 852 2073 ἀγαθῶν
880 2002 1348 2072 πλεονεκτήματι.

545 2304 645 2367 Τίς
674 2302 771 2378 οὖν
805 2303 955 2357 ἐστιν
988 2305 1018 2358 ὁ
1066 2302 1547 2376 περιόοητοτέρως
1587 2302 1848 2358 ἁπάντων
1897 2304 1958 2358 ἐν
1985 2305 2065 2376 τῷ

476 2398 576 2469 τῆς
618 2397 860 2461 πίστεως
923 2395 1267 2465 μεγαλοφυεῖ
1298 2397 1747 2467 κηρυττόμενος;
1814 2395 2068 2468 Ἀϐραὰμ

478 2492 737 2554 πάντως·
790 2482 854 2543 οὗ
897 2488 969 2543 τὰ
1011 2487 1150 2542 ἄλλα
1199 2487 1302 2560 μὲν
1352 2489 1572 2543 ἅπαντα
1607 2490 1710 2559 τῆς
1750 2489 2067 2559 κρείττονος

480 2582 751 2654 ὑποδοχῆς
780 2580 1006 2652 γέγονεν
1049 2580 1199 2647 ἄξια,
1232 2579 1437 2652 μᾶλλον
1466 2578 1527 2633 δὲ
1555 2578 1618 2632 τὸ
1644 2579 1746 2650 τῆς
1774 2579 1969 2644 θυσίας
1984 2581 2070 2633 εὐ-

482 2672 974 2747 προσδεκτότερον,
1037 2674 1133 2726 καὶ
1189 2673 1307 2735 τοῖς
1366 2671 1563 2726 ἔπειτα
1618 2671 2070 2743 θαυμασιώτερον

479 2764 835 2837 κατελείφθη.
853 2764 997 2819 Ἀλλ’
1018 2763 1136 2818 ἐστι
1157 2763 1254 2819 καὶ
1278 2762 1471 2817 τοῦτον
1490 2763 1548 2815 ὲν
1574 2762 1687 2815 τισὶ
1716 2763 1831 2825 τοῖς
1854 2762 2068 2835 ἀνθρω-

480 2858 661 2920 πίνοις
692 2857 1109 2929 περιπίπτοντα
1131 2855 1371 2909 κατιδεῖν
1392 2852 1703 2922 λογισμοῖς,
1725 2852 2073 2924 διελεγχόμε-

479 2948 571 3002 νόν
590 2966 651 3002 τε
682 2950 751 3021 τῇ
781 2947 895 3002 τῶν
927 2945 1174 3018 σημείων
1201 2946 1301 3017 τῆς
1332 2942 1691 3016 κληροδοσίας
1715 2943 2069 3016 ἐπιζητήσει.

483 3039 609 3104 Πῶς
639 3042 733 3093 καὶ
760 3040 867 3094 τίνι
889 3041 1082 3110 τρόπῳ
1101 3080 1115 3105 ,
1141 3039 1442 3107 ἀναγκαῖον
1460 3036 1570 3106 γὰρ
1595 3033 1771 3104 αὐτὴν
1796 3037 1876 3099 είς
1904 3037 2070 3106 μέσον

481 3133 827 3201 παραγαγεῖν
859 3130 960 3202 τὴν
996 3131 1181 3201 ίστορί
1189 3148 1280 3187 αν.

2169 2022 2393 2094 egregio
2419 2020 2724 2075 voluntatis
2755 2019 3041 2089 preposito
3084 2034 3295 2090 suaque
3327 2033 3559 2091 operum
3608 2027 3752 2075 stre—
3852 2061 3854 2063 μ

2169 2134 2407 2176 nuorum
2442 2118 2780 2188 praestantia,
2830 2132 3021 2172 eorum
3065 2116 3334 2172 virtutem
3395 2112 3754 2169 ineﬁ‘abiliter

2168 2227 2587 2285 supergressam
2613 2227 2757 2268 esse.

2241 2307 2376 2373 Quis
2401 2315 2489 2362 est
2518 2307 2727 2377 itaque,
2773 2301 3095 2376 qui'majori
3133 2302 3330 2374 plausu
3357 2315 3472 2371 prae
3526 2298 3758 2370 reliquis

2168 2399 2430 2454 omnibus
2453 2397 2577 2454 ﬂdei
2604 2412 2721 2453 suae
2743 2396 3067 2453 excellentia
3090 2393 3448 2450 celebratur?
3475 2391 3757 2458 Abraham

2170 2491 2466 2563 profecto;
2513 2491 2674 2564 cuius
2720 2499 2919 2546 cuncta
2966 2488 3194 2559 quidem
3237 2486 3344 2543 alia
3388 2494 3541 2558 gesta
3590 2484 3754 2554 digna

2170 2585 2526 2649 exstiterunt,
2553 2598 2677 2655 qua:
2696 2581 3009 2652 plurimum
3040 2579 3445 2651 probarentur;
3476 2576 3570 2633 sed
3599 2575 3760 2645 longe

2171 2676 2434 2747 majorem
2467 2674 2916 2740 mstimationem,
2938 2671 3316 2742 maioremque
3338 2667 3483 2739 apud
3507 2673 3760 2737 posteros

2171 2770 2604 2831 admirationem
2663 2774 2817 2829 illius
2870 2768 3209 2825 sacriﬁcium
3270 2767 3378 2823 sibi
3426 2763 3758 2819 vindicavit.

2172 2871 2334 2924 Hunc
2362 2876 2546 2922 tamen
2580 2865 2773 2921 videre
2805 2864 2936 2920 licet
2961 2865 3015 2917 in
3048 2862 3324 2917 humanas
3353 2857 3622 2929 quasdam
3663 2870 3759 2910 eoo

2172 2961 2473 3034 gitatioues
2503 2958 2844 3031 prolapsum,
2870 2965 2928 3013 et
2953 2964 3228 3021 notatum,
3285 2961 3581 3024 propterea
3607 2949 3757 3020 quod

2173 3053 2242 3109 de
2273 3051 2576 3107 obtinenda
2611 3050 2934 3106 haereditate
2964 3048 3120 3118 signa
3165 3043 3554 3118 postulaverit.
3604 3040 3759 3109 Quo-

2174 3143 2340 3201 modo
2373 3153 2559 3203 autem
2607 3151 2663 3199 et
2702 3157 2811 3213 qua
2837 3141 3072 3206 ratione,
3112 3139 3305 3209 utique
3358 3152 3500 3207 opus
3539 3144 3648 3199 est,
3696 3142 3760 3190 ut

2171 3237 2291 3309 ipsa
2318 3237 2500 3308 palam
2526 3234 2691 3292 faciat
2722 3233 2978 3291 historia.

553 3311 681 3366 ΚΝ.
724 3307 897 3377 Elite,
931 3313 1123 3383 φησιν,
1168 3315 1202 3367 ό
1232 3313 1380 3378 Θεὸς
1417 3314 1570 3384 πρὸς
1612 3316 1721 3372 τὸν
1766 3316 2027 3387 Ἀϐραάμ
2050 3332 2063 3347 ·

2193 3300 2212 3309 ’
2238 3300 2434 3387 XXIV.
2473 3330 2622 3387 Dixit
2656 3329 2818 3394 Deus,
2871 3339 2933 3385 ut
2955 3344 3129 3385 sacrae
3158 3329 3381 3386 Litterae
3433 3329 3658 3387 tradunt
3687 3330 3757 3397 ",

494 3402 643 3472 Ἑγῶ
668 3404 786 3473 ειμι
808 3406 842 3458 o'
876 3404 1023 3470 Θεός
1051 3417 1192 3469 σου,
1231 3408 1262 3458 ό
1293 3404 1528 3477 ἐξάγων
1557 3421 1632 3463 σε
1663 3406 1733 3462 ἐκ
1764 3409 1879 3481 τῆς
1907 3411 2066 3464 Χαλ-

484 3491 692 3560 δαίων,
720 3490 879 3547 ὥστε
906 3491 1124 3548 δοῦναί
1162 3509 1261 3550 σοι
1288 3495 1406 3564 τὴν
1434 3496 1555 3566 τῆν
1584 3498 1816 3567 ταύτην
1852 3501 2070 3567 κληρο-

482 3582 749 3653 νομῆσαι
787 3582 1005 3652 αὐτήν.
1040 3579 1191 3638 Elite
1229 3583 1298 3639 δέ
1321 3601 1336 3616 ·
1375 3585 1652 3641 Δέσποτα
1678 3589 1880 3657 Keue,
1917 3588 2070 3643 κατὰ

482 3676 542 3729 τι
586 3674 885 3745 γνώσομαι
929 3673 1132 3738 τοῦτο,
1187 3675 1278 3729 ὅτι
1343 3677 1788 3749 κληρονομήσω
1843 3679 2068 3748 adadv;

492 3767 661 3840 ὀρᾷς
700 3766 763 3820 τὸ
807 3763 1116 3837 ἀμφίϐολον
1167 3766 1260 3821 τοῦ
1318 3770 1700 3843 πατριάρχου;
1732 3771 1833 3825 Διὰ
1860 3788 2069 3844 τεκμη-

488 3858 620 3929 ρίων
676 3858 935 3929 ἐπεζήτει
1004 3860 1503 3931 φανερωθήσεσθαι
1571 3861 1635 3916 τὸ
1703 3862 2068 3935 ζητούμενον.

483 3951 684 4006 Καίτοι
735 3952 920 4006 ίκανδν
970 3949 1040 4024 ἦν
1089 3952 1240 4024 αὐτῷ
1276 3957 1565 4027 σημείονή
1611 3956 1715 4028 τῆς
1746 3958 2071 4028 εὐεργεσίας

485 4043 820 4115 ὑπόμνησις,
871 4044 970 4096 uati.
1012 4044 1076 4096 τὸ
1113 4045 1278 4099 αὐτὸν
1306 4041 1451 4100 εῖναι
1499 4049 1592 4101 τὸν
1636 4046 2070 4121 ὑπισχνούμενον

485 4137 808 4208 εὐεργέτην.
857 4138 999 4192 Ἀλλ’
1043 4139 1194 4209 ὅμως
1228 4138 1513 4211 ἐπεζήτει,
1550 4141 1649 4196 καὶ
1692 4142 1945 4197 ἀπιστεῖν
1969 4142 2070 4196 οὐκ

485 4226 627 4297 ἔχων
647 4229 725 4300 τῷ
757 4228 997 4298 λέγοντι,
1032 4229 1164 4301 περὶ
1192 4228 1254 4282 τὸ
1284 4229 1438 4294 ξένον
1461 4231 1564 4301 τῆς
1587 4232 1941 4304 ὑποσχέσεως
1958 4233 2071 4289 διε-

487 4321 708 4390 φέρετο,
737 4323 834 4377 καὶ
858 4323 1141 4394 τεκμήρια
1169 4321 1377 4394 ταύτης
1411 4323 1635 4395 ἀπῄτει,
1677 4324 1775 4379 καὶ
1818 4324 1914 4379 τὸν
1943 4324 2072 4396 τρό-

491 4427 614 4478 πον,
644 4414 853 4479 ὁποῖος,
878 4412 1290 4469 διεπυνθάνετο.

566 4733 693 4789 κεν.
730 4732 796 4788 Τί
834 4729 929 4788 οὖν
959 4733 988 4786 ὸ
1018 4733 1333 4803 πανάγαθος
1362 4734 1677 4805 detrudam;
1711 4734 1788 4787 Οὐ
1838 4733 2068 4809 σιροδροα

488 4824 664 4896 τέρως
690 4826 994 4898 φερόμενος
1025 4829 1140 4890 τοῖς
1186 4824 1518 4897 ὀνειδισμοῖς
1547 4825 1716 4881 αὐτοῦ
1756 4825 2063 4896 utiuti/etv
2112 4886 2115 4887 ν

487 4916 553 4971 οὐ
589 4917 805 4989 βαρέως
848 4917 1237 4989 ὲπιτιθὲμενος
1267 4917 1498 4973 τοιαῦτα
1537 4918 1677 4990 πρὸς
1719 4917 1884 4975 αὐτὸν
1925 4919 2065 4973 ἁπε-

489 5009 730 5066 τείνατοο
761 5011 830 5066 Τί
874 5009 1066 5077 τοῦτο,
1099 5004 1146 5065 ὧ
1189 5009 1461 5082 Αϐραάμς
1496 5008 1772 5080 Τοιαύτην
1810 5011 1915 5082 τὴν
1958 5011 2072 5065 τῶν

490 5105 637 5175 παρ’
679 5102 820 5175 ἐμοῦ
863 5104 1178 5176 λεγομένων
1216 5103 1277 5157 ὲν
1322 5101 1502 5173 ἑαυτῷ
1529 5102 1787 5175 κατέχεις
1835 5103 2071 5172 πείραν;

487 5194 630 5250 οὓτω
655 5196 1245 5269 πεπληροφορημένως
1287 5197 1416 5266 περὶ
1441 5194 1554 5247 τῶν
1580 5193 1968 5267 γεγενημένων
1991 5193 2072 5257 είς

568 5313 616 5346 ⁸⁸
640 5310 781 5368 Gen.
803 5327 894 5379 xv,
920 5310 1040 5368 7-8.

560 5447 676 5519 (89)
708 5446 830 5519 Vim
860 5445 1151 5519 sententia:
1176 5441 1272 5519 [ac
1300 5441 1475 5519 probe
1491 5440 1780 5519 advertas.
1798 5438 2073 5513 -Nullum,

491 5511 696 5587 inquit,
748 5517 974 5587 virtutis
1014 5524 1111 5570 aut
1157 5511 1556 5587 dotisjexitnia;
1585 5526 1760 5583 genus
1807 5519 1912 5577 est,
1965 5526 2078 5587 quo

490 5582 606 5643 non
636 5586 913 5655 quaslibet
947 5595 1232 5641 creaturas
1264 5582 1430 5655 Virgo
1456 5582 1688 5655 Deipara
1705 5582 2076 5655 superaverit.

487 5659 559 5713 At
590 5651 738 5711 enim
763 5656 810 5710 si
840 5656 911 5711 de
944 5654 1012 5710 iis
1043 5670 1228 5710 sermo
1267 5653 1362 5717 sit,
1395 5667 1520 5723 quae
1558 5651 1644 5723 ad!
1664 5651 1867 5723 prima_
1891 5651 2078 5723 cujus-

488 5744 600 5798 que
631 5726 789 5798 initia
816 5731 1088 5798 spectant,
1121 5725 1248 5794 quis
1274 5719 1491 5779 nesciat
1522 5721 1802 5798 _cmlestes
1834 5719 2077 5798 Spiritus

486 5791 593 5852 iiac
625 5797 802 5869 gloria
844 5791 1231 5869 'beatitateque
1273 5804 1469 5869 aut-tos
1517 5792 1710 5869 fuisse,
1752 5804 1830 5869 _ut
1865 5793 1929 5869 _in
1955 5791 2080 5869 ipsa

489 5861 681 5923 eorum
716 5866 1000 5934 creatione
1045 5861 1404 5919 lucidissimis
1447 5866 1636 5934 gratiae
1684 5861 2080 5934 splendorihus

491 5938 851 6006 uitescereut,
886 5933 1096 6005 Deique
1124 5933 1367 5991 amicitia
1390 5931 1752 5993 fruerentur?
1798 5931 1934 6000 Quis
1992 5947 2084 5989 ue—

2168 3426 2237 3480 ad
2262 3424 2533 3479 Abraham
2559 3440 2578 3478 :
2612 3423 2729 3496 Ego
2762 3439 2882 3478 sum
2931 3420 3072 3477 Deus
3100 3431 3240 3486 tuus,
3294 3423 3386 3493 qui
3409 3423 3566 3477 eduxi
3600 3430 3650 3477 te
3693 3423 3759 3478 de

2169 3525 2313 3575 terra
2359 3515 2773 3581 Chaldworum,
2822 3522 2884 3589 ut
2933 3516 3120 3572 darem
3165 3514 3258 3571 tibi
3319 3524 3522 3570 terram
3572 3515 3756 3578 istam,

2168 3617 2227 3664 ut
2258 3609 2550 3679 possideres
2584 3624 2724 3663 eam.
2783 3607 2969 3665 Atille
2996 3609 3073 3662 ait
3096 3603 3123 3662 ἐ
3159 3607 3384 3664 Domine
3410 3611 3573 3677 Deus,
3619 3596 3758 3666 unde

2168 3704 2264 3760 hoc
2289 3705 2478 3767 sciam,
2502 3702 2648 3772 quod
2674 3718 3004 3773 possessurus
3042 3703 3141 3759 sim
3174 3717 3292 3757 eam
3322 3701 3348 3756 Ρ
3383 3703 3621 3761 Videsne
3653 3719 3757 3775 pa-

2171 3794 2425 3850 triarchae
2470 3794 2919 3853 dubitationem?
2975 3794 3247 3851 Pescebat
3331 3802 3394 3850 ut
3449 3812 3551 3867 per
3598 3796 3756 3869 signa

2169 3886 2377 3944 certior
2401 3886 2469 3942 de
2501 3900 2570 3941 eo
2596 3883 2754 3941 ﬁeret
2812 3886 2960 3955 quod
2997 3884 3371 3945 desiderabat.
3399 3887 3569 3958 Atqui
3602 3887 3757 3944 sudi-

2169 3979 2325 4037 ciens
2354 3977 2600 4050 profecto
2651 3978 2870 4049 signum
2904 3992 3030 4035 esse
3081 3976 3161 4032 illi
3215 3976 3500 4036 debuisset
3546 3978 3758 4037 beneﬁ-

2171 4071 2408 4136 ciorum,
2444 4085 2566 4142 quae
2577 4071 2690 4142 jam
2713 4077 3026 4139 acceperat,
3050 4068 3386 4136 recordatio,
3410 4079 3467 4127 et
3492 4071 3638 4143 quod
3659 4072 3754 4128 ille

2172 4166 2316 4221 idem
2347 4164 2717 4234 promitteret,
2747 4164 2841 4234 qui
2862 4177 2924 4218 se
2942 4163 3054 4233 jam
3082 4162 3389 4219 beneﬁcum
3411 4164 3754 4224 ostenderat.

2172 4257 2424 4316 Postulat
2452 4265 2636 4313 tamen
2660 4296 2674 4321 ,
2702 4264 2760 4310 et
2788 4270 2914 4310 cum
2940 4268 3051 4311 non
3074 4263 3262 4326 posset
3287 4256 3451 4315 ﬁdem
3478 4257 3755 4330 abnegare

2173 4349 2446 4420 loquenti,
2500 4345 2866 4407 nihilominus
2906 4360 2975 4401 ex
3015 4346 3308 4419 peregrina
3351 4349 3755 4420 promissorum

2174 4440 2394 4496 ratione
2433 4454 2624 4501 ansam
2658 4438 2946 4503 dubitandi
2985 4438 3270 4505 sumebat,
3329 4447 3387 4497 et
3425 4441 3756 4515 exquirebat

2175 4533 2499 4588 eorumdcm
2518 4531 2693 4603 signa,
2718 4544 2782 4584 ac
2814 4527 3039 4585 modum
3064 4529 3246 4600 qualis
3288 4529 3512 4586 demum
3536 4533 3759 4590 futurus

2097 4643 2153 4705 D
2179 4635 2349 4692 esset,
2381 4625 2792 4687 sciscitabatur.

2248 4720 2414 4787 XXV.
2449 4722 2591 4790 Quid
2634 4735 2800 4792 porro
2839 4718 2906 4775 ad
2941 4718 3059 4776 haec
3083 4717 3515 4791 benignissimus
3567 4717 3756 4774 Domi-

2174 4830 2282 4875 nus
2303 4815 2327 4868 ?
2348 4814 2539 4885 Neque
2564 4811 2793 4886 gravius
2815 4811 2874 4867 id
2905 4811 3095 4871 ferens
3136 4809 3359 4876 acerbis
3402 4826 3531 4866 eum
3566 4810 3756 4866 verbis

2171 4908 2340 4980 erepit
2389 4907 2707 4978 increpare;
2768 4919 2947 4977 neque
3007 4904 3368 4961 vehementer
3437 4903 3757 4975 indignatus

2173 5002 2331 5058 illum
2360 5002 2518 5058 hisce
2547 4999 2713 5055 dictis
2738 5013 3028 5071 aggressus
3052 5007 3140 5054 est
3156 5014 3179 5061 ,τ
3205 4995 3482 5064 Quidnam
3509 4996 3617 5052 hoc
3647 5005 3755 5064 est,

2172 5109 2209 5149 ο
2232 5091 2557 5155 Abraham?
2583 5090 2849 5151 Talemne
2878 5105 3093 5155 eorum,
3120 5103 3245 5160 quas
3276 5103 3309 5143 a
3336 5102 3422 5142 me
3467 5087 3753 5151 dicuntur,

2176 5186 2351 5243 habes
2390 5183 2446 5241 in
2498 5191 2552 5240 te
2595 5183 2719 5255 ipso
2745 5183 3144 5255 experientiam
3171 5181 3185 5235 ί
3211 5181 3449 5237 lstamne
3479 5182 3601 5249 tibi,
3626 5188 3757 5253 post

2183 5439 2342 5503 sciat,
2378 5436 2487 5492 hoc
2516 5435 2662 5491 idem
2693 5448 2897 5490 munus
2929 5432 3129 5504 primis
3173 5447 3396 5504 quoque
3414 5430 3755 5504 parentibus

2184 5501 2445 5565 collatum
2478 5506 2673 5569 fuisse,
2709 5505 2821 5560 imo
2851 5501 2984 5559 vero
3017 5511 3073 5558 et
3100 5501 3381 5558 daemones
3413 5501 3557 5557 banc
3599 5510 3756 5556 ortus

2184 5581 2269 5635 sui
2292 5576 2635 5633 nobilitatem
2664 5576 2877 5647 jactare
2900 5574 3103 5647 posse?
3148 5574 3397 5647 Postulat
3428 5585 3563 5647 ergo
3591 5572 3752 5647 allata

2184 5649 2478 5706 sententia.
2519 5655 2580 5701 ut
2625 5641 2682 5700 ei
2732 5641 3095 5717 Virgo'beata
3146 5659 3177 5698 a
3208 5645 3384 5717 prima
3415 5641 3500 5696 sui
3540 5642 3753 5710 origme

2226 5717 2622 5788 rteclarissimis
2654 5712 2855 5772 divina?
2898 5717 3091 5788 gratiae
3108 5712 3449 5788 muneribus
3466 5781 3477 5788 _
3492 5720 3757 5765 exornata

2201 5781 2377 5846 ‘uerit.
2406 5786 2514 5860 Sin
2546 5787 2729 5860 aliter,
2769 5781 2926 5860 tanto
2967 5785 3176 5860 angelis
3212 5797 3276 5837 ac
3316 5781 3512 5852 primis
3557 5795 3755 5860 pareit—

2191 5861 2342 5916 tibus
2374 5858 2539 5931 Virgo
2569 5850 2802 5931 Dcipara
2835 5850 3066 5911 inferior
3085 5854 3214 5931 erit,
3262 5850 3530 5931 quantum
3558 5850 3589 5906 ιι
3616 5850 3759 5907 divi-

2190 5946 2276 5988 nae
2303 5923 2497 6002 gratiae
2529 5930 2653 5986 luce
2672 5923 2892 5984 distant
2922 5923 3137 5999 peccati
3168 5923 3433 5985 tenebras.
