4104 6478
376 498 483 561 687

1684 499 1943 563 JACOBI
1984 497 2290 561 MONACII
2303 499 2324 557 l

3545 494 3649 559 698

379 625 447 662 ea
485 623 603 679 quae
661 607 715 662 in
744 615 793 660 to
824 608 1020 682 collata
1049 621 1179 664 sunt
1208 607 1499 673 beneﬁcia,
1534 610 1953 679 persuasionem

2061 607 2119 659 σὲ
2172 604 2525 677 προδιετέθης
2560 606 2923 677 εὐεργεσιῶνς
2958 607 3023 660 Τί
3066 606 3124 660 ὲν
3156 606 3382 670 ταύταις
3415 607 3651 676 διαμαρ-

381 698 646 753 inducere
680 697 734 751 in
762 700 1003 752 animum
1041 700 1310 770 potuisti?
1345 698 1489 767 Quid
1542 701 1595 753 in
1657 700 1745 753 his
1784 698 1957 753 habes

380 789 529 857 quod
560 788 877 858 redarguas,
922 791 1080 859 quasi
1118 790 1400 846 fraudatus
1431 791 1720 861 promissis
1744 790 1959 845 fueris?

380 882 571 935 Nonne
600 896 702 951 ego
736 891 787 935 te
810 897 877 934 ex
904 892 1135 951 paterna
1173 883 1520 948 infelicitate,
1575 893 1831 954 tanquam
1869 899 1958 938 ro-

382 982 495 1023 sam
520 985 550 1023 e
578 969 754 1038 spinis
785 970 1075 1040 colligens,
1118 973 1173 1025 in
1217 972 1325 1028 mei
1377 973 1714 1044 agnitionem
1778 981 1960 1027 trans-

383 1059 520 1112 tuli?
549 1059 744 1114 Nonne
766 1074 889 1130 ρει».
924 1076 1050 1115 enm
1080 1071 1276 1117 auctor
1304 1063 1403 1119 tibi
1435 1063 1661 1118 fuissem
1696 1072 1756 1118 ut
1804 1078 1833 1118 a
1859 1078 1957 1133 pa-

380 1162 534 1204 terna
565 1159 714 1205 sorte
760 1161 816 1205 et
857 1152 1185 1221 cognatione
1226 1153 1563 1219 discederes,
1615 1153 1956 1209 domicilium

378 1244 432 1296 in
468 1253 815 1299 antecessum
878 1244 978 1297 tibi
1015 1244 1327 1300 adornavi?
1382 1246 1577 1302 Nonne
1622 1247 1960 1317 alienigena-

378 1349 499 1387 rum
535 1334 969 1390 Chananaeorum
999 1347 1201 1392 terram
1222 1352 1325 1408 ego
1351 1337 1449 1392 tibi
1476 1337 1709 1409 subjeci,
1731 1348 1787 1393 et
1808 1350 1957 1395 tran-

378 1426 607 1493 quillam
635 1429 692 1481 in
725 1443 788 1482 ea
823 1429 921 1483 tibi
950 1429 1139 1484 sedem
1171 1432 1487 1500 comparavi
1507 1431 1530 1484 ?
1553 1431 1690 1496 Quis
1717 1440 1824 1497 est,
1861 1431 1957 1501 qui

380 1530 525 1573 tuam
550 1520 606 1573 in
628 1518 925 1591 Egyptum
952 1523 1339 1592 migrationem
1372 1524 1572 1579 direxit
1596 1525 1618 1578 ?
1646 1524 1781 1591 Quis
1811 1524 1957 1580 Pha-

378 1623 601 1665 raonem
633 1611 786 1681 gravi
812 1613 1050 1684 subjecit
1078 1614 1550 1670 animadversioni
1584 1626 1809 1686 propter
1825 1633 1959 1673 con-

372 1702 561 1771 jugem
594 1711 746 1758 tuam
794 1703 1030 1759 Soram?
1068 1704 1204 1772 Quis
1256 1707 1598 1761 tremendam
1630 1707 1709 1761 illi
1744 1724 1809 1764 ac
1855 1709 1955 1765 toti

375 1795 497 1864 ejus
522 1796 712 1850 domui
756 1795 968 1851 cladem
1010 1797 1220 1863 intulit,
1270 1807 1324 1853 te
1364 1813 1496 1853 vero
1526 1798 1716 1854 multis
1756 1799 1957 1869 opibus

376 1897 638 1942 onustum
653 1904 720 1943 ex
734 1887 1118 1960 Egyptiorum
1138 1890 1357 1946 insidiis
1369 1890 1601 1961 eripuit?
1612 1890 1955 1957 Quibusnam

378 1980 594 2034 viribus
667 1981 734 2036 ad
781 1981 1082 2036 vindictam
1126 1983 1450 2049 instructus,
1495 1982 1721 2038 bellicas
1770 1998 1957 2054 regum

377 2073 680 2143 phalanges
697 2064 1030 2129 cencidisti?
1066 2073 1342 2139 Quasnam
1383 2074 1654 2131 adversus
1700 2076 1826 2131 illos
1851 2091 1957 2146 pu-

378 2176 609 2234 gnantes
637 2165 784 2220 acies
814 2165 912 2219 tibi
932 2165 1110 2220 socias
1134 2165 1399 2231 habuisti,
1429 2181 1556 2221 cum
1584 2167 1835 2236 praelium
1862 2167 1959 2223 ad-

378 2272 575 2312 versus
605 2273 701 2312 COS
732 2255 1153 2312 committeres?
1177 2256 1372 2312 Nonne
1399 2258 1546 2312 enim
1576 2265 1956 2313 tercentorum

380 2363 673 2403 vernarum
697 2362 893 2418 agmen
914 2347 1234 2418 huiusmodi
1258 2349 1437 2403 erexit
1461 2359 1730 2420 tropaeum
1754 2347 1778 2401 ?
1814 2346 1964 2415 Quo-

379 2437 544 2493 modo
603 2447 660 2492 ct
707 2438 911 2507 quibus
954 2437 1447 2493 exercitationibus
1468 2438 1536 2493 ad
1593 2453 1830 2508 pugnam
1874 2437 1963 2492 in-

378 2537 588 2584 structa
615 2528 776 2582 turba
806 2528 919 2593 illa,
954 2544 1079 2599 qua:
1113 2544 1261 2585 mere
1293 2530 1612 2586 domesticis
1639 2530 1962 2587 ministeriis

378 2635 601 2689 operam
645 2619 896 2687 dederat,
940 2636 1122 2691 neque
1159 2621 1308 2677 aliud
1356 2623 1629 2693 amplius,
1667 2638 1831 2693 quam
1871 2638 1961 2679 res

379 2711 620 2780 privatas
650 2725 849 2766 curare
888 2721 1226 2779 assueverat,
1266 2713 1730 2768 innumerabilem
1778 2714 1959 2783 potuit

376 2804 683 2874 equitatum
710 2804 765 2858 in
797 2812 945 2858 tuam
970 2811 1296 2874 potestatem
1323 2803 1610 2874 redigere?
1633 2804 1767 2871 Quis
1783 2804 1955 2860 bene-

380 2895 651 2950 dictiones
708 2894 806 2949 tibi
888 2910 988 2964 per
1038 2894 1538 2949 Melchisedechum
1616 2894 1959 2964 impertivit?

380 2983 572 3038 Nonne
591 2999 711 3054 ego,
736 2999 860 3038 cum
884 2993 1110 3054 propter
1132 2984 1248 3038 hate
1276 2983 1611 3039 credidisses
1629 3021 1643 3047 ,
1668 2983 1830 3038 [idem
1858 2984 1957 3039 tibi

386 3076 452 3130 ad
500 3077 775 3147 justitiam
821 3077 1118 3146 reputavi?
1183 3075 1327 3142 Quid
1391 3078 1471 3132 sic
1516 3076 1747 3131 afficeris
1801 3091 1970 3142 nunc,

2064 698 2175 751 τῶν
2205 698 2315 750 τῶν
2338 697 2691 766 ὑποσχέσεων
2719 701 3033 769 κατέγνωςς
3066 700 3181 753 Οὐκ
3214 699 3323 767 ἐγώ
3360 716 3444 765 σε,
3476 699 3649 752 καθοί⁸

2065 806 2171 860 περ
2204 788 2356 859 ῥόδον
2386 788 2444 854 ἐξ
2468 789 2747 856 ἀκανθῶν,
2781 792 2878 859 τῆς
2926 792 3262 861 προγονικῆς
3297 791 3644 860 ὰναλεξάμευ

2064 899 2154 944 νος
2190 881 2601 951 δυσδαιμονίας,
2635 884 2717 946 εἰς
2750 884 2849 954 τὴν
2878 886 3018 955 ἐμὴν
3062 884 3366 952 ἐπίγνωσιν
3404 884 3647 953 μετεφύ-

2063 989 2265 1039 τευσα;
2292 975 2393 1026 οὐκ
2426 975 2537 1042 ἐγώ
2584 992 2666 1028 σοι
2712 976 3272 1046 παρακελευσάμενος
3306 977 3370 1027 ὲκ
3413 975 3507 1028 τοῦ
3544 992 3649 1027 πα-

2064 1063 2244 1135 τρῴου
2277 1064 2486 1135 κλήρου
2517 1069 2616 1119 καὶ
2646 1069 2746 1136 τῆς
2789 1069 3114 1136 συγγενείας
3142 1069 3423 1137 ἀπαίρειν,
3450 1067 3518 1120 τὰ
3545 1067 3648 1135 τῆς

2067 1159 2543 1225 κατασκηνώσεως
2571 1159 2992 1229 προηυτρέπισα
3015 1178 3030 1225 ;
3069 1160 3131 1212 οὐ
3156 1160 3255 1229 τὴν
3280 1159 3392 1212 τῶν
3417 1160 3646 1227 ἀλλογεο

2066 1247 2174 1299 νῶν
2201 1249 2531 1302 Χαναναίων
2557 1247 2667 1317 ἐγώ
2711 1266 2797 1301 σοι
2842 1249 3201 1313 καθυπέταξα
3228 1251 3356 1319 γῆν,
3378 1248 3474 1302 καὶ
3517 1250 3651 1319 ἡρε-

2069 1357 2169 1408 μον
2212 1341 2313 1411 τὴν
2358 1343 2416 1393 tv
2458 1342 2633 1415 ταύτῃ
2675 1342 3065 1395 κατεσκεύασα
3102 1343 3430 1404 κατοικίανς
3479 1342 3574 1402 Τίς
3619 1344 3647 1393 6

2063 1433 2165 1502 τὴν
2192 1435 2271 1497 εἰς
2302 1434 2583 1502 Αἴγυπτον
2622 1434 2909 1498 διευθύνας
2943 1452 3026 1487 σοι
3068 1435 3328 1499 κάθοδονς
3364 1436 3450 1496 τίς
3487 1436 3514 1485 6
3550 1452 3650 1503 χα-

2064 1521 2249 1584 λεποῖς
2281 1524 2542 1592 ὲτασμοίς
2584 1523 2679 1575 τὸν
2724 1523 2928 1592 Φαραὼ
2978 1522 3376 1577 καθυποϐαλὼν
3412 1522 3503 1575 διὰ
3545 1521 3647 1591 τὴν

2065 1615 2316 1668 σύνοικον
2351 1632 2446 1668 σου
2490 1615 2749 1687 Σᾶρῤανς
2786 1616 2870 1680 τίς
2911 1618 2939 1669 6
2981 1617 3208 1669 πανοικὶ
3232 1614 3464 1685 φοϐερὸν
3496 1615 3646 1682 αὐτῷ

2062 1706 2155 1758 τὸν
2186 1705 2409 1777 ὖλεθρον
2430 1707 2879 1776 ὲπισεισάμενος,
2904 1707 3001 1759 irai.
3021 1707 3079 1758 tv
3108 1706 3404 1776 περιουσίᾳ
3427 1721 3487 1758 σε
3519 1706 3647 1757 πολ⁶

2063 1796 2129 1869 λῇ
2189 1798 2299 1851 τῶν
2360 1799 2760 1868 Αἰγυπτιακῶν
2824 1799 3128 1854 ἐπιϐουλῶν
3190 1799 3645 1867 ἀναγαγόμενοςς

2065 1890 2256 1954 Ποίαις
2279 1892 2629 1955 δυναστείαις
2671 1894 2751 1955 είς
2779 1891 2996 1962 ἄμυναν
3038 1892 3410 1963 χρησάμενος,
3439 1892 3500 1943 τὸ
3534 1894 3650 1943 στῖ-

1994 1964 2036 2022 B
2065 1997 2165 2050 φος
2186 1981 2295 2034 τῶν
2329 1981 2597 2050 βασιλέων
2624 1982 2964 2052 συνέκοψας;
3002 1982 3169 2045 Τίνας
3212 1982 3653 2050 ἀνταγωνιζομέ-

2065 2086 2164 2133 νας
2193 2071 2382 2134 αὐτοῖς
2423 2071 2745 2141 συμμαχίας
2773 2068 2939 2142 εἶχες,
2973 2071 3139 2142 ἡνίκα
3162 2072 3262 2141 τὴν
3287 2071 3422 2140 πρὸς
3446 2071 3648 2133 αὐτοὺς

2068 2163 2309 2231 συνῇρας
2345 2162 2562 2233 μάχην;
2603 2163 2697 2233 Μὴ
2731 2163 2842 2232 γὰρ
2871 2166 2899 2216 6
2945 2165 3328 2232 συνασπισμὸς
3354 2162 3463 2216 τῶν
3492 2179 3650 2234 τρια-

2064 2253 2268 2306 κοσίων
2291 2252 2587 2322 οίκογενῶν
2616 2254 2676 2307 τὸ
2707 2252 2952 2308 τοιοῦτον
2983 2254 3319 2325 κατώρθωσε
3346 2255 3644 2322 τρόπαιον;

2066 2344 2190 2407 Πῶς
2220 2344 2317 2397 καὶ
2347 2345 2490 2398 τίσιν
2518 2346 2841 2416 ἐμπειρίαις
2891 2345 3222 2416 πολεμικαῖς
3247 2346 3645 2419 προασκηθεὶς,

2060 2436 2088 2488 6
2116 2437 2239 2499 ταῖς
2283 2435 2420 2489 κατ’
2456 2431 2609 2489 οἷκον
2645 2438 2837 2507 μόναις
2884 2438 3215 2508 ὑπηρεσίαις
3258 2437 3647 2507 γεγυμνασμέ-

2058 2541 2170 2592 νος,
2189 2524 2286 2579 καλ⁵
2310 2525 2480 2597 μηδὲν
2508 2525 2671 2582 πλέον
2692 2527 2802 2582 τῶν
2831 2527 3121 2581 ἰδιωτικῶν
3148 2530 3204 2582 ὲν
3235 2528 3438 2601 μελέτῃ
3462 2527 3646 2581 ποιού-

2061 2633 2226 2682 μενος
2272 2618 2639 2687 πραγμάτων,
2668 2618 2767 2689 τὴν
2811 2619 3039 2690 ἄπειρον
3073 2620 3239 2672 ἵππον
3272 2619 3378 2673 ὑπὸ
3413 2619 3514 2689 τὴν
3545 2618 3645 2687 σὴν

2064 2708 2441 2780 ποιησάμενος
2478 2711 2674 2781 χεῖρας
2701 2711 2798 2774 Τίς
2828 2713 2855 2764 ὁ
2884 2710 2973 2764 διὰ
3008 2711 3347 2781 Μελχισεδὲκ
3369 2711 3465 2774 τὰς
3489 2710 3643 2763 εὐλοο

2062 2799 2190 2868 γίας
2238 2814 2321 2850 σοι
2369 2798 2829 2870 παρασχόμενο;;
2872 2802 2987 2855 Οὐκ
3039 2801 3152 2869 ἐγώ
3202 2818 3285 2854 σοι
3334 2800 3424 2854 διὰ
3469 2798 3646 2853 ταῦτα

2065 2889 2421 2944 πιστεύσαντι
2457 2893 2536 2954 είς
2562 2890 2917 2963 δικαιοσύνην
2944 2890 3043 2962 τὴν
3071 2891 3253 2944 πίστιν
3284 2890 3641 2959 λελόγισμαι;

2064 2983 2129 3037 Τί
2159 2982 2321 3037 τοῦτο
2358 2984 2664 3049 πέπονθας,
2696 2986 2723 3038 6
2766 2983 3023 3054 θεράπων
3054 2985 3081 3038 6
3113 2986 3279 3055 ἐμός;
3313 2984 3436 3047 Πῶς
3483 2981 3642 3036 ἁλλόο

2084 3092 2212 3148 τρια
2244 3074 2344 3145 τῆς
2368 3075 2574 3138 οἰκείας
2598 3075 2801 3146 ἀρετῆς
2834 3076 3153 3143 προέτεινας
3183 3076 3429 3146 (inputa;

380 3182 537 3223 serve
572 3167 760 3220 meus?
810 3166 1097 3233 Quomodo
1141 3166 1310 3220 verba
1349 3180 1380 3220 a
1435 3166 1641 3220 virtute
1679 3175 1772 3220 tua
1808 3175 1917 3220 tam
1958 3165 2138 3221 aliena
2175 3164 2551 3234 pnetendisti?

452 3258 640 3313 XXVI.
676 3259 747 3313 At
785 3257 924 3311 nihil
957 3257 1228 3328 ejusmodi
1290 3256 1717 3328 benignissimus
1772 3256 1961 3312 Domi—

2142 3254 2288 3323 Kq'.
2341 3256 2510 3309 Οὐδὲν
2556 3255 2764 3309 τούτων
2805 3256 2833 3309 6
2882 3254 3200 3325 πανάγαθος
3251 3256 3641 3327 προσωνείδισε

379 3365 486 3406 nus
535 3349 890 3417 exprobravit
934 3363 950 3401 :
979 3347 1076 3403 sed
1111 3347 1176 3401 ad
1205 3347 1603 3402 haesitationem
1637 3347 1959 3418 abigendam

2068 3347 2367 3418 Δεσπότης·
2413 3345 2552 3400 ἀλλὰ
2601 3345 2786 3401 δίδωσι
2836 3346 2938 3417 μὲν
2981 3348 3074 3401 τὸν
3117 3349 3218 3417 τῆς
3264 3351 3643 3422 διαπορήσεως

383 3440 708 3496 vaticinium
743 3439 917 3503 addit,
960 3454 1071 3494 non
1102 3450 1283 3494 tamen
1315 3439 1501 3494 subito
1544 3450 1599 3494 et
1636 3442 1828 3496 eodem
1865 3440 1962 3496 illo

385 3545 666 3604 tempore;
699 3532 792 3588 sed
831 3532 1053 3586 interim
1084 3532 1409 3602 patriarchae
1431 3533 1675 3588 animum
1719 3542 1960 3601 exercet,

380 3637 439 3681 et
472 3626 676 3680 idcirco
706 3625 885 3680 dicit:
927 3622 1086 3678 Sume
1139 3626 1267 3679 mihi
1312 3626 1534 3680 vitulam
1588 3629 1866 3693 triennem,
1913 3636 1964 3680 et

382 3720 860 3788 capramtrimam,
890 3728 939 3772 et
969 3719 1192 3773 arietem
1244 3734 1506 3772 annorum
1556 3720 1739 3784 trium,
1790 3729 1963 3772 turtu-

382 3827 493 3864 rem
525 3825 732 3879 quoque
776 3816 827 3863 et
878 3808 1178 3863 columbam
1207 3808 1283 3875 ";
1326 3823 1451 3877 qua:
1504 3807 1727 3878 quidem
1777 3809 1960 3862 omnia

380 3901 747 3971 exquirebant
799 3909 1018 3971 tempus
1088 3913 1153 3954 ac
1237 3899 1516 3970 negotium
1573 3899 1961 3954 lacessebant:

380 4007 578 4065 nempe
612 4009 737 4047 cum
767 3993 951 4063 justus
975 3992 1066 4047 ille
1093 3991 1256 4046 valde
1294 3998 1525 4062 cuperet
1555 3990 1724 4045 futuri
1755 3990 1962 4046 oraculi

376 4085 811 4150 enarrationem,
872 4093 1091 4153 tempus
1126 4083 1205 4136 illi
1244 4082 1391 4138 Deus
1442 4081 1777 4152 prorogavit,
1830 4081 1960 4136 dum

380 4174 661 4238 animalia,
710 4188 833 4243 quae
877 4171 1159 4227 offerenda
1218 4179 1397 4236 erant,
1443 4171 1749 4242 colligeret.
1789 4171 1963 4227 Porro

378 4266 680 4321 verisimile
709 4263 933 4334 quidem
964 4273 1067 4329 est,
1093 4261 1251 4317 facile
1285 4261 1506 4317 inventa
1534 4270 1592 4317 et
1635 4271 1962 4334 congregata

379 4357 551 4411 fuisse
607 4355 1023 4426 quadrupedia;
1077 4353 1173 4408 sed
1237 4366 1430 4407 rursus
1469 4351 1749 4424 negotium
1814 4352 1959 4408 haud

378 4447 500 4503 leve
530 4447 608 4501 illi
639 4447 937 4503 exhibebat
964 4446 1145 4501 avium
1196 4445 1458 4513 venatio;
1517 4452 1573 4501 et
1630 4444 1829 4501 exinde
1870 4459 1966 4516 pa-

379 4538 635 4594 triarchae
667 4538 886 4592 animus
918 4535 1357 4592 excruciabatur.

454 4630 665 4699 Accepit
700 4638 899 4694 autem,
936 4628 1115 4697 inquit
1140 4628 1207 4691 “,
1236 4627 1332 4680 sibi
1373 4628 1482 4681 lucc
1507 4628 1707 4691 omnia,
1754 4634 1804 4680 et
1874 4628 1959 4682 di-

2065 3439 2338 3510 χρησμὸν,
2363 3438 2465 3491 οὐκ
2495 3435 2710 3507 ἁθρόως
2738 3438 2793 3491 δὲ
2825 3439 2947 3492 οὐδὲ
2980 3438 3122 3493 κατὰ
3150 3441 3335 3494 ταύτό·
3364 3441 3500 3495 ἀλλὰ
3543 3458 3641 3511 με-

2064 3530 2199 3594 ταξῦ
2238 3530 2338 3598 τὴν
2380 3528 2476 3582 τοῦ
2524 3530 2869 3602 πατριάρχου
2918 3533 3216 3602 γυμνάζων
3256 3532 3519 3604 γνώμην,
3560 3534 3642 3587 διό

2063 3638 2219 3693 φησι·
2258 3621 2414 3678 Λαϐέ
2437 3639 2543 3692 μοι
2591 3621 2854 3693 δάμαλιν
2897 3624 3327 3692 τριετίζουσαν,
3367 3628 3466 3681 καί
3504 3623 3642 3696 αἶγα

2062 3714 2489 3784 τριετίζουσαν,
2512 3713 2611 3769 καί
2636 3715 2804 3785 κριὸν
2837 3715 3216 3784 τριετίζοντα,
3236 3717 3334 3770 καί
3359 3718 3640 3788 τρυγόνα,

2063 3807 2163 3862 καὶ
2196 3806 2587 3876 περιστερὰν,
2634 3808 2811 3859 πάντα
2851 3808 3048 3878 καιροῦ
3096 3810 3191 3861 καὶ
3229 3809 3493 3878 ἀσχολίας
3520 3810 3639 3861 6:6-

2065 3915 2223 3972 μενα·
2260 3897 2451 3970 ἐπειδὴ
2501 3900 2611 3969 γὰρ
2658 3898 2923 3952 ἔσπευδεν
2964 3900 2992 3950 6
3034 3898 3241 3963 δίκαιος
3289 3901 3386 3971 τὴν
3414 3901 3640 3953 ἔκϐασιν

2061 3992 2157 4047 τοῦ
2206 3992 2496 4063 μέλλοντος
2554 3991 2900 4058 εἰσδέξασθαι
2960 3990 3253 4061 χρησμοῦ,
3314 3992 3636 4062 παρέτεινεν

2063 4085 2213 4153 αὺτῷ
2245 4086 2338 4138 τὸν
2377 4086 2591 4156 χρόνον,
2627 4084 2716 4137 διὰ
2758 4084 2856 4153 τῆς
2891 4085 2999 4137 τῶν
3025 4084 3455 4153 ἀναφερομένων
3483 4081 3638 4146 ζώων

2061 4174 2343 4245 ὲπιλογῆς.
2393 4171 2527 4227 Εἶτα
2573 4174 2720 4237 εἰκὸς
2761 4173 2824 4226 ὲκ
2864 4171 2959 4226 τοῦ
3007 4173 3302 4244 προχείρου
3348 4173 3418 4224 τὰ
3448 4172 3642 4240 τετρά-

2063 4266 2201 4319 ποδα
2251 4264 2733 4338 συναθροισθῆναι·
2786 4264 2949 4320 πάλιν
2984 4266 3113 4335 περὶ
3156 4265 3255 4333 τὴν
3287 4264 3395 4317 τῶν
3433 4264 3637 4334 ὀρνέων

2062 4358 2235 4429 θήραν
2264 4357 2296 4428 ἡ
2329 4358 2557 4428 ἀσχολία
2602 4356 2906 4410 συνέϐαινε·
2942 4355 3243 4410 κάντεῦθεν
3285 4356 3343 4408 τὸ
3386 4356 3480 4410 τοῦ
3532 4373 3637 4408 παο

2060 4449 2326 4520 τριάρχου
2350 4446 2825 4519 κατετιτρώσκετο
2858 4446 3121 4509 συνειδός.

2136 4627 2358 4680 Ἔλαϐε
2389 4624 2476 4691 δὲ,
2505 4624 2694 4696 φησὶν,
2725 4622 2886 4690 αὐτῷ
2910 4624 3098 4680 ταῦτα
3128 4623 3347 4690 πάντα,
3373 4623 3474 4677 καὶ
3501 4623 3640 4677 διεῖ-

379 4726 496 4778 υἰεὶι
528 4739 590 4775 ea
616 4738 710 4789 per
737 4720 988 4785 medium,
1023 4710 1143 4773 aues
1177 4726 1354 4772 autem
1382 4734 1488 4772 non
1537 4717 1733 4771 divisit.
1766 4717 1835 4772 Et
1861 4717 1959 4773 bas

2065 4721 2176 4773 λεν
2214 4715 2368 4770 αὐτὰ
2408 4717 2624 4784 μέσον·
2656 4717 2730 4769 τὰ
2764 4716 2834 4769 δὲ
2864 4717 3043 4785 ὄρνεα
3080 4721 3152 4770 οὐ
3196 4715 3439 4769 διεῖλεν.
3485 4715 3640 4782 Ἐμοὶ

379 4814 626 4885 quidem,
661 4822 723 4868 ut
752 4812 888 4867 mihi
919 4811 1162 4876 videtur,
1223 4825 1333 4865 non
1377 4809 1565 4865 divisit
1600 4817 1825 4879 propter
1874 4810 1956 4865 fe-

378 4904 731 4979 stinationem
749 4942 764 4967 ,
790 4902 1045 4973 quamvis
1060 4900 1167 4957 hoc
1198 4901 1377 4971 ipsum
1402 4900 1638 4970 aliquem
1664 4901 1953 4970 mysticum

380 5010 604 5051 sensum
636 4995 974 5065 praeseferat.

450 5084 665 5141 XXVII.
701 5087 838 5141 Cum
872 5087 1039 5156 igitur
1063 5100 1149 5151 ea,
1180 5100 1302 5154 qua:
1333 5082 1642 5155 pertinebat
1686 5082 1752 5137 ad
1784 5084 1958 5137 sacri-

383 5180 587 5243 ﬁcium,
648 5179 989 5248 perfecisset,
1061 5177 1289 5232 sedebat
1334 5177 1411 5231 rei
1468 5186 1727 5231 eventum
1762 5190 1960 5244 exspe-

380 5280 557 5337 ctans,
591 5279 647 5324 et
678 5269 886 5323 oraculi
943 5268 1206 5322 dilatione
1256 5267 1641 5321 discruciatus.
1682 5266 1957 5331 Quantum

380 5364 527 5416 enim
558 5362 705 5414 illius
736 5360 841 5412 diei
872 5369 1088 5427 tempus
1124 5358 1577 5427 protendebatur,
1617 5356 1957 5410 tantumdem

385 5454 461 5507 illi
497 5451 799 5522 augebatur
822 5451 1087 5503 anxietas.
1115 5450 1363 5503 Accessit
1385 5459 1565 5502 autem
1590 5460 1643 5502 et
1673 5449 1957 5502 volucrum

387 5545 664 5606 incursus,
694 5541 790 5611 qui
838 5541 1189 5594 alllictionem
1228 5541 1304 5593 illi
1335 5541 1753 5609 molestiamque
1791 5540 1961 5595 adde-

2059 4810 2238 4874 δοκεῖ,
2277 4808 2627 4861 ἐπισπεύδων
2661 4810 2759 4878 τὴν
2798 4809 2906 4861 τῶν
2945 4811 3149 4880 ὀρνέων
3185 4810 3287 4862 οὐκ
3338 4812 3637 4877 ἐποιήσατο

2061 4904 2351 4974 διαίρεσιν,
2386 4906 2435 4956 εί
2465 4905 2558 4957 καί
2578 4922 2701 4958 τινα
2736 4907 2997 4974 μυστικὸν
3020 4905 3080 4957 τὸ
3107 4902 3350 4956 τοιοῦτον
3377 4905 3635 4971 ὲμιραξνει

2060 4993 2241 5062 λόγον.

2134 5089 2263 5140 ΚΖ’.
2312 5087 2647 5157 ’Λπαρτίσας
2685 5087 2867 5141 τοίνυν
2907 5087 2975 5140 τὰ
3010 5087 3109 5155 τῆς
3152 5086 3368 5149 θυσίας,
3401 5086 3639 5154 ἐκάθηίο

2061 5179 2122 5229 τὸ
2156 5177 2330 5247 πέρας
2369 5177 2838 5248 διασκοπούμενος
2862 5217 2877 5240 ,
2927 5179 3021 5229 καὶ
3058 5181 3175 5241 ταῖς
3216 5176 3505 5238 ἀναϐολαῖς
3541 5176 3636 5227 τοῦ

2062 5266 2314 5337 χρησμοῦ
2361 5268 2686 5339 ἀνιώμενος.
2714 5269 2878 5321 Ὅσον
2898 5268 3005 5337 γὰρ
3043 5267 3071 5318 6
3094 5269 3192 5337 τῆς
3217 5269 3428 5337 ἡμέρας
3465 5267 3639 5336 παρέ-

2062 5375 2222 5427 τρεχε
2273 5358 2483 5429 χρόνος,
2523 5359 2779 5412 τοσοῦτον
2824 5359 2973 5428 αὐτῷ
3023 5361 3116 5411 καὶ
3146 5361 3213 5411 τὰ
3248 5360 3348 5426 τῆς
3395 5359 3633 5425 ἀθυμίας

2059 5450 2375 5514 ὲπλεόναζε.
2414 5452 2725 5520 ίΙροσετέθη
2779 5452 2834 5503 δὲ
2882 5449 3033 5515 αὐτῷ
3072 5453 3163 5504 καὶ
3205 5453 3237 5520 ἡ
3272 5450 3380 5502 τῶν
3418 5453 3636 5516 πτηνῶν

2060 5541 2353 5611 ἑπιδρομὴ,
2398 5541 2764 5610 κιλαςιίξτυσα
2805 5544 2902 5595 καὶ
2941 5543 3374 5613 παρενοχλοῦσα·
3409 5544 3634 5607 Iiuzéri‘q

383 5635 498 5689 bat.
536 5633 923 5687 Descenderam
974 5632 1145 5694 enim,
1181 5631 1360 5700 inquit
1410 5632 1476 5696 θ’,
1516 5631 1750 5685 volucres
1807 5648 1959 5700 super

2061 5633 2191 5700 γὰρ,
2226 5634 2412 5701 φησὶν,
2450 5634 2627 5699 ὄρνεα
2674 5635 2771 5685 ἐπὶ
2809 5633 2879 5685 τὰ
2909 5636 3157 5701 σώματα
3209 5640 3279 5687 τὰ
3322 5636 3636 5701 διχοτομη-

382 5727 645 5779 επόουενα
674 5724 933 5785 dissecta,
971 5731 1019 5775 cl
1060 5722 1325 5776 Abraham
1357 5725 1464 5775 illis
1500 5726 1760 5777 assidebat
1793 5724 1959 5793 (quod

2061 5740 2212 5790 ματα
2271 5725 2487 5778 αὐτῶν.
2542 5727 2647 5777 Καὶ
2698 5728 3104 5779 συνεκάθισεν
3138 5728 3345 5792 αὐτοῖς
3380 5727 3635 5794 Ἀίῇίημὶιι

385 5816 607 5885 quidem
635 5816 833 5886 aliquis
887 5817 1158 5881 interpres
1188 5817 1449 5879 reddidit,
1484 5816 1782 5885 ubigcbttl);
1822 5818 1957 5871 adeo

2064 5821 2215 5887 (ὅπερ
2263 5836 2343 5879 τις
2370 5820 2473 5871 τῶκ
2504 5821 2927 5890 ἐίῖνμηνεοςλίντιν)
2968 5863 2980 5887 ,
3032 5823 3447 5887 ἀπεωίιῗησεγ,
3480 5822 3629 5889 ἕξεθ’

452 5930 498 5963 ⁸⁹
529 5928 664 5985 Gen.
689 5945 777 5998 xv,
801 5929 834 5985 9
863 5943 976 5984 sec.
1005 5943 1126 5984 axx.
1205 5931 1248 5962 ⁶⁰
1268 5929 1403 5985 Gen.
1448 5946 1534 5995 xv,
1572 5931 1656 5984 l0.
1735 5930 1777 5961 δι
1810 5930 1947 5984 lbid.

2084 5931 2138 5984 ll
2204 5946 2313 5985 see.
2369 5948 2487 5984 cxx.
