  <div class='ocr_page' id='page_1' title='image "/cluster/home/n/w/nwhite01/storage/ocr_20150623/127/coo.31924054870328/352.png"; bbox 0 0 4104 6434; ppageno 0'>
   <div class='ocr_carea' id='block_1_1' title="bbox 497 413 607 478">
    <p class='ocr_par' dir='ltr' id='par_1_1' title="bbox 497 413 607 478">
     <span class='ocr_line' id='line_1_1' title="bbox 497 413 607 478; baseline -0.009 0"><span class='ocrx_word' id='word_1_1' title='bbox 497 413 607 478; x_wconf 60' lang='lat'><strong>539</strong></span> 
     </span>
    </p>
   </div>
   <div class='ocr_carea' id='block_1_2' title="bbox 1382 407 2920 474">
    <p class='ocr_par' dir='ltr' id='par_1_2' title="bbox 1382 407 2920 474">
     <span class='ocr_line' id='line_1_2' title="bbox 1382 407 2920 474; baseline -0.002 -1"><span class='ocrx_word' id='word_1_2' title='bbox 1382 412 1670 474; x_wconf 79' lang='lat' dir='ltr'><strong>ORATIO</strong></span> <span class='ocrx_word' id='word_1_3' title='bbox 1707 408 1789 472; x_wconf 84' lang='lat' dir='ltr'><strong>IN</strong></span> <span class='ocrx_word' id='word_1_4' title='bbox 1821 408 1932 472; x_wconf 88' lang='lat' dir='ltr'><strong>SS.</strong></span> <span class='ocrx_word' id='word_1_5' title='bbox 1969 408 2321 471; x_wconf 64' lang='lat' dir='ltr'><strong>DEIPARE</strong></span> <span class='ocrx_word' id='word_1_6' title='bbox 2359 407 2920 472; x_wconf 60' lang='lat' dir='ltr'><strong>VISITATIONENI.</strong></span> 
     </span>
    </p>
   </div>
   <div class='ocr_carea' id='block_1_3' title="bbox 3667 403 3778 465">
    <p class='ocr_par' dir='ltr' id='par_1_3' title="bbox 3667 403 3778 465">
     <span class='ocr_line' id='line_1_3' title="bbox 3667 403 3778 465; baseline 0.018 -2"><span class='ocrx_word' id='word_1_7' title='bbox 3667 403 3778 465; x_wconf 66' lang='lat'><strong>630</strong></span> 
     </span>
    </p>
   </div>
   <div class='ocr_carea' id='block_1_4' title="bbox 498 519 2105 600">
    <p class='ocr_par' dir='ltr' id='par_1_4' title="bbox 498 526 2083 600">
     <span class='ocr_line' id='line_1_4' title="bbox 498 526 2083 600; baseline -0.003 -17"><span class='ocrx_word' id='word_1_8' title='bbox 498 532 642 584; x_wconf 75' lang='grc' dir='ltr'>ὥστε</span> <span class='ocrx_word' id='word_1_9' title='bbox 690 531 759 600; x_wconf 79' lang='grc' dir='ltr'>τῇ</span> <span class='ocrx_word' id='word_1_10' title='bbox 812 526 1081 600; x_wconf 72' lang='grc' dir='ltr'>ἐπιθυμίᾳ</span> <span class='ocrx_word' id='word_1_11' title='bbox 1135 527 1244 580; x_wconf 82' lang='grc' dir='ltr'><strong>τῶν</strong></span> <span class='ocrx_word' id='word_1_12' title='bbox 1305 527 1557 597; x_wconf 84' lang='grc' dir='ltr'>σαρκῶν,</span> <span class='ocrx_word' id='word_1_13' title='bbox 1601 528 1671 579; x_wconf 71' lang='grc' dir='ltr'>τὰ</span> <span class='ocrx_word' id='word_1_14' title='bbox 1722 526 2083 581; x_wconf 66' lang='grc' dir='ltr'>καταπτάντα</span> 
     </span>
    </p>
   </div>
   <div class='ocr_carea' id='block_1_5' title="bbox 2202 519 3775 600">
    <p class='ocr_par' dir='ltr' id='par_1_5' title="bbox 2202 519 3775 580">
     <span class='ocr_line' id='line_1_5' title="bbox 2202 519 3775 580; baseline -0.001 -4"><span class='ocrx_word' id='word_1_15' title='bbox 2202 531 2248 578; x_wconf 79' lang='grc' dir='ltr'><strong>ιι</strong></span> <span class='ocrx_word' id='word_1_16' title='bbox 2270 539 2397 580; x_wconf 86' lang='lat' dir='ltr'><strong>aves</strong></span> <span class='ocrx_word' id='word_1_17' title='bbox 2413 524 2485 579; x_wconf 91' lang='lat' dir='ltr'><strong>ob</strong></span> <span class='ocrx_word' id='word_1_18' title='bbox 2512 525 2760 579; x_wconf 89' lang='lat' dir='ltr'><strong>carnium</strong></span> <span class='ocrx_word' id='word_1_19' title='bbox 2787 522 3106 579; x_wconf 76' lang='lat' dir='ltr'><strong>aviditatem</strong></span> <span class='ocrx_word' id='word_1_20' title='bbox 3151 519 3470 577; x_wconf 86' lang='lat' dir='ltr'><strong>advolantes</strong></span> <span class='ocrx_word' id='word_1_21' title='bbox 3507 531 3562 576; x_wconf 90' lang='lat' dir='ltr'><strong>et</strong></span> <span class='ocrx_word' id='word_1_22' title='bbox 3604 522 3775 575; x_wconf 82' lang='lat' dir='ltr'><strong>altare</strong></span> 
     </span>
    </p>
   </div>
   <div class='ocr_carea' id='block_1_6' title="bbox 499 616 2086 695">
    <p class='ocr_par' dir='ltr' id='par_1_6' title="bbox 499 616 2086 695">
     <span class='ocr_line' id='line_1_6' title="bbox 499 616 2086 695; baseline -0.006 -17"><span class='ocrx_word' id='word_1_23' title='bbox 499 626 661 695; x_wconf 76' lang='grc' dir='ltr'>ὄρνεα</span> <span class='ocrx_word' id='word_1_24' title='bbox 684 625 780 677; x_wconf 80' lang='grc' dir='ltr'>καὶ</span> <span class='ocrx_word' id='word_1_25' title='bbox 809 624 869 675; x_wconf 74' lang='grc' dir='ltr'>τὸ</span> <span class='ocrx_word' id='word_1_26' title='bbox 895 621 1288 692; x_wconf 71' lang='grc' dir='ltr'><strong>θυσιαστήριον</strong></span> <span class='ocrx_word' id='word_1_27' title='bbox 1315 617 1783 687; x_wconf 72' lang='grc' dir='ltr'><strong>περικυκλοῦντα,</strong></span> <span class='ocrx_word' id='word_1_28' title='bbox 1819 616 2086 686; x_wconf 75' lang='grc' dir='ltr'><strong>πλείστην</strong></span> 
     </span>
    </p>
   </div>
   <div class='ocr_carea' id='block_1_7' title="bbox 500 707 2088 785">
    <p class='ocr_par' dir='ltr' id='par_1_7' title="bbox 500 707 2088 785">
     <span class='ocr_line' id='line_1_7' title="bbox 500 707 2088 785; baseline -0.005 -15"><span class='ocrx_word' id='word_1_29' title='bbox 500 716 651 785; x_wconf 82' lang='grc' dir='ltr'>αύτῷ</span> <span class='ocrx_word' id='word_1_30' title='bbox 683 716 784 785; x_wconf 76' lang='grc' dir='ltr'>τὴν</span> <span class='ocrx_word' id='word_1_31' title='bbox 812 714 1040 784; x_wconf 76' lang='grc' dir='ltr'>ὄχλησιν</span> <span class='ocrx_word' id='word_1_32' title='bbox 1083 710 1349 764; x_wconf 73' lang='grc' dir='ltr'>ἐνεποίει.</span> <span class='ocrx_word' id='word_1_33' title='bbox 1383 711 1476 763; x_wconf 73' lang='grc' dir='ltr'><strong>Διὸ</strong></span> <span class='ocrx_word' id='word_1_34' title='bbox 1509 710 1648 781; x_wconf 91' lang='grc' dir='ltr'>πρός</span> <span class='ocrx_word' id='word_1_35' title='bbox 1682 726 1742 763; x_wconf 85' lang='grc' dir='ltr'><strong>τε</strong></span> <span class='ocrx_word' id='word_1_36' title='bbox 1767 709 1869 780; x_wconf 80' lang='grc' dir='ltr'><strong>τὴν</strong></span> <span class='ocrx_word' id='word_1_37' title='bbox 1907 707 2088 762; x_wconf 80' lang='grc' dir='ltr'>αὐτῶν</span> 
     </span>
    </p>
   </div>
   <div class='ocr_carea' id='block_1_8' title="bbox 502 799 2089 877">
    <p class='ocr_par' dir='ltr' id='par_1_8' title="bbox 502 799 2089 877">
     <span class='ocr_line' id='line_1_8' title="bbox 502 799 2089 877; baseline -0.005 -17"><span class='ocrx_word' id='word_1_38' title='bbox 502 808 844 877; x_wconf 79' lang='grc' dir='ltr'>ἀποσόόησιν</span> <span class='ocrx_word' id='word_1_39' title='bbox 885 806 981 858; x_wconf 76' lang='grc' dir='ltr'><strong>καὶ</strong></span> <span class='ocrx_word' id='word_1_40' title='bbox 1015 804 1154 875; x_wconf 81' lang='grc' dir='ltr'>πρὸς</span> <span class='ocrx_word' id='word_1_41' title='bbox 1184 802 1283 874; x_wconf 77' lang='grc' dir='ltr'>τὴν</span> <span class='ocrx_word' id='word_1_42' title='bbox 1315 802 1412 855; x_wconf 78' lang='grc' dir='ltr'>τοῦ</span> <span class='ocrx_word' id='word_1_43' title='bbox 1443 800 1697 873; x_wconf 78' lang='grc' dir='ltr'><strong>χρησμοῦ</strong></span> <span class='ocrx_word' id='word_1_44' title='bbox 1726 799 2089 871; x_wconf 72' lang='grc' dir='ltr'><strong>μεριζόμενος</strong></span> 
     </span>
    </p>
   </div>
   <div class='ocr_carea' id='block_1_9' title="bbox 506 888 2091 969">
    <p class='ocr_par' dir='ltr' id='par_1_9' title="bbox 506 888 2091 969">
     <span class='ocr_line' id='line_1_9' title="bbox 506 888 2091 969; baseline -0.005 -16"><span class='ocrx_word' id='word_1_45' title='bbox 506 901 757 969; x_wconf 73' lang='grc' dir='ltr'>μέλησεν,</span> <span class='ocrx_word' id='word_1_46' title='bbox 801 900 1103 967; x_wconf 79' lang='grc' dir='ltr'>ἀνήκεστον</span> <span class='ocrx_word' id='word_1_47' title='bbox 1151 896 1214 949; x_wconf 74' lang='grc' dir='ltr'>τὸ</span> <span class='ocrx_word' id='word_1_48' title='bbox 1260 895 1424 964; x_wconf 74' lang='grc' dir='ltr'>ἄλγος</span> <span class='ocrx_word' id='word_1_49' title='bbox 1463 895 1694 965; x_wconf 67' lang='grc' dir='ltr'>ἐδέχετο.</span> <span class='ocrx_word' id='word_1_50' title='bbox 1733 888 1868 947; x_wconf 84' lang='grc' dir='ltr'><strong>Εἷτά</strong></span> <span class='ocrx_word' id='word_1_51' title='bbox 1899 910 1952 946; x_wconf 87' lang='grc' dir='ltr'><strong>τι</strong></span> <span class='ocrx_word' id='word_1_52' title='bbox 1984 909 2091 945; x_wconf 89' lang='grc' dir='ltr'>πα-</span> 
     </span>
    </p>
   </div>
   <div class='ocr_carea' id='block_1_10' title="bbox 507 987 2091 1063">
    <p class='ocr_par' dir='ltr' id='par_1_10' title="bbox 507 987 2091 1063">
     <span class='ocr_line' id='line_1_10' title="bbox 507 987 2091 1063; baseline -0.001 -20"><span class='ocrx_word' id='word_1_53' title='bbox 507 993 749 1063; x_wconf 75' lang='grc' dir='ltr'>ρέδραμε</span> <span class='ocrx_word' id='word_1_54' title='bbox 785 993 844 1045; x_wconf 70' lang='grc' dir='ltr'>τὸ</span> <span class='ocrx_word' id='word_1_55' title='bbox 878 992 980 1061; x_wconf 67' lang='grc' dir='ltr'>τῆς</span> <span class='ocrx_word' id='word_1_56' title='bbox 1011 990 1229 1063; x_wconf 77' lang='grc' dir='ltr'>ἡμέρας</span> <span class='ocrx_word' id='word_1_57' title='bbox 1269 990 1545 1052; x_wconf 77' lang='grc' dir='ltr'>πλεῖστον,</span> <span class='ocrx_word' id='word_1_58' title='bbox 1580 990 1672 1044; x_wconf 78' lang='grc' dir='ltr'>καὶ</span> <span class='ocrx_word' id='word_1_59' title='bbox 1702 988 1796 1042; x_wconf 88' lang='grc' dir='ltr'><strong>τδν</strong></span> <span class='ocrx_word' id='word_1_60' title='bbox 1822 988 2025 1042; x_wconf 79' lang='grc' dir='ltr'>οίκείον</span> <span class='ocrx_word' id='word_1_61' title='bbox 2062 987 2091 1041; x_wconf 86' lang='grc' dir='ltr'><em>ὁ</em></span> 
     </span>
    </p>
   </div>
   <div class='ocr_carea' id='block_1_11' title="bbox 504 1080 2093 1155">
    <p class='ocr_par' dir='ltr' id='par_1_11' title="bbox 504 1080 2093 1155">
     <span class='ocr_line' id='line_1_11' title="bbox 504 1080 2093 1155; baseline -0.002 -20"><span class='ocrx_word' id='word_1_62' title='bbox 504 1085 659 1153; x_wconf 73' lang='grc' dir='ltr'>ἥλιος</span> <span class='ocrx_word' id='word_1_63' title='bbox 690 1085 876 1155; x_wconf 75' lang='grc' dir='ltr'>διήνυε</span> <span class='ocrx_word' id='word_1_64' title='bbox 906 1083 1132 1154; x_wconf 79' lang='grc' dir='ltr'>δρόμον.</span> <span class='ocrx_word' id='word_1_65' title='bbox 1173 1082 1233 1135; x_wconf 83' lang='grc'><strong>’0</strong></span> <span class='ocrx_word' id='word_1_66' title='bbox 1278 1082 1461 1135; x_wconf 82' lang='grc' dir='ltr'>τοίνυν</span> <span class='ocrx_word' id='word_1_67' title='bbox 1492 1081 1866 1152; x_wconf 76' lang='grc' dir='ltr'><strong>πατριάρχης,</strong></span> <span class='ocrx_word' id='word_1_68' title='bbox 1903 1080 2093 1143; x_wconf 72' lang='grc' dir='ltr'>ἀτενὲς</span> 
     </span>
    </p>
   </div>
   <div class='ocr_carea' id='block_1_12' title="bbox 510 1172 2090 1247">
    <p class='ocr_par' dir='ltr' id='par_1_12' title="bbox 510 1172 2090 1247">
     <span class='ocr_line' id='line_1_12' title="bbox 510 1172 2090 1247; baseline -0.003 -19"><span class='ocrx_word' id='word_1_69' title='bbox 510 1177 609 1246; x_wconf 78' lang='grc' dir='ltr'><strong>μὲν</strong></span> <span class='ocrx_word' id='word_1_70' title='bbox 643 1177 702 1228; x_wconf 71' lang='grc' dir='ltr'>τὸ</span> <span class='ocrx_word' id='word_1_71' title='bbox 744 1176 899 1247; x_wconf 71' lang='grc' dir='ltr'>ὄμμα</span> <span class='ocrx_word' id='word_1_72' title='bbox 932 1176 1071 1246; x_wconf 77' lang='grc' dir='ltr'>πρὸς</span> <span class='ocrx_word' id='word_1_73' title='bbox 1100 1175 1335 1245; x_wconf 75' lang='grc' dir='ltr'>οὐρανὸν</span> <span class='ocrx_word' id='word_1_74' title='bbox 1375 1174 1538 1246; x_wconf 76' lang='grc' dir='ltr'>ἔχων,</span> <span class='ocrx_word' id='word_1_75' title='bbox 1578 1174 1677 1244; x_wconf 85' lang='grc' dir='ltr'>τὴν</span> <span class='ocrx_word' id='word_1_76' title='bbox 1715 1173 1774 1226; x_wconf 74' lang='grc' dir='ltr'>δὲ</span> <span class='ocrx_word' id='word_1_77' title='bbox 1810 1172 1904 1226; x_wconf 79' lang='grc' dir='ltr'>τοῦ</span> <span class='ocrx_word' id='word_1_78' title='bbox 1935 1172 2090 1243; x_wconf 79' lang='grc' dir='ltr'>ἡλίου</span> 
     </span>
    </p>
   </div>
   <div class='ocr_carea' id='block_1_13' title="bbox 507 1264 2094 1339">
    <p class='ocr_par' dir='ltr' id='par_1_13' title="bbox 507 1264 2094 1339">
     <span class='ocr_line' id='line_1_13' title="bbox 507 1264 2094 1339; baseline -0.002 -18"><span class='ocrx_word' id='word_1_79' title='bbox 507 1269 737 1337; x_wconf 76' lang='grc' dir='ltr'><strong>πορείαν</strong></span> <span class='ocrx_word' id='word_1_80' title='bbox 768 1269 1284 1339; x_wconf 76' lang='grc' dir='ltr'><strong>ἀναμετρούμενος,</strong></span> <span class='ocrx_word' id='word_1_81' title='bbox 1328 1268 1431 1338; x_wconf 85' lang='grc' dir='ltr'>τήν</span> <span class='ocrx_word' id='word_1_82' title='bbox 1463 1283 1520 1319; x_wconf 86' lang='grc' dir='ltr'><strong>τε</strong></span> <span class='ocrx_word' id='word_1_83' title='bbox 1552 1266 1733 1338; x_wconf 75' lang='grc' dir='ltr'>ψυχὴν</span> <span class='ocrx_word' id='word_1_84' title='bbox 1759 1264 2094 1334; x_wconf 86' lang='grc' dir='ltr'>διεσπαράτ-</span> 
     </span>
    </p>
   </div>
   <div class='ocr_carea' id='block_1_14' title="bbox 508 1357 2096 1431">
    <p class='ocr_par' dir='ltr' id='par_1_14' title="bbox 508 1357 2096 1431">
     <span class='ocr_line' id='line_1_14' title="bbox 508 1357 2096 1431; baseline -0.003 -16"><span class='ocrx_word' id='word_1_85' title='bbox 508 1380 653 1427; x_wconf 85' lang='grc' dir='ltr'>τετο,</span> <span class='ocrx_word' id='word_1_86' title='bbox 680 1364 776 1416; x_wconf 75' lang='grc' dir='ltr'>καὶ</span> <span class='ocrx_word' id='word_1_87' title='bbox 820 1365 899 1425; x_wconf 84' lang='grc' dir='ltr'><strong>είς</strong></span> <span class='ocrx_word' id='word_1_88' title='bbox 944 1363 1153 1431; x_wconf 81' lang='grc' dir='ltr'>ἄπορον</span> <span class='ocrx_word' id='word_1_89' title='bbox 1188 1360 1340 1431; x_wconf 84' lang='grc' dir='ltr'>αὐτῷ</span> <span class='ocrx_word' id='word_1_90' title='bbox 1380 1360 1448 1414; x_wconf 79' lang='grc' dir='ltr'><strong>τὰ</strong></span> <span class='ocrx_word' id='word_1_91' title='bbox 1488 1360 1590 1428; x_wconf 83' lang='grc' dir='ltr'>τῆς</span> <span class='ocrx_word' id='word_1_92' title='bbox 1629 1358 1910 1422; x_wconf 75' lang='grc' dir='ltr'>ἐκϐάσεως</span> <span class='ocrx_word' id='word_1_93' title='bbox 1939 1357 2096 1413; x_wconf 82' lang='grc' dir='ltr'>καθί-</span> 
     </span>
    </p>
   </div>
   <div class='ocr_carea' id='block_1_15' title="bbox 510 1449 2091 1524">
    <p class='ocr_par' dir='ltr' id='par_1_15' title="bbox 510 1449 2091 1524">
     <span class='ocr_line' id='line_1_15' title="bbox 510 1449 2091 1524; baseline -0.003 -17"><span class='ocrx_word' id='word_1_94' title='bbox 510 1471 692 1521; x_wconf 78' lang='grc' dir='ltr'>στατο.</span> <span class='ocrx_word' id='word_1_95' title='bbox 716 1454 881 1517; x_wconf 78' lang='grc' dir='ltr'>Τέλος</span> <span class='ocrx_word' id='word_1_96' title='bbox 909 1453 1156 1524; x_wconf 80' lang='grc' dir='ltr'>δυομένῳ</span> <span class='ocrx_word' id='word_1_97' title='bbox 1187 1452 1267 1523; x_wconf 83' lang='grc' dir='ltr'>τῷ</span> <span class='ocrx_word' id='word_1_98' title='bbox 1290 1451 1450 1524; x_wconf 80' lang='grc' dir='ltr'>ἡλίῳ,</span> <span class='ocrx_word' id='word_1_99' title='bbox 1478 1452 1572 1504; x_wconf 71' lang='grc' dir='ltr'>καὶ</span> <span class='ocrx_word' id='word_1_100' title='bbox 1601 1451 1670 1503; x_wconf 76' lang='grc' dir='ltr'>τὰ</span> <span class='ocrx_word' id='word_1_101' title='bbox 1710 1450 1804 1505; x_wconf 79' lang='grc' dir='ltr'>τοῦ</span> <span class='ocrx_word' id='word_1_102' title='bbox 1837 1449 2091 1522; x_wconf 79' lang='grc' dir='ltr'>χρησμοῦ</span> 
     </span>
    </p>
   </div>
   <div class='ocr_carea' id='block_1_16' title="bbox 507 1543 2093 1617">
    <p class='ocr_par' dir='ltr' id='par_1_16' title="bbox 507 1543 2093 1617">
     <span class='ocr_line' id='line_1_16' title="bbox 507 1543 2093 1617; baseline -0.001 -19"><span class='ocrx_word' id='word_1_103' title='bbox 507 1546 738 1615; x_wconf 77' lang='grc' dir='ltr'>συνῆλθε</span> <span class='ocrx_word' id='word_1_104' title='bbox 783 1548 1072 1617; x_wconf 80' lang='grc' dir='ltr'>προοίμια,</span> <span class='ocrx_word' id='word_1_105' title='bbox 1103 1548 1164 1598; x_wconf 84' lang='grc' dir='ltr'><strong>ού</strong></span> <span class='ocrx_word' id='word_1_106' title='bbox 1207 1547 1354 1599; x_wconf 78' lang='grc' dir='ltr'>κατὰ</span> <span class='ocrx_word' id='word_1_107' title='bbox 1395 1546 1459 1598; x_wconf 73' lang='grc' dir='ltr'>τὸ</span> <span class='ocrx_word' id='word_1_108' title='bbox 1493 1543 1853 1614; x_wconf 77' lang='grc' dir='ltr'>ἐλπιζόμενον</span> <span class='ocrx_word' id='word_1_109' title='bbox 1891 1544 2093 1613; x_wconf 76' lang='grc' dir='ltr'>πέρας,</span> 
     </span>
    </p>
   </div>
   <div class='ocr_carea' id='block_1_17' title="bbox 509 1635 2094 1709">
    <p class='ocr_par' dir='ltr' id='par_1_17' title="bbox 509 1635 2094 1709">
     <span class='ocr_line' id='line_1_17' title="bbox 509 1635 2094 1709; baseline -0.001 -18"><span class='ocrx_word' id='word_1_110' title='bbox 509 1640 645 1691; x_wconf 66' lang='grc' dir='ltr'>πολὺ</span> <span class='ocrx_word' id='word_1_111' title='bbox 695 1638 752 1691; x_wconf 80' lang='grc' dir='ltr'>δὲ</span> <span class='ocrx_word' id='word_1_112' title='bbox 786 1639 883 1705; x_wconf 75' lang='grc' dir='ltr'>τῆς</span> <span class='ocrx_word' id='word_1_113' title='bbox 945 1636 1276 1709; x_wconf 77' lang='grc' dir='ltr'>προσδοκίας</span> <span class='ocrx_word' id='word_1_114' title='bbox 1318 1638 1559 1691; x_wconf 75' lang='grc' dir='ltr'>ἐναντία.</span> <span class='ocrx_word' id='word_1_115' title='bbox 1604 1637 1746 1704; x_wconf 79' lang='grc' dir='ltr'>Περὶ</span> <span class='ocrx_word' id='word_1_116' title='bbox 1797 1635 1867 1690; x_wconf 81' lang='grc' dir='ltr'>δὲ</span> <span class='ocrx_word' id='word_1_117' title='bbox 1914 1637 2094 1705; x_wconf 67' lang='grc' dir='ltr'><strong>ἠλῖου</strong></span> 
     </span>
    </p>
   </div>
   <div class='ocr_carea' id='block_1_18' title="bbox 508 1725 2091 1799">
    <p class='ocr_par' dir='ltr' id='par_1_18' title="bbox 508 1725 2091 1799">
     <span class='ocr_line' id='line_1_18' title="bbox 508 1725 2091 1799; baseline -0.003 -16"><span class='ocrx_word' id='word_1_118' title='bbox 508 1729 767 1799; x_wconf 68' lang='grc' dir='ltr'>δυσμὰς,</span> <span class='ocrx_word' id='word_1_119' title='bbox 806 1729 993 1797; x_wconf 61' lang='grc' dir='ltr'>φησιν,</span> <span class='ocrx_word' id='word_1_120' title='bbox 1034 1730 1327 1795; x_wconf 77' lang='grc' dir='ltr'><strong>ἔκστασις</strong></span> <span class='ocrx_word' id='word_1_121' title='bbox 1373 1728 1640 1783; x_wconf 78' lang='grc' dir='ltr'>ἐπέπεσε</span> <span class='ocrx_word' id='word_1_122' title='bbox 1687 1726 1767 1792; x_wconf 84' lang='grc' dir='ltr'>τῷ</span> <span class='ocrx_word' id='word_1_123' title='bbox 1807 1725 2091 1793; x_wconf 79' lang='grc' dir='ltr'>Ἀϐραάμ·</span> 
     </span>
    </p>
   </div>
   <div class='ocr_carea' id='block_1_19' title="bbox 508 1817 2092 1891">
    <p class='ocr_par' dir='ltr' id='par_1_19' title="bbox 508 1817 2092 1891">
     <span class='ocr_line' id='line_1_19' title="bbox 508 1817 2092 1891; baseline -0.002 -15"><span class='ocrx_word' id='word_1_124' title='bbox 508 1824 607 1876; x_wconf 75' lang='grc' dir='ltr'>καὶ</span> <span class='ocrx_word' id='word_1_125' title='bbox 643 1822 772 1876; x_wconf 85' lang='grc' dir='ltr'>ιδοὺ</span> <span class='ocrx_word' id='word_1_126' title='bbox 804 1824 989 1891; x_wconf 64' lang='grc' dir='ltr'>φόϐος</span> <span class='ocrx_word' id='word_1_127' title='bbox 1002 1823 1190 1890; x_wconf 77' lang='grc' dir='ltr'>μέγας</span> <span class='ocrx_word' id='word_1_128' title='bbox 1229 1821 1550 1887; x_wconf 80' lang='grc' dir='ltr'>σκοτεινὸς</span> <span class='ocrx_word' id='word_1_129' title='bbox 1570 1820 1878 1875; x_wconf 76' lang='grc' dir='ltr'>ἐπιπίπτει</span> <span class='ocrx_word' id='word_1_130' title='bbox 1909 1817 2092 1884; x_wconf 75' lang='grc' dir='ltr'>αὐτῷ’</span> 
     </span>
    </p>
   </div>
   <div class='ocr_carea' id='block_1_20' title="bbox 2188 612 3773 686">
    <p class='ocr_par' dir='ltr' id='par_1_20' title="bbox 2188 612 3773 686">
     <span class='ocr_line' id='line_1_20' title="bbox 2188 612 3773 686; baseline -0.004 -13"><span class='ocrx_word' id='word_1_131' title='bbox 2188 618 2399 673; x_wconf 83' lang='lat' dir='ltr'><strong>circum</strong></span> <span class='ocrx_word' id='word_1_132' title='bbox 2452 616 2699 686; x_wconf 82' lang='lat' dir='ltr'><strong>undique</strong></span> <span class='ocrx_word' id='word_1_133' title='bbox 2749 625 3087 686; x_wconf 87' lang='lat' dir='ltr'><strong>occupantes</strong></span> <span class='ocrx_word' id='word_1_134' title='bbox 3147 613 3440 684; x_wconf 78' lang='lat' dir='ltr'><strong>plurimam</strong></span> <span class='ocrx_word' id='word_1_135' title='bbox 3488 612 3561 667; x_wconf 90' lang='lat' dir='ltr'><strong>illi</strong></span> <span class='ocrx_word' id='word_1_136' title='bbox 3604 615 3773 667; x_wconf 88' lang='lat' dir='ltr'><strong>mole-</strong></span> 
     </span>
    </p>
   </div>
   <div class='ocr_carea' id='block_1_21' title="bbox 2188 707 3776 783">
    <p class='ocr_par' dir='ltr' id='par_1_21' title="bbox 2188 707 3776 783">
     <span class='ocr_line' id='line_1_21' title="bbox 2188 707 3776 783; baseline -0.006 -16"><span class='ocrx_word' id='word_1_137' title='bbox 2188 713 2349 767; x_wconf 86' lang='lat' dir='ltr'><strong>stiam</strong></span> <span class='ocrx_word' id='word_1_138' title='bbox 2376 713 2714 783; x_wconf 79' lang='lat' dir='ltr'><strong>ingererent.</strong></span> <span class='ocrx_word' id='word_1_139' title='bbox 2744 711 3010 777; x_wconf 83' lang='lat' dir='ltr'><strong>Quocirca</strong></span> <span class='ocrx_word' id='word_1_140' title='bbox 3038 709 3130 762; x_wconf 91' lang='lat' dir='ltr'><strong>illc</strong></span> <span class='ocrx_word' id='word_1_141' title='bbox 3164 708 3219 763; x_wconf 92' lang='lat' dir='ltr'><strong>in</strong></span> <span class='ocrx_word' id='word_1_142' title='bbox 3240 707 3459 762; x_wconf 83' lang='lat' dir='ltr'><strong>diversa</strong></span> <span class='ocrx_word' id='word_1_143' title='bbox 3478 707 3776 761; x_wconf 71' lang='lat' dir='ltr'><strong>distractus</strong></span> 
     </span>
    </p>
   </div>
   <div class='ocr_carea' id='block_1_22' title="bbox 2189 798 3778 871">
    <p class='ocr_par' dir='ltr' id='par_1_22' title="bbox 2189 798 3778 871">
     <span class='ocr_line' id='line_1_22' title="bbox 2189 798 3778 871; baseline -0.004 -15"><span class='ocrx_word' id='word_1_144' title='bbox 2189 801 2391 871; x_wconf 89' lang='lat' dir='ltr'><strong>partim</strong></span> <span class='ocrx_word' id='word_1_145' title='bbox 2442 810 2503 855; x_wconf 91' lang='lat' dir='ltr'><strong>ut</strong></span> <span class='ocrx_word' id='word_1_146' title='bbox 2539 801 2795 855; x_wconf 76' lang='lat' dir='ltr'><strong>volucres</strong></span> <span class='ocrx_word' id='word_1_147' title='bbox 2822 800 3144 869; x_wconf 81' lang='lat' dir='ltr'><strong>depelleret,</strong></span> <span class='ocrx_word' id='word_1_148' title='bbox 3189 798 3390 868; x_wconf 81' lang='lat' dir='ltr'><strong>partim</strong></span> <span class='ocrx_word' id='word_1_149' title='bbox 3440 809 3503 852; x_wconf 90' lang='lat' dir='ltr'><strong>ut</strong></span> <span class='ocrx_word' id='word_1_150' title='bbox 3552 798 3778 852; x_wconf 85' lang='lat' dir='ltr'><strong>oraculo</strong></span> 
     </span>
    </p>
   </div>
   <div class='ocr_carea' id='block_1_23' title="bbox 2190 889 3774 961">
    <p class='ocr_par' dir='ltr' id='par_1_23' title="bbox 2190 889 3774 961">
     <span class='ocr_line' id='line_1_23' title="bbox 2190 889 3774 961; baseline -0.004 -12"><span class='ocrx_word' id='word_1_151' title='bbox 2190 894 2437 949; x_wconf 87' lang='lat' dir='ltr'><strong>animum</strong></span> <span class='ocrx_word' id='word_1_152' title='bbox 2465 893 2805 957; x_wconf 81' lang='lat' dir='ltr'><strong>intenderet,</strong></span> <span class='ocrx_word' id='word_1_153' title='bbox 2839 891 3176 946; x_wconf 75' lang='lat' dir='ltr'><strong>intolerabili</strong></span> <span class='ocrx_word' id='word_1_154' title='bbox 3210 905 3414 961; x_wconf 82' lang='lat' dir='ltr'><strong>angore</strong></span> <span class='ocrx_word' id='word_1_155' title='bbox 3454 889 3774 945; x_wconf 78' lang='lat' dir='ltr'><strong>vexabatur.</strong></span> 
     </span>
    </p>
   </div>
   <div class='ocr_carea' id='block_1_24' title="bbox 2190 981 3780 1056">
    <p class='ocr_par' dir='ltr' id='par_1_24' title="bbox 2190 981 3780 1056">
     <span class='ocr_line' id='line_1_24' title="bbox 2190 981 3780 1056; baseline -0.003 -15"><span class='ocrx_word' id='word_1_156' title='bbox 2190 985 2420 1041; x_wconf 88' lang='lat' dir='ltr'><strong>Interim</strong></span> <span class='ocrx_word' id='word_1_157' title='bbox 2467 999 2639 1056; x_wconf 84' lang='lat' dir='ltr'><strong>prope</strong></span> <span class='ocrx_word' id='word_1_158' title='bbox 2683 984 2920 1039; x_wconf 90' lang='lat' dir='ltr'><strong>maxima</strong></span> <span class='ocrx_word' id='word_1_159' title='bbox 2967 983 3303 1039; x_wconf 79' lang='lat' dir='ltr'><strong>decurrebat</strong></span> <span class='ocrx_word' id='word_1_160' title='bbox 3333 981 3443 1038; x_wconf 90' lang='lat' dir='ltr'><strong>diei</strong></span> <span class='ocrx_word' id='word_1_161' title='bbox 3517 996 3664 1052; x_wconf 88' lang='lat' dir='ltr'><strong>pars,</strong></span> <span class='ocrx_word' id='word_1_162' title='bbox 3725 990 3780 1036; x_wconf 91' lang='lat' dir='ltr'><strong>ct</strong></span> 
     </span>
    </p>
   </div>
   <div class='ocr_carea' id='block_1_25' title="bbox 2192 1075 3778 1149">
    <p class='ocr_par' dir='ltr' id='par_1_25' title="bbox 2192 1075 3778 1149">
     <span class='ocr_line' id='line_1_25' title="bbox 2192 1075 3778 1149; baseline -0.003 -17"><span class='ocrx_word' id='word_1_163' title='bbox 2192 1093 2419 1134; x_wconf 92' lang='lat' dir='ltr'><strong>cursum</strong></span> <span class='ocrx_word' id='word_1_164' title='bbox 2448 1094 2610 1133; x_wconf 87' lang='lat' dir='ltr'><strong>suum</strong></span> <span class='ocrx_word' id='word_1_165' title='bbox 2661 1077 2773 1149; x_wconf 83' lang='lat' dir='ltr'><strong>jam</strong></span> <span class='ocrx_word' id='word_1_166' title='bbox 2803 1077 2881 1133; x_wconf 87' lang='lat' dir='ltr'><strong>sol</strong></span> <span class='ocrx_word' id='word_1_167' title='bbox 2916 1076 3258 1132; x_wconf 88' lang='lat' dir='ltr'><strong>absolvebat.</strong></span> <span class='ocrx_word' id='word_1_168' title='bbox 3300 1075 3619 1131; x_wconf 84' lang='lat' dir='ltr'><strong>Patriarcha</strong></span> <span class='ocrx_word' id='word_1_169' title='bbox 3649 1092 3778 1146; x_wconf 81' lang='lat' dir='ltr'><strong>ergo</strong></span> 
     </span>
    </p>
   </div>
   <div class='ocr_carea' id='block_1_26' title="bbox 2192 1168 3781 1238">
    <p class='ocr_par' dir='ltr' id='par_1_26' title="bbox 2192 1168 3781 1238">
     <span class='ocr_line' id='line_1_26' title="bbox 2192 1168 3781 1238; baseline -0.003 -12"><span class='ocrx_word' id='word_1_170' title='bbox 2192 1173 2358 1227; x_wconf 88' lang='lat' dir='ltr'><strong>modo</strong></span> <span class='ocrx_word' id='word_1_171' title='bbox 2388 1172 2441 1226; x_wconf 93' lang='lat' dir='ltr'><strong>in</strong></span> <span class='ocrx_word' id='word_1_172' title='bbox 2471 1173 2642 1227; x_wconf 74' lang='lat' dir='ltr'><strong>cmlos</strong></span> <span class='ocrx_word' id='word_1_173' title='bbox 2680 1170 2937 1225; x_wconf 79' lang='lat' dir='ltr'><strong>obtutum</strong></span> <span class='ocrx_word' id='word_1_174' title='bbox 2969 1170 3232 1238; x_wconf 83' lang='lat' dir='ltr'><strong>deligens,</strong></span> <span class='ocrx_word' id='word_1_175' title='bbox 3281 1168 3446 1223; x_wconf 89' lang='lat' dir='ltr'><strong>modo</strong></span> <span class='ocrx_word' id='word_1_176' title='bbox 3486 1170 3612 1223; x_wconf 84' lang='lat' dir='ltr'><strong>iter&#39;</strong></span> <span class='ocrx_word' id='word_1_177' title='bbox 3648 1168 3781 1223; x_wconf 76' lang='lat' dir='ltr'><strong>solis</strong></span> 
     </span>
    </p>
   </div>
   <div class='ocr_carea' id='block_1_27' title="bbox 2193 1261 3781 1331">
    <p class='ocr_par' dir='ltr' id='par_1_27' title="bbox 2193 1261 3781 1331">
     <span class='ocr_line' id='line_1_27' title="bbox 2193 1261 3781 1331; baseline -0.004 -10"><span class='ocrx_word' id='word_1_178' title='bbox 2193 1266 2510 1331; x_wconf 87' lang='lat' dir='ltr'><strong>dimetiens,</strong></span> <span class='ocrx_word' id='word_1_179' title='bbox 2543 1277 2599 1319; x_wconf 86' lang='lat' dir='ltr'><strong>et</strong></span> <span class='ocrx_word' id='word_1_180' title='bbox 2635 1264 2962 1319; x_wconf 84' lang='lat' dir='ltr'><strong>tristabatur</strong></span> <span class='ocrx_word' id='word_1_181' title='bbox 2997 1263 3181 1318; x_wconf 85' lang='lat' dir='ltr'><strong>animo</strong></span> <span class='ocrx_word' id='word_1_182' title='bbox 3221 1272 3275 1316; x_wconf 91' lang='lat' dir='ltr'><strong>et</strong></span> <span class='ocrx_word' id='word_1_183' title='bbox 3316 1262 3544 1316; x_wconf 87' lang='lat' dir='ltr'><strong>dubium</strong></span> <span class='ocrx_word' id='word_1_184' title='bbox 3586 1262 3661 1316; x_wconf 88' lang='lat' dir='ltr'><strong>illi</strong></span> <span class='ocrx_word' id='word_1_185' title='bbox 3713 1261 3781 1316; x_wconf 88' lang='lat' dir='ltr'><strong>de</strong></span> 
     </span>
    </p>
   </div>
   <div class='ocr_carea' id='block_1_28' title="bbox 2194 1353 3781 1423">
    <p class='ocr_par' dir='ltr' id='par_1_28' title="bbox 2194 1353 3781 1423">
     <span class='ocr_line' id='line_1_28' title="bbox 2194 1353 3781 1423; baseline -0.002 -13"><span class='ocrx_word' id='word_1_186' title='bbox 2194 1356 2275 1411; x_wconf 88' lang='lat' dir='ltr'><strong>rei</strong></span> <span class='ocrx_word' id='word_1_187' title='bbox 2306 1356 2458 1411; x_wconf 83' lang='lat' dir='ltr'><strong>exitu</strong></span> <span class='ocrx_word' id='word_1_188' title='bbox 2491 1356 2904 1411; x_wconf 85' lang='lat' dir='ltr'><strong>suboriebatur.</strong></span> <span class='ocrx_word' id='word_1_189' title='bbox 2936 1353 3182 1409; x_wconf 77' lang='lat' dir='ltr'><strong>Tandem</strong></span> <span class='ocrx_word' id='word_1_190' title='bbox 3212 1354 3500 1408; x_wconf 78' lang='lat' dir='ltr'><strong>occidente</strong></span> <span class='ocrx_word' id='word_1_191' title='bbox 3518 1353 3628 1423; x_wconf 85' lang='lat' dir='ltr'><strong>jam</strong></span> <span class='ocrx_word' id='word_1_192' title='bbox 3665 1354 3781 1407; x_wconf 84' lang='lat' dir='ltr'><strong>sole</strong></span> 
     </span>
    </p>
   </div>
   <div class='ocr_carea' id='block_1_29' title="bbox 2195 1449 3782 1525">
    <p class='ocr_par' dir='ltr' id='par_1_29' title="bbox 2195 1449 3782 1525">
     <span class='ocr_line' id='line_1_29' title="bbox 2195 1449 3782 1525; baseline -0.005 -18"><span class='ocrx_word' id='word_1_193' title='bbox 2195 1452 2498 1525; x_wconf 84' lang='lat' dir='ltr'><strong>primordia</strong></span> <span class='ocrx_word' id='word_1_194' title='bbox 2533 1468 2761 1523; x_wconf 84' lang='lat' dir='ltr'><strong>quoque</strong></span> <span class='ocrx_word' id='word_1_195' title='bbox 2790 1451 3034 1506; x_wconf 91' lang='lat' dir='ltr'><strong>vaticinii</strong></span> <span class='ocrx_word' id='word_1_196' title='bbox 3076 1449 3241 1505; x_wconf 88' lang='lat' dir='ltr'><strong>simul</strong></span> <span class='ocrx_word' id='word_1_197' title='bbox 3290 1462 3617 1518; x_wconf 84' lang='lat' dir='ltr'><strong>apparuere,</strong></span> <span class='ocrx_word' id='word_1_198' title='bbox 3672 1461 3782 1500; x_wconf 91' lang='lat' dir='ltr'><strong>non</strong></span> 
     </span>
    </p>
   </div>
   <div class='ocr_carea' id='block_1_30' title="bbox 2196 1539 3782 1616">
    <p class='ocr_par' dir='ltr' id='par_1_30' title="bbox 2196 1539 3782 1616">
     <span class='ocr_line' id='line_1_30' title="bbox 2196 1539 3782 1616; baseline -0.003 -20"><span class='ocrx_word' id='word_1_199' title='bbox 2196 1544 2421 1616; x_wconf 85' lang='lat' dir='ltr'><strong>quidem</strong></span> <span class='ocrx_word' id='word_1_200' title='bbox 2451 1543 2757 1599; x_wconf 88' lang='lat' dir='ltr'><strong>secundum</strong></span> <span class='ocrx_word' id='word_1_201' title='bbox 2794 1543 3026 1607; x_wconf 85' lang='lat' dir='ltr'><strong>exitum,</strong></span> <span class='ocrx_word' id='word_1_202' title='bbox 3063 1558 3225 1613; x_wconf 85' lang='lat' dir='ltr'><strong>quem</strong></span> <span class='ocrx_word' id='word_1_203' title='bbox 3249 1539 3355 1596; x_wconf 83' lang='lat' dir='ltr'><strong>sibi</strong></span> <span class='ocrx_word' id='word_1_204' title='bbox 3398 1539 3782 1610; x_wconf 83' lang='lat' dir='ltr'><strong>pollicebatur,</strong></span> 
     </span>
    </p>
   </div>
   <div class='ocr_carea' id='block_1_31' title="bbox 2197 1635 3784 1707">
    <p class='ocr_par' dir='ltr' id='par_1_31' title="bbox 2197 1635 3784 1707">
     <span class='ocr_line' id='line_1_31' title="bbox 2197 1635 3784 1707; baseline -0.004 -15"><span class='ocrx_word' id='word_1_205' title='bbox 2197 1636 2292 1692; x_wconf 87' lang='lat' dir='ltr'><strong>sed</strong></span> <span class='ocrx_word' id='word_1_206' title='bbox 2322 1652 2548 1707; x_wconf 84' lang='lat' dir='ltr'><strong>prorsus</strong></span> <span class='ocrx_word' id='word_1_207' title='bbox 2573 1645 2768 1692; x_wconf 88' lang='lat' dir='ltr'><strong>contra</strong></span> <span class='ocrx_word' id='word_1_208' title='bbox 2800 1652 2865 1693; x_wconf 92' lang='lat' dir='ltr'><strong>ac</strong></span> <span class='ocrx_word' id='word_1_209' title='bbox 2908 1636 3185 1707; x_wconf 83' lang='lat' dir='ltr'><strong>sperabat.</strong></span> <span class='ocrx_word' id='word_1_210' title='bbox 3218 1635 3454 1707; x_wconf 84' lang='lat' dir='ltr'><strong>Cumque</strong></span> <span class='ocrx_word' id='word_1_211' title='bbox 3477 1637 3559 1691; x_wconf 89' lang='lat' dir='ltr'><strong>sol</strong></span> <span class='ocrx_word' id='word_1_212' title='bbox 3578 1652 3784 1690; x_wconf 84' lang='lat' dir='ltr'><strong>occum-</strong></span> 
     </span>
    </p>
   </div>
   <div class='ocr_carea' id='block_1_32' title="bbox 2199 1729 3787 1800">
    <p class='ocr_par' dir='ltr' id='par_1_32' title="bbox 2199 1729 3787 1800">
     <span class='ocr_line' id='line_1_32' title="bbox 2199 1729 3787 1800; baseline -0.001 -18"><span class='ocrx_word' id='word_1_213' title='bbox 2199 1729 2364 1793; x_wconf 84' lang='lat' dir='ltr'><strong>beret,</strong></span> <span class='ocrx_word' id='word_1_214' title='bbox 2398 1729 2577 1800; x_wconf 80' lang='lat' dir='ltr'><strong>inquit</strong></span> <span class='ocrx_word' id='word_1_215' title='bbox 2599 1730 2667 1793; x_wconf 69' lang='grc' dir='ltr'>σί,</span> <span class='ocrx_word' id='word_1_216' title='bbox 2706 1746 2864 1799; x_wconf 88' lang='lat' dir='ltr'><strong>sopor</strong></span> <span class='ocrx_word' id='word_1_217' title='bbox 2883 1730 3043 1783; x_wconf 79' lang='lat' dir='ltr'><strong>irruit</strong></span> <span class='ocrx_word' id='word_1_218' title='bbox 3078 1746 3238 1799; x_wconf 85' lang='lat' dir='ltr'><strong>super</strong></span> <span class='ocrx_word' id='word_1_219' title='bbox 3263 1730 3570 1795; x_wconf 84' lang='lat' dir='ltr'><strong>Abraham;</strong></span> <span class='ocrx_word' id='word_1_220' title='bbox 3597 1737 3643 1782; x_wconf 87' lang='lat' dir='ltr'><strong>et</strong></span> <span class='ocrx_word' id='word_1_221' title='bbox 3673 1745 3787 1782; x_wconf 77' lang='lat' dir='ltr'><strong>erce</strong></span> 
     </span>
    </p>
   </div>
   <div class='ocr_carea' id='block_1_33' title="bbox 2200 1820 3787 1891">
    <p class='ocr_par' dir='ltr' id='par_1_33' title="bbox 2200 1820 3787 1891">
     <span class='ocr_line' id='line_1_33' title="bbox 2200 1820 3787 1891; baseline -0.001 -18"><span class='ocrx_word' id='word_1_222' title='bbox 2200 1822 2389 1874; x_wconf 82' lang='lat' dir='ltr'><strong>horror</strong></span> <span class='ocrx_word' id='word_1_223' title='bbox 2427 1837 2653 1891; x_wconf 83' lang='lat' dir='ltr'><strong>magnus</strong></span> <span class='ocrx_word' id='word_1_224' title='bbox 2693 1829 2742 1874; x_wconf 88' lang='lat' dir='ltr'><strong>et</strong></span> <span class='ocrx_word' id='word_1_225' title='bbox 2790 1821 3087 1875; x_wconf 75' lang='lat' dir='ltr'><strong>tenebrosus</strong></span> <span class='ocrx_word' id='word_1_226' title='bbox 3131 1822 3324 1875; x_wconf 80' lang='lat' dir='ltr'><strong>invasit</strong></span> <span class='ocrx_word' id='word_1_227' title='bbox 3357 1837 3499 1883; x_wconf 86' lang='lat' dir='ltr'><strong>eum,</strong></span> <span class='ocrx_word' id='word_1_228' title='bbox 3560 1820 3787 1874; x_wconf 84' lang='lat' dir='ltr'><strong>dictum-</strong></span> 
     </span>
    </p>
   </div>
   <div class='ocr_carea' id='block_1_34' title="bbox 509 1892 2105 1984">
    <p class='ocr_par' dir='ltr' id='par_1_34' title="bbox 509 1909 2094 1984">
     <span class='ocr_line' id='line_1_34' title="bbox 509 1909 2094 1984; baseline -0.004 -16"><span class='ocrx_word' id='word_1_229' title='bbox 509 1915 605 1968; x_wconf 65' lang='grc' dir='ltr'>καὶ</span> <span class='ocrx_word' id='word_1_230' title='bbox 636 1915 845 1984; x_wconf 73' lang='grc' dir='ltr'>ἐρρέθη</span> <span class='ocrx_word' id='word_1_231' title='bbox 875 1913 1025 1983; x_wconf 81' lang='grc' dir='ltr'>πρὸς</span> <span class='ocrx_word' id='word_1_232' title='bbox 1071 1912 1352 1982; x_wconf 60' lang='grc' dir='ltr'>Ἀϐραάμ*</span> <span class='ocrx_word' id='word_1_233' title='bbox 1374 1913 1705 1967; x_wconf 75' lang='grc' dir='ltr'>Γινώσκων</span> <span class='ocrx_word' id='word_1_234' title='bbox 1740 1910 1971 1981; x_wconf 67' lang='grc' dir='ltr'>γνώσῃ,</span> <span class='ocrx_word' id='word_1_235' title='bbox 2002 1909 2094 1963; x_wconf 86' lang='grc' dir='ltr'>ὅτι</span> 
     </span>
    </p>
   </div>
   <div class='ocr_carea' id='block_1_35' title="bbox 2202 1892 3789 1984">
    <p class='ocr_par' dir='ltr' id='par_1_35' title="bbox 2202 1909 3789 1982">
     <span class='ocr_line' id='line_1_35' title="bbox 2202 1909 3789 1982; baseline 0 -19"><span class='ocrx_word' id='word_1_236' title='bbox 2202 1926 2300 1980; x_wconf 85' lang='lat' dir='ltr'><strong>que</strong></span> <span class='ocrx_word' id='word_1_237' title='bbox 2323 1920 2396 1965; x_wconf 87' lang='lat' dir='ltr'><strong>est</strong></span> <span class='ocrx_word' id='word_1_238' title='bbox 2427 1911 2498 1965; x_wconf 85' lang='lat' dir='ltr'><strong>ad</strong></span> <span class='ocrx_word' id='word_1_239' title='bbox 2530 1910 2801 1966; x_wconf 82' lang='lat' dir='ltr'><strong>Abraham</strong></span> <span class='ocrx_word' id='word_1_240' title='bbox 2836 1927 2854 1964; x_wconf 89' lang='lat'><strong><em>:</em></strong></span> <span class='ocrx_word' id='word_1_241' title='bbox 2884 1909 3027 1967; x_wconf 83' lang='lat' dir='ltr'><strong>Scito</strong></span> <span class='ocrx_word' id='word_1_242' title='bbox 3056 1927 3406 1982; x_wconf 71' lang='lat' dir='ltr'><strong>prwnoscens,</strong></span> <span class='ocrx_word' id='word_1_243' title='bbox 3446 1909 3588 1981; x_wconf 83' lang='lat' dir='ltr'><strong>quod</strong></span> <span class='ocrx_word' id='word_1_244' title='bbox 3640 1925 3789 1979; x_wconf 87' lang='lat' dir='ltr'><strong>pere-</strong></span> 
     </span>
    </p>
   </div>
   <div class='ocr_carea' id='block_1_36' title="bbox 509 2000 2086 2076">
    <p class='ocr_par' dir='ltr' id='par_1_36' title="bbox 509 2000 2086 2076">
     <span class='ocr_line' id='line_1_36' title="bbox 509 2000 2086 2076; baseline -0.004 -16"><span class='ocrx_word' id='word_1_245' title='bbox 509 2006 804 2076; x_wconf 78' lang='grc' dir='ltr'>πιίροικον</span> <span class='ocrx_word' id='word_1_246' title='bbox 838 2006 1009 2060; x_wconf 79' lang='grc' dir='ltr'>ἔσται</span> <span class='ocrx_word' id='word_1_247' title='bbox 1041 2004 1107 2058; x_wconf 86' lang='grc' dir='ltr'><strong>τό</strong></span> <span class='ocrx_word' id='word_1_248' title='bbox 1137 2003 1379 2073; x_wconf 80' lang='grc' dir='ltr'>σπέρμα</span> <span class='ocrx_word' id='word_1_249' title='bbox 1412 2019 1530 2059; x_wconf 88' lang='grc' dir='ltr'><strong>σου</strong></span> <span class='ocrx_word' id='word_1_250' title='bbox 1559 2004 1630 2057; x_wconf 77' lang='grc' dir='ltr'><em>ὲν</em></span> <span class='ocrx_word' id='word_1_251' title='bbox 1665 2001 1743 2072; x_wconf 74' lang='grc' dir='ltr'><strong>γῇ</strong></span> <span class='ocrx_word' id='word_1_252' title='bbox 1780 2003 1895 2056; x_wconf 82' lang='grc' dir='ltr'>οὐκ</span> <span class='ocrx_word' id='word_1_253' title='bbox 1943 2000 2086 2068; x_wconf 76' lang='grc' dir='ltr'>ίδίᾳ.</span> 
     </span>
    </p>
   </div>
   <div class='ocr_carea' id='block_1_37' title="bbox 510 2097 1480 2171">
    <p class='ocr_par' dir='ltr' id='par_1_37' title="bbox 510 2097 1480 2171">
     <span class='ocr_line' id='line_1_37' title="bbox 510 2097 1480 2171; baseline -0.003 -18"><span class='ocrx_word' id='word_1_254' title='bbox 510 2098 685 2153; x_wconf 78' lang='grc' dir='ltr'>Τοῦτο</span> <span class='ocrx_word' id='word_1_255' title='bbox 712 2101 813 2171; x_wconf 77' lang='grc' dir='ltr'>τῆς</span> <span class='ocrx_word' id='word_1_256' title='bbox 848 2097 1250 2167; x_wconf 64' lang='grc' dir='ltr'>ἀντιλογίαςοτδ</span> <span class='ocrx_word' id='word_1_257' title='bbox 1284 2098 1480 2167; x_wconf 75' lang='grc' dir='ltr'>πέρας.</span> 
     </span>
    </p>
   </div>
   <div class='ocr_carea' id='block_1_38' title="bbox 595 2184 2098 2259">
    <p class='ocr_par' dir='ltr' id='par_1_38' title="bbox 595 2184 2098 2259">
     <span class='ocr_line' id='line_1_38' title="bbox 595 2184 2098 2259; baseline -0.001 -18"><span class='ocrx_word' id='word_1_258' title='bbox 595 2188 735 2242; x_wconf 82' lang='grc' dir='ltr'>Ἀλλ’</span> <span class='ocrx_word' id='word_1_259' title='bbox 765 2188 852 2241; x_wconf 76' lang='grc' dir='ltr'>ἵνα</span> <span class='ocrx_word' id='word_1_260' title='bbox 877 2190 951 2259; x_wconf 81' lang='grc' dir='ltr'><strong>μὴ</strong></span> <span class='ocrx_word' id='word_1_261' title='bbox 990 2188 1053 2241; x_wconf 77' lang='grc' dir='ltr'><strong>τὸ</strong></span> <span class='ocrx_word' id='word_1_262' title='bbox 1081 2189 1364 2259; x_wconf 83' lang='grc' dir='ltr'>πάρεργον</span> <span class='ocrx_word' id='word_1_263' title='bbox 1387 2189 1480 2240; x_wconf 75' lang='grc' dir='ltr'>τὸν</span> <span class='ocrx_word' id='word_1_264' title='bbox 1509 2187 1603 2240; x_wconf 78' lang='grc' dir='ltr'>τοῦ</span> <span class='ocrx_word' id='word_1_265' title='bbox 1628 2186 1793 2257; x_wconf 76' lang='grc' dir='ltr'>ἔργου</span> <span class='ocrx_word' id='word_1_266' title='bbox 1818 2184 2098 2259; x_wconf 81' lang='grc' dir='ltr'><strong>διακωλύῃ</strong></span> 
     </span>
    </p>
   </div>
   <div class='ocr_carea' id='block_1_39' title="bbox 512 2278 2094 2349">
    <p class='ocr_par' dir='ltr' id='par_1_39' title="bbox 512 2278 2094 2349">
     <span class='ocr_line' id='line_1_39' title="bbox 512 2278 2094 2349; baseline -0.004 -15"><span class='ocrx_word' id='word_1_267' title='bbox 512 2280 736 2343; x_wconf 83' lang='grc' dir='ltr'>σκοπὸν,</span> <span class='ocrx_word' id='word_1_268' title='bbox 767 2279 829 2332; x_wconf 80' lang='grc' dir='ltr'>τὸ</span> <span class='ocrx_word' id='word_1_269' title='bbox 857 2278 1088 2348; x_wconf 78' lang='grc' dir='ltr'>ἀψευδὲς</span> <span class='ocrx_word' id='word_1_270' title='bbox 1116 2279 1211 2331; x_wconf 81' lang='grc' dir='ltr'>τοῦ</span> <span class='ocrx_word' id='word_1_271' title='bbox 1235 2278 1396 2347; x_wconf 83' lang='grc' dir='ltr'>λόγου</span> <span class='ocrx_word' id='word_1_272' title='bbox 1455 2279 1546 2331; x_wconf 66' lang='grc' dir='ltr'><strong>διὰ</strong></span> <span class='ocrx_word' id='word_1_273' title='bbox 1602 2278 1715 2330; x_wconf 85' lang='grc' dir='ltr'>τῶν</span> <span class='ocrx_word' id='word_1_274' title='bbox 1758 2278 2094 2349; x_wconf 73' lang='grc' dir='ltr'>εἰρημένων,</span> 
     </span>
    </p>
   </div>
   <div class='ocr_carea' id='block_1_40' title="bbox 510 2369 2099 2440">
    <p class='ocr_par' dir='ltr' id='par_1_40' title="bbox 510 2369 2099 2440">
     <span class='ocr_line' id='line_1_40' title="bbox 510 2369 2099 2440; baseline -0.004 -13"><span class='ocrx_word' id='word_1_275' title='bbox 510 2375 722 2427; x_wconf 80' lang='grc' dir='ltr'>δίκαιον</span> <span class='ocrx_word' id='word_1_276' title='bbox 764 2371 1191 2440; x_wconf 79' lang='grc' dir='ltr'>ὲπισφραγίσαι,</span> <span class='ocrx_word' id='word_1_277' title='bbox 1219 2374 1280 2423; x_wconf 88' lang='grc' dir='ltr'><strong>τὸ</strong></span> <span class='ocrx_word' id='word_1_278' title='bbox 1318 2370 1531 2433; x_wconf 80' lang='grc' dir='ltr'>πάντας</span> <span class='ocrx_word' id='word_1_279' title='bbox 1558 2370 1828 2440; x_wconf 80' lang='grc' dir='ltr'><strong>ἡττᾶσθαι</strong></span> <span class='ocrx_word' id='word_1_280' title='bbox 1855 2369 2099 2432; x_wconf 81' lang='grc' dir='ltr'>δικαίους</span> 
     </span>
    </p>
   </div>
   <div class='ocr_carea' id='block_1_41' title="bbox 512 2458 2101 2530">
    <p class='ocr_par' dir='ltr' id='par_1_41' title="bbox 512 2458 2101 2530">
     <span class='ocr_line' id='line_1_41' title="bbox 512 2458 2101 2530; baseline -0.003 -15"><span class='ocrx_word' id='word_1_281' title='bbox 512 2464 632 2523; x_wconf 77' lang='grc' dir='ltr'>ταῖς</span> <span class='ocrx_word' id='word_1_282' title='bbox 666 2461 808 2515; x_wconf 82' lang='grc' dir='ltr'>κατὰ</span> <span class='ocrx_word' id='word_1_283' title='bbox 840 2461 1004 2530; x_wconf 77' lang='grc' dir='ltr'>μέρος</span> <span class='ocrx_word' id='word_1_284' title='bbox 1027 2461 1257 2528; x_wconf 80' lang='grc' dir='ltr'>ἀρεταῖς</span> <span class='ocrx_word' id='word_1_285' title='bbox 1282 2460 1384 2529; x_wconf 81' lang='grc' dir='ltr'>τῆς</span> <span class='ocrx_word' id='word_1_286' title='bbox 1405 2459 1820 2530; x_wconf 81' lang='grc' dir='ltr'>ἀνερμηνεύτου</span> <span class='ocrx_word' id='word_1_287' title='bbox 1856 2458 2101 2512; x_wconf 83' lang='grc' dir='ltr'>καθυπο-</span> 
     </span>
    </p>
   </div>
   <div class='ocr_carea' id='block_1_42' title="bbox 513 2551 2100 2623">
    <p class='ocr_par' dir='ltr' id='par_1_42' title="bbox 513 2551 2100 2623">
     <span class='ocr_line' id='line_1_42' title="bbox 513 2551 2100 2623; baseline -0.001 -16"><span class='ocrx_word' id='word_1_288' title='bbox 513 2554 794 2607; x_wconf 83' lang='grc' dir='ltr'>δείκνυται</span> <span class='ocrx_word' id='word_1_289' title='bbox 836 2554 1135 2623; x_wconf 77' lang='grc' dir='ltr'>Παρθένου.</span> <span class='ocrx_word' id='word_1_290' title='bbox 1195 2552 1339 2606; x_wconf 78' lang='grc' dir='ltr'>Ἀλλ’</span> <span class='ocrx_word' id='word_1_291' title='bbox 1388 2552 1685 2607; x_wconf 76' lang='grc' dir='ltr'>ἀκόλουθον</span> <span class='ocrx_word' id='word_1_292' title='bbox 1718 2552 1856 2623; x_wconf 80' lang='grc' dir='ltr'>πρὸς</span> <span class='ocrx_word' id='word_1_293' title='bbox 1899 2551 1962 2606; x_wconf 80' lang='grc' dir='ltr'><strong>τὸ</strong></span> <span class='ocrx_word' id='word_1_294' title='bbox 2000 2552 2100 2622; x_wconf 78' lang='grc' dir='ltr'>τῆς</span> 
     </span>
    </p>
   </div>
   <div class='ocr_carea' id='block_1_43' title="bbox 517 2644 1108 2717">
    <p class='ocr_par' dir='ltr' id='par_1_43' title="bbox 517 2644 1108 2717">
     <span class='ocr_line' id='line_1_43' title="bbox 517 2644 1108 2717; baseline 0 -18"><span class='ocrx_word' id='word_1_295' title='bbox 517 2645 758 2717; x_wconf 74' lang='grc' dir='ltr'>ἱστορίας</span> <span class='ocrx_word' id='word_1_296' title='bbox 792 2646 920 2715; x_wconf 79' lang='grc' dir='ltr'>ἑξῆς</span> <span class='ocrx_word' id='word_1_297' title='bbox 947 2644 1108 2699; x_wconf 81' lang='grc' dir='ltr'>ἱέναι.</span> 
     </span>
    </p>
   </div>
   <div class='ocr_carea' id='block_1_44' title="bbox 583 2820 2099 2895">
    <p class='ocr_par' dir='ltr' id='par_1_44' title="bbox 583 2820 2099 2895">
     <span class='ocr_line' id='line_1_44' title="bbox 583 2820 2099 2895; baseline -0.006 -13"><span class='ocrx_word' id='word_1_298' title='bbox 583 2825 722 2883; x_wconf 74' lang='grc' dir='ltr'>κη’.</span> <span class='ocrx_word' id='word_1_299' title='bbox 752 2828 985 2895; x_wconf 75' lang='grc' dir='ltr'>Ἔμεινε</span> <span class='ocrx_word' id='word_1_300' title='bbox 1006 2823 1075 2877; x_wconf 78' lang='grc' dir='ltr'>δὲ</span> <span class='ocrx_word' id='word_1_301' title='bbox 1109 2821 1347 2891; x_wconf 80' lang='grc' dir='ltr'>Μαριὰμ</span> <span class='ocrx_word' id='word_1_302' title='bbox 1385 2820 1508 2875; x_wconf 87' lang='grc' dir='ltr'><strong>σὺν</strong></span> <span class='ocrx_word' id='word_1_303' title='bbox 1531 2820 1692 2889; x_wconf 82' lang='grc' dir='ltr'><strong>αὐτῇ</strong></span> <span class='ocrx_word' id='word_1_304' title='bbox 1720 2821 1862 2876; x_wconf 80' lang='grc' dir='ltr'>ὡσεί</span> <span class='ocrx_word' id='word_1_305' title='bbox 1900 2821 2099 2892; x_wconf 73' lang='grc' dir='ltr'>μῆνας</span> 
     </span>
    </p>
   </div>
   <div class='ocr_carea' id='block_1_45' title="bbox 517 2911 2096 2989">
    <p class='ocr_par' dir='ltr' id='par_1_45' title="bbox 517 2911 2096 2989">
     <span class='ocr_line' id='line_1_45' title="bbox 517 2911 2096 2989; baseline -0.005 -13"><span class='ocrx_word' id='word_1_306' title='bbox 517 2922 725 2989; x_wconf 76' lang='grc' dir='ltr'>τρεῖς,</span> <span class='ocrx_word' id='word_1_307' title='bbox 762 2922 862 2975; x_wconf 77' lang='grc' dir='ltr'>καὶ</span> <span class='ocrx_word' id='word_1_308' title='bbox 924 2918 1316 2987; x_wconf 77' lang='grc' dir='ltr'>ὑπέστρεψεν</span> <span class='ocrx_word' id='word_1_309' title='bbox 1363 2918 1450 2981; x_wconf 81' lang='grc' dir='ltr'>εις</span> <span class='ocrx_word' id='word_1_310' title='bbox 1494 2915 1603 2969; x_wconf 69' lang='grc' dir='ltr'><strong>τὸν</strong></span> <span class='ocrx_word' id='word_1_311' title='bbox 1654 2911 1825 2971; x_wconf 76' lang='grc' dir='ltr'>οἶκον</span> <span class='ocrx_word' id='word_1_312' title='bbox 1886 2914 2096 2981; x_wconf 79' lang='grc' dir='ltr'>αὐτῆς.</span> 
     </span>
    </p>
   </div>
   <div class='ocr_carea' id='block_1_46' title="bbox 520 3007 2100 3082">
    <p class='ocr_par' dir='ltr' id='par_1_46' title="bbox 520 3007 2100 3082">
     <span class='ocr_line' id='line_1_46' title="bbox 520 3007 2100 3082; baseline -0.005 -14"><span class='ocrx_word' id='word_1_313' title='bbox 520 3013 706 3079; x_wconf 83' lang='grc' dir='ltr'>Ἀξιον</span> <span class='ocrx_word' id='word_1_314' title='bbox 742 3013 841 3082; x_wconf 79' lang='grc' dir='ltr'><strong>μὲν</strong></span> <span class='ocrx_word' id='word_1_315' title='bbox 865 3007 958 3065; x_wconf 82' lang='grc' dir='ltr'><strong>οὖν</strong></span> <span class='ocrx_word' id='word_1_316' title='bbox 983 3011 1314 3078; x_wconf 67' lang='grc' dir='ltr'>διαπορῆσαι</span> <span class='ocrx_word' id='word_1_317' title='bbox 1340 3008 1633 3078; x_wconf 81' lang='grc' dir='ltr'>πρότερον,</span> <span class='ocrx_word' id='word_1_318' title='bbox 1666 3009 1791 3060; x_wconf 79' lang='grc' dir='ltr'>ὅτου</span> <span class='ocrx_word' id='word_1_319' title='bbox 1822 3008 1986 3077; x_wconf 84' lang='grc' dir='ltr'>χάριν</span> <span class='ocrx_word' id='word_1_320' title='bbox 2010 3008 2100 3060; x_wconf 71' lang='grc' dir='ltr'>τὸν</span> 
     </span>
    </p>
   </div>
   <div class='ocr_carea' id='block_1_47' title="bbox 518 3097 2100 3176">
    <p class='ocr_par' dir='ltr' id='par_1_47' title="bbox 518 3097 2100 3176">
     <span class='ocr_line' id='line_1_47' title="bbox 518 3097 2100 3176; baseline -0.003 -19"><span class='ocrx_word' id='word_1_321' title='bbox 518 3106 869 3176; x_wconf 75' lang='grc' dir='ltr'>τριμηνιαῖον</span> <span class='ocrx_word' id='word_1_322' title='bbox 903 3103 1098 3171; x_wconf 82' lang='grc' dir='ltr'>χρόνον</span> <span class='ocrx_word' id='word_1_323' title='bbox 1142 3103 1200 3154; x_wconf 78' lang='grc' dir='ltr'><strong>ὲν</strong></span> <span class='ocrx_word' id='word_1_324' title='bbox 1239 3103 1354 3162; x_wconf 87' lang='grc' dir='ltr'>τοῖς</span> <span class='ocrx_word' id='word_1_325' title='bbox 1390 3100 1494 3169; x_wconf 78' lang='grc' dir='ltr'><strong>τῆς</strong></span> <span class='ocrx_word' id='word_1_326' title='bbox 1538 3097 1825 3152; x_wconf 71' lang='grc' dir='ltr'>Ἐλισάὸετ</span> <span class='ocrx_word' id='word_1_327' title='bbox 1856 3099 1888 3166; x_wconf 89' lang='grc' dir='ltr'>ἡ</span> <span class='ocrx_word' id='word_1_328' title='bbox 1929 3114 2100 3152; x_wconf 82' lang='grc' dir='ltr'>πανα-</span> 
     </span>
    </p>
   </div>
   <div class='ocr_carea' id='block_1_48' title="bbox 2197 2002 3789 2077">
    <p class='ocr_par' dir='ltr' id='par_1_48' title="bbox 2197 2002 3789 2077">
     <span class='ocr_line' id='line_1_48' title="bbox 2197 2002 3789 2077; baseline -0.003 -18"><span class='ocrx_word' id='word_1_329' title='bbox 2197 2007 2411 2077; x_wconf 85' lang='lat' dir='ltr'><strong>grinum</strong></span> <span class='ocrx_word' id='word_1_330' title='bbox 2442 2009 2541 2060; x_wconf 84' lang='lat' dir='ltr'><strong>erit</strong></span> <span class='ocrx_word' id='word_1_331' title='bbox 2571 2021 2748 2061; x_wconf 88' lang='lat' dir='ltr'><strong>semen</strong></span> <span class='ocrx_word' id='word_1_332' title='bbox 2776 2012 2921 2059; x_wconf 85' lang='lat' dir='ltr'><strong>tuum</strong></span> <span class='ocrx_word' id='word_1_333' title='bbox 2944 2005 2999 2059; x_wconf 88' lang='lat' dir='ltr'><strong>in</strong></span> <span class='ocrx_word' id='word_1_334' title='bbox 3030 2014 3173 2059; x_wconf 86' lang='lat' dir='ltr'><strong>terra</strong></span> <span class='ocrx_word' id='word_1_335' title='bbox 3202 2022 3307 2059; x_wconf 86' lang='lat' dir='ltr'><strong>non</strong></span> <span class='ocrx_word' id='word_1_336' title='bbox 3333 2021 3455 2060; x_wconf 88' lang='lat' dir='ltr'><strong>sua.</strong></span> <span class='ocrx_word' id='word_1_337' title='bbox 3489 2002 3668 2073; x_wconf 84' lang='lat' dir='ltr'><strong>Atque</strong></span> <span class='ocrx_word' id='word_1_338' title='bbox 3697 2002 3789 2056; x_wconf 85' lang='lat' dir='ltr'><strong>hic</strong></span> 
     </span>
    </p>
   </div>
   <div class='ocr_carea' id='block_1_49' title="bbox 2199 2097 2744 2167">
    <p class='ocr_par' dir='ltr' id='par_1_49' title="bbox 2199 2097 2744 2167">
     <span class='ocr_line' id='line_1_49' title="bbox 2199 2097 2744 2167; baseline -0.004 -14"><span class='ocrx_word' id='word_1_339' title='bbox 2199 2098 2566 2167; x_wconf 85' lang='lat' dir='ltr'><strong>oppositionis</strong></span> <span class='ocrx_word' id='word_1_340' title='bbox 2598 2097 2744 2153; x_wconf 84' lang='lat' dir='ltr'><strong>ﬁnis.</strong></span> 
     </span>
    </p>
   </div>
   <div class='ocr_carea' id='block_1_50' title="bbox 2271 2184 3790 2256">
    <p class='ocr_par' dir='ltr' id='par_1_50' title="bbox 2271 2184 3790 2256">
     <span class='ocr_line' id='line_1_50' title="bbox 2271 2184 3790 2256; baseline -0.001 -15"><span class='ocrx_word' id='word_1_341' title='bbox 2271 2187 2470 2241; x_wconf 81' lang='lat' dir='ltr'><strong>Verum</strong></span> <span class='ocrx_word' id='word_1_342' title='bbox 2524 2202 2593 2241; x_wconf 89' lang='lat' dir='ltr'><strong>ne</strong></span> <span class='ocrx_word' id='word_1_343' title='bbox 2645 2187 2793 2256; x_wconf 85' lang='lat' dir='ltr'><strong>quod</strong></span> <span class='ocrx_word' id='word_1_344' title='bbox 2841 2196 2928 2241; x_wconf 89' lang='lat' dir='ltr'><strong>est</strong></span> <span class='ocrx_word' id='word_1_345' title='bbox 2963 2186 3115 2256; x_wconf 90' lang='lat' dir='ltr'><strong>operi</strong></span> <span class='ocrx_word' id='word_1_346' title='bbox 3170 2185 3563 2252; x_wconf 81' lang='lat' dir='ltr'><strong>accessorium,</strong></span> <span class='ocrx_word' id='word_1_347' title='bbox 3604 2184 3790 2254; x_wconf 86' lang='lat' dir='ltr'><strong>operis</strong></span> 
     </span>
    </p>
   </div>
   <div class='ocr_carea' id='block_1_51' title="bbox 2200 2273 3789 2344">
    <p class='ocr_par' dir='ltr' id='par_1_51' title="bbox 2200 2273 3789 2344">
     <span class='ocr_line' id='line_1_51' title="bbox 2200 2273 3789 2344; baseline -0.001 -16"><span class='ocrx_word' id='word_1_348' title='bbox 2200 2274 2374 2344; x_wconf 85' lang='lat' dir='ltr'><strong>ipsius</strong></span> <span class='ocrx_word' id='word_1_349' title='bbox 2397 2288 2627 2344; x_wconf 88' lang='lat' dir='ltr'><strong>scopum</strong></span> <span class='ocrx_word' id='word_1_350' title='bbox 2664 2274 2952 2344; x_wconf 85' lang='lat' dir='ltr'><strong>impediat,</strong></span> <span class='ocrx_word' id='word_1_351' title='bbox 2993 2290 3061 2329; x_wconf 84' lang='lat' dir='ltr'><strong>ex</strong></span> <span class='ocrx_word' id='word_1_352' title='bbox 3119 2275 3187 2330; x_wconf 91' lang='lat' dir='ltr'><strong>iis</strong></span> <span class='ocrx_word' id='word_1_353' title='bbox 3248 2289 3372 2344; x_wconf 63' lang='lat' dir='ltr'><strong>qua:</strong></span> <span class='ocrx_word' id='word_1_354' title='bbox 3423 2273 3570 2329; x_wconf 88' lang='lat' dir='ltr'><strong>dicta</strong></span> <span class='ocrx_word' id='word_1_355' title='bbox 3638 2281 3789 2339; x_wconf 89' lang='lat' dir='ltr'><strong>sunt,</strong></span> 
     </span>
    </p>
   </div>
   <div class='ocr_carea' id='block_1_52' title="bbox 2201 2365 3794 2438">
    <p class='ocr_par' dir='ltr' id='par_1_52' title="bbox 2201 2365 3794 2438">
     <span class='ocr_line' id='line_1_52' title="bbox 2201 2365 3794 2438; baseline -0.001 -18"><span class='ocrx_word' id='word_1_356' title='bbox 2201 2367 2499 2438; x_wconf 64' lang='lat' dir='ltr'><strong>praemissae</strong></span> <span class='ocrx_word' id='word_1_357' title='bbox 2527 2367 2818 2422; x_wconf 77' lang='lat' dir='ltr'><strong>sententiae</strong></span> <span class='ocrx_word' id='word_1_358' title='bbox 2849 2366 3142 2421; x_wconf 86' lang='lat' dir='ltr'><strong>veritatem</strong></span> <span class='ocrx_word' id='word_1_359' title='bbox 3179 2368 3291 2437; x_wconf 87' lang='lat' dir='ltr'><strong>jam</strong></span> <span class='ocrx_word' id='word_1_360' title='bbox 3326 2381 3563 2436; x_wconf 88' lang='lat' dir='ltr'><strong>pronum</strong></span> <span class='ocrx_word' id='word_1_361' title='bbox 3598 2374 3682 2420; x_wconf 89' lang='lat' dir='ltr'><strong>est</strong></span> <span class='ocrx_word' id='word_1_362' title='bbox 3713 2365 3794 2419; x_wconf 83' lang='lat' dir='ltr'><strong>le-</strong></span> 
     </span>
    </p>
   </div>
   <div class='ocr_carea' id='block_1_53' title="bbox 2201 2458 3791 2532">
    <p class='ocr_par' dir='ltr' id='par_1_53' title="bbox 2201 2458 3791 2532">
     <span class='ocr_line' id='line_1_53' title="bbox 2201 2458 3791 2532; baseline 0 -20"><span class='ocrx_word' id='word_1_363' title='bbox 2201 2461 2391 2532; x_wconf 77' lang='lat' dir='ltr'><strong>gitime</strong></span> <span class='ocrx_word' id='word_1_364' title='bbox 2432 2460 2661 2524; x_wconf 88' lang='lat' dir='ltr'><strong>inferre,</strong></span> <span class='ocrx_word' id='word_1_365' title='bbox 2696 2459 2962 2515; x_wconf 84' lang='lat' dir='ltr'><strong>videlicet</strong></span> <span class='ocrx_word' id='word_1_366' title='bbox 3007 2461 3188 2530; x_wconf 84' lang='lat' dir='ltr'><strong>justos</strong></span> <span class='ocrx_word' id='word_1_367' title='bbox 3219 2475 3411 2515; x_wconf 84' lang='lat' dir='ltr'><strong>omnes</strong></span> <span class='ocrx_word' id='word_1_368' title='bbox 3459 2459 3514 2513; x_wconf 93' lang='lat' dir='ltr'><strong>in</strong></span> <span class='ocrx_word' id='word_1_369' title='bbox 3560 2458 3791 2527; x_wconf 80' lang='lat' dir='ltr'><strong>singulis</strong></span> 
     </span>
    </p>
   </div>
   <div class='ocr_carea' id='block_1_54' title="bbox 2204 2549 3788 2620">
    <p class='ocr_par' dir='ltr' id='par_1_54' title="bbox 2204 2549 3788 2620">
     <span class='ocr_line' id='line_1_54' title="bbox 2204 2549 3788 2620; baseline -0.003 -15"><span class='ocrx_word' id='word_1_370' title='bbox 2204 2553 2503 2608; x_wconf 79' lang='lat' dir='ltr'><strong>virtutibus</strong></span> <span class='ocrx_word' id='word_1_371' title='bbox 2556 2551 3005 2607; x_wconf 75' lang='lat' dir='ltr'><strong>manifestissime</strong></span> <span class='ocrx_word' id='word_1_372' title='bbox 3036 2551 3106 2605; x_wconf 87' lang='lat' dir='ltr'><strong>ab</strong></span> <span class='ocrx_word' id='word_1_373' title='bbox 3142 2550 3406 2606; x_wconf 78' lang='lat' dir='ltr'><strong>ineﬂ‘abili</strong></span> <span class='ocrx_word' id='word_1_374' title='bbox 3435 2549 3657 2620; x_wconf 79' lang='lat' dir='ltr'><strong>Virgine</strong></span> <span class='ocrx_word' id='word_1_375' title='bbox 3693 2565 3788 2603; x_wconf 86' lang='lat' dir='ltr'><strong>sn-</strong></span> 
     </span>
    </p>
   </div>
   <div class='ocr_carea' id='block_1_55' title="bbox 2202 2640 3788 2720">
    <p class='ocr_par' dir='ltr' id='par_1_55' title="bbox 2202 2640 3788 2720">
     <span class='ocr_line' id='line_1_55' title="bbox 2202 2640 3788 2720; baseline 0 -24"><span class='ocrx_word' id='word_1_376' title='bbox 2202 2642 2405 2713; x_wconf 88' lang='lat' dir='ltr'><strong>perari.</strong></span> <span class='ocrx_word' id='word_1_377' title='bbox 2454 2641 2646 2697; x_wconf 80' lang='lat' dir='ltr'><strong>Restat</strong></span> <span class='ocrx_word' id='word_1_378' title='bbox 2690 2655 2841 2696; x_wconf 89' lang='lat' dir='ltr'><strong>nunc</strong></span> <span class='ocrx_word' id='word_1_379' title='bbox 2890 2650 2951 2696; x_wconf 92' lang='lat' dir='ltr'><strong>ut</strong></span> <span class='ocrx_word' id='word_1_380' title='bbox 2984 2640 3050 2695; x_wconf 89' lang='lat' dir='ltr'><strong>ad</strong></span> <span class='ocrx_word' id='word_1_381' title='bbox 3107 2641 3379 2720; x_wconf 75' lang='lat' dir='ltr'><strong>reliquum</strong></span> <span class='ocrx_word' id='word_1_382' title='bbox 3426 2640 3671 2695; x_wconf 69' lang='lat' dir='ltr'><strong>historia:</strong></span> <span class='ocrx_word' id='word_1_383' title='bbox 3721 2657 3788 2696; x_wconf 89' lang='lat' dir='ltr'><strong>ex</strong></span> 
     </span>
    </p>
   </div>
   <div class='ocr_carea' id='block_1_56' title="bbox 2201 2732 2813 2803">
    <p class='ocr_par' dir='ltr' id='par_1_56' title="bbox 2201 2732 2813 2803">
     <span class='ocr_line' id='line_1_56' title="bbox 2201 2732 2813 2803; baseline -0.003 -14"><span class='ocrx_word' id='word_1_384' title='bbox 2201 2734 2398 2789; x_wconf 83' lang='lat' dir='ltr'><strong>ordine</strong></span> <span class='ocrx_word' id='word_1_385' title='bbox 2428 2732 2813 2803; x_wconf 75' lang='lat' dir='ltr'><strong>procedamus.</strong></span> 
     </span>
    </p>
   </div>
   <div class='ocr_carea' id='block_1_57' title="bbox 2273 2823 3793 2897">
    <p class='ocr_par' dir='ltr' id='par_1_57' title="bbox 2273 2823 3793 2897">
     <span class='ocr_line' id='line_1_57' title="bbox 2273 2823 3793 2897; baseline 0.001 -19"><span class='ocrx_word' id='word_1_386' title='bbox 2273 2823 2512 2880; x_wconf 76' lang='lat' dir='ltr'><strong>XXVIII.</strong></span> <span class='ocrx_word' id='word_1_387' title='bbox 2565 2823 2762 2879; x_wconf 77' lang='lat' dir='ltr'><strong>Mansit</strong></span> <span class='ocrx_word' id='word_1_388' title='bbox 2792 2833 2969 2879; x_wconf 84' lang='lat' dir='ltr'><strong>autem</strong></span> <span class='ocrx_word' id='word_1_389' title='bbox 2995 2825 3169 2880; x_wconf 74' lang='lat' dir='ltr'><strong>Maria</strong></span> <span class='ocrx_word' id='word_1_390' title='bbox 3202 2841 3319 2880; x_wconf 86' lang='lat' dir='ltr'><strong>cum</strong></span> <span class='ocrx_word' id='word_1_391' title='bbox 3341 2825 3437 2880; x_wconf 78' lang='lat' dir='ltr'><strong>illa</strong></span> <span class='ocrx_word' id='word_1_392' title='bbox 3464 2829 3619 2897; x_wconf 82' lang='lat' dir='ltr'><strong>quasi</strong></span> <span class='ocrx_word' id='word_1_393' title='bbox 3644 2844 3793 2881; x_wconf 81' lang='lat' dir='ltr'><strong>men-</strong></span> 
     </span>
    </p>
   </div>
   <div class='ocr_carea' id='block_1_58' title="bbox 2200 2916 3794 2979">
    <p class='ocr_par' dir='ltr' id='par_1_58' title="bbox 2200 2916 3794 2979">
     <span class='ocr_line' id='line_1_58' title="bbox 2200 2916 3794 2979; baseline 0.001 -8"><span class='ocrx_word' id='word_1_394' title='bbox 2200 2916 2341 2971; x_wconf 87' lang='lat' dir='ltr'><strong>sibus</strong></span> <span class='ocrx_word' id='word_1_395' title='bbox 2377 2916 2570 2979; x_wconf 83' lang='lat' dir='ltr'><strong>tribus,</strong></span> <span class='ocrx_word' id='word_1_396' title='bbox 2607 2923 2656 2970; x_wconf 85' lang='lat' dir='ltr'><strong>et</strong></span> <span class='ocrx_word' id='word_1_397' title='bbox 2696 2931 2906 2971; x_wconf 80' lang='lat' dir='ltr'><strong>reversa</strong></span> <span class='ocrx_word' id='word_1_398' title='bbox 2956 2926 3032 2972; x_wconf 85' lang='lat' dir='ltr'><strong>est</strong></span> <span class='ocrx_word' id='word_1_399' title='bbox 3074 2919 3129 2972; x_wconf 86' lang='lat' dir='ltr'><strong>in</strong></span> <span class='ocrx_word' id='word_1_400' title='bbox 3180 2919 3395 2971; x_wconf 68' lang='lat' dir='ltr'><strong>danaum</strong></span> <span class='ocrx_word' id='word_1_401' title='bbox 3441 2935 3594 2972; x_wconf 86' lang='lat' dir='ltr'><strong>suam</strong></span> <span class='ocrx_word' id='word_1_402' title='bbox 3623 2920 3688 2972; x_wconf 83' lang='grc'>⁸³.</span> <span class='ocrx_word' id='word_1_403' title='bbox 3724 2920 3794 2973; x_wconf 71' lang='lat' dir='ltr'><strong>Et</strong></span> 
     </span>
    </p>
   </div>
   <div class='ocr_carea' id='block_1_59' title="bbox 2203 3008 3789 3081">
    <p class='ocr_par' dir='ltr' id='par_1_59' title="bbox 2203 3008 3789 3081">
     <span class='ocr_line' id='line_1_59' title="bbox 2203 3008 3789 3081; baseline 0.003 -20"><span class='ocrx_word' id='word_1_404' title='bbox 2203 3009 2443 3079; x_wconf 89' lang='lat' dir='ltr'><strong>primum</strong></span> <span class='ocrx_word' id='word_1_405' title='bbox 2474 3008 2700 3077; x_wconf 88' lang='lat' dir='ltr'><strong>quidem</strong></span> <span class='ocrx_word' id='word_1_406' title='bbox 2736 3023 2920 3078; x_wconf 72' lang='lat' dir='ltr'><strong>opera:</strong></span> <span class='ocrx_word' id='word_1_407' title='bbox 2949 3012 3187 3079; x_wconf 88' lang='lat' dir='ltr'><strong>pretium</strong></span> <span class='ocrx_word' id='word_1_408' title='bbox 3219 3021 3304 3066; x_wconf 89' lang='lat' dir='ltr'><strong>est</strong></span> <span class='ocrx_word' id='word_1_409' title='bbox 3339 3011 3393 3066; x_wconf 89' lang='lat' dir='ltr'><strong>in</strong></span> <span class='ocrx_word' id='word_1_410' title='bbox 3429 3012 3789 3081; x_wconf 66' lang='lat' dir='ltr'><strong>qurestioncm</strong></span> 
     </span>
    </p>
   </div>
   <div class='ocr_carea' id='block_1_60' title="bbox 2204 3100 3793 3171">
    <p class='ocr_par' dir='ltr' id='par_1_60' title="bbox 2204 3100 3793 3171">
     <span class='ocr_line' id='line_1_60' title="bbox 2204 3100 3793 3171; baseline 0 -16"><span class='ocrx_word' id='word_1_411' title='bbox 2204 3100 2506 3163; x_wconf 87' lang='lat' dir='ltr'><strong>adducere,</strong></span> <span class='ocrx_word' id='word_1_412' title='bbox 2533 3115 2765 3154; x_wconf 87' lang='lat' dir='ltr'><strong>curnam</strong></span> <span class='ocrx_word' id='word_1_413' title='bbox 2801 3101 3094 3170; x_wconf 72' lang='lat' dir='ltr'><strong>purissima</strong></span> <span class='ocrx_word' id='word_1_414' title='bbox 3149 3100 3243 3155; x_wconf 90' lang='lat' dir='ltr'><strong>illa</strong></span> <span class='ocrx_word' id='word_1_415' title='bbox 3281 3116 3381 3171; x_wconf 87' lang='lat' dir='ltr'><strong>per</strong></span> <span class='ocrx_word' id='word_1_416' title='bbox 3420 3101 3585 3156; x_wconf 89' lang='lat' dir='ltr'><strong>trium</strong></span> <span class='ocrx_word' id='word_1_417' title='bbox 3639 3116 3793 3155; x_wconf 83' lang='lat' dir='ltr'><strong>men-</strong></span> 
     </span>
    </p>
   </div>
   <div class='ocr_carea' id='block_1_61' title="bbox 523 3188 2105 3288">
    <p class='ocr_par' dir='ltr' id='par_1_61' title="bbox 523 3188 2103 3269">
     <span class='ocr_line' id='line_1_61' title="bbox 523 3188 2103 3269; baseline -0.003 -20"><span class='ocrx_word' id='word_1_418' title='bbox 523 3196 785 3269; x_wconf 82' lang='grc' dir='ltr'>μώμητος</span> <span class='ocrx_word' id='word_1_419' title='bbox 816 3194 1164 3267; x_wconf 68' lang='grc' dir='ltr'>ἐνδιατρίϐει,</span> <span class='ocrx_word' id='word_1_420' title='bbox 1192 3194 1286 3247; x_wconf 79' lang='grc' dir='ltr'><strong>καὶ</strong></span> <span class='ocrx_word' id='word_1_421' title='bbox 1317 3188 1404 3246; x_wconf 85' lang='grc' dir='ltr'>διὰ</span> <span class='ocrx_word' id='word_1_422' title='bbox 1433 3190 1486 3245; x_wconf 88' lang='grc' dir='ltr'><strong>τί</strong></span> <span class='ocrx_word' id='word_1_423' title='bbox 1515 3192 1617 3245; x_wconf 81' lang='grc' dir='ltr'><strong>οὐκ</strong></span> <span class='ocrx_word' id='word_1_424' title='bbox 1656 3190 1860 3263; x_wconf 69' lang='grc' dir='ltr'>ἐρρέθη</span> <span class='ocrx_word' id='word_1_425' title='bbox 1889 3188 2103 3261; x_wconf 73' lang='grc' dir='ltr'>Μῆνας</span> 
     </span>
    </p>
   </div>
   <div class='ocr_carea' id='block_1_62' title="bbox 2202 3188 3796 3288">
    <p class='ocr_par' dir='ltr' id='par_1_62' title="bbox 2208 3190 3796 3260">
     <span class='ocr_line' id='line_1_62' title="bbox 2208 3190 3796 3260; baseline -0.001 -14"><span class='ocrx_word' id='word_1_426' title='bbox 2208 3192 2354 3247; x_wconf 89' lang='lat' dir='ltr'><strong>sium</strong></span> <span class='ocrx_word' id='word_1_427' title='bbox 2390 3190 2627 3260; x_wconf 88' lang='lat' dir='ltr'><strong>spatium</strong></span> <span class='ocrx_word' id='word_1_428' title='bbox 2674 3203 2895 3246; x_wconf 82' lang='lat' dir='ltr'><strong>maneat</strong></span> <span class='ocrx_word' id='word_1_429' title='bbox 2949 3192 3004 3246; x_wconf 90' lang='lat' dir='ltr'><strong>in</strong></span> <span class='ocrx_word' id='word_1_430' title='bbox 3059 3192 3225 3247; x_wconf 88' lang='lat' dir='ltr'><strong>domo</strong></span> <span class='ocrx_word' id='word_1_431' title='bbox 3262 3191 3563 3257; x_wconf 86' lang='lat' dir='ltr'><strong>Elisabetb,</strong></span> <span class='ocrx_word' id='word_1_432' title='bbox 3607 3201 3663 3247; x_wconf 91' lang='lat' dir='ltr'><strong>et</strong></span> <span class='ocrx_word' id='word_1_433' title='bbox 3695 3208 3796 3246; x_wconf 91' lang='lat' dir='ltr'><strong>cur</strong></span> 
     </span>
    </p>
   </div>
   <div class='ocr_carea' id='block_1_63' title="bbox 519 3285 1264 3359">
    <p class='ocr_par' dir='ltr' id='par_1_63' title="bbox 519 3285 1264 3359">
     <span class='ocr_line' id='line_1_63' title="bbox 519 3285 1264 3359; baseline -0.004 -16"><span class='ocrx_word' id='word_1_434' title='bbox 519 3288 701 3359; x_wconf 71' lang='grc' dir='ltr'>τρεῖς,</span> <span class='ocrx_word' id='word_1_435' title='bbox 733 3288 846 3343; x_wconf 84' lang='grc' dir='ltr'>ἀλλ’</span> <span class='ocrx_word' id='word_1_436' title='bbox 887 3288 1047 3344; x_wconf 76' lang='grc' dir='ltr'>Ὠσεὶ</span> <span class='ocrx_word' id='word_1_437' title='bbox 1081 3285 1264 3355; x_wconf 85' lang='grc' dir='ltr'>τρεῖς.</span> 
     </span>
    </p>
   </div>
   <div class='ocr_carea' id='block_1_64' title="bbox 595 3464 2100 3539">
    <p class='ocr_par' dir='ltr' id='par_1_64' title="bbox 595 3464 2100 3539">
     <span class='ocr_line' id='line_1_64' title="bbox 595 3464 2100 3539; baseline -0.002 -16"><span class='ocrx_word' id='word_1_438' title='bbox 595 3470 758 3539; x_wconf 86' lang='grc' dir='ltr'>Διττὴ</span> <span class='ocrx_word' id='word_1_439' title='bbox 802 3469 1031 3537; x_wconf 75' lang='grc' dir='ltr'>γέγονεν</span> <span class='ocrx_word' id='word_1_440' title='bbox 1073 3465 1217 3536; x_wconf 75' lang='grc' dir='ltr'>αὕτη</span> <span class='ocrx_word' id='word_1_441' title='bbox 1270 3465 1374 3536; x_wconf 78' lang='grc' dir='ltr'>τῆς</span> <span class='ocrx_word' id='word_1_442' title='bbox 1419 3465 1733 3535; x_wconf 79' lang='grc' dir='ltr'>ἁπεκδοχῆς</span> <span class='ocrx_word' id='word_1_443' title='bbox 1778 3467 1813 3536; x_wconf 79' lang='grc' dir='ltr'>ἠ</span> <span class='ocrx_word' id='word_1_444' title='bbox 1862 3464 2100 3535; x_wconf 81' lang='grc' dir='ltr'><strong>ἀνάγκη.</strong></span> 
     </span>
    </p>
   </div>
   <div class='ocr_carea' id='block_1_65' title="bbox 524 3548 2105 3633">
    <p class='ocr_par' dir='ltr' id='par_1_65' title="bbox 524 3548 2105 3633">
     <span class='ocr_line' id='line_1_65' title="bbox 524 3548 2105 3633; baseline -0.003 -18"><span class='ocrx_word' id='word_1_445' title='bbox 524 3561 726 3633; x_wconf 82' lang='grc' dir='ltr'>Πρώτη</span> <span class='ocrx_word' id='word_1_446' title='bbox 759 3561 859 3630; x_wconf 76' lang='grc' dir='ltr'><strong>μὲν</strong></span> <span class='ocrx_word' id='word_1_447' title='bbox 898 3548 1008 3631; x_wconf 73' lang='grc' dir='ltr'><strong>γὰρ</strong></span> <span class='ocrx_word' id='word_1_448' title='bbox 1043 3561 1138 3614; x_wconf 77' lang='grc' dir='ltr'><strong>καὶ</strong></span> <span class='ocrx_word' id='word_1_449' title='bbox 1180 3558 1422 3627; x_wconf 79' lang='grc' dir='ltr'>εὐλόγως</span> <span class='ocrx_word' id='word_1_450' title='bbox 1468 3558 1896 3627; x_wconf 79' lang='grc' dir='ltr'>κατεπείγουσα,</span> <span class='ocrx_word' id='word_1_451' title='bbox 1921 3559 1955 3629; x_wconf 84' lang='grc' dir='ltr'><strong>ή</strong></span> <span class='ocrx_word' id='word_1_452' title='bbox 1995 3557 2105 3610; x_wconf 83' lang='grc' dir='ltr'><strong>τῶν</strong></span> 
     </span>
    </p>
   </div>
   <div class='ocr_carea' id='block_1_66' title="bbox 523 3647 2106 3723">
    <p class='ocr_par' dir='ltr' id='par_1_66' title="bbox 523 3647 2106 3723">
     <span class='ocr_line' id='line_1_66' title="bbox 523 3647 2106 3723; baseline -0.003 -16"><span class='ocrx_word' id='word_1_453' title='bbox 523 3653 730 3708; x_wconf 82' lang='grc' dir='ltr'>ὠδίνων</span> <span class='ocrx_word' id='word_1_454' title='bbox 766 3652 1048 3706; x_wconf 79' lang='grc' dir='ltr'>Ἐλισάϐετ</span> <span class='ocrx_word' id='word_1_455' title='bbox 1073 3649 1397 3723; x_wconf 88' lang='grc' dir='ltr'>περαίωσις,</span> <span class='ocrx_word' id='word_1_456' title='bbox 1432 3651 1586 3722; x_wconf 80' lang='grc' dir='ltr'>καὶὴ</span> <span class='ocrx_word' id='word_1_457' title='bbox 1619 3647 1716 3704; x_wconf 78' lang='grc' dir='ltr'>τοῦ</span> <span class='ocrx_word' id='word_1_458' title='bbox 1746 3649 1908 3703; x_wconf 85' lang='grc' dir='ltr'>τόκου</span> <span class='ocrx_word' id='word_1_459' title='bbox 1939 3648 2106 3719; x_wconf 83' lang='grc' dir='ltr'>φανέ-</span> 
     </span>
    </p>
   </div>
   <div class='ocr_carea' id='block_1_67' title="bbox 529 3742 2107 3818">
    <p class='ocr_par' dir='ltr' id='par_1_67' title="bbox 529 3742 2107 3818">
     <span class='ocr_line' id='line_1_67' title="bbox 529 3742 2107 3818; baseline -0.003 -19"><span class='ocrx_word' id='word_1_460' title='bbox 529 3764 721 3818; x_wconf 79' lang='grc' dir='ltr'>ρωσις.</span> <span class='ocrx_word' id='word_1_461' title='bbox 776 3746 959 3816; x_wconf 83' lang='grc' dir='ltr'>Μέχρι</span> <span class='ocrx_word' id='word_1_462' title='bbox 999 3745 1110 3814; x_wconf 79' lang='grc' dir='ltr'><strong>γὰρ</strong></span> <span class='ocrx_word' id='word_1_463' title='bbox 1165 3744 1360 3798; x_wconf 80' lang='grc' dir='ltr'>τούτου</span> <span class='ocrx_word' id='word_1_464' title='bbox 1413 3742 1584 3813; x_wconf 84' lang='grc' dir='ltr'>συνῆν</span> <span class='ocrx_word' id='word_1_465' title='bbox 1636 3745 1700 3812; x_wconf 82' lang='grc' dir='ltr'>τῇ</span> <span class='ocrx_word' id='word_1_466' title='bbox 1754 3742 2107 3815; x_wconf 81' lang='grc' dir='ltr'>κυοφορούσῃ</span> 
     </span>
    </p>
   </div>
   <div class='ocr_carea' id='block_1_68' title="bbox 528 3835 2107 3909">
    <p class='ocr_par' dir='ltr' id='par_1_68' title="bbox 528 3835 2107 3909">
     <span class='ocr_line' id='line_1_68' title="bbox 528 3835 2107 3909; baseline -0.001 -18"><span class='ocrx_word' id='word_1_467' title='bbox 528 3838 738 3909; x_wconf 55' lang='grc' dir='ltr'>στείργ</span> <span class='ocrx_word' id='word_1_468' title='bbox 783 3838 997 3907; x_wconf 74' lang='grc' dir='ltr'>ἑϐδόμῳ</span> <span class='ocrx_word' id='word_1_469' title='bbox 1050 3836 1151 3905; x_wconf 81' lang='grc' dir='ltr'>μὲν</span> <span class='ocrx_word' id='word_1_470' title='bbox 1203 3835 1602 3905; x_wconf 80' lang='grc' dir='ltr'>ὲπιδημήσασα</span> <span class='ocrx_word' id='word_1_471' title='bbox 1639 3835 1740 3899; x_wconf 80' lang='grc' dir='ltr'>τῆς</span> <span class='ocrx_word' id='word_1_472' title='bbox 1790 3835 2107 3905; x_wconf 82' lang='grc' dir='ltr'>συλλήψεως</span> 
     </span>
    </p>
   </div>
   <div class='ocr_carea' id='block_1_69' title="bbox 532 3926 2110 4001">
    <p class='ocr_par' dir='ltr' id='par_1_69' title="bbox 532 3926 2110 4001">
     <span class='ocr_line' id='line_1_69' title="bbox 532 3926 2110 4001; baseline -0.001 -20"><span class='ocrx_word' id='word_1_473' title='bbox 532 3930 689 3999; x_wconf 68' lang='grc' dir='ltr'>μηνὶ,</span> <span class='ocrx_word' id='word_1_474' title='bbox 728 3929 862 4001; x_wconf 73' lang='grc' dir='ltr'>πρὸς</span> <span class='ocrx_word' id='word_1_475' title='bbox 889 3929 947 3982; x_wconf 79' lang='grc' dir='ltr'>δὲ</span> <span class='ocrx_word' id='word_1_476' title='bbox 995 3928 1072 3999; x_wconf 84' lang='grc' dir='ltr'>τῷ</span> <span class='ocrx_word' id='word_1_477' title='bbox 1105 3928 1208 3998; x_wconf 78' lang='grc' dir='ltr'>τῆς</span> <span class='ocrx_word' id='word_1_478' title='bbox 1258 3927 1631 3995; x_wconf 76' lang='grc' dir='ltr'>ἀποτεύξεως,</span> <span class='ocrx_word' id='word_1_479' title='bbox 1674 3926 1736 3991; x_wconf 82' lang='grc' dir='ltr'><strong>ός</strong></span> <span class='ocrx_word' id='word_1_480' title='bbox 1776 3926 1841 3997; x_wconf 78' lang='grc' dir='ltr'>δὴ</span> <span class='ocrx_word' id='word_1_481' title='bbox 1887 3927 2110 3994; x_wconf 73' lang='grc' dir='ltr'>ἕννατός</span> 
     </span>
    </p>
   </div>
   <div class='ocr_carea' id='block_1_70' title="bbox 528 4018 2111 4091">
    <p class='ocr_par' dir='ltr' id='par_1_70' title="bbox 528 4018 2111 4091">
     <span class='ocr_line' id='line_1_70' title="bbox 528 4018 2111 4091; baseline 0.002 -21"><span class='ocrx_word' id='word_1_482' title='bbox 528 4020 668 4082; x_wconf 75' lang='grc' dir='ltr'>ἐστι,</span> <span class='ocrx_word' id='word_1_483' title='bbox 695 4020 1163 4089; x_wconf 83' lang='grc' dir='ltr'>παλινοστήσασα.</span> <span class='ocrx_word' id='word_1_484' title='bbox 1194 4019 1370 4072; x_wconf 83' lang='grc' dir='ltr'>Τοῦτο</span> <span class='ocrx_word' id='word_1_485' title='bbox 1419 4019 1476 4073; x_wconf 73' lang='grc' dir='ltr'>δὲ</span> <span class='ocrx_word' id='word_1_486' title='bbox 1510 4018 1708 4084; x_wconf 74' lang='grc' dir='ltr'>ἐποίει,</span> <span class='ocrx_word' id='word_1_487' title='bbox 1738 4019 1801 4073; x_wconf 82' lang='grc' dir='ltr'><strong>τὸ</strong></span> <span class='ocrx_word' id='word_1_488' title='bbox 1845 4019 2111 4091; x_wconf 80' lang='grc' dir='ltr'>τεχθησό-</span> 
     </span>
    </p>
   </div>
   <div class='ocr_carea' id='block_1_71' title="bbox 534 4109 2110 4183">
    <p class='ocr_par' dir='ltr' id='par_1_71' title="bbox 534 4109 2110 4183">
     <span class='ocr_line' id='line_1_71' title="bbox 534 4109 2110 4183; baseline 0.003 -21"><span class='ocrx_word' id='word_1_489' title='bbox 534 4127 692 4179; x_wconf 88' lang='grc' dir='ltr'>μενον</span> <span class='ocrx_word' id='word_1_490' title='bbox 718 4109 847 4164; x_wconf 75' lang='grc' dir='ltr'><strong>ξδείν</strong></span> <span class='ocrx_word' id='word_1_491' title='bbox 878 4110 1200 4182; x_wconf 82' lang='grc' dir='ltr'>βουλομένη,</span> <span class='ocrx_word' id='word_1_492' title='bbox 1241 4113 1337 4166; x_wconf 68' lang='grc' dir='ltr'><strong>καὶ</strong></span> <span class='ocrx_word' id='word_1_493' title='bbox 1372 4114 1439 4183; x_wconf 79' lang='grc' dir='ltr'>τῇ</span> <span class='ocrx_word' id='word_1_494' title='bbox 1485 4114 1630 4183; x_wconf 82' lang='grc' dir='ltr'>χαρᾷ.</span> <span class='ocrx_word' id='word_1_495' title='bbox 1666 4112 1767 4179; x_wconf 84' lang='grc' dir='ltr'>τῆς</span> <span class='ocrx_word' id='word_1_496' title='bbox 1814 4112 2110 4183; x_wconf 82' lang='grc' dir='ltr'>τικτούσης</span> 
     </span>
    </p>
   </div>
   <div class='ocr_carea' id='block_1_72' title="bbox 532 4201 2111 4275">
    <p class='ocr_par' dir='ltr' id='par_1_72' title="bbox 532 4201 2111 4275">
     <span class='ocr_line' id='line_1_72' title="bbox 532 4201 2111 4275; baseline 0.003 -22"><span class='ocrx_word' id='word_1_497' title='bbox 532 4201 1002 4271; x_wconf 80' lang='grc' dir='ltr'>συνευωχηθῆναι.</span> <span class='ocrx_word' id='word_1_498' title='bbox 1049 4203 1114 4256; x_wconf 78' lang='lat' dir='ltr'><strong>El</strong></span> <span class='ocrx_word' id='word_1_499' title='bbox 1169 4204 1280 4275; x_wconf 85' lang='grc' dir='ltr'>γὰρ</span> <span class='ocrx_word' id='word_1_500' title='bbox 1322 4203 1500 4274; x_wconf 87' lang='grc' dir='ltr'>τούτῳ</span> <span class='ocrx_word' id='word_1_501' title='bbox 1548 4204 1752 4266; x_wconf 81' lang='grc' dir='ltr'>πάντες</span> <span class='ocrx_word' id='word_1_502' title='bbox 1801 4204 2111 4257; x_wconf 79' lang='grc' dir='ltr'>τελεσθέντι</span> 
     </span>
    </p>
   </div>
   <div class='ocr_carea' id='block_1_73' title="bbox 2210 3281 3795 3354">
    <p class='ocr_par' dir='ltr' id='par_1_73' title="bbox 2210 3281 3795 3354">
     <span class='ocr_line' id='line_1_73' title="bbox 2210 3281 3795 3354; baseline -0.004 -13"><span class='ocrx_word' id='word_1_503' title='bbox 2210 3302 2320 3341; x_wconf 89' lang='lat' dir='ltr'><strong>non</strong></span> <span class='ocrx_word' id='word_1_504' title='bbox 2354 3286 2561 3340; x_wconf 91' lang='lat' dir='ltr'><strong>dictum</strong></span> <span class='ocrx_word' id='word_1_505' title='bbox 2610 3285 2685 3339; x_wconf 86' lang='lat' dir='ltr'><strong>sit</strong></span> <span class='ocrx_word' id='word_1_506' title='bbox 2727 3283 2912 3338; x_wconf 81' lang='lat' dir='ltr'><strong>Tribus</strong></span> <span class='ocrx_word' id='word_1_507' title='bbox 2962 3284 3249 3351; x_wconf 80' lang='lat' dir='ltr'><strong>mensibus,</strong></span> <span class='ocrx_word' id='word_1_508' title='bbox 3300 3283 3397 3339; x_wconf 86' lang='lat' dir='ltr'><strong>sed</strong></span> <span class='ocrx_word' id='word_1_509' title='bbox 3432 3283 3588 3354; x_wconf 76' lang='lat' dir='ltr'><strong>quasi</strong></span> <span class='ocrx_word' id='word_1_510' title='bbox 3628 3281 3795 3337; x_wconf 84' lang='lat' dir='ltr'><strong>tribus</strong></span> 
     </span>
    </p>
   </div>
   <div class='ocr_carea' id='block_1_74' title="bbox 2211 3379 2493 3434">
    <p class='ocr_par' dir='ltr' id='par_1_74' title="bbox 2211 3379 2493 3434">
     <span class='ocr_line' id='line_1_74' title="bbox 2211 3379 2493 3434; baseline -0.011 0"><span class='ocrx_word' id='word_1_511' title='bbox 2211 3379 2493 3434; x_wconf 77' lang='lat' dir='ltr'><strong>mensibus.</strong></span> 
     </span>
    </p>
   </div>
   <div class='ocr_carea' id='block_1_75' title="bbox 2282 3467 3797 3540">
    <p class='ocr_par' dir='ltr' id='par_1_75' title="bbox 2282 3467 3797 3540">
     <span class='ocr_line' id='line_1_75' title="bbox 2282 3467 3797 3540; baseline 0 -16"><span class='ocrx_word' id='word_1_512' title='bbox 2282 3469 2493 3539; x_wconf 80' lang='lat' dir='ltr'><strong>Duplex</strong></span> <span class='ocrx_word' id='word_1_513' title='bbox 2518 3483 2684 3539; x_wconf 91' lang='lat' dir='ltr'><strong>porro</strong></span> <span class='ocrx_word' id='word_1_514' title='bbox 2716 3467 2817 3524; x_wconf 89' lang='lat' dir='ltr'><strong>ista</strong></span> <span class='ocrx_word' id='word_1_515' title='bbox 2850 3467 2954 3523; x_wconf 84' lang='lat' dir='ltr'><strong>fuit</strong></span> <span class='ocrx_word' id='word_1_516' title='bbox 2976 3467 3245 3539; x_wconf 77' lang='lat' dir='ltr'><strong>longioris</strong></span> <span class='ocrx_word' id='word_1_517' title='bbox 3276 3468 3444 3540; x_wconf 81' lang='lat' dir='ltr'><strong>hujus</strong></span> <span class='ocrx_word' id='word_1_518' title='bbox 3475 3482 3643 3524; x_wconf 71' lang='lat' dir='ltr'><strong>mora:</strong></span> <span class='ocrx_word' id='word_1_519' title='bbox 3694 3483 3797 3524; x_wconf 90' lang='lat' dir='ltr'><strong>ne-</strong></span> 
     </span>
    </p>
   </div>
   <div class='ocr_carea' id='block_1_76' title="bbox 2211 3561 3794 3633">
    <p class='ocr_par' dir='ltr' id='par_1_76' title="bbox 2211 3561 3794 3633">
     <span class='ocr_line' id='line_1_76' title="bbox 2211 3561 3794 3633; baseline -0.001 -14"><span class='ocrx_word' id='word_1_520' title='bbox 2211 3563 2462 3619; x_wconf 84' lang='lat' dir='ltr'><strong>cessitas.</strong></span> <span class='ocrx_word' id='word_1_521' title='bbox 2499 3563 2576 3618; x_wconf 86' lang='lat' dir='ltr'><strong>Ac</strong></span> <span class='ocrx_word' id='word_1_522' title='bbox 2606 3563 2782 3633; x_wconf 88' lang='lat' dir='ltr'><strong>prima</strong></span> <span class='ocrx_word' id='word_1_523' title='bbox 2823 3562 3069 3633; x_wconf 87' lang='lat' dir='ltr'><strong>quidem,</strong></span> <span class='ocrx_word' id='word_1_524' title='bbox 3127 3570 3186 3618; x_wconf 89' lang='lat' dir='ltr'><strong>et</strong></span> <span class='ocrx_word' id='word_1_525' title='bbox 3228 3577 3352 3632; x_wconf 63' lang='lat' dir='ltr'><strong>quae</strong></span> <span class='ocrx_word' id='word_1_526' title='bbox 3384 3562 3585 3617; x_wconf 90' lang='lat' dir='ltr'><strong>merito</strong></span> <span class='ocrx_word' id='word_1_527' title='bbox 3632 3561 3698 3616; x_wconf 91' lang='lat' dir='ltr'><strong>ad</strong></span> <span class='ocrx_word' id='word_1_528' title='bbox 3741 3562 3794 3617; x_wconf 92' lang='lat' dir='ltr'><strong>id</strong></span> 
     </span>
    </p>
   </div>
   <div class='ocr_carea' id='block_1_77' title="bbox 2214 3652 3795 3727">
    <p class='ocr_par' dir='ltr' id='par_1_77' title="bbox 2214 3652 3795 3727">
     <span class='ocr_line' id='line_1_77' title="bbox 2214 3652 3795 3727; baseline -0.001 -17"><span class='ocrx_word' id='word_1_529' title='bbox 2214 3663 2587 3727; x_wconf 87' lang='lat' dir='ltr'><strong>permoveret,</strong></span> <span class='ocrx_word' id='word_1_530' title='bbox 2632 3668 2800 3709; x_wconf 90' lang='lat' dir='ltr'><strong>causa</strong></span> <span class='ocrx_word' id='word_1_531' title='bbox 2841 3652 2965 3717; x_wconf 83' lang='lat' dir='ltr'><strong>fuit,</strong></span> <span class='ocrx_word' id='word_1_532' title='bbox 2998 3662 3059 3709; x_wconf 90' lang='lat' dir='ltr'><strong>nt</strong></span> <span class='ocrx_word' id='word_1_533' title='bbox 3093 3662 3309 3723; x_wconf 89' lang='lat' dir='ltr'><strong>tempus</strong></span> <span class='ocrx_word' id='word_1_534' title='bbox 3335 3654 3657 3724; x_wconf 81' lang='lat' dir='ltr'><strong>gestationis</strong></span> <span class='ocrx_word' id='word_1_535' title='bbox 3679 3653 3795 3709; x_wconf 88' lang='lat' dir='ltr'><strong>Eli-</strong></span> 
     </span>
    </p>
   </div>
   <div class='ocr_carea' id='block_1_78' title="bbox 2212 3744 3795 3816">
    <p class='ocr_par' dir='ltr' id='par_1_78' title="bbox 2212 3744 3795 3816">
     <span class='ocr_line' id='line_1_78' title="bbox 2212 3744 3795 3816; baseline -0.004 -13"><span class='ocrx_word' id='word_1_536' title='bbox 2212 3746 2454 3803; x_wconf 68' lang='lat' dir='ltr'><strong>sabethaa</strong></span> <span class='ocrx_word' id='word_1_537' title='bbox 2493 3745 2838 3814; x_wconf 89' lang='lat' dir='ltr'><strong>impleretur,</strong></span> <span class='ocrx_word' id='word_1_538' title='bbox 2887 3744 3163 3816; x_wconf 67' lang='lat' dir='ltr'><strong>fretusque</strong></span> <span class='ocrx_word' id='word_1_539' title='bbox 3186 3744 3444 3800; x_wconf 85' lang='lat' dir='ltr'><strong>ederetur</strong></span> <span class='ocrx_word' id='word_1_540' title='bbox 3475 3746 3530 3800; x_wconf 92' lang='lat' dir='ltr'><strong>in</strong></span> <span class='ocrx_word' id='word_1_541' title='bbox 3594 3745 3795 3801; x_wconf 88' lang='lat' dir='ltr'><strong>lucem.</strong></span> 
     </span>
    </p>
   </div>
   <div class='ocr_carea' id='block_1_79' title="bbox 2212 3836 3799 3906">
    <p class='ocr_par' dir='ltr' id='par_1_79' title="bbox 2212 3836 3799 3906">
     <span class='ocr_line' id='line_1_79' title="bbox 2212 3836 3799 3906; baseline 0 -13"><span class='ocrx_word' id='word_1_542' title='bbox 2212 3838 2292 3893; x_wconf 87' lang='lat' dir='ltr'><strong>Ad</strong></span> <span class='ocrx_word' id='word_1_543' title='bbox 2335 3837 2389 3893; x_wconf 91' lang='lat' dir='ltr'><strong>id</strong></span> <span class='ocrx_word' id='word_1_544' title='bbox 2435 3836 2581 3891; x_wconf 91' lang='lat' dir='ltr'><strong>enim</strong></span> <span class='ocrx_word' id='word_1_545' title='bbox 2615 3851 2792 3905; x_wconf 89' lang='lat' dir='ltr'><strong>usque</strong></span> <span class='ocrx_word' id='word_1_546' title='bbox 2825 3836 3092 3906; x_wconf 89' lang='lat' dir='ltr'><strong>temporis</strong></span> <span class='ocrx_word' id='word_1_547' title='bbox 3130 3851 3255 3891; x_wconf 89' lang='lat' dir='ltr'><strong>cum</strong></span> <span class='ocrx_word' id='word_1_548' title='bbox 3305 3836 3480 3893; x_wconf 90' lang='lat' dir='ltr'><strong>sterili</strong></span> <span class='ocrx_word' id='word_1_549' title='bbox 3520 3837 3631 3893; x_wconf 90' lang='lat' dir='ltr'><strong>ulla</strong></span> <span class='ocrx_word' id='word_1_550' title='bbox 3678 3847 3799 3893; x_wconf 87' lang='lat' dir='ltr'><strong>utc-</strong></span> 
     </span>
    </p>
   </div>
   <div class='ocr_carea' id='block_1_80' title="bbox 2213 3926 3800 3998">
    <p class='ocr_par' dir='ltr' id='par_1_80' title="bbox 2213 3926 3800 3998">
     <span class='ocr_line' id='line_1_80' title="bbox 2213 3926 3800 3998; baseline -0.001 -15"><span class='ocrx_word' id='word_1_551' title='bbox 2213 3945 2335 3984; x_wconf 90' lang='lat' dir='ltr'><strong>rum</strong></span> <span class='ocrx_word' id='word_1_552' title='bbox 2367 3936 2614 3998; x_wconf 80' lang='lat' dir='ltr'><strong>gestante</strong></span> <span class='ocrx_word' id='word_1_553' title='bbox 2645 3926 2945 3997; x_wconf 73' lang='lat' dir='ltr'><strong>permansit</strong></span> <span class='ocrx_word' id='word_1_554' title='bbox 2975 3942 2990 3979; x_wconf 92' lang='lat'><strong>:</strong></span> <span class='ocrx_word' id='word_1_555' title='bbox 3028 3927 3232 3997; x_wconf 85' lang='lat' dir='ltr'><strong>quippe</strong></span> <span class='ocrx_word' id='word_1_556' title='bbox 3259 3942 3382 3997; x_wconf 70' lang='lat' dir='ltr'><strong>quae</strong></span> <span class='ocrx_word' id='word_1_557' title='bbox 3411 3942 3535 3982; x_wconf 91' lang='lat' dir='ltr'><strong>cum</strong></span> <span class='ocrx_word' id='word_1_558' title='bbox 3562 3929 3800 3998; x_wconf 78' lang='lat' dir='ltr'><strong>septinzn</strong></span> 
     </span>
    </p>
   </div>
   <div class='ocr_carea' id='block_1_81' title="bbox 2216 4018 3801 4091">
    <p class='ocr_par' dir='ltr' id='par_1_81' title="bbox 2216 4018 3801 4091">
     <span class='ocr_line' id='line_1_81' title="bbox 2216 4018 3801 4091; baseline 0.003 -18"><span class='ocrx_word' id='word_1_559' title='bbox 2216 4035 2243 4073; x_wconf 90' lang='lat' dir='ltr'><strong>a</strong></span> <span class='ocrx_word' id='word_1_560' title='bbox 2281 4019 2641 4086; x_wconf 86' lang='lat' dir='ltr'><strong>conceptione</strong></span> <span class='ocrx_word' id='word_1_561' title='bbox 2685 4018 2832 4072; x_wconf 89' lang='lat' dir='ltr'><strong>illius</strong></span> <span class='ocrx_word' id='word_1_562' title='bbox 2859 4033 3046 4073; x_wconf 87' lang='lat' dir='ltr'><strong>mense</strong></span> <span class='ocrx_word' id='word_1_563' title='bbox 3085 4019 3421 4085; x_wconf 87' lang='lat' dir='ltr'><strong>advenisset,</strong></span> <span class='ocrx_word' id='word_1_564' title='bbox 3460 4021 3579 4091; x_wconf 91' lang='lat' dir='ltr'><strong>ipso</strong></span> <span class='ocrx_word' id='word_1_565' title='bbox 3605 4031 3801 4091; x_wconf 83' lang='lat' dir='ltr'><strong>partus</strong></span> 
     </span>
    </p>
   </div>
   <div class='ocr_carea' id='block_1_82' title="bbox 2215 4109 3801 4180">
    <p class='ocr_par' dir='ltr' id='par_1_82' title="bbox 2215 4109 3801 4180">
     <span class='ocr_line' id='line_1_82' title="bbox 2215 4109 3801 4180; baseline 0.001 -16"><span class='ocrx_word' id='word_1_566' title='bbox 2215 4126 2426 4173; x_wconf 88' lang='lat' dir='ltr'><strong>mense,</strong></span> <span class='ocrx_word' id='word_1_567' title='bbox 2458 4109 2550 4178; x_wconf 88' lang='lat' dir='ltr'><strong>qui</strong></span> <span class='ocrx_word' id='word_1_568' title='bbox 2591 4110 2770 4180; x_wconf 89' lang='lat' dir='ltr'><strong>palam</strong></span> <span class='ocrx_word' id='word_1_569' title='bbox 2804 4118 2887 4164; x_wconf 90' lang='lat' dir='ltr'><strong>est</strong></span> <span class='ocrx_word' id='word_1_570' title='bbox 2915 4125 3115 4173; x_wconf 87' lang='lat' dir='ltr'><strong>nonus,</strong></span> <span class='ocrx_word' id='word_1_571' title='bbox 3158 4110 3275 4180; x_wconf 90' lang='lat' dir='ltr'><strong>ipsa</strong></span> <span class='ocrx_word' id='word_1_572' title='bbox 3305 4127 3522 4167; x_wconf 88' lang='lat' dir='ltr'><strong>reversa</strong></span> <span class='ocrx_word' id='word_1_573' title='bbox 3554 4123 3657 4167; x_wconf 92' lang='lat' dir='ltr'><strong>est.</strong></span> <span class='ocrx_word' id='word_1_574' title='bbox 3684 4113 3801 4166; x_wconf 88' lang='lat' dir='ltr'><strong>lloc</strong></span> 
     </span>
    </p>
   </div>
   <div class='ocr_carea' id='block_1_83' title="bbox 2217 4203 3794 4272">
    <p class='ocr_par' dir='ltr' id='par_1_83' title="bbox 2217 4203 3794 4272">
     <span class='ocr_line' id='line_1_83' title="bbox 2217 4203 3794 4272; baseline 0.001 -15"><span class='ocrx_word' id='word_1_575' title='bbox 2217 4213 2399 4257; x_wconf 89' lang='lat' dir='ltr'><strong>autem</strong></span> <span class='ocrx_word' id='word_1_576' title='bbox 2433 4203 2711 4271; x_wconf 53' lang='lat' dir='ltr'><strong>praestitit,</strong></span> <span class='ocrx_word' id='word_1_577' title='bbox 2747 4209 2937 4270; x_wconf 84' lang='lat' dir='ltr'><strong>utpote</strong></span> <span class='ocrx_word' id='word_1_578' title='bbox 2961 4217 3082 4272; x_wconf 76' lang='lat' dir='ltr'><strong>qure</strong></span> <span class='ocrx_word' id='word_1_579' title='bbox 3110 4211 3165 4257; x_wconf 88' lang='lat' dir='ltr'><strong>et</strong></span> <span class='ocrx_word' id='word_1_580' title='bbox 3195 4218 3428 4270; x_wconf 91' lang='lat' dir='ltr'><strong>puerum</strong></span> <span class='ocrx_word' id='word_1_581' title='bbox 3452 4204 3794 4259; x_wconf 88' lang='lat' dir='ltr'><strong>nasciturum</strong></span> 
     </span>
    </p>
   </div>
   <div class='ocr_carea' id='block_1_84' title="bbox 531 4292 2105 4367">
    <p class='ocr_par' dir='ltr' id='par_1_84' title="bbox 531 4292 2105 4366">
     <span class='ocr_line' id='line_1_84' title="bbox 531 4292 2105 4366; baseline 0.003 -22"><span class='ocrx_word' id='word_1_582' title='bbox 531 4293 821 4363; x_wconf 78' lang='grc' dir='ltr'>συνήδοντο</span> <span class='ocrx_word' id='word_1_583' title='bbox 839 4292 917 4364; x_wconf 82' lang='grc' dir='ltr'>τῷ</span> <span class='ocrx_word' id='word_1_584' title='bbox 955 4293 1101 4365; x_wconf 87' lang='grc' dir='ltr'>τόκῳ</span> <span class='ocrx_word' id='word_1_585' title='bbox 1136 4294 1252 4347; x_wconf 82' lang='grc' dir='ltr'>ὅσοι</span> <span class='ocrx_word' id='word_1_586' title='bbox 1282 4294 1384 4364; x_wconf 84' lang='grc' dir='ltr'><strong>τῆς</strong></span> <span class='ocrx_word' id='word_1_587' title='bbox 1413 4294 1588 4362; x_wconf 83' lang='grc' dir='ltr'>φυλῆς</span> <span class='ocrx_word' id='word_1_588' title='bbox 1615 4294 1899 4365; x_wconf 83' lang='grc' dir='ltr'>μετέσχον,</span> <span class='ocrx_word' id='word_1_589' title='bbox 1931 4295 2105 4366; x_wconf 75' lang='grc' dir='ltr'>πολλῷ</span> 
     </span>
    </p>
   </div>
   <div class='ocr_carea' id='block_1_85' title="bbox 2202 4292 3798 4367">
    <p class='ocr_par' dir='ltr' id='par_1_85' title="bbox 2214 4294 3798 4367">
     <span class='ocr_line' id='line_1_85' title="bbox 2214 4294 3798 4367; baseline 0.003 -18"><span class='ocrx_word' id='word_1_590' title='bbox 2214 4296 2428 4359; x_wconf 81' lang='lat' dir='ltr'><strong>videre,</strong></span> <span class='ocrx_word' id='word_1_591' title='bbox 2461 4303 2516 4349; x_wconf 91' lang='lat' dir='ltr'><strong>et</strong></span> <span class='ocrx_word' id='word_1_592' title='bbox 2549 4294 2815 4364; x_wconf 88' lang='lat' dir='ltr'><strong>parientis</strong></span> <span class='ocrx_word' id='word_1_593' title='bbox 2870 4295 3069 4365; x_wconf 84' lang='lat' dir='ltr'><strong>gaudio</strong></span> <span class='ocrx_word' id='word_1_594' title='bbox 3122 4297 3473 4367; x_wconf 78' lang='lat' dir='ltr'><strong>congaudere</strong></span> <span class='ocrx_word' id='word_1_595' title='bbox 3519 4298 3798 4367; x_wconf 76' lang='lat' dir='ltr'><strong>cupiebat.</strong></span> 
     </span>
    </p>
   </div>
   <div class='ocr_carea' id='block_1_86' title="bbox 534 4384 2105 4459">
    <p class='ocr_par' dir='ltr' id='par_1_86' title="bbox 534 4384 2105 4459">
     <span class='ocr_line' id='line_1_86' title="bbox 534 4384 2105 4459; baseline 0.003 -21"><span class='ocrx_word' id='word_1_596' title='bbox 534 4386 737 4456; x_wconf 75' lang='grc' dir='ltr'>μᾶλλον</span> <span class='ocrx_word' id='word_1_597' title='bbox 776 4384 984 4456; x_wconf 86' lang='grc' dir='ltr'>ταύτην</span> <span class='ocrx_word' id='word_1_598' title='bbox 1035 4385 1143 4439; x_wconf 73' lang='grc' dir='ltr'>ἔδει</span> <span class='ocrx_word' id='word_1_599' title='bbox 1177 4389 1458 4457; x_wconf 86' lang='grc' dir='ltr'>παρεῖναι,</span> <span class='ocrx_word' id='word_1_600' title='bbox 1504 4387 1606 4456; x_wconf 79' lang='grc' dir='ltr'><strong>τὴν</strong></span> <span class='ocrx_word' id='word_1_601' title='bbox 1645 4386 1706 4440; x_wconf 78' lang='grc' dir='ltr'>τὸ</span> <span class='ocrx_word' id='word_1_602' title='bbox 1741 4387 2105 4459; x_wconf 66' lang='grc' dir='ltr'>γνησιώτερον</span> 
     </span>
    </p>
   </div>
   <div class='ocr_carea' id='block_1_87' title="bbox 2202 4384 3802 4459">
    <p class='ocr_par' dir='ltr' id='par_1_87' title="bbox 2217 4387 3802 4458">
     <span class='ocr_line' id='line_1_87' title="bbox 2217 4387 3802 4458; baseline 0.001 -17"><span class='ocrx_word' id='word_1_603' title='bbox 2217 4387 2272 4442; x_wconf 89' lang='lat' dir='ltr'><strong>Si</strong></span> <span class='ocrx_word' id='word_1_604' title='bbox 2298 4388 2446 4441; x_wconf 88' lang='lat' dir='ltr'><strong>enim</strong></span> <span class='ocrx_word' id='word_1_605' title='bbox 2474 4395 2750 4457; x_wconf 89' lang='lat' dir='ltr'><strong>quotquot</strong></span> <span class='ocrx_word' id='word_1_606' title='bbox 2786 4396 2944 4441; x_wconf 87' lang='lat' dir='ltr'><strong>erant</strong></span> <span class='ocrx_word' id='word_1_607' title='bbox 2969 4387 3214 4458; x_wconf 85' lang='lat' dir='ltr'><strong>ejusdem</strong></span> <span class='ocrx_word' id='word_1_608' title='bbox 3252 4388 3448 4455; x_wconf 89' lang='lat' dir='ltr'><strong>tribus,</strong></span> <span class='ocrx_word' id='word_1_609' title='bbox 3479 4404 3671 4445; x_wconf 89' lang='lat' dir='ltr'><strong>omnes</strong></span> <span class='ocrx_word' id='word_1_610' title='bbox 3696 4391 3802 4444; x_wconf 75' lang='lat' dir='ltr'><strong>isto</strong></span> 
     </span>
    </p>
   </div>
   <div class='ocr_carea' id='block_1_88' title="bbox 529 4476 2105 4555">
    <p class='ocr_par' dir='ltr' id='par_1_88' title="bbox 529 4476 2105 4555">
     <span class='ocr_line' id='line_1_88' title="bbox 529 4476 2105 4555; baseline 0.003 -25"><span class='ocrx_word' id='word_1_611' title='bbox 529 4477 630 4547; x_wconf 80' lang='grc' dir='ltr'>τῆς</span> <span class='ocrx_word' id='word_1_612' title='bbox 666 4476 991 4546; x_wconf 78' lang='grc' dir='ltr'>συγγενείας</span> <span class='ocrx_word' id='word_1_613' title='bbox 1030 4479 1380 4549; x_wconf 77' lang='grc' dir='ltr'>βεϐαιοῦσαν.</span> <span class='ocrx_word' id='word_1_614' title='bbox 1407 4480 1533 4533; x_wconf 84' lang='grc' dir='ltr'>Ὅτι</span> <span class='ocrx_word' id='word_1_615' title='bbox 1558 4479 1616 4533; x_wconf 79' lang='grc' dir='ltr'>δὲ</span> <span class='ocrx_word' id='word_1_616' title='bbox 1650 4481 1834 4535; x_wconf 69' lang='grc' dir='ltr'>πολλοὶ</span> <span class='ocrx_word' id='word_1_617' title='bbox 1875 4484 1942 4553; x_wconf 77' lang='grc' dir='ltr'>τῇ</span> <span class='ocrx_word' id='word_1_618' title='bbox 1982 4484 2105 4555; x_wconf 76' lang='grc' dir='ltr'>παρ¹</span> 
     </span>
    </p>
   </div>
   <div class='ocr_carea' id='block_1_89' title="bbox 2202 4476 3801 4555">
    <p class='ocr_par' dir='ltr' id='par_1_89' title="bbox 2219 4480 3801 4553">
     <span class='ocr_line' id='line_1_89' title="bbox 2219 4480 3801 4553; baseline 0.001 -18"><span class='ocrx_word' id='word_1_619' title='bbox 2219 4489 2377 4549; x_wconf 86' lang='lat' dir='ltr'><strong>partu</strong></span> <span class='ocrx_word' id='word_1_620' title='bbox 2429 4480 2497 4533; x_wconf 86' lang='lat' dir='ltr'><strong>ad</strong></span> <span class='ocrx_word' id='word_1_621' title='bbox 2552 4480 2767 4534; x_wconf 80' lang='lat' dir='ltr'><strong>felicem</strong></span> <span class='ocrx_word' id='word_1_622' title='bbox 2809 4482 3017 4535; x_wconf 85' lang='lat' dir='ltr'><strong>exitum</strong></span> <span class='ocrx_word' id='word_1_623' title='bbox 3061 4481 3330 4550; x_wconf 89' lang='lat' dir='ltr'><strong>perducto</strong></span> <span class='ocrx_word' id='word_1_624' title='bbox 3384 4498 3489 4537; x_wconf 87' lang='lat' dir='ltr'><strong>una</strong></span> <span class='ocrx_word' id='word_1_625' title='bbox 3529 4483 3801 4553; x_wconf 77' lang='lat' dir='ltr'><strong>jucunda-</strong></span> 
     </span>
    </p>
   </div>
   <div class='ocr_carea' id='block_1_90' title="bbox 532 4567 2105 4646">
    <p class='ocr_par' dir='ltr' id='par_1_90' title="bbox 532 4570 2105 4646">
     <span class='ocr_line' id='line_1_90' title="bbox 532 4570 2105 4646; baseline 0.004 -23"><span class='ocrx_word' id='word_1_626' title='bbox 532 4570 724 4624; x_wconf 72' lang='grc' dir='ltr'>ἐλπίδα</span> <span class='ocrx_word' id='word_1_627' title='bbox 756 4572 1220 4642; x_wconf 82' lang='grc' dir='ltr'>συνευφραίνοντο</span> <span class='ocrx_word' id='word_1_628' title='bbox 1252 4574 1537 4646; x_wconf 81' lang='grc' dir='ltr'>κυοφορίᾳ,</span> <span class='ocrx_word' id='word_1_629' title='bbox 1573 4577 1601 4629; x_wconf 89' lang='grc' dir='ltr'><strong>ό</strong></span> <span class='ocrx_word' id='word_1_630' title='bbox 1631 4574 1920 4639; x_wconf 81' lang='grc' dir='ltr'>θεσπέσιος</span> <span class='ocrx_word' id='word_1_631' title='bbox 1950 4576 2105 4645; x_wconf 84' lang='grc' dir='ltr'>εὐαγ-</span> 
     </span>
    </p>
   </div>
   <div class='ocr_carea' id='block_1_91' title="bbox 2202 4567 3807 4646">
    <p class='ocr_par' dir='ltr' id='par_1_91' title="bbox 2219 4569 3807 4640">
     <span class='ocr_line' id='line_1_91' title="bbox 2219 4569 3807 4640; baseline -0.001 -14"><span class='ocrx_word' id='word_1_632' title='bbox 2219 4571 2445 4632; x_wconf 85' lang='lat' dir='ltr'><strong>bantur.</strong></span> <span class='ocrx_word' id='word_1_633' title='bbox 2486 4570 2662 4625; x_wconf 91' lang='lat' dir='ltr'><strong>multo</strong></span> <span class='ocrx_word' id='word_1_634' title='bbox 2697 4569 2870 4639; x_wconf 82' lang='lat' dir='ltr'><strong>magis</strong></span> <span class='ocrx_word' id='word_1_635' title='bbox 2899 4571 3042 4625; x_wconf 87' lang='lat' dir='ltr'><strong>hanc</strong></span> <span class='ocrx_word' id='word_1_636' title='bbox 3065 4571 3354 4640; x_wconf 85' lang='lat' dir='ltr'><strong>oportebat</strong></span> <span class='ocrx_word' id='word_1_637' title='bbox 3404 4572 3530 4628; x_wconf 91' lang='lat' dir='ltr'><strong>inde</strong></span> <span class='ocrx_word' id='word_1_638' title='bbox 3567 4589 3678 4627; x_wconf 91' lang='lat' dir='ltr'><strong>non</strong></span> <span class='ocrx_word' id='word_1_639' title='bbox 3706 4574 3807 4627; x_wconf 70' lang='lat' dir='ltr'><strong>ali-</strong></span> 
     </span>
    </p>
   </div>
   <div class='ocr_carea' id='block_1_92' title="bbox 534 4648 2105 4739">
    <p class='ocr_par' dir='ltr' id='par_1_92' title="bbox 534 4648 2105 4739">
     <span class='ocr_line' id='line_1_92' title="bbox 534 4648 2105 4739; baseline 0.005 -25"><span class='ocrx_word' id='word_1_640' title='bbox 534 4663 797 4732; x_wconf 78' lang='grc' dir='ltr'>γελιστὴς</span> <span class='ocrx_word' id='word_1_641' title='bbox 834 4664 1136 4733; x_wconf 84' lang='grc' dir='ltr'>διατρανοῖ·</span> <span class='ocrx_word' id='word_1_642' title='bbox 1175 4648 1493 4722; x_wconf 69' lang='grc' dir='ltr'>Ἤκουσαν</span> <span class='ocrx_word' id='word_1_643' title='bbox 1520 4669 1652 4738; x_wconf 84' lang='grc' dir='ltr'>γὰρ,</span> <span class='ocrx_word' id='word_1_644' title='bbox 1687 4669 1874 4739; x_wconf 76' lang='grc' dir='ltr'>φησὶν,</span> <span class='ocrx_word' id='word_1_645' title='bbox 1915 4672 1970 4723; x_wconf 80' lang='grc' dir='ltr'>οἱ</span> <span class='ocrx_word' id='word_1_646' title='bbox 2013 4682 2105 4723; x_wconf 83' lang='grc' dir='ltr'>πε·</span> 
     </span>
    </p>
   </div>
   <div class='ocr_carea' id='block_1_93' title="bbox 2202 4648 3801 4739">
    <p class='ocr_par' dir='ltr' id='par_1_93' title="bbox 2220 4661 3801 4732">
     <span class='ocr_line' id='line_1_93' title="bbox 2220 4661 3801 4732; baseline 0.001 -16"><span class='ocrx_word' id='word_1_647' title='bbox 2220 4677 2363 4727; x_wconf 89' lang='lat' dir='ltr'><strong>esse,</strong></span> <span class='ocrx_word' id='word_1_648' title='bbox 2399 4677 2522 4731; x_wconf 54' lang='lat' dir='ltr'><strong>quas</strong></span> <span class='ocrx_word' id='word_1_649' title='bbox 2546 4661 2840 4715; x_wconf 83' lang='lat' dir='ltr'><strong>arctiorem</strong></span> <span class='ocrx_word' id='word_1_650' title='bbox 2871 4661 2977 4716; x_wconf 86' lang='lat' dir='ltr'><strong>hoc</strong></span> <span class='ocrx_word' id='word_1_651' title='bbox 2996 4670 3161 4730; x_wconf 89' lang='lat' dir='ltr'><strong>pacto</strong></span> <span class='ocrx_word' id='word_1_652' title='bbox 3212 4663 3597 4732; x_wconf 82' lang='lat' dir='ltr'><strong>cognationem</strong></span> <span class='ocrx_word' id='word_1_653' title='bbox 3646 4680 3801 4719; x_wconf 89' lang='lat' dir='ltr'><strong>suam</strong></span> 
     </span>
    </p>
   </div>
   <div class='ocr_carea' id='block_1_94' title="bbox 527 4751 2105 4829">
    <p class='ocr_par' dir='ltr' id='par_1_94' title="bbox 527 4755 2105 4829">
     <span class='ocr_line' id='line_1_94' title="bbox 527 4755 2105 4829; baseline 0.004 -21"><span class='ocrx_word' id='word_1_654' title='bbox 527 4756 745 4824; x_wconf 74' lang='lat' dir='ltr'><strong>plomoc</strong></span> <span class='ocrx_word' id='word_1_655' title='bbox 794 4755 892 4809; x_wconf 81' lang='grc' dir='ltr'>καὶ</span> <span class='ocrx_word' id='word_1_656' title='bbox 939 4760 989 4811; x_wconf 88' lang='grc' dir='ltr'><strong>οί</strong></span> <span class='ocrx_word' id='word_1_657' title='bbox 1021 4759 1341 4826; x_wconf 73' lang='grc' dir='ltr'>συγγενεῖς</span> <span class='ocrx_word' id='word_1_658' title='bbox 1375 4759 1562 4829; x_wconf 81' lang='grc' dir='ltr'>αὐτῆς</span> <span class='ocrx_word' id='word_1_659' title='bbox 1588 4800 1602 4821; x_wconf 88' lang='grc'><strong>,</strong></span> <span class='ocrx_word' id='word_1_660' title='bbox 1645 4760 1735 4815; x_wconf 86' lang='grc' dir='ltr'>ὅτι</span> <span class='ocrx_word' id='word_1_661' title='bbox 1778 4760 2105 4829; x_wconf 65' lang='grc' dir='ltr'>ἐμεγάλυνε</span> 
     </span>
    </p>
   </div>
   <div class='ocr_carea' id='block_1_95' title="bbox 2202 4751 3799 4829">
    <p class='ocr_par' dir='ltr' id='par_1_95' title="bbox 2216 4751 3799 4823">
     <span class='ocr_line' id='line_1_95' title="bbox 2216 4751 3799 4823; baseline 0.001 -16"><span class='ocrx_word' id='word_1_662' title='bbox 2216 4753 2544 4807; x_wconf 85' lang='lat' dir='ltr'><strong>testabatur.</strong></span> <span class='ocrx_word' id='word_1_663' title='bbox 2590 4751 2745 4818; x_wconf 85' lang='lat' dir='ltr'><strong>Quod</strong></span> <span class='ocrx_word' id='word_1_664' title='bbox 2802 4767 2935 4806; x_wconf 91' lang='lat' dir='ltr'><strong>vero</strong></span> <span class='ocrx_word' id='word_1_665' title='bbox 2974 4753 3134 4807; x_wconf 91' lang='lat' dir='ltr'><strong>multi</strong></span> <span class='ocrx_word' id='word_1_666' title='bbox 3184 4753 3464 4822; x_wconf 88' lang='lat' dir='ltr'><strong>insperato</strong></span> <span class='ocrx_word' id='word_1_667' title='bbox 3504 4753 3609 4808; x_wconf 89' lang='lat' dir='ltr'><strong>hoc</strong></span> <span class='ocrx_word' id='word_1_668' title='bbox 3643 4765 3799 4823; x_wconf 88' lang='lat' dir='ltr'><strong>partu</strong></span> 
     </span>
    </p>
   </div>
   <div class='ocr_carea' id='block_1_96' title="bbox 539 4842 2105 4919">
    <p class='ocr_par' dir='ltr' id='par_1_96' title="bbox 539 4847 2105 4919">
     <span class='ocr_line' id='line_1_96' title="bbox 539 4847 2105 4919; baseline 0.001 -18"><span class='ocrx_word' id='word_1_669' title='bbox 539 4847 752 4916; x_wconf 78' lang='grc' dir='ltr'>Κύριος</span> <span class='ocrx_word' id='word_1_670' title='bbox 778 4847 845 4900; x_wconf 83' lang='grc' dir='ltr'>τὸ</span> <span class='ocrx_word' id='word_1_671' title='bbox 877 4847 1053 4913; x_wconf 74' lang='grc' dir='ltr'>ἕλεος</span> <span class='ocrx_word' id='word_1_672' title='bbox 1081 4848 1270 4901; x_wconf 84' lang='grc' dir='ltr'>αὑτοῦ</span> <span class='ocrx_word' id='word_1_673' title='bbox 1298 4848 1425 4916; x_wconf 79' lang='grc' dir='ltr'>μετ’</span> <span class='ocrx_word' id='word_1_674' title='bbox 1451 4849 1667 4917; x_wconf 77' lang='grc' dir='ltr'>αὐτῆς,</span> <span class='ocrx_word' id='word_1_675' title='bbox 1705 4851 1802 4903; x_wconf 81' lang='grc' dir='ltr'>καὶ</span> <span class='ocrx_word' id='word_1_676' title='bbox 1834 4850 2105 4919; x_wconf 80' lang='grc' dir='ltr'>συνέχαι-</span> 
     </span>
    </p>
   </div>
   <div class='ocr_carea' id='block_1_97' title="bbox 2202 4842 3808 4919">
    <p class='ocr_par' dir='ltr' id='par_1_97' title="bbox 2215 4842 3808 4908">
     <span class='ocr_line' id='line_1_97' title="bbox 2215 4842 3808 4908; baseline 0.001 -9"><span class='ocrx_word' id='word_1_677' title='bbox 2215 4843 2471 4899; x_wconf 72' lang='lat' dir='ltr'><strong>colluztati</strong></span> <span class='ocrx_word' id='word_1_678' title='bbox 2507 4843 2735 4908; x_wconf 90' lang='lat' dir='ltr'><strong>fuerint,</strong></span> <span class='ocrx_word' id='word_1_679' title='bbox 2782 4842 3067 4897; x_wconf 85' lang='lat' dir='ltr'><strong>manifeste</strong></span> <span class='ocrx_word' id='word_1_680' title='bbox 3101 4843 3265 4897; x_wconf 90' lang='lat' dir='ltr'><strong>tradit</strong></span> <span class='ocrx_word' id='word_1_681' title='bbox 3294 4842 3562 4897; x_wconf 86' lang='lat' dir='ltr'><strong>divinitus</strong></span> <span class='ocrx_word' id='word_1_682' title='bbox 3593 4843 3808 4900; x_wconf 72' lang='lat' dir='ltr'><strong>adlatus</strong></span> 
     </span>
    </p>
   </div>
   <div class='ocr_carea' id='block_1_98' title="bbox 530 4937 2105 5011">
    <p class='ocr_par' dir='ltr' id='par_1_98' title="bbox 530 4938 2105 5011">
     <span class='ocr_line' id='line_1_98' title="bbox 530 4938 2105 5011; baseline 0 -17"><span class='ocrx_word' id='word_1_683' title='bbox 530 4955 646 5007; x_wconf 85' lang='grc' dir='ltr'>ρον</span> <span class='ocrx_word' id='word_1_684' title='bbox 679 4938 855 5008; x_wconf 77' lang='grc' dir='ltr'>αὐτῇ,</span> <span class='ocrx_word' id='word_1_685' title='bbox 884 4941 951 5011; x_wconf 76' lang='grc' dir='ltr'>τῇ</span> <span class='ocrx_word' id='word_1_686' title='bbox 994 4939 1279 4993; x_wconf 79' lang='grc' dir='ltr'>Ἑλισάὅετ</span> <span class='ocrx_word' id='word_1_687' title='bbox 1302 4942 1569 5008; x_wconf 68' lang='grc' dir='ltr'>δηλονότν</span> <span class='ocrx_word' id='word_1_688' title='bbox 1597 4941 1739 4995; x_wconf 82' lang='grc' dir='ltr'>ὥστε</span> <span class='ocrx_word' id='word_1_689' title='bbox 1769 4942 1952 4996; x_wconf 82' lang='grc' dir='ltr'>αὐτῶν</span> <span class='ocrx_word' id='word_1_690' title='bbox 1989 4958 2105 4994; x_wconf 81' lang='grc' dir='ltr'>συν-</span> 
     </span>
    </p>
   </div>
   <div class='ocr_carea' id='block_1_99' title="bbox 2202 4937 3809 5011">
    <p class='ocr_par' dir='ltr' id='par_1_99' title="bbox 2214 4937 3809 5008">
     <span class='ocr_line' id='line_1_99' title="bbox 2214 4937 3809 5008; baseline 0.003 -17"><span class='ocrx_word' id='word_1_691' title='bbox 2214 4937 2595 5008; x_wconf 85' lang='lat' dir='ltr'><strong>evangelista:</strong></span> <span class='ocrx_word' id='word_1_692' title='bbox 2632 4938 2928 4991; x_wconf 78' lang='lat' dir='ltr'><strong>Audierant</strong></span> <span class='ocrx_word' id='word_1_693' title='bbox 2960 4942 3130 4998; x_wconf 86' lang='lat' dir='ltr'><strong>enim,</strong></span> <span class='ocrx_word' id='word_1_694' title='bbox 3178 4938 3379 5007; x_wconf 81' lang='lat' dir='ltr'><strong>inquit,</strong></span> <span class='ocrx_word' id='word_1_695' title='bbox 3417 4939 3574 4994; x_wconf 77' lang='lat' dir='ltr'><strong>vicini</strong></span> <span class='ocrx_word' id='word_1_696' title='bbox 3621 4950 3670 4994; x_wconf 83' lang='lat' dir='ltr'><strong>et</strong></span> <span class='ocrx_word' id='word_1_697' title='bbox 3718 4957 3809 4995; x_wconf 80' lang='lat' dir='ltr'><strong>co-</strong></span> 
     </span>
    </p>
   </div>
   <div class='ocr_carea' id='block_1_100' title="bbox 537 5028 2114 5099">
    <p class='ocr_par' dir='ltr' id='par_1_100' title="bbox 537 5028 2114 5099">
     <span class='ocr_line' id='line_1_100' title="bbox 537 5028 2114 5099; baseline -0.003 -18"><span class='ocrx_word' id='word_1_698' title='bbox 537 5031 1003 5099; x_wconf 79' lang='grc' dir='ltr'>ευφραινομένων,</span> <span class='ocrx_word' id='word_1_699' title='bbox 1028 5028 1275 5099; x_wconf 79' lang='grc' dir='ltr'>προσῆκε</span> <span class='ocrx_word' id='word_1_700' title='bbox 1304 5028 1440 5099; x_wconf 82' lang='grc' dir='ltr'>μηδὲ</span> <span class='ocrx_word' id='word_1_701' title='bbox 1462 5028 1664 5097; x_wconf 82' lang='grc' dir='ltr'>ταύτην</span> <span class='ocrx_word' id='word_1_702' title='bbox 1695 5028 2114 5094; x_wconf 77' lang='grc' dir='ltr'>ἀπολείπεσθαι,</span> 
     </span>
    </p>
   </div>
   <div class='ocr_carea' id='block_1_101' title="bbox 538 5119 1900 5192">
    <p class='ocr_par' dir='ltr' id='par_1_101' title="bbox 538 5119 1900 5192">
     <span class='ocr_line' id='line_1_101' title="bbox 538 5119 1900 5192; baseline 0.001 -18"><span class='ocrx_word' id='word_1_703' title='bbox 538 5120 722 5174; x_wconf 81' lang='grc' dir='ltr'>αὐτῶν</span> <span class='ocrx_word' id='word_1_704' title='bbox 746 5123 841 5174; x_wconf 76' lang='grc' dir='ltr'><strong>καὶ</strong></span> <span class='ocrx_word' id='word_1_705' title='bbox 878 5121 953 5192; x_wconf 76' lang='grc' dir='ltr'>μὴ</span> <span class='ocrx_word' id='word_1_706' title='bbox 997 5120 1333 5191; x_wconf 68' lang='grc' dir='ltr'>βουλομένην</span> <span class='ocrx_word' id='word_1_707' title='bbox 1372 5119 1463 5191; x_wconf 79' lang='grc' dir='ltr'><strong>βίᾳ</strong></span> <span class='ocrx_word' id='word_1_708' title='bbox 1490 5119 1900 5192; x_wconf 82' lang='grc' dir='ltr'>κατασχόντων.</span> 
     </span>
    </p>
   </div>
   <div class='ocr_carea' id='block_1_102' title="bbox 2217 5028 3806 5099">
    <p class='ocr_par' dir='ltr' id='par_1_102' title="bbox 2217 5028 3806 5099">
     <span class='ocr_line' id='line_1_102' title="bbox 2217 5028 3806 5099; baseline 0.003 -16"><span class='ocrx_word' id='word_1_709' title='bbox 2217 5030 2369 5099; x_wconf 80' lang='lat' dir='ltr'><strong>gnati</strong></span> <span class='ocrx_word' id='word_1_710' title='bbox 2397 5030 2533 5098; x_wconf 87' lang='lat' dir='ltr'><strong>ejus,</strong></span> <span class='ocrx_word' id='word_1_711' title='bbox 2563 5030 2687 5098; x_wconf 84' lang='lat' dir='ltr'><strong>quia</strong></span> <span class='ocrx_word' id='word_1_712' title='bbox 2718 5028 3078 5099; x_wconf 83' lang='lat' dir='ltr'><strong>magniﬁcavit</strong></span> <span class='ocrx_word' id='word_1_713' title='bbox 3109 5029 3361 5085; x_wconf 84' lang='lat' dir='ltr'><strong>Dominus</strong></span> <span class='ocrx_word' id='word_1_714' title='bbox 3390 5031 3806 5087; x_wconf 78' lang='lat' dir='ltr'><strong>misericordiam</strong></span> 
     </span>
    </p>
   </div>
   <div class='ocr_carea' id='block_1_103' title="bbox 2225 5120 3811 5192">
    <p class='ocr_par' dir='ltr' id='par_1_103' title="bbox 2225 5120 3811 5192">
     <span class='ocr_line' id='line_1_103' title="bbox 2225 5120 3811 5192; baseline 0.001 -15"><span class='ocrx_word' id='word_1_715' title='bbox 2225 5139 2378 5177; x_wconf 86' lang='lat' dir='ltr'><strong>suam</strong></span> <span class='ocrx_word' id='word_1_716' title='bbox 2408 5139 2528 5176; x_wconf 87' lang='lat' dir='ltr'><strong>cum</strong></span> <span class='ocrx_word' id='word_1_717' title='bbox 2566 5120 2685 5186; x_wconf 84' lang='lat' dir='ltr'><strong>illa,</strong></span> <span class='ocrx_word' id='word_1_718' title='bbox 2723 5129 2772 5175; x_wconf 83' lang='lat' dir='ltr'><strong>et</strong></span> <span class='ocrx_word' id='word_1_719' title='bbox 2797 5121 3312 5192; x_wconf 82' lang='lat' dir='ltr'><strong>congratulubantur</strong></span> <span class='ocrx_word' id='word_1_720' title='bbox 3352 5125 3400 5179; x_wconf 87' lang='lat' dir='ltr'><strong>ei</strong></span> <span class='ocrx_word' id='word_1_721' title='bbox 3440 5123 3505 5189; x_wconf 70' lang='lat'><strong>“,</strong></span> <span class='ocrx_word' id='word_1_722' title='bbox 3562 5123 3811 5179; x_wconf 84' lang='lat' dir='ltr'><strong>Elisabe-</strong></span> 
     </span>
    </p>
   </div>
   <div class='ocr_carea' id='block_1_104' title="bbox 542 5217 3806 5291">
    <p class='ocr_par' dir='ltr' id='par_1_104' title="bbox 542 5217 3806 5291">
     <span class='ocr_line' id='line_1_104' title="bbox 542 5217 3806 5291; baseline 0.003 -24"><span class='ocrx_word' id='word_1_723' title='bbox 542 5220 648 5291; x_wconf 48' lang='lat' dir='ltr'><strong>l&#39;hae</strong></span> <span class='ocrx_word' id='word_1_724' title='bbox 689 5218 919 5274; x_wconf 85' lang='lat' dir='ltr'><strong>scilicet.</strong></span> <span class='ocrx_word' id='word_1_725' title='bbox 968 5217 1094 5273; x_wconf 86' lang='lat' dir='ltr'><strong>Istis</strong></span> <span class='ocrx_word' id='word_1_726' title='bbox 1129 5218 1296 5287; x_wconf 86' lang='lat' dir='ltr'><strong>igitur</strong></span> <span class='ocrx_word' id='word_1_727' title='bbox 1332 5218 1835 5287; x_wconf 85' lang='lat' dir='ltr'><strong>congaudentibus,</strong></span> <span class='ocrx_word' id='word_1_728' title='bbox 1893 5233 2123 5289; x_wconf 89' lang='lat' dir='ltr'><strong>prorsus</strong></span> <span class='ocrx_word' id='word_1_729' title='bbox 2161 5234 2470 5291; x_wconf 80' lang='lat' dir='ltr'><strong>congruum</strong></span> <span class='ocrx_word' id='word_1_730' title='bbox 2512 5227 2653 5286; x_wconf 85' lang='lat' dir='ltr'><strong>erat,</strong></span> <span class='ocrx_word' id='word_1_731' title='bbox 2695 5228 2757 5275; x_wconf 90' lang='lat' dir='ltr'><strong>ut</strong></span> <span class='ocrx_word' id='word_1_732' title='bbox 2820 5217 2938 5273; x_wconf 70' lang='lat' dir='ltr'><strong>haec</strong></span> <span class='ocrx_word' id='word_1_733' title='bbox 2993 5235 3214 5290; x_wconf 81' lang='lat' dir='ltr'><strong>quoque</strong></span> <span class='ocrx_word' id='word_1_734' title='bbox 3244 5235 3352 5274; x_wconf 91' lang='lat' dir='ltr'><strong>non</strong></span> <span class='ocrx_word' id='word_1_735' title='bbox 3378 5220 3806 5282; x_wconf 79' lang='lat' dir='ltr'><strong>desideraretur,</strong></span> 
     </span>
    </p>
   </div>
   <div class='ocr_carea' id='block_1_105' title="bbox 542 5310 2245 5385">
    <p class='ocr_par' dir='ltr' id='par_1_105' title="bbox 542 5310 2245 5385">
     <span class='ocr_line' id='line_1_105' title="bbox 542 5310 2245 5385; baseline 0.002 -21"><span class='ocrx_word' id='word_1_736' title='bbox 542 5313 843 5385; x_wconf 77' lang='lat' dir='ltr'><strong>pnesertim</strong></span> <span class='ocrx_word' id='word_1_737' title='bbox 865 5327 997 5367; x_wconf 88' lang='lat' dir='ltr'><strong>vero</strong></span> <span class='ocrx_word' id='word_1_738' title='bbox 1025 5310 1174 5381; x_wconf 91' lang='lat' dir='ltr'><strong>quod</strong></span> <span class='ocrx_word' id='word_1_739' title='bbox 1206 5311 1290 5365; x_wconf 88' lang='lat' dir='ltr'><strong>vel</strong></span> <span class='ocrx_word' id='word_1_740' title='bbox 1320 5311 1599 5366; x_wconf 87' lang='lat' dir='ltr'><strong>nolentem</strong></span> <span class='ocrx_word' id='word_1_741' title='bbox 1630 5311 1735 5380; x_wconf 91' lang='lat' dir='ltr'><strong>ipsi</strong></span> <span class='ocrx_word' id='word_1_742' title='bbox 1771 5312 1821 5365; x_wconf 81' lang='lat' dir='ltr'><strong>vi</strong></span> <span class='ocrx_word' id='word_1_743' title='bbox 1854 5311 2245 5369; x_wconf 84' lang='lat' dir='ltr'><strong>detinuissent.</strong></span> 
     </span>
    </p>
   </div>
   <div class='ocr_carea' id='block_1_106' title="bbox 614 5400 2121 5474">
    <p class='ocr_par' dir='ltr' id='par_1_106' title="bbox 614 5400 2121 5474">
     <span class='ocr_line' id='line_1_106' title="bbox 614 5400 2121 5474; baseline 0.003 -20"><span class='ocrx_word' id='word_1_744' title='bbox 614 5400 743 5457; x_wconf 76' lang='lat' dir='ltr'><strong>KO’.</strong></span> <span class='ocrx_word' id='word_1_745' title='bbox 774 5405 1016 5473; x_wconf 83' lang='grc' dir='ltr'>Δευτέρα</span> <span class='ocrx_word' id='word_1_746' title='bbox 1043 5403 1100 5457; x_wconf 82' lang='grc' dir='ltr'>δέ</span> <span class='ocrx_word' id='word_1_747' title='bbox 1130 5404 1281 5456; x_wconf 75' lang='grc' dir='ltr'>ἔστιν</span> <span class='ocrx_word' id='word_1_748' title='bbox 1305 5403 1475 5465; x_wconf 84' lang='grc' dir='ltr'>αίτία.</span> <span class='ocrx_word' id='word_1_749' title='bbox 1514 5405 1637 5474; x_wconf 73' lang='grc' dir='ltr'>ἥτις</span> <span class='ocrx_word' id='word_1_750' title='bbox 1663 5405 1757 5457; x_wconf 77' lang='grc' dir='ltr'><strong>ἐπὶ</strong></span> <span class='ocrx_word' id='word_1_751' title='bbox 1780 5404 2033 5460; x_wconf 83' lang='grc' dir='ltr'>τοσοῦτον</span> <span class='ocrx_word' id='word_1_752' title='bbox 2062 5406 2121 5458; x_wconf 81' lang='grc' dir='ltr'>ὲν</span> 
     </span>
    </p>
   </div>
   <div class='ocr_carea' id='block_1_107' title="bbox 2308 5403 3809 5475">
    <p class='ocr_par' dir='ltr' id='par_1_107' title="bbox 2308 5403 3809 5475">
     <span class='ocr_line' id='line_1_107' title="bbox 2308 5403 3809 5475; baseline 0.001 -16"><span class='ocrx_word' id='word_1_753' title='bbox 2308 5403 2495 5459; x_wconf 78' lang='lat' dir='ltr'><strong>XXIX.</strong></span> <span class='ocrx_word' id='word_1_754' title='bbox 2530 5403 2639 5459; x_wconf 87' lang='lat' dir='ltr'><strong>Sed</strong></span> <span class='ocrx_word' id='word_1_755' title='bbox 2678 5413 2732 5458; x_wconf 92' lang='lat' dir='ltr'><strong>et</strong></span> <span class='ocrx_word' id='word_1_756' title='bbox 2758 5403 2927 5459; x_wconf 87' lang='lat' dir='ltr'><strong>altera</strong></span> <span class='ocrx_word' id='word_1_757' title='bbox 2965 5403 3119 5459; x_wconf 86' lang='lat' dir='ltr'><strong>adest</strong></span> <span class='ocrx_word' id='word_1_758' title='bbox 3150 5419 3335 5468; x_wconf 78' lang='lat' dir='ltr'><strong>causa,</strong></span> <span class='ocrx_word' id='word_1_759' title='bbox 3369 5422 3490 5475; x_wconf 76' lang='lat' dir='ltr'><strong>quae</strong></span> <span class='ocrx_word' id='word_1_760' title='bbox 3521 5405 3709 5461; x_wconf 84' lang='lat' dir='ltr'><strong>tandiu</strong></span> <span class='ocrx_word' id='word_1_761' title='bbox 3740 5406 3809 5461; x_wconf 83' lang='lat' dir='ltr'><strong>il-</strong></span> 
     </span>
    </p>
   </div>
   <div class='ocr_carea' id='block_1_108' title="bbox 543 5495 2105 5569">
    <p class='ocr_par' dir='ltr' id='par_1_108' title="bbox 543 5495 2105 5569">
     <span class='ocr_line' id='line_1_108' title="bbox 543 5495 2105 5569; baseline 0.003 -22"><span class='ocrx_word' id='word_1_762' title='bbox 543 5496 655 5557; x_wconf 84' lang='grc' dir='ltr'>τοῖς</span> <span class='ocrx_word' id='word_1_763' title='bbox 688 5496 865 5548; x_wconf 78' lang='grc' dir='ltr'>ἐκεῖσε</span> <span class='ocrx_word' id='word_1_764' title='bbox 888 5497 1092 5567; x_wconf 84' lang='grc' dir='ltr'>ταύτην</span> <span class='ocrx_word' id='word_1_765' title='bbox 1113 5499 1357 5568; x_wconf 85' lang='grc' dir='ltr'>κατεῖχε,</span> <span class='ocrx_word' id='word_1_766' title='bbox 1375 5499 1467 5551; x_wconf 74' lang='grc' dir='ltr'>καὶ</span> <span class='ocrx_word' id='word_1_767' title='bbox 1487 5495 1688 5563; x_wconf 80' lang='grc' dir='ltr'>μᾶλλον</span> <span class='ocrx_word' id='word_1_768' title='bbox 1722 5498 2105 5569; x_wconf 67' lang='grc' dir='ltr'>ἀναγκαιοτέρα</span> 
     </span>
    </p>
   </div>
   <div class='ocr_carea' id='block_1_109' title="bbox 2202 5495 3808 5569">
    <p class='ocr_par' dir='ltr' id='par_1_109' title="bbox 2229 5496 3808 5566">
     <span class='ocr_line' id='line_1_109' title="bbox 2229 5496 3808 5566; baseline 0.001 -16"><span class='ocrx_word' id='word_1_769' title='bbox 2229 5496 2302 5550; x_wconf 91' lang='lat' dir='ltr'><strong>lic</strong></span> <span class='ocrx_word' id='word_1_770' title='bbox 2328 5513 2448 5549; x_wconf 81' lang='lat' dir='ltr'><strong>eam</strong></span> <span class='ocrx_word' id='word_1_771' title='bbox 2475 5497 2770 5557; x_wconf 89' lang='lat' dir='ltr'><strong>continuit,</strong></span> <span class='ocrx_word' id='word_1_772' title='bbox 2798 5504 2853 5549; x_wconf 90' lang='lat' dir='ltr'><strong>et</strong></span> <span class='ocrx_word' id='word_1_773' title='bbox 2882 5496 3102 5565; x_wconf 84' lang='lat' dir='ltr'><strong>quidem</strong></span> <span class='ocrx_word' id='word_1_774' title='bbox 3134 5513 3256 5566; x_wconf 69' lang='lat' dir='ltr'><strong>ane</strong></span> <span class='ocrx_word' id='word_1_775' title='bbox 3316 5499 3514 5552; x_wconf 91' lang='lat' dir='ltr'><strong>merito</strong></span> <span class='ocrx_word' id='word_1_776' title='bbox 3544 5497 3808 5566; x_wconf 86' lang='lat' dir='ltr'><strong>majorem</strong></span> 
     </span>
    </p>
   </div>
   <div class='ocr_carea' id='block_1_110' title="bbox 538 5587 2105 5661">
    <p class='ocr_par' dir='ltr' id='par_1_110' title="bbox 538 5587 2105 5661">
     <span class='ocr_line' id='line_1_110' title="bbox 538 5587 2105 5661; baseline 0 -20"><span class='ocrx_word' id='word_1_777' title='bbox 538 5587 874 5655; x_wconf 65' lang='grc' dir='ltr'>κρινομένη·</span> <span class='ocrx_word' id='word_1_778' title='bbox 901 5589 935 5658; x_wconf 74' lang='grc' dir='ltr'>ἡ</span> <span class='ocrx_word' id='word_1_779' title='bbox 969 5591 1049 5652; x_wconf 84' lang='grc' dir='ltr'>εἰς</span> <span class='ocrx_word' id='word_1_780' title='bbox 1075 5590 1102 5642; x_wconf 83' lang='grc' dir='ltr'><strong><em>ὃ</em></strong></span> <span class='ocrx_word' id='word_1_781' title='bbox 1129 5607 1183 5642; x_wconf 91' lang='grc' dir='ltr'><strong>τι</strong></span> <span class='ocrx_word' id='word_1_782' title='bbox 1213 5588 1280 5642; x_wconf 82' lang='grc' dir='ltr'><strong>ἂν</strong></span> <span class='ocrx_word' id='word_1_783' title='bbox 1312 5591 1344 5659; x_wconf 83' lang='grc' dir='ltr'>ἡ</span> <span class='ocrx_word' id='word_1_784' title='bbox 1380 5588 1474 5642; x_wconf 76' lang='grc' dir='ltr'>τοῦ</span> <span class='ocrx_word' id='word_1_785' title='bbox 1507 5588 1781 5659; x_wconf 79' lang='grc' dir='ltr'>Ζαχαρίου</span> <span class='ocrx_word' id='word_1_786' title='bbox 1814 5590 2105 5661; x_wconf 79' lang='grc' dir='ltr'>συναποδή-</span> 
     </span>
    </p>
   </div>
   <div class='ocr_carea' id='block_1_111' title="bbox 2202 5587 3813 5661">
    <p class='ocr_par' dir='ltr' id='par_1_111' title="bbox 2229 5587 3813 5643">
     <span class='ocr_line' id='line_1_111' title="bbox 2229 5587 3813 5643; baseline -0.001 0"><span class='ocrx_word' id='word_1_787' title='bbox 2229 5588 2514 5643; x_wconf 82' lang='lat' dir='ltr'><strong>induxisse</strong></span> <span class='ocrx_word' id='word_1_788' title='bbox 2554 5588 2940 5643; x_wconf 88' lang='lat' dir='ltr'><strong>necessitatem</strong></span> <span class='ocrx_word' id='word_1_789' title='bbox 2981 5589 3328 5642; x_wconf 83' lang='lat' dir='ltr'><strong>existimetur</strong></span> <span class='ocrx_word' id='word_1_790' title='bbox 3361 5605 3376 5641; x_wconf 90' lang='lat'><strong>:</strong></span> <span class='ocrx_word' id='word_1_791' title='bbox 3409 5597 3470 5643; x_wconf 92' lang='lat' dir='ltr'><strong>ut</strong></span> <span class='ocrx_word' id='word_1_792' title='bbox 3492 5587 3702 5642; x_wconf 87' lang='lat' dir='ltr'><strong>scilicet</strong></span> <span class='ocrx_word' id='word_1_793' title='bbox 3734 5588 3813 5641; x_wconf 81' lang='lat' dir='ltr'><strong>vi-</strong></span> 
     </span>
    </p>
   </div>
   <div class='ocr_carea' id='block_1_112' title="bbox 548 5677 2105 5752">
    <p class='ocr_par' dir='ltr' id='par_1_112' title="bbox 548 5677 2105 5752">
     <span class='ocr_line' id='line_1_112' title="bbox 548 5677 2105 5752; baseline -0.002 -17"><span class='ocrx_word' id='word_1_794' title='bbox 548 5694 703 5735; x_wconf 66' lang='grc' dir='ltr'>σεται</span> <span class='ocrx_word' id='word_1_795' title='bbox 737 5678 939 5748; x_wconf 83' lang='grc' dir='ltr'>σιωπή.</span> <span class='ocrx_word' id='word_1_796' title='bbox 969 5677 1271 5734; x_wconf 83' lang='grc' dir='ltr'>Συνεπάθει</span> <span class='ocrx_word' id='word_1_797' title='bbox 1301 5680 1412 5750; x_wconf 77' lang='grc' dir='ltr'><strong>γὰρ</strong></span> <span class='ocrx_word' id='word_1_798' title='bbox 1460 5681 1527 5751; x_wconf 81' lang='grc' dir='ltr'>τῇ</span> <span class='ocrx_word' id='word_1_799' title='bbox 1578 5679 1792 5752; x_wconf 70' lang='grc' dir='ltr'>ἀφωνία</span> <span class='ocrx_word' id='word_1_800' title='bbox 1836 5682 1900 5734; x_wconf 83' lang='grc' dir='ltr'>ὲκ</span> <span class='ocrx_word' id='word_1_801' title='bbox 1933 5679 2105 5750; x_wconf 76' lang='grc' dir='ltr'>διαφει</span> 
     </span>
    </p>
   </div>
   <div class='ocr_carea' id='block_1_113' title="bbox 2202 5677 3819 5752">
    <p class='ocr_par' dir='ltr' id='par_1_113' title="bbox 2233 5677 3819 5750">
     <span class='ocr_line' id='line_1_113' title="bbox 2233 5677 3819 5750; baseline -0.003 -14"><span class='ocrx_word' id='word_1_802' title='bbox 2233 5680 2411 5745; x_wconf 87' lang='lat' dir='ltr'><strong>deret,</strong></span> <span class='ocrx_word' id='word_1_803' title='bbox 2450 5694 2615 5750; x_wconf 88' lang='lat' dir='ltr'><strong>quem</strong></span> <span class='ocrx_word' id='word_1_804' title='bbox 2649 5679 2867 5735; x_wconf 85' lang='lat' dir='ltr'><strong>tandem</strong></span> <span class='ocrx_word' id='word_1_805' title='bbox 2896 5680 3057 5734; x_wconf 80' lang='lat' dir='ltr'><strong>finem</strong></span> <span class='ocrx_word' id='word_1_806' title='bbox 3091 5680 3403 5734; x_wconf 86' lang='lat' dir='ltr'><strong>habiturum</strong></span> <span class='ocrx_word' id='word_1_807' title='bbox 3431 5688 3578 5735; x_wconf 88' lang='lat' dir='ltr'><strong>esset</strong></span> <span class='ocrx_word' id='word_1_808' title='bbox 3603 5677 3819 5733; x_wconf 74' lang='lat' dir='ltr'><strong>Zacha-</strong></span> 
     </span>
    </p>
   </div>
   <div class='ocr_carea' id='block_1_114' title="bbox 620 5851 2185 5922">
    <p class='ocr_par' dir='ltr' id='par_1_114' title="bbox 620 5851 2185 5922">
     <span class='ocr_line' id='line_1_114' title="bbox 620 5851 2185 5922; baseline -0.001 -14"><span class='ocrx_word' id='word_1_809' title='bbox 620 5858 666 5891; x_wconf 76' lang='lat'><strong>&quot;</strong></span> <span class='ocrx_word' id='word_1_810' title='bbox 699 5853 838 5908; x_wconf 77' lang='lat' dir='ltr'><strong>Gen.</strong></span> <span class='ocrx_word' id='word_1_811' title='bbox 886 5869 973 5917; x_wconf 82' lang='lat' dir='ltr'><strong>xv,</strong></span> <span class='ocrx_word' id='word_1_812' title='bbox 1008 5853 1090 5906; x_wconf 82' lang='lat' dir='ltr'><strong>l5.</strong></span> <span class='ocrx_word' id='word_1_813' title='bbox 1163 5854 1208 5887; x_wconf 78' lang='lat'>&quot;</span> <span class='ocrx_word' id='word_1_814' title='bbox 1260 5853 1395 5910; x_wconf 86' lang='lat' dir='ltr'><strong>Luc.</strong></span> <span class='ocrx_word' id='word_1_815' title='bbox 1449 5870 1489 5922; x_wconf 87' lang='grc' dir='ltr'><strong>ι,</strong></span> <span class='ocrx_word' id='word_1_816' title='bbox 1545 5852 1636 5909; x_wconf 78' lang='grc'><strong>56.</strong></span> <span class='ocrx_word' id='word_1_817' title='bbox 1715 5852 1761 5887; x_wconf 70' lang='grc'><strong><em>⁸⁵</em></strong></span> <span class='ocrx_word' id='word_1_818' title='bbox 1813 5851 1947 5909; x_wconf 86' lang='lat' dir='ltr'><strong>Luc.</strong></span> <span class='ocrx_word' id='word_1_819' title='bbox 2009 5868 2051 5920; x_wconf 80' lang='grc' dir='ltr'><strong>ι,</strong></span> <span class='ocrx_word' id='word_1_820' title='bbox 2097 5851 2185 5909; x_wconf 84' lang='lat'><strong>58.</strong></span> 
     </span>
    </p>
   </div>
  </div>
