4104 6416
327 357 426 422 691
1623 371 1880 431 JACOBI
1924 373 2268 432 MONACIII
3504 369 3611 434 ὕθῖ

328 475 423 529 ῐῖτο
450 474 753 530 silentium.
782 476 1126 534 Condolebat
1155 480 1305 535 enim
1335 480 1436 547 illi,
1484 482 1631 552 quod
1658 497 1794 538 voce
1821 499 1910 538 ca-

2025 485 2228 553 ρόντων
2258 485 2456 554 ἔχουσα
2488 485 2588 550 τὰς
2616 486 2892 557 ἀφορμάς.
2929 487 3126 558 Πρώτη
3164 487 3262 556 μὲν
3297 489 3360 540 ὲκ
3391 486 3485 540 τοῦ
3513 489 3614 557 τῆς

331 574 503 632 reret,
548 566 880 638 dolendique
904 585 1015 623 non
1045 585 1153 624 una
1181 571 1232 625 ei
1261 571 1403 626 ratio
1447 582 1588 628 erat.
1625 573 1705 627 Ac
1737 572 1910 642 primu

2021 575 2344 643 συγγενείας
2376 577 2618 645 ὑπογύου
2647 596 2657 608 ·
2691 578 2886 633 ἔπειτα
2910 579 2965 632 δὲ
3005 581 3102 632 καὶ
3127 581 3225 650 τῆς
3254 580 3364 632 τῶν
3398 596 3612 650 μαρτυ-

331 654 556 724 quidem
607 660 677 712 ob
739 667 904 714 arctze
957 661 1241 717 vinculum
1299 664 1678 732 cognationis;
1717 665 1910 720 deinde

2021 665 2298 736 ρηθὲντων
2327 671 2465 739 αὑτῇ
2507 671 2752 741 μνήμης.
2800 672 3060 725 Γλὼσσαν
3091 671 3201 742 γάρ
3258 673 3476 740 ἐκείνην
3505 674 3605 742 τὴν

331 761 465 803 vero
488 764 556 803 ex
589 750 968 807 recordatione
1012 770 1233 826 quoque
1273 772 1487 821 eorum,
1526 773 1648 826 qua
1684 757 1790 812 sibi
1826 757 1910 814 ille

2021 761 2504 829 προφητεύσασσν,
2556 764 2650 814 καὶ
2682 763 2964 832 μυστικῶς
3018 763 3086 816 τὰ
3129 763 3393 833 μέλλοντα
3441 781 3612 832 προσ-

330 846 563 894 testatus
591 839 787 896 fuerat.
834 843 1099 912 Linguam
1134 848 1284 902 enim
1313 849 1484 911 illam,
1514 865 1636 918 quae
1673 849 1910 918 prophe-

2023 849 2429 923 φθεγξαμένην,
2490 856 2670 924 ἀργὴν
2720 855 2856 919 τέως
2898 855 2994 910 καὶ
3049 857 3420 924 ἁνενέργητον
3460 859 3611 920 ἐντὸς

331 938 446 984 tare
472 939 528 986 et
559 929 741 987 futura
765 936 1140 1003 praenuntiam
1187 953 1386 993 arcana
1417 939 1629 992 ratione
1682 938 1910 1004 solebat,

2016 945 2244 1016 χειλέων
2291 947 2703 1019 καθειργμένην
2757 949 2925 1018 ἐώρα.
2985 950 3143 1022 ’ᾘδει
3199 950 3303 1020 μὲν
3357 953 3468 1019 γὰρ
3533 949 3610 1019 τῷ

329 1019 562 1075 otiosam
613 1021 836 1078 interim
875 1041 1086 1096 suaque
1119 1027 1440 1082 destitutam
1480 1027 1709 1091 virtute,
1769 1028 1910 1084 intra

2019 1036 2348 1106 προφητικῷ
2401 1037 2835 1108 λαμπρυνομένη
2890 1019 3216 1109 χαρίσματι,
3251 1040 3327 1102 ὡς
3373 1040 3437 1109 δὴ
3477 1057 3609 1092 συν-

325 1109 470 1166 labia
493 1115 850 1170 constrictarn
903 1118 1186 1173 cernebat.
1224 1119 1533 1190 Prophetia:
1586 1135 1752 1190 porro
1786 1120 1918 1175 cha-

326 1203 555 1260 rismate
597 1217 879 1274 exornata,
940 1210 1092 1264 illum
1156 1228 1188 1267 a
1251 1212 1402 1283 gravi
1466 1212 1567 1266 hac
1604 1213 1916 1269 calamitate

326 1303 476 1350 certe
497 1295 847 1353 liberandum
870 1313 1120 1367 noverat,
1150 1318 1216 1358 ac
1243 1319 1436 1358 rursus
1463 1303 1754 1358 articulata
1781 1321 1916 1362 voce

327 1383 662 1444 dulcissimae
694 1390 842 1445 illius
873 1393 1177 1463 prophetia:
1208 1395 1466 1466 mysteria
1495 1395 1872 1450 revelaturum

2019 1128 2431 1200 απολυθήσεται
2462 1134 2582 1196 ταῖς
2608 1132 2785 1196 ὠδῖσι,
2818 1135 2914 1186 καὶ
2960 1133 3122 1186 πάλιν
3172 1133 3422 1204 ὲνάρθρῳ
3458 1136 3610 1203 φωνῇ

2017 1222 2087 1274 τὰ
2116 1221 2215 1290 τῆς
2249 1224 2514 1289 γλυκείας
2569 1227 2786 1294 ἐκείνης
2826 1225 3191 1293 διατρανὼσει
3227 1226 3567 1295 προ-θητείας
3591 1240 3604 1253 °

2017 1311 2342 1385 ᾰῳκονὸμει
2374 1316 2431 1370 δὲ
2464 1317 2664 1388 ἄριστα
2691 1319 3074 1388 ἑνεργουμένῳ
3117 1318 3292 1388 τούτῳ
3325 1320 3607 1388 παρεῖναι,

2023 1405 2118 1456 καὶ
2149 1407 2490 1477 συνησθῆναι
2521 1407 2854 1477 τελουμένῳ.

325 1488 492 1549 atque
529 1481 668 1536 adeo
732 1483 934 1539 ibidem
998 1486 1358 1553 consistebat,
1415 1501 1528 1558 quo
1578 1487 1656 1542 illi
1719 1487 1906 1544 divina
1945 1490 2308 1564 inspiratione
2373 1499 2577 1556 eximie
2626 1509 2751 1556 acto
2779 1515 2844 1555 ac
2905 1498 3154 1570 perfecto
3201 1510 3257 1554 et
3309 1497 3503 1553 adesse
3554 1509 3610 1554 ct

324 1575 670 1643 congaudere
696 1587 905 1647 posset.

397 1642 564 1725 XXX.
615 1642 1075 1742 Quandoquidem
1110 1642 1444 1745 ergo'hisce
1493 1673 1562 1730 de
1606 1674 1791 1730 causis
1842 1673 1910 1729 ibi

2098 1672 2180 1728 A'.
2221 1673 2376 1728 Ἐπεὶ
2409 1670 2504 1728 οὖν
2534 1673 2700 1728 ἕνεκα
2729 1673 2935 1726 τούτων
2965 1673 3066 1743 τὴν
3096 1672 3280 1726 αὑτόθι
3323 1671 3608 1743 διατριϐὴν

325 1777 540 1818 moram
598 1762 827 1829 fecerat,
882 1781 1006 1820 cum
1055 1765 1166 1836 jam
1220 1765 1576 1821 sustinuisset
1614 1781 1788 1836 usque
1845 1765 1913 1820 ad

325 1855 472 1908 diem
519 1871 630 1925 quo
659 1865 853 1926 partus
903 1857 956 1911 in
1004 1858 1180 1912 lucem
1225 1866 1310 1912 est
1360 1859 1568 1924 editus,
1613 1868 1669 1915 et
1729 1859 1914 1928 lingua

323 1947 502 2000 soluta
535 1955 640 2014 est,
694 1948 762 2002 ad
817 1963 914 2002 sua
958 1964 1202 2003 remeare
1229 1951 1341 2020 jam
1396 1948 1712 2004 festinabat.
1776 1950 1915 2005 llinc

323 2037 489 2092 etiam
533 2040 687 2108 quasi
747 2050 850 2095 tres
891 2057 1093 2095 menses
1131 2043 1468 2112 evangelista
1503 2043 1662 2106 dicit,
1707 2051 1761 2098 et
1803 2059 1913 2097 non

325 2129 462 2185 Tres
493 2130 676 2202 plane,
711 2133 840 2203 quia
868 2133 1112 2188 nondum
1141 2135 1341 2205 expleti
1374 2135 1464 2190 isti
1497 2146 1679 2202 erant,
1709 2137 1914 2207 quippe

325 2222 428 2276 sub
461 2222 674 2278 ultimis
713 2225 932 2294 septimi
975 2227 1178 2281 mensis
1211 2227 1408 2282 diebus
1437 2229 1553 2298 ipsa
1595 2229 1913 2284 advenerat.

394 2314 535 2369 Nato
569 2315 738 2385 igitur
771 2333 1112 2387 praecursorc
1145 2320 1296 2376 illius
1326 2321 1493 2391 regis,
1527 2323 1619 2391 qui
1649 2323 1703 2376 in
1757 2333 1916 2376 utero

329 2407 692 2464 ineffabiliter
744 2411 1087 2480 gestabatur,
1134 2421 1300 2483 atque
1337 2414 1501 2484 hujus
1535 2414 1766 2484 imperio
1795 2416 1916 2470 vin-

328 2498 470 2553 culis
501 2498 702 2554 silentii
733 2502 1034 2571 perruptis,
1092 2518 1284 2558 rursus
1333 2505 1634 2575 gratiarum
1670 2505 1916 2560 actiones

326 2592 582 2658 Domino,
614 2609 678 2648 ac
742 2610 937 2650 rursus
985 2595 1509 2653 Immaculatissimze
1540 2598 1616 2652 illi
1646 2597 1918 2654 laudatio-

326 2697 426 2739 nes
476 2684 953 2754 persolvebantur.
1009 2685 1089 2742 Ac
1153 2689 1391 2758 primum
1437 2704 1561 2743 cum
1622 2690 1916 2746 Zacharias

323 2777 626 2847 gratiarum
673 2777 954 2834 canticum
995 2781 1320 2836 oeconomiae
1353 2781 1567 2837 auctori
1595 2798 1694 2852 pro
1725 2781 1916 2838 inetia-

323 2868 421 2926 bill
464 2869 935 2927 condescensione
993 2873 1388 2942 persolvisset;
1428 2883 1541 2928 tum
1593 2887 1650 2928 et
1708 2883 1913 2946 myste-

325 2961 468 3016 rium
499 2961 680 3031 ipsum
717 2963 1028 3028 celebrans,
1063 2974 1120 3018 et
1155 2975 1410 3029 matrem,
1453 2982 1552 3035 per
1590 2982 1754 3036 quam
1785 2983 1914 3035 per-

321 3052 526 3110 fectum
558 3054 758 3121 fuerat,
791 3057 1164 3128 magnificans,
1205 3057 1286 3112 sic
1319 3059 1622 3127 prephetiae
1643 3060 1908 3129 hymnum

324 3161 522 3202 cauere
548 3148 738 3217 coepit.
771 3149 1115 3204 Glorilicatio
1165 3148 1337 3214 enim,
1365 3164 1528 3218 quam
1581 3149 1697 3219 ipse
1745 3165 1911 3204 exor-

324 3254 419 3296 sus
447 3248 552 3302 cst,
588 3248 645 3295 et
681 3257 788 3311 qua
823 3239 1068 3312 mystcrii
1103 3240 1301 3295 extulit
1349 3240 1628 3296 incﬂ'abile
1685 3252 1911 3310 porten-

325 3341 463 3396 tum,
490 3332 762 3401 ejusmodi
793 3340 876 3386 est
897 3350 910 3384 :

395 3423 587 3478 XXXI.
621 3422 868 3478 0divina
891 3431 947 3477 et
968 3421 1363 3492 benignissima
1389 3423 1662 3478 visitatio!
1696 3421 1740 3477 Ο
1773 3438 1911 3477 nova

327 3528 558 3582 prorsus
593 3523 650 3568 et
693 3513 1020 3568 admiranda
1051 3514 1396 3569 sollicitudo!
1429 3514 1530 3580 Qui
1592 3514 1647 3569 in
1712 3515 1914 3568 altissi-

328 3603 434 3656 mis
458 3601 613 3656 sedet
639 3602 804 3663 Deus.
835 3613 1062 3672 prepter
1090 3618 1246 3657 suam
1286 3619 1413 3674 erga
1452 3604 1706 3659 homines
1726 3604 1912 3659 chari-

328 3702 493 3749 tatem
533 3693 586 3747 in
615 3701 762 3748 terra
819 3703 1049 3764 apparet
1081 3711 1094 3746 :
1130 3695 1223 3765 qui
1261 3705 1479 3750 creator
1512 3706 1597 3750 est
1636 3696 1910 3760 omnium,

327 3786 622 3840 humanam
655 3784 838 3839 induit
876 3794 1128 3840 naturam
1158 3805 1170 3840 :
1207 3787 1300 3854 qui
1325 3787 1572 3842 omnium
1613 3789 1912 3855 plasmator

321 3887 498 3936 estet
544 3878 830 3940 Dominus,
861 3879 1133 3948 stupenda
1191 3895 1422 3949 prorsus
1475 3881 1687 3936 ratione
1735 3881 1912 3936 factus

324 3990 354 4025 υ
391 3971 612 4028 tinfans
657 3989 670 4025 :
719 3974 822 4043 qui
863 3974 1041 4028 Patris
1073 3973 1310 4041 quiescit
1357 3974 1410 4028 in
1445 3975 1592 4037 sinu,
1639 3974 1693 4028 in
1754 3983 1911 4030 utero

322 4067 541 4121 fovetur
565 4065 759 4120 matris
796 4082 810 4119 :
853 4066 948 4134 qui
984 4065 1236 4120 flammeo
1262 4065 1462 4120 throno
1495 4065 1718 4128 insidet,
1747 4069 1908 4121 vulva

325 4159 618 4230 purissima
695 4159 1032 4214 continetur.
1091 4158 1246 4213 Nunc
1299 4161 1553 4229 apparuit
1616 4159 1910 4216 inetiabilis

321 4253 495 4322 gratia
531 4269 545 4306 :
587 4265 734 4306 nunc
765 4260 1083 4319 exspectata
1112 4251 1260 4306 salus
1284 4251 1511 4306 advenit
1535 4267 1564 4304 ε
1583 4268 1728 4307 nunc
1755 4263 1910 4309 vele-

2019 1765 2451 1836 ὲπεποίητο,τάς
2478 1766 2642 1835 μέχρι
2653 1765 2753 1836 τῆς
2775 1765 3137 1836 ἀποκυήσεως
3167 1765 3260 1818 καὶ
3285 1765 3606 1826 ἀπολύσεως

2016 1858 2118 1928 τῆς
2152 1857 2402 1928 γλώττης
2457 1857 2676 1928 ἡμέρας
2729 1858 3216 1928 ὲγκαρτερήσασα,
3261 1857 3606 1910 παλινοστεῖν

2018 1952 2398 2018 κατεπείγετο.
2468 1951 2568 2004 Διά
2628 1951 2789 2003 τοῦτο
2849 1949 2946 2002 καὶ
2983 1948 3149 2002 Ὠσει
3206 1947 3364 2017 τρεῖς
3395 1946 3599 2017 μῆνάς

2019 2061 2187 2113 φησιν
2239 2045 2268 2096 6
2333 2042 2754 2111 εὑαγγελιστὴς,
2808 2043 2905 2096 καὶ
2948 2043 3072 2113 οὑχὶ
3121 2044 3296 2113 τρεῖς,
3329 2042 3490 2107 δῆλον
3523 2041 3601 2104 ὡς

2017 2139 2119 2191 οὑκ
2174 2136 2586 2208 ἀπηρτημένων
2616 2135 2849 2199 τούτων,
2886 2133 2977 2188 διὰ
3013 2134 3074 2187 τὸ
3117 2134 3176 2186 ὲν
3215 2133 3470 2196 ὑστάτοις
3509 2131 3606 2184 τοῦ

2018 2231 2140 2284 ὲόδό
2149 2248 2251 2300 μου
2285 2228 2492 2298 ταύτην
2519 2228 2956 2298 ἐπιδεδημηκένα
2969 2245 3007 2280 ι.

2089 2323 2389 2393 Τεχθέντος
2430 2321 2613 2375 τοίνυν
2641 2319 2736 2374 τοῦ
2769 2319 3083 2391 προδρόμου
3135 2317 3228 2372 τοῦ
3273 2318 3607 2390 ἀπορῤήτως

2019 2417 2467 2487 κυοφορουμένου
2488 2414 2789 2480 Βασιλέως,
2818 2414 2914 2467 καὶ
2938 2412 3045 2466 τῶν
3072 2411 3174 2481 τῆς
3202 2411 3360 2481 σιγῆς
3389 2411 3608 2479 δεσμῶν

2015 2510 2422 2580 διαρραγέντων
2451 2509 2864 2578 προστάγματι.
2903 2505 3066 2560 πάλιν
3097 2505 3131 2575 η
3165 2502 3491 2573 εὐχαριστία
3527 2501 3607 2572 τῷ

2018 2604 2286 2673 Δεσπότῃ,
2314 2601 2409 2654 καὶ
2461 2600 2624 2654 πάλιν
2650 2598 2924 2668 εὐφημίαι
2968 2600 3035 2666 τῇ
3095 2596 3469 2666 Παναχρὰντῳ
3493 2595 3607 2647 διε·

2019 2693 2303 2747 πλέκοντο.
2371 2691 2645 2762 Πρότερον
2683 2689 2786 2760 μὲν
2808 2687 3130 2757 ὁΖαχαρίας
3168 2686 3236 2739 τά
3269 2687 3366 2755 τῆς
3393 2703 3605 2753 συγκα-

2017 2789 2304 2852 ταϐἀσεως
2372 2786 2774 2856 εὑχαριστήρια
2822 2783 2901 2853 τῷ
2953 2781 3331 2852 οἰκονομοῦντι
3374 2780 3603 2848 νείμαςο

2020 2882 2267 2951 ὑμνήσας
2291 2879 2349 2933 δὲ
2382 2880 2444 2930 τὸ
2476 2877 2804 2948 μυστήριον,
2836 2874 2933 2928 καὶ
2962 2873 3081 2943 τὴν,
3113 2873 3183 2925 δι’
3214 2867 3280 2942 ἦς
3304 2873 3602 2941 ἐπραγμα-

2019 2974 2210 3043 τεύθη,
2255 2970 2565 3040 μεγαλύνας
2609 2969 2845 3038 μητέρα,
2894 2965 3040 3018 οὓτω
3069 2963 3167 3035 τὴν
3203 2963 3344 3034 ᾠδὴν
3369 2959 3468 3036 ᾖσε
3505 2963 3606 3032 τῆς

2017 3065 2381 3135 προφητείας,
2440 3062 2594 3130 Ἔχει
2662 3059 2773 3126 γὰρ
2846 3058 2878 3124 ἡ
2939 3055 3091 3124 αὑτῷ
3144 3051 3604 3123 προοιμιασθεῖσα

2013 3157 2310 3224 δοξολογία,
2337 3155 2433 3207 καὶ
2471 3153 2530 3206 τὸ
2577 3149 2860 3222 ὑπερφυὲς
2919 3146 3305 3218 μεγαλύνουσα
3341 3145 3434 3199 τοῦ
3468 3144 3602 3198 θαύ-

2019 3268 2188 3320 ματος
2221 3263 2394 3312 ουτως
2423 3263 2436 3275 ·

2087 3427 2214 3481 AA'.
2245 3426 2309 3478 Ὢ
2332 3424 2479 3486 θείας
2509 3425 2602 3476 καὶ
2639 3421 2964 3491 παναγάθου
3015 3421 3354 3491 ἑπισκοπῆςῑ
3381 3421 3447 3473 Ὦ
3481 3435 3604 3472 και-

2017 3522 2110 3589 νῆς
2135 3517 2229 3572 καὶ
2261 3516 2570 3584 παραδόξου
2600 3514 2926 3585 κηδεμονίας
2953 3515 2965 3566 !
3016 3513 3075 3566 '0
3108 3515 3166 3565 ἐν
3186 3512 3429 3581 ὑψίστοις
3446 3510 3602 3574 Θεδς,

2016 3611 2110 3662 ἐπὶ
2144 3610 2246 3677 γῆς
2274 3607 2362 3661 διά
2386 3605 2800 3677 φιλανθρωπίαν
2823 3621 2834 3634 ·
2872 3605 2899 3656 6
2921 3604 3028 3658 τῶν
3054 3604 3312 3658 ἁπάντων
3330 3607 3604 3673 Δημιουρ-

2017 3702 2114 3770 γδς
2167 3699 2266 3769 τὴν
2300 3698 2647 3770 ἀνθρωπείαν
2703 3695 2995 3750 ὑποδύεται
3042 3695 3234 3764 φύσιν·
3267 3696 3294 3748 6
3341 3695 3603 3762 [ιλάστης

2016 3796 2111 3849 καὶ
2139 3793 2366 3862 Κύριος,
2412 3789 2763 3861 ξενοπρεπῶς
2801 3790 3229 3860 βρεφουργεῖται
3258 3804 3272 3816 ·
3318 3789 3346 3840 6
3393 3788 3452 3840 ἐν
3479 3787 3605 3840 κόλ-

2015 3903 2138 3949 ποις
2183 3884 2478 3955 Πατρικοίς
2518 3881 3112 3951 ἑπαναπαυόμενος,ὲν
3137 3879 3316 3950 κοιλίᾳ
3355 3879 3599 3948 μητρυιῇ

2015 3978 2380 4051 περιέπεται³
2415 3978 2444 4029 6
2477 3976 2534 4026 ἐν
2587 3971 2842 4044 φλογερῷ
2891 3970 3256 4042 ἐποχούμενος
3312 3968 3508 4039 θρόνῳ,
3540 3970 3600 4019 ἐν

2018 4071 2204 4142 μήτρᾳ
2259 4065 2641 4137 πανακηράτῳ
2687 4067 2996 4134 συνέχεται.
3054 4062 3169 4116 Νῦν
3215 4063 3248 4130 ἡ
3291 4062 3600 4130 ἀπόρρητος

2013 4160 2330 4231 ἐπεδήμησε
2359 4158 2518 4227 χάρις
2542 4173 2557 4188 ·
2589 4156 2684 4209 νῦν
2709 4157 2744 4226 ἡ
2777 4153 3211 4225 προσδοκωμένη
3253 4152 3600 4219 παραγέγονε

2017 4252 2295 4324 σωτηρία·
2333 4249 2428 4302 νῦν
2459 4250 2508 4302 οἱ
2542 4247 2762 4302 παλαιοὶ
2801 4248 3212 4317 παρατρέχουσι
3241 4242 3435 4312 θεσμοί
3461 4258 3474 4270 ·
3505 4239 3603 4293 νῦν

324 4360 412 4400 res
443 4345 584 4400 ritus
614 4351 954 4412 prmtereunt
993 4361 1006 4396 :
1047 4358 1196 4397 nunc
1223 4343 1464 4397 vicissim
1495 4358 1633 4398 nova
1669 4343 1903 4399 filiorum

2016 4349 2049 4417 ἡ
2081 4344 2243 4415 καινὴ
2269 4343 2658 4407 ἁντεισάγεται
2682 4338 2947 4392 υἱοθεσία.
2977 4339 3040 4388 Ἀ
3056 4333 3264 4404 ρτιτῶν
3292 4333 3392 4399 τῆς
3424 4333 3604 4400 ἀμαρ-

323 4437 549 4506 adoptio
581 4435 886 4490 inducitur.
933 4435 1052 4490 Jam
1115 4435 1346 4489 solvitur
1375 4451 1404 4488 a
1435 4436 1644 4503 peccati
1678 4438 1914 4493 vinculis

322 4531 558 4588 humana
585 4535 780 4583 natura
820 4547 834 4582 :
873 4529 983 4599 jam
1015 4527 1298 4596 antiquam
1333 4527 1515 4592 induit
1545 4529 1914 4597 pulchritudi-

323 4639 470 4689 nem,
500 4633 556 4678 et
584 4623 650 4678 ad
696 4621 896 4678 caelum
930 4629 1247 4674 renovatur.
1297 4620 1608 4676 Ecc’ehunc
1635 4622 1791 4677 adest
1819 4623 1914 4692 qui

322 4718 471 4773 illam
502 4715 556 4769 in
588 4715 826 4771 sublime
873 4714 1049 4785 eriget
1091 4712 1360 4784 Dominus
1392 4729 1405 4764 :
1436 4713 1605 4767 adest
1649 4714 1703 4766 in
1756 4723 1915 4769 utero

320 4808 514 4865 matris
542 4806 920 4871 absconditus,
945 4805 1037 4875 qui
1061 4804 1132 4860 ab
1162 4804 1422 4859 omnibus
1457 4805 1724 4858 adoratur
1757 4823 1772 4860 :
1807 4805 1907 4861 ad-

321 4909 410 4958 est
450 4901 546 4971 qui
593 4901 801 4970 nbique
863 4914 1106 4969 praesens
1182 4907 1289 4962 est,
1337 4906 1394 4952 et
1437 4896 1724 4953 nobiscum
1781 4915 1903 4968 pro-

322 5001 448 5066 pter
483 5006 637 5046 suam
673 4991 728 5046 in
762 4990 1147 5061 nos_homines
1177 4989 1532 5044 dilectionem
1560 4990 1920 5057 familiariter,

319 5089 596 5138 versatur.
625 5080 815 5150 Qqua:
847 5079 1010 5135 nobis
1035 5080 1129 5134 lux
1155 5078 1530 5149 resplenduitl
1565 5095 1599 5136 ο
1631 5083 1778 5152 quod
1801 5100 1902 5138 no-

322 5173 412 5232 bis
435 5172 695 5243 gaudium
753 5170 1018 5226 advenitl
1075 5188 1110 5226 o
1157 5171 1351 5241 quales
1416 5173 1473 5227 in
1521 5175 1901 5243 promptuaria

322 5279 443 5322 mea
481 5263 807 5321 aﬂluxernnt
833 5262 1072 5317 divitiae!
1119 5276 1152 5317 o
1179 5262 1340 5332 quale
1386 5262 1592 5318 donum
1643 5280 1744 5320 ceu
1780 5267 1902 5322 the-

323 5370 524 5415 saurus
553 5355 610 5409 in
639 5368 881 5425 paupere
914 5355 1050 5410 cella
1083 5360 1387 5423 repositum
1419 5365 1524 5410 est.

387 5447 610 5506 XXXII.
643 5446 786 5514 Quid
835 5446 931 5502 tibi
969 5446 1291 5510 retribuam,
1322 5461 1356 5502 ο
1393 5448 1577 5517 Virgo,
1614 5463 1736 5517 quae
1757 5448 1906 5520 ejus-

323 5540 470 5600 modi
501 5539 764 5595 beneﬁcia
813 5538 1130 5594 contulisti?
1194 5537 1365 5604 Quale
1413 5538 1513 5593 tibi
1569 5539 1902 5610 condignum

323 5631 692 5702 rependamus
732 5630 1068 5692 encomium,
1099 5646 1221 5700 qua:
1276 5640 1332 5685 et
1391 5646 1518 5702 spes
1565 5641 1781 5687 nostras
1834 5631 1904 5687 ad

320 5720 528 5778 exitum
561 5720 816 5786 deducis,
846 5727 903 5773 et
928 5718 1223 5774 ineffabilia
1248 5720 1409 5775 nobis
1435 5721 1578 5776 bona
1615 5721 1902 5790 concilias,

321 5822 376 5875 et
398 5813 731 5874 mediatione
759 5823 849 5871 tna
880 5811 1036 5868 nobis
1059 5828 1289 5870 munera
1321 5815 1602 5888 impetras,
1649 5831 1770 5890 quae
1821 5831 1907 5870 Ca-

2013 4439 2132 4502 τίας
2178 4439 2212 4508 ἠ
2273 4433 2638 4506 ἀνθρωπὸτης
2692 4431 2990 4485 ἀπολύεται
3045 4427 3304 4498 δεσμῶν·
3360 4425 3488 4495 ἄρτι
3541 4419 3603 4475 τὸ

2010 4531 2242 4602 ἀρχαῖον
2271 4529 2640 4598 ἀμφιέννυται
2677 4523 2899 4587 κάλλος,
2928 4522 3026 4575 καὶ
3059 4520 3197 4591 πρὸς
3237 4517 3471 4588 οὐρανὸν
3506 4515 3602 4580 ἐγ-

2012 4620 2346 4684 καινίζεται.
2383 4618 2516 4672 ἰδου
2548 4615 2644 4670 νῦν
2691 4613 2963 4685 πάρεστιν
3000 4614 3028 4666 6
3059 4611 3266 4679 ταύτην
3297 4603 3601 4675 ἀνυψώσων

2012 4714 2334 4782 Δεσπότης·
2410 4711 2677 4782 πάρεστιν
2763 4706 3100 4778 ἀποκρύφως
3163 4700 3603 4773 κυοφορούμενος

2012 4808 2041 4861 6
2067 4808 2172 4860 ὑπὸ
2193 4807 2414 4861 πάντων
2468 4801 2950 4874 προσκυνούμενος
2972 4815 2986 4830 ⁸
3031 4801 3300 4869 πάρεστιν
3335 4796 3362 4847 6
3393 4807 3601 4846 παντα-

2014 4899 2111 4970 χοῦ
2145 4897 2359 4968 παρὼν,
2393 4895 2492 4949 καὶ
2526 4895 2623 4949 σὺν
2661 4894 2792 4964 ἡμῖν
2834 4891 2923 4944 διά
2955 4887 3373 4961 φιλανθρωπίαν
3403 4881 3598 4936 συνών.

2015 4997 2080 5047 Ὅ
2096 4994 2189 5046 τοῦ
2215 4990 2626 5061 ἐπιλάμψαντος
2683 4988 2903 5055 φωτὸςί
2941 4987 2986 5040 ὢ
3017 4986 3190 5055 χαρᾶς
3234 4983 3335 5050 τῆς
3380 4983 3602 5047 ἐπιφοι-

2014 5087 2260 5157 τησάσης
2285 5086 2297 5138 !
2335 5082 2381 5136 ὣ
2408 5083 2639 5137 πλούτου
2657 5083 2752 5136 τοῦ
2783 5083 2841 5133 ὲν
2860 5083 2970 5141 τοῖς
2994 5080 3147 5148 ἐμοῖς
3176 5072 3602 5130 εἰσοικισθέντος

2015 5177 2291 5246 ταμιείοις
2323 5175 2335 5227 ι
2363 5174 2410 5228 ὣ
2437 5173 2646 5244 δωρεᾶς
2680 5170 2776 5225 τοῦ
2809 5173 2867 5225 ἐν
2901 5169 3114 5225 εὐτελεῖ
3138 5162 3600 5237 θησαυρισθέντος

2013 5266 2252 5339 ταμιείῳ
2279 5268 2291 5320 ι

2088 5447 2209 5500 ΛΒ’.
2235 5446 2297 5498 Τί
2329 5444 2395 5498 ἄν
2429 5461 2510 5497 σοι
2537 5460 2603 5514 τῃ
2641 5443 2890 5512 φερούσῃ
2914 5439 3174 5510 Παρθένῳ
3205 5438 3312 5489 τῶν
3339 5435 3599 5488 τοιούτων

2009 5537 2461 5608 ἀντεισφέροιμεν
2481 5535 2815 5606 εὐεργεσιῶν
2838 5551 2852 5599 ;
2884 5529 3013 5587 Οἷον
3036 5531 3291 5596 ἀντάξιον
3317 5529 3596 5598 ἐγκώμιον

2011 5630 2474 5700 προσενέγκωμέν
2525 5645 2646 5690 σοι,
2689 5629 2756 5695 τῇ
2792 5627 2902 5678 τῶν
2955 5624 3189 5677 ἐλπίδων
3237 5623 3493 5681 ἐκϐάσει,
3528 5620 3593 5687 τῇ

2009 5723 2119 5777 τῶν
2145 5725 2476 5794 ἀπορρήτων
2517 5725 2741 5792 ἀγαθῶν
2808 5723 3076 5793 προξένῳ,
3125 5725 3190 5790 τῇ
3221 5718 3454 5790 μεσίτιδι
3485 5714 3594 5768 τῶν

2012 5817 2154 5888 ὑπὲρ
2208 5817 2364 5885 λόγον
2416 5817 2674 5886 ἁγαθῶνς
2737 5818 2806 5872 Σὺ
2859 5814 2906 5869 εἶ
2934 5817 3041 5871 τῶν
3077 5816 3593 5888 ἀποκεκρυμμένων
