4104 6452
474 399 581 462 693

1324 399 1609 461 ORATIO
1650 399 1732 460 IN
1771 399 1875 462 SS.
1916 397 2273 461 ΒΕΙΡΑΒιἘ
2305 400 2869 465 VISITATIONEM.

3628 404 3735 466 ΕΜ

476 512 793 583 μυστηρίων
819 514 853 584 ἡ
880 510 1118 583 δήλωσις
1140 526 1152 540 ·
1193 512 1257 565 σὺ
1293 510 1405 563 τῶν
1456 512 1933 584 προσδοκωμένων
1956 531 2054 568 κα·
2078 564 2080 571 λ

2167 525 2312 584 ptum
2340 529 2560 570 omnem
2591 515 2904 571 excedunt?
2931 513 3013 570 'l‘u
3050 514 3312 571 revelatio
3346 530 3407 572 es
3440 515 3736 573 abscondi-

470 606 581 660 λῶν
610 607 643 677 ἡ
675 606 953 669 τελείωσις
975 621 990 637 ·
1023 605 1088 658 σὺ
1145 603 1427 672 λογισμοῖς
1469 605 1676 658 ἅπασιν
1710 606 2052 660 ἀνεπίϐατον

471 699 682 766 νόημα·
706 697 772 750 σὺ
811 696 1021 768 νοεροῖς
1055 694 1301 765 ὄμμασιν
1329 694 1710 767 ἀπερίληπτον
1744 695 1955 766 θέαμα·
1987 694 2053 748 σὺ

469 790 705 861 φρικτὸν
778 788 1060 858 ἄκουσμα,
1124 786 1222 841 καὶ
1290 787 1450 858 μόνον
1519 786 1921 859 ἐνηχούμενονο
1987 787 2052 842 σὺ

471 879 626 946 ξένον
655 880 904 951 διήγημα
940 880 1035 934 καὶ
1093 878 1374 948 γλώσσαις
1413 880 1739 951 φερόμενον.
1759 881 1833 934 Σὺ
1862 883 2055 953 φέρεις

472 971 923 1043 σωματούμενον,
964 970 1057 1024 τὸν
1081 971 1152 1025 τὰ
1187 970 1366 1024 πάντα
1402 970 1482 1041 τῷ
1519 969 1753 1042 νεύματι
1795 972 2053 1042 φέροντα.

469 1067 545 1120 Σὺ
623 1063 738 1118 τῶν
819 1063 1070 1136 οὐρανῶν
1152 1061 1601 1134 εὐρυχωρότερος
1655 1063 1886 1135 οὐρανός
1918 1081 1932 1094 ·
1989 1064 2055 1117 σὺ

471 1159 584 1213 τῶν
628 1158 945 1230 σεραφικῶν
989 1157 1198 1228 θρόνων
1245 1156 1695 1227 πολυφωτότερον
1748 1156 2056 1228 ὄχημαοσὺ

470 1247 711 1320 καθέδρα
750 1248 924 1319 πυρὸς
956 1246 1391 1318 φωτοειδεστέρα
1418 1261 1433 1276 ·
1476 1247 1541 1299 σὺ
1597 1244 1867 1300 παλάτιον
1898 1244 2059 1315 βασι·

468 1341 631 1411 λικῆς
649 1340 1160 1410 κατασκηνώσεωςο
1205 1339 1270 1395 σὺ
1319 1337 1495 1409 σκηνή
1529 1337 1719 1407 θεῖκῆς
1768 1336 2059 1410 ὲπιφοιτήυ

471 1451 614 1497 σεως
633 1450 647 1466 ⁸
679 1434 707 1485 ὁ
738 1431 1127 1503 δεδοξασμένος
1165 1431 1318 1497 ναὸς,
1369 1430 1431 1484 τὸ
1460 1428 1737 1484 λευῖτικδν
1772 1428 2057 1499 ἐγκαλλώ-

469 1535 673 1596 πισμα,
726 1527 755 1580 ό
811 1525 913 1596 τῆς
970 1524 1252 1596 ίερατείας
1307 1522 1537 1593 κόσμος,
1585 1521 1647 1575 τὸ
1710 1521 2058 1592 προφητικὸν

470 1617 773 1687 πλήρωμα,
811 1616 846 1687 ἡ
897 1614 1159 1687 διηνεκὴς
1204 1612 1316 1668 τῶν
1354 1611 1724 1684 προπατόρων
1751 1612 2054 1683 ἀπεκδοχὴ,

469 1711 504 1781 ὴ
547 1707 648 1777 τῆς
689 1708 908 1777 φύσεως
967 1707 1300 1778 καταστολὴ,
1360 1708 1390 1760 ὁ
1455 1706 1828 1777 ἀναφαίρετος
1885 1707 2058 1777 αὐτῆς

467 1799 771 1869 ὡραϊσμὸς,
804 1799 868 1853 τὸ
890 1798 1281 1854 πολυποίκιλον
1316 1796 1573 1868 διάδημα,
1598 1798 1631 1869 ἡ
1661 1797 1771 1852 τῶν
1798 1798 1857 1852 ὲν
1889 1813 2060 1868 κατη-

471 1891 601 1963 φείᾳ
621 1892 923 1947 τελούντων
959 1889 1388 1964 παραγενομένη
1420 1889 1683 1962 θυμηδία,
1709 1892 1742 1960 ἡ
1774 1890 2061 1963 παρρησία

470 1983 581 2037 τῶν
609 1984 976 2050 ἐπταικότων,
1012 1984 1047 2056 ή
1080 1984 1190 2038 τῶν
1218 1982 1593 2054 σεσιγηκότων
1620 1981 1865 2051 γλῶσσα,
1899 1984 1932 2054 ἠ
1966 1982 2060 2036 τὸν

469 2075 541 2130 τὰ
580 2075 760 2147 δεσμά
814 2076 914 2145 τῆς
962 2076 1104 2147 ἐμῆς
1164 2076 1542 2149 διαρῤήξαντα
1588 2076 1802 2145 σιωπῆς
1857 2093 2062 2147 κυοφο-

474 2169 678 2242 ροῦσα⁶
722 2162 785 2224 οὗ
821 2170 1028 2242 φωνὴν,
1065 2170 1138 2235 ὡς
1162 2170 1350 2241 λόγου,
1384 2172 1630 2244 σήμερον
1665 2170 1807 2242 ὑπὲρ
1837 2170 2062 2235 ἐλπίδας

472 2263 938 2335 ὲκαρποφόρησα·
996 2258 1059 2319 οὗ
1120 2264 1337 2335 λύχνον,
1381 2265 1457 2330 ὡς
1508 2265 1660 2336 ἡλίου
1690 2263 2061 2336 δικαιοσύνης,

475 2354 659 2427 ἀνῆψα
705 2357 1046 2428 Πρόδρομον,
1079 2355 1172 2411 τὸν
1210 2356 1311 2422 τὰς
1350 2356 1517 2412 αὐτοῦ
1550 2356 1901 2411 διευθύνοντα
1944 2357 2063 2429 τρί-

476 2445 629 2512 ϐους,
658 2447 749 2499 τὸν
773 2447 874 2516 τῆς
910 2447 1076 2501 αὐτοῦ
1113 2447 1445 2517 ,παρουσίας
1511 2442 1753 2520 κήρυκα,
1796 2447 1898 2518 τὴν
1938 2447 2067 2503 σάλ-

478 2554 654 2607 πιγγα
675 2538 774 2609 τῆς
803 2539 1145 2611 οἰκονομίας,
1194 2538 1288 2591 τὸν
1338 2538 1595 2610 μάρτυρα
1647 2539 1745 2610 τῆς
1789 2554 2066 2606 συγκατα-

478 2627 716 2694 ϐἀσεως,
743 2629 835 2683 τὸν
863 2629 1238 2700 νυμφοστόλον
1264 2629 1360 2683 τοῦ
1401 2632 1459 2682 ὲν
1491 2629 1576 2682 σοι
1609 2629 2064 2700 θαλαμευομένου

479 2721 740 2791 νυμφίου.
766 2722 840 2774 Σὺ
872 2719 923 2776 εἴ
950 2723 1186 2789 παστὰς,
1230 2722 1290 2788 ἐξ
1318 2716 1383 2793 ᾖς
1416 2720 1753 2793 ὼραιότατος
1779 2718 2065 2792 προελθὼν

478 2805 661 2874 οὗτος.
684 2814 871 2867 πᾶσαν
896 2816 1017 2877 ταῖς
1041 2814 1139 2886 τῆς
1167 2814 1419 2885 θεότητος
1466 2813 1654 2867 ἀκτῖσι
1691 2813 2067 2880 καταυγάσειε

483 2905 583 2975 τὴν
644 2905 738 2958 ὑπ’
788 2906 1042 2977 οὐρανὸν,
1106 2907 1199 2960 καὶ
1245 2905 1665 2977 περιελεύσεται
1697 2905 1765 2958 τὰ
1827 2905 2064 2976 πέρατα,

481 2999 578 3053 ἀπ’
604 2998 795 3071 ἄκρων
820 2998 929 3053 τῶν
952 2999 1198 3069 οὐρανῶν
1224 2998 1389 3071 μέχρι
1414 2997 1706 3068 τερμάτων
1723 2999 1750 3051 ὁ
1776 2996 1875 3066 τῆς
1897 2996 2066 3049 αὐτοῦ

482 3091 896 3164 φιλανθρωπίας
938 3091 1340 3163 ἐνηχηθὴσεται
1372 3088 1631 3159 φθόγγος.
1666 3087 2067 3167 Διαόοηθήσον-

2158 614 2338 661 torum
2371 604 2760 678 mysteriorum
2795 620 2810 659 :
2866 610 2926 657 tu
2959 603 3252 668 bonorum,
3296 619 3419 674 qua:
3449 616 3735 676 exspecta-
3790 650 3796 657 .

2156 696 2372 761 bamus,
2397 711 2459 752 es
2513 696 2931 766 implementum
2964 714 2979 751 :
3030 706 3088 752 tu
3134 699 3430 768 cogitatum
3464 713 3525 753 es
3562 699 3740 754 cuivis

2158 786 2460 843 intellectui
2480 785 2819 842 inaccessum
2849 805 2862 840 :
2893 795 2947 841 tu
2971 787 3348 858 spectaculum
3373 787 3741 860 intelligibili-

2158 880 2264 935 bus
2296 879 2471 935 oculis
2494 877 3057 949 incomprehensibile
3092 895 3108 934 :
3153 887 3210 933 tu
3249 879 3462 935 auditio
3499 890 3742 936 tremen-

2159 973 2249 1036 da,
2280 979 2336 1027 et
2364 971 2481 1027 sola
2536 971 2741 1043 ubique
2789 984 3100 1050 resonans:
3157 979 3217 1025 tu
3276 971 3524 1028 narratio
3584 988 3744 1044 pere-

2157 1065 2339 1135 grina,
2369 1066 2732 1137 omniumque
2779 1066 2986 1138 linguis
3031 1066 3332 1123 celebrata.
3371 1064 3452 1120 Tu
3512 1080 3746 1136 corpore

2160 1158 2414 1214 indutum
2442 1175 2570 1214 eum
2599 1169 2808 1230 portas,
2848 1160 2944 1232 qui
2971 1170 3110 1215 nutu
3134 1174 3236 1217 suo
3255 1166 3437 1231 portat
3463 1159 3743 1214 universa.

2162 1249 2246 1305 Tu
2279 1250 2437 1307 caelis
2464 1251 2760 1322 spatiosius
2791 1268 2854 1309 es
2885 1255 3087 1310 omium
3114 1269 3130 1320 ;
3180 1261 3236 1308 tu
3268 1267 3466 1308 currus
3499 1252 3747 1321 seraphi-

2160 1341 2482 1398 cisthronis
2516 1358 2579 1399 es
2603 1344 2767 1416 longe
2822 1345 3104 1401 lucidior:
3139 1354 3199 1401 tu
3258 1345 3417 1402 sedes
3467 1345 3591 1415 igne
3640 1343 3744 1398 mi-

2160 1433 2375 1489 cantior
2407 1451 2421 1488 :
2456 1442 2517 1490 tu
2550 1436 2751 1506 regalis
2799 1436 3159 1494 habitationis
3210 1437 3477 1508 palatium
3514 1454 3528 1490 :
3566 1446 3621 1490 tu
3677 1445 3749 1491 ta-

2159 1525 2518 1583 bernaculum
2569 1527 2665 1584 Dei
2699 1529 2989 1598 praesentis
3021 1547 3035 1584 :
3074 1538 3133 1585 tu
3169 1529 3433 1600 templum
3473 1527 3748 1600 gloriﬁca-

2162 1631 2299 1687 tmn,
2352 1620 2635 1678 leviticum
2688 1630 3100 1690 ornamentum,
3186 1623 3485 1680 sacerdotii
3555 1623 3746 1688 decus,

2158 1715 2578 1786 prophetiarum
2632 1716 3077 1787 implementum,
3124 1716 3272 1788 jugis
3307 1723 3615 1786 primorum
3654 1731 3750 1787 pa—

2161 1817 2380 1864 rentum
2420 1809 2781 1880 exspectatio,
2840 1818 3055 1866 naturae
3096 1810 3258 1872 stola,
3306 1823 3418 1864 non
3468 1808 3749 1879 periturus

2162 1901 2412 1972 ejusdem
2445 1913 2677 1959 ornatus
2709 1917 2774 1958 ac
2807 1904 3147 1974 variegatum
3177 1902 3431 1958 diadema
3463 1922 3477 1959 :
3512 1912 3572 1958 tu
3616 1917 3753 1959 moe-

2163 1998 2404 2054 rentium
2433 2014 2678 2070 praesens
2701 1999 2915 2064 laetitia,
2949 2000 3232 2070 lapsorum
3276 1999 3500 2067 fiducia,
3559 2007 3753 2056 tacen-

2165 2091 2302 2146 tium
2332 2091 2544 2162 lingua,
2573 2106 2696 2163 quae
2728 2093 2783 2147 in
2807 2102 2967 2148 utero
2993 2108 3121 2148 eum
3151 2102 3367 2164 gestas,
3393 2092 3490 2163 qui
3543 2092 3754 2148 silentii

2163 2181 2278 2236 mei
2313 2181 2536 2238 vincula
2573 2182 2848 2253 disrupit;
2883 2184 3067 2254 cujus,
3114 2197 3304 2254 utpote
3333 2184 3524 2250 Verbi,
3561 2199 3755 2240 vocem

2165 2279 2367 2342 praeter
2386 2285 2541 2343 spem
2570 2287 2794 2328 omnem
2838 2287 2942 2344 ego
2985 2272 3227 2329 fructum
3286 2274 3531 2344 protuli;
3573 2275 3755 2346 cujus,

2167 2369 2359 2432 utpote
2397 2361 2542 2418 Solis
2577 2362 2830 2432 justitiaa,
2886 2363 3171 2419 lucernam
3233 2373 3451 2435 egomet
3501 2364 3753 2430 accendi,

2166 2467 2566 2522 praecursorem
2607 2468 2828 2523 nempe,
2859 2453 2955 2523 qui
2999 2452 3227 2508 semitas
3259 2453 3382 2524 ejus
3438 2461 3617 2507 rectas
3673 2450 3755 2508 fa-

2166 2542 2297 2608 ciat,
2329 2543 2423 2613 qui
2459 2542 2760 2599 adventum
2796 2544 2916 2615 ejus
2952 2543 3265 2609 annuntiet,
3294 2544 3391 2614 qui
3423 2543 3579 2598 velut
3624 2543 3755 2598 tuba

2167 2633 2242 2707 sit
2261 2635 2605 2697 oeconomiae,
2644 2634 3140 2691 condescensionis
3179 2635 3426 2706 ejusdem
3463 2635 3641 2699 testis,
3696 2642 3756 2691 et

2168 2726 2380 2796 sponsi,
2408 2726 2503 2797 qui
2530 2727 2584 2782 in
2611 2735 2664 2782 te
2690 2728 3021 2794 diversatur,
3064 2729 3499 2800 paranymphus.
3553 2727 3635 2784 Tu
3693 2743 3755 2783 es

2171 2816 2467 2882 thalamus,
2496 2832 2527 2873 e
2548 2833 2660 2888 quo
2689 2811 3101 2889 pulcherrimus
3127 2820 3231 2875 iSle
3263 2818 3603 2889 procedens,
3636 2834 3756 2872 om-

2169 2923 2318 2969 nem,
2357 2924 2480 2979 quae
2508 2909 2612 2965 sub
2644 2912 2786 2967 coelo
2814 2919 2921 2976 est,
2961 2919 3164 2967 terram
3196 2910 3505 2966 divinitatis
3537 2925 3650 2966 suae
3674 2927 3759 2963 ra-

2170 2996 2279 3052 diis
2310 2998 2665 3065 illuminabit,
2723 3009 2781 3058 et
2829 3015 2953 3071 qua:
3007 3000 3289 3057 resonabit
3330 3015 3436 3055 vox
3472 2998 3758 3056 charitatis

2172 3091 2295 3161 ejus
2321 3090 2376 3146 in
2397 3090 2671 3157 homines,
2697 3091 2833 3149 lines
2883 3108 3079 3149 omnes
3133 3108 3163 3148 a
3212 3091 3445 3149 summis
3490 3090 3757 3147 caelorum

479 3200 571 3236 ται
602 3183 700 3236 σὺν
737 3183 817 3254 τῷ
839 3182 1161 3253 κηρύγματι
1192 3183 1286 3237 καὶ
1311 3182 1379 3236 τὰ
1410 3180 1479 3235 σά
1508 3180 1798 3255 μεγαλεῖα,
1845 3179 2065 3245 δεδοξα-

2179 3194 2352 3250 usque
2398 3181 2465 3236 ad
2520 3192 2771 3239 extrema
2801 3183 3185 3255 perlustrabit.
3240 3182 3420 3239 Etiam
3486 3181 3759 3254 magnalia

480 3274 657 3344 σμένα
705 3276 837 3346 περὶ
888 3273 984 3329 σοῦ
1042 3274 1435 3347 λαληθήσεται,
1484 3275 1902 3346 τρανωθήσεται
1951 3276 2066 3339 τοῖς

478 3368 646 3422 πᾶσιν
680 3368 713 3439 ἠ
752 3368 882 3433 δόξα
910 3384 1027 3422 σου.
1045 3367 1231 3422 Πάντα
1253 3367 1321 3421 τὰ
1346 3366 1473 3437 ἔθνη
1505 3366 2068 3437 συνευλογηθήσονται

477 3464 546 3532 τῇ
579 3462 647 3532 σῇ
700 3458 1047 3532 εὐφροσύνῃο
1095 3460 1458 3531 κροτήσουσιν
1517 3457 1759 3523 ἅπαντες
1809 3460 1902 3512 ἐπὶ
1934 3459 2059 3511 σοί·

378 3580 388 3590 ι
480 3552 576 3606 καὶ
613 3551 1036 3621 ἀγαλλιάσονται
1059 3552 1158 3623 τὴν
1172 3550 1273 3622 σὴν
1295 3549 1706 3621 ὑπερυψοῦντες
1731 3551 2033 3622 κυοφορίαν
2049 3568 2062 3582 ·

481 3644 834 3717 καυχώμενοι
861 3648 921 3698 ἐν
964 3650 1069 3712 σοι,
1096 3643 1466 3716 μεγαλύνουσι
1496 3641 1588 3696 τὸν
1644 3642 1804 3696 τόκον
1838 3659 1959 3698 σου.
1994 3643 2068 3696 Σὺ

479 3737 590 3808 γὰρ
638 3736 811 3802 ὅντως
875 3737 972 3791 καὶ
1014 3736 1126 3791 τῶν
1182 3735 1369 3791 καλῶν
1425 3731 1479 3788 εί
1532 3732 1816 3807 πρόξενος,
1851 3735 2069 3789 καὶτοῦ

480 3830 692 3901 κόσμου
726 3828 1020 3900 καύχημα.

551 3920 677 3977 ΛΓ.
708 3921 952 3993 Ταύτην,
983 3917 1163 3992 οἶμαι.
1196 3918 1297 3992 τὴν
1323 3919 1639 3990 δοξολογίαν
1672 3920 1730 3974 ὲν
1764 3918 2071 3991 προοιμίων

485 4014 643 4085 μέρει
692 4013 856 4079 λέξας
913 4016 941 4068 ὁ
999 4013 1303 4084 Ζαχαρίας,
1333 4014 1435 4085 ἤδη
1467 4014 1535 4067 τὰ
1570 4013 1672 4082 τῆς
1728 4011 2073 4083 προφητείας

484 4105 1006 4177 μεγαλοφωνότερον
1040 4105 1354 4173 ἐξεϐόησεν.
1391 4100 1494 4157 Οἷα
1542 4103 1599 4158 δὲ
1628 4103 1802 4158 ταῦτα
1829 4104 1922 4157 καὶ
1945 4104 2069 4166 ὅσα,

481 4197 583 4251 οὐκ
634 4196 852 4266 ἀγνοεῖν
894 4193 1049 4268 οἶμαι
1111 4196 1223 4249 τῶν
1271 4195 1532 4250 ἁπάντων
1585 4193 1796 4249 πιστῶν
1854 4193 2068 4248 οὐδένα.

487 4289 643 4344 Ὅσοι
672 4291 783 4362 γὰρ
817 4291 914 4359 τῆς
942 4287 1261 4359 παναγάθου
1296 4287 1507 4359 ταύτης
1540 4287 1809 4358 ἐτύχομεν
1841 4285 2069 4357 εὐεργε-

489 4381 628 4447 σίας,
659 4382 848 4453 κοινὴν
876 4381 1055 4436 ταῦτα
1084 4380 1439 4449 καθεκάστην
1470 4378 1833 4451 εὐχαριστίαν
1864 4378 2071 4447 ἀναφὲς

488 4490 696 4544 ροντες,
729 4473 806 4538 ὥς
833 4491 945 4527 τισι
976 4471 1171 4545 δώροις
1196 4473 1288 4526 τὸν
1336 4472 1637 4544 εὐεργέτην
1666 4469 1879 4533 τούτοις
1913 4470 2072 4540 ἀμει-

2177 3281 2268 3327 tua
2289 3288 2414 3328 cum
2445 3273 2609 3330 laude
2639 3275 3093 3341 celebrabuntur,
3122 3275 3359 3348 gloriosa
3386 3275 3454 3331 de
3488 3284 3540 3330 te
3574 3274 3764 3329 dicen-

2174 3373 2286 3430 tur,
2315 3366 2485 3437 gloria
2512 3376 2605 3424 tua
2637 3369 2900 3425 omnibus
2922 3370 3214 3425 manifesta
3252 3369 3561 3440 apparebit.
3623 3366 3762 3424 Uni-

2134 3498 2142 3507 .
2172 3471 2346 3512 versae
2379 3457 2543 3514 simul
2573 3468 2765 3531 gentes
2794 3476 2920 3517 cum
2953 3461 3154 3533 gaudio
3185 3470 3280 3517 tuo
3340 3459 3762 3521 benedicentur,

2171 3551 2505 3622 applaudent
2540 3553 2662 3619 tibi,
2715 3565 2772 3609 et
2834 3563 3165 3625 conceptum
3227 3565 3381 3608 tuum
3421 3553 3765 3623 superextol~

2170 3643 2351 3700 lentes
2378 3644 2761 3712 exsultabunt,
2797 3661 2862 3701 ac
2885 3654 3104 3716 partum
3140 3645 3320 3708 tuum,
3352 3646 3406 3699 'm
3439 3652 3490 3699 te
3520 3643 3763 3713 glorian-

2174 3745 2277 3799 tes,
2308 3735 2760 3809 magniﬁcabunt.
2797 3737 2939 3793 Vere
2961 3738 3110 3792 enim
3151 3746 3207 3792 tu
3241 3746 3298 3793 et
3332 3736 3606 3790 bonorum
3656 3750 3763 3787 au-

2172 3828 2317 3886 ctrix
2341 3844 2423 3893 es,
2454 3827 2761 3899 eademque
2785 3828 2977 3887 mundi
3016 3828 3274 3899 gloriatio
3303 3827 3549 3882 cxsistis.

2242 3922 2485 3978 XXXIII.
2517 3922 2585 3979 Et
2620 3921 2741 3979 haec
2760 3921 2983 3992 quidem
3016 3922 3289 3992 praeconia
3321 3935 3446 3975 cum
3471 3919 3638 3974 veluti
3676 3919 3764 3971 «ιίο

2173 4014 2333 4070 cendi
2364 4015 2697 4086 prooemium
2723 4014 3020 4069 Zacharias
3052 4011 3490 4083 praestruxissct,
3510 4012 3622 4080 jam
3654 4011 3766 4067 cla-

2173 4106 2486 4175 riorivoee,
2546 4122 2670 4177 qua:
2702 4106 2771 4161 ad
2820 4105 3082 4161 vaticinia
3138 4105 3487 4174 spectabant,
3542 4103 3764 4157 edicere

2174 4213 2465 4268 aggressus
2499 4208 2605 4254 est.
2648 4197 2777 4255 Haec
2813 4208 3000 4255 autem
3026 4198 3232 4269 qualia,
3268 4208 3586 4268 quantaque
3627 4195 3760 4258 sint,

2173 4292 2453 4348 neminem
2517 4308 2690 4348 unum
2764 4310 2795 4350 e
2862 4293 3118 4349 ﬁdelibus
3174 4291 3418 4348 arbitror
3485 4292 3759 4362 ignorare.

2174 4381 2459 4454 Quotquot
2485 4388 2633 4441 enim
2665 4386 3106 4458 praestantissimi
3139 4385 3307 4459 hujus
3336 4384 3596 4442 beneﬁcii
3634 4400 3765 4454 par-

2179 4475 2377 4546 ticipes
2405 4476 2591 4534 effecti
2620 4494 2834 4543 sumus,
2869 4479 2986 4534 haec
3028 4479 3145 4549 ipsa
3179 4476 3432 4549 quotidie
3477 4475 3765 4531 celebranw

483 4561 842 4637 66μεθα.Ὦν
891 4567 954 4621 τὸ
991 4566 1339 4637 μεγαλοφυὲς
1392 4565 1496 4636 τῆς
1554 4563 1839 4631 θεολογίας
1882 4563 1978 4616 καὶ
2010 4562 2071 4615 τὸ

2180 4576 2263 4624 tes
2297 4570 2454 4640 quasi
2483 4586 2836 4626 communem
2882 4572 3184 4643 gratiarum
3243 4569 3522 4625 actionem
3583 4566 3767 4621 ofl‘eri-

484 4659 680 4729 τρανὸν
712 4659 814 4731 τῆς
869 4659 1234 4730 προφητείας,
1284 4659 1348 4712 τό
1396 4675 1455 4711 τε
1506 4655 1889 4728 δυσθεώρητον
1954 4655 2069 4708 τῶν

2176 4676 2322 4728 mus,
2357 4676 2422 4717 ac
2477 4662 2726 4719 beneﬁco
2767 4662 3025 4734 largitori
3081 4661 3199 4716 haec
3256 4660 3428 4714 instar
3476 4656 3762 4726 cujusdam

483 4752 797 4823 νοημάτων,
857 4750 1033 4821 ἑτέρῳ
1069 4749 1510 4820 ταμιευσάμενοι
1561 4746 1742 4820 καιρῷ
1798 4748 1894 4801 καὶ
1923 4746 2070 4817 λόγῳ

2176 4747 2310 4805 doni
2341 4751 2718 4823 rependimus.
2751 4752 2884 4819 Quae
2908 4765 3074 4820 porro
3099 4750 3168 4804 ad
3203 4761 3398 4804 eorum
3430 4745 3761 4815 theologiam

482 4842 763 4910 διεξιέναι,
787 4841 884 4898 νῦν
906 4840 1436 4913 παραλιμπάνομεν.

2176 4841 2652 4912 sublimissimam,
2673 4854 2728 4900 et
2754 4843 2822 4899 ad
2847 4842 3238 4899 vaticiniorum
3275 4838 3759 4910 perspicuitatem,

480 4942 540 4991 et
561 4935 632 4993 ad
650 4950 851 4993 sensus
876 4935 1196 4993 reconditos
1233 4936 1535 5006 pertinent.
1564 4952 1690 4993 cum
1753 4936 2097 5008 explananda
2135 4952 2198 4994 ea
2242 4941 2351 4997 alio
2374 4951 2623 5014 tempore
2647 4950 2812 5013 atque
2833 4941 2943 4996 alio
2968 4952 3227 4995 sermone
3266 4935 3760 4993 reservaverimus.

484 5030 541 5087 in
573 5045 814 5101 praeeris
846 5029 1346 5101 praetermittimus.

565 5125 851 5180 Ἁπάντων
871 5124 1164 5197 τοιγαροῦν
1188 5123 1555 5179 τελεσθέντων
1585 5125 1729 5192 τότε,
1748 5101 1825 5181 ὧν
1845 5124 1909 5196 δὴ
1936 5123 2078 5179 κατὰ

490 5220 728 5292 σπουδὴν
762 5221 824 5275 τὸ
851 5220 1029 5293 πέρας
1062 5222 1129 5291 τῇ
1161 5218 1579 5291 κεχαριτωμένη
1605 5219 1839 5290 προσῆν,
1863 5219 1946 5282 είς
1976 5218 2074 5290 τὴν

490 5310 669 5365 οἰκίαν
699 5311 872 5383 αὐτὴν
909 5309 1370 5383 μεταστέλλεσθαι
1400 5305 1470 5379 ἦν
1498 5310 1818 5378 ἀναγκαῖον.
1846 5310 1938 5362 Διό
1966 5326 2075 5379 φη-

493 5414 579 5450 σιν
603 5401 632 5453 ό
661 5399 1057 5473 εύαγγελιστής
1078 5417 1092 5432 ο
1120 5401 1229 5457 Καὶ
1253 5401 1641 5469 ὑπέστρεψεν
1670 5401 1758 5467 εὶς
1784 5399 1889 5454 τὸν
1901 5394 2074 5454 οἷκον

491 5488 706 5558 αὐτῆς.
743 5491 902 5546 ’Δλλὰ
934 5493 1128 5547 σκόπει
1162 5492 1326 5549 πάλιν
1359 5493 1430 5548 τά
1468 5491 1903 5563 προπεμπτήρια
1922 5490 2073 5562 παρά

567 5627 615 5662 ⁸⁸
667 5627 805 5684 Luc.
830 5642 870 5696 ι,
891 5627 984 5683 56.

573 5765 686 5838 (90)
718 5765 855 5824 Vide
878 5769 1157 5838 quomodo
1181 5770 1302 5826 laus
1330 5770 1421 5827 illa
1451 5765 1925 5838 praestantissima,
1957 5779 2065 5838 qua

504 5836 675 5910 Virgo
718 5838 787 5897 ab
822 5836 1019 5908 angelo
1074 5838 1345 5898 salutante
1402 5836 1702 5913 praedicata
1752 5844 1838 5896 est
1887 5836 2069 5908 gratia

2256 5124 2530 5182 Omnibus
2566 5126 2752 5197 itaque
2778 5134 2910 5180 tunc
2939 5123 3195 5196 eXpletis,
3225 5135 3349 5194 quae
3382 5118 3649 5191 perlicere
3676 5116 3768 5170 illa

2184 5219 2363 5289 gratia
2386 5218 2543 5288 plena
2565 5217 2678 5290 (90)
2704 5217 2952 5274 studiose
2976 5215 3280 5287 satagebat,
3316 5215 3429 5285 jam
3475 5208 3770 5281 oportebat

2186 5316 2243 5361 ut
2284 5307 2511 5363 domum
2580 5321 2739 5363 suam
2789 5312 3182 5362 reverteretur.
3226 5300 3371 5357 Hinc
3428 5295 3767 5368 evangelista

2179 5400 2296 5455 ait:
2333 5398 2401 5453 Et
2437 5414 2646 5454 reversa
2674 5406 2748 5453 est
2778 5398 2835 5453 in
2881 5398 3100 5453 domum
3135 5411 3292 5452 suam
3319 5394 3387 5452 °".
3422 5390 3531 5449 Sed
3567 5402 3764 5443 rursus

2177 5490 2403 5547 attende
2471 5490 2804 5560 quibusnam
2852 5490 3084 5547 vocibus
3124 5489 3424 5546 abeuntem
3456 5479 3765 5551 Virginem,

2188 5754 2458 5835 plena,__in
2483 5761 2909 5835 appellationem
2941 5757 3164 5835 deinde,
3193 5770 3301 5825 qua
3319 5749 3766 5835 ⁸ιιιιιοιιοιπιαειίιιε

2190 5828 2222 5888 a
2254 5828 2953 5903 fidelibus-designantur,
2990 5828 3092 5901 ipsi
3125 5828 3380 5881 accessit.
