4036 6414
340 410 451 476 695

1641 420 1901 483 JACOBI
1942 423 2284 486 MONACHI

3492 425 3596 486 696

337 530 419 584 uti
463 543 564 601 par
600 535 757 596 erat,,
790 527 1074 585 Elisabeth
1132 527 1206 584 sit
1255 539 1571 601 prosecuta.
1621 534 1917 591 Uberiores

2034 539 2122 609 τῆς
2158 538 2456 603 Ἑλισάϐετ,
2479 538 2554 601 ὡς
2576 539 2636 592 τὸ
2658 538 2804 603 εἰκὸς
2830 539 2966 610 αὐτῇ
2997 538 3306 611 ἐπᾳδόμενα
3329 556 3346 573 ο
3373 539 3595 609 μείζονα

337 623 509 685 enim,
545 636 711 693 quam
743 621 798 676 in
828 621 1074 694 ejusdem
1109 622 1369 687 adventu,
1394 625 1694 696 gratiarum
1735 628 1901 681 actio-

338 730 439 770 nes
479 713 557 769 illi
607 715 896 785 persolvit,
934 725 1141 786 quanto
1185 716 1499 773 uberiorem
1541 734 1607 774 ex
1653 722 1914 791 mysterio

330 806 740 880 iucunditatem
775 816 1117 877 perceperat.

407 898 654 954 XXXIV.
696 900 978 970 Ejusmodi
1011 917 1176 971 porro
1215 911 1333 957 erat
1378 903 1522 958 illius
1565 903 1863 973 alloquium
1897 920 1911 958 :

336 990 605 1061 Equidem
642 992 696 1046 in
730 991 969 1046 adventu
1005 1002 1121 1055 tuo,
1149 1008 1181 1047 ο
1215 994 1385 1049 Mater
1409 994 1592 1065 Virgo,
1625 995 1917 1065 jucundis-

336 1083 478 1137 simo
503 1084 806 1154 voluptatis
829 1100 993 1139 sensu
1030 1085 1247 1150 affecta,
1270 1087 1687 1156 gratulatorium
1725 1102 1915 1141 ascen-

336 1174 421 1228 sui
489 1184 586 1229 tuo
632 1176 801 1231 veluti
840 1177 1102 1247 hymnum
1153 1177 1490 1247 applaudens
1538 1179 1744 1245 cecini;
1789 1194 1915 1234 cum

336 1264 549 1320 scilicet
590 1274 643 1321 te
673 1275 729 1321 et
761 1278 962 1337 praeter
1000 1283 1155 1338 spem
1200 1284 1421 1323 omnem
1469 1270 1575 1323 huc
1612 1270 1916 1325 advenien-

339 1366 471 1419 tem,
507 1368 563 1413 et
608 1375 747 1414 nova
785 1374 849 1414 ac
880 1361 1153 1416 mirabilia
1190 1370 1369 1417 tecum
1415 1361 1761 1417 adferentem
1800 1380 1888 1435 my

336 1450 503 1505 steria
534 1466 841 1507 cernerem.
871 1452 1143 1519 Quocirca
1182 1455 1381 1525 gaudio
1416 1456 1581 1510 simul
1609 1464 1666 1511 et
1693 1464 1918 1527 stupore

336 1539 585 1610 abrepta,
620 1540 808 1596 lmtitia
835 1543 1163 1612 gestiebam,
1201 1544 1569 1609 exsultabam,
1608 1560 1775 1615 super
1807 1562 1919 1601 cm-

336 1629 420 1684 los
465 1631 637 1702 magis
681 1646 769 1687 me
821 1648 1143 1696 excurrere,
1189 1650 1353 1703 quam
1396 1635 1451 1689 in
1499 1636 1664 1691 terris
1709 1636 1916 1689 versari

336 1719 744 1783 existimabam,
784 1721 1124 1777 conditionis
1154 1722 1408 1778 humana:
1444 1724 1697 1779 modulos
1725 1740 1919 1794 super-

336 1826 525 1880 gressa
581 1812 721 1867 mihi
773 1812 1023 1881 videbar,
1071 1829 1136 1870 ac
1184 1830 1352 1885 super
1404 1815 1654 1871 ordinem
1707 1827 1919 1872 natura:

2024 633 2132 701 γὰρ
2165 632 2198 703 ἢ
2232 632 2375 684 κατὰ
2398 631 2496 702 τὴν
2530 631 2849 700 ἐπιδημίαν,
2901 631 2999 702 τὴν
3039 631 3390 702 εὐχαριστίαν
3423 648 3592 703 προσ-

2016 725 2292 796 ήρμοσενο
2337 725 2447 795 ὅσῳ
2491 724 2584 776 καὶ
2622 724 2822 795 μᾶλλον
2867 724 2961 779 τοῦ
3000 724 3304 796 μυστηρίου
3333 724 3599 792 κατετρῦ-

2018 832 2212 885 φησεν.

2088 907 2211 961 ΛΔ’.
2250 905 2403 976 Ἔχει
2432 906 2540 977 γὰρ
2567 900 2669 960 ὦδε
2694 907 2895 961 ταῦτα·
2937 906 3076 976 Ἤδη
3107 906 3207 975 μέν
3238 922 3354 971 σου,
3391 922 3598 975 μητροο

2018 995 2277 1064 πάρθενε,
2313 999 2378 1066 τῇ
2406 995 2681 1066 παρουσία
2715 995 3155 1066 συνευωχηθεῖσα
3179 1036 3192 1057 .
3236 994 3595 1065 ἐπισατήριον

2017 1085 2208 1156 ὥσπερ
2262 1085 2359 1157 τὴν
2406 1086 2683 1157 εὐφημίαν
2735 1087 3049 1158 ἐκρότησα·
3111 1087 3239 1155 παρ’
3270 1086 3458 1138 ἐλπίδα
3497 1086 3596 1153 μὲν

2018 1176 2391 1247 ἐπιδημοῦσαν
2417 1194 2473 1230 τε
2506 1176 2869 1242 κατα-νοοῦσα,
2901 1176 3062 1231 καινά
3093 1177 3146 1230 δὲ
3197 1178 3291 1231 καὶ
3319 1175 3600 1244 παράδοξα

2020 1268 2491 1338 συνεπιφέρουσαν
2549 1271 2846 1339 μυστήρια.
2880 1269 2979 1322 Διά
3016 1267 3174 1322 τοῦτο
3204 1268 3351 1339 χαρᾷ
3380 1267 3478 1336 τὴν
3503 1267 3597 1319 έκ-

2019 1362 2215 1431 πληξιν
2233 1360 2568 1431 ἀναμίξασα,
2590 1361 2791 1431 ἥσθην,
2824 1360 3148 1430 ἐσκίρτησα,
3175 1360 3600 1429 οὐρανοδρομεῖν

2022 1453 2224 1524 μᾶλλον
2254 1453 2527 1524 ἐνόμιζον,
2559 1453 2593 1524 ἢ
2626 1455 2718 1506 ἐπὶ
2743 1454 2846 1522 γῆς
2874 1453 3252 1524 ἐνδιατρίὸειν,
3289 1453 3598 1523 ὑπερϐῆναι

2019 1546 2086 1600 τὰ
2108 1548 2208 1617 τῆς
2250 1546 2670 1616 ἀνθρωπότητος
2716 1546 2938 1600 ἐδόκουν
2979 1546 3178 1617 μέτρα,
3210 1546 3467 1614 ὑπεράνω
3496 1543 3599 1611 τῆς

2020 1637 2235 1706 φύσεως
2265 1637 2670 1708 ἐφανταζόμην.
2706 1638 2832 1699 Πῶς
2864 1636 2972 1706 γὰρ
3009 1636 3075 1689 ἂν
3112 1637 3186 1707 μὴ
3235 1635 3405 1690 ταῦτα
3458 1630 3599 1689 εἶναι

2021 1731 2353 1800 κατενόησα,
2379 1730 2472 1784 τὸν
2499 1730 2849 1810 Δημιουργὸν
2881 1729 3064 1783 αὐτῶν
3105 1728 3310 1799 ὁρῶσα,
3346 1726 3601 1798 καθάπερ

2020 1824 2078 1877 ἐν
2104 1821 2343 1892 οὐρανῷ,
2383 1821 2466 1873 σοὶ
2513 1820 2906 1892 ἐποχούμενον,
2962 1818 3058 1874 καὶ
3120 1818 3258 1889 πρὸς
3310 1816 3409 1887 τὴν
3461 1816 3602 1886 ἐμὴν

336 1901 534 1956 elatam
580 1917 668 1957 me
711 1904 1118 1973 quodammodo
1159 1904 1435 1962 intuebar.
1484 1906 1553 1961 Et
1593 1920 1724 1961 sane
1774 1922 1914 1977 quo-

2034 1913 2205 1968 ὲστίαν
2236 1912 2661 1983 ἀφικνούμενον,
2689 1912 2784 1966 τὸν
2810 1913 2867 1964 ἐν
2897 1914 3009 1976 τοῖς
3036 1910 3378 1981 χερουσικοίς
3412 1908 3603 1975 ἐφεζό-

337 1996 503 2051 modo
526 1996 643 2051 haec
670 1996 743 2053 ita
775 2013 834 2052 se
864 1997 1069 2052 habere
1103 2014 1213 2053 non
1250 2009 1526 2068 putarem,
1560 2015 1685 2055 cum
1722 2015 1915 2053 eorum

2034 2024 2191 2076 μενον
2232 2005 2464 2076 θρόνοις,
2510 2006 2568 2059 ἐν
2627 2005 2890 2076 ἀκηράτῳ
2942 2002 3366 2075 σωματούμενον
3427 2002 3602 2072 νηδύϊ,

338 2096 645 2143 creatorem
679 2089 734 2143 in
770 2098 845 2153 te,
885 2096 1148 2160 tanquam
1193 2091 1333 2145 etelo
1379 2090 1640 2161 quodam,
1672 2089 1919 2145 insiden-

2034 2095 2255 2167 οὐρανὸν
2272 2096 2330 2161 ἐξ
2346 2095 2670 2150 ἀνελπίστου
2704 2095 2803 2167 τὴν
2834 2094 3025 2164 εὐτελῆ
3056 2091 3608 2165 μετασκευαζομὲνην

339 2187 666 2248 tem,atque
712 2178 780 2233 ad
827 2178 1053 2234 domum
1105 2196 1283 2236 meam
1325 2179 1715 2244 divertentem,
1746 2187 1800 2233 et
1850 2178 1914 2233 il-

2034 2186 2274 2256 σκηνήν;
2329 2185 2539 2240 Μύστιν
2567 2186 2767 2257 ἐαυτὴν
2823 2187 2945 2239 τότε
2981 2185 3328 2255 πραγμάτων
3360 2182 3608 2254 ἀπορρή-

338 2266 480 2330 lum,
508 2268 605 2337 qui
645 2267 963 2324 eberubicis
1006 2270 1163 2325 sedet
1195 2271 1249 2324 in
1286 2269 1524 2332 tbronis,
1559 2269 1612 2323 in
1654 2270 1923 2323 immacu—

2034 2296 2134 2332 των
2195 2276 2534 2351 ᾐσθανόμην,
2599 2277 2880 2349 Παρθένον
2934 2278 3203 2348 κυοφόρον
3236 2275 3603 2345 ὑπεδεχόμην,

340 2361 454 2414 lato
482 2369 576 2414 tuo
617 2360 741 2413 sinu
769 2360 1023 2414 indutum
1056 2376 1289 2430 corpore
1324 2360 1592 2425 viderem,
1624 2375 1921 2430 meumque

2034 2369 2263 2441 νεφέλην
2318 2370 2622 2440 φωτοδόχον
2656 2370 3003 2440 ἐδεξιούμην.
3039 2371 3225 2425 Ταῦτα
3271 2370 3337 2440 δὴ
3369 2385 3607 2423 κατανοο

342 2454 740 2522 pauperculum
778 2453 1192 2509 tabernaculum
1216 2469 1281 2509 ex
1321 2453 1602 2525 insperato
1631 2454 1687 2508 in
1721 2453 1920 2509 coelum

2034 2460 2176 2525 ὦσα,
2209 2461 2283 2523 ὠς
2314 2463 2603 2531 συγγενίδα
2630 2463 2729 2534 μέν
2759 2462 3232 2535 περιεπτυξάμην,
3259 2462 3333 2526 ὡς
3358 2462 3415 2517 δὲ
3449 2461 3608 2532 βασι-

341 2546 782 2600 commutatum?
832 2546 1152 2617 Memetipsa
1201 2555 1330 2602 tunc
1374 2546 1674 2601 ineffabilia
1718 2560 1919 2601 arcana

2034 2551 2136 2604 tida
2161 2553 2551 2623 ἐπευφήμησα,
2570 2553 2646 2618 ὡς
2668 2554 2776 2608 τῶν
2798 2555 3051 2609 ἁπάντων
3073 2554 3358 2626 ἀνύμνησα
3380 2553 3612 2607 Δέσποιο

341 2635 594 2691 edoctam
641 2637 931 2706 persensi;
976 2637 1317 2707 excipiebam
1366 2637 1581 2692 scilicet
1633 2650 1925 2707 praegnan-

2034 2658 2141 2707 ναν,
2172 2642 2244 2705 ὡς
2285 2642 2498 2715 μητέρα
2539 2644 2876 2717 κατηδέσθην
2917 2645 3012 2698 τοῦ
3041 2646 3364 2709 κτίσαντος,
3405 2645 3477 2705 ὡς
3510 2660 3611 2695 κυ-

346 2736 455 2783 tem
480 2729 783 2800 Virginem,
812 2730 1193 2800 nubem,,qua3
1240 2730 1496 2787 servabat
1528 2731 1583 2785 in
1621 2745 1681 2786 se
1724 2731 1925 2791 lucem,

2034 2729 2151 2804 ρίαν
2175 2734 2232 2786 ἐν
2253 2735 2366 2796 τοῖς
2402 2735 2553 2805 ἐμοῖς
2577 2738 2970 2808 συνῳκισάμην
2997 2738 3289 2807 ταμιείοις.
3335 2734 3604 2802 Εὐλογίας

343 2821 735 2892 amplectebar.
770 2821 896 2879 Haec
922 2838 1047 2878 cum
1080 2824 1214 2877 mihi
1250 2823 1435 2877 animo
1471 2822 1923 2887 obversarentur,

2034 2827 2233 2894 φωναῖς
2280 2826 2379 2894 τὴν
2437 2827 2536 2897 τῆς
2591 2827 2842 2896 εὐλογίας
2875 2828 3351 2900 ἐφιλοτιμησάμην
3408 2827 3609 2897 ῥίζαν·

343 2911 592 2982 profecto
628 2923 682 2970 te
722 2915 1025 2986 amplexata
1060 2930 1183 2970 sum
1213 2914 1437 2986 quidem
1475 2914 1554 2969 uti
1600 2920 1923 2984 cognatam;

2034 2919 2206 2989 χαρᾶς
2264 2919 2359 2971 καὶ
2412 2922 2768 2992 μακαρισμοῦ
2803 2923 3011 2995 ῥήμασί
3071 2940 3130 2976 σε
3161 2922 3258 2993 τὴν
3308 2921 3408 2992 τῆς
3437 2921 3608 2983 ὅντως

345 3009 401 3057 at
433 3005 729 3060 acclamavi
771 3006 935 3061 simul
974 3016 1236 3077 tanquam
1270 3006 1493 3075 regina,
1525 3005 1803 3060 celebravi
1833 3021 1928 3059 ve-

2035 3009 2213 3078 χαρᾶς
2252 3012 2718 3079 κατεστεφάνωσα
2750 3014 3030 3083 πρόξενον.

344 3096 428 3149 lut
455 3098 701 3150 omnium
742 3098 1041 3157 dominam,
1076 3098 1315 3153 reverita
1352 3113 1472 3152 sum
1504 3113 1604 3153 ceu
1647 3097 1927 3153 Creatoris
1967 3106 2220 3163 matrem,
2276 3107 2334 3155 et
2397 3111 2655 3173 tanquam
2688 3104 2835 3159 hera:
2866 3105 3215 3160 habitandam
3254 3106 3349 3162 tibi
3383 3105 3607 3159 domum

348 3205 523 3244 meam
561 3190 760 3245 obtuli.
793 3190 1207 3245 Beuedictionis
1243 3190 1477 3245 vocibus
1521 3188 1930 3245 benedictionis
1968 3190 2212 3247 radicem
2241 3191 2548 3261 honoravi;
2615 3196 2796 3267 gaudii
2832 3205 2887 3252 et
2929 3197 3208 3254 fclicitatis
3270 3198 3454 3253 verbis
3485 3197 3610 3263 tibi,

344 3299 468 3354 quae
499 3298 692 3338 verum
718 3283 983 3352 gaudium
1026 3283 1211 3348 aﬂ'ers,
1242 3298 1505 3339 coronam
1539 3282 1713 3338 texui.

418 3378 634 3433 XXXV.
677 3378 745 3432 Et
794 3377 913 3431 hzec.
958 3377 1183 3448 quidem
1232 3377 1369 3432 mihi
1427 3394 1494 3432 ex
1546 3377 1785 3432 adventu
1839 3385 1930 3433 tuo

2112 3373 2235 3430 ΛΕ.
2264 3373 2448 3429 Ταῦτα
2495 3374 2595 3446 μέν
2625 3371 2721 3431 οὖν
2752 3374 2822 3429 τά
2850 3375 2947 3447 τῆς
2978 3375 3269 3445 ἐπιδημίας
3323 3392 3417 3429 σου
3449 3373 3608 3431 καλά.

348 3476 515 3530 bona.
550 3471 687 3526 Cum
727 3484 859 3524 vero
894 3469 1067 3540 magis
1100 3485 1263 3539 quam
1303 3484 1403 3540 pro
1437 3470 1672 3535 meritis,
1702 3485 1769 3523 ex
1806 3469 1930 3524 diu-

2045 3466 2202 3520 Ἐπεὶ
2228 3466 2284 3519 δέ
2316 3469 2382 3538 τῇ
2420 3468 2513 3518 ἐπὶ
2541 3467 2791 3519 πλεῖστον
2816 3466 3165 3538 συνδιατριόῇ
3201 3464 3386 3536 μεῖζον
3414 3466 3445 3537 ἢ
3471 3468 3615 3519 κατᾶ

353 3564 586 3621 turniori
644 3572 735 3617 tua
780 3563 1185 3618 consuetudine
1231 3563 1512 3635 mysteriis
1569 3563 1679 3618 tuis
1720 3562 1930 3635 perfrui

2034 3561 2195 3632 χάριν
2248 3557 2359 3611 τῶν
2390 3558 2498 3611 σῶν
2530 3557 2822 3630 ἀπήλαυσα
2880 3558 3216 3630 μυστηρίων,
3248 3558 3390 3626 ὑπὲρ
3424 3558 3614 3610 ἐλπίδα

358 3656 489 3710 mihi
534 3654 776 3716 licuerit,
812 3662 977 3724 atque
1029 3653 1175 3708 ultra
1216 3668 1369 3725 spem
1405 3669 1624 3710 onmem
1659 3653 1765 3707 hoc
1807 3665 1930 3707 mu-

2034 3655 2132 3726 τῆς
2162 3654 2371 3723 δωρεᾶς
2394 3652 2721 3723 ἀπωνάμην,
2755 3653 2889 3707 διότι
2920 3652 2987 3705 τὰ
3020 3653 3121 3722 μὲν
3152 3653 3251 3721 τῆς
3283 3651 3615 3723 προσδοκίας

354 3763 482 3802 nere
515 3745 819 3811 oblectari;
854 3754 1148 3816 propterea
1178 3745 1307 3800 hinc
1337 3745 1560 3815 quidem
1593 3744 1930 3801 desiderium

2039 3745 2349 3816 συνηυξήθη
2404 3747 2518 3808 τοῖς
2557 3747 2872 3815 πράγμασι,
2933 3747 2990 3797 σε
3042 3746 3098 3798 δὲ
3130 3746 3268 3816 πρὸς
3291 3746 3391 3815 τὴν
3428 3744 3614 3798 οἴκαδε

355 3840 514 3896 factis
557 3838 692 3909 ipsis
733 3837 1029 3892 adauctum
1070 3847 1191 3903 est;
1224 3837 1352 3893 inde
1395 3853 1528 3894 vero
1573 3852 1697 3892 cum
1735 3844 1788 3891 te
1831 3836 1934 3891 do-

358 3945 505 3986 mum
549 3939 698 3985 tuam
730 3945 924 3985 versus
978 3929 1084 3984 iter
1133 3928 1484 3984 festinantem
1535 3928 1772 3992 videam,
1812 3935 1937 3982 utut

355 4022 648 4077 collectum
697 4021 1085 4093 mysteriorum
1146 4021 1468 4076 thesaurum
1518 4020 1594 4075 ita
1650 4019 1796 4090 apud
1850 4034 1937 4073 me

357 4122 683 4178 servem,ut
721 4112 928 4167 auferri
966 4113 1099 4168 mihi
1152 4127 1261 4167 non
1309 4112 1502 4181 possit,
1548 4111 1707 4167 dolor
1748 4120 1934 4166 tamen

356 4204 426 4259 de
459 4204 706 4259 discessu
749 4211 843 4257 tuo
872 4203 1240 4274 iucunditatis
1270 4219 1403 4257 meae
1444 4203 1704 4273 gaudium
1746 4212 1936 4257 retun-

358 4297 458 4351 dit.
491 4296 834 4365 Ampliorum
868 4297 1015 4349 enim
1052 4295 1325 4350 bonorum
1359 4295 1570 4359 fruitio,
1606 4296 1791 4366 gravis
1832 4295 1934 4349 tri-

358 4388 541 4450 stitiaa,
569 4386 613 4440 si
647 4384 868 4456 quando
910 4385 1215 4451 auferatur,
1248 4386 1355 4442 illis
1379 4402 1600 4457 quoque
1647 4387 1800 4458 origo
1830 4394 1935 4450 est,

359 4479 455 4549 qui
505 4478 743 4548 aliquam
802 4492 998 4533 eorum
1059 4487 1269 4548 partem
1343 4487 1587 4535 teneant.
1643 4478 1936 4534 Sublracta

358 4572 508 4627 enim
559 4572 722 4642 plena
772 4570 1079 4642 cujuSpiam
1136 4571 1265 4625 boni
1316 4571 1689 4642 possessione,
1721 4570 1939 4625 vilescit

359 4661 505 4733 quod
526 4661 707 4717 adhuc
733 4677 798 4716 ex
832 4670 986 4730 parte
1015 4662 1221 4717 habere
1264 4663 1429 4728 licet;
1456 4670 1512 4718 et
1542 4661 1672 4717 illud
1712 4678 1937 4732 parum-

362 4772 458 4825 per
495 4754 918 4826 degustantibus
947 4769 1068 4809 sese
1103 4769 1202 4809 ceu
1246 4749 1452 4808 bonum
1496 4754 1743 4817 exhibet,
1781 4755 1939 4826 cujus
1971 4736 2014 4791 θ

360 4862 483 4902 cum
515 4848 673 4918 plane
703 4863 810 4901 non
846 4847 957 4902 sint
987 4856 1259 4911 exsortes,
1294 4848 1465 4903 totius
1504 4848 1755 4918 potiundi
1796 4848 1941 4916 desi-

359 4937 515 4991 derio
560 4953 670 4991 non
705 4938 1043 4993 cruciantur.
1078 4938 1249 5009 Majus
1295 4953 1461 5007 porro
1492 4938 1699 4992 bonum
1742 4939 1940 4993 merito

363 5027 497 5081 illud
553 5027 949 5099 appellabitur,
1010 5029 1156 5098 quod
1216 5045 1282 5083 ex
1350 5030 1763 5099 comparatione
1814 5044 1921 5082 cun

366 5118 586 5180 minori,
631 5129 692 5172 ut
722 5121 827 5173 tale
862 5121 1158 5185 habeatur,
1201 5131 1514 5176 assecutum
1563 5122 1744 5175 fuerit.
1780 5121 1935 5187 Quod

364 5220 497 5259 \et'o
537 5210 1130 5265 commensurationem
1155 5225 1373 5264 omnem
1409 5210 1648 5273 excedit,
1673 5220 1730 5266 et
1751 5227 1942 5281 quam-

362 5298 498 5353 libet
529 5301 961 5371 comparationis
996 5302 1262 5357 rationem
1303 5303 1775 5373 praetergreditur.
1801 5318 1942 5373 quo-

364 5388 530 5443 modo
573 5392 798 5461 majoris
841 5394 973 5447 boni
1024 5394 1394 5463 appellatione
1448 5395 1643 5450 donari
1698 5397 1939 5466 poterit,

364 5499 489 5538 cum
519 5492 574 5536 et
607 5485 724 5553 ipsa
752 5500 849 5554 per
888 5500 947 5539 se
980 5486 1200 5540 bonitas
1230 5487 1373 5541 idem
1405 5488 1495 5548 sit.
1528 5497 1583 5543 et
1607 5489 1673 5543 ad
1707 5489 1943 5543 maxima

363 5589 596 5644 quaeque
626 5575 772 5630 bona
804 5575 1096 5630 tribuenda
1124 5578 1407 5645 proclive?
1440 5579 1723 5649 Ejusmodi
1751 5589 1934 5633 autem

361 5674 469 5733 est,
505 5668 599 5738 qui
641 5685 738 5738 per
780 5678 830 5723 te
855 5669 963 5722 huc
991 5669 1215 5725 advenit
1250 5672 1532 5731 Dominus.
1567 5673 1689 5727 fons
1717 5673 1807 5727 ille
1836 5672 1936 5727 bo-

362 5755 575 5822 nitatis,
605 5757 960 5825 pulchritudo
999 5759 1089 5813 illa
1123 5760 1467 5825 indefieiens,
1498 5761 1703 5817 bonum
1730 5763 1936 5816 immu-

364 5848 550 5915 tabile,
595 5864 815 5921 semper
855 5849 1242 5919 desiderabile,
1280 5854 1510 5909 dulcedo
1554 5869 1618 5910 ac
1667 5855 1937 5911 satietatis

2038 3836 2260 3908 πορείαν
2295 3835 2662 3906 ἐπειγομένην
2689 3836 3053 3900 κατανοοῦσα,
3082 3836 3190 3907 ἔχω
3222 3837 3320 3908 μὲν
3353 3837 3461 3890 τῶν
3486 3838 3614 3891 συλ-

2036 3929 2306 3998 λεγέντων
2382 3927 2699 3998 μυστηρίων
2755 3928 2846 3981 τὸν
2901 3929 3179 3999 θησαυρὸν
3216 3930 3611 4000 ἀναφαίρετον·

2039 4025 2165 4079 ἀνία
2189 4024 2270 4091 δέ,
2294 4025 2326 4095 ή
2360 4023 2458 4091 τῆς
2486 4021 2818 4091 ἀποδημίας,
2844 4021 2944 4091 τὴν
2966 4020 3064 4090 τῆς
3087 4020 3285 4090 ἡδονῆς
3316 4020 3614 4074 ἀνακόπτει

2039 4115 2330 4187 θυμηδίαν.
2356 4115 2421 4169 Αἱ
2456 4115 2563 4184 γάρ
2590 4113 2700 4167 τῶν
2730 4112 2994 4183 μειζόνων
3019 4112 3239 4179 ἀγαθῶν
3268 4110 3613 4178 ἁπογεύσεις,

2039 4207 2280 4280 χαλεπὴν
2334 4209 2437 4276 τῆς
2483 4205 2825 4275 ἀφαιρέσεως
2876 4202 2977 4274 τὴν
3024 4202 3219 4272 ὀδύνην
3269 4203 3508 4261 καὶτοῖς
3558 4202 3618 4254 ἐν

2043 4299 2264 4370 μεθέξει
2310 4297 2517 4350 τούτων
2566 4296 2874 4364 γινομένοις
2933 4294 3278 4364 ἐμποιοῦσιν.
3348 4293 3618 4364 ’Λμαυροῖ

2040 4391 2149 4460 γὰρ
2177 4391 2276 4457 τὴν
2307 4391 2364 4441 ἐν
2389 4391 2544 4458 μέρει
2579 4386 2886 4448 κοινωνίαν,
2914 4387 2946 4456 ἡ
2978 4385 3070 4438 τοῦ
3102 4384 3300 4444 παντδς
3343 4385 3417 4454 μὴ
3450 4401 3620 4454 προσ-

2039 4482 2174 4536 οὖσα
2199 4481 2497 4543 ἀπόλαυσις
2519 4494 2533 4508 ·
2558 4479 2650 4531 καὶ
2674 4478 2839 4531 καλὴν
2869 4479 3045 4531 ἐκεῖνο
3070 4479 3181 4539 τοῖς
3203 4476 3452 4546 μετόχοις
3475 4476 3620 4544 γίνε-

2040 4568 2231 4639 ται,οὗ
2261 4572 2335 4642 μὴ
2360 4571 2557 4631 ἐνδεῶς
2582 4568 2820 4639 ἔχοντες,
2851 4570 2911 4637 τῇ
2940 4568 3205 4639 ἐπιθυμίᾳ
3230 4566 3329 4635 τῆς
3367 4568 3615 4636 κτήσεως

2044 4665 2441 4736 ἐξελέγχονται.
2472 4661 2703 4729 Ἀγαθὸν
2730 4660 2785 4715 δέ
2828 4661 3055 4723 εἰκότως
3103 4660 3168 4713 ἂν
3219 4661 3396 4711 ἐκεῖνο
3436 4659 3621 4727 μεῖζον

2044 4758 2278 4826 λέγοιτο,
2312 4757 2340 4810 ὃ
2367 4756 2655 4826 συγκρίσει
2689 4758 2755 4826 τῇ
2795 4755 2929 4824 πρὸς
2962 4753 3024 4807 τὸ
3068 4748 3253 4825 ἦττον,
3298 4750 3454 4805 τοῦτο
3478 4744 3623 4803 εἶναι

2043 4849 2411 4920 κεκλήρωται.
2431 4849 2502 4900 Τὸ
2517 4848 2574 4901 δὲ
2594 4848 2774 4917 πάσης
2796 4846 3200 4910 ἀντεξετάσεως
3224 4843 3620 4915 ἀνῳκισμένον,

2041 4943 2135 4996 καλ
2166 4940 2529 5009 συγκριτικὴν
2565 4938 2785 4993 ἃπασαν
2813 4938 3191 5008 διαδιδράσκον
3231 4937 3461 5000 ἔννοιαν,
3504 4934 3623 4998 πῶς

2039 5031 2104 5082 ἂν
2128 5031 2225 5099 τὴν
2251 5029 2346 5082 τοῦ
2377 5027 2624 5098 μείζονος
2652 5028 2967 5096 ἐπιδέξηται
2994 5026 3390 5098 προσηγορίαν,
3427 5026 3625 5078 αὐτοα-

2042 5120 2276 5187 γαθότης
2296 5137 2354 5171 τε
2376 5118 2455 5179 ὃν,
2474 5120 2566 5171 καὶ
2587 5119 2698 5171 τῶν
2721 5120 2994 5187 μεγίστων
3012 5117 3233 5185 ἀγαθῶν
3255 5116 3620 5187 παρεκτικόν;

2039 5210 2213 5264 Τοῦτο
2242 5211 2300 5263 δέ
2331 5213 2500 5271 ἐστιν,
2531 5213 2559 5263 ὁ
2611 5212 2697 5264 διὰ
2738 5211 2833 5263 σοῦ
2866 5212 3216 5280 ἐπιδημήσας
3250 5208 3549 5275 Δεσπότης,
3585 5208 3619 5278 ἠ

2042 5305 2191 5374 πηγὴ
2221 5306 2320 5372 τῆς
2354 5303 2711 5371 ἀγαθότητος,
2739 5302 2799 5355 τὸ
2834 5303 3009 5371 μόνως
3044 5300 3403 5355 ἀναλλοίωτον
3431 5300 3620 5361 καλὸν,

2040 5396 2101 5447 τὸ
2152 5395 2421 5461 ἄτρεπτον
2463 5395 2687 5462 ἀγαθὸν,
2749 5394 2809 5445 τὸ
2842 5394 3107 5455 ὡσαύτως
3168 5392 3291 5463 ἔχον
3338 5393 3553 5461 ἐφετὸν,
3586 5394 3619 5461 ἡ

2043 5487 2270 5556 γλυκεῖα
2300 5488 2395 5539 καὶ
2426 5488 2591 5557 κόρου
2621 5486 2820 5550 παντὸς
2852 5487 3112 5538 ἐπέκεινα
3149 5485 3332 5555 ἡδονὴ,
3371 5488 3400 5539 ὁ
3450 5485 3624 5554 ὑπερ-

2052 5579 2286 5649 μεγέθης
2319 5582 2383 5648 τῇ
2416 5578 2876 5646 αὐτεξουσιότητι,
2911 5572 2972 5631 οὗ
3025 5578 3200 5631 πάντα
3229 5578 3303 5642 ὠς
3347 5579 3624 5648 Δημιουρ-

2047 5669 2145 5738 γοῦ
2194 5671 2287 5722 καὶ
2338 5668 2636 5738 φιλαγάθου
2689 5668 2901 5736 ἐφίεται
2945 5669 3254 5721 Aean/now
3294 5666 3414 5730 πῶς
3439 5662 3532 5719 οὖν
3563 5665 3624 5718 τὺ

2046 5761 2308 5833 ὑστεροῦν
2360 5762 2458 5815 οὐκ
2488 5761 2553 5815 ἂν
2585 5760 2848 5827 ἀνάλογον
2883 5761 3205 5831 ἐμποιήσειε
3237 5756 3298 5813 τὸ
3342 5759 3620 5829 λυπηρόν;

2046 5857 2146 5910 Διὰ
2177 5855 2333 5908 τοῦτο
2364 5855 2461 5908 οὒκ
2496 5853 2815 5925 ἀναλγήτως
2873 5853 2974 5926 μὲν
2998 5852 3096 5923 τὴν
3124 5852 3405 5907 διάστασιν
3435 5849 3584 5921 φέρω
3605 5864 3620 5878 ·
