4036 6420
355 422 459 481 ΒἫ

1121 414 1406 479 ORATIO
1454 415 1537 477 IN
1582 414 1685 476 SS.
1729 414 2083 476 ΒΕῙΡᾹΒΞΕ
2138 414 2847 480 DESPONSATIONEM.

3534 411 3641 475 698

358 531 514 602 φέρω
558 528 615 584 δὲ
681 529 833 599 ὅμως
885 526 954 581 τὰ
974 526 1070 581 τοῦ
1112 525 1416 597 μυστηρίου
1467 526 1548 587 εἰς
1589 524 1651 577 τδ
1706 523 1947 591 ἐμφανὲς

2079 524 2234 578 ιηιηῑε
2259 539 2456 594 expers
2486 527 2746 592 suavitas,
2772 540 3067 596 supremus
3095 523 3183 579 ille
3219 523 3503 577 immensae
3531 538 3634 593 po-

358 624 752 696 προχωροὸντα
787 621 1084 693 βλέπουσα,
1122 618 1245 673 κατ’
1270 618 1488 671 εὐθεῖαν
1534 616 1942 686 προδαίνουσαν

355 714 458 786 τὴν
506 711 844 783 οἰκονομίαν,
904 709 1173 780 λαμπρῶς
1226 708 1328 771 τὰς
1372 708 1472 778 τῆς
1525 706 1944 777 φιλανθρωπίας

360 804 786 874 ἒφαπλουμένας
814 804 1062 867 ἀκττνας,
1106 802 1434 868 ὲπαφιεῖσαν
1475 799 1575 870 ήδη
1609 799 1706 869 τὴν
1761 799 1947 867 πηγὴν

358 898 458 953 τοῦ
479 897 662 960 ἐλέους
687 897 843 967 κοινῇ
871 894 949 965 τῷ
978 894 1126 963 γένει
1147 893 1276 956 τοὺς
1309 893 1420 945 τῶν
1449 890 1671 961 ἀγαθῶν
1702 890 1946 958 ὀχετούς.

2054 613 2269 668 testatis
2316 631 2443 679 rex,
2481 632 2644 685 quem
2694 627 2931 680 cuncta,
2969 625 3158 685 utpote
3203 617 3525 670 Creatorem
3576 632 3643 671 ac

2053 708 2514 779 benignissimum
2558 711 2850 765 Dominum
2903 711 3323 780 concupiscunt.
3358 710 3479 777 Quo
3510 726 3644 779 ergo

2056 812 2218 870 pacto
2250 803 2415 872 hujus
2444 803 2573 858 boni
2621 804 2869 859 absentia
2900 814 3330 859 consentaneam
3367 820 3475 856 non
3507 802 3645 857 affe-

2059 900 2143 945 rat
2179 893 2498 946 tristitiam?
2524 894 2586 948 Et
2630 893 2841 947 idcirco
2873 909 2982 946 non
3013 892 3270 957 equidem
3306 893 3425 946 sine
3451 891 3643 947 dolore

362 989 953 1062 disjuuctionembanc
984 985 1262 1051 fero;sed
1297 994 1480 1038 tamen
1546 982 1689 1044 fero,
1745 981 1875 1035 dum
1943 982 2263 1053 mysterium
2311 986 2421 1054 jam
2468 987 2702 1041 revelari
2776 987 3071 1055 incipiens,
3118 987 3361 1040 divinam
3421 985 3643 1039 faustis-

363 1086 504 1140 sime
536 1082 980 1178 progredientem
1012 1078 1509 1150 dispensationem,
1535 1077 1736 1132 divinae
1764 1078 1819 1131 in
1889 1076 2142 1132 homines
2190 1079 2477 1135 charitatis
2523 1081 2709 1136 radios
2788 1081 2896 1135 late
2936 1083 3145 1136 circum
3206 1082 3447 1148 undique
3525 1093 3644 1133 sese

361 1170 735 1238 eﬂundéntes,
766 1192 831 1230 ac
881 1172 1282 1231 misericordiae
1355 1171 1562 1227 fontem
1607 1170 1881 1225 bonorum
1928 1170 2080 1225 rivos
2146 1172 2422 1228 universis
2472 1174 2529 1230 in
2592 1189 2885 1229 commune
2922 1172 3245 1228 hominibus
3289 1172 3635 1227 emittentem

364 1281 554 1326 cerno.

436 1362 580 1429 Aq'.
613 1357 808 1413 Ἀπιθι
832 1357 1016 1411 τοίνυν
1065 1356 1094 1409 ό
1120 1352 1395 1425 θησαυρὸς
1438 1353 1539 1423 τῆς
1575 1350 1871 1421 σωτηρίας.
1920 1353 1954 1422 ἡ

366 1455 567 1523 σκηνὴ,
613 1446 738 1523 ἕνῇ
792 1451 945 1521 ὁτῆς
992 1449 1316 1519 εὐεργεσίας
1365 1443 1667 1516 ἔταμιεύθη
1702 1445 1958 1507 πλοῦτος.

2127 1351 2369 1409 XXXVI.
2411 1352 2515 1408 Abi
2562 1352 2750 1424 igitur,
2785 1353 2980 1409 salutis
3024 1354 3338 1417 thesaurus,
3385 1354 3644 1408 taberna-

2059 1446 2244 1500 culum
2287 1445 2512 1500 divitias
2552 1446 2860 1501 recondens
2890 1445 3270 1501 bencficentia:
3299 1462 3362 1499 ac
3395 1445 3646 1501 liberali-

370 1543 564 1599 Ἄπιθι
594 1543 655 1597 τδ
681 1542 781 1613 τῆς
809 1542 984 1612 χαρᾶς
1013 1540 1358 1608 εὐαγγέλιον,
1389 1539 1423 1606 ἢ
1467 1536 1808 1606 προκήρυξις
1856 1536 1960 1605 τῆς

2079 1536 2211 1591 ,atis.
2250 1534 2376 1601 Abi,
2425 1534 2603 1590 fausta
2650 1536 2834 1604 gaudii
2870 1535 3243 1602 aununtiatio,
3278 1535 3482 1591 lmtitiae
3511 1551 3644 1605 pro-

366 1635 736 1706 εὐφροσύνης,
787 1631 1163 1705 ήὲπιθυμητὴ
1209 1629 1304 1684 τοῦ
1334 1629 1530 1698 γένους
1566 1627 1867 1697 ἀπεκδοχὴ,
1900 1627 1961 1680 τὸ

2079 1628 2362 1699 uulgatio,
2418 1628 2714 1697 concupita
2767 1629 2986 1697 generis
3041 1630 3214 1683 nostri
3270 1627 3645 1697 exapectatio,

367 1726 741 1796 ⁸ιπολυτίμητον
766 1722 1050 1796 ἐνέχυρον,
1102 1725 1133 1793 ὴ
1182 1721 1463 1791 ἀξιόλογος
1535 1720 1874 1792 καταλλαγὴ,
1922 1720 1955 1791 ὴ

2079 1721 2223 1776 irrha
2260 1718 2679 1790 pretiosissima,
2710 1720 2911 1774 eximia
2940 1721 3341 1784 reconciliatio,
3380 1719 3644 1773 mediatio

368 1819 744 1890 πολυζήτητος
802 1816 1074 1887 μεσιτεία,
1137 1818 1171 1886 ἡ
1235 1814 1567 1884 έλπιζομένη
1650 1813 1954 1885 παρρησία.

372 1917 567 1972 ’Ἄπιθι
595 1912 1030 1985 δεδοξασμένως,
1071 1914 1104 1982 ἡ
1136 1911 1263 1977 δόξα
1295 1911 1394 1979 τῆς
1446 1908 1889 1979 ἀνθρωττότητος.
1922 1908 1955 1977 ἡ

371 2007 535 2079 νοητὴ
560 2005 859 2077 ὡραιότης,
912 2003 976 2057 τὸ
1006 2004 1188 2071 πάσης
1220 2000 1561 2070 εὐπρεπείας
1618 1999 1958 2070 ἐξῃρημένον

371 2099 595 2161 κάλλος,
630 2098 665 2167 ἡ
687 2097 784 2165 τῆς
809 2094 1113 2164 ἁγγελικῆς
1147 2093 1681 2162 ὐπεραστράπτουσα
1706 2088 1959 2159 λαμπρό-

369 2190 601 2261 τητος,ἡ
622 2184 1020 2256 φωτεινοτέρας
1050 2185 1267 2237 πάντων
1291 2183 1630 2254 λαμπτήρων
1663 2183 1960 2249 ἐπαφιεῖσα

369 2283 469 2346 τὰς
497 2282 744 2342 ἀκτῖνας.
771 2277 1013 2346 Πορεύου
1061 2277 1123 2329 τὸ
1152 2275 1535 2346 δυσθεώρητον
1569 2272 1725 2345 ὕψος,
1766 2273 1827 2326 τὸ
1860 2290 1961 2326 πο-

368 2372 679 2440 λύφθογγον
713 2369 981 2439 διήγημα,
1011 2367 1073 2419 τὸ
1093 2366 1315 2436 ἥδιστον
1369 2365 1479 2418 τῶν
1535 2380 1593 2417 σε
1650 2363 1963 2418 ποθούντων

373 2466 574 2535 θέαμα,
597 2461 660 2516 τὸ
692 2461 865 2530 γλυκὺ
901 2460 994 2513 καὶ
1026 2460 1099 2529 μὴ
1142 2458 1435 2527 νοούμενον
1481 2456 1690 2527 θαῦμα.
1743 2456 1959 2519 Ἀπιθι,

372 2558 434 2611 τὸ
457 2556 565 2609 τῶν
590 2554 739 2624 ἐμῶν
776 2550 983 2605 ὠδίνων
1014 2551 1314 2620 ἐγκώμιον,
1359 2549 1423 2602 τδ
1450 2549 1750 2619 σεμνολόγη
1763 2567 1835 2617 μα
1868 2547 1961 2600 τοῦ

371 2648 534 2702 τόκου
556 2662 680 2716 μου,
710 2645 744 2714 ἡ
777 2643 870 2695 τοῦ
896 2642 1253 2713 προελθόντος
1283 2643 1530 2713 κήρυκος
1573 2643 1667 2695 τὸν
1693 2643 1961 2713 κηρυττό-

378 2755 540 2809 μενον
579 2735 947 2808 κυοεροροῦσα,
979 2735 1014 2805 ἡ
1043 2735 1139 2788 τοῦ
1164 2735 1452 2804 τεχθέντος
1505 2734 1840 2803 στρατιώτου
1871 2736 1966 2789 τὶν

380 2830 614 2885 Βασιλέα
638 2829 1000 2898 κα“ι,Κτῐστην
1019 2827 1381 2899 ἐπιφέρουσα.
1408 2827 1653 2897 Πορεύου
1687 2827 1785 2897 τῆς
1820 2845 1962 2881 στειο

380 2922 652 2994 ρωθείσης
709 2919 928 2990 φύσεως
958 2922 992 2990 ἡ
1015 2917 1272 2989 εὐφορία,
1315 2918 1415 2988 τῆς
1446 2920 1505 2972 ἐν
1540 2918 1738 2983 λύπαις
1776 2918 1966 2984 ὠδῖνος

378 3018 413 3086 ή
445 3014 750 3084 ἐλευθερία,
801 3014 949 3095 χαρά
998 3011 1101 3082 τὴν
1150 3011 1252 3083 σὴν
1286 3012 1961 3082 προοδοποιεῖταιᾶφιξιν,

2067 1813 2267 1884 cupide
2314 1811 2575 1882 quaesita,
2611 1820 2831 1882 sperata
2882 1810 3104 1868 fiducia.
3155 1812 3257 1866 Abi
3311 1810 3583 1880 gloriose,
3615 1827 3649 1865 ο

2065 1907 2318 1961 humanae
2344 1906 2515 1977 gloria
2560 1914 2792 1969 naturae,
2825 1916 3090 1961 venustas
3138 1906 3252 1960 sola
3297 1912 3480 1959 mente
3519 1920 3653 1959 con-

2067 1998 2347 2069 spicienda
2371 2040 2385 2062 ,
2421 1998 2669 2069 cujusvis
2704 1997 3138 2068 pulchritudinis
3185 1996 3427 2051 selectos
3461 1994 3652 2057 decor,

2066 2107 2181 2162 prae
2213 2091 2462 2162 angelico
2499 2091 2708 2159 fulgore
2741 2092 3011 2156 renitens,
3046 2107 3108 2144 ac
3138 2089 3439 2144 lucidiorcs
3466 2088 3652 2157 splen-

2068 2183 2295 2238 doribus
2326 2182 2667 2252 quibuslibet
2704 2181 2888 2237 radios
2924 2182 3204 2236 etnittcus.
3244 2180 3366 2244 Abi,
3401 2178 3655 2233 sublimi-

2070 2289 2152 2334 tas
2189 2278 2334 2332 nulla
2385 2278 2671 2331 oculorum
2716 2277 2834 2329 acie
2869 2274 3234 2344 asscqucnda,
3272 2271 3513 2327 narratio
3542 2271 3652 2325 liu-

2069 2372 2191 2443 guis
2231 2370 2476 2424 omnium
2521 2368 2875 2427 celebranda,
2911 2366 3299 2421 suavissimum
3337 2373 3390 2417 te
3429 2362 3654 2417 deside-

2071 2464 2310 2518 rantium
2351 2461 2728 2530 spectaculum
2753 2499 2766 2519 ,
2793 2460 2953 2514 dulce
3000 2468 3055 2513 ct
3098 2455 3414 2528 cogitationi
3452 2455 3656 2524 imper-

2070 2552 2221 2607 vium
2267 2552 2616 2606 miraculum.
2660 2550 2799 2614 Abi,
2852 2565 2884 2602 o
2928 2558 3118 2619 partus
3160 2548 3265 2601 mei
3317 2546 3651 2604 eucomium.

2072 2647 2242 2718 prolis
2273 2661 2407 2699 mea:
2456 2652 2863 2703 ornamentum.
2890 2653 3048 2696 utero
3079 2658 3205 2693 eum
3243 2655 3456 2709 gerens,
3490 2652 3653 2707 quem

2073 2753 2423 2810 prteeurrens
2452 2736 2803 2789 annuntiabit
2838 2750 3042 2805 praeco,
3078 2735 3305 2801 natique
3341 2730 3534 2785 militis
3573 2744 3658 2783 re-

2074 2847 2195 2904 gem
2228 2830 2662 2897 Creatoremque
2692 2826 3109 2881 circumferens.
3148 2824 3272 2887 Abi,
3314 2821 3522 2877 sterilis
3559 2837 3656 2876 ua-

2075 2930 2214 2976 tum
2238 2918 2563 2976 fecunditas.
2602 2917 2810 2970 doloris
2845 2925 3060 2985 partum
3116 2914 3431 2969 comitantis
3465 2928 3657 2966 exem-

2078 3014 2228 3082 ptio;
2268 3011 2410 3066 viam
2450 3009 2675 3064 abeunti
2722 3008 2921 3064 sternit
2955 3007 3241 3079 gaudium,
3279 3021 3502 3078 gressus
3535 3015 3660 3059 tuos

379 3104 691 3176 εὐφροσύνη
717 3104 828 3158 τῶν
861 3103 972 3157 σῶν
1006 3103 1301 3175 προτρέχει
1337 3104 1716 3173 διαδημάτων,
1749 3103 1875 3169 δόξα
1909 3121 1968 3157 σε

2079 3104 2261 3159 laetitia
2300 3102 2615 3172 praecurrit,
2661 3110 2731 3154 te~
2756 3100 2955 3171 gloria,
3002 3100 3211 3154 circum
3261 3097 3504 3167 undique
3538 3097 3659 3151 cin-

384 3196 569 3263 κύκλῳ
611 3193 1113 3265 περιστοιχίζουσα,
1167 3193 1461 3265 δορυφορεῖ
1490 3193 1566 3258 ὡς
1612 3193 1862 3264 βασιλίδι,
1890 3193 1966 3259 ὡς

387 3291 599 3361 μητέρα
629 3286 724 3341 τοῦ
755 3287 992 3341 Κτίστου
1027 3289 1389 3357 κατακοσμεῖ,
1442 3284 1518 3349 ὡς
1555 3286 1844 3339 δέσποιναν
1874 3302 1972 3338 πε-

387 3381 750 3453 ριαστράπτει
778 3382 898 3443 ταῖς
925 3379 1150 3473 χάρισιν
1175 3395 1190 3410 ο
1217 3378 1469 3432 ἐντεῦθεν
1490 3379 1598 3448 ἄρα
1628 3378 1968 3449 εὐλογημένη

389 3491 487 3529 σου
515 3477 549 3545 ἡ
584 3472 886 3544 παρουσία,
916 3465 1012 3525 icit
1039 3470 1404 3541 δεδοξασμένη
1425 3473 1460 3541 ἡ
1492 3470 1796 3542 ἀποδημία.

455 3565 587 3622 AH‘.
636 3566 796 3621 Οὕτω
821 3566 964 3635 τάχα
997 3561 1482 3633 περιπτυσσομένη
1516 3563 1614 3632 τὴν
1642 3562 1970 3633 ὁλοπόθητον

383 3661 420 3731 ἡ
455 3658 766 3721 Ἐλισάδετ,
824 3657 894 3712 τὰ
941 3656 1195 3727 ἑξιτήρια
1224 3654 1578 3726 προσέλεγεν.
1614 3654 1762 3724 Αὐτὴ
1792 3653 1974 3723 δὲτὴν

386 3752 475 3807 in’
500 3751 656 3807 o'i'xou
714 3750 1013 3820 ποιουμένη
1040 3747 1294 3819 πορείαν,
1343 3747 1724 3818 συνοδοιπόρον
1750 3748 1972 3816 ἑαυτῆς,

386 3849 487 3921 τὴν
507 3848 741 3921 διηνεκῆ
773 3846 1085 3915 δοξολογίαν
1121 3845 1425 3914 ἐπεφέρετο
1446 3858 1461 3873 °
1488 3842 1584 3896 καὶ
1630 3842 1743 3912 ὅσῳ
1784 3842 1855 3896 τὰ
1876 3840 1973 3895 τοῦ

390 3938 695 4010 μυστηρίου
723 3941 802 4003 είς
824 3939 884 3992 τὸ
907 3935 1292 4009 φανερώτερον
1322 3932 1518 4005 ἐχώρει
1553 3934 1716 4004 αὐτῇ,
1734 3935 1976 4003 τοσούτῳ

386 4031 487 4101 τὴν
519 4030 870 4101 εὐχαριστίαν
891 4028 1276 4099 γεγωνοτέραν
1307 4026 1622 4097 ἐπεκρότει,
1671 4028 1733 4080 οὐ
1768 4026 1846 4097 τῷ
1878 4045 1974 4098 με-

388 4122 539 4188 γέθει
569 4122 677 4175 τῶν
701 4120 922 4192 δωρεῶν
951 4123 1016 4191 τῇ
1056 4117 1268 4189 διανοίᾳ
1300 4116 1741 4188 μετεωριζομένη
1764 4134 1782 4150 ο
1808 4120 1884 4188 τῷ
1918 4120 1976 4173 δὲ

389 4212 502 4265 τῶν
522 4214 764 4284 χαρίτων
799 4212 1048 4281 ἀναλόγῳ
1087 4210 1235 4282 ὕψει,
1266 4211 1328 4264 τὸ
1377 4211 1608 4282 ἄπειρον
1657 4211 1756 4281 τῆς
1781 4229 1977 4265 ταπει-

397 4305 615 4378 νότητος
662 4306 1104 4375 ἐπιδεικνυμένη.

2077 3212 2230 3268 gens,
2253 3206 2509 3264 tanquam
2540 3194 2809 3265 reginam,
2850 3197 3168 3256 comitatur,
3198 3201 3456 3260 tanquam
3489 3187 3660 3244 Crea-

2077 3292 2217 3346 toris
2262 3289 2486 3343 Matrem
2520 3296 2787 3349 exornat,
2823 3296 3084 3354 tanquam
3128 3283 3403 3336 dominam
3447 3280 3662 3348 fulgen-

2079 3381 2307 3436 tissimis
2342 3378 2651 3434 circumdat
2688 3378 2894 3446 gratiis.
2928 3376 3139 3431 Exinde
3172 3391 3303 3430 sane
3333 3373 3663 3429 benedictus

2075 3477 2348 3533 adventus
2382 3483 2530 3533 tuus.
2557 3486 2613 3529 et
2642 3474 2925 3529 discessus
2957 3482 3084 3526 tuus
3114 3469 3480 3542 glorificatus.

2144 3566 2414 3623 XXXVII.
2456 3565 2619 3621 Hisce
2652 3564 3030 3620 verisimiliter
3059 3561 3293 3617 vocibus
3325 3569 3493 3613 totam
3519 3554 3666 3611 desi-

2080 3661 2385 3717 derabilem
2436 3659 2587 3713 illam
2648 3657 2925 3729 Virginem
2991 3650 3661 3720 Elisabethamplexata,

2078 3752 2376 3807 abeuntem
2418 3758 2708 3818 prosecuta
2743 3757 2847 3803 est.
2885 3748 3007 3816 Ipsa
3039 3762 3171 3803 vero
3215 3743 3439 3796 domum
3475 3754 3666 3795 versus

2083 3845 2191 3900 iter
2220 3843 2450 3905 faciens,
2474 3842 2657 3912 jugem
2686 3839 2780 3894 Dei
2805 3839 3021 3893 laudem
3047 3836 3202 3906 quasi
3233 3833 3338 3888 sibi
3367 3832 3469 3885 viae
3491 3830 3663 3891 comi—

2083 3932 2194 3992 tem
2237 3934 2577 3996 deducebat;
2621 3943 2677 3987 ct
2724 3947 2835 4001 quo
2888 3928 3236 3985 manifestius
3283 3923 3541 3996 mysteria
3584 3920 3662 3975 illi

2084 4030 2501 4094 revelabautur,
2527 4037 2680 4083 tanto
2727 4026 2943 4081 elatiori
2976 4040 3109 4079 voce
3143 4021 3435 4093 plaudens,
3465 4017 3667 4090 gratias

2080 4124 2195 4179 Deo
2220 4123 2441 4192 agebat,
2466 4138 2578 4176 non
2613 4137 2781 4189 supra
2821 4136 2879 4173 se
2918 4119 3093 4188 ipsam
3123 4115 3280 4171 vanis
3314 4110 3666 4183 cogitationi—

2084 4218 2186 4270 bus
2214 4215 2285 4269 ob
2324 4214 2598 4269 donorum
2633 4212 3057 4282 amplitudinem
3088 4214 3263 4263 semet
3302 4206 3541 4274 «rigens.
3568 4200 3664 4257 sed

2084 4316 2469 4362 consentancm
2499 4306 2795 4377 gratiarum
2834 4302 3146 4359 cclsitudini
3179 4297 3451 4355 infinitam
3480 4295 3655 4350 humi

2084 4399 2295 4454 litatem
2332 4398 2713 4470 praeseferens.

708 4528 797 4584 Vl.
833 4526 1012 4601 —_E:c
1034 4536 1225 4598 quarto
1252 4527 1436 4584 Jacobi
1478 4546 1723 4586 monacm
1759 4548 2004 4589 sermone
2040 4534 2097 4589 in
2132 4534 2380 4604 Deiparw
2411 4532 2883 4603 Desponsatiouem
2906 4537 3207 4601 excerptum
3238 4525 3375 4599 (9|).

466 4643 688 4712 Ἐπειδὴ
722 4644 832 4714 γὰρ
875 4644 1189 4715 ἀπόρρητόν
1226 4661 1281 4696 τι
1312 4644 1625 4714 οἰκονομεῖν
1671 4644 1734 4699 τὺ
1766 4646 1969 4718 μυστή·

2154 4645 2617 4716 Quaudoquidem
2669 4644 2739 4698 de
2796 4640 3061 4696 incil'abili
3111 4638 3349 4709 quodam
3404 4633 3671 4705 mysterio

401 4752 514 4806 ριον
553 4736 768 4804 ἔμελλε,
805 4736 901 4788 καὶ
932 4736 1138 4796 πάσαις
1164 4735 1352 4799 ὰΰλοις
1378 4737 1689 4806 Δυνάμεσιν
1717 4738 1988 4807 ἀδιάγνω-

398 4843 523 4880 στον
551 4823 640 4898 ἦν,
664 4825 849 4880 λαθεῖν
886 4824 993 4879 ἔδει
1041 4824 1202 4878 τοῦτο
1239 4828 1458 4890 πάντως
1492 4828 1584 4881 τὸν
1617 4829 1857 4898 ἄρχοντα
1886 4826 1983 4881 τοῦ

399 4918 626 4981 σκότους
681 4917 777 4971 καὶ
804 4918 932 4980 τοὺς
966 4915 1158 4969 τούτου
1206 4918 1644 4981 συναποστάτας.
1676 4922 1741 4973 Ὃ
1772 4921 1867 4973 καλ⁸
1898 4921 1986 4989 δη-

397 5009 533 5079 λαδὴ
559 5009 658 5062 καὶ
686 5010 1136 5081 ἐκπεπλήρωται.
1167 5009 1330 5062 Ὅθεν
1365 5009 1469 5061 τῶν
1502 5010 1782 5078 μυστικῶς
1822 5014 1881 5064 ὲν
1912 5011 1990 5082 τῷ

402 5099 516 5171 ναῷ
565 5099 928 5156 τελεσθέντων
985 5101 1153 5173 μηδὲν
1213 5104 1241 5154 ὁ
1302 5101 1568 5172 τύραννος
1619 5106 1989 5173 κατανοήσας,

404 5192 577 5262 μόνην
618 5192 720 5263 τὴν
772 5194 1040 5262 ἀμίαντον
1090 5197 1458 5263 παρετηρεῑτο
1506 5195 1748 5265 Μαρίαν.
1808 5196 1992 5266 Ἐώρα

405 5280 516 5352 γὰρ
536 5283 706 5353 αὐτῆς
736 5284 1016 5354 ἁνωτέραν
1047 5285 1147 5351 τῆς
1178 5284 1399 5353 φύσεως
1435 5280 1625 5349 οὖσαν,
1658 5290 1754 5340 καὶ
1778 5289 1989 5357 ἀπροσ-

408 5373 676 5427 πέλαστον
711 5376 886 5448 πάντη
910 5380 1032 5440 ταῖς
1066 5378 1231 5430 αὐτοῦ
1256 5377 1664 5448 κακοτεχνίαις.
1695 5379 1787 5432 Διὸ
1824 5396 1994 5450 προσ·

408 5459 628 5515 ϐάλλειν
678 5463 844 5535 ταύτῃ
905 5465 978 5536 μὴ
1022 5467 1247 5537 ίσχύων,
1315 5468 1451 5536 μηδὲ
1481 5467 1653 5536 ψιλῶς
1703 5469 1795 5522 τὸν
1822 5470 1994 5539 αὐτῆς

408 5554 791 5624 ὑπεράμωμον
840 5556 964 5609 νοῦν
1022 5560 1377 5630 περιδονῆσαι
1436 5559 1758 5628 δυνάμενος,
1820 5561 1992 5631 αὐτὴν

406 5649 765 5721 περιεσκόπει
821 5648 1011 5720 μόνην.
1073 5651 1240 5706 Ὅθεν
1296 5652 1512 5725 τρανῶς
1558 5652 1653 5707 τοῦ
1709 5654 1899 5723 ἱερέως
1921 5655 1993 5708 τά

482 5828 596 5903 (9i)
628 5829 706 5888 Ex
774 5826 911 5887 Cod,
951 5827 1125 5886 Grec.
1175 5832 1347 5891 Vatic.
1395 5833 1557 5902 “62,
1594 5831 1689 5890 fol.
1726 5832 1789 5888 9|
1836 5781 1982 5888 vers.

2079 4738 2427 4808 disponendo
2464 4738 2765 4805 agebatur,
2797 4736 2905 4789 hoc
2945 4741 3131 4787 autem
3169 4732 3552 4785 internoscere
3579 4741 3677 4779 nc-

2083 4845 2192 4900 que
2238 4829 2335 4884 ulli
2371 4844 2444 4904 ex
2490 4826 2836 4896 incorporeis
2890 4823 3193 4878 virtutibus
3239 4819 3427 4873 datum
3475 4817 3673 4879 fuerat,
3750 4850 3775 4873 δ

2093 4923 2269 4977 multo
2297 4920 2469 4991 magis
2499 4919 2815 4990 oportebat,
2848 4927 2910 4972 ut
2942 4918 3049 4971 hoc
3076 4916 3221 4969 idem
3256 4912 3564 4983 principem
3592 4920 3674 4965 tc-

2089 5016 2387 5069 nebrarum
2422 5021 2478 5067 et
2520 5011 2840 5065 rebellionis
2868 5011 2988 5080 ejus
3031 5008 3213 5063 socios
3256 5007 3472 5061 lateret.
3504 5004 3675 5073 quue

2093 5106 2277 5175 reipsa
2338 5104 2541 5159 factum
2601 5112 2701 5158 est.
2759 5103 3028 5169 Quocirca
3082 5112 3348 5171 tyrannus
3396 5098 3486 5151 ille
3538 5095 3677 5150 nihil

2091 5212 2308 5263 eorum,
2328 5212 2449 5267 quae
2468 5196 2521 5250 in
2544 5195 2750 5264 templo
2784 5194 3011 5265 mystice
3030 5191 3481 5262 perficieliantur,
3505 5190 3678 5243 anim-

2087 5287 2422 5352 advertens,
2489 5284 2660 5340 solam
2736 5283 3144 5337 immaculatam
3211 5278 3439 5334 Mariam
3500 5276 3683 5345 pravis

2090 5379 2208 5433 suis
2244 5378 2491 5433 intentus
2530 5376 2781 5433 consiliis
2809 5375 3162 5430 observabat.
3196 5373 3327 5425 Eam
3373 5370 3522 5424 enim
3557 5383 3679 5419 cer-

2092 5469 2561 5524 nebatcommuni
2600 5467 2987 5522 sublimiorem
3016 5464 3359 5521 conditione.
3393 5456 3681 5528 pessimis-

2089 5577 2197 5632 que
2240 5560 2356 5615 suis
2395 5560 2613 5615 technis
2660 5574 2893 5629 prorsus
2920 5559 3279 5611 inaccessam.
3311 5550 3448 5605 Cum
3491 5548 3680 5614 itaque

2091 5652 2299 5709 adoriri
2336 5666 2458 5709 eam
2509 5667 2618 5707 nou
2652 5654 2885 5716 valeret,
2929 5649 3287 5717 animumque
3326 5642 3447 5713 ejus
3486 5639 3683 5693 imma-
