4036 6474
350 403 464 472 699

1123 396 1389 461 JACOBI
1431 394 1784 458 MONACHI
1852 394 1930 454 ΙΝ
1989 393 2094 454 SS.
2136 393 2335 455 DEIP.
2394 392 2855 456 DESPONSAT.

3529 389 3644 454 700

353 516 763 575 culatissimum
823 528 893 569 ne
950 511 1240 566 minimum
1299 507 1525 580 quidem
1594 518 1947 561 commovere

2072 504 2175 558 tat’
2198 505 2370 575 αὐτὴν
2402 505 2712 576 μυουμένου
2740 506 3047 575 μυστήρια,
3076 504 3233 560 οὐδὲν
3258 505 3287 560 ὁ
3309 504 3412 574 τῆς
3441 505 3646 568 κακίας

357 621 576 680 posset,
630 610 804 677 ipsam
875 614 1089 659 tantum
1163 612 1377 659 attente
1436 596 1942 669 circumspiciebat.

358 702 500 756 lliuc
532 701 662 755 licet
691 698 973 770 mysteria,
1006 711 1129 766 quae
1158 695 1224 750 ad
1256 695 1403 749 illam
1434 691 1779 764 spectabant,
1799 688 1945 744 clare

359 789 632 845 sacerdoti
677 788 1082 850 revelarentur,
1116 786 1254 841 nihil
1289 799 1481 840 eorum
1516 782 1789 844 omnium,
1823 794 1947 850 qua:

2057 596 2293 665 συνῆκεν
2348 596 2582 665 εὐρέτης
2635 597 2756 650 οὐδὲ
2803 596 2915 650 τῶν
2985 596 3311 667 χρωμένων,
3346 595 3472 650 οὔτε
3531 597 3650 651 τῶν

2054 686 2453 755 πραττομένων
2476 702 2489 717 ⁸
2520 688 2615 741 καὶ
2646 687 2746 759 τὴν
2770 689 2869 758 μὲν
2902 688 3181 760 Παρθένον
3204 688 3453 750 ἐσκόπει,
3481 689 3551 742 τὰ
3585 689 3650 742 δὲ

2056 794 2121 828 πε
2133 778 2187 846 pl.
2224 776 2433 847 ταύτην
2467 778 2683 848 Ιηγνόει.

357 880 474 935 sive
505 895 604 950 per
634 879 917 933 oraculum
948 877 1449 933 manifestabuntur
1510 875 1629 929 sive
1690 873 1835 928 facto
1896 868 2345 939 complebantur,
2400 868 2709 936 intellexit;
2736 879 2796 927 et
2820 871 2877 926 in
2900 870 3183 943 Virginem
3211 869 3435 942 quidem
3466 869 3652 925 inten-

362 980 447 1027 tos
478 971 669 1026 oculos
701 970 979 1034 habebat;
1013 970 1108 1024 sed
1145 969 1303 1032 nihil,
1331 967 1480 1039 quod
1514 966 1580 1021 ad
1611 967 1785 1036 ipsam
1821 963 2150 1034 pertineret,
2180 969 2439 1019 noverat.

433 1061 783 1131 Quapmpter
827 1074 978 1114 nunc
1028 1062 1207 1130 ipsum
1263 1059 1396 1113 mihi
1440 1066 1754 1129 opportune
1800 1054 1954 1111 subit

2088 1072 2091 1073 ν
2122 1052 2213 1108 Διδ
2239 1054 2333 1106 καὶ
2354 1051 2450 1107 νῦν
2475 1052 2751 1124 εὐκαίρως
2771 1070 2863 1125 μοι
2891 1053 2987 1107 νῦν
3010 1054 3398 1124 ἐπεισέρχεται
3430 1058 3496 1126 τῇ
3522 1062 3651 1109 του⁸

364 1153 810 1209 imbecillitatem
859 1151 1010 1207 illius
1057 1151 1316 1216 irridere,
1345 1164 1585 1218 eumque
1632 1145 1953 1220 huiusmodi

2072 1161 2146 1197 που
2169 1144 2568 1211 καταπαίζοντι
2590 1146 2871 1217 ἁδρανείᾳ,
2903 1145 3130 1201 τοιαῦτα
3155 1147 3292 1217 πρὸς
3322 1147 3490 1200 αὐτὸν
3508 1148 3651 1200 ἀπο-

364 1246 531 1300 dietis
572 1244 909 1314 compellare
938 1260 950 1294 :
985 1243 1246 1307 Ubinam,
1281 1257 1315 1296 ο
1358 1251 1613 1313 tyranne,
1646 1252 1779 1295 sunt
1825 1254 1955 1293 ver-

372 1336 536 1392 sutia:
585 1334 734 1391 tum?
776 1335 875 1391 Ubi
911 1335 1110 1389 stolida
1155 1334 1248 1388 illa
1288 1333 1546 1405 gloriatio
1590 1342 1682 1387 tua
1730 1339 1958 1402 propter

370 1426 728 1482 rebellionem
759 1425 1026 1481 adversus
1057 1426 1229 1480 Deum
1252 1425 1275 1479 ?
1297 1424 1533 1481 Ubinam
1560 1424 1651 1479 ille
1680 1422 1977 1503 jactautite

373 1526 479 1571 tua:
513 1515 724 1571 fastus?
752 1514 1041 1583 Quomodo
1077 1516 1215 1586 ipse,
1259 1514 1355 1586 qui
1391 1530 1561 1585 super
1614 1523 1760 1569 astra
1809 1513 1963 1567 thro-

371 1623 503 1663 num
546 1616 699 1662 tuum
739 1608 983 1679 ponebas
1014 1607 1081 1675 “,
1118 1606 1517 1679 abjectioribus
1546 1605 1819 1661 creaturis
1860 1604 1962 1659 ab-

365 1701 570 1773 jectior
609 1702 877 1757 evasisti?
909 1700 1200 1768 Quomodo
1233 1710 1313 1764 tu,
1346 1702 1440 1771 qui
1481 1699 1553 1755 ob
1586 1698 1836 1755 stultitia:
1863 1715 1962 1753 ex-

371 1809 614 1859 cessum,
667 1802 721 1849 te
771 1794 950 1865 ipsum
1002 1793 1288 1849 Altissimo
1343 1792 1461 1848 fore
1498 1791 1735 1848 similem
1779 1791 1960 1862 jacta-

374 1882 445 1938 sti
476 1883 542 1949 ³⁷,
569 1899 640 1939 ne
678 1898 802 1938 cum
842 1883 991 1939 illius
1018 1883 1240 1954 quidem
1272 1883 1544 1939 creaturis
1588 1897 1777 1952 parem
1808 1897 1961 1937 asse-

372 1984 539 2032 cutus
580 1990 641 2031 es
671 1977 1058 2047 prudentiam?
1082 1975 1185 2042 Qui
1236 1977 1386 2030 velut
1425 1976 1618 2029 nidum
1655 1974 1964 2046 arripiehas

376 2068 692 2122 universam
730 2077 955 2131 terram,
997 2068 1278 2139 quomodo
1336 2066 1493 2121 illico
1536 2066 1834 2135 absorptus
1873 2064 1966 2120 es?

375 2157 481 2224 Qui
511 2159 684 2228 ipsam
712 2167 905 2224 totam,
936 2169 1195 2230 tanquam
1227 2174 1329 2215 ova
1357 2158 1645 2221 derelicta,
1671 2157 1963 2213 defensore

377 2250 629 2305 orbatam
663 2259 717 2307 te
747 2262 1148 2324 occupaturum
1180 2251 1528 2323 gloriabaris,
1555 2249 1835 2322 quomodo
1870 2265 1968 2319 per

381 2355 653 2395 summam
689 2341 1023 2397 dementiam
1065 2353 1261 2412 captus
1292 2342 1407 2412 ipse
1437 2342 1530 2397 es?
1556 2341 1673 2396 Non
1712 2340 1968 2395 adverte-

383 2430 484 2486 bas
511 2432 783 2495 animum,
812 2448 939 2488 cum
969 2432 1209 2495 videres,
1242 2433 1306 2488 ad
1342 2432 1578 2504 Virginis
1606 2430 1969 2504 mysterium?

382 2523 505 2579 Non
547 2538 802 2587 noveras,
839 2534 1114 2595 quotquot
1149 2525 1371 2580 fuerant
1404 2525 1694 2579 hominum
1737 2539 1969 2595 genera-

385 2615 597 2683 tiones,
647 2633 931 2686 nuuquam
988 2618 1262 2688 ejusmodi
1327 2617 1567 2673 fructum
1637 2614 1970 2686 protulisse?

383 2707 581 2764 Nonne
628 2709 682 2763 in
731 2711 1044 2765 universam
1096 2709 1383 2765 hominum
1434 2710 1752 2781 progeniem
1809 2709 1970 2764 malis

385 2813 549 2857 utens
581 2803 799 2859 artibus
835 2803 906 2858 ab
948 2802 1109 2858 initio
1151 2802 1401 2859 iuvasisti
1440 2802 1598 2872 (92)?
1631 2801 1768 2857 Nam
1806 2800 1971 2856 verba

387 2903 481 2949 tua
503 2903 653 2958 sunt,
683 2912 805 2965 quae
846 2896 1025 2968 palam
1070 2896 1125 2952 id
1148 2895 1380 2959 faciunt,
1415 2905 1715 2966 utcumque
1746 2909 1970 2949 causam

387 2988 733 3059 praetermitti
782 2991 1050 3046 volucris.
1089 2990 1283 3045 Dixisti
1312 2989 1462 3044 enim
1500 2988 1751 3045 Creatori
1792 3005 1806 3042 :
1848 2986 1975 3042 Ter-

388 3096 509 3134 ram
536 3096 768 3148 omnem,
805 3098 923 3154 qua:
946 3084 1040 3138 sub
1077 3082 1205 3137 calo
1236 3091 1333 3148 est,
1366 3082 1581 3136 circuitu"
1608 3082 1674 3134 ⁸⁸.
1710 3080 1886 3136 Porro
1928 3079 1997 3133 si.

389 3170 486 3241 qui
523 3172 576 3228 id
602 3174 764 3239 dixit,
798 3175 940 3229 alius
969 3174 1245 3247 quispiam
1277 3182 1446 3237 esset,
1474 3179 1531 3226 ct
1560 3169 1627 3224 ad
1662 3169 1769 3223 hoc
1799 3170 1974 3238 ipsum

389 3264 832 3321 confirmandum
863 3268 1058 3322 alienis
1093 3274 1381 3321 uteremur
1410 3262 1766 3327 testimoniis,
1806 3260 1975 3316 habe-

392 3372 482 3413 res
507 3357 760 3425 fortasse,
782 3374 894 3428 quo
918 3358 1241 3414 mendacem
1269 3355 1646 3411 defensionem
1672 3352 1976 3426 praetende-

392 3463 505 3504 res.
547 3448 654 3504 Sed
689 3451 976 3521 quoniam,
1022 3450 1157 3521 ipsis
1189 3449 1300 3505 tuis
1317 3448 1503 3505 verbis
1518 3456 1732 3518 captus,
1767 3446 1976 3500 insolu-

396 3539 602 3595 bilibus
634 3540 877 3596 vinculis
902 3540 1243 3596 constrictus
1266 3556 1348 3606 es,
1381 3538 1510 3592 hinc
1540 3536 1803 3608 aufugerc
1826 3535 1981 3590 nullo

394 3631 560 3687 modo
589 3643 766 3704 potes.
800 3632 1089 3699 Quodnam
1120 3632 1308 3702 igitur,
1340 3648 1466 3687 cum
1505 3631 1688 3685 omnia
1714 3628 1980 3683 scelerate

396 3724 713 3791 invaderes,
742 3726 1099 3795 purissimum
1123 3723 1393 3795 ejusmodi
1419 3722 1701 3778 eimelium
1738 3734 1979 3789 unquam

396 3816 635 3884 novisti,
681 3817 994 3890 cuiusmodi
1045 3815 1663 3887 incomprelieusibilem
1717 3814 1858 3867 hanc
1899 3811 1980 3865 vi-

397 3906 527 3963 disti
563 3909 868 3975 virginem?
908 3908 1271 3981 Inspexistine
1318 3918 1427 3963 tam
1462 3906 1787 3977 praeclarum
1819 3904 1982 3957 inno—

397 4002 593 4056 centia:
644 4002 969 4058 thesaurum
1017 4004 1073 4056 in
1113 4002 1357 4056 humana
1389 4010 1584 4054 natura
1641 3995 1986 4052 latitantem?

398 4093 772 4151 Advertistine
800 4097 869 4151 ad
904 4104 1087 4151 tantas
1108 4095 1382 4150 virtutum
1415 4093 1640 4147 divitias
1669 4091 1723 4145 in
1762 4090 1874 4145 ullo
1898 4104 1986 4145 eo-

400 4201 549 4251 rum,
596 4185 864 4242 adversus
905 4203 1046 4258 quos
1086 4203 1186 4258 per
1231 4185 1461 4242 insidias
1492 4182 1739 4239 irruisti?
1781 4182 1985 4238 Occur-

400 4279 547 4330 ritue
594 4276 693 4331 tibi
743 4293 987 4347 unquam
1038 4293 1244 4348 corpus
1284 4287 1436 4331 tanta
1483 4274 1723 4347 puritate
1766 4272 1988 4328 nitens?

401 4366 617 4423 Novisti
667 4383 909 4437 unquam
953 4369 1194 4423 animam
1232 4376 1340 4423 tam
1379 4366 1811 4429 immaculatam,
1846 4374 1987 4419 tam-

2055 1235 2333 1306 φήνασθαι
2348 1253 2364 1270 ·
2388 1236 2498 1290 Ποῦ
2515 1239 2642 1291 ποτέ
2659 1239 2800 1291 είσιν
2816 1239 2874 1292 αί
2891 1238 3220 1307 πανουργίαι
3240 1256 3357 1302 σου,
3373 1239 3605 1309 τύραννε
3629 1257 3649 1306 ;

2058 1328 2162 1381 ποῦ
2198 1329 2259 1382 τὸ
2304 1329 2518 1399 ἠλίθιον
2568 1333 2669 1400 τῆς
2742 1330 2886 1386 κατὰ
2927 1331 3025 1384 τοῦ
3050 1332 3188 1386 Θεοῦ
3218 1334 3651 1399 ἐπαναστάσεως

2060 1420 2328 1491 καύχημά
2363 1439 2496 1489 σου;
2540 1422 2644 1476 ποῦ
2670 1424 2730 1477 τὸ
2759 1424 2859 1495 τῆς
2878 1424 3201 1489 ἀλαζονείας
3232 1442 3327 1479 σου
3359 1426 3651 1497 φρὶαγμα;

2060 1507 2183 1571 Πῶς
2214 1511 2242 1563 ὁ
2268 1510 2359 1563 τὸν
2380 1511 2569 1582 θρόνον
2595 1513 2784 1567 ἐπάνω
2809 1516 2917 1568 τῶν
2952 1515 3173 1585 ἄστρων
3220 1517 3418 1580 τιθεὶς,
3448 1534 3652 1572 ταπει-

2058 1601 2279 1671 νότερος
2334 1601 2583 1675 ἐδείχθης
2612 1605 2723 1659 τῶν
2762 1606 3091 1678 κατωτέρων
3124 1610 3487 1679 utendum;
3530 1611 3653 1676 πῶς

2059 1693 2089 1745 ὁ
2120 1692 2332 1763 μωρίας
2354 1694 2630 1767 ὑπερϐολῇ
2662 1697 2849 1767 ὅμοιον
2868 1699 3064 1753 ἑαυτὸν
3095 1699 3173 1769 τῷ
3210 1699 3455 1771 ’Υψίστῳ
3484 1703 3652 1773 γενή-

2065 1786 2258 1839 σεσθαι
2312 1788 2517 1857 φήσας,
2553 1790 2691 1860 πρὸς
2722 1791 2845 1861 ῐσην
2875 1792 2985 1845 τῶν
3024 1791 3192 1845 αὐτοῦ
3226 1793 3657 1865 δημιουργημά-

2066 1894 2174 1929 των
2226 1874 2328 1931 οὐκ
2378 1877 2586 1948 ῆλασας
2639 1880 2943 1951 φρόνησιν;
2982 1882 3044 1936 Ὀ
3075 1881 3174 1953 τὴν
3200 1884 3534 1954 οἰκουμένην
3577 1885 3655 1948 ὡς

2068 1971 2321 2023 νεοσσιὰν
2349 1969 2809 2042 καταλαμϐάνων,
2845 1973 2962 2037 πῶς
2984 1974 3296 2045 κατεπόθης
3339 1976 3578 2046 ἀθρόονς
3628 1980 3656 2031 ὁ

2069 2060 2252 2113 πᾶσαν
2274 2061 2446 2130 αὐτὴν
2473 2061 2938 2132 ἁπροστάτευτον,
2972 2063 3046 2126 ὡς
3075 2061 3158 2117 ὼὰ
3198 2064 3656 2136 καταλελειμένα,

2069 2153 2248 2220 αἱρεῖν
2277 2153 2551 2224 αὐχήσας,
2575 2152 2694 2217 πῶς
2715 2153 2964 2224 ὲκλάπης
2998 2155 3186 2218 ἀνοίας
3233 2156 3509 2228 ὑπεροχῇς
3544 2158 3661 2211 Οὐκ

2071 2247 2326 2310 ἐνενόεις,
2375 2246 2524 2319 ὁρῶν
2553 2250 2613 2302 τὸ
2650 2250 2752 2320 τῆς
2815 2251 3104 2321 Παρθένου
3157 2252 3503 2322 μυστήριον;
3559 2253 3661 2306 οὐκ

2070 2339 2240 2411 ᾕδεις,
2263 2340 2345 2394 ὅτι
2377 2341 2621 2397 τοιοῦτον
2653 2344 2868 2414 καρπὸν
2898 2345 2956 2399 αἱ
2991 2347 3165 2400 πᾶσαι
3211 2346 3401 2413 γενεαὶ
3424 2345 3534 2400 τῶν
3562 2346 3663 2399 ἀν-

2074 2429 2315 2501 θρώπων
2335 2430 2436 2484 οὐκ
2460 2431 2733 2503 ἧνεγκανς
2760 2433 2821 2486 ού
2852 2436 3014 2488 παντὶ
3037 2435 3283 2506 γεννητῴ
3313 2437 3662 2506 κακοτεχνῶν

2074 2521 2318 2592 ἀρχῆθεν
2372 2522 2757 2595 ἑνέσκηπτεςς
2819 2525 2913 2579 καὶ
2969 2526 3080 2598 γὰρ
3134 2527 3227 2591 σός
3274 2528 3664 2582 ἐστινότοῦτο

2076 2613 2361 2684 παριστῶν
2419 2614 2601 2685 λόγος,
2644 2616 2749 2670 κᾶν
2805 2616 3130 2687 βουληθείης
3194 2617 3661 2690 παραγράψασθαι

2074 2707 2174 2778 τὴν
2201 2708 2382 2761 αἰτίαν
2405 2724 2420 2738 ⁸
2446 2707 2784 2777 Περιῆλθον
2808 2709 2939 2780 γὰρ,
2970 2709 3049 2780 τῷ
3070 2711 3424 2782 Δημιουργῷ,
3455 2711 3665 2765 πᾶσαν

2077 2801 2193 2867 τὴν
2220 2802 2616 2871 ὑπουράνιον,
2643 2803 2869 2873 ἔφησας.
2898 2804 2960 2858 Εί
2989 2805 3089 2875 μὲν
3117 2801 3213 2859 οὖν
3234 2806 3393 2870 ἄλλος
3414 2801 3482 2876 ἦν
3506 2804 3667 2859 τοῦτο

2077 2894 2263 2961 λέξας,
2304 2895 2400 2949 καὶ
2434 2896 2770 2967 μαρτυρίαις
2810 2898 3030 2970 ἑτέραις
3084 2898 3224 2967 πρὸς
3271 2897 3371 2969 τὴν
3407 2899 3666 2967 τοιαύτην

2078 2987 2455 3059 ἀπεχρώμεθα
2484 2988 2774 3056 σύστασιν,
2803 2986 2949 3061 εἶχες
2981 2990 3047 3046 ἂν
3068 2991 3148 3062 τῷ
3172 2992 3362 3062 ψεύδει
3389 2993 3667 3063 προφασί-

2082 3080 2283 3135 σασθαι
2310 3084 2408 3152 τὴν
2431 3082 2770 3150 ἀντιλογίαν.
2809 3084 2967 3139 Ἐπεὶ
2997 3084 3053 3137 δὲ
3082 3087 3196 3148 τοῖς
3222 3087 3333 3149 σοῖς
3367 3085 3669 3155 ἁλισκόμε-

2001 3195 2046 3258 C
2082 3188 2171 3237 vo;
2225 3171 2429 3243 λόγοις,
2475 3173 2698 3244 δεσμοῖς
2755 3177 2979 3241 ἀλύτοις
3032 3176 3247 3230 δέδεσαι
3300 3177 3670 3247 πανταχόθεν,

2079 3265 2365 3335 ἀμήχανόν
2396 3282 2457 3318 σε
2490 3265 2648 3319 τοῦτο
2675 3266 2984 3338 διαδράναι.
3018 3268 3084 3321 Τί
3129 3263 3245 3331 οὖν,
3294 3268 3467 3322 ἅπασι
3501 3284 3672 3336 πονη-

2081 3356 2193 3429 ρῶς
2222 3356 2540 3423 ἐπιϐαίνων,
2587 3358 2762 3428 ἔγνως
2815 3357 3058 3413 τοιοῦτόν
3090 3376 3222 3413 ποτε
3279 3358 3671 3429 καθαρώτατον

2081 3452 2398 3522 κειμήλιον,
2429 3448 2617 3507 ὁποῖον
2645 3455 2746 3523 τὴν
2775 3454 3156 3525 ἀκατανόητον
3183 3452 3464 3524 Παρθένον
3495 3454 3671 3519 ἑώρα-

2082 3561 2215 3611 κας;
2250 3540 2403 3609 Εἶδες
2451 3544 2709 3600 τοσοῦτον
2738 3548 2964 3616 ἁγνείας
3002 3546 3281 3619 θησαυρὸν
3338 3549 3398 3598 ἑν
3453 3546 3669 3615 ἀνθρω-

2082 3638 2214 3707 πεία
2238 3638 2620 3708 κρυπτόμενον
2635 3639 2797 3708 φύσει
2821 3656 2836 3706 ;
2860 3638 3170 3710 Προσέσχες
3194 3637 3410 3710 ἀρετῶν
3429 3639 3669 3705 τοσοὶτῳ

2085 3728 2301 3798 πλούτῳ
2352 3731 2439 3799 ἐφ’
2493 3730 2641 3794 ὅσοις
2692 3730 2884 3794 δολίως
2925 3730 3271 3800 ὲνὲσκηψαςς
3327 3729 3669 3800 Προσὲδαλες

2084 3820 2352 3890 ἀνεπάφφ
2375 3820 2509 3875 ποτὶ
2527 3822 2754 3890 τοιούτῳ
2787 3821 3038 3891 σώματις
3092 3822 3306 3890 Ἐγνως
3334 3819 3672 3890 ἀκηλίδωτον

2084 3911 2342 3979 τοιαύτην
2366 3912 2565 3985 ψυχὴν,
2605 3915 2701 3968 καὶ
2734 3917 2855 3977 ταῖς
2882 3914 3171 3986 δπηρείαις
3204 3931 3299 3968 σου
3320 3910 3671 3984 ἀπροσπέλα-

2089 4018 2258 4066 στον;
2300 4002 2472 4057 Οὐδέν
2528 4021 2660 4059 ποτε
2707 4004 2955 4060 τοιοῦτον
3003 4008 3061 4059 ιν
3127 4007 3362 4075 γεννητῇ
3415 4001 3676 4056 τεθέασαι

2089 4091 2272 4160 φύσει.
2305 4093 2430 4157 Πῶς
2459 4093 2554 4148 οὖν
2581 4094 2873 4167 ἐσκοτίσθη
2901 4112 2996 4150 σου
3033 4095 3101 4150 τὰ
3130 4094 3676 4171 μηχανήματαςπῶς

2089 4182 2150 4235 τδ
2177 4182 2486 4253 πανοῦργον
2523 4201 2617 4239 σου
2647 4188 2727 4250 είς
2747 4185 2949 4259 ἄεργον
2994 4186 3333 4257 imitation;
3380 4184 3502 4248 πῶς
3537 4184 3680 4238 κατὰ

2089 4271 2192 4342 τῆς
2231 4275 2330 4345 σῆς
2363 4277 2597 4347 καρδίας
2619 4277 2687 4330 τὰ
2723 4278 3104 4350 πεπυρωμένα
3134 4295 3229 4333 σου
3276 4277 3497 4346 πέπηγε
3524 4274 3676 4346 βέλη.

2093 4367 2189 4417 καὶ
2241 4366 2457 4436 βλέπων
2502 4368 2564 4421 ού
2626 4370 2935 4434 κατενόεις,
2994 4374 3087 4424 καὶ
3134 4369 3534 4440 μηχανώμενος
3580 4367 3678 4438 οὐχ

400 4474 511 4530 que
559 4461 976 4516 incursionibus
1016 4462 1126 4517 tuis
1162 4460 1519 4531 impervium?
1548 4459 1698 4514 Nihil
1740 4472 1970 4529 unquam

2095 4457 2304 4529 ἑώραςς
2352 4459 2562 4522 Ὄντως
2623 4461 2945 4532 ὲματαιώθη
2981 4478 3075 4515 σου
3126 4462 3191 4516 τὸ
3242 4460 3532 4533 φρύαγμα,
3586 4462 3681 4514 καὶ

405 4553 513 4609 ta'e
554 4553 608 4608 in
653 4554 913 4610 humanis
958 4554 1418 4626 generationibus
1455 4552 1663 4607 vidisti.
1697 4550 1970 4618 Quomodt

2099 4551 2286 4619 μῶρον
2314 4548 2456 4605 εἶναι
2490 4553 2557 4623 τῇ
2587 4553 2847 4624 ἀσθενείᾳ
2878 4554 3177 4630 δέδεικται.

404 4654 555 4700 artes
593 4654 701 4700 tuae
743 4646 948 4701 nullam
991 4644 1224 4702 nocendi
1271 4643 1418 4699 viam
1468 4643 1699 4699 vident?
1735 4641 1985 4709 Qomodo
2023 4640 2249 4697 solertia
2298 4649 2393 4697 tua
2472 4640 2527 4697 in
2573 4643 2951 4700 omnimodam
3021 4645 3275 4701 inertiam
3306 4645 3506 4701 desiit?
3532 4644 3681 4712 Quo-

404 4742 571 4797 modo
602 4743 771 4815 ignita
788 4744 973 4816 jacula
1005 4752 1097 4798 tua
1134 4742 1189 4798 iu
1224 4758 1322 4800 eor
1350 4752 1505 4798 tuum
1538 4740 1715 4796 deﬁxa
1749 4749 1900 4806 sunt,
1966 4748 2025 4795 et
2057 4738 2190 4795 dum
2218 4742 2424 4805 cernis,
2455 4757 2568 4797 non
2607 4742 2893 4814 intelligis,
2953 4751 3011 4799 et
3052 4744 3182 4799 dum
3211 4743 3437 4799 fraudes
3480 4745 3678 4813 agitas.

404 4839 564 4908 plane
590 4855 652 4896 es
679 4841 1053 4898 GECtlS?V6I'e
1076 4857 1254 4896 vanus
1278 4839 1513 4896 eﬂ'ectus
1537 4849 1623 4894 est
1643 4838 1818 4894 fastus
1843 4848 1991 4905 tuus,
2035 4855 2102 4897 ae
2132 4840 2345 4897 fatuum
2375 4857 2503 4899 eum
2533 4856 2656 4900 esse
2680 4857 2750 4899 ex
2778 4839 3161 4898 imbecillitate
3195 4845 3383 4912 aperte
3408 4837 3608 4909 patuit.

475 4981 523 5014 “
551 4982 785 5049 lsa.xrv,
819 4981 909 5037 i5.
980 4981 1025 5016 ⁸⁷
1058 4979 1202 5038 Ibid.
1234 4980 1321 5037 Η.
1396 4981 1442 5014 ⁸⁸
1468 4979 1596 5037 Job.
1627 4995 1667 5046 ι,
1694 4983 1748 5036 7.

480 5134 592 5202 (92»
619 5134 703 5206 Ah
734 5133 896 5206 initio
920 5133 1179 5191 videlicet
1209 5149 1336 5192 cum
1374 5140 1801 5206 protoparentes
1860 5132 2092 5190 Satanas
2148 5145 2248 5203 per
2281 5129 2532 5187 fraudem
2566 5129 2808 5205 decepit,
2879 5129 3062 5204 reipsa
3126 5127 3403 5185 universa:
3430 5123 3689 5180 humana:

404 5204 695 5278 ιιι-θεοειὶοὶ
722 5205 939 5261 ruinam
973 5206 1208 5277 paravit.
