4036 6422
328 396 3583 441 W

1686 593 1827 634 ANNO
1859 594 2050 636 DOlliNl
2077 594 2185 636 ιιθν

873 785 1784 1023 PHILIPPUS
2008 783 2467 1019 811111

1418 785 1784 1020 ῬΡΙΙδ
2008 783 3012 1029 SOLI’PAPIUS

1248 1374 1829 1471 MONITUM
1898 1439 1909 1447 -
1979 1373 2619 1471 EDITORUM

388 1593 541 1664 Opus
570 1591 789 1666 Dioptra
816 1591 1142 1661 inscriptum
1163 1589 1412 1646 Blicliacii
1429 1586 1608 1647 Pscllo
1629 1601 1685 1647 et
1702 1586 1958 1661 Symeoni
1978 1592 2357 1662 Metaphrastae
2380 1610 2667 1666 perperam
2684 1596 2979 1666 ascriptum
2997 1605 3114 1662 est;
3139 1605 3417 1651 auctorem
3443 1596 3592 1653 enim

303 1685 475 1740 habet
507 1685 820 1756 Philippum
847 1685 1187 1746 Solitariam,
1219 1692 1278 1736 ut
1315 1683 1536 1738 codices
1583 1698 1713 1738 mss.
1756 1683 1979 1753 Optima:
2003 1682 2129 1739 ﬁdei
2165 1694 2440 1740 testantur
2458 1695 2515 1742 et
2534 1687 2650 1758 ipse
2675 1689 2860 1758 cperis
2889 1696 3071 1744 textus
3101 1688 3320 1743 clamat.
3345 1688 3421 1743 De
3443 1698 3592 1744 sorte

306 1776 477 1847 hujus
525 1777 711 1848 Operis
735 1788 792 1832 et
834 1776 903 1832 de
947 1777 1236 1833 codicibus
1261 1793 1391 1831 mss.
1443 1776 1650 1846 quibus
1693 1776 2016 1832 continetur
2061 1777 2327 1832 nonnulla
2375 1780 2632 1835 scribunt
2678 1780 2964 1836 Fabricius
2992 1789 3049 1836 et
3083 1779 3297 1845 Harles,
3327 1795 3450 1850 quae
3470 1780 3576 1835 etsi

307 1871 546 1927 obscura
574 1881 629 1928 et
655 1871 907 1937 confusa,
947 1872 1042 1927 hic
1075 1883 1256 1926 tamen
1291 1871 1591 1942 repetenda
1623 1871 1904 1928 videntur.
1936 1870 2077 1926 Sunt
2106 1880 2293 1927 mitem
2330 1874 2540 1929 tenoris
2572 1875 2856 1944 sequentis
2887 1890 2902 1928 :
2940 1893 2957 1924 ι
2996 1873 3130 1928 Vide
3161 1873 3374 1928 Rciser.
3412 1872 3590 1926 indic.

312 1983 332 2016 ι
374 1980 507 2020 mss.
549 1965 807 2034 August,
860 1980 915 2037 p.
977 1965 1069 2020 51.
1104 1964 1164 2019 1η
1204 1964 1366 2018 eatal.
1419 1971 1642 2036 quoque
1679 1964 1740 2018 Β.
1788 1965 1904 2037 thg

1998 1966 2118 2019 Bat.
2156 1966 2283 2024 517,
2334 1981 2390 2020 n.
2440 1965 2531 2030 64,
2566 1966 2634 2022 ὰθ
2688 1966 2811 2021 θοὰ.
2852 1967 3059 2022 Bonav.
3112 1965 3343 2020 Vulcan.
3387 1964 3590 2019 citatur

317 2075 338 2108 ο
378 2056 543 2112 Pselli
589 2060 833 2129 Dioptra,
876 2057 915 2113 i.
944 2071 997 2112 e.
1032 2058 1285 2127 corporis
1311 2067 1368 2113 et
1397 2057 1595 2112 anima:
1620 2057 1892 2128 dialogus.
1924 2085 1990 2099 --
2022 2057 2081 2113 ln
2111 2057 2234 2111 cod.
2266 2056 2490 2112 Barcae.
2534 2059 2657 2125 197,
2705 2068 2835 2114 sunt
2870 2057 3145 2129 Symconis
3189 2059 3437 2112 monachi
3472 2073 3591 2111 ser-

317 2167 336 2199 ι
376 2164 570 2205 mones
612 2150 701 2214 '52,
751 2150 814 2207 it.
856 2151 1102 2221 Diaptra,
1137 2150 1401 2220 inscripta
1441 2151 1695 2222 Philippo
1732 2150 2001 2206 Monacbo
2052 2160 2109 2205 et
2146 2148 2400 2221 Dialogus
2440 2153 2581 2205 inter
2610 2153 2848 2205 animam
2888 2160 2938 2205 et
2960 2168 3172 2222 corpus,
3216 2165 3378 2222 quem
3408 2149 3590 2205 Psello

315 2262 333 2294 ι
375 2243 630 2299 attribuit
655 2244 904 2309 Barocc.,
938 2252 1076 2300 teste
1129 2245 1447 2299 coniectore
1502 2254 1616 2300 cat.
1680 2261 1815 2300 mss.
1855 2244 2065 2316 Anglia:
2097 2252 2154 2301 et
2187 2243 2422 2301 llibern.
2443 2276 2511 2287 —
2535 2245 2776 2315 Mosquae
2802 2255 2984 2300 autem
3020 2245 3075 2299 in
3103 2246 3229 2300 eod.
3262 2245 3383 2310 H9,
3411 2261 3469 2298 n.
3500 2244 3588 2309 11,

314 2357 338 2388 ι
381 2333 447 2392 Β.
474 2337 670 2408 synod.
705 2336 858 2393 Mich.
885 2336 1051 2392 Pselli
1085 2337 1139 2391 in
1165 2336 1263 2392 lib.
1298 2337 1506 2393 dictum
1537 2337 1840 2409 Διόπτραν,
1873 2336 1937 2395 ν.
1975 2338 2214 2394 Matthzei
2248 2337 2516 2393 Notitiam
2570 2337 2735 2392 codd.
2783 2336 2878 2393 Gr.
2911 2352 3045 2392 mss.
3067 2336 3128 2391 B.
3156 2336 3586 2406 Mosquensium,

315 2452 335 2484 ι
386 2443 518 2487 tem.
553 2432 594 2497 l,
633 2431 782 2502 Lips.
828 2432 985 2495 1805,
1035 2433 1086 2498 8,
1122 2449 1177 2503 p.
1214 2433 1303 2488 8i.
1338 2432 1456 2487 Huc
1487 2432 1748 2488 reducam
1781 2446 1904 2503 qua:

1991 2432 2149 2487 ibric.
2176 2433 2230 2486 in
2255 2432 2363 2486 vol.
2399 2431 2486 2496 Vl,
2516 2433 2588 2500 lp.
2655 2429 2792 2495 542,
2852 2430 3152 2500 scripserat
3191 2447 3206 2484 :
3271 2428 3493 2499 Dioptra
3532 2429 3585 2482 in

316 2542 336 2574 σ
383 2534 490 2577 cat.
528 2538 659 2578 mss.
689 2522 831 2593 apud
858 2524 1060 2579 Anton.
1102 2525 1426 2580 Verderium
1468 2524 1724 2598 Symeoni
1759 2525 2142 2595 Metaphraslaz
2205 2525 2432 2587 tributa,
2464 2525 2739 2599 incertum
2771 2534 2878 2589 est,
2909 2524 3090 2578 aliane
3128 2523 3201 2578 sit
3229 2522 3300 2578 ab
3337 2521 3584 2591 Dioptra,

317 2637 337 2668 ο
381 2618 499 2673 sive
527 2617 732 2671 amussi
772 2618 851 2673 rei
891 2618 1239 2683 Christianas,
1270 2635 1432 2689 quam
1472 2618 1760 2689 Philippus
1802 2619 2100 2673 Solitarius
2142 2617 2398 2673 versibus
2428 2617 2693 2687 politieis,
2734 2633 2785 2672 a.
2815 2615 2877 2672 C.
2915 2615 3075 2681 1103,
3116 2614 3292 2670 Alexii
3317 2613 3585 2671 Comueni

318 2729 338 2763 ι
386 2711 468 2772 16,
504 2711 569 2765 ad
593 2710 920 2767 Callinicum
952 2711 1286 2766 Monachum
1322 2712 1565 2782 scripsit,
1588 2723 1643 2768 et
1666 2712 1780 2768 Jac.
1809 2711 2094 2766 Pontanus
2117 2727 2185 2767 ex
2216 2709 2345 2766 θοὰ.
2379 2725 2486 2765 ms.
2510 2709 2828 2779 Augustauo
2860 2709 3113 2778 prosario
3138 2722 3394 2764 sermone
3420 2705 3589 2761 vertit

319 2823 339 2855 ι
377 2815 433 2858 et
462 2803 655 2859 Latine
693 2803 869 2858 edidit
900 2803 1198 2874 lngolstad.
1235 2804 1394 2867 1604,
1439 2804 1495 2869 ιι,
1531 2820 1656 2860 cum
1697 2806 1818 2860 Nic.
1852 2804 2124 2860 Cabasitze
2161 2804 2319 2859 libris
2347 2819 2444 2859 sex
2479 2802 2547 2859 de
2578 2801 2699 2857 Vita
2734 2803 2789 2857 in
2823 2802 3067 2867 Christo,
3103 2801 3353 2867 Joannis,
3381 2801 3589 2872 Carpa-

316 2915 336 2949 ι
381 2897 617 2952 thiorum
653 2896 919 2967 episcopi,
965 2899 1238 2968 capitibus
1275 2898 1601 2954 hortatoriis
1644 2900 1739 2953 191
1766 2916 1782 2966 ;
1814 2895 2112 2962 Philothei,
2156 2896 2486 2969 patriarcha
2527 2896 2691 2953 CPol.
2729 2895 3075 2952 Laudatione
3107 2896 3314 2963 Basilii,
3365 2897 3499 2953 Naz.
3530 2907 3592 2954 et

321 3006 341 3039 ι
378 2987 780 3059 Chrysostomi,
819 3005 942 3059 quae
971 2989 1158 3046 Graeca
1196 2992 1364 3045 etiam
1391 2991 1650 3062 adjuncta
1681 2991 1868 3055 habet,
1895 3000 1953 3046 et
1999 2991 2166 3046 Mich.
2193 2990 2375 3062 Glyca:
2395 2990 2612 3046 duabus
2652 2989 3144 3060 disputationibus,
3182 2989 3389 3045 additis
3419 2990 3588 3045 etiam

324 3100 343 3135 ι
374 3081 430 3136 in
464 3082 612 3138 calce
647 3083 949 3139 voluminis
978 3085 1283 3140 observatt.
1314 3083 1433 3141 Jac.
1467 3084 1709 3140 Gretseri
1758 3083 1823 3139 ad
1864 3084 2102 3142 obscura
2135 3085 2376 3154 Dioptra:
2405 3084 2545 3140 loca.
2590 3083 2797 3139 Locum
2832 3083 3074 3154 Dioptrae
3113 3098 3179 3137 ex
3207 3083 3350 3138 libro
3390 3100 3462 3148 tv,
3492 3084 3589 3159 (Lui

317 3192 337 3225 ι
380 3172 436 3229 in
475 3175 732 3231 versione
759 3175 1133 3242 desideratur,
1167 3193 1233 3233 ex
1267 3193 1370 3232 ms.
1397 3177 1534 3232 bibl.
1569 3178 1732 3248 regia:
1760 3176 1951 3233 Graece
1986 3193 2111 3233 cum
2138 3177 2599 3249 interpretatione
2638 3193 2739 3233 sua
2769 3177 2996 3233 exhibet
3019 3176 3332 3233 Cotelerius
3355 3178 3421 3233 ad
3453 3179 3586 3233 libr.

318 3288 335 3318 ι
373 3281 468 3321 vnt
517 3267 839 3324 (Ξυηςιίιυιι.
881 3269 1153 3339 Apostol.,
1191 3283 1243 3324 c.
1301 3268 1397 3323 42.
1430 3268 1622 3324 Exstat
1669 3269 1834 3323 etiam
1889 3269 1912 3325 (

1997 3284 2077 3324 ace
2117 3269 2347 3338 Diaptra
2395 3271 2597 3340 saepius
2647 3269 2702 3324 in
2756 3269 2895 3324 bibi.
2945 3269 3286 3337 Vindobon.,
3331 3280 3389 3325 ut
3427 3271 3591 3328 docet

319 3381 338 3412 ι
380 3361 634 3418 Lambec.
675 3363 774 3419 lib.
807 3379 862 3426 v,
903 3379 1028 3434 pag.
1055 3363 1124 3419 51
1152 3379 1299 3434 sqq.,
1328 3364 1399 3418 42
1423 3379 1484 3434 sq
1545 3362 1618 3435 [ε.
1650 3380 1703 3434 p.
1753 3364 1845 3419 76.
1874 3379 1913 3420 st

1993 3365 2082 3422 89.
2131 3365 2201 3420 de
2228 3365 2389 3421 codd.
2425 3364 2532 3419 215
2560 3372 2616 3420 et
2642 3363 2749 3418 2H
2780 3379 2838 3418 n.
2870 3363 2921 3428 1,
2965 3363 3020 3419 1η
3062 3380 3173 3434 qua
3202 3373 3421 3419 exstant
3451 3363 3585 3419 libri

315 3470 334 3503 ι
374 3453 602 3509 secundi
644 3455 879 3508 maxima
901 3469 1031 3524 pars
1054 3458 1347 3525 posterior,
1371 3464 1429 3510 et
1451 3454 1579 3509 libri
1608 3470 1686 3518 Ill,
1727 3470 1780 3509 iv
1810 3463 1866 3510 et
1902 3470 1935 3510 v
1987 3454 2221 3526 integri;
2256 3455 2318 3510 it.
2351 3469 2407 3526 p.
2439 3454 2510 3511 95
2555 3470 2676 3526 sqq.
2710 3457 2779 3511 de
2809 3455 2934 3510 cod.
2971 3453 3099 3518 215,
3131 3454 3225 3526 qui
3273 3471 3332 3509 n.
3372 3454 3394 3506 1
3434 3454 3592 3508 exhi-

318 3562 339 3595 ί
377 3545 471 3600 bet
517 3543 753 3617 Philippi
777 3543 1021 3601 Solitarii
1057 3546 1360 3618 Diaptram,
1403 3545 1499 3601 sed
1540 3559 1697 3615 atque
1730 3552 2050 3615 corruptam
2082 3551 2141 3600 et
2185 3545 2597 3615 interpolatam,
2642 3559 2708 3599 ac
2749 3543 2877 3599 cod.
2924 3543 3282 3614 Augustanus
3318 3563 3331 3597 :
3374 3543 3429 3598 in
3460 3560 3516 3597 n.
3554 3544 3593 3597 ‘2

317 3657 335 3690 ι
377 3648 508 3695 sunt
536 3653 730 3694 versus
766 3637 1119 3695 Constantini
1163 3637 1506 3708 grammatici
1552 3648 1610 3692 et
1641 3638 1791 3693 Vesti
1817 3637 1875 3691 in
1920 3636 2142 3693 laudem
2170 3629 2430 3708 jDioplr'as
2459 3643 2517 3692 et
2543 3634 2790 3692 auctoris
2856 3635 2978 3706 ejus
3028 3634 3267 3706 Philippi
3317 3654 3330 3690 :
3375 3650 3591 3690 necnon

320 3752 337 3782 ι
381 3748 437 3803 p.
470 3732 594 3796 141,
634 3731 704 3787 de
736 3731 861 3787 cod.
888 3730 1020 3794 252,
1054 3746 1112 3785 n.
1146 3729 1202 3793 ὅ,
1240 3730 1333 3785 ubi
1358 3729 1633 3799 reperitur
1674 3727 2044 3798 fragmentum
2082 3727 2211 3783 libri
2237 3727 2417 3799 quinti
2452 3745 2465 3780 :
2503 3725 2523 3799 ]
2553 3736 2610 3781 et
2636 3724 2936 3781 Montl‘auc.
2974 3741 3029 3796 p.
3061 3725 3131 3780 54
3170 3724 3591 3796 Palreographiaz

320 3841 341 3878 r
384 3823 603 3880 Grecae.
632 3822 712 3878 Ae
744 3821 1076 3876 Lambecius
1104 3821 1332 3891 quidem
1369 3820 1650 3885 observat,
1695 3818 1751 3873 in
1785 3819 2022 3875 Pontani
2052 3819 2298 3875 editione
2324 3819 2528 3874 librum
2573 3817 2812 3889 primum
2854 3816 3129 3887 integrum
3163 3817 3453 3882 omissum,
3491 3834 3592 3872 ex-

320 3937 338 3967 ο
385 3924 548 3988 cepto
579 3915 833 3979 exordio,
871 3914 1019 3985 quod
1056 3914 1123 3971 ad
1163 3914 1369 3970 calcem
1401 3914 1530 3969 libri
1565 3915 1747 3983 quarti
1784 3913 1890 3969 sub
1927 3915 2090 3969 titulo
2122 3912 2335 3968 Flebilis
2367 3912 2676 3967 lamentatio
2703 3911 3020 3972 subnexuit,
3063 3918 3122 3964 et
3145 3911 3447 3966 secundum
3490 3928 3591 3982 pro

321 4030 338 4060 ι
385 4011 588 4082 primo,
614 4009 836 4064 tertium
866 4024 965 4078 pro
989 4007 1256 4069 secundo,
1288 4016 1422 4072 etc.,
1448 4008 1817 4070 venditatum,
1857 4015 1917 4061 ut
1958 4007 2095 4063 adeo
2139 4016 2379 4077 quatuor
2407 4015 2621 4061 tantum
2659 4003 2832 4059 libros
2853 4004 3137 4060 Pontanus
3174 4003 3436 4071 ediderit,
3462 4021 3589 4061 cum

319 4125 337 4155 ι
384 4120 415 4158 a
444 4103 699 4173 Philippo
745 4101 936 4172 scripti
960 4102 1070 4157 sint
1111 4101 1380 4171 quinque.
1426 4100 1593 4155 Notat
1634 4101 1802 4154 etiam
1864 4099 1976 4154 falli
2011 4098 2354 4164 Gretserum,
2396 4097 2575 4168 quiex
2621 4095 2815 4167 primis
2854 4096 3111 4152 versibus
3157 4096 3413 4168 Dioptrw,
3448 4115 3591 4169 quos

320 4216 337 4244 ι
379 4191 607 4249 Crusius
648 4194 699 4245 in
734 4191 1162 4258 Turcooercia,
1196 4205 1249 4260 p.
1281 4190 1404 4256 118,
1453 4190 1700 4257 adducit,
1732 4191 1914 4262 putavi

2005 4190 2263 4247 Crusium
2297 4191 2361 4245 de
2391 4189 2498 4244 alia
2537 4188 2757 4261 Diaptra
2788 4189 2961 4261 loqui.
2999 4189 3151 4245 lianc
3198 4206 3365 4261 porro
3396 4208 3589 4247 recen-

320 4305 340 4337 ι
387 4287 493 4342 seri
518 4297 573 4341 et
603 4286 846 4341 Graaeam
885 4284 1186 4340 dictionem
1222 4284 1479 4354 castigari
1521 4299 1550 4337 a
1580 4284 1820 4339 Phiaiito
1864 4285 2102 4355 quodam
2132 4283 2300 4354 jussit
2343 4282 2638 4355 Dionysius
2664 4282 2951 4345 Euzoitus,
2981 4284 3328 4354 metropolita
3375 4285 3587 4357 Mityle-

323 4400 341 4431 ι
384 4396 551 4436 naeus.
596 4378 880 4435 Michaelis
927 4394 1056 4432 vero
1082 4377 1243 4432 Pselli
1298 4376 1546 4447 praelatio
1580 4377 1937 4447 praemittitur
1972 4379 2140 4433 etiam
2180 4377 2236 4430 in
2267 4376 2485 4431 laudata
2530 4375 2799 4441 editione,
2839 4377 3000 4448 cujus
3038 4393 3259 4447 quoque
3292 4390 3434 4433 notm
3468 4379 3585 4435 sive

318 4493 336 4524 ι
381 4473 591 4529 scholia
628 4471 759 4527 hinc
799 4470 929 4525 inde
974 4477 1365 4541 asperguntur.
1399 4469 1531 4535 Quae
1562 4469 1887 4540 appendicis
1933 4470 2056 4525 loco
2110 4469 2167 4524 in
2195 4469 2385 4524 codice
2429 4467 2844 4525 Vindobonensi
2892 4470 3089 4541 subjici
3122 4480 3278 4527 notat
3324 4472 3584 4529 Lambec.

316 4583 336 4618 ς
381 4566 482 4622 lib.
514 4580 570 4632 v,
602 4582 657 4637 p.
684 4563 754 4622 56
784 4566 803 4640 [
832 4584 887 4637 p.
923 4567 1013 4632 80,
1040 4585 1099 4623 n.
1137 4569 1193 4635 2,
1224 4569 1315 4626 ed.
1342 4571 1546 4626 Kollar.
1593 4570 1720 4627 coll.
1750 4571 1878 4626 cod.
1909 4585 1910 4594 ‘

1987 4572 2038 4635 7,
2071 4586 2128 4624 η.
2162 4570 2218 4636 9,
2256 4569 2317 4624 11
2348 4579 2406 4625 et
2438 4570 2525 4630 12,
2556 4569 2636 4624 ib.
2669 4585 2725 4639 ῃ.
2753 4569 2975 4640 253811.
3005 4568 3166 4626 Conl.
3201 4571 3325 4626 cod.
3351 4571 3581 4628 Taurin.

320 4677 341 4709 ι
383 4658 446 4714 Β.
474 4657 580 4714 CC.
619 4660 738 4714 sine
764 4660 986 4715 nomine
1014 4664 1278 4726 auctoris,
1325 4663 1380 4717 in
1413 4671 1520 4718 cat.
1565 4663 1726 4721 codd.
1759 4661 1855 4720 Gr.
1889 4663 2057 4718 Taur.
2093 4678 2217 4734 pag.
2249 4661 2353 4717 297
2379 4660 2421 4734 ].
2464 4660 2536 4717 Se
2571 4661 2676 4717 lide
2698 4673 2756 4716 et
2793 4663 3130 4721 caerimoniis
3172 4664 3581 4730 Armeniorum,

321 4770 340 4804 ι
382 4749 778 4817 Jacobitarum,
808 4750 1301 4811 Chatzitzariorum
1334 4764 1390 4810 et
1414 4755 1809 4822 Romanorum,
1838 4772 1885 4812 s.
1923 4755 2281 4816 Francorum.
2312 4756 2429 4811 luce
2453 4755 2698 4827 (excepta
2738 4755 3118 4824 postremade
3148 4756 3457 4829 Romanis),
3484 4756 3579 4814 Gr.

322 4866 338 4897 ς
383 4857 440 4902 et
494 4847 617 4904 Lat.
667 4849 912 4921 vulgavit
966 4848 1334 4907 Comhelisius
1385 4854 1650 4910 Auctario
1694 4868 1838 4909 novo
1885 4863 2017 4911 tom.
2056 4855 2124 4921 ll,
2160 4871 2287 4928 pag.
2320 4855 2430 4911 262
2488 4861 2545 4909 et
2585 4854 2711 4908 27L
2745 4850 3025 4907 Hactenus
3065 4850 3376 4907 Fabricius.
3414 4884 3483 4894 —
3521 4850 3583 4906 In

320 4958 339 4989 ο
385 4939 510 4994 rod.
536 4939 740 5008 (λίθων.
760 4940 984 4997 laudato
1011 4958 1068 4997 n.
1099 4942 1152 5007 '5,
1175 4941 1230 5004 4,
1257 4944 1290 4998 5
1317 4951 1374 4998 et
1409 4945 1464 5006 ti,
1498 4952 1629 4999 sunt
1656 4953 1926 5015 praeterea
1959 4953 2200 5015 quatuor
2231 4945 2413 5001 adhuc
2439 4944 2809 5016 appendices;
2846 4961 2900 4999 v.
2932 4960 2988 5016 p.
3011 4944 3073 5000 8i
3114 4960 3235 5015 sqq.
3268 4953 3328 5002 et
3366 4944 3423 4999 in
3450 4943 3575 5000 cod.

317 5049 339 5086 ‹
380 5031 509 5100 (ιιι,
544 5032 710 5089 ciiato
741 5048 797 5087 n.
839 5032 894 5099 2,
930 5049 983 5103 p.
1027 5033 1117 5096 90,
1152 5032 1297 5103 apud
1328 5033 1588 5089 Lambec.
1617 5035 1905 5106 Appendix
1936 5036 2113 5108 prima
2144 5038 2394 5093 continet
2433 5035 2576 5092 Phil.
2609 5035 2850 5092 Solitarii
2875 5037 3170 5106 epistolam
3205 5036 3274 5091 ad
3297 5035 3579 5093 Constan-

317 5144 335 5176 σ
381 5123 555 5179 tinum
584 5124 924 5180 sacerdotem
959 5124 1037 5180 De
1071 5126 1369 5196 diﬂerentia
1395 5128 1533 5181 inter
1554 5128 1972 5184 intercessionem
1992 5138 2040 5184 el
2069 5129 2329 5185 auxilium
2351 5140 2679 5186 sanctorum.
2701 5128 2845 5185 Add.
2874 5128 3215 5186 Nessel.Cat.
3245 5129 3409 5185 codd.
3433 5128 3576 5185 (ἷκε.

319 5235 338 5267 α
384 5217 443 5270 in
467 5217 650 5273 indice
672 5233 725 5287 p.
755 5216 855 5272 100
879 5232 962 5288 sq.
997 5248 1067 5258 —
1105 5218 1280 5274 Paris.
1321 5218 1377 5273 in
1408 5219 1467 5273 Β.
1502 5219 1661 5289 pubi.
1696 5221 1821 5276 cod.
1860 5222 2024 5285 2747,
2068 5237 2125 5278 n.
2166 5221 2218 5276 1.
2257 5221 2494 5294 Philippi
2533 5222 2688 5278 Solit.
2733 5223 2981 5293 Dioptra,
3014 5222 3272 5278 versibus
3303 5220 3578 5294 politicis;

321 5322 340 5356 ι
389 5306 590 5375 rejects
624 5307 691 5361 ad
725 5322 878 5362 oram
911 5308 1073 5364 varia
1093 5308 1428 5378 scriptorum
1462 5310 1968 5367 ecclesiasticarum
2001 5312 2146 5377 loca,
2179 5328 2303 5383 quae
2338 5313 2412 5369 ob
2436 5315 2630 5370 oculos
2660 5314 2850 5370 habuit
2880 5322 3078 5370 auctor
3109 5333 3123 5370 :
3157 5316 3212 5370 in
3239 5314 3365 5370 cod.
3397 5315 3580 5386 primo

322 5414 340 5449 ι
383 5403 471 5451 est
495 5412 551 5450 n.
599 5396 653 5459 ⁸5,
690 5395 831 5454 Phil.
863 5396 1021 5453 Solit.
1070 5399 1293 5469 cpistola
1321 5401 1392 5454 ad
1430 5402 1736 5470 quemdam,
1765 5405 1857 5474 qui
1888 5406 2009 5458 vita:
2032 5404 2303 5474 spirituali
2346 5405 2696 5461 valedimerat.
2736 5406 2940 5462 Eadem
2980 5408 3035 5461 in
3064 5407 3187 5463 cod.
3233 5406 3396 5472 2728,
3428 5423 3485 5461 n.
3519 5410 3576 5473 1,

319 5507 339 5542 ι
383 5487 548 5552 2871,
583 5504 639 5540 ιι.
673 5488 696 5542 1
729 5490 868 5559 (sine
900 5492 1119 5547 nomine
1146 5493 1435 5562 auctoris),
1459 5502 1515 5548 et
1552 5494 1714 5561 2875,
1756 5512 1811 5550 n.
1846 5499 1862 5548 1
1899 5497 1913 5566 (

2000 5497 2247 5568 quinque
2291 5496 2466 5553 libros
2506 5508 2590 5556 est
2622 5499 2873 5571 dialogus
2903 5500 3165 5564 tributus.
3196 5516 3319 5555 cum
3350 5500 3576 5556 sclioliis

319 5599 340 5633 σ
381 5579 822 5651 marginalibus),
841 5582 973 5637 etin
1009 5584 1134 5638 cod.
1162 5584 1325 5651 2874,
1347 5601 1401 5639 n.
1431 5586 1482 5650 4,
1520 5587 1614 5657 qui
1640 5587 1709 5642 ab
1731 5588 1897 5643 editis
1920 5604 2064 5659 saepe
2088 5588 2463 5660 discrepat,et
2491 5591 2802 5646 testimonia
2830 5591 3059 5647 Patrum
3092 5601 3257 5661 atque
3287 5591 3391 5646 alia
3417 5606 3569 5659 quae-

320 5694 336 5727 ι
385 5672 510 5730 dam
547 5671 791 5744 pedestri
815 5688 1089 5741 sermone,
1110 5693 1141 5733 a
1173 5677 1436 5734 Michaele
1475 5678 1651 5736 Pscllo
1676 5679 1888 5752 adjecta
1913 5681 2099 5736 habet.
2129 5681 2187 5737 In
2211 5682 2406 5737 eodem
2447 5682 2595 5743 cod..
2629 5700 2684 5737 n.
2721 5685 2771 5747 1,
2804 5691 2889 5737 est
2916 5682 3076 5738 Mieh.
3116 5682 3278 5739 Pselli
3319 5683 3567 5736 testimo~

322 5796 341 5834 ι
382 5769 558 5837 nium,
589 5767 878 5843 praeﬁxum
908 5768 1050 5829 libro
1078 5771 1172 5843 qui
1203 5772 1426 5845 Dioptra
1459 5773 1806 5843 inscribitur;
1833 5780 1889 5831 et
1915 5791 1969 5831 ιι.
1994 5775 2049 5841 2.
2082 5785 2213 5834 sunt
2237 5792 2430 5834 versus
2460 5776 2681 5834 iambici
2705 5774 3052 5837 Constantini
3079 5789 3135 5832 et
3160 5775 3309 5832 Vesti
3338 5773 3568 5834 Crauati
