4036 6458
303 416 411 483 705
1244 408 1639 485 DIOPTBAM
1677 420 1833 484 JAC.
1875 418 2215 482 PONTANI
2254 417 2674 482 PRJEFATJO.
3480 415 3589 479 70C-

301 534 449 606 Qui,
512 532 813 614 quoniam
870 533 1105 597 Latinis
1160 533 1421 598 auribus
1476 552 1696 615 parum
1757 536 1887 597 noti
1918 540 2084 607 sunt,
2139 541 2201 596 et
2232 553 2343 597 eos
2372 535 2585 597 multis
2640 533 2795 595 locis
2844 548 3052 593 rerum
3107 527 3421 592 subtilitas
3451 546 3587 590 ser-

302 634 646 714 monisque
691 636 959 697 Romani
1000 641 1243 713 egestas
1310 653 1440 697 non
1489 635 1868 708 admitteret,
1911 634 2116 698 soluta
2182 641 2242 697 et
2272 642 2579 715 perpetua
2612 634 2921 703 oratione,
2964 648 3094 693 non
3126 630 3260 690 sine
3291 628 3587 706 exemplo

305 735 818 813 interpretandos
847 738 1232 798 censuimus.
1267 737 1352 798 De
1412 735 1628 817 paucis
1682 730 2075 815 singulorum
2108 735 2407 798 librorum
2466 735 2777 811 capitibus
2836 734 3034 794 multo
3067 732 3245 811 plura
3273 730 3584 795 fecimus:

305 836 537 914 cuique
577 835 829 912 lemma,
889 838 1017 899 sive
1076 855 1385 899 summam
1441 855 1616 899 suam
1672 837 1903 899 nostris
1982 834 2212 911 verbis,
2258 836 2646 915 uberiusque
2702 844 2762 897 et
2827 834 3179 896 accuratius
3237 832 3584 910 aliquanto,

307 959 494 1022 quam
528 942 797 1022 scriptor
849 942 987 1022 ipse
1039 942 1298 1017 fecerat,
1372 944 1780 1023 prmﬁximus,
1842 960 1971 1022 quo
2022 942 2235 1004 omnia
2285 941 2696 1005 luculentiora
2757 942 2978 1000 tierent
3018 940 3393 1018 planiusque
3450 954 3589 1016 per-

306 1049 719 1126 ciperentur:
763 1048 1005 1108 tametsi
1052 1048 1466 1109 nihilominus
1520 1049 1604 1111 ad
1663 1047 1956 1127 quaedam
2025 1050 2382 1128 promptius
2437 1045 2847 1123 intelligenda
2905 1045 3226 1122 graviores
3292 1051 3354 1104 et
3415 1060 3588 1104 seve-

307 1149 508 1209 riores
560 1148 696 1209 illas
751 1148 1047 1209 scientias
1106 1149 1333 1211 libasse
1391 1166 1555 1229 Opus
1604 1150 1745 1210 erit.
1795 1150 2165 1212 (Economia
2212 1165 2343 1210 non
2393 1147 2710 1208 immerito
2779 1145 3054 1224 cuipiam
3103 1142 3586 1204 admirationem

307 1246 610 1314 movebit,
669 1263 784 1306 cur
834 1247 1160 1321 nimirum,
1215 1265 1359 1310 cum
1394 1248 1587 1311 hosce
1621 1248 1818 1310 libros
1852 1250 1919 1310 in
1973 1249 2226 1327 dialogo
2282 1247 2740 1316 conscriberet,
2802 1249 3019 1305 Amm;
3052 1242 3486 1320 interrogandi
3515 1258 3588 1304 ac

307 1343 621 1419 discendi,
658 1345 853 1406 CARNI
922 1346 1353 1426 reSpondendi
1410 1349 1815 1429 docendique
1875 1357 2083 1430 partes
2157 1349 2405 1411 dederit
2457 1367 2470 1410 :
2511 1357 2575 1412 et
2622 1348 2795 1410 illam
2836 1345 3236 1427 discipulam,
3269 1344 3433 1405 hanc
3465 1360 3591 1405 ma-

308 1444 563 1518 gistram
614 1460 753 1504 esse
802 1447 1069 1506 voluerit
1114 1446 1178 1506 in
1235 1447 1681 1528 hujuscemodi
1748 1451 1937 1512 rebus
1992 1458 2120 1513 tam
2176 1449 2411 1511 sanctis
2475 1466 2547 1510 ac
2616 1447 3074 1526 spiritualibus,
3149 1445 3315 1508 addo
3373 1445 3587 1519 etiam,

309 1552 434 1604 tam
471 1545 758 1618 eruditis,
823 1562 966 1607 cum
1015 1554 1236 1610 contra
1286 1550 1498 1628 potius
1550 1551 1914 1613 faciendum
1948 1552 2143 1614 fuisse
2206 1551 2513 1613 videatur.
2575 1552 2730 1612 Caro
2766 1551 3009 1630 quippe
3052 1555 3147 1611 est
3230 1548 3436 1610 anima
3486 1547 3590 1608 in-

308 1645 526 1720 ferior,
579 1656 641 1709 et
697 1650 1019 1727 appetitus
1050 1651 1355 1725 sentiens,
1393 1653 1742 1730 Augustino
1801 1652 2722 1720 animairrationalis;anima
2786 1670 2933 1714 vero
2995 1651 3098 1713 ltie
3131 1656 3227 1712 est
3302 1649 3594 1728 superior

308 1750 542 1823 anima,
596 1751 805 1814 anima
855 1754 1202 1829 rationalis,
1239 1760 1308 1815 ut
1339 1755 1506 1816 idem
1534 1757 1924 1835 Augustinus
1962 1758 2270 1831 nominat,
2325 1764 2385 1817 et
2415 1773 2559 1834 quin
2592 1771 2626 1816 a
2664 1754 2858 1817 Paulo
2897 1754 3152 1834 spiritus
3197 1755 3446 1815 dicitur.
3476 1754 3595 1817 Ac-

311 1852 479 1914 cedit
508 1852 679 1932 quod
721 1853 995 1915 animam
1028 1871 1176 1917 caro
1219 1873 1475 1937 semper
1505 1866 1702 1943 xuptuy
1730 1866 1789 1918 et
1834 1862 2148 1929 δέσποιναν,
2201 1857 2543 1931 dominam,
2579 1857 2828 1922 heram;
2886 1856 3096 1917 anima
3145 1871 3401 1916 carnem
3434 1871 3598 1913 sem-

312 1974 428 2036 per
468 1963 685 2033 δούλην,
721 1964 1079 2035 Θεράπαιναν,
1109 1970 1423 2040 παιδὶσκην,
1486 1972 1814 2041 πρόσπολον,
1873 1976 1903 2027 ὑ

2000 1973 2192 2042 ρέτιδα,
2242 1979 2503 2034 servam,
2567 1960 2892 2039 famulam,
2954 1958 3340 2028 ancillulam,
3400 1956 3594 2016 mini-

312 2067 508 2117 stram
556 2062 758 2117 vocat.
816 2058 905 2119 Ex
983 2078 1112 2139 quo
1165 2064 1284 2123 utri
1337 2066 1619 2144 potiores
1686 2077 1898 2146 partes
1954 2065 2422 2134 convenissent,
2486 2062 2664 2125 nullo
2741 2062 2996 2140 negotio
3075 2061 3218 2139 (luis
3290 2060 3596 2120 rationem

315 2157 671 2220 concludet.
710 2159 784 2219 Ut
825 2164 1329 2239 respondeamus
1375 2165 1638 2245 aliquid,
1682 2175 1744 2228 et
1806 2170 2183 2250 scriptorem
2207 2181 2467 2245 quoquo
2514 2164 2705 2225 modo
2736 2171 3048 2237 tueamur,
3091 2163 3388 2243 primum,
3440 2159 3598 2221 illud

316 2267 555 2321 certum
576 2269 691 2335 est,
716 2279 857 2324 cum
889 2272 1021 2326 toto
1044 2276 1350 2345 quantum
1373 2277 1466 2330 est
1495 2271 1911 2335 voluminede
1938 2273 2148 2334 anima
2197 2276 2258 2331 et
2314 2285 2584 2348 corpore
2637 2275 2878 2347 agatur,
2919 2285 3048 2330 non
3090 2267 3391 2329 indecore
3434 2264 3598 2327 hanc

317 2371 764 2440 προσωποποιίαν
794 2363 1216 2428 introductam
1267 2391 1280 2428 :
1318 2374 1375 2430 et
1412 2370 1605 2433 multa
1650 2390 1779 2435 non
1827 2374 2077 2447 melius,
2134 2388 2347 2450 neque
2387 2370 2785 2432 commodius
2813 2370 3124 2447 magistrae
3155 2375 3216 2430 et
3244 2367 3598 2447 discipulae,

317 2462 537 2525 aliisve
604 2465 899 2546 personis
976 2467 1275 2531 adhibitis
1358 2472 1661 2553 explicari
1731 2475 2042 2554 potuisse.
2112 2474 2349 2535 Deinde
2425 2473 2824 2551 disputantur
2881 2471 2960 2533 ab
2991 2472 3216 2534 Anima
3274 2487 3417 2547 quae
3467 2487 3600 2531 non

317 2568 465 2639 apte
525 2573 586 2626 et
642 2571 813 2627 recte
867 2583 903 2628 a
953 2567 1177 2643 Carne,
1228 2573 1291 2629 et
1343 2571 1616 2632 vicissim
1674 2590 1707 2634 a
1757 2574 1977 2646 Carne,
2037 2589 2178 2652 quae
2225 2587 2355 2632 non
2392 2577 2518 2631 tam
2573 2569 2807 2631 idonee
2855 2570 2934 2630 ab
3011 2571 3229 2630 Anima
3311 2569 3599 2647 disputa-

317 2673 558 2737 rentur,
620 2667 863 2728 etiamsi
909 2667 1016 2728 illa
1064 2670 1401 2746 magistrze,
1481 2672 1617 2733 haec
1679 2673 2008 2753 discipulae
2054 2671 2264 2734 ofﬁcio
2302 2670 2696 2749 fungeretur.
2731 2670 3154 2743 Quamobrem
3189 2677 3249 2730 et
3285 2687 3427 2741 nos,
3454 2684 3602 2730 eum

322 2766 636 2846 principio
673 2774 1094 2833 oeconomiam
1157 2771 1336 2832 istam
1412 2790 1528 2851 pro
1588 2775 1858 2837 absurda
1912 2775 2315 2847 haberemus,
2363 2782 2756 2836 commutare
2806 2788 3107 2849 personas
3164 2768 3596 2843 instituimus;

322 2866 435 2925 sed
493 2866 556 2926 in
592 2885 948 2948 progressu,
985 2877 1219 2930 mutata
1269 2873 1602 2947 sententia,
1667 2892 1797 2948 eas,
1854 2885 1920 2938 ut
1970 2877 2351 2949 invenimus,
2400 2874 2487 2935 ita
2552 2871 2947 2951 reliquimus.
2989 2872 3145 2931 Sunt
3194 2878 3256 2931 et
3308 2872 3429 2932 alia
3485 2887 3602 2949 per

282 2964 444 3054 _hos
482 2964 704 3043 lbros,
760 2968 826 3029 in
861 2967 1091 3048 quibus
1139 2981 1199 3033 τὸ
1228 2982 1436 3052 πρέπον
1480 2971 1903 3050 negligentius
1958 2984 2269 3035 servatum
2326 2971 2811 3043 animadvertas,
2887 2984 3005 3030 nec
3062 2969 3420 3048 Philippum
3453 2974 3602 3030 satis

324 3070 605 3141 scivisse,
632 3069 783 3144 quid
819 3080 982 3133 esset
1008 3073 1322 3151 dialogum
1348 3075 1648 3135 scribere.
1689 3076 1922 3136 Verum
1955 3074 2092 3136 haec
2127 3081 2186 3134 et
2210 3073 2440 3135 similia
2465 3080 2721 3150 peccata
2742 3069 2985 3131 homini
3028 3071 3324 3139 ascetico,
3361 3071 3602 3149 quique

324 3173 403 3231 de
438 3186 564 3231 una
603 3169 1019 3232 sanctimonia
1073 3172 1258 3234 nobis
1312 3173 1752 3253 persuadenda
1816 3174 2153 3248 laboraret,
2208 3172 2603 3251 ignoscenda
2652 3179 2821 3245 sunt,
2893 3179 2954 3233 et
3006 3189 3172 3251 saepe
3228 3171 3383 3233 illud
3419 3173 3598 3250 cogi-

320 3272 611 3344 tanilum,
661 3270 833 3349 quod
870 3271 1030 3333 mihi
1076 3273 1269 3337 libros
1308 3274 1489 3339 istius
1537 3276 1938 3356 potissimum
1989 3275 2240 3355 generis
2267 3274 2559 3337 tractanti
2616 3289 2650 3334 e
2701 3272 3144 3350 grammaticis,
3185 3272 3418 3352 quibus
3442 3288 3602 3353 puer

326 3391 464 3434 sum
515 3372 819 3449 imbutus,
888 3373 1258 3455 frequenter
1299 3376 1461 3439 solet
1516 3393 1876 3453 occurrere,

1239 3502 1319 3558 Tu
1367 3505 1602 3561 vivendo
1634 3506 1830 3571 boues,
1856 3505 2158 3561 scribendo
2192 3519 2431 3574 sequare
2459 3504 2693 3573 peritos.

329 3624 623 3693 Quintum
676 3622 904 3685 librum
971 3642 1312 3704 paucarum
1364 3626 1762 3707 paginarum,
1813 3644 1929 3689 nec
1967 3625 2281 3706 capitibus
2337 3625 2727 3696 distinctum,
2779 3639 2922 3685 cum
2992 3628 3219 3701 quarto
3277 3621 3601 3703 conjunxi.

329 3724 520 3785 Notas
576 3723 641 3785 in
687 3725 972 3803 margine
1037 3733 1142 3788 aut
1190 3744 1224 3789 a
1267 3730 1498 3802 Psello,
1552 3736 1659 3791 aut
1700 3748 1731 3792 a
1782 3728 2058 3791 Pbialito
2112 3747 2254 3792 cum
2293 3730 2398 3790 SS.
2458 3729 2576 3790 PP.
2624 3726 2953 3788 sententiis
2982 3727 3302 3806 appositas
3331 3727 3395 3787 in
3440 3744 3602 3788 con-

330 3834 572 3888 textum
623 3829 864 3909 recepi,
923 3829 1176 3893 delectu
1255 3840 1464 3896 tamen
1530 3833 1772 3904 habito,
1837 3841 1899 3895 et
1952 3833 2200 3896 diverso
2270 3833 2634 3897 charactere
2704 3829 3053 3910 expressi“
3100 3819 3311 3891 .'Non
3381 3846 3603 3909 parum

332 3933 571 4012 quippe
614 3930 773 3992 lucis
817 3937 879 3992 et
945 3933 1164 4010 gratias
1222 3934 1347 4014 ipsi
1385 3935 1567 4015 Operi
1630 3933 1910 3997 allaturae
1975 3935 2374 3997 videbantur.
2413 3935 2645 3994 Versus
2699 3931 2843 3992 illos
2901 3930 3217 4010 politicos,
3285 3947 3365 3990 ne
3415 3948 3606 3991 mon-

333 4043 530 4096 strum
590 4034 866 4099 facerem
922 4044 985 4099 et
1028 4038 1166 4100 aliis
1209 4038 1288 4101 de
1370 4040 1576 4102 causis
1628 4057 1759 4102 non
1840 4040 2077 4103 addidi.
2134 4042 2283 4112 Qua)
2350 4038 2459 4098 lib.
2525 4054 2595 4109 ιι,
2668 4052 2810 4113 cap.
2890 4032 2984 4108 12,
3043 4051 3123 4096 ex
3192 4035 3602 4108 Damasceno,

336 4147 399 4200 et
429 4140 711 4217 ejusdem
769 4140 911 4203 libri
942 4159 1084 4219 cap.
1147 4141 1217 4204 16
1271 4148 1333 4205 et
1377 4143 1445 4205 17
1511 4144 1714 4206 fusius
1770 4143 2198 4219 adducuntur,
2261 4161 2335 4205 ea
2389 4160 2468 4203 ex
2542 4138 2995 4216 interpretibus
3059 4137 3308 4198 illorum
3366 4138 3608 4197 libian-

337 4244 727 4306 numeranda
786 4243 1178 4307 censuimus.
1228 4246 1410 4310 Nunc
1479 4253 1550 4309 ut
1595 4248 1808 4311 Patres
1877 4249 2046 4323 illus,
2107 4247 2187 4311 de
2241 4245 2473 4325 Quibus
2542 4243 2859 4317 dicebam,
2931 4241 3205 4313 noveris:
3254 4241 3607 4317 οδίθίοε-υθλ

339 4349 691 4428 subjiciam.

1416 4492 1625 4535 ινιτ-πε
1655 4494 1708 4535 ιη
1733 4492 1969 4537 IARGlNB
2003 4492 2249 4534 DiOPTRE.
2280 4490 2537 4531 Αυυυοτι.

619 4614 919 4687 Gregorius
940 4615 1339 4673 Nazianzenus.
2311 4611 2639 4668 Theodorus
2663 4609 2901 4665 Studita.

625 4706 925 4779 Gregorius
950 4708 1254 4777 Nyssenus.
2308 4704 2636 4758 Anastasius
2669 4701 2901 4757 Sinaita.

620 4797 860 4855 Joannes
885 4797 1333 4869 Cbrysostomus.
2310 4796 2574 4852 Isidorus.

635 4888 991 4943 Athanasius.
2308 4888 2560 4956 Ephraam
2586 4885 2776 4957 Syrus.

627 4980 864 5049 Cyrillus
892 4979 1321 5036 Alexandrinus.
2300 4981 2596 5050 Dionysius
2634 4976 2983 5047 Areopagita.

643 5075 878 5130 Basilius
913 5074 1157 5143 Magnus.
2318 5072 2608 5125 Maximus.

627 5167 1073 5239 Theopbytactus
2317 5162 2550 5217 Michael
2587 5161 2821 5217 Psellus.

630 5262 1021 5316 Damascenus.
2312 5254 2489 5309 Nilus.

639 5353 1023 5408 Theodoretus
1045 5352 1170 5422 Cyri
1208 5349 1520 5421 episcopus.
2319 5349 2493 5401 Isaac.
2754 5394 2759 5399 .

640 5432 1018 5500 Theodoretus
1056 5445 1348 5499 Heracleae.
2318 5437 2629 5493 Carbonius
2663 5437 2681 5508 (
2699 5438 2721 5490 ?
2738 5438 2781 5508 ).

631 5536 867 5592 Joannes
897 5538 1193 5592 Clituacus.
2319 5529 2659 5585 Gennadius.

412 5707 443 5738 λι
486 5699 624 5759 Quod
683 5710 821 5747 rcr'e
861 5714 1028 5764 parum
1082 5702 1313 5764 roztsulte
1358 5707 1411 5749 et
1453 5713 1553 5748 non
1600 5698 1708 5747 sine
1753 5711 1932 5759 magno
1982 5695 2195 5746 studiosi
2230 5695 2770 5764 lectorisincommodo
2814 5698 2990 5747 factum
3033 5704 3128 5745 est.
3163 5698 3320 5745 Atiam
3360 5694 3475 5764 riunt
3511 5689 3611 5738 inii.

353 5777 462 5812 mzts
499 5754 517 5808 ἶ
555 5771 607 5809 ut
650 5772 817 5812 tortus
862 5754 925 5810 ab
962 5764 1036 5809 llis
1080 5762 1303 5811 insititiis
1325 5764 1551 5810 sentibus
1593 5754 1940 5821 expeclireitzr,
1974 5772 2197 5821 omnem
2221 5758 2518 5821 srboaiorrm
2570 5769 2858 5820 appcratum
2932 5764 3222 5809 sustulimus
3296 5768 3343 5803 et
3389 5754 3445 5801 ad
3488 5766 3620 5799 manu

351 5827 643 5875 interiorem
691 5838 980 5888 pagina:qu
1024 5827 1405 5886 amandavimus,
1446 5820 1671 5874 stellu.is
1712 5820 2011 5873 remissoriis
2057 5822 2107 5869 iu
2132 5828 2274 5870 textu
2334 5820 2524 5881 positis.
2563 5822 2697 5870 Ευιτ.
2742 5822 2894 5870 Pun.
