4036 6460
278 381 287 389 ’
359 388 461 451 πη
1589 381 1872 444 ΡΠΠᾸΡῘ

2028 377 2369 443 OLITARII
3506 374 3622 441 ιω

1305 700 2097 818 MICHAELIS
2177 701 2667 817 PSELLI

1473 926 1557 988 IN
1599 924 2016 987 DIOPTRAM
2054 923 2503 986 PREFATIO.

440 1300 458 1331 ι
491 1281 679 1336 Melius
700 1289 796 1341 est,
819 1276 988 1347 inquit
1012 1272 1289 1344 Scriptura
1318 1274 1354 1332 ‘.
1377 1272 1636 1325 modicum
1650 1271 1826 1340 justo,
1851 1285 2010 1340 super
2034 1270 2245 1324 divitias
2278 1281 2609 1342 peccatorum
2641 1269 2858 1325 multas.
2886 1289 2904 1320 ι
2934 1266 3117 1321 Melius
3137 1267 3300 1338 igitur
3325 1269 3489 1323 etiam
3509 1285 3634 1323 vera

363 1372 582 1423 dicendo
610 1369 892 1430 balbutire,
919 1382 1081 1437 quam
1112 1363 1414 1418 mentiendo
1456 1361 1700 1416 Platonis
1718 1363 1927 1432 copiam
1958 1369 2006 1415 et
2031 1362 2352 1432 gravitatem
2374 1364 2688 1435 exprimere.
2718 1361 2897 1432 Neque
2928 1361 3063 1414 enim
3083 1368 3206 1413 tunc
3227 1360 3634 1415 admirationem

366 1468 597 1513 meretur
619 1459 813 1522 oratio,
840 1472 960 1509 cum
982 1456 1249 1525 profluens
1271 1462 1427 1507 extra
1451 1451 1644 1506 limites
1677 1454 1874 1523 fertur,
1946 1451 2039 1505 sed
2069 1468 2190 1506 cum
2213 1452 2540 1524 longitudine
2578 1455 2807 1517 modica,
2835 1454 3112 1506 sententiis
3146 1452 3427 1507 abundans
3455 1471 3517 1507 ac
3546 1455 3633 1507 dic

369 1569 456 1607 ves
479 1553 657 1621 fuerit,
688 1560 738 1605 et
769 1552 823 1605 in
853 1550 1127 1613 brevitate,
1179 1549 1575 1619 perspicuitate,
1620 1548 2014 1617 venustatisque
2046 1545 2309 1617 neglectu,
2362 1549 2503 1618 quod
2548 1550 2843 1603 necessario
2887 1548 3209 1601 tradendum
3260 1556 3355 1610 est,
3396 1546 3638 1616 quodque

368 1660 491 1697 cum
525 1645 582 1697 in
620 1644 740 1713 ipsa
770 1641 1036 1706 doctrina,
1085 1654 1198 1693 tum
1224 1640 1280 1692 in
1311 1638 1541 1692 moribus
1565 1637 1828 1708 splendet,
1872 1638 2327 1710 comprehenderit
2356 1647 2517 1709 atque
2548 1640 2606 1694 in
2645 1642 2879 1695 medium
2909 1637 3213 1709 protulerit.
3258 1656 3278 1689 ί
3315 1636 3636 1707 Spiritualia

362 1744 737 1809 comparantes
758 1744 807 1790 et
826 1734 1178 1805 diiudicantes
1198 1735 1242 1798 ',
1273 1750 1292 1783 ι
1322 1740 1377 1785 ut
1400 1747 1679 1787 sacrarum
1696 1731 2024 1787 Litterarum
2049 1749 2153 1789 non
2196 1734 2398 1804 ignari.
2423 1742 2473 1787 et
2499 1733 2730 1804 probati,
2760 1735 2903 1789 haud
2934 1735 3185 1796 nitidam,
3207 1731 3396 1803 ﬁguris
3422 1733 3636 1787 involu-

367 1838 504 1896 tam,
554 1828 886 1892 tornatilem,
915 1837 963 1878 et
998 1826 1062 1879 ab
1093 1825 1322 1892 artiﬁcio
1350 1824 1646 1894 profectam
1680 1824 2138 1896 compositionem,
2163 1826 2547 1898 verborumque
2595 1837 2915 1882 ornamenta
2947 1828 3023 1897 (in
3051 1827 3237 1897 quibus
3277 1843 3639 1897 smpenumero

364 1923 629 1993 exquisita
662 1920 869 1975 dicendi
894 1920 1203 1974 exercitatio
1232 1918 1566 1971 mendacium
1601 1916 1855 1987 occultat,
1882 1935 1985 1990 quo
2014 1919 2403 1975 inconsiderate
2433 1920 2682 1993 legentes,
2712 1938 2806 1975 nec
2832 1921 2968 1976 lecta
3003 1923 3325 1976 excutientes
3346 1921 3638 1975 detrimen-

362 2031 475 2078 tose
511 2022 873 2090 irretiuntur),
904 2035 1087 2075 verum
1118 2017 1426 2081 illustratte,
1455 2026 1503 2072 et
1533 2018 1849 2091 euangelicis
1879 2019 2113 2074 oraculis
2154 2019 2509 2089 confirmatae,
2536 2031 2586 2075 et
2614 2035 2923 2092 quanquam
2945 2035 3049 2074 non
3074 2018 3188 2073 sine
3217 2016 3558 2073 barbarismis
3586 2025 3638 2072 et

360 2116 672 2171 solaecismis
693 2114 1081 2185 pronuntiata,
1104 2112 1343 2167 veritatis
1374 2116 1672 2166 orationem
1705 2112 2032 2167 desiderant.
2071 2113 2251 2179 Quare
2302 2114 2603 2185 quicunque
2626 2117 2729 2169 ista
2759 2112 3012 2181 ﬁdeliter,
3043 2110 3195 2166 nulla
3224 2112 3450 2177 invidia,
3486 2111 3639 2167 nulla

373 2208 702 2270 curiositate,
735 2207 871 2259 citra
899 2218 1108 2259 omnem
1155 2202 1553 2258 simulationem
1583 2203 1933 2275 fraudemque
1972 2202 2179 2277 legerit,
2224 2205 2280 2261 in
2301 2207 2483 2277 paucis
2533 2222 2626 2260 nec
2658 2206 2889 2261 obscuris
2934 2203 3461 2276 interrogationibus,
3496 2220 3640 2275 prae-

365 2303 529 2371 ceptis
558 2310 607 2354 et
629 2299 1073 2369 responsionibus,
1099 2311 1217 2364 quae
1254 2297 1472 2351 diversis
1521 2298 1765 2352 aetatibus
1789 2316 1821 2351 a
1851 2297 2149 2353 doctoribus
2175 2298 2424 2353 Ecclesia:
2450 2297 2722 2352 catholica:
2789 2305 3051 2368 tanquam
3079 2296 3315 2367 ejusdem
3348 2296 3639 2350 luminibus

360 2408 428 2448 ac
443 2392 705 2446 sideribus
728 2406 888 2453 super
908 2389 1219 2443 necessariis
1249 2387 1563 2456 quibusdam
1592 2386 1720 2456 ﬁdei
1761 2396 1956 2443 nostra:
1988 2389 2247 2459 capitibus
2273 2387 2505 2442 dilucide
2538 2390 2762 2459 quaesita
2812 2396 2861 2441 et
2892 2387 3183 2457 explanata
3211 2395 3355 2450 sunt,
3388 2387 3638 2440 inveniet.

363 2484 494 2550 Qua:
524 2484 732 2556 quidem
758 2485 932 2538 studio
954 2492 1002 2537 et
1021 2481 1204 2536 labore
1232 2497 1337 2535 non
1366 2481 1581 2536 minimo
1611 2482 1976 2535 sanctissimus
2004 2481 2279 2536 solitarius
2301 2480 2601 2552 Philippus,
2625 2480 2695 2535 ad
2716 2480 3124 2548 aediﬁcationem
3147 2487 3195 2533 et
3217 2478 3504 2533 utilitatem
3522 2476 3639 2532 sal-

365 2581 484 2633 uari
510 2578 864 2648 cupientium,
899 2578 952 2635 in
981 2590 1147 2628 unum
1169 2588 1357 2643 corpus
1383 2571 1614 2644 collegit.
1635 2573 1744 2628 Nec
1769 2575 1867 2627 illa
1903 2572 2074 2628 solum
2100 2590 2220 2639 qua
2243 2573 2307 2628 ab
2333 2573 2581 2629 Ecclesia:
2614 2574 2881 2644 magistris
2900 2575 3121 2644 scripta,
3146 2574 3246 2627 sibi
3275 2572 3636 2643 conquirenda

365 2673 517 2726 duxit
548 2670 679 2724 :sed
711 2667 879 2723 multa
913 2668 1130 2736 insuper
1151 2664 1215 2719 ab
1243 2682 1299 2720 se
1321 2667 1533 2720 inventa
1584 2674 1633 2719 et
1664 2667 1963 2736 excogitata
2011 2666 2424 2721 orthodoxorum
2454 2667 2842 2737 proborumque
2888 2665 3083 2720 animis
3134 2663 3397 2719 salutaria
3419 2662 3638 2731 adiecit.

362 2766 554 2835 Itaque
582 2766 637 2818 in
661 2764 759 2818 hoc
776 2777 933 2832 scapo
965 2777 1030 2815 ac
1057 2759 1165 2828 ﬁne
1185 2761 1359 2814 cordis
1385 2759 1598 2814 oculum
1634 2758 1864 2831 deﬁgere
1907 2767 2136 2831 oportet.
2170 2760 2355 2816 Oratio
2385 2776 2614 2830 namque
2633 2769 2928 2823 structura,
2963 2761 3246 2823 varietate,
3277 2758 3559 2827 festivitate
3590 2766 3642 2810 et

363 2858 630 2929 elegantia
663 2858 1053 2927 quodammodo
1085 2856 1498 2925 transformata,
1524 2856 1833 2909 tractationi
1853 2856 2136 2925 proposita
2174 2855 2557 2919 incommodat,
2592 2854 2717 2907 dum
2769 2853 2996 2907 latenter
3039 2868 3221 2907 eorum
3247 2865 3365 2922 qua:
3397 2849 3646 2921 leguntur

362 2951 779 3020 intelligentiam
804 2950 1053 3020 surripit,
1080 2959 1127 3003 et
1155 2948 1332 3019 offusis
1360 2945 1589 2999 tenebris
1622 2961 1732 2999 rem
1757 2948 1932 3017 ipsum
1954 2946 2249 3016 perspicere
2277 2962 2341 3000 ac
2361 2956 2646 3017 penetrare
2677 2955 2841 3001 vetat.

436 3043 612 3099 Porro
645 3046 985 3116 semetipsum
1037 3043 1263 3114 alloqui,
1310 3052 1359 3097 et
1388 3060 1481 3115 per
1538 3042 1961 3114 prosopopteiam
1995 3041 2114 3109 (hoc
2147 3048 2248 3105 est,
2305 3057 2545 3111 persona:
2595 3037 2883 3109 ﬁctionem)
2912 3040 3152 3093 animam
3201 3037 3554 3105 interrogare,
3594 3040 3646 3086 et

365 3152 578 3190 rursum
644 3136 806 3191 dubia
887 3152 983 3192 seu
1044 3135 1279 3206 difﬁcilia
1345 3136 1552 3191 sibimet
1611 3134 1899 3188 dissolvere
1941 3170 1959 3198 ,
2038 3140 2151 3186 tum
2176 3134 2240 3187 iis
2302 3134 2391 3202 qui
2443 3132 2537 3187 sub
2592 3132 2702 3206 lege
2774 3134 3040 3202 antiqua,
3086 3138 3198 3184 tum
3259 3128 3324 3183 iis
3392 3126 3481 3197 qui
3546 3125 3644 3179 sub

364 3229 543 3298 gratia
604 3228 779 3283 vivunt
822 3229 1193 3297 vixeruntque,
1231 3226 1465 3281 solemne
1522 3234 1570 3279 et
1622 3225 1880 3280 usitatum
1932 3233 2030 3279 est.
2080 3244 2098 3276 ι
2126 3224 2374 3292 Benedic,
2419 3227 2602 3282 anima
2657 3239 2795 3283 mea.
2823 3222 3069 3289 Domino,
3133 3241 3153 3275 ι
3183 3224 3256 3274 ait
3296 3218 3541 3284 David';
3573 3223 3647 3281 et,

373 3341 392 3375 ι
436 3320 733 3387 Converte,
761 3322 948 3376 anima
993 3337 1109 3374 mea
1145 3360 1161 3385 ,
1194 3320 1250 3373 in
1304 3320 1537 3391 requiem
1588 3327 1737 3371 tuam
1772 3318 1816 3372 ’⁵.
1857 3336 1875 3369 ι
1908 3317 1976 3372 Et
2020 3318 2085 3371 de
2130 3333 2189 3371 eo
2227 3320 2316 3387 qui
2363 3326 2479 3372 erat
2504 3319 2559 3371 in
2604 3315 2767 3371 Deum
2797 3317 2970 3377 dives.
2999 3323 3191 3371 narrat
3231 3312 3523 3375 Dominus,
3567 3311 3648 3365 ita

367 3414 621 3479 locutum,
665 3431 685 3465 ι
728 3415 915 3468 Dicam
941 3414 1137 3467 anima:
1159 3426 1289 3467 mea:
1319 3426 1337 3466 :
1365 3411 1583 3474 Anima,
1617 3408 1775 3464 habes
1821 3407 1991 3464 multa
2033 3410 2169 3464 bona
2197 3409 2242 3465 '.
2281 3428 2299 3462 ι
2339 3408 2407 3464 Et
2456 3408 2923 3481 Hymnographus,
2955 3406 3170 3473 Anima,
3226 3419 3345 3476 qua:
3374 3406 3455 3459 hic
3497 3413 3645 3470 sunt,

371 3518 715 3579 temporanea
742 3514 889 3564 sunt.
913 3506 985 3562 Et
1011 3506 1076 3562 ab
1111 3504 1233 3561 aliis
1257 3502 1367 3560 alia
1395 3504 1451 3559 id
1468 3519 1632 3576 genus
1661 3518 1801 3574 sa'pe
1826 3502 2029 3574 scripta
2050 3510 2199 3556 sunt.

443 3664 461 3697 ί
501 3662 644 3719 Psal.
677 3678 864 3727 mm,
898 3663 988 3718 16.
1064 3662 1086 3696 ²
1116 3662 1137 3718 l
1171 3661 1299 3717 Cor.
1330 3675 1392 3717 ιι.
1470 3659 1492 3693 ³
1519 3659 1663 3718 Psul.
1700 3677 1793 3724 cu,
1823 3660 1876 3717 1.
1955 3662 1975 3690 ⁸
2004 3657 2037 3714 Ρ

1336 3675 1392 3717 ιι.
1470 3659 1492 3693 ³
1519 3659 1663 3718 Psul.
1700 3677 1793 3724 cu,
1823 3660 1876 3717 1.
1955 3662 1975 3690 ⁸
2004 3657 2147 3715 Ρδςιι.
2179 3674 2325 3727 cuv,
2375 3661 2421 3715 l.
2497 3660 2519 3692 '
2547 3659 2679 3717 Luc.
2714 3678 2812 3731 stt,
2846 3661 2870 3718 1
2915 3699 2930 3717 .

1394 4041 2033 4135 ΡΒΑΞΣΡΑΊἸΟ
2107 4042 2661 4138 PHIALITI

440 4238 648 4318 Super
690 4235 1138 4302 emendatione
1172 4237 1476 4316 Dioptm,
1519 4254 1735 4319 quam,
1775 4234 2027 4299 hortatu
2066 4238 2419 4302 beatis~imi
2447 4238 2758 4323 Dionysii,
2804 4242 3229 4325 metropolitte
3254 4241 3613 4324 Mitylenes,

1046 4360 1241 4424 domo
1273 4362 1754 4439 Peloronnesii,
1787 4372 1853 4428 et
1886 4373 2317 4444 cognomento
2365 4367 2635 4445 Euzoiti,
2675 4368 2983 4449 suscepit.

458 4683 715 4740 Volumen
742 4685 857 4750 hoc,
880 4684 1111 4741 DIOPTBA
1137 4687 1470 4758 inscriptum,
1494 4702 1530 4739 a
1554 4686 1836 4761 Philippo,
1868 4693 2362 4762 virosanctissfnto,
2396 4693 2743 4761 compositum
2770 4708 2906 4758 esse,
2955 4707 3176 4763 eumque
3229 4691 3571 4747 suadentibus
3603 4700 3652 4747 et

376 4777 710 4835 hortantibus
734 4784 1010 4846 parentem
1035 4786 1085 4830 et
1138 4777 1603 4844 obsecundantem,
1644 4796 1750 4833 non
1781 4792 1967 4853 suopte
2000 4794 2130 4837 nutu
2156 4799 2220 4836 ac
2241 4780 2514 4837 voluntate
2531 4783 2587 4836 id
2638 4784 2940 4852 confecisse,
2996 4794 3055 4837 ut
3080 4800 3174 4854 per
3195 4799 3252 4838 se
3272 4783 3393 4853 jam
3444 4793 3649 4849 notum,

377 4880 482 4923 non
520 4879 593 4923 est
617 4868 700 4923 hic
720 4867 985 4924 verbosius
1002 4876 1342 4924 asserendum
1365 4869 1672 4942 :Pliilippo,
1698 4874 1939 4943 inquam,
1970 4876 2061 4946 qui
2086 4876 2409 4946 temporibus
2437 4876 2621 4946 magni
2650 4877 2995 4947 imperatoris
3016 4876 3213 4941 Alexii,
3236 4878 3411 4932 instar
3447 4876 3653 4930 corusci

377 4958 594 5016 luminis
612 4962 821 5017 virtutis
847 4961 1099 5018 claritate
1124 4962 1340 5035 effulsit.
1372 4963 1521 5018 Illud
1554 4982 1762 5037 quoque
1782 4977 1985 5023 certum
2020 4980 2120 5034 est,
2144 4971 2319 5040 ipsum
2363 4970 2686 5036 abundasse,
2718 4979 2770 5027 et
2801 4972 2887 5026 hic
2923 4975 3088 5026 etiam
3122 4971 3399 5027 abundare
3436 4972 3649 5042 optimis

376 5066 442 5106 ac
460 5051 793 5108 salutaribus
816 5055 1347 5110 commentationibus
1372 5066 1531 5127 atque
1553 5059 1831 5113 sententiis
1865 5075 1882 5113 :
1918 5075 2051 5131 quas
2079 5064 2277 5131 partim
2305 5078 2331 5116 e
2355 5061 2636 5133 Scriptura
2652 5071 2838 5118 sancta
2858 5064 3125 5119 ‘derivavit
3182 5066 3381 5134 partim
3408 5081 3472 5119 ea:
3493 5079 3654 5123 semet

377 5144 698 5214 deprompsit
730 5162 793 5199 ac
812 5146 1052 5215 digessit.
1076 5145 1369 5213 Caterum,
1395 5147 1537 5217 quod
1560 5149 1632 5202 ad
1654 5150 1900 5205 dictionis
1922 5150 2242 5222 elegantiam
2267 5160 2314 5207 et
2336 5151 2645 5208 elocutionis
2676 5152 2924 5225 leporem,
2941 5156 3348 5209 concinnitatem
3376 5171 3440 5208 ac
3465 5170 3653 5208 nume-

379 5253 500 5291 rum
534 5239 746 5303 attinet,
791 5255 897 5292 non
933 5241 1062 5295 bene
1088 5256 1144 5294 se
1172 5256 1252 5294 res
1278 5241 1521 5308 habebat,
1550 5246 1691 5314 quod
1717 5244 1957 5298 videlicet
1982 5243 2147 5299 Pater
2175 5245 2265 5300 ille
2298 5247 2650 5302 admirandus
2674 5249 2804 5315 hwc,
2832 5258 2887 5301 ut
2916 5255 3163 5318 apparet,
3212 5249 3268 5301 in
3298 5248 3530 5302 minimis
3560 5249 3656 5301 du-

378 5339 518 5386 ceret
536 5347 554 5385 :
572 5332 635 5386 de
661 5332 777 5386 sola
799 5334 1020 5387 veritate
1036 5332 1372 5404 utilitateque
1388 5337 1661 5390 hominum
1679 5337 1973 5405 laboraret,
1996 5354 2101 5407 qua
2121 5338 2255 5394 nihil
2268 5338 2560 5409 pulchrius,
2592 5338 2730 5396 nihil
2755 5339 3097 5409 fructuosius,
3123 5356 3187 5393 ne
3203 5340 3320 5410 ipsa
3344 5340 3550 5411 quidem
3572 5346 3655 5399 vet

378 5426 641 5497 sapientia
659 5426 918 5491 Platonis,
938 5426 1019 5482 vel
1036 5426 1333 5497 eloquentia
1348 5428 1733 5494 Demosthenis,
1753 5430 1836 5483 vel
1850 5431 2085 5502 gravitas
2101 5430 2437 5502 Thucydidis.
2460 5431 2598 5497 Quid
2617 5434 2755 5487 enim
2768 5433 2878 5487 hate
2896 5434 3075 5487 omnia
3088 5439 3232 5492 sunt,
3252 5432 3299 5485 si
3314 5448 3432 5486 cum
3448 5440 3659 5486 senten-

383 5520 470 5574 tiis
492 5520 627 5573 hisce
657 5519 950 5574 lectissimis
982 5529 1359 5589 comparentur
1384 5518 1581 5584 iQuod
1614 5538 1720 5575 non
1738 5524 2011 5591 ignorant,
2032 5524 2123 5593 qui
2146 5539 2235 5577 eas
2267 5533 2484 5577 norunt.
2506 5523 2613 5579 Sed
2642 5525 2894 5578 hactenus
2923 5525 3028 5578 ista
3074 5523 3176 5594 fuit
3209 5524 3368 5592 huius
3395 5524 3512 5579 libri
3534 5540 3657 5577 con-

385 5613 536 5678 ditio,
568 5613 1012 5685 pulchritudoque
1043 5612 1279 5683 Dioptrae
1315 5615 1726 5680 sententiarum,
1765 5624 1959 5671 caetera
1983 5617 2127 5670 haud
2144 5634 2274 5672 sane
2300 5617 2524 5688 pulchra
2564 5617 2839 5672 videbatur
2864 5633 2882 5671 :
2908 5616 3000 5671 sed
3027 5627 3144 5672 erat
3189 5634 3325 5671 auro
3351 5619 3551 5688 frustra
3591 5631 3655 5669 ac

391 5717 583 5760 temere
612 5707 847 5779 projecto
877 5705 1097 5771 similis;
1145 5716 1236 5760 aut
1263 5706 1341 5778 (ut
1365 5706 1474 5762 alio
1490 5707 1730 5778 exemplo
1753 5725 1863 5762 rem
1881 5708 2230 5779 declaremus)
2251 5710 2435 5766 arbori
2451 5710 2693 5782 speciosis
2710 5709 2918 5781 quidem
2942 5712 3111 5781 pomis
3125 5712 3361 5784 gravida!
3385 5722 3433 5766 et
3455 5718 3656 5764 onusta:

392 5797 480 5851 sed
505 5795 642 5864 foliis
662 5814 925 5861 nusquam
959 5799 1189 5852 comanti
1220 5806 1268 5851 et
1311 5799 1505 5851 idcirco
1539 5798 1609 5853 ad
1630 5810 1899 5868 aspectum
1930 5800 2192 5856 indecora:
2218 5819 2280 5856 ac
2335 5803 2641 5858 invenustte.
2688 5800 2860 5857 Porro
2917 5802 3084 5858 bonus
3144 5803 3447 5858 Lesbiarum
3477 5811 3661 5875 pastor
