4036 6416
386 359 496 423 709
1840 367 2198 431 DIUPTRA.
3564 386 3669 451 710

388 474 691 546 Lionysius,
714 490 833 529 cum
863 475 916 529 in
951 474 1138 529 librum
1167 477 1259 535 sic.
1304 484 1357 528 nt
1382 476 1633 541 diximus,
1671 481 1946 532 habentem
1973 479 2263 540 incidisset.
2314 481 2392 534 ita
2444 481 2796 538 incorrectum
2845 494 2895 541 et
2925 487 3206 558 informem
3267 492 3672 566 relinquendum

385 578 490 617 mm
523 567 750 631 putavit,
780 582 872 620 nec
923 566 1139 636 reliquit
1170 582 1189 620 :
1220 566 1312 619 sed
1355 583 1613 636 germana
1661 577 1710 621 et
1758 568 2000 640 diligenti
2032 587 2193 643 opera
2225 581 2410 625 nostra
2444 574 2647 630 debitas
2674 578 2723 629 ei
2752 582 3146 636 emendatioaes
3184 586 3448 643 adhibuit.
3479 589 3675 654 Quum.

387 668 495 712 tum
527 667 785 729 quantum
819 661 961 714 enim
988 668 1095 713 toto
1122 675 1277 728 opere
1295 659 1620 714 salebrosum
1646 671 1693 715 et
1711 661 1968 715 absonum
2000 674 2137 730 erat,
2178 681 2272 718 ceu
2324 666 2620 719 marcidum
2642 669 2911 739 quoddam
2936 674 3141 727 senium
3189 678 3298 730 sive
3321 681 3480 733 situm
3503 684 3669 737 abra-

380 751 508 804 dens
542 754 697 822 quasi
730 768 923 806 novum
983 767 1047 805 ac
1073 760 1309 822 vegetum
1339 754 1612 823 proastitit,
1649 752 1862 825 repulsa
1886 754 2010 809 inde
2040 757 2186 809 omni
2212 758 2479 823 barbarie,
2530 769 2578 812 et
2609 761 2865 830 quidquid
2916 764 2972 815 in
2995 770 3361 825 consecutione
3403 778 3667 831 orationis

381 843 624 898 vitiosum
650 852 807 908 erat;
846 852 1056 903 contra,
1092 846 1286 909 nitore,
1338 846 1785 910 concinniludine,
1840 850 2240 918 compositione,
2268 858 2515 922 certaque
2549 868 2889 908 numerorum
2923 857 3287 916 moderatione
3338 865 3583 934 inducta,
3614 879 3664 923 et

382 941 573 1008 ubique
604 938 719 991 luce
745 939 1140 1009 perspicuitatis
1168 938 1347 993 illam.
1376 940 1441 993 In
1480 942 1631 995 rebus
1659 951 1836 995 autem
1869 944 1998 1013 ipsis
2034 944 2169 999 nihil
2196 944 2278 999 vel
2307 955 2659 1011 contractunt,
2712 950 2794 1004 vel
2824 952 3086 1018 ablatum,
3116 958 3210 1010 sed
3259 962 3439 1015 omnia
3470 964 3542 1016 ad
3563 981 3662 1018 au-

380 1033 542 1086 ctoris
566 1030 880 1084 memoriam
908 1030 1113 1098 integra
1144 1039 1451 1085 conseri-ala
1474 1040 1619 1086 sunt.
1650 1029 1802 1097 Quod
1838 1032 1996 1103 facile
2032 1044 2328 1107 cognoscet,
2361 1039 2453 1103 qui
2478 1055 2668 1093 novam
2700 1042 2837 1095 hanc
2862 1052 2910 1096 et
2942 1058 3202 1101 recentem
3232 1048 3512 1120 Dioptram
3543 1071 3662 1109 cum

378 1128 554 1196 prima
589 1134 638 1178 et
664 1126 824 1177 veteri
854 1123 951 1177 illa
990 1122 1244 1178 collatam
1274 1127 1609 1196 perpenderit
1634 1134 1682 1179 et
1726 1128 2073 1192 exaininarit,
2105 1131 2264 1200 inque
2286 1131 2512 1201 singulis
2556 1148 2769 1187 sensum
2792 1136 3218 1205 ponderarit,.ac
3243 1143 3502 1213 reliquam
3532 1161 3660 1198 ora-

379 1217 538 1269 tionis
560 1219 664 1269 vim
698 1215 1011 1281 explorarit.
1049 1214 1141 1269 Vel
1159 1232 1295 1270 ειεεο
1328 1227 1577 1287 apparet,
1615 1227 1672 1271 ut
1703 1216 1862 1273 l’lato
1890 1220 1989 1275 ait.

396 1352 3603 1388 _______________________________

780 1497 1196 1560 PHILIPPUS
1232 1498 1700 1562 SOLITARIUS,
1738 1497 2143 1566 PECCATOR,
2180 1498 2552 1558 ABJECTL’S
2581 1501 2677 1558 ET
2707 1504 3203 1576 PEREGRINUS,

1395 1635 1804 1696 CALLINICO
1833 1636 2202 1695 MONACIIO
2232 1637 2597 1697 SALUTEM.

444 1868 707 1927 Petitioni
737 1875 865 1935 tute,
902 1883 1218 1939 quanquam
1254 1868 1483 1934 invitus,
1516 1878 1743 1942 propter
1763 1868 2099 1925 obedientiw
2127 1879 2309 1925 tamen
2336 1879 2391 1926 et
2420 1871 2709 1928 charitatis
2730 1871 2970 1928 fructum
2989 1873 3311 1939 obsecutus,
3343 1882 3401 1931 et
3430 1875 3656 1946 expleto

371 1977 599 2019 munere
631 1962 779 2033 quod
815 1960 951 2016 mihi
989 1959 1323 2031 imposuisti,
1357 1961 1672 2016 venerande
1717 1962 1879 2017 Pater
1925 1962 2206 2028 fraterque
2262 1960 2550 2027 Callinice,
2582 1963 2770 2018 omnia
2800 1964 3058 2019 versibus
3083 1966 3344 2036 politieis,
3379 1976 3437 2023 et
3488 1968 3657 2024 libris

370 2068 636 2129 quatuor,
672 2061 1052 2134 interrogandi
1085 2079 1150 2118 ac
1195 2062 1571 2134 respondendi
1608 2062 1783 2117 forma
1812 2070 2056 2127 servata,
2090 2062 2411 2131 complexus
2436 2075 2580 2115 sum.
2610 2061 2806 2129 Anima
2867 2063 3089 2131 quaerit,
3142 2062 3289 2118 Caro
3324 2066 3646 2134 respondet.

369 2152 509 2209 Sunt
545 2165 732 2210 autem
769 2172 858 2212 res
881 2155 1226 2226 huiusmodi,
1255 2172 1379 2227 qua:
1418 2173 1528 2212 non
1554 2154 1621 2211 ad
1655 2170 1820 2211 aures
1856 2164 1978 2211 tuas
2036 2153 2455 2215 demulcendas,
2488 2154 2583 2208 sed
2613 2153 2680 2208 ad
2711 2154 2950 2208 animam
3008 2154 3420 2211 exhilarandam
3462 2158 3654 2213 valere

367 2255 619 2314 possunt.
651 2245 827 2303 lloscc
853 2249 1028 2303 libros
1058 2249 1290 2319 accipe:
1344 2249 1469 2305 etsi
1508 2249 1642 2320 quid
1694 2264 1890 2320 parum
1940 2257 2374 2303 consentaneum
2416 2244 2741 2312 otl‘enderis,
2792 2246 3090 2317 imperitiae
3113 2248 3518 2318 rusticitatique
3548 2268 3647 2308 no-

362 2344 492 2390 strze
516 2336 733 2391 veniam
765 2331 946 2393 tribue
977 2355 993 2394 :
1022 2353 1125 2394 nec
1170 2339 1226 2394 in
1258 2339 1444 2395 verbis
1478 2340 1613 2410 ipsis
1644 2339 1851 2394 inbuere
1874 2354 1893 2392 :
1924 2353 2031 2393 neu
2056 2338 2395 2409 elegantiam
2430 2337 3123 2407 ine‘legantem-cansidera
3152 2340 3307 2407 (sane
3326 2342 3477 2393 enim
3503 2342 3648 2398 nihil

364 2430 419 2483 in
455 2429 543 2483 his
572 2429 677 2484 nisi
709 2430 932 2501 vulgare
967 2431 1133 2497 inest,
1169 2441 1225 2486 et
1246 2432 1447 2503 agreSIi
1484 2432 1701 2487 inscitia
1741 2432 1903 2503 plena
1928 2441 2060 2487 sunt
2093 2432 2327 2497 omnia),
2359 2429 2457 2485 sed
2487 2429 2776 2485 offerentis
2798 2430 3173 2485 obedientiam
3205 2445 3269 2486 ac
3299 2429 3645 2501 propositum

362 2522 717 2592 amplectere.
746 2522 902 2590 Quod
937 2525 980 2577 si
1007 2524 1137 2594 quid
1180 2525 1460 2580 laudabile
1489 2525 1695 2581 dictum
1740 2526 2072 2591 occurrerit,
2095 2524 2161 2581 ad
2192 2524 2368 2579 Deum
2426 2536 2709 2580 auctorem
2746 2524 3042 2588 referatur,
3077 2524 3288 2592 illique,
3325 2534 3385 2577 ut
3421 2535 3517 2591 par
3538 2529 3644 2588 est,

362 2614 554 2669 laudes
589 2615 851 2671 dicantur
876 2625 931 2672 et
994 2617 1183 2688 gratizr
1216 2617 1548 2683 habeantur,
1585 2617 1680 2688 qui
1708 2618 1875 2671 etiam
1904 2616 2105 2671 idiotas
2137 2615 2205 2670 ad
2240 2617 2681 2671 emolumentum
2707 2616 3053 2671 audientium
3092 2617 3377 2687 sapientes
3411 2613 3594 2668 reddit
3625 2650 3642 2674 .

361 2716 421 2763 tt
445 2711 708 2765 virtutem
736 2726 891 2767 suam
924 2710 981 2766 in
1007 2709 1328 2765 infirmitate
1351 2710 1573 2781 perlicit
1599 2712 1642 2764 °.
1668 2711 1724 2764 Si
1760 2709 1893 2780 quid
1921 2710 2162 2764 vicissim
2188 2707 2511 2778 imperfecte
2537 2720 2591 2763 et
2622 2709 2863 2764 inaniter
2894 2709 3159 2779 scriptum
3196 2708 3495 2778 repereris,
3535 2703 3642 2758 huc

365 2815 544 2856 manat
592 2804 960 2860 imbecillitati
989 2804 1235 2876 ignosce,
1258 2820 1400 2874 quas,
1434 2804 1504 2858 ab
1523 2803 1872 2876 ignoratione
1917 2804 2154 2873 quadam
2189 2803 2393 2874 majore
2416 2801 2713 2873 impedita,
2746 2816 2848 2857 nec
2873 2818 2995 2873 quae
3023 2803 3215 2864 voluit,
3238 2817 3345 2857 nec
3374 2800 3641 2871 quemad-

363 2892 588 2949 modum
620 2895 795 2951 voluit
826 2896 1028 2963 litteris
1064 2896 1326 2951 mandare
1354 2895 1647 2966 potuit.‘Et
1672 2897 1934 2968 quoniant
1964 2894 2393 2966 fratrumjussis
2424 2910 2545 2949 mos
2597 2896 2878 2966 gerendus
2903 2905 3008 2959 est,
3042 2894 3157 2949 haec
3209 2893 3330 2955 tibi.
3390 2894 3554 2947 Pater
3582 2902 3639 2945 et

362 2987 576 3053 Frater,
617 2990 791 3042 multo
836 3003 960 3043 cum
992 2990 1193 3044 timore
1231 2996 1286 3044 et
1314 2989 1623 3044 reverentia
1646 2987 1975 3059 conscripsi,
2008 3004 2218 3059 proque
2258 2997 2419 3059 captu
2458 3003 2584 3042 meo
2615 2987 2914 3058 perexiguo
2941 3003 2972 3043 e
3009 2988 3184 3043 sacris
3208 2985 3515 3055 Scripturis
3543 2998 3622 3045 nc-

367 3083 632 3149 ccssaria,
661 3083 842 3149 utilia,
874 3092 1089 3154 tuaeque.
1115 3083 1853 3142 sanetitaticonducibiliora
1900 3084 2188 3155 magisque
2229 3091 2544 3152 opportuna
2605 3081 2865 3152 decerpta
2904 3082 3081 3137 libens
3135 3081 3282 3136 misi.
3317 3077 3639 3134 Precaberis

356 3177 527 3234 Deum
556 3195 659 3248 pro
687 3194 774 3234 me
802 3180 1045 3241 assiduo,
1072 3178 1232 3233 Pater
1259 3178 1311 3232 in
1355 3178 1551 3247 primis
1578 3177 1913 3246 venerande,
1945 3194 2055 3249 quo
2090 3176 2223 3232 mihi
2263 3175 2465 3230 delicta
2494 3190 2614 3230 mea
2652 3174 3043 3231 condonentur
3069 3191 3083 3230 :
3114 3182 3193 3240 ut,
3216 3171 3461 3228 t'uzlcstia
3492 3170 3639 3225 bona

354 3279 710 3334 consecutus,
737 3286 903 3343 regno
934 3270 1030 3328 illo
1047 3270 1255 3342 perfrui
1276 3285 1495 3341 queam.

460 3409 531 3465 'l
568 3409 698 3466 Cur.
732 3427 828 3467 xu.

2494 3538 2515 3545 ...
2526 3538 2545 3545 ..
2566 3536 2919 3547 ———.———————o

1598 3638 1789 3695 IDEM
1830 3637 1927 3694 AD
1961 3634 2377 3693 LECTOREM.

428 3760 506 3816 Ad
535 3761 692 3813 rudes
728 3773 823 3829 ego
856 3757 1003 3811 rudis
1027 3771 1133 3826 qua
1155 3769 1370 3826 possum
1392 3752 1651 3824 facultate
1675 3755 1894 3818 dissero,
1927 3768 2118 3823 eosque
2169 3768 2264 3818 pro
2288 3749 2429 3805 virili
2452 3765 2569 3803 mea
2600 3749 2880 3813 admoneo,
2912 3757 2962 3802 et
2982 3750 3183 3814 hortor,
3210 3760 3261 3804 et
3322 3761 3431 3806 tam
3461 3771 3627 3808 sa'cu-

356 3854 573 3917 laribus,
598 3869 760 3923 quam
783 3851 1089 3907 monasticis
1125 3846 1425 3903 hominibus
1453 3862 1646 3900 munus
1672 3847 1910 3916 ipsorum
1930 3844 1986 3897 in
2007 3850 2236 3897 mentem
2264 3857 2449 3896 revoco
2479 3858 2725 3897 sermone
2740 3861 2956 3914 prorsus
2977 3848 3258 3918 imperitis,
3279 3854 3336 3900 ut
3359 3863 3454 3915 ego
3472 3864 3630 3912 sum;

352 3962 517 4017 neque
556 3948 627 3999 ad
662 3945 963 4016 faciendam
985 3944 1305 4006 orationem,
1352 3941 1627 4009 ipsamque
1662 3944 1838 3991 artem
1863 3936 2136 4006 propensis
2167 3950 2331 4005 neque
2352 3936 2625 3989 rhetorum
2654 3937 2965 3991 eximiorum
3004 3946 3051 3990 et
3084 3937 3316 3992 scientia:
3342 3939 3627 4007 magistro-

350 4060 470 4096 rum
519 4041 741 4112 cupidis.
776 4040 948 4106 Atque
994 4038 1116 4091 ln'nc
1146 4043 1225 4090 est
1272 4033 1412 4103 quod
1462 4040 1780 4095 scommata,
1828 4038 1877 4084 et
1926 4029 2384 4101 reprehensionem
2437 4045 2619 4083 eorum
2649 4046 2752 4084 non
2807 4031 3012 4098 horreo,
3056 4032 3146 4101 qui
3177 4032 3406 4087 aliorum
3444 4032 3632 4100 lapsus

349 4135 577 4190 irridere
623 4139 1023 4187 consueverunt.
1050 4126 1155 4185 Sed
1175 4126 1315 4199 quod
1345 4125 1520 4197 potius
1544 4120 1711 4188 soleo,
1740 4121 1796 4177 id
1823 4123 1974 4191 sapio
2004 4121 2293 4193 etloquor.

848 5049 1075 5106 CAPUT
1114 5047 1409 5107 PRIMUM.
1620 5087 1627 5094 .
2031 5054 2371 5110 ctala,nunc
2411 5046 2651 5118 primum
2683 5047 2907 5104 domina
2944 5047 3203 5104 famulam
3235 5046 3594 5118 interrogabo

342 5141 628 5214 I’erspicue
667 5143 1086 5214 demonstratur,
1130 5139 1289 5214 ﬁdem
1337 5136 1579 5208 operibus
1614 5136 1922 5192 destitutam
2032 5136 2112 5190 'l‘u
2153 5145 2205 5191 te
2239 5136 2414 5207 erige,
2459 5147 2517 5193 et
2559 5139 2699 5195 doce
2744 5139 3021 5207 alacriter,
3054 5139 3303 5209 mihique
3339 5139 3611 5195 desidiam

919 5210 1052 5264 nihil
1089 5212 1351 5280 prodesse.
2028 5229 2361 5298 prater-itam
2387 5230 2629 5298 ignosce.

606 5327 806 5387 Aruns,
842 5325 1142 5396 discipula;
1176 5324 1342 5388 Cano,
1379 5323 1662 5395 magistra.
2097 5318 2265 5376 Cano.
2294 5324 2377 5376 An
2403 5338 2525 5393 ego,
2559 5324 2708 5393 quod
2741 5324 3004 5394 imperas,
3030 5323 3347 5380 detrectare
3376 5324 3618 5395 queam?

405 5421 603 5477 ANIIIA.
654 5419 898 5489 Tempus
946 5418 1235 5487 antiquum
1281 5424 1389 5480 est,
1434 5415 1547 5471 imo
1601 5413 1923 5483 antiquissi-
2029 5413 2245 5467 tametsi
2280 5413 2354 5468 ita
2380 5416 2597 5469 erudita
2629 5432 2736 5470 non
2768 5425 2997 5482 sum,nt
3024 5416 3124 5472 tibi
3152 5415 3377 5487 quidem
3399 5418 3612 5472 videor.

336 5531 509 5578 mum,
541 5529 651 5583 quo
686 5527 789 5567 nos
831 5512 900 5567 ab
944 5512 1193 5567 omnium
1228 5509 1542 5566 Conditore
1571 5523 1637 5563 ac
1668 5507 1916 5579 principe
2096 5505 2400 5561 ΑΝιΙΑ.-Αῑ
2451 5506 2599 5561 enim
2650 5523 2754 5563 nec
2786 5525 2888 5575 ego
2923 5508 3124 5565 artium
3159 5507 3470 5577 disciplinis
3506 5508 3609 5562 im-

332 5608 611 5666 fabricata:
641 5621 854 5669 sumus,
899 5620 1069 5659 unum
1103 5604 1306 5659 animal
1351 5605 1541 5667 homo,
1574 5617 1643 5657 ex
1678 5610 1915 5668 utroque
2022 5598 2154 5654 bula
2189 5615 2311 5654 sum
2382 5597 2637 5669 Loquere
2692 5600 2882 5671 igitur,
2921 5610 2978 5657 et
3024 5601 3176 5657 omni
3224 5601 3405 5671 posito
3433 5610 3610 5668 metu,

334 5700 567 5764 mundo,
595 5700 827 5753 mistura
856 5711 921 5752 ac
952 5703 1451 5766 temperamentum
1482 5691 1911 5747 nobilissimum.
2023 5693 2316 5761 responde,
2343 5691 2684 5762 qua-situque
2708 5708 2829 5748 mea
2860 5701 3111 5765 prompte
3135 5689 3396 5745 dissolve.

333 5795 451 5866 Ego
480 5807 611 5848 vero
647 5806 823 5862 usque
853 5790 906 5844 in
949 5790 1096 5844 hunc
1130 5788 1275 5843 diem
1306 5786 1446 5842 nihil
1485 5803 1551 5842 ex
1585 5797 1634 5842 te
1668 5801 1909 5856 percun-
2091 5782 2258 5837 Cano.
2326 5782 2589 5839 Ausculta
2642 5797 2802 5856 ergo,
2842 5796 2899 5840 et
2949 5785 3115 5840 dictis
3170 5782 3315 5839 meis
3355 5777 3582 5835 attende
