4036 6434
352 305 359 311 ’
415 353 516 420 7n

1683 347 2023 410 PHILIPPI
2066 347 2458 408 SOLITARII

3591 350 3698 417 ’112

417 466 812 535 Saepenumero
838 475 867 516 ι
908 458 1286 528 compluribus
1314 456 1524 522 audivi,
1553 456 1834 512 hominem
1882 458 2001 513 ani-
2030 473 2074 530 Α
2104 456 2197 527 qui
2227 466 2387 511 erant
2430 455 2618 510 Roma:
2651 453 2923 521 scribens,
2951 454 3028 511 ait
3057 469 3071 509 :
3112 476 3129 509 ι
3174 454 3535 513 Circumcisio
3567 462 3698 530 qni-

418 566 658 611 manlem
710 553 999 611 eximium,
1039 551 1403 618 omniumque
1434 547 1814 627 animantium
1866 547 1995 617 pul—

417 646 776 704 cherrimum,
812 654 1088 709 nunquam
1121 655 1152 693 a
1195 638 1495 694 Conditore
1550 653 1652 693 suo
1710 636 2000 707 suppliciis

421 734 678 788 traditum
736 730 828 792 iri,
879 729 924 782 si
981 728 1145 782 modo
1199 727 1429 782 salutari
1484 727 1710 781 ablutus
1752 727 1996 789 lavacro,

418 844 482 883 ac
516 828 618 880 ﬁde
647 825 910 895 praeditus
943 824 1142 888 fuerit;
1169 821 1475 876 ablutionis
1502 829 1708 883 autem,
1735 835 1800 874 ac
1831 819 1998 873 simul

417 919 545 973 ﬁdei
611 928 917 987 expertem,
976 917 1124 985 juste
1195 930 1386 984 poenas
1450 912 1790 966 subiturum.
1847 911 2000 978 Quos

416 1010 642 1079 quidem
674 1024 775 1078 pro
803 1023 870 1062 eo
905 1023 968 1061 ac
998 1006 1186 1061 decuit
1235 1005 1561 1075 ignorantiae
1605 1004 1994 1060 eondemnavi.

414 1102 653 1171 Insignis
702 1114 939 1167 namque
986 1109 1044 1152 et
1086 1098 1280 1151 doctor
1329 1096 1602 1149 maximus
1643 1094 1881 1149 Basilius
1923 1094 1997 1147 ita

417 1193 724 1247 sentientes
770 1191 929 1244 facile
964 1189 1185 1253 refellit,
1229 1188 1548 1257 optimeque
1579 1185 1741 1239 det-et
1773 1185 1826 1239 itt
1855 1184 1999 1238 hanc

414 1287 749 1339 sententiam
788 1299 801 1336 :
833 1297 957 1335 cum
988 1294 1180 1334 servus
1204 1278 1477 1349 quispiam
1511 1276 1798 1331 dominum
1827 1275 2003 1330 oﬂ'en-

414 1377 582 1439 derit,
612 1384 668 1429 ct
701 1374 934 1426 olfensio
976 1371 1065 1425 illa
1099 1371 1514 1425 miserationem
1557 1368 1779 1438 penitus
1810 1368 2001 1422 exclu-

412 1465 567 1529 serit,
614 1474 673 1519 ut
707 1465 1010 1519 secundum
1055 1463 1231 1532 legem
1265 1477 1427 1531 poena
1464 1461 1541 1517 illi
1571 1459 1866 1531 inlligcnda
1901 1458 1997 1523 sit,

413 1558 654 1626 primum
699 1556 946 1611 onmium
988 1556 1305 1618 damnatur,
1348 1554 1523 1625 gloria
1569 1553 1833 1618 nudatur,
1867 1567 2000 1622 spo-

411 1649 579 1703 liatur
610 1658 666 1704 et
694 1648 917 1719 ejicitur
966 1648 1186 1717 iisquae
1241 1647 1481 1700 habebat
1536 1644 1699 1699 bonis
1753 1647 2001 1699 tandem-

412 1756 519 1810 que
552 1740 889 1795 commeritzn
930 1754 1106 1807 paena:
1145 1737 1443 1792 addicitur.
1499 1737 1772 1791 Praeterea
1822 1735 1909 1790 lex
1942 1743 2000 1790 et

2117 549 2241 603 dem
2275 547 2499 617 prodest
2531 546 2576 601 si
2610 548 2785 617 legem
2820 556 3117 614 observes;
3148 547 3195 604 si
3222 557 3408 603 autem
3436 552 3699 620 pra-verb

2102 648 2256 692 eator
2306 637 2448 707 legis
2495 637 2591 703 sis,
2649 638 2998 692 circumcisio
3038 647 3130 692 tua
3175 639 3505 710 praeputium
3553 641 3697 699 facta

2098 737 2185 784 est
2217 728 2273 783 '.
2318 748 2336 779 ι
2375 729 2508 785 Nam
2538 728 2980 785 circumcisionis
3010 729 3066 784 in
3098 728 3322 785 Christo
3355 746 3477 801 quae
3508 747 3697 798 causa,

2101 834 2198 876 aut
2249 838 2373 891 qua:
2428 821 2649 892 gratia?
2694 837 2797 876 nec
2844 822 3013 876 etiam
3057 823 3313 893 prazputii
3359 825 3409 891 ’,
3453 824 3498 879 si
3552 825 3701 881 adsit

2100 915 2296 986 gratia.
2332 914 2726 967 Mandatorum
2779 913 3101 969 observatio
3154 914 3405 983 prodest,
3444 925 3505 969 ut
3557 917 3635 971 ait
3678 936 3695 974 :

2100 1021 2279 1074 neque
2326 1005 2473 1060 enim
2530 1006 2838 1070 auditores,
2873 1005 2970 1061 sed
3003 1006 3289 1071 custodes,
3336 1016 3394 1061 et
3445 1006 3694 1062 factores

2099 1095 2237 1165 legis
2275 1096 2343 1160 “,
2384 1094 2431 1149 si
2469 1093 2525 1147 in
2564 1109 2632 1148 eo
2660 1103 3039 1164 perseverent,
3077 1094 3550 1165 justiﬁeabuntur.
3588 1094 3697 1149 Sed

2101 1197 2277 1243 totum
2308 1203 2377 1243 ex
2407 1188 2526 1257 ipso
2561 1186 2724 1243 Verbi
2758 1201 2853 1240 ore
2890 1186 3068 1241 discas
3097 1186 3227 1239 licet
3261 1203 3275 1239 :
3311 1204 3328 1236 ε
3360 1185 3480 1240 Non
3509 1187 3693 1241 omnis

2101 1276 2197 1347 qui
2232 1276 2369 1332 dicit
2402 1276 2559 1341 mihi,
2597 1276 2849 1341 Domine,
2872 1286 2928 1331 et
2955 1293 3067 1331 non
3104 1277 3236 1332 facit
3273 1293 3396 1347 qua:
3427 1278 3576 1343 dico,
3609 1282 3698 1332 in-

2103 1366 2274 1421 trabit
2314 1366 2370 1421 in
2424 1382 2653 1438 regnum
2703 1367 2972 1422 caelorum
3027 1383 3044 1421 :
3106 1367 3204 1422 sed
3258 1369 3305 1424 is
3352 1369 3560 1437 potius,
3596 1370 3695 1440 qui

2100 1460 2295 1529 implet
2319 1459 2663 1514 voluntatem
2712 1459 2892 1515 l’atris
2922 1459 3031 1514 mei
3070 1460 3134 1513 “.
3167 1478 3184 1512 ι
3220 1459 3396 1515 Nemo
3444 1469 3497 1515 te
3548 1461 3699 1516 deci-

2101 1552 2235 1621 piat,
2272 1565 2439 1606 nemo
2493 1550 2596 1606 tibi
2648 1550 2990 1615 blandiatur,
3046 1550 3203 1621 quasi
3254 1551 3391 1605 ﬁdes
3432 1551 3696 1622 operibus

2103 1640 2372 1697 destituta
2429 1641 2532 1696 tibi
2588 1642 2824 1697 salutem
2881 1641 3084 1698 aﬂ'erre
3135 1651 3325 1711 queat.
3361 1642 3520 1698 Fides
3565 1643 3687 1700 sine

2101 1732 2386 1803 operibus,
2436 1734 2580 1789 scias
2631 1733 2821 1799 velim,
2871 1733 3088 1788 inutilis
3135 1743 3221 1789 est
3271 1753 3285 1789 :
3334 1744 3391 1789 et
3444 1733 3687 1790 vicissim

412 1831 703 1901 disciplina
726 1830 1103 1885 ecclesiastica
1125 1839 1377 1884 servatur
1397 1846 1413 1893 ;
1432 1838 1487 1883 et
1519 1843 1643 1883 cum
1666 1828 1794 1898 quis
1817 1842 1998 1883 sacer-
2028 1836 2074 1896 υ
2103 1839 2271 1894 opera
2315 1825 2435 1880 sine
2465 1824 2572 1880 ﬁde
2601 1824 2741 1880 nihil
2790 1825 2997 1880 valent.
3027 1824 3380 1895 Quapropter
3408 1824 3454 1880 si
3485 1825 3691 1880 salvari

412 1923 603 1977 dotum
665 1922 986 1992 deliquerit,
1041 1921 1158 1976 sive
1209 1920 1492 1977 inferioris
1548 1921 1751 1992 gradus
1807 1919 1997 1986 fuerit,

411 2015 529 2070 sive
577 2015 778 2069 throno
818 2014 1118 2084 episcopali
1164 2014 1369 2079 clarus,
1412 2014 1679 2086 symbolis
1714 2028 2000 2069 sacrarum

409 2106 646 2161 vestium
674 2106 899 2161 exuitur
941 2108 959 2125 ⁴
990 2125 1002 2160 :
1036 2115 1095 2161 et
1127 2106 1313 2172 simul,
1340 2114 1401 2160 ut
1426 2106 1504 2160 ait
1536 2121 1739 2169 canon,
1777 2119 1999 2160 omnem

412 2197 739 2267 dignitatem
773 2197 950 2263 exuit,
978 2212 1044 2252 ac
1078 2211 1179 2267 pro
1208 2212 1348 2268 papa
1383 2196 1439 2252 ﬁt
1476 2211 1747 2268 apopapa,
1776 2194 2001 2251 canoni-

411 2288 627 2360 busquc
645 2291 950 2361 subjectus,
975 2289 1161 2344 debito
1185 2288 1458 2359 supplicio
1478 2288 1795 2342 muletatur.
1821 2286 2000 2342 Judex

411 2391 597 2437 autem
648 2383 821 2437 totius
868 2381 1021 2436 orbis
1068 2396 1138 2436 an
1190 2396 1300 2436 non
1348 2381 1423 2436 ita
1454 2395 1648 2435 omnes
1682 2377 2001 2451 judicabit?

409 2473 547 2528 Cum
599 2475 818 2528 venerit
871 2473 939 2528 ad
989 2472 1288 2545 judicium,
1344 2470 1678 2527 criminibus
1727 2468 1998 2524 obnoxios

410 2564 589 2634 gratia
651 2564 1022 2633 baptismatis,
1073 2563 1223 2634 quod
1274 2563 1353 2617 illi
1407 2578 1635 2617 suorum
1697 2560 1997 2615 vulnerum

409 2654 668 2710 sordibus
718 2655 1107 2725 inquinarunt,
1164 2653 1490 2719 denudabit,
1550 2661 1605 2708 et
1655 2661 1794 2718 tum,
1850 2651 1994 2709 heul

408 2745 748 2801 cruciatibus
777 2745 1190 2801 mandabantur
1222 2744 1576 2815 sempiternis
1600 2745 1663 2799 ⁹⁶.

482 2839 650 2893 Esset
679 2838 954 2908 siquidem
979 2853 1009 2891 a
1037 2837 1252 2892 ratione
1283 2836 1681 2891 alienissimum
1711 2832 1998 2890 absurdis-

409 2925 742 2994 simumque,
772 2935 981 2981 tantum
1019 2926 1372 2991 beneficium,
1416 2934 1742 2995 tantumque
1786 2924 1995 2979 donum

412 3032 525 3070 una
563 3032 688 3071 cum
723 3017 905 3071 anima
934 3018 1232 3089 ignominia
1267 3017 1430 3084 allici,
1461 3026 1627 3087 atque
1661 3017 1999 3072 condemna-

410 3110 477 3163 ri.
511 3108 700 3164 Gratia
746 3109 915 3180 igitur
968 3111 1203 3180 privata,
1254 3111 1545 3165 tormentis
1597 3110 1844 3165 deditur.
1881 3110 1995 3165 Nec

2101 1917 2223 1982 vis,
2279 1925 2337 1972 et
2396 1914 2717 1971 felicitatem
2776 1916 2926 1971 illam
2975 1917 3366 1987 concupiscis,
3417 1918 3578 1973 fidem
3634 1927 3690 1974 et

2101 2022 2271 2079 opera
2303 2008 2406 2063 rite
2434 2009 2731 2080 conjunge.

2172 2102 2372 2156 ANIIIA.
2401 2100 2631 2171 Expone
2667 2100 2835 2172 igitur
2861 2116 3114 2171 quaenam
3157 2116 3325 2169 Opera
3362 2101 3640 2173 intelligas
3670 2119 3684 2155 :

2101 2202 2163 2249 ut
2190 2192 2283 2247 ubi
2319 2207 2653 2263 cognovero,
2685 2192 2753 2247 ad
2780 2208 2844 2249 ea
2877 2203 3027 2249 recte
3052 2198 3361 2266 prestanda
3392 2192 3676 2251 festinem.

2098 2284 2370 2357 Agedum,
2405 2285 2517 2353 die,
2545 2284 2705 2355 doce,
2730 2301 2982 2343 recense.

2732 2423 2959 2480 CAPUT
2991 2424 3059 2479 ll.

2101 2532 2362 2599 Quanam
2410 2536 2673 2613 mandata
2743 2537 2960 2613 divina,
3011 2539 3119 2613 sive
3164 2554 3328 2609 opera
3375 2555 3514 2594 nona
3548 2557 3691 2613 pra:-

2448 2608 2720 2661 stautiora
2755 2607 2996 2662 ducenda
3030 2607 3333 2664 videantur.

2170 2739 2337 2797 Cano.
2393 2741 2463 2797 Et
2524 2742 2766 2813 plurima
2816 2752 2873 2798 et
2926 2744 3331 2814 pulcherrima,
3388 2753 3446 2801 et
3500 2745 3688 2800 omnia

2097 2830 2384 2888 fructuosa
2432 2842 2581 2889 sunt.
2629 2833 2762 2901 Quae
2801 2844 2984 2891 autem
3030 2837 3282 2904 meliora,
3331 2847 3387 2892 et
3438 2838 3690 2909 pulchris

2100 2925 2447 2995 pulchriora,
2477 2927 2683 2997 quibus
2709 2929 3040 2999 compendio
3069 2929 3136 2984 ad
3167 2930 3459 2985 Dominum
3495 2946 3689 2986 ascen-

2098 3019 2285 3083 datur,
2324 3020 2553 3074 omnino
2580 3035 2611 3074 a
2647 3036 2734 3076 me
2778 3021 3098 3077 docendum
3139 3036 3203 3077 se
3252 3023 3683 3094 praecipiendum

2097 3119 2203 3165 est.
2258 3109 2365 3165 Sex
2421 3112 2824 3178 tantummodo,
2877 3128 2983 3168 nec
3012 3114 3193 3184 plura,
3245 3123 3376 3169 sunt
3425 3130 3684 3169 numero.

411 3203 567 3258 solus
620 3179 858 3257 Basilius
893 3203 999 3256 ista
1034 3219 1155 3272 qua:
1188 3203 1325 3265 dixi.
1369 3204 1572 3273 scripta
1608 3203 1858 3274 reliquit,
1895 3204 1993 3259 sed
2019 3179 2064 3240 (ἶ
2097 3202 2234 3259 Vide
2268 3203 2600 3274 catalogum,
2629 3213 2685 3259 et
2716 3219 2838 3274 qua:
2870 3205 2982 3259 sint
3012 3179 3201 3259 nosce.
3234 3205 3516 3260 Esurienti
3543 3205 3679 3260 mihi

408 3286 617 3351 alicubi
668 3298 832 3350 etiam
894 3296 1385 3365 eloquentissimus
1432 3297 1883 3369 Chrysostomus,
1938 3306 1996 3352 et

409 3399 535 3437 cum
590 3383 677 3437 his
729 3383 1171 3453 Amphilochius,
1226 3392 1357 3445 tres.
1418 3384 1665 3456 inquam,
1721 3387 1780 3441 hi
1846 3388 1997 3442 velut

410 3474 676 3529 Ecclesia:
704 3474 911 3540 sidera,
946 3476 1305 3546 magistrique
1341 3477 1504 3532 Verbi
1539 3477 1637 3532 Dei
1671 3478 1894 3532 maximi
1929 3494 1995 3533 ac

412 3565 879 3634 praestantissimi.

481 3657 676 3711 ΑΝΙΜΑ.
710 3658 905 3713 Testes
953 3667 1008 3713 tu
1046 3658 1180 3712 mihi
1216 3674 1326 3713 non
1372 3660 1736 3730 spernendos,
1777 3660 1993 3731 ﬁdeque

411 3747 764 3818 dignissimos
796 3765 1069 3805 memoras
1100 3769 1112 3806 :
1153 3768 1171 3802 ι
1216 3751 1351 3805 Nam
1388 3752 1443 3805 in
1480 3767 1576 3807 ore
1610 3752 1867 3818 duorum,
1902 3762 1998 3808 aut

413 3841 580 3895 trium
619 3841 840 3896 testium
888 3843 1057 3897 stabit
1108 3858 1273 3897 omne
1320 3844 1550 3899 verbum
1596 3845 1639 3899 '.
1684 3864 1703 3897 ι
1752 3844 1910 3911 Quod
1949 3847 1995 3901 si

408 3931 597 4001 plures
624 3934 928 4002 producere
955 3941 1132 4005 potes,
1161 3951 1281 4007 age,
1309 3936 1637 4007 producito;
1669 3938 1803 3995 licet.
1831 3939 1984 3994 enim

413 4027 604 4077 testari
640 4024 914 4094 pluribus.

478 4114 643 4171 Csao.
676 4117 819 4187 Ergo
857 4118 1025 4171 alium
1079 4125 1273 4171 testem
1329 4116 1483 4182 audi,
1516 4117 1607 4173 cui
1672 4117 1860 4181 crede,
1898 4118 1991 4174 cui

411 4204 572 4260 ﬁdem
624 4207 765 4263 habe
800 4226 815 4262 ;
848 4208 1016 4263 verba
1048 4210 1194 4263 enim
1228 4208 1523 4279 Scriptura:
1554 4219 1702 4265 sunt.
1732 4210 1805 4265 Os
1833 4225 1992 4265 nam-

411 4311 517 4365 que
551 4294 779 4361 Christi,
806 4307 863 4352 et
892 4313 1123 4368 magnus
1152 4299 1229 4353 illi
1262 4315 1441 4369 preco
1472 4299 1699 4367 Paulus,
1738 4301 1989 4358 Hebreis

482 4411 504 4441 '
529 4410 724 4467 Matth.
756 4428 906 4480 xvnt,
939 4412 1027 4469 16.
1072 4414 1097 4446 ⁸
1127 4412 1286 4469 Rom.
1315 4430 1375 4480 ιι,
1397 4413 1489 4470 35.
1561 4417 1581 4448 '
1612 4416 1631 4471 l
1662 4414 1788 4472 Cor.
1817 4432 1914 4483 vn,
1950 4417 2038 4474 l8.
2100 4422 2143 4453 "
2161 4419 2318 4477 Rom.
2340 4438 2401 4490 ll,
2436 4424 2524 4479 15.

2093 3297 2301 3361 cibum,
2345 3296 2561 3352 sitienti
2621 3296 2857 3352 dedistis
2915 3304 3134 3368 potum.
3189 3299 3552 3368 Peregrinum
3627 3311 3687 3352 et

2094 3386 2367 3457 hospitem
2396 3404 2483 3443 me
2515 3390 2828 3459 recepisds,
2856 3389 3069 3444 nudum
3096 3390 3487 3459 eooperuistis.
3519 3387 3686 3442 Inﬁr-

2094 3495 2217 3534 mus
2253 3495 2426 3546 eram,
2462 3490 2519 3535 et
2581 3482 2636 3535 in
2668 3496 2909 3547 carcere,
2944 3492 2999 3537 et
3031 3480 3361 3543 accessistis,
3396 3480 3683 3543 visitastis,

2094 3579 2152 3624 et
2183 3570 2542 3627 ministrastis
2570 3572 2728 3626 mibi.
2757 3572 2855 3628 llis
2880 3574 2985 3628 alia
3010 3574 3162 3639 item,
3181 3588 3359 3644 eaque
3384 3572 3683 3643 permulta,

2101 3671 2156 3715 et
2210 3662 2474 3717 salutaria
2514 3663 2813 3737 adjungere
2864 3665 3142 3734 potuisset
3195 3680 3209 3718 :
3261 3680 3455 3719 verum
3507 3674 3570 3720 ut
3613 3665 3683 3718 ad

2099 3753 2334 3808 salutem
2366 3755 2543 3825 magis
2574 3757 2905 3824 necessaria,
2938 3758 3111 3828 magis
3139 3755 3328 3823 obvia,
3364 3766 3421 3812 et
3449 3757 3688 3812 honora-

2098 3843 2317 3910 biliora,
2360 3861 2458 3900 sex
2503 3845 2772 3902 duntaxat
2811 3862 3166 3912 enumerans,
3197 3857 3396 3902 caetera
3447 3857 3683 3919 praeter-

2099 3936 2273 3991 misit.
2317 3936 2399 3991 Ad
2452 3939 2571 3993 haec
2625 3940 2794 4009 igitur
2844 3955 3039 3995 omnes
3082 3940 3256 3996 allicit
3309 3951 3362 3997 et
3395 3950 3678 4011 provocat,

2096 4025 2316 4093 divites,
2359 4044 2650 4099 pauperes,
2699 4046 2911 4097 servos,
2961 4032 3217 4089 dominos
3266 4050 3279 4087 :
3336 4034 3677 4105 reliquormn

2098 4135 2259 4176 usum
2312 4123 2627 4182 volentibus
2680 4127 2975 4197 permittit,
3021 4130 3297 4184 neminem
3345 4128 3412 4184 ad
3460 4144 3524 4184 ea
3568 4129 3681 4184 ullo

2096 4214 2262 4268 modo
2287 4217 2649 4287 compellens.

2167 4305 2364 4362 Aulus.
2416 4308 2533 4363 Ede
2591 4325 2760 4381 porro
2814 4310 2940 4378 ista,
2992 4327 3229 4383 quorum
3288 4312 3675 4370 necessitatem

2626 4424 2667 4456 "
2698 4425 2886 4482 Matth.
2936 4443 3039 4495 vn,
3064 4428 3157 4484 2|.

1885 4560 2159 4624 Schoha.

480 4672 645 4751 ’μην
680 4675 919 4751 eamdem
974 4693 1182 4751 poenam
1217 4688 1341 4733 ante
1369 4688 1419 4734 et
1446 4690 1557 4751 post
1585 4680 1773 4736 initam
1800 4700 1982 4737 sacer-
2019 4692 2063 4745 D

408 4744 540 4821 dotii
578 4744 889 4815 dignitatem
942 4747 1287 4821 exsolvemus,
1337 4753 1386 4804 si
1424 4744 1825 4821 peccaverimus.
1878 4756 1982 4818 Qui

410 4817 546 4867 enim
583 4830 647 4890 ne
698 4823 907 4890 tantum
954 4819 1168 4888 quidem
1218 4817 1468 4875 honorem
1517 4821 1695 4890 adepti
1744 4817 1981 4878 meliores

410 4886 687 4962 emiserint,
723 4887 887 4962 multo
937 4886 1175 4962 gravius,
1217 4901 1266 4943 et
1315 4893 1480 4944 dirius
1505 4886 1634 4960 jure
1673 4894 1980 4962 punientur.

410 4953 635 5008 Honoris
673 4957 865 5033 quippe
902 4953 1209 5033 magnitudo
1256 4953 1586 5029 peccautilius
1637 4953 1883 5031 supplicii
1922 4964 1985 5033 ﬁt

411 5034 770 5107 augmentum.
808 5027 874 5079 Et
909 5027 1005 5096 qui
1035 5027 1279 5107 indignos
1313 5040 1643 5107 consecrant,
1678 5027 1987 5088 earumdem

411 5108 531 5145 cum
578 5100 707 5162 ipsis
736 5112 1017 5163 poenarum
1050 5100 1125 5154 rei
1173 5110 1318 5168 sunt,
1351 5102 1558 5156 tametsi
1608 5118 1739 5173 quos
1793 5120 1988 5158 conse-

411 5177 458 5212 οι
471 5172 585 5223 ant,
619 5180 720 5216 non
755 5178 1028 5222 noverunt.

486 5231 749 5311 graues
779 5237 867 5311 qui
893 5238 947 5290 in
977 5239 1196 5311 circuitu
1217 5239 1331 5305 ejus
1354 5247 1499 5304 sunt,
1523 5241 1741 5311 oﬁ‘erent
1764 5259 1987 5299 munera

414 5301 634 5381 terribili
668 5301 843 5381 (l’sal.
877 5322 1033 5370 Lxxv,
1072 5309 1184 5381 μή),
1220 5301 1271 5362 ἐι
1300 5312 1353 5381 rei
1386 5301 1494 5380 qui
1512 5301 1688 5381 aufert
1736 5315 1985 5380 spiritum

414 5374 735 5453 principum.
769 5374 907 5453 Nam
939 5378 1079 5453 apud
1111 5374 1444 5446 formidabile
1479 5374 1615 5433 illud
1644 5374 1983 5453 divinumque

414 5441 653 5522 tritanu!
676 5444 811 5511 justi
847 5441 1077 5522 actiones
1106 5441 1201 5522 seu
1233 5465 1393 5518 opera
1421 5468 1517 5503 sua
1547 5462 1806 5522 tanquam
1841 5441 1982 5507 dona

414 5510 520 5587 lico
569 5510 808 5581 offerent.
850 5517 889 5567 Α
938 5517 1161 5585 singulis
1205 5510 1380 5571 autem
1431 5510 1785 5587 peccatoribus
1828 5528 1982 5577 datus

413 5582 521 5663 illis
585 5582 1051 5663 pen-baptismum
1102 5590 1324 5663 spiritus
1378 5582 1649 5659 auferetur
1705 5603 1866 5663 atque
1908 5598 1981 5648 ita

415 5661 624 5725 a’te‘rnie
654 5653 771 5706 illos
805 5653 970 5720 preme
1000 5653 1272 5725 excipient.

482 5722 763 5791 Chi-vsust.
814 5727 959 5778 Nihil
986 5722 1189 5801 von/ert
1219 5733 1505 5801 baptismus
1536 5736 1699 5787 vitam
1732 5750 1832 5787 non
1864 5736 1986 5787 bene

418 5802 651 5860 rectique
681 5798 1088 5850 ηιδιιιιιειιιιὺιιδ.

2166 4704 2187 4739 α
2228 4687 2331 4753 Qui
2359 4690 2517 4745 habet
2562 4693 2822 4748 mandata
2873 4711 3014 4758 mea,
3047 4703 3098 4748 et
3132 4706 3311 4751 servat
3355 4712 3440 4758 ea.
3468 4697 3562 4751 ille
3595 4710 3671 4754 est

2090 4758 2181 4825 qui
2209 4758 2383 4830 diligit
2411 4775 2513 4814 me.
2547 4762 2649 4834 Qui
2675 4773 2851 4818 autem
2883 4766 3056 4834 diligit
3086 4782 3189 4829 me,
3223 4783 3491 4822 sermones
3531 4787 3670 4824 meos

2088 4837 2282 4905 servat:
2319 4848 2355 4905 ι
2382 4860 2452 4905 —-_-
2490 4850 2509 4905 ε
2541 4831 2599 4885 Si
2624 4836 2765 4905 enim
2799 4851 2893 4905 ego
2926 4831 3089 4887 Pater
3114 4852 3253 4901 sum,
3284 4838 3372 4890 ubi
3404 4847 3479 4891 est
3508 4840 3673 4892 honor

2092 4898 2279 4974 nifus?
2309 4899 2377 4955 Et
2401 4901 2733 4974 si‘Dominus
2773 4898 2865 4974 ego
2910 4922 3046 4964 sum.
3086 4908 3171 4959 ubi
3195 4898 3270 4961 est
3291 4910 3447 4961 timor
3480 4925 3622 4962 meus
3646 4913 3673 4963 .’

2095 4966 2345 5035 \Malach.
2385 4986 2423 5047 I,
2448 4970 2529 5047 6.)_
2579 4990 2599 5024 ι
2630 5002 2700 5013 -
2730 4966 2912 5047 Gloria
2940 4985 3176 5047 patrum,
3208 4979 3505 5031 sanctitudo
3529 4979 3673 5047 ﬁlio-

2095 5053 2258 5092 rum:
2293 5049 2341 5093 ιι
2388 5041 2723 5096 dominorum
2767 5041 2953 5108 honos,
2992 5061 3259 5099 servorum
3291 5048 3466 5101 timor.

2164 5108 2423 5186 Cyrillus,
2456 5111 2602 5165 Nihil
2642 5115 2883 5168 conducit
2922 5117 3086 5178 nobis,
3123 5117 3543 5169 Christianorum
3570 5135 3668 5186 ap-

2096 5178 2443 5256 pellationem
2493 5199 2603 5256 esse
2651 5193 2976 5248 consecutos,
3022 5187 3123 5238 nisi
3163 5188 3324 5256 etiam
3374 5203 3534 5256 opera
3583 5178 3668 5241 sc.-

2092 5257 2350 5322 quatitur.
2404 5248 2673 5321 Scriptum
2727 5265 2803 5307 est
2853 5258 2993 5308 enim
3037 5270 3055 5308 :
3106 5274 3123 5305 ι
3184 5254 3242 5309 Si
3276 5248 3667 5322 ﬁlii-Abrahae

2090 5321 2287 5400 essetis.
2346 5336 2508 5400 opera
2575 5324 2803 5400 Abrahae
2861 5326 3123 5400 faceretis.
3160 5321 3340 5394 (learn.
3378 5344 3494 5400 vni,
3548 5330 3664 5399 59.)

2091 5389 2410 5468 Sicut‘elnim
2438 5408 2632 5468 corpus
2655 5395 2770 5468 sine
2799 5389 2981 5448 anima
3014 5389 3282 5468 mortuum
3306 5406 3402 5458 est,
3423 5389 3496 5450 ita
3538 5389 3666 5468 quo;

2090 5474 2188 5533 que
2228 5458 2369 5533 ﬁdes,
2403 5458 2795 5532 sine'operibus
2842 5473 3050 5518 mortua
3080 5476 3175 5519 est.
3210 5466 3409 5533 (Iacob.
3458 5470 3517 5526 tt:
3546 5458 3666 5533 ΞΟ.)

2095 5528 2252 5605 Haud
2287 5532 2425 5583 enim
2462 5528 2761 5605 quidquam
2794 5536 2932 5588 valet
2974 5541 3182 5589 sanitas
3217 5528 3378 5605 φάει,
3410 5539 3453 5589 si
3495 5528 3665 5592 mores

2094 5600 2203 5677 sint
2233 5604 2488 5669 corrupti.
2520 5600 2659 5677 Nam
2688 5608 2781 5657 etsi
2835 5622 3040 5659 onmem
3069 5600 3665 5677 ﬁdent'dogmatumque

2094 5672 2370 5746 veritatem
2410 5674 2843 5739 Contplcclamur,
2877 5685 2923 5728 et
2955 5696 2985 5728 α
3022 5672 3138 5729 rita:
3170 5672 3454 5730 innutritus
3480 5672 3661 5746 patro-

2097 5740 2232 5815 cinia
2263 5742 2440 5809 inopes
2471 5760 2532 5795 ac
2560 5747 2749 5797 deserti
2778 5748 2959 5809 simus,
3000 5748 3131 5799 nihil
3170 5749 3389 5800 obstabit
3451 5740 3574 5815 quin
3606 5750 3659 5800 in

2097 5810 2342 5877 gehennae
2368 5814 2511 5882 ignes
2536 5817 2909 5883 sempiternum
2936 5820 3111 5871 arsuri
3138 5810 3486 5889 abripiuntur.
