4036 6418
360 332 463 395 713

1811 317 2160 381 DIOPTRA.

3519 304 3621 371 715

368 444 659 514 imponere
717 437 931 502 noluit;
988 451 1124 494 aveo
1180 438 1328 494 enim
1375 434 1660 508 sigillatim
1734 448 1939 507 eogno-
1968 436 2019 496 Α
2048 428 2231 491 tibus,
2269 424 2391 481 sine
2415 438 2525 496 quo
2555 421 2762 483 omnia,
2790 431 2845 477 et
2874 421 3053 493 ipsum
3077 419 3412 514 virginitatis
3435 420 3622 478 lumen

362 550 543 594 scere.

435 625 604 682 Cano.
648 621 1030 694 Virginitatem
1094 619 1305 683 colere,
1355 618 1522 673 vitam
1580 617 1939 673 monasticam

366 719 597 782 vivere,
660 714 993 786 pervigilare
1043 713 1099 767 in
1150 710 1353 766 divinis
1400 710 1683 781 precibus,
1739 709 1943 764 cubare

357 811 539 873 humi,
578 809 815 863 multum
854 804 1220 878 peregrinari,
1253 812 1309 858 et
1335 803 1733 873 corpusculum
1768 800 1945 871 pinnis

360 902 692 960 voluntariis
738 909 1018 964 atterere,
1059 898 1220 953 unica
1255 897 1498 950 tunicula
1548 894 1770 958 vestiri,
1811 894 1945 955 Deo,

364 995 573 1068 Virgini
602 992 788 1058 matri,
818 992 1052 1061 aliisque
1098 988 1291 1043 amicis
1328 989 1422 1043 Dei
1455 1003 1621 1057 opere
1658 984 1948 1057 magnifico

364 1088 563 1159 templa
596 1085 856 1141 condere.
908 1082 988 1138 Ad
1021 1083 1137 1137 haec
1168 1096 1267 1137 nos
1295 1080 1499 1134 Christi
1540 1086 1809 1149 praecepta
1838 1092 1948 1130 non

374 1181 631 1250 adigunt;
662 1176 760 1232 sed
804 1194 823 1227 ‹
865 1175 958 1246 qui
991 1183 1171 1245 potest
1200 1188 1396 1243 capere
1436 1171 1617 1242 capiat
1673 1170 1742 1224 ¹².
1782 1188 1800 1221 ι
1833 1166 1951 1224 Ca:-

369 1287 615 1333 terorum
658 1273 883 1336 seriem,
918 1286 1043 1341 qua:
1077 1270 1339 1324 nimirum
1385 1266 1589 1323 salvari
1635 1263 1953 1319 volentibus

371 1366 715 1427 conducunt,
754 1362 880 1433 quis
905 1360 1327 1433 percensucrit?
1369 1359 1765 1413 Verumtamen
1798 1370 1953 1411 man-

369 1459 535 1512 datur
598 1454 764 1509 nobis
795 1453 981 1508 omnia
1014 1452 1104 1506 illa
1136 1451 1317 1506 facere
1344 1465 1463 1520 quae
1494 1448 1546 1502 in
1582 1447 1754 1503 sacris
1779 1447 1952 1501 Litte-

380 1552 459 1605 ris
486 1547 913 1621 pra‘cipiuntur,
947 1544 993 1599 si
1032 1544 1203 1599 Deum
1237 1543 1292 1597 in
1326 1542 1486 1596 nobis
1516 1540 1767 1595 habitare
1809 1539 1956 1611 cupi-

374 1656 522 1694 mus.
560 1637 669 1692 Sed
714 1636 808 1690 illa
849 1650 945 1690 sex
993 1632 1411 1699 honestissima,
1450 1641 1506 1687 et
1552 1630 1955 1693 laudatissima,

374 1739 597 1796 praeque
645 1722 768 1777 aliis
816 1721 1021 1776 indicta
1071 1720 1231 1775 nobis
1290 1726 1440 1775 sunt.
1470 1719 1584 1775 Nec
1613 1718 1791 1773 solum
1837 1717 1960 1772 aliis

2047 519 2459 591 exstinguitur;
2488 516 2611 573 sine
2649 530 2761 586 quo
2795 514 2980 570 omnia
3008 529 3146 569 vana
3190 522 3246 569 et
3280 513 3574 569 inefﬁcacia
3611 533 3624 569 :

2047 609 2496 684 quandoquidem
2552 607 2604 663 id
2652 608 2903 677 Sponsus
2956 620 3124 677 super
3174 607 3359 661 omnia
3413 605 3631 675 diligit?

2047 703 2295 773 lntellige
2341 715 2466 757 cum
2516 710 2757 755 tremore
2796 697 2967 752 verba
2996 697 3240 761 Domini,
3272 707 3330 753 et
3363 697 3550 764 crede,
3575 709 3634 753 ct

2051 798 2213 853 fidem
2257 796 2566 862 commoda,
2592 803 2649 849 ct
2689 794 3014 864 neutiquam
3054 791 3239 847 diﬂide
3276 792 3457 848 dictis.
3495 792 3633 848 Pro-

2051 889 2194 944 fcret
2230 887 2460 942 verbum
2506 900 2766 955 asperum
2813 883 2880 939 ad
2918 899 3035 949 eos,
3066 882 3160 951 qui
3190 899 3221 937 a
3247 883 3490 938 sinistris
3521 892 3633 938 sta-

2054 981 2238 1036 bunt:
2274 997 2292 1030 ‹
2322 977 2599 1033 Discedite
2644 976 2839 1047 procul
2883 975 3014 1029 hinc
3043 975 3096 1029 in
3135 975 3443 1045 gehennam
3472 975 3635 1045 ignis,

2054 1071 2149 1141 qui
2205 1077 2550 1141 praeparatus
2597 1077 2684 1123 est
2725 1067 2967 1130 diabolo,
3017 1077 3074 1122 et
3112 1066 3322 1137 angelis
3357 1067 3476 1137 ejus
3502 1067 3567 1121 ".
3613 1085 3634 1118 ι

2054 1164 2174 1218 Νοη
2205 1162 2335 1232 quia
2366 1161 2636 1216 adulteria
2666 1158 3024 1215 commisistis
3049 1174 3067 1227 ;
3090 1173 3199 1213 non
3223 1158 3349 1229 quia
3383 1157 3638 1213 fornicati

2056 1253 2230 1316 estis;
2264 1267 2373 1306 non
2426 1251 2554 1321 quia
2596 1250 2803 1304 furtum
2848 1248 3086 1316 fecistis;
3129 1264 3236 1304 non
3279 1249 3409 1318 quia
3463 1247 3641 1304 caedes

2057 1356 2115 1400 et
2143 1345 2432 1399 latrocinia
2462 1342 2863 1413 perpetrastis;
2900 1356 3010 1395 non
3042 1341 3171 1411 quia
3202 1340 3443 1395 libenter
3473 1341 3640 1396 male-

2059 1437 2297 1500 dixistis,
2323 1445 2378 1490 et
2410 1436 2521 1489 vim
2575 1434 2700 1488 aliis
2738 1433 3025 1495 attulistis,
3054 1441 3111 1487 et
3141 1431 3423 1485 mendacia
3453 1430 3645 1500 profu-

2061 1528 2242 1591 distis,
2277 1536 2334 1583 et
2366 1526 2641 1582 vobismet
2673 1526 2975 1596 placentes,
3009 1532 3065 1578 et
3096 1522 3297 1588 vinosi,
3333 1531 3389 1577 et
3412 1521 3645 1587 ebriosi,

2062 1631 2118 1677 et
2142 1621 2379 1692 improbi
2408 1618 2626 1684 fuistis;
2658 1633 2760 1672 nec
2782 1617 2911 1687 quia
2945 1630 3105 1671 omne
3133 1629 3307 1686 genus
3340 1614 3648 1684 iniquitatis

2062 1720 2227 1782 atque
2277 1709 2508 1766 sceleris
2562 1708 2912 1763 consvivistis
2941 1725 2955 1760 :
2988 1705 3126 1759 nihil
3176 1706 3375 1759 horum
3414 1705 3468 1759 in
3514 1705 3652 1776 ipsis

370 1789 435 1868 ea
467 1789 736 1883 praponit
787 1826 852 1865 ac
894 1810 1136 1880 prefert,
1162 1809 1257 1865 sed
1281 1818 1337 1864 et
1366 1808 1496 1863 alibi
1537 1824 1731 1863 eorum
1762 1808 1963 1878 saepius
1992 1789 2037 1847 Β
2069 1815 2182 1861 tum
2216 1802 2624 1874 reprehendet;
2655 1798 2752 1855 sed
2785 1799 2916 1870 quia
2950 1797 3267 1853 mendicum
3303 1797 3505 1867 stipem
3545 1812 3645 1853 τοο

376 1902 627 1958 meminit
684 1919 697 1955 :
763 1919 782 1951 α
845 1900 1255 1963 lllisericordes,
1320 1899 1522 1969 inquit,
1574 1909 1779 1961 estote,
1819 1899 1964 1953 sicut

373 2002 431 2047 et
457 1993 621 2048 Pater
660 2000 846 2046 vester
887 1990 1132 2046 caelestis
1176 1989 1496 2045 misericors
1542 2000 1630 2045 est
1665 1990 1734 2042 ".
1773 2006 1792 2039 ι
1841 1988 1962 2042 Non

376 2084 634 2139 hortatur
683 2098 784 2137 nos
830 2082 1086 2152 psallere,
1118 2080 1341 2152 quando
1391 2096 1495 2135 nec
1538 2082 1703 2136 Pater
1736 2080 1961 2151 psallit;

382 2191 493 2231 non
521 2173 883 2245 pervigilare;
915 2188 1024 2227 non
1061 2174 1278 2228 labores
1309 2182 1365 2227 et
1396 2188 1673 2227 aerumnas
1735 2172 1960 2234 multas,

379 2279 490 2320 non
539 2262 709 2317 vitam
760 2278 825 2316 ac
881 2264 1186 2317 certamina
1242 2263 1619 2318 solitariorum
1650 2264 1911 2333 amplecti
1950 2281 1963 2317 :

387 2355 529 2411 nihil
581 2355 806 2409 borum.
870 2353 975 2409 Sed
1030 2354 1097 2409 ad
1150 2354 1583 2411 misericordiam
1640 2355 1810 2410 solam
1865 2369 1967 2409 nos

393 2447 694 2502 invitavit:
724 2446 984 2517 quoniam
1023 2457 1216 2501 natura
1256 2465 1275 2497 ι
1311 2446 1624 2511 miserator,
1654 2455 1709 2500 et
1733 2446 1965 2501 multum

382 2539 700 2594 misericors
726 2548 811 2593 est
835 2537 1103 2593 Dominus
1126 2538 1177 2570 ”
1211 2556 1226 2592 :
1265 2558 1283 2591 ι
1311 2538 1571 2608 quoniam
1601 2556 1621 2589 ‹
1648 2538 1965 2594 misericor-

385 2630 533 2686 diam
591 2636 803 2683 tantum
850 2630 991 2695 vult,
1026 2638 1083 2685 et
1129 2645 1241 2684 non
1265 2628 1601 2683 sacrificium
1636 2628 1683 2659 ι’
1714 2643 1730 2681 :
1774 2648 1793 2680 ι
1828 2642 1968 2697 quo-

388 2724 537 2779 niam
586 2722 739 2776 nulla
780 2735 840 2775 re
866 2721 972 2776 alia
1016 2721 1244 2783 colitur,
1274 2735 1377 2775 nec
1404 2721 1679 2791 placatur,
1711 2720 1818 2775 nisi
1862 2734 1969 2773 una

389 2813 774 2870 misericordia
800 2830 813 2865 :
842 2812 1102 2883 quoniam
1139 2813 1258 2867 vult
1287 2812 1705 2875 miserationes;
1738 2819 1794 2865 et
1823 2825 1966 2880 quo-

393 2906 541 2959 niam
591 2904 991 2961 misericordiae
1035 2905 1266 2976 abyssus
1315 2913 1420 2960 est.
1459 2904 1647 2958 Dicam
1682 2902 1968 2957 breviter:

391 2995 772 3052 misericordia
830 2996 1010 3051 solum
1071 3011 1212 3068 opus
1265 3004 1352 3051 est
1406 2995 1618 3050 homini
1677 3009 1805 3049 cum
1858 2994 1970 3049 Deo

390 3104 720 3157 commune,
796 3098 853 3146 et
907 3106 1005 3161 per
1060 3090 1495 3147 misericordiam
1552 3090 1727 3145 solam
1808 3088 1973 3143 homo

2067 1898 2330 1969 gitantem
2358 1894 2723 1966 despexistis;
2761 1892 2856 1947 sed
2899 1892 3027 1962 quia
3057 1891 3199 1946 fame
3241 1899 3298 1945 et
3321 1890 3411 1946 siti
3461 1889 3653 1946 contli-

2068 1999 2337 2053 ctantem,
2371 1990 2427 2043 in
2460 2003 2683 2043 carcere
2713 1987 3020 2052 sedentem,
3046 1995 3103 2041 et
3128 1985 3359 2051 nudum,
3385 1994 3444 2040 et
3469 1984 3654 2056 hospi-

2068 2090 2202 2145 tem,
2242 2090 2299 2135 et
2332 2081 2489 2148 .lccto
2527 2078 2727 2134 misere
2776 2076 2998 2132 allixum
3034 2092 3121 2131 me
3168 2091 3297 2130 cum
3347 2075 3652 2139 vidissetis,

2068 2187 2179 2226 non
2213 2171 2338 2226 cibo
2386 2169 2683 2234 reiecistis,
2712 2184 2824 2224 non
2873 2176 3006 2239 potu
3055 2166 3372 2232 recreastis,
3411 2182 3523 2221 non
3565 2168 3653 2223 vel

2069 2264 2295 2334 paulum
2360 2262 2650 2326 visitastis,
2700 2274 2810 2314 non
2867 2258 3192 2325 vestivistis,
3248 2272 3359 2313 non
3412 2256 3656 2328 hospitio

2069 2356 2381 2426 accepistis,
2416 2369 2527 2409 non
2561 2351 2924 2408 ministrastis
2952 2354 3016 2406 “.

2140 2447 2257 2504 Hoc
2290 2448 2470 2517 ipsum
2504 2443 2651 2516 quod
2674 2443 2821 2509 dico,
2858 2458 3051 2499 rursus
3075 2459 3143 2499 ex
3202 2443 3502 2517 Evangelia
3526 2459 3658 2500 con-

2073 2539 2231 2594 firmo
2261 2539 2330 2592 ’⁸.
2360 2540 2435 2594 De
2460 2537 2631 2592 divite
2664 2536 2758 2591 illo
2783 2536 2923 2592 duro
2940 2546 2995 2591 et
3026 2536 3330 2591 inhumano
3346 2536 3657 2601 audivistis,

2073 2631 2351 2702 quomodo
2373 2629 2630 2685 videlicet
2650 2629 2835 2699 lingua
2857 2628 3045 2700 ejus(o
3067 2629 3432 2683 calamitatem
3456 2629 3495 2697 Ξ)
3513 2628 3661 2698 apud

2072 2723 2278 2779 inferos
2301 2722 2516 2778 arserit.
2540 2720 2662 2776 Non
2688 2720 2835 2792 quod
2863 2720 3033 2775 variis
3061 2735 3121 2776 se
3151 2720 3454 2776 sceleribus
3477 2720 3533 2775 in
3550 2720 3664 2775 vita

2073 2814 2400 2885 obligasset;
2433 2829 2537 2868 nec
2563 2812 2711 2883 quod
2744 2810 3058 2881 proximum
3104 2811 3353 2876 odisset;
3384 2826 3487 2866 nec
3512 2810 3662 2881 quod

2074 2921 2174 2976 per
2201 2904 2576 2959 temulentiam
2601 2902 2836 2973 plurima
2869 2911 2925 2957 et
2946 2900 3156 2957 nefaria
3191 2901 3532 2969 admisisset;
3560 2916 3665 2958 nec

2075 2996 2224 3067 quod
2280 2996 2653 3067 undecunque
2690 2994 3149 3067 provenientibus
3180 2993 3543 3065 vectigalibus
3576 2996 3666 3050 in-

2080 3087 2373 3144 Iumuisset
2396 3103 2460 3143 ac
2507 3087 2849 3159 superbisset
2870 3130 2886 3155 ,
2921 3089 3241 3159 opulentus,
3274 3087 3542 3160 gaudens,
3578 3103 3667 3142 ra-

390 3179 713 3235 Creatorem
762 3196 922 3235 suum
975 3180 1243 3247 imitatur,
1291 3182 1452 3251 eique
1505 3179 1876 3236 consociatur.
1914 3177 1973 3233 ld
2002 3150 2044 3205 θ
2081 3180 2259 3251 piens,
2300 3180 2642 3235 dominatum
2682 3181 2962 3249 obtinens,
2994 3184 3159 3253 bysso
3192 3191 3248 3236 et
3279 3197 3526 3253 purpura
3579 3181 3667 3237 in-

394 3272 469 3326 ita
516 3287 639 3327 esse
684 3288 752 3327 ex
802 3273 993 3329 decem
1042 3274 1317 3344 virginum
1366 3271 1627 3342 parabola
1669 3270 1867 3341 liquet.
1895 3269 1975 3324 Ex

395 3367 820 3422 conservatione
854 3368 1188 3438 virginitatis
1237 3368 1481 3436 pulchra:
1531 3373 1691 3420 erant
1742 3378 1974 3427 omnes;

396 3459 654 3513 amabant
685 3459 882 3523 Deum,
914 3471 968 3514 et
1020 3458 1218 3530 pudice
1250 3459 1415 3513 vitam
1447 3457 1731 3529 agitabant
1759 3458 1799 3512 θ.

474 3551 541 3605 Et
568 3556 813 3621 quinque
845 3552 1068 3621 quidem
1117 3551 1443 3621 prudentes,
1491 3550 1737 3620 quinque
1794 3558 1977 3607 autem

401 3643 562 3698 fatuae
630 3643 1013 3707 continentiae,
1064 3642 1323 3713 lacryniis
1362 3652 1418 3696 et
1461 3642 1632 3696 luctui
1691 3641 1978 3695 incumbe-

403 3736 533 3790 bant
578 3752 590 3786 :
635 3735 812 3789 otium
865 3736 1052 3801 molle,
1110 3748 1437 3803 morumque
1500 3734 1777 3788 licentiam
1828 3734 1982 3787 nullo

406 3824 565 3880 modo
602 3826 944 3896 diligebant;
979 3826 1123 3880 viam
1161 3834 1446 3896 angustam
1488 3835 1545 3880 et
1597 3825 1984 3880 tribulationes

405 3916 889 3979 consectabantur,
931 3931 1267 3986 carnemque
1302 3915 1544 3970 assiduis
1581 3916 1865 3971 laboribus
1890 3916 1986 3970 de-

405 4002 709 4059 bellabant.
764 4005 884 4059 Non
936 4014 1118 4059 tamen
1177 4006 1466 4076 aequaliter
1506 4006 1615 4061 illis
1662 4005 1983 4069 mandatum

404 4106 553 4146 curae
600 4092 743 4157 fuit;
778 4094 871 4148 sed
901 4095 1204 4163 prudentes
1234 4095 1537 4165 prudenter
1566 4097 1749 4151 oleum
1777 4095 1987 4151 habue-

410 4192 545 4238 runt
593 4183 645 4238 in
694 4186 841 4240 vasis
880 4186 1018 4251 suis,
1068 4203 1178 4257 quo
1224 4188 1388 4241 fatua:
1434 4197 1757 4242 caruerunt.
1809 4188 1989 4256 Atque

414 4273 550 4329 hinc
575 4277 827 4331 veniente
866 4277 1101 4348 Sponso,
1135 4279 1352 4349 gaudiis
1384 4279 1727 4350 nuptialibus
1755 4280 1991 4335 exclusae

408 4374 539 4419 sunt
584 4389 595 4422 :
639 4386 656 4417 ι
692 4367 890 4423 Nescio
918 4385 1038 4433 vos,
1075 4388 1093 4420 ι
1129 4370 1328 4425 clamat
1359 4370 1609 4445 Sponsus
1648 4369 1987 4426 formosissi-

2077 3274 2246 3329 dutus
2296 3273 2621 3343 splendide;
2671 3289 2806 3338 non,
2844 3274 3088 3344 inquam,
3146 3273 3345 3328 borum
3381 3290 3543 3329 causa
3594 3274 3661 3329 ad

2082 3374 2353 3420 tormenta
2408 3364 2712 3419 detrusus:
2745 3363 2841 3420 sed
2883 3365 3011 3435 quia
3062 3365 3329 3419 Lazarum
3367 3380 3666 3435 pauperem

2081 3456 2417 3512 omnimodis
2455 3455 2714 3527 neglexit,
2753 3465 2810 3511 et
2846 3473 3012 3528 super
3043 3456 3243 3514 alllicto
3290 3456 3669 3512 misericordia

2083 3565 2193 3603 non
2223 3557 2307 3605 est
2340 3557 2670 3605 commotus.
2700 3550 2809 3605 Res
2833 3550 2971 3605 mira
3003 3551 3140 3617 haec,
3175 3558 3228 3606 et
3270 3549 3520 3606 horroris
3551 3550 3672 3619 ple-

2085 3641 2335 3697 nissima.
2369 3640 2647 3708 Quantum
2684 3650 2867 3711 potest
2903 3642 3165 3707 Charitas,
3200 3649 3471 3712 quantum
3502 3642 3671 3697 mise-

2086 3734 2344 3799 ricordia,
2373 3742 2429 3789 et
2458 3733 2769 3803 compassio
2794 3735 2808 3788 l

2162 3826 2356 3879 Amm.
2410 3822 2465 3878 Si
2513 3826 2671 3893 plura
2698 3822 2931 3878 dicenda
2968 3832 3195 3890 restant,
3226 3841 3295 3879 ne
3333 3834 3472 3888 tace.
3512 3836 3570 3881 et
3605 3826 3675 3881 ad

2090 3916 2381 3973 utilitatem
2413 3930 2593 3970 meam
2646 3914 2788 3969 adde
2839 3914 2928 3970 his
2968 3931 3091 3985 quae
3138 3915 3347 3971 dixisti.
3382 3916 3674 3972 Silentium

2092 4021 2245 4064 tuum
2276 4007 2437 4062 nobis
2472 4006 2675 4061 damno
2705 4006 2813 4061 erit
2834 4022 2946 4061 non
2979 4006 3229 4062 ferendo.

2703 4137 2928 4195 CAPUT
2967 4139 3058 4196 Ill.

2092 4253 2284 4309 Omnia
2316 4253 2385 4307 ad
2416 4252 2510 4309 Dei
2547 4253 2914 4322 pra’scriptum
2942 4270 2973 4306 a
3006 4253 3151 4307 nobis
3178 4252 3340 4324 facta,
3386 4254 3520 4308 citra
3551 4255 3681 4308 cha-

2662 4324 2878 4376 ritatem
2902 4324 3113 4393 frigere.

410 4471 531 4510 mus
556 4457 621 4511 ¹⁶.
656 4477 675 4509 ι
710 4459 908 4515 Nescio
939 4476 1057 4525 vos,
1093 4480 1110 4512 ι
1143 4462 1403 4518 recedite.
1452 4443 1598 4528 Quis
1649 4462 1798 4535 enim
1834 4461 1991 4517 vobis
2028 4443 2070 4496 θ
2168 4456 2331 4512 Csno.
2363 4458 2468 4511 Sex
2501 4456 2668 4527 igitur
2713 4457 2806 4511 illa
2862 4458 3248 4513 mandatorum
3278 4460 3455 4529 prima
3486 4468 3544 4514 et
3567 4473 3681 4513 ma-

407 4547 638 4615 aperiet,
669 4564 794 4604 cum
831 4550 1145 4622 virginitate
1180 4552 1362 4607 oleum
1396 4551 1561 4607 etiam
1600 4568 1710 4607 non
1748 4550 1989 4606 aﬂ‘eren-

485 4686 530 4718 ¹²
569 4684 759 4741 Matth.
783 4700 893 4747 nx,
921 4684 1007 4740 12.

1089 4687 1132 4719 ¹³
1162 4687 1293 4743 Luc.
1332 4706 1407 4754 vr,
1437 4689 1525 4744 56.

410 4754 457 4787 ’⁸
487 4754 620 4810 Luc.
641 4771 751 4822 xvi,
772 4756 838 4811 19
866 4769 1018 4825 seqq.

1605 4690 1650 4721 “‘
1674 4689 1817 4744 Psal.
1855 4689 2021 4755 cn,8.

2099 4551 2243 4605 xima
2294 4566 2418 4606 esse
2461 4565 2562 4620 pro
2618 4550 2880 4606 facultate
2914 4552 3224 4608 docuimus.
3271 4552 3680 4623 Propemodum

2137 4691 2179 4721 “'
2233 4688 2393 4745 Osee.
2424 4706 2499 4754 vn,
2530 4689 2583 4742 6.
2697 4688 2740 4718 “
2772 4689 2960 4745 Matth.
2991 4708 3118 4754 xxv,
3156 4691 3242 4747 12.
3344 4690 3386 4724 ¹⁷
3420 4691 3555 4747 Ibid.
3590 4695 3681 4751 Η.

2697 4688 2740 4718 ’⁸
2772 4689 2960 4745 Matth.
2991 4708 3118 4757 xxv,
3156 4691 3242 4747 12.

1906 4847 2181 4910 Scholia.

484 4968 710 5045 fBasil.
778 4968 882 5035 Qui
926 4972 1067 5045 circa
1137 4970 1351 5025 modum
1399 4975 1571 5045 operis
1625 4975 1861 5045 offendit,
1905 4977 2001 5028 etsi

416 5040 657 5112 uideatur
682 5039 855 5112 [agere
883 5040 1223 5101 mandatum,
1246 5039 1497 5111 reprobus
1528 5052 1604 5097 est
1635 5039 1783 5112 apud
1811 5043 1998 5098 Deum.

416 5112 503 5167 Ait
526 5111 663 5162 enim
687 5124 705 5162 :
732 5110 913 5163 Etiam
937 5112 984 5163 si
1006 5112 1120 5179 quis
1143 5114 1443 5173 certaverit,
1464 5130 1482 5162 ι
1515 5130 1619 5167 non
1639 5110 2000 5178 coronabitur,

419 5182 520 5233 nisi
548 5179 775 5251 legitime
799 5183 1095 5233 certaverit.
1132 5180 1219 5246 (ll
1240 5180 1374 5235 Tim.
1406 5196 1466 5245 tl,
1490 5183 1565 5251 5).
1603 5201 1621 5233 ι
1643 5182 1784 5238 Ναηι
1811 5187 2002 5238 bonum

418 5258 615 5323 nonest
638 5249 854 5315 bonum,
899 5251 1003 5323 nisi
1024 5251 1169 5314 bene,
1197 5259 1357 5319 atque
1386 5260 1442 5304 ut
1471 5249 1695 5323 oportet,
1730 5254 1826 5321 ﬁat

495 5321 533 5337 “
548 5316 688 5391 _Sane
705 5322 1013 5391 necessariis
1033 5323 1201 5391 niagis
1221 5316 1515 5375 necessaria
1535 5337 1598 5375 ea:
1613 5316 2007 5391 comparatione

420 5388 754 5464 prwferenda
776 5399 919 5464 sunt.
953 5388 1304 5464 iiihilg'habet
1334 5392 1595 5464 commodi
1619 5388 1738 5446 sine
1760 5410 2003 5464 compas-

420 5460 569 5510 sione
620 5458 919 5527 virginitas.
964 5460 1175 5513 Etenim
1215 5473 1263 5513 et
1300 5463 1487 5523 otium,
1517 5465 1622 5516 sive
1667 5458 1909 5517 socordia
1950 5466 2005 5518 in

423 5528 641 5601 uirtute,
666 5529 983 5598 supplicium
1010 5546 1200 5601 parere
1224 5538 1415 5601 potest,
1440 5547 1545 5585 non
1579 5532 1747 5586 solum
1775 5535 2005 5588 actiones

423 5598 719 5670 improbae:
747 5601 961 5667 quando
993 5598 1042 5652 et
1069 5600 1170 5659 illi,
1197 5598 1285 5670 qui
1323 5603 1573 5655 esurienti
1604 5619 1708 5656 non
1750 5603 2007 5657 dederunt

423 5666 774 5738 manducare,
812 5670 1131 5738 necgsitienti
1154 5666 1346 5735 bibere,
1382 5688 1476 5725 nec
1502 5674 1699 5726 nudum
1725 5689 2007 5738 ωομεν-τιε-

426 5745 575 5802 runt,
595 5736 835 5807 fortassis
862 5736 1041 5792 aliena
1072 5756 1179 5793 non
1221 5752 1537 5810 rapuerunt,
1569 5760 1661 5797 nec
1686 5736 2009 5814 fraudarunt

750 5836 1029 5898 Parnon.
1071 5836 1189 5896 Gn.
1234 5839 1449 5902 CXXV
1464 5840 1541 5901 ll.

2100 4975 2350 5051 aliquem.
2380 4974 2484 5051 Sea
2508 4975 2633 5051 quia
2659 4976 3071 5030 misericordiam
3093 4993 3195 5031 non
3225 4977 3690 5051 fecerunt,sttppii-

2104 5048 2182 5099 cio
2208 5048 2261 5099 in
2287 5062 2373 5099 eos
2409 5047 2731 5100 vindicatum
2756 5056 2853 5100 est.

2172 5114 2456 5186 Chrysost.
2489 5114 2867 5188 Misericordia
2906 5118 3179 5172 charitatis
3217 5119 3689 5188 praestantissimus

2104 5201 2309 5257 ramus,
2342 5196 2389 5239 et
2413 5187 2827 5257 primogenitum
2850 5203 3063 5256 germen
3096 5199 3194 5243 est.
3219 5187 3321 5255 Et,
3355 5189 3400 5243 si
3430 5198 3692 5247 internum

2104 5256 2345 5334 punitur,
2374 5254 2463 5325 qui
2508 5254 2772 5334 bonanet
2810 5254 2938 5334 bene
2979 5274 3084 5312 non
3118 5259 3277 5328 fecit:
3308 5254 3476 5314 multo
3522 5264 3691 5334 magis

2107 5325 2403 5447 puniendus
2433 5342 2486 5379 es
2504 5325 2588 5389 tis,
2611 5326 2702 5396 qui
2724 5326 2868 5380 mala
2896 5342 3061 5397 supra
3078 5325 3491 5386 commemorata
3513 5325 3690 5388 adiui-

2107 5410 2211 5447 seri
2242 5432 2258 5447 .

2105 5410 2258 5449 δενιι.

2150 5463 2638 5547 .l‘sidor..dDivitiaz
2686 5483 2879 5547 parum
2936 5471 3154 5547 attentis
3196 5488 3274 5547 ac
3323 5472 3553 5547 providis
3587 5470 3694 5547 nti-

2108 5541 2290 5618 nistra:
2314 5541 2565 5618 vitiorum
2593 5544 2757 5618 sunt;
2786 5548 3077 5618 paupertas
3105 5541 3442 5611 vigilantibus
3479 5542 3692 5618 sapien-

2108 5606 2203 5687 tio}.
2247 5612 2417 5687 mater
2472 5604 2674 5687 est._Si
2723 5604 3427 5687 igiturhdivitias'amantes
3473 5604 3693 5687 benigne

2108 5674 2229 5797 ptiis
2263 5675 2436 5743 facere
2471 5674 2872 5741 contemniinus,
2896 5678 3041 5750 digni
3075 5696 3256 5735 sumus
3283 5681 3373 5748 qui
3401 5680 3556 5748 longo
3580 5674 3693 5747 igni

2131 5760 2430 5797 orreamur.

2131 5760 2377 5799 orreamu
2386 5762 2430 5798 Γ.

3413 5847 3490 5906 23
