  <div class='ocr_page' id='page_1' title='image "/cluster/home/n/w/nwhite01/storage/ocr_20150623/127/coo.31924054870328/365.png"; bbox 0 0 4036 6420; ppageno 0'>
   <div class='ocr_carea' id='block_1_1' title="bbox 360 348 479 423">
    <p class='ocr_par' dir='ltr' id='par_1_1' title="bbox 360 348 479 423">
     <span class='ocr_line' id='line_1_1' title="bbox 360 348 479 423; baseline -0.008 0"><span class='ocrx_word' id='word_1_1' title='bbox 360 348 479 423; x_wconf 64' lang='grc' dir='ltr'><strong>ῒιδ</strong></span> 
     </span>
    </p>
   </div>
   <div class='ocr_carea' id='block_1_2' title="bbox 372 469 2035 545">
    <p class='ocr_par' dir='ltr' id='par_1_2' title="bbox 372 469 2035 545">
     <span class='ocr_line' id='line_1_2' title="bbox 372 469 2035 545; baseline -0.007 -10"><span class='ocrx_word' id='word_1_2' title='bbox 372 490 559 535; x_wconf 88' lang='lat' dir='ltr'><strong>autem</strong></span> <span class='ocrx_word' id='word_1_3' title='bbox 584 472 904 531; x_wconf 79' lang='lat' dir='ltr'><strong>memoriam</strong></span> <span class='ocrx_word' id='word_1_4' title='bbox 936 476 1178 535; x_wconf 83' lang='lat' dir='ltr'><strong>nostram</strong></span> <span class='ocrx_word' id='word_1_5' title='bbox 1209 469 1425 543; x_wconf 88' lang='lat' dir='ltr'><strong>fugerat</strong></span> <span class='ocrx_word' id='word_1_6' title='bbox 1448 471 1894 545; x_wconf 83' lang='lat' dir='ltr'><strong>(prohjacturam</strong></span> <span class='ocrx_word' id='word_1_7' title='bbox 1920 473 1960 542; x_wconf 79' lang='grc' dir='ltr'>ι)</span> <span class='ocrx_word' id='word_1_8' title='bbox 1993 493 2035 544; x_wconf 67' lang='grc' dir='ltr'><strong>Α</strong></span> 
     </span>
    </p>
   </div>
   <div class='ocr_carea' id='block_1_3' title="bbox 371 562 1704 628">
    <p class='ocr_par' dir='ltr' id='par_1_3' title="bbox 371 562 1704 628">
     <span class='ocr_line' id='line_1_3' title="bbox 371 562 1704 628; baseline -0.008 0"><span class='ocrx_word' id='word_1_9' title='bbox 371 570 465 628; x_wconf 80' lang='lat' dir='ltr'><strong>illa</strong></span> <span class='ocrx_word' id='word_1_10' title='bbox 491 567 647 623; x_wconf 80' lang='lat' dir='ltr'><strong>Pauli</strong></span> <span class='ocrx_word' id='word_1_11' title='bbox 674 582 776 620; x_wconf 91' lang='lat' dir='ltr'><strong>vox</strong></span> <span class='ocrx_word' id='word_1_12' title='bbox 812 562 1058 619; x_wconf 83' lang='lat' dir='ltr'><strong>inaudita</strong></span> <span class='ocrx_word' id='word_1_13' title='bbox 1083 577 1215 617; x_wconf 86' lang='lat' dir='ltr'><strong>sane</strong></span> <span class='ocrx_word' id='word_1_14' title='bbox 1249 578 1306 619; x_wconf 90' lang='lat' dir='ltr'><strong>ct</strong></span> <span class='ocrx_word' id='word_1_15' title='bbox 1340 565 1704 620; x_wconf 80' lang='lat' dir='ltr'><strong>admirabilis.</strong></span> 
     </span>
    </p>
   </div>
   <div class='ocr_carea' id='block_1_4' title="bbox 384 657 1958 729">
    <p class='ocr_par' dir='ltr' id='par_1_4' title="bbox 384 657 1958 729">
     <span class='ocr_line' id='line_1_4' title="bbox 384 657 1958 729; baseline -0.003 -10"><span class='ocrx_word' id='word_1_16' title='bbox 384 712 389 719; x_wconf 83' lang='lat'><strong>.</strong></span> <span class='ocrx_word' id='word_1_17' title='bbox 443 660 635 719; x_wconf 68' lang='lat' dir='ltr'><strong>Aulus.</strong></span> <span class='ocrx_word' id='word_1_18' title='bbox 666 659 746 714; x_wconf 91' lang='lat' dir='ltr'><strong>Tu</strong></span> <span class='ocrx_word' id='word_1_19' title='bbox 772 673 903 714; x_wconf 88' lang='lat' dir='ltr'><strong>vero</strong></span> <span class='ocrx_word' id='word_1_20' title='bbox 921 671 1112 713; x_wconf 86' lang='lat' dir='ltr'><strong>vocem</strong></span> <span class='ocrx_word' id='word_1_21' title='bbox 1146 657 1297 712; x_wconf 85' lang='lat' dir='ltr'><strong>illam</strong></span> <span class='ocrx_word' id='word_1_22' title='bbox 1327 658 1711 714; x_wconf 84' lang='lat' dir='ltr'><strong>admirabilem</strong></span> <span class='ocrx_word' id='word_1_23' title='bbox 1735 675 1805 715; x_wconf 88' lang='lat' dir='ltr'><strong>ne</strong></span> <span class='ocrx_word' id='word_1_24' title='bbox 1826 674 1958 729; x_wconf 72' lang='lat' dir='ltr'><strong>prae-</strong></span> 
     </span>
    </p>
   </div>
   <div class='ocr_carea' id='block_1_5' title="bbox 354 748 1963 823">
    <p class='ocr_par' dir='ltr' id='par_1_5' title="bbox 354 748 1963 823">
     <span class='ocr_line' id='line_1_5' title="bbox 354 748 1963 823; baseline -0.002 -11"><span class='ocrx_word' id='word_1_25' title='bbox 354 750 715 817; x_wconf 57' lang='lat' dir='ltr'><strong>‘termiseris;</strong></span> <span class='ocrx_word' id='word_1_26' title='bbox 764 748 864 806; x_wconf 87' lang='lat' dir='ltr'><strong>scd</strong></span> <span class='ocrx_word' id='word_1_27' title='bbox 906 749 973 803; x_wconf 82' lang='lat' dir='ltr'><strong>in</strong></span> <span class='ocrx_word' id='word_1_28' title='bbox 1030 748 1276 805; x_wconf 85' lang='lat' dir='ltr'><strong>medium</strong></span> <span class='ocrx_word' id='word_1_29' title='bbox 1327 748 1538 821; x_wconf 90' lang='lat' dir='ltr'><strong>profer,</strong></span> <span class='ocrx_word' id='word_1_30' title='bbox 1590 749 1963 823; x_wconf 69' lang='lat' dir='ltr'><strong>celeriterque</strong></span> 
     </span>
    </p>
   </div>
   <div class='ocr_carea' id='block_1_6' title="bbox 360 849 569 904">
    <p class='ocr_par' dir='ltr' id='par_1_6' title="bbox 360 849 569 904">
     <span class='ocr_line' id='line_1_6' title="bbox 360 849 569 904; baseline -0.014 0"><span class='ocrx_word' id='word_1_31' title='bbox 360 849 569 904; x_wconf 71' lang='lat' dir='ltr'><strong>recita.</strong></span> 
     </span>
    </p>
   </div>
   <div class='ocr_carea' id='block_1_7' title="bbox 1617 346 3658 421">
    <p class='ocr_par' dir='ltr' id='par_1_7' title="bbox 1617 346 3658 421">
     <span class='ocr_line' id='line_1_7' title="bbox 1617 346 3658 421; baseline 0.004 -9"><span class='ocrx_word' id='word_1_32' title='bbox 1617 349 1980 412; x_wconf 66' lang='lat' dir='ltr'><strong>THILIPPI</strong></span> <span class='ocrx_word' id='word_1_33' title='bbox 2024 346 2418 413; x_wconf 79' lang='lat' dir='ltr'><strong>SOLITARU</strong></span> <span class='ocrx_word' id='word_1_34' title='bbox 3552 355 3658 421; x_wconf 77' lang='lat'><strong>716</strong></span> 
     </span>
    </p>
   </div>
   <div class='ocr_carea' id='block_1_8' title="bbox 2687 475 3039 534">
    <p class='ocr_par' dir='ltr' id='par_1_8' title="bbox 2687 475 3039 534">
     <span class='ocr_line' id='line_1_8' title="bbox 2687 475 3039 534; baseline 0.006 -2"><span class='ocrx_word' id='word_1_35' title='bbox 2687 475 2914 533; x_wconf 70' lang='lat' dir='ltr'><strong>CAPUT</strong></span> <span class='ocrx_word' id='word_1_36' title='bbox 2950 478 3039 534; x_wconf 72' lang='grc' dir='ltr'><strong>Ν.</strong></span> 
     </span>
    </p>
   </div>
   <div class='ocr_carea' id='block_1_9' title="bbox 2073 566 3659 654">
    <p class='ocr_par' dir='ltr' id='par_1_9' title="bbox 2073 566 3659 654">
     <span class='ocr_line' id='line_1_9' title="bbox 2073 566 3659 654; baseline 0.004 -33"><span class='ocrx_word' id='word_1_37' title='bbox 2073 566 2232 622; x_wconf 79' lang='lat' dir='ltr'><strong>Pauli</strong></span> <span class='ocrx_word' id='word_1_38' title='bbox 2292 566 2523 640; x_wconf 77' lang='lat' dir='ltr'><strong>apostoli</strong></span> <span class='ocrx_word' id='word_1_39' title='bbox 2580 583 2708 637; x_wconf 84' lang='lat' dir='ltr'><strong>erga</strong></span> <span class='ocrx_word' id='word_1_40' title='bbox 2747 568 2954 654; x_wconf 46' lang='lat' dir='ltr'><strong>.Doum,</strong></span> <span class='ocrx_word' id='word_1_41' title='bbox 2978 578 3028 623; x_wconf 90' lang='lat' dir='ltr'><strong>et</strong></span> <span class='ocrx_word' id='word_1_42' title='bbox 3074 569 3377 641; x_wconf 75' lang='lat' dir='ltr'><strong>proximum</strong></span> <span class='ocrx_word' id='word_1_43' title='bbox 3425 569 3659 627; x_wconf 77' lang='lat' dir='ltr'><strong>charitas</strong></span> 
     </span>
    </p>
   </div>
   <div class='ocr_carea' id='block_1_10' title="bbox 2740 658 3020 695">
    <p class='ocr_par' dir='ltr' id='par_1_10' title="bbox 2740 658 3020 695">
     <span class='ocr_line' id='line_1_10' title="bbox 2740 658 3020 695; baseline -0.004 -1"><span class='ocrx_word' id='word_1_44' title='bbox 2740 658 3020 695; x_wconf 79' lang='lat' dir='ltr'><strong>immensa.</strong></span> 
     </span>
    </p>
   </div>
   <div class='ocr_carea' id='block_1_11' title="bbox 2137 755 3660 827">
    <p class='ocr_par' dir='ltr' id='par_1_11' title="bbox 2137 755 3660 827">
     <span class='ocr_line' id='line_1_11' title="bbox 2137 755 3660 827; baseline 0.001 -17"><span class='ocrx_word' id='word_1_45' title='bbox 2137 759 2335 811; x_wconf 72' lang='lat' dir='ltr'><strong>Amm.</strong></span> <span class='ocrx_word' id='word_1_46' title='bbox 2380 756 2740 827; x_wconf 84' lang='lat' dir='ltr'><strong>Quispiamne</strong></span> <span class='ocrx_word' id='word_1_47' title='bbox 2792 757 2849 812; x_wconf 87' lang='lat' dir='ltr'><strong>in</strong></span> <span class='ocrx_word' id='word_1_48' title='bbox 2886 757 2992 811; x_wconf 87' lang='lat' dir='ltr'><strong>hac</strong></span> <span class='ocrx_word' id='word_1_49' title='bbox 3033 756 3147 810; x_wconf 87' lang='lat' dir='ltr'><strong>vita</strong></span> <span class='ocrx_word' id='word_1_50' title='bbox 3204 755 3505 824; x_wconf 85' lang='lat' dir='ltr'><strong>reperitur,</strong></span> <span class='ocrx_word' id='word_1_51' title='bbox 3562 757 3660 826; x_wconf 82' lang='lat' dir='ltr'><strong>qui</strong></span> 
     </span>
    </p>
   </div>
   <div class='ocr_carea' id='block_1_12' title="bbox 2067 846 3663 919">
    <p class='ocr_par' dir='ltr' id='par_1_12' title="bbox 2067 846 3663 919">
     <span class='ocr_line' id='line_1_12' title="bbox 2067 846 3663 919; baseline 0.001 -18"><span class='ocrx_word' id='word_1_52' title='bbox 2067 849 2453 903; x_wconf 75' lang='lat' dir='ltr'><strong>mandatorum</strong></span> <span class='ocrx_word' id='word_1_53' title='bbox 2484 848 3082 919; x_wconf 60' lang='lat' dir='ltr'><strong>pracellentissimum,</strong></span> <span class='ocrx_word' id='word_1_54' title='bbox 3121 854 3182 901; x_wconf 94' lang='lat' dir='ltr'><strong>ut</strong></span> <span class='ocrx_word' id='word_1_55' title='bbox 3210 846 3375 912; x_wconf 84' lang='lat' dir='ltr'><strong>dicis,</strong></span> <span class='ocrx_word' id='word_1_56' title='bbox 3416 847 3663 903; x_wconf 78' lang='lat' dir='ltr'><strong>charita-</strong></span> 
     </span>
    </p>
   </div>
   <div class='ocr_carea' id='block_1_13' title="bbox 442 932 3661 1011">
    <p class='ocr_par' dir='ltr' id='par_1_13' title="bbox 442 932 3661 1011">
     <span class='ocr_line' id='line_1_13' title="bbox 442 932 3661 1011; baseline -0 -16"><span class='ocrx_word' id='word_1_57' title='bbox 442 939 607 995; x_wconf 63' lang='lat' dir='ltr'><strong>Caao.</strong></span> <span class='ocrx_word' id='word_1_58' title='bbox 632 937 833 1009; x_wconf 79' lang='lat' dir='ltr'><strong>Accipe</strong></span> <span class='ocrx_word' id='word_1_59' title='bbox 855 932 1014 993; x_wconf 85' lang='lat' dir='ltr'><strong>Pauli</strong></span> <span class='ocrx_word' id='word_1_60' title='bbox 1035 936 1267 993; x_wconf 83' lang='lat' dir='ltr'><strong>verbum</strong></span> <span class='ocrx_word' id='word_1_61' title='bbox 1293 954 1307 991; x_wconf 92' lang='lat'><strong>:</strong></span> <span class='ocrx_word' id='word_1_62' title='bbox 1343 956 1363 990; x_wconf 82' lang='grc' dir='ltr'><strong>ι</strong></span> <span class='ocrx_word' id='word_1_63' title='bbox 1400 934 1460 992; x_wconf 84' lang='lat' dir='ltr'><strong>Si</strong></span> <span class='ocrx_word' id='word_1_64' title='bbox 1493 935 1660 993; x_wconf 83' lang='lat' dir='ltr'><strong>fidem</strong></span> <span class='ocrx_word' id='word_1_65' title='bbox 1692 935 1963 1003; x_wconf 87' lang='lat' dir='ltr'><strong>habuero,</strong></span> <span class='ocrx_word' id='word_1_66' title='bbox 2069 948 2178 995; x_wconf 89' lang='lat' dir='ltr'><strong>tem</strong></span> <span class='ocrx_word' id='word_1_67' title='bbox 2206 940 2376 1011; x_wconf 84' lang='lat' dir='ltr'><strong>probe</strong></span> <span class='ocrx_word' id='word_1_68' title='bbox 2404 947 2612 1007; x_wconf 77' lang='lat' dir='ltr'><strong>servet,</strong></span> <span class='ocrx_word' id='word_1_69' title='bbox 2645 950 2706 995; x_wconf 90' lang='lat' dir='ltr'><strong>ut</strong></span> <span class='ocrx_word' id='word_1_70' title='bbox 2727 938 2994 995; x_wconf 87' lang='lat' dir='ltr'><strong>nimirum</strong></span> <span class='ocrx_word' id='word_1_71' title='bbox 3022 939 3196 994; x_wconf 87' lang='lat' dir='ltr'><strong>Deum</strong></span> <span class='ocrx_word' id='word_1_72' title='bbox 3222 952 3288 993; x_wconf 85' lang='lat' dir='ltr'><strong>ex</strong></span> <span class='ocrx_word' id='word_1_73' title='bbox 3323 947 3440 994; x_wconf 90' lang='lat' dir='ltr'><strong>toto</strong></span> <span class='ocrx_word' id='word_1_74' title='bbox 3471 939 3661 1004; x_wconf 85' lang='lat' dir='ltr'><strong>corde,</strong></span> 
     </span>
    </p>
   </div>
   <div class='ocr_carea' id='block_1_14' title="bbox 363 1028 3069 1104">
    <p class='ocr_par' dir='ltr' id='par_1_14' title="bbox 363 1028 3069 1104">
     <span class='ocr_line' id='line_1_14' title="bbox 363 1028 3069 1104; baseline -0.003 -12"><span class='ocrx_word' id='word_1_75' title='bbox 363 1044 439 1092; x_wconf 50' lang='lat' dir='ltr'><strong>ant</strong></span> <span class='ocrx_word' id='word_1_76' title='bbox 469 1044 688 1091; x_wconf 82' lang='lat' dir='ltr'><strong>montes</strong></span> <span class='ocrx_word' id='word_1_77' title='bbox 719 1032 1082 1101; x_wconf 86' lang='lat' dir='ltr'><strong>transferam;</strong></span> <span class='ocrx_word' id='word_1_78' title='bbox 1108 1032 1157 1088; x_wconf 90' lang='lat' dir='ltr'><strong>si</strong></span> <span class='ocrx_word' id='word_1_79' title='bbox 1181 1028 1525 1088; x_wconf 85' lang='lat' dir='ltr'><strong>distribuero</strong></span> <span class='ocrx_word' id='word_1_80' title='bbox 1553 1032 1610 1088; x_wconf 90' lang='lat' dir='ltr'><strong>in</strong></span> <span class='ocrx_word' id='word_1_81' title='bbox 1633 1031 1791 1089; x_wconf 82' lang='lat' dir='ltr'><strong>cibos</strong></span> <span class='ocrx_word' id='word_1_82' title='bbox 1821 1046 1961 1103; x_wconf 89' lang='lat' dir='ltr'><strong>pau-</strong></span> <span class='ocrx_word' id='word_1_83' title='bbox 2068 1041 2125 1089; x_wconf 93' lang='lat' dir='ltr'><strong>ct</strong></span> <span class='ocrx_word' id='word_1_84' title='bbox 2147 1034 2462 1103; x_wconf 89' lang='lat' dir='ltr'><strong>proximum</strong></span> <span class='ocrx_word' id='word_1_85' title='bbox 2492 1042 2552 1088; x_wconf 91' lang='lat' dir='ltr'><strong>ut</strong></span> <span class='ocrx_word' id='word_1_86' title='bbox 2572 1032 2815 1104; x_wconf 86' lang='lat' dir='ltr'><strong>seipsum</strong></span> <span class='ocrx_word' id='word_1_87' title='bbox 2842 1030 3069 1102; x_wconf 85' lang='lat' dir='ltr'><strong>diligat?</strong></span> 
     </span>
    </p>
   </div>
   <div class='ocr_carea' id='block_1_15' title="bbox 375 1117 1969 1199">
    <p class='ocr_par' dir='ltr' id='par_1_15' title="bbox 375 1117 1969 1199">
     <span class='ocr_line' id='line_1_15' title="bbox 375 1117 1969 1199; baseline -0.002 -18"><span class='ocrx_word' id='word_1_88' title='bbox 375 1141 571 1199; x_wconf 87' lang='lat' dir='ltr'><strong>perum</strong></span> <span class='ocrx_word' id='word_1_89' title='bbox 601 1140 799 1182; x_wconf 82' lang='lat' dir='ltr'><strong>omnes</strong></span> <span class='ocrx_word' id='word_1_90' title='bbox 828 1124 1121 1180; x_wconf 81' lang='lat' dir='ltr'><strong>facultates</strong></span> <span class='ocrx_word' id='word_1_91' title='bbox 1151 1137 1326 1189; x_wconf 90' lang='lat' dir='ltr'><strong>meas,</strong></span> <span class='ocrx_word' id='word_1_92' title='bbox 1360 1132 1418 1179; x_wconf 88' lang='lat' dir='ltr'><strong>et</strong></span> <span class='ocrx_word' id='word_1_93' title='bbox 1440 1122 1487 1177; x_wconf 89' lang='lat' dir='ltr'><strong>si</strong></span> <span class='ocrx_word' id='word_1_94' title='bbox 1533 1117 1818 1179; x_wconf 85' lang='lat' dir='ltr'><strong>tradidero</strong></span> <span class='ocrx_word' id='word_1_95' title='bbox 1845 1139 1969 1180; x_wconf 89' lang='lat' dir='ltr'><strong>cor-</strong></span> 
     </span>
    </p>
   </div>
   <div class='ocr_carea' id='block_1_16' title="bbox 372 1214 1969 1291">
    <p class='ocr_par' dir='ltr' id='par_1_16' title="bbox 372 1214 1969 1291">
     <span class='ocr_line' id='line_1_16' title="bbox 372 1214 1969 1291; baseline -0.004 -16"><span class='ocrx_word' id='word_1_96' title='bbox 372 1234 484 1291; x_wconf 86' lang='lat' dir='ltr'><strong>pus</strong></span> <span class='ocrx_word' id='word_1_97' title='bbox 513 1232 697 1274; x_wconf 89' lang='lat' dir='ltr'><strong>meum</strong></span> <span class='ocrx_word' id='word_1_98' title='bbox 732 1218 807 1272; x_wconf 89' lang='lat' dir='ltr'><strong>ita</strong></span> <span class='ocrx_word' id='word_1_99' title='bbox 837 1226 897 1272; x_wconf 88' lang='lat' dir='ltr'><strong>ut</strong></span> <span class='ocrx_word' id='word_1_100' title='bbox 921 1215 1182 1281; x_wconf 82' lang='lat' dir='ltr'><strong>ardeam;</strong></span> <span class='ocrx_word' id='word_1_101' title='bbox 1212 1215 1259 1271; x_wconf 86' lang='lat' dir='ltr'><strong>si</strong></span> <span class='ocrx_word' id='word_1_102' title='bbox 1306 1214 1557 1271; x_wconf 87' lang='lat' dir='ltr'><strong>habuero</strong></span> <span class='ocrx_word' id='word_1_103' title='bbox 1597 1216 1969 1287; x_wconf 84' lang='lat' dir='ltr'><strong>prophetiam,</strong></span> 
     </span>
    </p>
   </div>
   <div class='ocr_carea' id='block_1_17' title="bbox 372 1307 1967 1380">
    <p class='ocr_par' dir='ltr' id='par_1_17' title="bbox 372 1307 1967 1380">
     <span class='ocr_line' id='line_1_17' title="bbox 372 1307 1967 1380; baseline -0.001 -14"><span class='ocrx_word' id='word_1_104' title='bbox 372 1320 436 1367; x_wconf 90' lang='lat' dir='ltr'><strong>et</strong></span> <span class='ocrx_word' id='word_1_105' title='bbox 464 1310 714 1365; x_wconf 82' lang='lat' dir='ltr'><strong>noverim</strong></span> <span class='ocrx_word' id='word_1_106' title='bbox 738 1308 998 1380; x_wconf 64' lang='lat' dir='ltr'><strong>mysteria</strong></span> <span class='ocrx_word' id='word_1_107' title='bbox 1030 1307 1216 1363; x_wconf 90' lang='lat' dir='ltr'><strong>omnia</strong></span> <span class='ocrx_word' id='word_1_108' title='bbox 1245 1316 1303 1363; x_wconf 92' lang='lat' dir='ltr'><strong>et</strong></span> <span class='ocrx_word' id='word_1_109' title='bbox 1321 1323 1544 1363; x_wconf 90' lang='lat' dir='ltr'><strong>omnem</strong></span> <span class='ocrx_word' id='word_1_110' title='bbox 1564 1308 1853 1364; x_wconf 82' lang='lat' dir='ltr'><strong>scientiam</strong></span> <span class='ocrx_word' id='word_1_111' title='bbox 1879 1325 1894 1375; x_wconf 93' lang='lat'><strong>;</strong></span> <span class='ocrx_word' id='word_1_112' title='bbox 1921 1307 1967 1364; x_wconf 90' lang='lat' dir='ltr'><strong>si</strong></span> 
     </span>
    </p>
   </div>
   <div class='ocr_carea' id='block_1_18' title="bbox 376 1392 1971 1473">
    <p class='ocr_par' dir='ltr' id='par_1_18' title="bbox 376 1392 1971 1473">
     <span class='ocr_line' id='line_1_18' title="bbox 376 1392 1971 1473; baseline -0.002 -16"><span class='ocrx_word' id='word_1_113' title='bbox 376 1404 546 1459; x_wconf 86' lang='lat' dir='ltr'><strong>etiam</strong></span> <span class='ocrx_word' id='word_1_114' title='bbox 565 1401 769 1473; x_wconf 88' lang='lat' dir='ltr'><strong>linguis</strong></span> <span class='ocrx_word' id='word_1_115' title='bbox 793 1392 1117 1471; x_wconf 85' lang='lat' dir='ltr'><strong>angelorum</strong></span> <span class='ocrx_word' id='word_1_116' title='bbox 1154 1400 1375 1471; x_wconf 83' lang='lat' dir='ltr'><strong>loquar,</strong></span> <span class='ocrx_word' id='word_1_117' title='bbox 1420 1399 1755 1455; x_wconf 88' lang='lat' dir='ltr'><strong>charitatem</strong></span> <span class='ocrx_word' id='word_1_118' title='bbox 1785 1409 1971 1454; x_wconf 88' lang='lat' dir='ltr'><strong>autem</strong></span> 
     </span>
    </p>
   </div>
   <div class='ocr_carea' id='block_1_19' title="bbox 374 1490 1975 1569">
    <p class='ocr_par' dir='ltr' id='par_1_19' title="bbox 374 1490 1975 1569">
     <span class='ocr_line' id='line_1_19' title="bbox 374 1490 1975 1569; baseline -0.002 -20"><span class='ocrx_word' id='word_1_119' title='bbox 374 1511 491 1569; x_wconf 77' lang='lat' dir='ltr'><strong>non</strong></span> <span class='ocrx_word' id='word_1_120' title='bbox 553 1493 829 1557; x_wconf 83' lang='lat' dir='ltr'><strong>habuero,</strong></span> <span class='ocrx_word' id='word_1_121' title='bbox 865 1492 1005 1548; x_wconf 90' lang='lat' dir='ltr'><strong>nihil</strong></span> <span class='ocrx_word' id='word_1_122' title='bbox 1057 1491 1195 1548; x_wconf 90' lang='lat' dir='ltr'><strong>mihi</strong></span> <span class='ocrx_word' id='word_1_123' title='bbox 1254 1490 1503 1563; x_wconf 87' lang='lat' dir='ltr'><strong>proderit</strong></span> <span class='ocrx_word' id='word_1_124' title='bbox 1552 1491 1616 1547; x_wconf 83' lang='lat'><strong>&quot;.</strong></span> <span class='ocrx_word' id='word_1_125' title='bbox 1654 1509 1674 1544; x_wconf 72' lang='grc' dir='ltr'><strong>ι</strong></span> <span class='ocrx_word' id='word_1_126' title='bbox 1722 1490 1975 1546; x_wconf 87' lang='lat' dir='ltr'><strong>Charitas</strong></span> 
     </span>
    </p>
   </div>
   <div class='ocr_carea' id='block_1_20' title="bbox 364 1579 1969 1656">
    <p class='ocr_par' dir='ltr' id='par_1_20' title="bbox 364 1579 1969 1656">
     <span class='ocr_line' id='line_1_20' title="bbox 364 1579 1969 1656; baseline -0.002 -17"><span class='ocrx_word' id='word_1_127' title='bbox 364 1584 803 1656; x_wconf 65' lang='lat' dir='ltr'><strong>prophetarum,</strong></span> <span class='ocrx_word' id='word_1_128' title='bbox 826 1591 884 1640; x_wconf 88' lang='lat' dir='ltr'><strong>et</strong></span> <span class='ocrx_word' id='word_1_129' title='bbox 912 1582 1054 1654; x_wconf 87' lang='lat' dir='ltr'><strong>legis</strong></span> <span class='ocrx_word' id='word_1_130' title='bbox 1078 1590 1248 1653; x_wconf 81' lang='lat' dir='ltr'><strong>caput</strong></span> <span class='ocrx_word' id='word_1_131' title='bbox 1271 1595 1336 1636; x_wconf 91' lang='lat' dir='ltr'><strong>ac</strong></span> <span class='ocrx_word' id='word_1_132' title='bbox 1355 1595 1557 1651; x_wconf 87' lang='lat' dir='ltr'><strong>scopus</strong></span> <span class='ocrx_word' id='word_1_133' title='bbox 1580 1589 1684 1637; x_wconf 79' lang='lat' dir='ltr'><strong>est.</strong></span> <span class='ocrx_word' id='word_1_134' title='bbox 1712 1579 1969 1635; x_wconf 78' lang='lat' dir='ltr'><strong>Charitas</strong></span> 
     </span>
    </p>
   </div>
   <div class='ocr_carea' id='block_1_21' title="bbox 362 1672 1974 1732">
    <p class='ocr_par' dir='ltr' id='par_1_21' title="bbox 362 1672 1974 1732">
     <span class='ocr_line' id='line_1_21' title="bbox 362 1672 1974 1732; baseline -0.003 0"><span class='ocrx_word' id='word_1_135' title='bbox 362 1686 462 1732; x_wconf 77' lang='lat' dir='ltr'><strong>est</strong></span> <span class='ocrx_word' id='word_1_136' title='bbox 494 1691 584 1732; x_wconf 91' lang='lat' dir='ltr'><strong>res</strong></span> <span class='ocrx_word' id='word_1_137' title='bbox 637 1675 876 1732; x_wconf 76' lang='lat' dir='ltr'><strong>maxima</strong></span> <span class='ocrx_word' id='word_1_138' title='bbox 900 1693 920 1728; x_wconf 88' lang='lat'>:</span> <span class='ocrx_word' id='word_1_139' title='bbox 954 1673 1202 1730; x_wconf 87' lang='lat' dir='ltr'><strong>charitas</strong></span> <span class='ocrx_word' id='word_1_140' title='bbox 1251 1688 1344 1729; x_wconf 89' lang='lat' dir='ltr'><strong>res</strong></span> <span class='ocrx_word' id='word_1_141' title='bbox 1387 1672 1598 1728; x_wconf 90' lang='lat' dir='ltr'><strong>divina.</strong></span> <span class='ocrx_word' id='word_1_142' title='bbox 1645 1672 1819 1728; x_wconf 89' lang='lat' dir='ltr'><strong>Deum</strong></span> <span class='ocrx_word' id='word_1_143' title='bbox 1852 1687 1974 1728; x_wconf 86' lang='lat' dir='ltr'><strong>esse</strong></span> 
     </span>
    </p>
   </div>
   <div class='ocr_carea' id='block_1_22' title="bbox 372 1763 1971 1837">
    <p class='ocr_par' dir='ltr' id='par_1_22' title="bbox 372 1763 1971 1837">
     <span class='ocr_line' id='line_1_22' title="bbox 372 1763 1971 1837; baseline -0.003 -13"><span class='ocrx_word' id='word_1_144' title='bbox 372 1768 731 1835; x_wconf 82' lang='lat' dir='ltr'><strong>charitatem,</strong></span> <span class='ocrx_word' id='word_1_145' title='bbox 755 1767 997 1823; x_wconf 82' lang='lat' dir='ltr'><strong>Joannes</strong></span> <span class='ocrx_word' id='word_1_146' title='bbox 1028 1765 1342 1837; x_wconf 91' lang='lat' dir='ltr'><strong>Theologus</strong></span> <span class='ocrx_word' id='word_1_147' title='bbox 1369 1763 1638 1820; x_wconf 87' lang='lat' dir='ltr'><strong>divinitus</strong></span> <span class='ocrx_word' id='word_1_148' title='bbox 1660 1765 1883 1835; x_wconf 87' lang='lat' dir='ltr'><strong>scripsit</strong></span> <span class='ocrx_word' id='word_1_149' title='bbox 1903 1765 1971 1828; x_wconf 78' lang='lat'><strong>&quot;,</strong></span> 
     </span>
    </p>
   </div>
   <div class='ocr_carea' id='block_1_23' title="bbox 2139 1121 3665 1195">
    <p class='ocr_par' dir='ltr' id='par_1_23' title="bbox 2139 1121 3665 1195">
     <span class='ocr_line' id='line_1_23' title="bbox 2139 1121 3665 1195; baseline -0.004 -14"><span class='ocrx_word' id='word_1_150' title='bbox 2139 1125 2300 1182; x_wconf 64' lang='lat' dir='ltr'><strong>Cano.</strong></span> <span class='ocrx_word' id='word_1_151' title='bbox 2334 1125 2448 1182; x_wconf 91' lang='lat' dir='ltr'><strong>lmo</strong></span> <span class='ocrx_word' id='word_1_152' title='bbox 2478 1124 2665 1192; x_wconf 92' lang='lat' dir='ltr'><strong>multi,</strong></span> <span class='ocrx_word' id='word_1_153' title='bbox 2694 1124 2976 1195; x_wconf 86' lang='lat' dir='ltr'><strong>iidemque</strong></span> <span class='ocrx_word' id='word_1_154' title='bbox 3005 1122 3224 1194; x_wconf 90' lang='lat' dir='ltr'><strong>optimi,</strong></span> <span class='ocrx_word' id='word_1_155' title='bbox 3258 1130 3316 1178; x_wconf 90' lang='lat' dir='ltr'><strong>et</strong></span> <span class='ocrx_word' id='word_1_156' title='bbox 3340 1122 3554 1177; x_wconf 86' lang='lat' dir='ltr'><strong>honore</strong></span> <span class='ocrx_word' id='word_1_157' title='bbox 3575 1121 3665 1176; x_wconf 90' lang='lat' dir='ltr'><strong>di-</strong></span> 
     </span>
    </p>
   </div>
   <div class='ocr_carea' id='block_1_24' title="bbox 2071 1215 3662 1289">
    <p class='ocr_par' dir='ltr' id='par_1_24' title="bbox 2071 1215 3662 1289">
     <span class='ocr_line' id='line_1_24' title="bbox 2071 1215 3662 1289; baseline -0.003 -16"><span class='ocrx_word' id='word_1_158' title='bbox 2071 1219 2187 1289; x_wconf 79' lang='lat' dir='ltr'><strong>gni.</strong></span> <span class='ocrx_word' id='word_1_159' title='bbox 2220 1218 2276 1274; x_wconf 85' lang='lat' dir='ltr'><strong>Si</strong></span> <span class='ocrx_word' id='word_1_160' title='bbox 2311 1229 2495 1275; x_wconf 89' lang='lat' dir='ltr'><strong>tamen</strong></span> <span class='ocrx_word' id='word_1_161' title='bbox 2537 1233 2705 1275; x_wconf 75' lang='lat' dir='ltr'><strong>nosse</strong></span> <span class='ocrx_word' id='word_1_162' title='bbox 2735 1217 3022 1274; x_wconf 86' lang='lat' dir='ltr'><strong>desideras</strong></span> <span class='ocrx_word' id='word_1_163' title='bbox 3065 1215 3321 1288; x_wconf 84' lang='lat' dir='ltr'><strong>quisnam</strong></span> <span class='ocrx_word' id='word_1_164' title='bbox 3348 1216 3407 1271; x_wconf 90' lang='lat' dir='ltr'><strong>in</strong></span> <span class='ocrx_word' id='word_1_165' title='bbox 3434 1215 3523 1270; x_wconf 90' lang='lat' dir='ltr'><strong>his</strong></span> <span class='ocrx_word' id='word_1_166' title='bbox 3548 1215 3662 1282; x_wconf 87' lang='lat' dir='ltr'><strong>pri-</strong></span> 
     </span>
    </p>
   </div>
   <div class='ocr_carea' id='block_1_25' title="bbox 2073 1305 3666 1380">
    <p class='ocr_par' dir='ltr' id='par_1_25' title="bbox 2073 1305 3666 1380">
     <span class='ocr_line' id='line_1_25' title="bbox 2073 1305 3666 1380; baseline -0.005 -15"><span class='ocrx_word' id='word_1_167' title='bbox 2073 1326 2192 1366; x_wconf 90' lang='lat' dir='ltr'><strong>mas</strong></span> <span class='ocrx_word' id='word_1_168' title='bbox 2216 1310 2486 1375; x_wconf 88' lang='lat' dir='ltr'><strong>obtineat,</strong></span> <span class='ocrx_word' id='word_1_169' title='bbox 2521 1318 2579 1367; x_wconf 89' lang='lat' dir='ltr'><strong>et</strong></span> <span class='ocrx_word' id='word_1_170' title='bbox 2607 1309 2736 1380; x_wconf 84' lang='lat' dir='ltr'><strong>quis</strong></span> <span class='ocrx_word' id='word_1_171' title='bbox 2773 1324 2944 1380; x_wconf 84' lang='lat' dir='ltr'><strong>supra</strong></span> <span class='ocrx_word' id='word_1_172' title='bbox 2990 1307 3242 1374; x_wconf 90' lang='lat' dir='ltr'><strong>modum,</strong></span> <span class='ocrx_word' id='word_1_173' title='bbox 3275 1305 3666 1363; x_wconf 86' lang='lat' dir='ltr'><strong>vehementer-</strong></span> 
     </span>
    </p>
   </div>
   <div class='ocr_carea' id='block_1_26' title="bbox 2073 1396 3667 1470">
    <p class='ocr_par' dir='ltr' id='par_1_26' title="bbox 2073 1396 3667 1470">
     <span class='ocr_line' id='line_1_26' title="bbox 2073 1396 3667 1470; baseline -0.006 -15"><span class='ocrx_word' id='word_1_174' title='bbox 2073 1415 2182 1470; x_wconf 86' lang='lat' dir='ltr'><strong>que</strong></span> <span class='ocrx_word' id='word_1_175' title='bbox 2223 1400 2520 1454; x_wconf 85' lang='lat' dir='ltr'><strong>Dominum</strong></span> <span class='ocrx_word' id='word_1_176' title='bbox 2569 1399 2849 1465; x_wconf 76' lang='lat' dir='ltr'><strong>dilexerit,</strong></span> <span class='ocrx_word' id='word_1_177' title='bbox 2884 1407 2943 1455; x_wconf 92' lang='lat' dir='ltr'><strong>et</strong></span> <span class='ocrx_word' id='word_1_178' title='bbox 2979 1398 3293 1470; x_wconf 82' lang='lat' dir='ltr'><strong>proximum</strong></span> <span class='ocrx_word' id='word_1_179' title='bbox 3324 1396 3569 1468; x_wconf 76' lang='lat' dir='ltr'><strong>legitime</strong></span> <span class='ocrx_word' id='word_1_180' title='bbox 3607 1405 3667 1448; x_wconf 89' lang='lat' dir='ltr'><strong>ut</strong></span> 
     </span>
    </p>
   </div>
   <div class='ocr_carea' id='block_1_27' title="bbox 2075 1489 3665 1563">
    <p class='ocr_par' dir='ltr' id='par_1_27' title="bbox 2075 1489 3665 1563">
     <span class='ocr_line' id='line_1_27' title="bbox 2075 1489 3665 1563; baseline -0.004 -16"><span class='ocrx_word' id='word_1_181' title='bbox 2075 1492 2318 1562; x_wconf 88' lang='lat' dir='ltr'><strong>seipsum</strong></span> <span class='ocrx_word' id='word_1_182' title='bbox 2349 1508 2363 1546; x_wconf 93' lang='lat'><strong>:</strong></span> <span class='ocrx_word' id='word_1_183' title='bbox 2400 1491 2596 1559; x_wconf 90' lang='lat' dir='ltr'><strong>Deum,</strong></span> <span class='ocrx_word' id='word_1_184' title='bbox 2654 1491 2903 1563; x_wconf 86' lang='lat' dir='ltr'><strong>inquam,</strong></span> <span class='ocrx_word' id='word_1_185' title='bbox 2943 1491 3106 1563; x_wconf 82' lang='lat' dir='ltr'><strong>plane</strong></span> <span class='ocrx_word' id='word_1_186' title='bbox 3139 1506 3159 1543; x_wconf 82' lang='grc' dir='ltr'><strong>ι</strong></span> <span class='ocrx_word' id='word_1_187' title='bbox 3191 1504 3257 1546; x_wconf 84' lang='lat' dir='ltr'><strong>ex</strong></span> <span class='ocrx_word' id='word_1_188' title='bbox 3296 1498 3409 1544; x_wconf 87' lang='lat' dir='ltr'><strong>tota</strong></span> <span class='ocrx_word' id='word_1_189' title='bbox 3460 1489 3665 1550; x_wconf 88' lang='lat' dir='ltr'><strong>anima,</strong></span> 
     </span>
    </p>
   </div>
   <div class='ocr_carea' id='block_1_28' title="bbox 2075 1580 3669 1654">
    <p class='ocr_par' dir='ltr' id='par_1_28' title="bbox 2075 1580 3669 1654">
     <span class='ocr_line' id='line_1_28' title="bbox 2075 1580 3669 1654; baseline -0.002 -16"><span class='ocrx_word' id='word_1_190' title='bbox 2075 1586 2132 1638; x_wconf 83' lang='lat' dir='ltr'><strong>et</strong></span> <span class='ocrx_word' id='word_1_191' title='bbox 2159 1597 2228 1639; x_wconf 79' lang='lat' dir='ltr'><strong>ex</strong></span> <span class='ocrx_word' id='word_1_192' title='bbox 2263 1591 2378 1638; x_wconf 84' lang='lat' dir='ltr'><strong>tota</strong></span> <span class='ocrx_word' id='word_1_193' title='bbox 2401 1590 2585 1638; x_wconf 86' lang='lat' dir='ltr'><strong>mente</strong></span> <span class='ocrx_word' id='word_1_194' title='bbox 2625 1601 2671 1649; x_wconf 74' lang='grc' dir='ltr'>ι,</span> <span class='ocrx_word' id='word_1_195' title='bbox 2700 1592 2761 1638; x_wconf 88' lang='grc' dir='ltr'><strong>ιιι</strong></span> <span class='ocrx_word' id='word_1_196' title='bbox 2795 1583 2851 1639; x_wconf 83' lang='lat' dir='ltr'><strong>ia</strong></span> <span class='ocrx_word' id='word_1_197' title='bbox 2881 1583 3006 1654; x_wconf 83' lang='lat' dir='ltr'><strong>lege</strong></span> <span class='ocrx_word' id='word_1_198' title='bbox 3034 1581 3305 1652; x_wconf 87' lang='lat' dir='ltr'><strong>scriptum</strong></span> <span class='ocrx_word' id='word_1_199' title='bbox 3325 1595 3390 1637; x_wconf 86' lang='lat' dir='ltr'><strong>ac</strong></span> <span class='ocrx_word' id='word_1_200' title='bbox 3416 1580 3669 1651; x_wconf 71' lang='lat' dir='ltr'><strong>prmscri-</strong></span> 
     </span>
    </p>
   </div>
   <div class='ocr_carea' id='block_1_29' title="bbox 2078 1670 3666 1745">
    <p class='ocr_par' dir='ltr' id='par_1_29' title="bbox 2078 1670 3666 1745">
     <span class='ocr_line' id='line_1_29' title="bbox 2078 1670 3666 1745; baseline -0.003 -16"><span class='ocrx_word' id='word_1_201' title='bbox 2078 1683 2233 1744; x_wconf 91' lang='lat' dir='ltr'><strong>ptum</strong></span> <span class='ocrx_word' id='word_1_202' title='bbox 2258 1683 2366 1741; x_wconf 89' lang='lat' dir='ltr'><strong>est,</strong></span> <span class='ocrx_word' id='word_1_203' title='bbox 2411 1671 2566 1729; x_wconf 83' lang='lat' dir='ltr'><strong>Pauli</strong></span> <span class='ocrx_word' id='word_1_204' title='bbox 2598 1670 2902 1745; x_wconf 83' lang='lat' dir='ltr'><strong>Epistolam</strong></span> <span class='ocrx_word' id='word_1_205' title='bbox 2932 1674 3002 1729; x_wconf 91' lang='lat' dir='ltr'><strong>ad</strong></span> <span class='ocrx_word' id='word_1_206' title='bbox 3034 1672 3312 1729; x_wconf 84' lang='lat' dir='ltr'><strong>Romanos</strong></span> <span class='ocrx_word' id='word_1_207' title='bbox 3360 1686 3666 1741; x_wconf 88' lang='lat' dir='ltr'><strong>percurre;</strong></span> 
     </span>
    </p>
   </div>
   <div class='ocr_carea' id='block_1_30' title="bbox 2079 1762 3669 1835">
    <p class='ocr_par' dir='ltr' id='par_1_30' title="bbox 2079 1762 3669 1835">
     <span class='ocr_line' id='line_1_30' title="bbox 2079 1762 3669 1835; baseline -0.003 -15"><span class='ocrx_word' id='word_1_208' title='bbox 2079 1764 2210 1821; x_wconf 90' lang='lat' dir='ltr'><strong>inde</strong></span> <span class='ocrx_word' id='word_1_209' title='bbox 2243 1764 2538 1821; x_wconf 89' lang='lat' dir='ltr'><strong>charitatis</strong></span> <span class='ocrx_word' id='word_1_210' title='bbox 2584 1765 2846 1822; x_wconf 89' lang='lat' dir='ltr'><strong>ardorem</strong></span> <span class='ocrx_word' id='word_1_211' title='bbox 2894 1764 3224 1835; x_wconf 79' lang='lat' dir='ltr'><strong>perspicies,</strong></span> <span class='ocrx_word' id='word_1_212' title='bbox 3256 1777 3365 1834; x_wconf 87' lang='lat' dir='ltr'><strong>qua</strong></span> <span class='ocrx_word' id='word_1_213' title='bbox 3412 1762 3504 1817; x_wconf 89' lang='lat' dir='ltr'><strong>ille</strong></span> <span class='ocrx_word' id='word_1_214' title='bbox 3537 1776 3669 1833; x_wconf 88' lang='lat' dir='ltr'><strong>erga</strong></span> 
     </span>
    </p>
   </div>
   <div class='ocr_carea' id='block_1_31' title="bbox 372 1844 3666 1928">
    <p class='ocr_par' dir='ltr' id='par_1_31' title="bbox 372 1844 3666 1928">
     <span class='ocr_line' id='line_1_31' title="bbox 372 1844 3666 1928; baseline -0.002 -13"><span class='ocrx_word' id='word_1_215' title='bbox 372 1868 439 1915; x_wconf 84' lang='lat' dir='ltr'><strong>et</strong></span> <span class='ocrx_word' id='word_1_216' title='bbox 464 1872 779 1916; x_wconf 82' lang='lat' dir='ltr'><strong>manentem</strong></span> <span class='ocrx_word' id='word_1_217' title='bbox 804 1858 861 1914; x_wconf 91' lang='lat' dir='ltr'><strong>in</strong></span> <span class='ocrx_word' id='word_1_218' title='bbox 884 1857 1179 1927; x_wconf 82' lang='lat' dir='ltr'><strong>charitate,</strong></span> <span class='ocrx_word' id='word_1_219' title='bbox 1201 1854 1258 1913; x_wconf 89' lang='lat' dir='ltr'><strong>in</strong></span> <span class='ocrx_word' id='word_1_220' title='bbox 1285 1857 1399 1913; x_wconf 87' lang='lat' dir='ltr'><strong>Deo</strong></span> <span class='ocrx_word' id='word_1_221' title='bbox 1433 1872 1684 1923; x_wconf 87' lang='lat' dir='ltr'><strong>manere,</strong></span> <span class='ocrx_word' id='word_1_222' title='bbox 1718 1867 1776 1913; x_wconf 82' lang='lat' dir='ltr'><strong>et</strong></span> <span class='ocrx_word' id='word_1_223' title='bbox 1794 1857 1970 1911; x_wconf 90' lang='lat' dir='ltr'><strong>Deum</strong></span> <span class='ocrx_word' id='word_1_224' title='bbox 2007 1844 2048 1898; x_wconf 77' lang='grc' dir='ltr'><strong><em>Β</em></strong></span> <span class='ocrx_word' id='word_1_225' title='bbox 2082 1857 2251 1912; x_wconf 90' lang='lat' dir='ltr'><strong>Deum</strong></span> <span class='ocrx_word' id='word_1_226' title='bbox 2283 1858 2709 1928; x_wconf 84' lang='lat' dir='ltr'><strong>proximumque</strong></span> <span class='ocrx_word' id='word_1_227' title='bbox 2745 1857 3010 1928; x_wconf 84' lang='lat' dir='ltr'><strong>flagrarit.</strong></span> <span class='ocrx_word' id='word_1_228' title='bbox 3054 1857 3256 1914; x_wconf 84' lang='lat' dir='ltr'><strong>Verum</strong></span> <span class='ocrx_word' id='word_1_229' title='bbox 3302 1854 3432 1909; x_wconf 88' lang='lat' dir='ltr'><strong>audi</strong></span> <span class='ocrx_word' id='word_1_230' title='bbox 3479 1864 3538 1910; x_wconf 93' lang='lat' dir='ltr'><strong>et</strong></span> <span class='ocrx_word' id='word_1_231' title='bbox 3561 1855 3666 1909; x_wconf 90' lang='lat' dir='ltr'><strong>oh-</strong></span> 
     </span>
    </p>
   </div>
   <div class='ocr_carea' id='block_1_32' title="bbox 369 1944 1976 2021">
    <p class='ocr_par' dir='ltr' id='par_1_32' title="bbox 369 1944 1976 2021">
     <span class='ocr_line' id='line_1_32' title="bbox 369 1944 1976 2021; baseline -0.003 -15"><span class='ocrx_word' id='word_1_232' title='bbox 369 1950 437 2006; x_wconf 74' lang='lat' dir='ltr'><strong>in</strong></span> <span class='ocrx_word' id='word_1_233' title='bbox 468 1966 558 2008; x_wconf 87' lang='lat' dir='ltr'><strong>eo.</strong></span> <span class='ocrx_word' id='word_1_234' title='bbox 580 1951 763 2021; x_wconf 58' lang='lat' dir='ltr'><strong>Papa,</strong></span> <span class='ocrx_word' id='word_1_235' title='bbox 791 1958 995 2020; x_wconf 88' lang='lat' dir='ltr'><strong>quanta</strong></span> <span class='ocrx_word' id='word_1_236' title='bbox 1016 1948 1101 2005; x_wconf 88' lang='lat' dir='ltr'><strong>est</strong></span> <span class='ocrx_word' id='word_1_237' title='bbox 1121 1948 1412 2004; x_wconf 86' lang='lat' dir='ltr'><strong>charitatis</strong></span> <span class='ocrx_word' id='word_1_238' title='bbox 1439 1944 1558 2002; x_wconf 87' lang='lat' dir='ltr'><strong>vis!</strong></span> <span class='ocrx_word' id='word_1_239' title='bbox 1590 1946 1806 2002; x_wconf 83' lang='lat' dir='ltr'><strong>Rursus</strong></span> <span class='ocrx_word' id='word_1_240' title='bbox 1825 1946 1976 2002; x_wconf 88' lang='lat' dir='ltr'><strong>aliud</strong></span> 
     </span>
    </p>
   </div>
   <div class='ocr_carea' id='block_1_33' title="bbox 383 2032 1979 2113">
    <p class='ocr_par' dir='ltr' id='par_1_33' title="bbox 383 2032 1979 2113">
     <span class='ocr_line' id='line_1_33' title="bbox 383 2032 1979 2113; baseline -0.004 -15"><span class='ocrx_word' id='word_1_241' title='bbox 383 2042 647 2113; x_wconf 84' lang='lat' dir='ltr'><strong>quiddam</strong></span> <span class='ocrx_word' id='word_1_242' title='bbox 677 2056 711 2097; x_wconf 90' lang='lat' dir='ltr'><strong>a</strong></span> <span class='ocrx_word' id='word_1_243' title='bbox 735 2040 921 2098; x_wconf 79' lang='lat' dir='ltr'><strong>Verbo</strong></span> <span class='ocrx_word' id='word_1_244' title='bbox 944 2032 1012 2095; x_wconf 87' lang='lat' dir='ltr'><strong>ad</strong></span> <span class='ocrx_word' id='word_1_245' title='bbox 1040 2039 1311 2096; x_wconf 88' lang='lat' dir='ltr'><strong>honorem</strong></span> <span class='ocrx_word' id='word_1_246' title='bbox 1335 2037 1626 2094; x_wconf 85' lang='lat' dir='ltr'><strong>charitatis</strong></span> <span class='ocrx_word' id='word_1_247' title='bbox 1650 2038 1704 2092; x_wconf 89' lang='lat' dir='ltr'><strong>in</strong></span> <span class='ocrx_word' id='word_1_248' title='bbox 1725 2037 1979 2105; x_wconf 84' lang='lat' dir='ltr'><strong>Evange-</strong></span> 
     </span>
    </p>
   </div>
   <div class='ocr_carea' id='block_1_34' title="bbox 368 2128 1978 2191">
    <p class='ocr_par' dir='ltr' id='par_1_34' title="bbox 368 2128 1978 2191">
     <span class='ocr_line' id='line_1_34' title="bbox 368 2128 1978 2191; baseline -0.004 -2"><span class='ocrx_word' id='word_1_249' title='bbox 368 2135 462 2191; x_wconf 78' lang='lat' dir='ltr'><strong>.lio</strong></span> <span class='ocrx_word' id='word_1_250' title='bbox 492 2132 701 2190; x_wconf 88' lang='lat' dir='ltr'><strong>dicitur</strong></span> <span class='ocrx_word' id='word_1_251' title='bbox 731 2150 744 2187; x_wconf 91' lang='lat'><strong>:</strong></span> <span class='ocrx_word' id='word_1_252' title='bbox 781 2150 800 2186; x_wconf 82' lang='grc' dir='ltr'><strong>ι</strong></span> <span class='ocrx_word' id='word_1_253' title='bbox 832 2131 915 2189; x_wconf 74' lang='grc' dir='ltr'><strong>Δὶ)</strong></span> <span class='ocrx_word' id='word_1_254' title='bbox 942 2132 1033 2188; x_wconf 88' lang='lat' dir='ltr'><strong>his</strong></span> <span class='ocrx_word' id='word_1_255' title='bbox 1057 2130 1277 2187; x_wconf 89' lang='lat' dir='ltr'><strong>duobus</strong></span> <span class='ocrx_word' id='word_1_256' title='bbox 1303 2129 1581 2186; x_wconf 86' lang='lat' dir='ltr'><strong>mandatis</strong></span> <span class='ocrx_word' id='word_1_257' title='bbox 1608 2128 1869 2184; x_wconf 90' lang='lat' dir='ltr'><strong>universa</strong></span> <span class='ocrx_word' id='word_1_258' title='bbox 1888 2129 1978 2185; x_wconf 87' lang='lat' dir='ltr'><strong>lex</strong></span> 
     </span>
    </p>
   </div>
   <div class='ocr_carea' id='block_1_35' title="bbox 378 2218 1977 2296">
    <p class='ocr_par' dir='ltr' id='par_1_35' title="bbox 378 2218 1977 2296">
     <span class='ocr_line' id='line_1_35' title="bbox 378 2218 1977 2296; baseline -0.004 -15"><span class='ocrx_word' id='word_1_259' title='bbox 378 2225 607 2296; x_wconf 84' lang='lat' dir='ltr'><strong>pendet,</strong></span> <span class='ocrx_word' id='word_1_260' title='bbox 654 2231 714 2281; x_wconf 91' lang='lat' dir='ltr'><strong>et</strong></span> <span class='ocrx_word' id='word_1_261' title='bbox 762 2223 1068 2295; x_wconf 62' lang='lat' dir='ltr'><strong>prophetas.</strong></span> <span class='ocrx_word' id='word_1_262' title='bbox 1117 2218 1345 2293; x_wconf 86' lang='lat' dir='ltr'><strong>Diliges,</strong></span> <span class='ocrx_word' id='word_1_263' title='bbox 1402 2220 1607 2292; x_wconf 87' lang='lat' dir='ltr'><strong>inquit,</strong></span> <span class='ocrx_word' id='word_1_264' title='bbox 1680 2220 1977 2276; x_wconf 88' lang='lat' dir='ltr'><strong>Dominum</strong></span> 
     </span>
    </p>
   </div>
   <div class='ocr_carea' id='block_1_36' title="bbox 387 2312 1977 2379">
    <p class='ocr_par' dir='ltr' id='par_1_36' title="bbox 387 2312 1977 2379">
     <span class='ocr_line' id='line_1_36' title="bbox 387 2312 1977 2379; baseline -0.003 -6"><span class='ocrx_word' id='word_1_265' title='bbox 387 2319 560 2373; x_wconf 85' lang='lat' dir='ltr'><strong>Deum</strong></span> <span class='ocrx_word' id='word_1_266' title='bbox 594 2325 750 2371; x_wconf 91' lang='lat' dir='ltr'><strong>tuum</strong></span> <span class='ocrx_word' id='word_1_267' title='bbox 779 2331 847 2371; x_wconf 81' lang='lat' dir='ltr'><strong>ex</strong></span> <span class='ocrx_word' id='word_1_268' title='bbox 881 2324 999 2370; x_wconf 86' lang='lat' dir='ltr'><strong>toto</strong></span> <span class='ocrx_word' id='word_1_269' title='bbox 1030 2313 1201 2370; x_wconf 88' lang='lat' dir='ltr'><strong>corde</strong></span> <span class='ocrx_word' id='word_1_270' title='bbox 1242 2321 1361 2379; x_wconf 81' lang='lat' dir='ltr'><strong>tuo,</strong></span> <span class='ocrx_word' id='word_1_271' title='bbox 1405 2321 1463 2368; x_wconf 91' lang='lat' dir='ltr'><strong>et</strong></span> <span class='ocrx_word' id='word_1_272' title='bbox 1511 2328 1582 2368; x_wconf 89' lang='lat' dir='ltr'><strong>ex</strong></span> <span class='ocrx_word' id='word_1_273' title='bbox 1630 2319 1744 2367; x_wconf 90' lang='lat' dir='ltr'><strong>tota</strong></span> <span class='ocrx_word' id='word_1_274' title='bbox 1792 2312 1977 2368; x_wconf 88' lang='lat' dir='ltr'><strong>anima</strong></span> 
     </span>
    </p>
   </div>
   <div class='ocr_carea' id='block_1_37' title="bbox 376 2403 1975 2477">
    <p class='ocr_par' dir='ltr' id='par_1_37' title="bbox 376 2403 1975 2477">
     <span class='ocr_line' id='line_1_37' title="bbox 376 2403 1975 2477; baseline -0.003 -14"><span class='ocrx_word' id='word_1_275' title='bbox 376 2419 502 2474; x_wconf 77' lang='lat' dir='ltr'><strong>tua,</strong></span> <span class='ocrx_word' id='word_1_276' title='bbox 528 2418 587 2465; x_wconf 89' lang='lat' dir='ltr'><strong>et</strong></span> <span class='ocrx_word' id='word_1_277' title='bbox 613 2424 682 2465; x_wconf 73' lang='lat' dir='ltr'><strong>ex</strong></span> <span class='ocrx_word' id='word_1_278' title='bbox 711 2409 843 2463; x_wconf 89' lang='lat' dir='ltr'><strong>totis</strong></span> <span class='ocrx_word' id='word_1_279' title='bbox 867 2406 1081 2463; x_wconf 88' lang='lat' dir='ltr'><strong>viribus</strong></span> <span class='ocrx_word' id='word_1_280' title='bbox 1111 2406 1221 2462; x_wconf 87' lang='lat' dir='ltr'><strong>tuis</strong></span> <span class='ocrx_word' id='word_1_281' title='bbox 1250 2423 1265 2462; x_wconf 90' lang='lat'><strong>:</strong></span> <span class='ocrx_word' id='word_1_282' title='bbox 1294 2414 1351 2461; x_wconf 87' lang='lat' dir='ltr'><strong>et</strong></span> <span class='ocrx_word' id='word_1_283' title='bbox 1378 2405 1694 2476; x_wconf 83' lang='lat' dir='ltr'><strong>proximum</strong></span> <span class='ocrx_word' id='word_1_284' title='bbox 1716 2403 1846 2477; x_wconf 77' lang='lat' dir='ltr'><strong>(hoc</strong></span> <span class='ocrx_word' id='word_1_285' title='bbox 1868 2413 1975 2470; x_wconf 89' lang='lat' dir='ltr'><strong>est,</strong></span> 
     </span>
    </p>
   </div>
   <div class='ocr_carea' id='block_1_38' title="bbox 382 2496 1508 2571">
    <p class='ocr_par' dir='ltr' id='par_1_38' title="bbox 382 2496 1508 2571">
     <span class='ocr_line' id='line_1_38' title="bbox 382 2496 1508 2571; baseline -0.004 -17"><span class='ocrx_word' id='word_1_286' title='bbox 382 2501 610 2556; x_wconf 80' lang='lat' dir='ltr'><strong>fratrem</strong></span> <span class='ocrx_word' id='word_1_287' title='bbox 644 2498 823 2571; x_wconf 91' lang='lat' dir='ltr'><strong>tuum)</strong></span> <span class='ocrx_word' id='word_1_288' title='bbox 855 2499 1003 2555; x_wconf 85' lang='lat' dir='ltr'><strong>sicut</strong></span> <span class='ocrx_word' id='word_1_289' title='bbox 1032 2505 1085 2553; x_wconf 85' lang='lat' dir='ltr'><strong>te</strong></span> <span class='ocrx_word' id='word_1_290' title='bbox 1113 2497 1296 2568; x_wconf 89' lang='lat' dir='ltr'><strong>ipsum</strong></span> <span class='ocrx_word' id='word_1_291' title='bbox 1335 2499 1353 2520; x_wconf 78' lang='grc'><strong>⁴</strong></span> <span class='ocrx_word' id='word_1_292' title='bbox 1385 2496 1454 2551; x_wconf 78' lang='grc'><strong>⁸⁸.</strong></span> <span class='ocrx_word' id='word_1_293' title='bbox 1488 2515 1508 2549; x_wconf 73' lang='grc' dir='ltr'><strong>ι</strong></span> 
     </span>
    </p>
   </div>
   <div class='ocr_carea' id='block_1_39' title="bbox 451 2585 1977 2661">
    <p class='ocr_par' dir='ltr' id='par_1_39' title="bbox 451 2585 1977 2661">
     <span class='ocr_line' id='line_1_39' title="bbox 451 2585 1977 2661; baseline -0.005 -13"><span class='ocrx_word' id='word_1_294' title='bbox 451 2591 513 2648; x_wconf 90' lang='lat' dir='ltr'><strong>ln</strong></span> <span class='ocrx_word' id='word_1_295' title='bbox 539 2592 746 2661; x_wconf 87' lang='lat' dir='ltr'><strong>quibus</strong></span> <span class='ocrx_word' id='word_1_296' title='bbox 784 2597 971 2646; x_wconf 91' lang='lat' dir='ltr'><strong>autem</strong></span> <span class='ocrx_word' id='word_1_297' title='bbox 1002 2589 1149 2645; x_wconf 87' lang='lat' dir='ltr'><strong>inest</strong></span> <span class='ocrx_word' id='word_1_298' title='bbox 1174 2587 1416 2643; x_wconf 87' lang='lat' dir='ltr'><strong>charitas</strong></span> <span class='ocrx_word' id='word_1_299' title='bbox 1439 2585 1539 2658; x_wconf 74' lang='lat'><strong>(2),</strong></span> <span class='ocrx_word' id='word_1_300' title='bbox 1564 2585 1626 2641; x_wconf 78' lang='lat' dir='ltr'><strong>in</strong></span> <span class='ocrx_word' id='word_1_301' title='bbox 1654 2585 1723 2641; x_wconf 86' lang='lat' dir='ltr'><strong>iis</strong></span> <span class='ocrx_word' id='word_1_302' title='bbox 1754 2599 1977 2656; x_wconf 89' lang='lat' dir='ltr'><strong>quoque</strong></span> 
     </span>
    </p>
   </div>
   <div class='ocr_carea' id='block_1_40' title="bbox 378 2677 1973 2749">
    <p class='ocr_par' dir='ltr' id='par_1_40' title="bbox 378 2677 1973 2749">
     <span class='ocr_line' id='line_1_40' title="bbox 378 2677 1973 2749; baseline -0.004 -9"><span class='ocrx_word' id='word_1_303' title='bbox 378 2685 549 2741; x_wconf 82' lang='lat' dir='ltr'><strong>ﬁdem</strong></span> <span class='ocrx_word' id='word_1_304' title='bbox 575 2684 756 2739; x_wconf 88' lang='lat' dir='ltr'><strong>inesse</strong></span> <span class='ocrx_word' id='word_1_305' title='bbox 774 2681 1128 2738; x_wconf 86' lang='lat' dir='ltr'><strong>manifestum</strong></span> <span class='ocrx_word' id='word_1_306' title='bbox 1145 2686 1250 2737; x_wconf 89' lang='lat' dir='ltr'><strong>est.</strong></span> <span class='ocrx_word' id='word_1_307' title='bbox 1278 2679 1494 2735; x_wconf 82' lang='lat' dir='ltr'><strong>Rursus</strong></span> <span class='ocrx_word' id='word_1_308' title='bbox 1512 2678 1569 2733; x_wconf 82' lang='lat' dir='ltr'><strong>in</strong></span> <span class='ocrx_word' id='word_1_309' title='bbox 1594 2677 1799 2749; x_wconf 88' lang='lat' dir='ltr'><strong>quibus</strong></span> <span class='ocrx_word' id='word_1_310' title='bbox 1815 2678 1973 2742; x_wconf 79' lang='lat' dir='ltr'><strong>ﬁdes,</strong></span> 
     </span>
    </p>
   </div>
   <div class='ocr_carea' id='block_1_41' title="bbox 380 2767 1978 2844">
    <p class='ocr_par' dir='ltr' id='par_1_41' title="bbox 380 2767 1978 2844">
     <span class='ocr_line' id='line_1_41' title="bbox 380 2767 1978 2844; baseline -0.005 -11"><span class='ocrx_word' id='word_1_311' title='bbox 380 2777 548 2835; x_wconf 91' lang='lat' dir='ltr'><strong>ctiam</strong></span> <span class='ocrx_word' id='word_1_312' title='bbox 584 2774 847 2830; x_wconf 89' lang='lat' dir='ltr'><strong>charitas.</strong></span> <span class='ocrx_word' id='word_1_313' title='bbox 876 2773 937 2828; x_wconf 87' lang='lat' dir='ltr'><strong>la</strong></span> <span class='ocrx_word' id='word_1_314' title='bbox 964 2772 1168 2844; x_wconf 84' lang='lat' dir='ltr'><strong>quibus</strong></span> <span class='ocrx_word' id='word_1_315' title='bbox 1212 2785 1379 2842; x_wconf 91' lang='lat' dir='ltr'><strong>porro</strong></span> <span class='ocrx_word' id='word_1_316' title='bbox 1430 2769 1676 2826; x_wconf 89' lang='lat' dir='ltr'><strong>charitas</strong></span> <span class='ocrx_word' id='word_1_317' title='bbox 1729 2776 1786 2823; x_wconf 92' lang='lat' dir='ltr'><strong>et</strong></span> <span class='ocrx_word' id='word_1_318' title='bbox 1837 2767 1978 2826; x_wconf 85' lang='lat' dir='ltr'><strong>ﬁdes</strong></span> 
     </span>
    </p>
   </div>
   <div class='ocr_carea' id='block_1_42' title="bbox 382 2857 1976 2931">
    <p class='ocr_par' dir='ltr' id='par_1_42' title="bbox 382 2857 1976 2931">
     <span class='ocr_line' id='line_1_42' title="bbox 382 2857 1976 2931; baseline -0.006 -9"><span class='ocrx_word' id='word_1_319' title='bbox 382 2864 731 2929; x_wconf 87' lang='lat' dir='ltr'><strong>coaluerunt,</strong></span> <span class='ocrx_word' id='word_1_320' title='bbox 761 2864 815 2917; x_wconf 87' lang='lat' dir='ltr'><strong>in</strong></span> <span class='ocrx_word' id='word_1_321' title='bbox 841 2863 909 2918; x_wconf 90' lang='lat' dir='ltr'><strong>iis</strong></span> <span class='ocrx_word' id='word_1_322' title='bbox 951 2871 1008 2919; x_wconf 92' lang='lat' dir='ltr'><strong>et</strong></span> <span class='ocrx_word' id='word_1_323' title='bbox 1036 2861 1164 2926; x_wconf 89' lang='lat' dir='ltr'><strong>alia,</strong></span> <span class='ocrx_word' id='word_1_324' title='bbox 1199 2874 1548 2931; x_wconf 66' lang='lat' dir='ltr'><strong>quascunque</strong></span> <span class='ocrx_word' id='word_1_325' title='bbox 1579 2857 1789 2929; x_wconf 88' lang='lat' dir='ltr'><strong>optima</strong></span> <span class='ocrx_word' id='word_1_326' title='bbox 1818 2864 1976 2923; x_wconf 90' lang='lat' dir='ltr'><strong>sunt,</strong></span> 
     </span>
    </p>
   </div>
   <div class='ocr_carea' id='block_1_43' title="bbox 384 2951 1978 3027">
    <p class='ocr_par' dir='ltr' id='par_1_43' title="bbox 384 2951 1978 3027">
     <span class='ocr_line' id='line_1_43' title="bbox 384 2951 1978 3027; baseline -0.003 -16"><span class='ocrx_word' id='word_1_327' title='bbox 384 2955 762 3027; x_wconf 87' lang='lat' dir='ltr'><strong>reperiuntur.</strong></span> <span class='ocrx_word' id='word_1_328' title='bbox 791 2952 952 3021; x_wconf 85' lang='lat' dir='ltr'><strong>Quod</strong></span> <span class='ocrx_word' id='word_1_329' title='bbox 985 2953 1032 3009; x_wconf 90' lang='lat' dir='ltr'><strong>si</strong></span> <span class='ocrx_word' id='word_1_330' title='bbox 1063 2952 1309 3009; x_wconf 85' lang='lat' dir='ltr'><strong>charitas</strong></span> <span class='ocrx_word' id='word_1_331' title='bbox 1352 2951 1617 3018; x_wconf 89' lang='lat' dir='ltr'><strong>abfuerit,</strong></span> <span class='ocrx_word' id='word_1_332' title='bbox 1672 2965 1741 3008; x_wconf 90' lang='lat' dir='ltr'><strong>ea</strong></span> <span class='ocrx_word' id='word_1_333' title='bbox 1791 2951 1978 3007; x_wconf 89' lang='lat' dir='ltr'><strong>omnia</strong></span> 
     </span>
    </p>
   </div>
   <div class='ocr_carea' id='block_1_44' title="bbox 381 3043 1978 3120">
    <p class='ocr_par' dir='ltr' id='par_1_44' title="bbox 381 3043 1978 3120">
     <span class='ocr_line' id='line_1_44' title="bbox 381 3043 1978 3120; baseline -0.003 -17"><span class='ocrx_word' id='word_1_334' title='bbox 381 3048 576 3120; x_wconf 90' lang='lat' dir='ltr'><strong>procul</strong></span> <span class='ocrx_word' id='word_1_335' title='bbox 608 3044 897 3115; x_wconf 72' lang='lat' dir='ltr'><strong>recedunt.</strong></span> <span class='ocrx_word' id='word_1_336' title='bbox 936 3044 1153 3101; x_wconf 79' lang='lat' dir='ltr'><strong>Audisti</strong></span> <span class='ocrx_word' id='word_1_337' title='bbox 1183 3053 1453 3116; x_wconf 88' lang='lat' dir='ltr'><strong>quantum</strong></span> <span class='ocrx_word' id='word_1_338' title='bbox 1487 3044 1562 3100; x_wconf 88' lang='lat' dir='ltr'><strong>sit</strong></span> <span class='ocrx_word' id='word_1_339' title='bbox 1614 3044 1672 3101; x_wconf 92' lang='lat' dir='ltr'><strong>in</strong></span> <span class='ocrx_word' id='word_1_340' title='bbox 1706 3043 1978 3100; x_wconf 87' lang='lat' dir='ltr'><strong>charitate</strong></span> 
     </span>
    </p>
   </div>
   <div class='ocr_carea' id='block_1_45' title="bbox 381 3132 1977 3209">
    <p class='ocr_par' dir='ltr' id='par_1_45' title="bbox 381 3132 1977 3209">
     <span class='ocr_line' id='line_1_45' title="bbox 381 3132 1977 3209; baseline -0.004 -15"><span class='ocrx_word' id='word_1_341' title='bbox 381 3134 651 3209; x_wconf 86' lang='lat' dir='ltr'><strong>positum,</strong></span> <span class='ocrx_word' id='word_1_342' title='bbox 702 3142 761 3192; x_wconf 91' lang='lat' dir='ltr'><strong>et</strong></span> <span class='ocrx_word' id='word_1_343' title='bbox 788 3132 1071 3207; x_wconf 89' lang='lat' dir='ltr'><strong>quomodo</strong></span> <span class='ocrx_word' id='word_1_344' title='bbox 1092 3150 1160 3191; x_wconf 84' lang='lat' dir='ltr'><strong>ex</strong></span> <span class='ocrx_word' id='word_1_345' title='bbox 1193 3135 1309 3203; x_wconf 91' lang='lat' dir='ltr'><strong>ipsa</strong></span> <span class='ocrx_word' id='word_1_346' title='bbox 1326 3149 1427 3189; x_wconf 90' lang='lat' dir='ltr'><strong>ceu</strong></span> <span class='ocrx_word' id='word_1_347' title='bbox 1460 3134 1635 3200; x_wconf 90' lang='lat' dir='ltr'><strong>fonte,</strong></span> <span class='ocrx_word' id='word_1_348' title='bbox 1668 3142 1765 3189; x_wconf 88' lang='lat' dir='ltr'><strong>aut</strong></span> <span class='ocrx_word' id='word_1_349' title='bbox 1791 3133 1977 3189; x_wconf 90' lang='lat' dir='ltr'><strong>radice</strong></span> 
     </span>
    </p>
   </div>
   <div class='ocr_carea' id='block_1_46' title="bbox 383 3225 1981 3298">
    <p class='ocr_par' dir='ltr' id='par_1_46' title="bbox 383 3225 1981 3298">
     <span class='ocr_line' id='line_1_46' title="bbox 383 3225 1981 3298; baseline -0.003 -13"><span class='ocrx_word' id='word_1_350' title='bbox 383 3245 548 3285; x_wconf 87' lang='lat' dir='ltr'><strong>omne</strong></span> <span class='ocrx_word' id='word_1_351' title='bbox 578 3227 854 3284; x_wconf 86' lang='lat' dir='ltr'><strong>bonorum</strong></span> <span class='ocrx_word' id='word_1_352' title='bbox 881 3242 1113 3298; x_wconf 89' lang='lat' dir='ltr'><strong>operum</strong></span> <span class='ocrx_word' id='word_1_353' title='bbox 1175 3241 1397 3297; x_wconf 88' lang='lat' dir='ltr'><strong>germen</strong></span> <span class='ocrx_word' id='word_1_354' title='bbox 1444 3234 1698 3296; x_wconf 88' lang='lat' dir='ltr'><strong>erumpat</strong></span> <span class='ocrx_word' id='word_1_355' title='bbox 1743 3225 1981 3296; x_wconf 87' lang='lat' dir='ltr'><strong>profun-</strong></span> 
     </span>
    </p>
   </div>
   <div class='ocr_carea' id='block_1_47' title="bbox 386 3318 1979 3391">
    <p class='ocr_par' dir='ltr' id='par_1_47' title="bbox 386 3318 1979 3391">
     <span class='ocr_line' id='line_1_47' title="bbox 386 3318 1979 3391; baseline -0.001 -15"><span class='ocrx_word' id='word_1_356' title='bbox 386 3320 682 3391; x_wconf 90' lang='lat' dir='ltr'><strong>daturque.</strong></span> <span class='ocrx_word' id='word_1_357' title='bbox 718 3319 961 3376; x_wconf 85' lang='lat' dir='ltr'><strong>Proinde</strong></span> <span class='ocrx_word' id='word_1_358' title='bbox 989 3318 1317 3374; x_wconf 85' lang='lat' dir='ltr'><strong>charitatem</strong></span> <span class='ocrx_word' id='word_1_359' title='bbox 1356 3318 1476 3375; x_wconf 88' lang='lat' dir='ltr'><strong>cole</strong></span> <span class='ocrx_word' id='word_1_360' title='bbox 1499 3318 1639 3374; x_wconf 88' lang='lat' dir='ltr'><strong>citra</strong></span> <span class='ocrx_word' id='word_1_361' title='bbox 1664 3333 1830 3389; x_wconf 90' lang='lat' dir='ltr'><strong>quam</strong></span> <span class='ocrx_word' id='word_1_362' title='bbox 1865 3334 1979 3374; x_wconf 89' lang='lat' dir='ltr'><strong>non</strong></span> 
     </span>
    </p>
   </div>
   <div class='ocr_carea' id='block_1_48' title="bbox 385 3408 1982 3484">
    <p class='ocr_par' dir='ltr' id='par_1_48' title="bbox 385 3408 1982 3484">
     <span class='ocr_line' id='line_1_48' title="bbox 385 3408 1982 3484; baseline -0.001 -16"><span class='ocrx_word' id='word_1_363' title='bbox 385 3421 475 3468; x_wconf 86' lang='lat' dir='ltr'><strong>est</strong></span> <span class='ocrx_word' id='word_1_364' title='bbox 501 3410 776 3484; x_wconf 89' lang='lat' dir='ltr'><strong>speranda</strong></span> <span class='ocrx_word' id='word_1_365' title='bbox 800 3412 971 3478; x_wconf 88' lang='lat' dir='ltr'><strong>salus,</strong></span> <span class='ocrx_word' id='word_1_366' title='bbox 996 3408 1465 3482; x_wconf 87' lang='lat' dir='ltr'><strong>quemadmodum</strong></span> <span class='ocrx_word' id='word_1_367' title='bbox 1502 3424 1533 3465; x_wconf 92' lang='lat' dir='ltr'><strong>e</strong></span> <span class='ocrx_word' id='word_1_368' title='bbox 1559 3408 1849 3480; x_wconf 88' lang='lat' dir='ltr'><strong>Scriptura</strong></span> <span class='ocrx_word' id='word_1_369' title='bbox 1881 3408 1982 3466; x_wconf 89' lang='lat' dir='ltr'><strong>de-</strong></span> 
     </span>
    </p>
   </div>
   <div class='ocr_carea' id='block_1_49' title="bbox 389 3503 840 3560">
    <p class='ocr_par' dir='ltr' id='par_1_49' title="bbox 389 3503 840 3560">
     <span class='ocr_line' id='line_1_49' title="bbox 389 3503 840 3560; baseline -0.004 0"><span class='ocrx_word' id='word_1_370' title='bbox 389 3503 840 3560; x_wconf 88' lang='lat' dir='ltr'><strong>monstravimus.</strong></span> 
     </span>
    </p>
   </div>
   <div class='ocr_carea' id='block_1_50' title="bbox 2006 3183 2055 3247">
    <p class='ocr_par' dir='ltr' id='par_1_50' title="bbox 2006 3183 2055 3247">
     <span class='ocr_line' id='line_1_50' title="bbox 2006 3183 2055 3247; baseline 0 0"><span class='ocrx_word' id='word_1_371' title='bbox 2006 3183 2055 3247; x_wconf 85' lang='lat' dir='ltr'><strong>C</strong></span> 
     </span>
    </p>
   </div>
   <div class='ocr_carea' id='block_1_51' title="bbox 2080 1946 3668 2021">
    <p class='ocr_par' dir='ltr' id='par_1_51' title="bbox 2080 1946 3668 2021">
     <span class='ocr_line' id='line_1_51' title="bbox 2080 1946 3668 2021; baseline -0.003 -16"><span class='ocrx_word' id='word_1_372' title='bbox 2080 1959 2373 2021; x_wconf 86' lang='lat' dir='ltr'><strong>stupesce;</strong></span> <span class='ocrx_word' id='word_1_373' title='bbox 2400 1952 2656 2006; x_wconf 87' lang='lat' dir='ltr'><strong>ausculta</strong></span> <span class='ocrx_word' id='word_1_374' title='bbox 2707 1960 2763 2006; x_wconf 91' lang='lat' dir='ltr'><strong>et</strong></span> <span class='ocrx_word' id='word_1_375' title='bbox 2796 1960 2991 2017; x_wconf 87' lang='lat' dir='ltr'><strong>treme,</strong></span> <span class='ocrx_word' id='word_1_376' title='bbox 3021 1959 3169 2006; x_wconf 89' lang='lat' dir='ltr'><strong>tanta</strong></span> <span class='ocrx_word' id='word_1_377' title='bbox 3187 1948 3487 2005; x_wconf 85' lang='lat' dir='ltr'><strong>verborum</strong></span> <span class='ocrx_word' id='word_1_378' title='bbox 3513 1946 3668 2002; x_wconf 85' lang='lat' dir='ltr'><strong>Pauli</strong></span> 
     </span>
    </p>
   </div>
   <div class='ocr_carea' id='block_1_52' title="bbox 2080 2039 3670 2107">
    <p class='ocr_par' dir='ltr' id='par_1_52' title="bbox 2080 2039 3670 2107">
     <span class='ocr_line' id='line_1_52' title="bbox 2080 2039 3670 2107; baseline -0.004 -8"><span class='ocrx_word' id='word_1_379' title='bbox 2080 2044 2257 2099; x_wconf 88' lang='lat' dir='ltr'><strong>virtus</strong></span> <span class='ocrx_word' id='word_1_380' title='bbox 2309 2052 2418 2105; x_wconf 89' lang='lat' dir='ltr'><strong>est.</strong></span> <span class='ocrx_word' id='word_1_381' title='bbox 2455 2050 2641 2097; x_wconf 86' lang='lat' dir='ltr'><strong>tantus</strong></span> <span class='ocrx_word' id='word_1_382' title='bbox 2674 2041 2883 2097; x_wconf 89' lang='lat' dir='ltr'><strong>amoris</strong></span> <span class='ocrx_word' id='word_1_383' title='bbox 2918 2044 3121 2097; x_wconf 75' lang='lat' dir='ltr'><strong>aestus!</strong></span> <span class='ocrx_word' id='word_1_384' title='bbox 3162 2058 3182 2092; x_wconf 78' lang='grc' dir='ltr'><strong>ι</strong></span> <span class='ocrx_word' id='word_1_385' title='bbox 3216 2039 3354 2107; x_wconf 82' lang='lat' dir='ltr'><strong>Quis</strong></span> <span class='ocrx_word' id='word_1_386' title='bbox 3412 2053 3515 2094; x_wconf 81' lang='lat' dir='ltr'><strong>nos</strong></span> <span class='ocrx_word' id='word_1_387' title='bbox 3563 2053 3670 2093; x_wconf 87' lang='lat' dir='ltr'><strong>un-</strong></span> 
     </span>
    </p>
   </div>
   <div class='ocr_carea' id='block_1_53' title="bbox 2078 2130 3665 2208">
    <p class='ocr_par' dir='ltr' id='par_1_53' title="bbox 2078 2130 3665 2208">
     <span class='ocr_line' id='line_1_53' title="bbox 2078 2130 3665 2208; baseline -0.004 -17"><span class='ocrx_word' id='word_1_388' title='bbox 2078 2151 2245 2208; x_wconf 83' lang='lat' dir='ltr'><strong>quam</strong></span> <span class='ocrx_word' id='word_1_389' title='bbox 2278 2134 2608 2205; x_wconf 82' lang='lat' dir='ltr'><strong>scparabita</strong></span> <span class='ocrx_word' id='word_1_390' title='bbox 2631 2134 2903 2191; x_wconf 86' lang='lat' dir='ltr'><strong>charitate</strong></span> <span class='ocrx_word' id='word_1_391' title='bbox 2931 2133 3175 2191; x_wconf 86' lang='lat' dir='ltr'><strong>Christi?</strong></span> <span class='ocrx_word' id='word_1_392' title='bbox 3207 2133 3327 2189; x_wconf 85' lang='lat' dir='ltr'><strong>Non</strong></span> <span class='ocrx_word' id='word_1_393' title='bbox 3356 2130 3665 2196; x_wconf 81' lang='lat' dir='ltr'><strong>tribulatio,</strong></span> 
     </span>
    </p>
   </div>
   <div class='ocr_carea' id='block_1_54' title="bbox 2078 2221 3670 2297">
    <p class='ocr_par' dir='ltr' id='par_1_54' title="bbox 2078 2221 3670 2297">
     <span class='ocr_line' id='line_1_54' title="bbox 2078 2221 3670 2297; baseline -0.005 -15"><span class='ocrx_word' id='word_1_394' title='bbox 2078 2243 2189 2282; x_wconf 89' lang='lat' dir='ltr'><strong>non</strong></span> <span class='ocrx_word' id='word_1_395' title='bbox 2226 2226 2502 2297; x_wconf 85' lang='lat' dir='ltr'><strong>angustia,</strong></span> <span class='ocrx_word' id='word_1_396' title='bbox 2526 2240 2646 2281; x_wconf 80' lang='lat' dir='ltr'><strong>non</strong></span> <span class='ocrx_word' id='word_1_397' title='bbox 2680 2226 3009 2296; x_wconf 87' lang='lat' dir='ltr'><strong>periculum,</strong></span> <span class='ocrx_word' id='word_1_398' title='bbox 3048 2238 3157 2280; x_wconf 80' lang='lat' dir='ltr'><strong>non</strong></span> <span class='ocrx_word' id='word_1_399' title='bbox 3186 2221 3526 2294; x_wconf 78' lang='lat' dir='ltr'><strong>persecutio,</strong></span> <span class='ocrx_word' id='word_1_400' title='bbox 3556 2235 3670 2275; x_wconf 79' lang='lat' dir='ltr'><strong>non</strong></span> 
     </span>
    </p>
   </div>
   <div class='ocr_carea' id='block_1_55' title="bbox 2077 2315 3671 2387">
    <p class='ocr_par' dir='ltr' id='par_1_55' title="bbox 2077 2315 3671 2387">
     <span class='ocr_line' id='line_1_55' title="bbox 2077 2315 3671 2387; baseline -0.004 -14"><span class='ocrx_word' id='word_1_401' title='bbox 2077 2318 2273 2379; x_wconf 86' lang='lat' dir='ltr'><strong>fames,</strong></span> <span class='ocrx_word' id='word_1_402' title='bbox 2301 2331 2411 2372; x_wconf 88' lang='lat' dir='ltr'><strong>non</strong></span> <span class='ocrx_word' id='word_1_403' title='bbox 2459 2316 2704 2383; x_wconf 75' lang='lat' dir='ltr'><strong>auditas,</strong></span> <span class='ocrx_word' id='word_1_404' title='bbox 2756 2331 2867 2372; x_wconf 89' lang='lat' dir='ltr'><strong>non</strong></span> <span class='ocrx_word' id='word_1_405' title='bbox 2918 2315 3154 2387; x_wconf 81' lang='lat' dir='ltr'><strong>gladius,</strong></span> <span class='ocrx_word' id='word_1_406' title='bbox 3193 2330 3304 2371; x_wconf 74' lang='lat' dir='ltr'><strong>non</strong></span> <span class='ocrx_word' id='word_1_407' title='bbox 3342 2327 3512 2379; x_wconf 82' lang='lat' dir='ltr'><strong>mors,</strong></span> <span class='ocrx_word' id='word_1_408' title='bbox 3556 2326 3671 2368; x_wconf 84' lang='lat' dir='ltr'><strong>non</strong></span> 
     </span>
    </p>
   </div>
   <div class='ocr_carea' id='block_1_56' title="bbox 2078 2402 3667 2478">
    <p class='ocr_par' dir='ltr' id='par_1_56' title="bbox 2078 2402 3667 2478">
     <span class='ocr_line' id='line_1_56' title="bbox 2078 2402 3667 2478; baseline -0.004 -16"><span class='ocrx_word' id='word_1_409' title='bbox 2078 2406 2283 2478; x_wconf 84' lang='lat' dir='ltr'><strong>angeli,</strong></span> <span class='ocrx_word' id='word_1_410' title='bbox 2325 2421 2436 2461; x_wconf 88' lang='lat' dir='ltr'><strong>non</strong></span> <span class='ocrx_word' id='word_1_411' title='bbox 2474 2404 2847 2476; x_wconf 83' lang='lat' dir='ltr'><strong>principatus,</strong></span> <span class='ocrx_word' id='word_1_412' title='bbox 2883 2420 2994 2461; x_wconf 88' lang='lat' dir='ltr'><strong>non</strong></span> <span class='ocrx_word' id='word_1_413' title='bbox 3027 2405 3285 2469; x_wconf 81' lang='lat' dir='ltr'><strong>virtutes,</strong></span> <span class='ocrx_word' id='word_1_414' title='bbox 3315 2418 3427 2458; x_wconf 79' lang='lat' dir='ltr'><strong>non</strong></span> <span class='ocrx_word' id='word_1_415' title='bbox 3453 2402 3667 2457; x_wconf 78' lang='lat' dir='ltr'><strong>instan-</strong></span> 
     </span>
    </p>
   </div>
   <div class='ocr_carea' id='block_1_57' title="bbox 2080 2493 3670 2566">
    <p class='ocr_par' dir='ltr' id='par_1_57' title="bbox 2080 2493 3670 2566">
     <span class='ocr_line' id='line_1_57' title="bbox 2080 2493 3670 2566; baseline -0.003 -12"><span class='ocrx_word' id='word_1_416' title='bbox 2080 2499 2179 2565; x_wconf 88' lang='lat' dir='ltr'><strong>tia,</strong></span> <span class='ocrx_word' id='word_1_417' title='bbox 2212 2512 2319 2555; x_wconf 90' lang='lat' dir='ltr'><strong>non</strong></span> <span class='ocrx_word' id='word_1_418' title='bbox 2347 2497 2554 2564; x_wconf 86' lang='lat' dir='ltr'><strong>futura,</strong></span> <span class='ocrx_word' id='word_1_419' title='bbox 2581 2513 2693 2553; x_wconf 89' lang='lat' dir='ltr'><strong>non</strong></span> <span class='ocrx_word' id='word_1_420' title='bbox 2719 2496 2981 2563; x_wconf 76' lang='lat' dir='ltr'><strong>altitudo,</strong></span> <span class='ocrx_word' id='word_1_421' title='bbox 3013 2511 3126 2552; x_wconf 89' lang='lat' dir='ltr'><strong>non</strong></span> <span class='ocrx_word' id='word_1_422' title='bbox 3169 2493 3529 2566; x_wconf 84' lang='lat' dir='ltr'><strong>profundum,</strong></span> <span class='ocrx_word' id='word_1_423' title='bbox 3557 2508 3670 2549; x_wconf 81' lang='lat' dir='ltr'><strong>non</strong></span> 
     </span>
    </p>
   </div>
   <div class='ocr_carea' id='block_1_58' title="bbox 2079 2583 3672 2659">
    <p class='ocr_par' dir='ltr' id='par_1_58' title="bbox 2079 2583 3672 2659">
     <span class='ocr_line' id='line_1_58' title="bbox 2079 2583 3672 2659; baseline -0.004 -14"><span class='ocrx_word' id='word_1_424' title='bbox 2079 2590 2187 2645; x_wconf 91' lang='lat' dir='ltr'><strong>alia</strong></span> <span class='ocrx_word' id='word_1_425' title='bbox 2216 2589 2444 2645; x_wconf 89' lang='lat' dir='ltr'><strong>omnino</strong></span> <span class='ocrx_word' id='word_1_426' title='bbox 2470 2599 2727 2644; x_wconf 87' lang='lat' dir='ltr'><strong>creatura</strong></span> <span class='ocrx_word' id='word_1_427' title='bbox 2759 2602 3020 2659; x_wconf 84' lang='lat' dir='ltr'><strong>separare</strong></span> <span class='ocrx_word' id='word_1_428' title='bbox 3063 2602 3151 2642; x_wconf 87' lang='lat' dir='ltr'><strong>me</strong></span> <span class='ocrx_word' id='word_1_429' title='bbox 3176 2585 3379 2655; x_wconf 83' lang='lat' dir='ltr'><strong>poterit</strong></span> <span class='ocrx_word' id='word_1_430' title='bbox 3403 2600 3435 2640; x_wconf 91' lang='lat' dir='ltr'><strong>a</strong></span> <span class='ocrx_word' id='word_1_431' title='bbox 3486 2583 3672 2639; x_wconf 85' lang='lat' dir='ltr'><strong>chari-</strong></span> 
     </span>
    </p>
   </div>
   <div class='ocr_carea' id='block_1_59' title="bbox 2078 2670 3669 2749">
    <p class='ocr_par' dir='ltr' id='par_1_59' title="bbox 2078 2670 3669 2749">
     <span class='ocr_line' id='line_1_59' title="bbox 2078 2670 3669 2749; baseline -0.006 -14"><span class='ocrx_word' id='word_1_432' title='bbox 2078 2688 2191 2735; x_wconf 87' lang='lat' dir='ltr'><strong>tate</strong></span> <span class='ocrx_word' id='word_1_433' title='bbox 2212 2679 2311 2735; x_wconf 84' lang='lat' dir='ltr'><strong>Dei</strong></span> <span class='ocrx_word' id='word_1_434' title='bbox 2332 2680 2399 2732; x_wconf 84' lang='lat'><strong>&quot;.</strong></span> <span class='ocrx_word' id='word_1_435' title='bbox 2441 2698 2460 2731; x_wconf 76' lang='grc' dir='ltr'><strong>ι</strong></span> <span class='ocrx_word' id='word_1_436' title='bbox 2498 2679 2567 2734; x_wconf 89' lang='grc' dir='ltr'>Ει</span> <span class='ocrx_word' id='word_1_437' title='bbox 2592 2679 2709 2734; x_wconf 81' lang='lat' dir='ltr'><strong>haec</strong></span> <span class='ocrx_word' id='word_1_438' title='bbox 2727 2677 2954 2749; x_wconf 86' lang='lat' dir='ltr'><strong>quidem</strong></span> <span class='ocrx_word' id='word_1_439' title='bbox 2983 2676 3052 2732; x_wconf 87' lang='lat' dir='ltr'><strong>de</strong></span> <span class='ocrx_word' id='word_1_440' title='bbox 3075 2676 3345 2731; x_wconf 87' lang='lat' dir='ltr'><strong>charitate</strong></span> <span class='ocrx_word' id='word_1_441' title='bbox 3364 2673 3518 2729; x_wconf 88' lang='lat' dir='ltr'><strong>illius</strong></span> <span class='ocrx_word' id='word_1_442' title='bbox 3539 2670 3669 2744; x_wconf 84' lang='lat' dir='ltr'><strong>erg&#39;a</strong></span> 
     </span>
    </p>
   </div>
   <div class='ocr_carea' id='block_1_60' title="bbox 2080 2764 3669 2840">
    <p class='ocr_par' dir='ltr' id='par_1_60' title="bbox 2080 2764 3669 2840">
     <span class='ocr_line' id='line_1_60' title="bbox 2080 2764 3669 2840; baseline -0.004 -16"><span class='ocrx_word' id='word_1_443' title='bbox 2080 2768 2276 2825; x_wconf 82' lang='lat' dir='ltr'><strong>Deum.</strong></span> <span class='ocrx_word' id='word_1_444' title='bbox 2303 2768 2445 2839; x_wconf 82' lang='lat' dir='ltr'><strong>Erga</strong></span> <span class='ocrx_word' id='word_1_445' title='bbox 2471 2768 2787 2840; x_wconf 85' lang='lat' dir='ltr'><strong>proximum</strong></span> <span class='ocrx_word' id='word_1_446' title='bbox 2811 2783 2946 2824; x_wconf 85' lang='lat' dir='ltr'><strong>vero</strong></span> <span class='ocrx_word' id='word_1_447' title='bbox 2970 2767 3119 2839; x_wconf 91' lang='lat' dir='ltr'><strong>quod</strong></span> <span class='ocrx_word' id='word_1_448' title='bbox 3154 2765 3380 2829; x_wconf 80' lang='lat' dir='ltr'><strong>attinet,</strong></span> <span class='ocrx_word' id='word_1_449' title='bbox 3422 2764 3669 2827; x_wconf 81' lang='lat' dir='ltr'><strong>sitiebat,</strong></span> 
     </span>
    </p>
   </div>
   <div class='ocr_carea' id='block_1_61' title="bbox 2076 2858 3666 2934">
    <p class='ocr_par' dir='ltr' id='par_1_61' title="bbox 2076 2858 3666 2934">
     <span class='ocr_line' id='line_1_61' title="bbox 2076 2858 3666 2934; baseline -0.005 -14"><span class='ocrx_word' id='word_1_450' title='bbox 2076 2864 2373 2934; x_wconf 86' lang='lat' dir='ltr'><strong>appetebat</strong></span> <span class='ocrx_word' id='word_1_451' title='bbox 2408 2878 2603 2920; x_wconf 88' lang='lat' dir='ltr'><strong>omnes</strong></span> <span class='ocrx_word' id='word_1_452' title='bbox 2628 2863 2830 2919; x_wconf 86' lang='lat' dir='ltr'><strong>fratres</strong></span> <span class='ocrx_word' id='word_1_453' title='bbox 2856 2862 3080 2918; x_wconf 90' lang='lat' dir='ltr'><strong>salvari.</strong></span> <span class='ocrx_word' id='word_1_454' title='bbox 3104 2862 3213 2917; x_wconf 88' lang='lat' dir='ltr'><strong>Pro</strong></span> <span class='ocrx_word' id='word_1_455' title='bbox 3247 2859 3357 2915; x_wconf 88' lang='lat' dir='ltr'><strong>illis</strong></span> <span class='ocrx_word' id='word_1_456' title='bbox 3390 2858 3512 2929; x_wconf 85' lang='lat' dir='ltr'><strong>ipse</strong></span> <span class='ocrx_word' id='word_1_457' title='bbox 3544 2871 3605 2913; x_wconf 88' lang='lat' dir='ltr'><strong>se</strong></span> <span class='ocrx_word' id='word_1_458' title='bbox 3630 2870 3666 2911; x_wconf 88' lang='lat' dir='ltr'><strong>a</strong></span> 
     </span>
    </p>
   </div>
   <div class='ocr_carea' id='block_1_62' title="bbox 2082 2948 3670 3025">
    <p class='ocr_par' dir='ltr' id='par_1_62' title="bbox 2082 2948 3670 3025">
     <span class='ocr_line' id='line_1_62' title="bbox 2082 2948 3670 3025; baseline -0.006 -14"><span class='ocrx_word' id='word_1_459' title='bbox 2082 2956 2317 3012; x_wconf 88' lang='lat' dir='ltr'><strong>Domino</strong></span> <span class='ocrx_word' id='word_1_460' title='bbox 2354 2955 2714 3012; x_wconf 89' lang='lat' dir='ltr'><strong>abscindebat</strong></span> <span class='ocrx_word' id='word_1_461' title='bbox 2739 2956 3055 3025; x_wconf 86' lang='lat' dir='ltr'><strong>(anathema</strong></span> <span class='ocrx_word' id='word_1_462' title='bbox 3084 2953 3291 3024; x_wconf 79' lang='lat' dir='ltr'><strong>quippe</strong></span> <span class='ocrx_word' id='word_1_463' title='bbox 3312 2954 3349 2973; x_wconf 87' lang='lat'>“</span> <span class='ocrx_word' id='word_1_464' title='bbox 3376 2951 3423 2983; x_wconf 83' lang='grc'><strong>⁸⁸</strong></span> <span class='ocrx_word' id='word_1_465' title='bbox 3447 2948 3670 3004; x_wconf 83' lang='lat' dir='ltr'><strong>divisio-</strong></span> 
     </span>
    </p>
   </div>
   <div class='ocr_carea' id='block_1_63' title="bbox 2077 3041 3660 3116">
    <p class='ocr_par' dir='ltr' id='par_1_63' title="bbox 2077 3041 3660 3116">
     <span class='ocr_line' id='line_1_63' title="bbox 2077 3041 3660 3116; baseline -0.007 -16"><span class='ocrx_word' id='word_1_466' title='bbox 2077 3060 2205 3101; x_wconf 87' lang='lat' dir='ltr'><strong>nem</strong></span> <span class='ocrx_word' id='word_1_467' title='bbox 2233 3061 2263 3099; x_wconf 89' lang='lat' dir='ltr'><strong>a</strong></span> <span class='ocrx_word' id='word_1_468' title='bbox 2300 3045 2414 3101; x_wconf 86' lang='lat' dir='ltr'><strong>Deo</strong></span> <span class='ocrx_word' id='word_1_469' title='bbox 2446 3045 2742 3116; x_wconf 83' lang='lat' dir='ltr'><strong>significat)</strong></span> <span class='ocrx_word' id='word_1_470' title='bbox 2769 3044 2865 3116; x_wconf 90' lang='lat' dir='ltr'><strong>qui</strong></span> <span class='ocrx_word' id='word_1_471' title='bbox 2907 3055 3070 3100; x_wconf 89' lang='lat' dir='ltr'><strong>erant</strong></span> <span class='ocrx_word' id='word_1_472' title='bbox 3097 3041 3406 3099; x_wconf 86' lang='lat' dir='ltr'><strong>secundum</strong></span> <span class='ocrx_word' id='word_1_473' title='bbox 3437 3050 3660 3095; x_wconf 87' lang='lat' dir='ltr'><strong>carnem</strong></span> 
     </span>
    </p>
   </div>
   <div class='ocr_carea' id='block_1_64' title="bbox 2086 3138 3323 3210">
    <p class='ocr_par' dir='ltr' id='par_1_64' title="bbox 2086 3138 3323 3210">
     <span class='ocr_line' id='line_1_64' title="bbox 2086 3138 3323 3210; baseline -0.002 -18"><span class='ocrx_word' id='word_1_474' title='bbox 2086 3138 2329 3210; x_wconf 81' lang='lat' dir='ltr'><strong>cognati,</strong></span> <span class='ocrx_word' id='word_1_475' title='bbox 2356 3138 2521 3193; x_wconf 89' lang='lat' dir='ltr'><strong>modo</strong></span> <span class='ocrx_word' id='word_1_476' title='bbox 2552 3139 2788 3194; x_wconf 89' lang='lat' dir='ltr'><strong>salutem</strong></span> <span class='ocrx_word' id='word_1_477' title='bbox 2821 3144 3323 3209; x_wconf 85' lang='lat' dir='ltr'><strong>consequerentur.</strong></span> 
     </span>
    </p>
   </div>
   <div class='ocr_carea' id='block_1_65' title="bbox 2156 3224 3671 3296">
    <p class='ocr_par' dir='ltr' id='par_1_65' title="bbox 2156 3224 3671 3296">
     <span class='ocr_line' id='line_1_65' title="bbox 2156 3224 3671 3296; baseline -0.006 -12"><span class='ocrx_word' id='word_1_478' title='bbox 2156 3229 2295 3296; x_wconf 82' lang='lat' dir='ltr'><strong>Quis</strong></span> <span class='ocrx_word' id='word_1_479' title='bbox 2326 3238 2540 3285; x_wconf 88' lang='lat' dir='ltr'><strong>tantum</strong></span> <span class='ocrx_word' id='word_1_480' title='bbox 2566 3245 2636 3285; x_wconf 86' lang='lat' dir='ltr'><strong>ex</strong></span> <span class='ocrx_word' id='word_1_481' title='bbox 2663 3231 2817 3286; x_wconf 90' lang='lat' dir='ltr'><strong>omni</strong></span> <span class='ocrx_word' id='word_1_482' title='bbox 2846 3230 3174 3287; x_wconf 62' lang='lat' dir='ltr'><strong>seculorum</strong></span> <span class='ocrx_word' id='word_1_483' title='bbox 3200 3224 3468 3282; x_wconf 89' lang='lat' dir='ltr'><strong>memoria</strong></span> <span class='ocrx_word' id='word_1_484' title='bbox 3498 3236 3671 3278; x_wconf 83' lang='lat' dir='ltr'><strong>ausus</strong></span> 
     </span>
    </p>
   </div>
   <div class='ocr_carea' id='block_1_66' title="bbox 2088 3313 3675 3393">
    <p class='ocr_par' dir='ltr' id='par_1_66' title="bbox 2088 3313 3675 3393">
     <span class='ocr_line' id='line_1_66' title="bbox 2088 3313 3675 3393; baseline -0.008 -15"><span class='ocrx_word' id='word_1_485' title='bbox 2088 3321 2220 3378; x_wconf 73' lang='lat' dir='ltr'><strong>est?</strong></span> <span class='ocrx_word' id='word_1_486' title='bbox 2257 3321 2393 3389; x_wconf 84' lang='lat' dir='ltr'><strong>Quis</strong></span> <span class='ocrx_word' id='word_1_487' title='bbox 2441 3331 2654 3377; x_wconf 87' lang='lat' dir='ltr'><strong>tantum</strong></span> <span class='ocrx_word' id='word_1_488' title='bbox 2698 3332 2927 3393; x_wconf 88' lang='lat' dir='ltr'><strong>propter</strong></span> <span class='ocrx_word' id='word_1_489' title='bbox 2968 3320 3296 3377; x_wconf 89' lang='lat' dir='ltr'><strong>charitatem</strong></span> <span class='ocrx_word' id='word_1_490' title='bbox 3338 3313 3675 3372; x_wconf 80' lang='lat' dir='ltr'><strong>desideravit</strong></span> 
     </span>
    </p>
   </div>
   <div class='ocr_carea' id='block_1_67' title="bbox 2090 3406 3668 3485">
    <p class='ocr_par' dir='ltr' id='par_1_67' title="bbox 2090 3406 3668 3485">
     <span class='ocr_line' id='line_1_67' title="bbox 2090 3406 3668 3485; baseline -0.006 -17"><span class='ocrx_word' id='word_1_491' title='bbox 2090 3413 2350 3484; x_wconf 84' lang='lat' dir='ltr'><strong>perpeti?</strong></span> <span class='ocrx_word' id='word_1_492' title='bbox 2378 3413 2618 3485; x_wconf 88' lang='lat' dir='ltr'><strong>egregie,</strong></span> <span class='ocrx_word' id='word_1_493' title='bbox 2644 3414 2895 3485; x_wconf 88' lang='lat' dir='ltr'><strong>inquam,</strong></span> <span class='ocrx_word' id='word_1_494' title='bbox 2925 3410 3138 3483; x_wconf 88' lang='lat' dir='ltr'><strong>perpeti</strong></span> <span class='ocrx_word' id='word_1_495' title='bbox 3170 3425 3273 3479; x_wconf 91' lang='lat' dir='ltr'><strong>pro</strong></span> <span class='ocrx_word' id='word_1_496' title='bbox 3301 3408 3407 3464; x_wconf 74' lang='lat' dir='ltr'><strong>fide</strong></span> <span class='ocrx_word' id='word_1_497' title='bbox 3444 3416 3503 3464; x_wconf 88' lang='lat' dir='ltr'><strong>et</strong></span> <span class='ocrx_word' id='word_1_498' title='bbox 3530 3406 3668 3461; x_wconf 86' lang='lat' dir='ltr'><strong>cha-</strong></span> 
     </span>
    </p>
   </div>
   <div class='ocr_carea' id='block_1_68' title="bbox 2092 3499 3661 3572">
    <p class='ocr_par' dir='ltr' id='par_1_68' title="bbox 2092 3499 3661 3572">
     <span class='ocr_line' id='line_1_68' title="bbox 2092 3499 3661 3572; baseline -0.005 -13"><span class='ocrx_word' id='word_1_499' title='bbox 2092 3504 2280 3561; x_wconf 89' lang='lat' dir='ltr'><strong>ritate.</strong></span> <span class='ocrx_word' id='word_1_500' title='bbox 2308 3505 2598 3572; x_wconf 91' lang='lat' dir='ltr'><strong>Quomodo</strong></span> <span class='ocrx_word' id='word_1_501' title='bbox 2626 3520 2737 3562; x_wconf 91' lang='lat' dir='ltr'><strong>non</strong></span> <span class='ocrx_word' id='word_1_502' title='bbox 2770 3504 3101 3561; x_wconf 88' lang='lat' dir='ltr'><strong>demittebat</strong></span> <span class='ocrx_word' id='word_1_503' title='bbox 3125 3502 3399 3565; x_wconf 89' lang='lat' dir='ltr'><strong>animum,</strong></span> <span class='ocrx_word' id='word_1_504' title='bbox 3449 3499 3546 3555; x_wconf 87' lang='lat' dir='ltr'><strong>sed</strong></span> <span class='ocrx_word' id='word_1_505' title='bbox 3572 3512 3661 3552; x_wconf 89' lang='lat' dir='ltr'><strong>au-</strong></span> 
     </span>
    </p>
   </div>
   <div class='ocr_carea' id='block_1_69' title="bbox 446 3634 3526 3711">
    <p class='ocr_par' dir='ltr' id='par_1_69' title="bbox 446 3634 3526 3711">
     <span class='ocr_line' id='line_1_69' title="bbox 446 3634 3526 3711; baseline -0.004 -10"><span class='ocrx_word' id='word_1_506' title='bbox 446 3643 724 3702; x_wconf 75' lang='lat' dir='ltr'><strong>‘&quot;.llCor.</strong></span> <span class='ocrx_word' id='word_1_507' title='bbox 754 3656 872 3711; x_wconf 83' lang='lat' dir='ltr'><strong>xm,</strong></span> <span class='ocrx_word' id='word_1_508' title='bbox 897 3644 950 3709; x_wconf 83' lang='lat' dir='ltr'><strong>l,</strong></span> <span class='ocrx_word' id='word_1_509' title='bbox 973 3638 1033 3697; x_wconf 69' lang='grc'><strong>2.</strong></span> <span class='ocrx_word' id='word_1_510' title='bbox 1109 3643 1155 3676; x_wconf 80' lang='grc'><strong><em>⁸⁸</em></strong></span> <span class='ocrx_word' id='word_1_511' title='bbox 1186 3641 1381 3699; x_wconf 75' lang='lat' dir='ltr'><strong>lJoan.</strong></span> <span class='ocrx_word' id='word_1_512' title='bbox 1404 3658 1481 3709; x_wconf 83' lang='lat' dir='ltr'><strong>tv,</strong></span> <span class='ocrx_word' id='word_1_513' title='bbox 1508 3641 1599 3698; x_wconf 79' lang='lat' dir='ltr'><strong>l5.</strong></span> <span class='ocrx_word' id='word_1_514' title='bbox 1673 3644 1717 3678; x_wconf 80' lang='lat'>“</span> <span class='ocrx_word' id='word_1_515' title='bbox 1742 3641 1940 3701; x_wconf 71' lang='lat' dir='ltr'><strong>Iatth.</strong></span> <span class='ocrx_word' id='word_1_516' title='bbox 1969 3643 2203 3710; x_wconf 74' lang='lat' dir='ltr'><strong>xxu,36,</strong></span> <span class='ocrx_word' id='word_1_517' title='bbox 2226 3645 2316 3702; x_wconf 79' lang='lat'><strong>&#39;57.</strong></span> <span class='ocrx_word' id='word_1_518' title='bbox 2395 3644 2441 3679; x_wconf 81' lang='lat'>“</span> <span class='ocrx_word' id='word_1_519' title='bbox 2463 3645 2625 3702; x_wconf 91' lang='lat' dir='ltr'><strong>Rom.</strong></span> <span class='ocrx_word' id='word_1_520' title='bbox 2649 3658 2772 3710; x_wconf 81' lang='lat' dir='ltr'><strong>viti,</strong></span> <span class='ocrx_word' id='word_1_521' title='bbox 2817 3642 2888 3698; x_wconf 75' lang='lat'><strong>33</strong></span> <span class='ocrx_word' id='word_1_522' title='bbox 2913 3641 3003 3698; x_wconf 77' lang='lat'><strong>39.</strong></span> <span class='ocrx_word' id='word_1_523' title='bbox 3077 3641 3124 3673; x_wconf 76' lang='lat'>”</span> <span class='ocrx_word' id='word_1_524' title='bbox 3178 3638 3337 3694; x_wconf 90' lang='lat' dir='ltr'><strong>Rom.</strong></span> <span class='ocrx_word' id='word_1_525' title='bbox 3373 3651 3448 3701; x_wconf 80' lang='lat' dir='ltr'><strong>ix,</strong></span> <span class='ocrx_word' id='word_1_526' title='bbox 3473 3634 3526 3689; x_wconf 79' lang='lat'><strong>3.</strong></span> 
     </span>
    </p>
   </div>
   <div class='ocr_carea' id='block_1_70' title="bbox 1644 3791 2410 3856">
    <p class='ocr_par' dir='ltr' id='par_1_70' title="bbox 1644 3791 2410 3856">
     <span class='ocr_line' id='line_1_70' title="bbox 1644 3791 2410 3856; baseline 0.003 -4"><span class='ocrx_word' id='word_1_527' title='bbox 1644 3791 1865 3855; x_wconf 82' lang='lat' dir='ltr'><strong>Jacobi</strong></span> <span class='ocrx_word' id='word_1_528' title='bbox 1895 3793 2179 3856; x_wconf 86' lang='lat' dir='ltr'><strong>Gretseri</strong></span> <span class='ocrx_word' id='word_1_529' title='bbox 2217 3800 2410 3855; x_wconf 63' lang='lat' dir='ltr'><strong>notat.</strong></span> 
     </span>
    </p>
   </div>
   <div class='ocr_carea' id='block_1_71' title="bbox 441 3928 1971 4006">
    <p class='ocr_par' dir='ltr' id='par_1_71' title="bbox 441 3928 1971 4006">
     <span class='ocr_line' id='line_1_71' title="bbox 441 3928 1971 4006; baseline -0.002 -17"><span class='ocrx_word' id='word_1_530' title='bbox 441 3932 832 4006; x_wconf 59' lang='lat' dir='ltr'><strong>(2)_Loquitu_r</strong></span> <span class='ocrx_word' id='word_1_531' title='bbox 859 3928 1059 4006; x_wconf 76' lang='lat' dir='ltr'><strong>deiide</strong></span> <span class='ocrx_word' id='word_1_532' title='bbox 1085 3930 1208 4006; x_wconf 79' lang='lat' dir='ltr'><strong>viva</strong></span> <span class='ocrx_word' id='word_1_533' title='bbox 1253 3937 1309 4006; x_wconf 82' lang='lat' dir='ltr'><strong>et</strong></span> <span class='ocrx_word' id='word_1_534' title='bbox 1350 3931 1603 4006; x_wconf 78' lang='lat' dir='ltr'><strong>formata,</strong></span> <span class='ocrx_word' id='word_1_535' title='bbox 1640 3940 1701 3986; x_wconf 88' lang='lat' dir='ltr'><strong>ut</strong></span> <span class='ocrx_word' id='word_1_536' title='bbox 1733 3940 1971 4001; x_wconf 84' lang='lat' dir='ltr'><strong>vocant;</strong></span> 
     </span>
    </p>
   </div>
   <div class='ocr_carea' id='block_1_72' title="bbox 374 4001 1971 4072">
    <p class='ocr_par' dir='ltr' id='par_1_72' title="bbox 374 4001 1971 4072">
     <span class='ocr_line' id='line_1_72' title="bbox 374 4001 1971 4072; baseline -0.003 -10"><span class='ocrx_word' id='word_1_537' title='bbox 374 4001 523 4062; x_wconf 62' lang='lat' dir='ltr'><strong>nam</strong></span> <span class='ocrx_word' id='word_1_538' title='bbox 543 4001 705 4058; x_wconf 81' lang='lat' dir='ltr'><strong>ﬁdem</strong></span> <span class='ocrx_word' id='word_1_539' title='bbox 733 4002 979 4072; x_wconf 70' lang='lat' dir='ltr'><strong>alioduin</strong></span> <span class='ocrx_word' id='word_1_540' title='bbox 1007 4001 1126 4056; x_wconf 79' lang='lat' dir='ltr'><strong>sine</strong></span> <span class='ocrx_word' id='word_1_541' title='bbox 1154 4002 1426 4057; x_wconf 84' lang='lat' dir='ltr'><strong>charitate</strong></span> <span class='ocrx_word' id='word_1_542' title='bbox 1450 4004 1760 4058; x_wconf 73' lang='lat' dir='ltr'><strong>mnsistere</strong></span> <span class='ocrx_word' id='word_1_543' title='bbox 1789 4018 1971 4072; x_wconf 86' lang='lat' dir='ltr'><strong>posse,</strong></span> 
     </span>
    </p>
   </div>
   <div class='ocr_carea' id='block_1_73' title="bbox 386 4072 1973 4143">
    <p class='ocr_par' dir='ltr' id='par_1_73' title="bbox 386 4072 1973 4143">
     <span class='ocr_line' id='line_1_73' title="bbox 386 4072 1973 4143; baseline -0.003 -13"><span class='ocrx_word' id='word_1_544' title='bbox 386 4092 479 4130; x_wconf 86' lang='lat' dir='ltr'><strong>res</strong></span> <span class='ocrx_word' id='word_1_545' title='bbox 505 4083 591 4130; x_wconf 88' lang='lat' dir='ltr'><strong>est</strong></span> <span class='ocrx_word' id='word_1_546' title='bbox 636 4076 921 4143; x_wconf 80' lang='lat' dir='ltr'><strong>explorata</strong></span> <span class='ocrx_word' id='word_1_547' title='bbox 950 4072 1093 4141; x_wconf 89' lang='lat' dir='ltr'><strong>apud</strong></span> <span class='ocrx_word' id='word_1_548' title='bbox 1136 4073 1497 4126; x_wconf 86' lang='lat' dir='ltr'><strong>orthodoxos.</strong></span> <span class='ocrx_word' id='word_1_549' title='bbox 1527 4072 1766 4143; x_wconf 76' lang='lat' dir='ltr'><strong>Etcum</strong></span> <span class='ocrx_word' id='word_1_550' title='bbox 1808 4073 1973 4142; x_wconf 89' lang='lat' dir='ltr'><strong>paulo</strong></span> 
     </span>
    </p>
   </div>
   <div class='ocr_carea' id='block_1_74' title="bbox 376 4141 1979 4269">
    <p class='ocr_par' dir='ltr' id='par_1_74' title="bbox 376 4141 1979 4269">
     <span class='ocr_line' id='line_1_74' title="bbox 376 4141 1979 4269; baseline -0.003 -69"><span class='ocrx_word' id='word_1_551' title='bbox 376 4145 623 4269; x_wconf 59' lang='lat' dir='ltr'><strong>postait</strong></span> <span class='ocrx_word' id='word_1_552' title='bbox 664 4141 958 4197; x_wconf 79' lang='lat' dir='ltr'><strong>recedente</strong></span> <span class='ocrx_word' id='word_1_553' title='bbox 1005 4143 1294 4207; x_wconf 86' lang='lat' dir='ltr'><strong>charitate,</strong></span> <span class='ocrx_word' id='word_1_554' title='bbox 1320 4143 1507 4196; x_wconf 88' lang='lat' dir='ltr'><strong>omnia</strong></span> <span class='ocrx_word' id='word_1_555' title='bbox 1557 4141 1662 4196; x_wconf 90' lang='lat' dir='ltr'><strong>alia</strong></span> <span class='ocrx_word' id='word_1_556' title='bbox 1696 4141 1979 4225; x_wconf 74' lang='lat' dir='ltr'><strong>recedere,</strong></span> 
     </span>
     <span class='ocr_line' id='line_1_75' title="bbox 408 4212 1975 4269; baseline 0 -1"><span class='ocrx_word' id='word_1_557' title='bbox 408 4226 632 4269; x_wconf 85' lang='lat' dir='ltr'><strong>oouttur</strong></span> <span class='ocrx_word' id='word_1_558' title='bbox 662 4212 733 4267; x_wconf 89' lang='lat' dir='ltr'><strong>de</strong></span> <span class='ocrx_word' id='word_1_559' title='bbox 759 4226 982 4268; x_wconf 88' lang='lat' dir='ltr'><strong>recessu</strong></span> <span class='ocrx_word' id='word_1_560' title='bbox 1025 4212 1208 4269; x_wconf 84' lang='lat' dir='ltr'><strong>quoad</strong></span> <span class='ocrx_word' id='word_1_561' title='bbox 1244 4212 1489 4269; x_wconf 88' lang='lat' dir='ltr'><strong>fructum</strong></span> <span class='ocrx_word' id='word_1_562' title='bbox 1522 4221 1780 4269; x_wconf 83' lang='lat' dir='ltr'><strong>respectu</strong></span> <span class='ocrx_word' id='word_1_563' title='bbox 1808 4222 1975 4269; x_wconf 84' lang='lat' dir='ltr'><strong>tustt-</strong></span> 
     </span>
    </p>
   </div>
   <div class='ocr_carea' id='block_1_75' title="bbox 408 4212 1975 4285">
    <p class='ocr_par' dir='ltr' id='par_1_75' title="bbox 408 4212 1975 4285">
     <span class='ocr_line' id='line_1_76' title="bbox 408 4212 1975 4285; baseline 0 -17"><span class='ocrx_word' id='word_1_564' title='bbox 408 4214 632 4285; x_wconf 87' lang='lat' dir='ltr'><strong>oqnitur</strong></span> <span class='ocrx_word' id='word_1_565' title='bbox 662 4212 733 4267; x_wconf 88' lang='lat' dir='ltr'><strong>de</strong></span> <span class='ocrx_word' id='word_1_566' title='bbox 759 4226 982 4268; x_wconf 88' lang='lat' dir='ltr'><strong>recessu</strong></span> <span class='ocrx_word' id='word_1_567' title='bbox 1025 4212 1208 4280; x_wconf 89' lang='lat' dir='ltr'><strong>quoad</strong></span> <span class='ocrx_word' id='word_1_568' title='bbox 1244 4212 1489 4269; x_wconf 89' lang='lat' dir='ltr'><strong>fructum</strong></span> <span class='ocrx_word' id='word_1_569' title='bbox 1522 4221 1780 4282; x_wconf 80' lang='lat' dir='ltr'><strong>respectu</strong></span> <span class='ocrx_word' id='word_1_570' title='bbox 1805 4212 1975 4284; x_wconf 80' lang='lat' dir='ltr'><strong>justi-</strong></span> 
     </span>
    </p>
   </div>
   <div class='ocr_carea' id='block_1_76' title="bbox 2082 3923 3669 4001">
    <p class='ocr_par' dir='ltr' id='par_1_76' title="bbox 2082 3923 3669 4001">
     <span class='ocr_line' id='line_1_77' title="bbox 2082 3923 3669 4001; baseline -0.006 -13"><span class='ocrx_word' id='word_1_571' title='bbox 2082 3934 2376 3999; x_wconf 84' lang='lat' dir='ltr'><strong>ticationis,</strong></span> <span class='ocrx_word' id='word_1_572' title='bbox 2400 3934 2607 4000; x_wconf 91' lang='lat' dir='ltr'><strong>meriti,</strong></span> <span class='ocrx_word' id='word_1_573' title='bbox 2631 3942 2687 3989; x_wconf 92' lang='lat' dir='ltr'><strong>et</strong></span> <span class='ocrx_word' id='word_1_574' title='bbox 2705 3928 3108 4001; x_wconf 67' lang='lat' dir='ltr'><strong>consequentia:</strong></span> <span class='ocrx_word' id='word_1_575' title='bbox 3135 3923 3515 3988; x_wconf 87' lang='lat' dir='ltr'><strong>beatitudinis,</strong></span> <span class='ocrx_word' id='word_1_576' title='bbox 3542 3938 3669 3978; x_wconf 91' lang='lat' dir='ltr'><strong>cum</strong></span> 
     </span>
    </p>
   </div>
   <div class='ocr_carea' id='block_1_77' title="bbox 2080 4001 3672 4075">
    <p class='ocr_par' dir='ltr' id='par_1_77' title="bbox 2080 4001 3672 4075">
     <span class='ocr_line' id='line_1_78' title="bbox 2080 4001 3672 4075; baseline -0.008 -16"><span class='ocrx_word' id='word_1_577' title='bbox 2080 4006 2292 4075; x_wconf 87' lang='lat' dir='ltr'><strong>absque</strong></span> <span class='ocrx_word' id='word_1_578' title='bbox 2312 4005 2586 4060; x_wconf 82' lang='lat' dir='ltr'><strong>charitate</strong></span> <span class='ocrx_word' id='word_1_579' title='bbox 2612 4004 2797 4075; x_wconf 66' lang='lat' dir='ltr'><strong>omnia</strong></span> <span class='ocrx_word' id='word_1_580' title='bbox 2819 4004 2930 4075; x_wconf 72' lang='lat' dir='ltr'><strong>sint</strong></span> <span class='ocrx_word' id='word_1_581' title='bbox 2955 4001 3106 4075; x_wconf 79' lang='lat' dir='ltr'><strong>velut</strong></span> <span class='ocrx_word' id='word_1_582' title='bbox 3138 4012 3430 4075; x_wconf 64' lang='lat' dir='ltr'><strong>ags_sona_ns</strong></span> <span class='ocrx_word' id='word_1_583' title='bbox 3453 4002 3502 4075; x_wconf 63' lang='lat' dir='ltr'><strong>et</strong></span> <span class='ocrx_word' id='word_1_584' title='bbox 3528 4010 3672 4075; x_wconf 56' lang='grc' dir='ltr'><strong>τξρει-</strong></span> 
     </span>
    </p>
   </div>
   <div class='ocr_carea' id='block_1_78' title="bbox 2081 4062 3668 4132">
    <p class='ocr_par' dir='ltr' id='par_1_78' title="bbox 2081 4062 3668 4132">
     <span class='ocr_line' id='line_1_79' title="bbox 2081 4062 3668 4132; baseline -0.007 -5"><span class='ocrx_word' id='word_1_585' title='bbox 2081 4062 2260 4129; x_wconf 76' lang='grc' dir='ltr'><strong>ὁαιιὶηι</strong></span> <span class='ocrx_word' id='word_1_586' title='bbox 2294 4077 2545 4129; x_wconf 83' lang='lat' dir='ltr'><strong>tinniens.</strong></span> <span class='ocrx_word' id='word_1_587' title='bbox 2578 4074 2714 4129; x_wconf 72' lang='lat' dir='ltr'><strong>Vide</strong></span> <span class='ocrx_word' id='word_1_588' title='bbox 2745 4071 3136 4126; x_wconf 82' lang='lat' dir='ltr'><strong>Bellarminutn</strong></span> <span class='ocrx_word' id='word_1_589' title='bbox 3169 4068 3267 4124; x_wconf 82' lang='lat' dir='ltr'><strong>lib.</strong></span> <span class='ocrx_word' id='word_1_590' title='bbox 3294 4081 3311 4122; x_wconf 89' lang='grc' dir='ltr'><strong>ι</strong></span> <span class='ocrx_word' id='word_1_591' title='bbox 3355 4065 3429 4120; x_wconf 82' lang='lat' dir='ltr'><strong>De</strong></span> <span class='ocrx_word' id='word_1_592' title='bbox 3456 4062 3668 4132; x_wconf 60' lang='lat' dir='ltr'><strong>Justiti-</strong></span> 
     </span>
    </p>
   </div>
   <div class='ocr_carea' id='block_1_79' title="bbox 2085 4145 3058 4231">
    <p class='ocr_par' dir='ltr' id='par_1_79' title="bbox 2085 4145 3058 4231">
     <span class='ocr_line' id='line_1_80' title="bbox 2085 4145 3058 4231; baseline -0.004 -33"><span class='ocrx_word' id='word_1_593' title='bbox 2085 4148 2313 4212; x_wconf 84' lang='lat' dir='ltr'><strong>catione,</strong></span> <span class='ocrx_word' id='word_1_594' title='bbox 2348 4161 2470 4216; x_wconf 84' lang='lat' dir='ltr'><strong>cap.</strong></span> <span class='ocrx_word' id='word_1_595' title='bbox 2503 4145 2589 4212; x_wconf 77' lang='grc' dir='ltr'>ιι,</span> <span class='ocrx_word' id='word_1_596' title='bbox 2624 4145 2688 4201; x_wconf 84' lang='lat' dir='ltr'><strong>l5</strong></span> <span class='ocrx_word' id='word_1_597' title='bbox 2712 4152 2771 4201; x_wconf 91' lang='lat' dir='ltr'><strong>et</strong></span> <span class='ocrx_word' id='word_1_598' title='bbox 2795 4158 2952 4213; x_wconf 88' lang='lat' dir='ltr'><strong>seqq.</strong></span> <span class='ocrx_word' id='word_1_599' title='bbox 3054 4227 3058 4231; x_wconf 21' lang='lat'><strong><em>.</em></strong></span> 
     </span>
    </p>
   </div>
   <div class='ocr_carea' id='block_1_80' title="bbox 1887 4348 2165 4412">
    <p class='ocr_par' dir='ltr' id='par_1_80' title="bbox 1887 4348 2165 4412">
     <span class='ocr_line' id='line_1_81' title="bbox 1887 4348 2165 4412; baseline 0.007 -3"><span class='ocrx_word' id='word_1_600' title='bbox 1887 4348 2165 4412; x_wconf 77' lang='lat' dir='ltr'><strong>Scholia.</strong></span> 
     </span>
    </p>
   </div>
   <div class='ocr_carea' id='block_1_81' title="bbox 367 4482 3670 4562">
    <p class='ocr_par' dir='ltr' id='par_1_81' title="bbox 367 4482 3670 4562">
     <span class='ocr_line' id='line_1_82' title="bbox 367 4482 3670 4562; baseline 0 -20"><span class='ocrx_word' id='word_1_601' title='bbox 367 4488 375 4493; x_wconf 82' lang='grc'><em>’</em></span> <span class='ocrx_word' id='word_1_602' title='bbox 462 4492 480 4512; x_wconf 78' lang='grc'>⁶</span> <span class='ocrx_word' id='word_1_603' title='bbox 514 4488 771 4562; x_wconf 81' lang='lat' dir='ltr'><strong>Basilius.</strong></span> <span class='ocrx_word' id='word_1_604' title='bbox 809 4482 919 4562; x_wconf 64' lang='lat' dir='ltr'><strong>His</strong></span> <span class='ocrx_word' id='word_1_605' title='bbox 963 4487 1061 4556; x_wconf 88' lang='lat' dir='ltr'><strong>qui</strong></span> <span class='ocrx_word' id='word_1_606' title='bbox 1106 4485 1336 4555; x_wconf 84' lang='lat' dir='ltr'><strong>primum</strong></span> <span class='ocrx_word' id='word_1_607' title='bbox 1390 4487 1602 4562; x_wconf 78' lang='lat' dir='ltr'><strong>pietatis</strong></span> <span class='ocrx_word' id='word_1_608' title='bbox 1644 4490 1976 4562; x_wconf 83' lang='lat' dir='ltr'><strong>curriculum</strong></span> <span class='ocrx_word' id='word_1_609' title='bbox 2005 4499 2058 4558; x_wconf 83' lang='lat'><strong>1)</strong></span> <span class='ocrx_word' id='word_1_610' title='bbox 2086 4502 2160 4546; x_wconf 85' lang='lat' dir='ltr'><strong>est</strong></span> <span class='ocrx_word' id='word_1_611' title='bbox 2191 4508 2367 4559; x_wconf 84' lang='lat' dir='ltr'><strong>omne,</strong></span> <span class='ocrx_word' id='word_1_612' title='bbox 2399 4492 2541 4562; x_wconf 82' lang='lat' dir='ltr'><strong>quod</strong></span> <span class='ocrx_word' id='word_1_613' title='bbox 2572 4490 2681 4546; x_wconf 87' lang='lat' dir='ltr'><strong>Deo</strong></span> <span class='ocrx_word' id='word_1_614' title='bbox 2727 4490 3096 4562; x_wconf 71' lang='lat' dir='ltr'><strong>suspendium:</strong></span> <span class='ocrx_word' id='word_1_615' title='bbox 3147 4488 3485 4562; x_wconf 81' lang='lat' dir='ltr'><strong>etdieamus,</strong></span> <span class='ocrx_word' id='word_1_616' title='bbox 3529 4489 3670 4557; x_wconf 86' lang='lat' dir='ltr'><strong>quod</strong></span> 
     </span>
    </p>
   </div>
   <div class='ocr_carea' id='block_1_82' title="bbox 370 4558 1976 4633">
    <p class='ocr_par' dir='ltr' id='par_1_82' title="bbox 370 4558 1976 4633">
     <span class='ocr_line' id='line_1_83' title="bbox 370 4558 1976 4633; baseline 0.002 -20"><span class='ocrx_word' id='word_1_617' title='bbox 370 4560 781 4633; x_wconf 52' lang='lat' dir='ltr'><strong>ingrediuntur,</strong></span> <span class='ocrx_word' id='word_1_618' title='bbox 834 4558 1013 4633; x_wconf 72' lang='lat' dir='ltr'><strong>timor,</strong></span> <span class='ocrx_word' id='word_1_619' title='bbox 1043 4566 1349 4633; x_wconf 36' lang='lat' dir='ltr'><strong>‘tanqnant</strong></span> <span class='ocrx_word' id='word_1_620' title='bbox 1396 4559 1584 4633; x_wconf 74' lang='lat' dir='ltr'><strong>prima</strong></span> <span class='ocrx_word' id='word_1_621' title='bbox 1631 4560 1976 4633; x_wconf 82' lang='lat' dir='ltr'><strong>_rudimenta,</strong></span> 
     </span>
    </p>
   </div>
   <div class='ocr_carea' id='block_1_83' title="bbox 389 4625 1981 4699">
    <p class='ocr_par' dir='ltr' id='par_1_83' title="bbox 389 4625 1981 4699">
     <span class='ocr_line' id='line_1_84' title="bbox 389 4625 1981 4699; baseline -0.001 -12"><span class='ocrx_word' id='word_1_622' title='bbox 389 4625 576 4699; x_wconf 72' lang='lat' dir='ltr'><strong>utilior</strong></span> <span class='ocrx_word' id='word_1_623' title='bbox 604 4637 703 4699; x_wconf 72' lang='lat' dir='ltr'><strong>est,</strong></span> <span class='ocrx_word' id='word_1_624' title='bbox 720 4629 885 4697; x_wconf 75' lang='lat' dir='ltr'><strong>juxta</strong></span> <span class='ocrx_word' id='word_1_625' title='bbox 918 4625 1052 4699; x_wconf 75' lang='lat' dir='ltr'><strong>illud</strong></span> <span class='ocrx_word' id='word_1_626' title='bbox 1077 4640 1095 4699; x_wconf 70' lang='lat' dir='ltr'><strong>.f</strong></span> <span class='ocrx_word' id='word_1_627' title='bbox 1126 4644 1143 4677; x_wconf 79' lang='grc' dir='ltr'><strong>ι</strong></span> <span class='ocrx_word' id='word_1_628' title='bbox 1164 4625 1497 4699; x_wconf 66' lang='lat' dir='ltr'><strong>Principium</strong></span> <span class='ocrx_word' id='word_1_629' title='bbox 1521 4630 1797 4699; x_wconf 79' lang='lat' dir='ltr'><strong>sapientia:</strong></span> <span class='ocrx_word' id='word_1_630' title='bbox 1822 4634 1981 4685; x_wconf 87' lang='lat' dir='ltr'><strong>timor</strong></span> 
     </span>
    </p>
   </div>
   <div class='ocr_carea' id='block_1_84' title="bbox 392 4670 1978 4769">
    <p class='ocr_par' dir='ltr' id='par_1_84' title="bbox 392 4670 1978 4769">
     <span class='ocr_line' id='line_1_85' title="bbox 392 4670 1978 4769; baseline -0.001 -12"><span class='ocrx_word' id='word_1_631' title='bbox 392 4670 885 4769; x_wconf 56' lang='grc' dir='ltr'><strong>ῧὸἱᾶιέἓιῖξὶῆἓῐῗ</strong></span> <span class='ocrx_word' id='word_1_632' title='bbox 905 4670 1190 4765; x_wconf 64' lang='grc' dir='ltr'><strong>ιὶζῖώξῖ</strong></span> <span class='ocrx_word' id='word_1_633' title='bbox 1219 4670 1978 4769; x_wconf 53' lang='grc' dir='ltr'><strong>’ρῐείᾝᾶἱέηἱζνἱῖϊὲὶῆἇὶἰὲἓῖ,</strong></span> 
     </span>
    </p>
   </div>
   <div class='ocr_carea' id='block_1_85' title="bbox 386 4768 1981 4842">
    <p class='ocr_par' dir='ltr' id='par_1_85' title="bbox 386 4768 1981 4842">
     <span class='ocr_line' id='line_1_86' title="bbox 386 4768 1981 4842; baseline -0.001 -15"><span class='ocrx_word' id='word_1_634' title='bbox 386 4775 525 4827; x_wconf 85' lang='lat' dir='ltr'><strong>laete</strong></span> <span class='ocrx_word' id='word_1_635' title='bbox 576 4768 810 4842; x_wconf 80' lang='lat' dir='ltr'><strong>amplius</strong></span> <span class='ocrx_word' id='word_1_636' title='bbox 858 4782 965 4820; x_wconf 90' lang='lat' dir='ltr'><strong>non</strong></span> <span class='ocrx_word' id='word_1_637' title='bbox 1008 4768 1270 4842; x_wconf 79' lang='lat' dir='ltr'><strong>indigent,</strong></span> <span class='ocrx_word' id='word_1_638' title='bbox 1322 4768 1414 4842; x_wconf 86' lang='lat' dir='ltr'><strong>sed</strong></span> <span class='ocrx_word' id='word_1_639' title='bbox 1456 4768 1638 4823; x_wconf 82' lang='lat' dir='ltr'><strong>solidis</strong></span> <span class='ocrx_word' id='word_1_640' title='bbox 1684 4768 1981 4841; x_wconf 72' lang='lat' dir='ltr'><strong>Scriptum</strong></span> 
     </span>
    </p>
   </div>
   <div class='ocr_carea' id='block_1_86' title="bbox 387 4838 1977 4915">
    <p class='ocr_par' dir='ltr' id='par_1_86' title="bbox 387 4838 1977 4915">
     <span class='ocr_line' id='line_1_87' title="bbox 387 4838 1977 4915; baseline -0.001 -19"><span class='ocrx_word' id='word_1_641' title='bbox 387 4838 1064 4915; x_wconf 50' lang='lat' dir='ltr'><strong>dogmatis&#39;uti__possunt,</strong></span> <span class='ocrx_word' id='word_1_642' title='bbox 1120 4838 1186 4915; x_wconf 67' lang='lat' dir='ltr'><strong>iis</strong></span> <span class='ocrx_word' id='word_1_643' title='bbox 1232 4838 1613 4915; x_wconf 76' lang='lat' dir='ltr'><strong>mandatorum</strong></span> <span class='ocrx_word' id='word_1_644' title='bbox 1666 4838 1977 4910; x_wconf 69' lang='lat' dir='ltr'><strong>praecipua,</strong></span> 
     </span>
    </p>
   </div>
   <div class='ocr_carea' id='block_1_87' title="bbox 385 4906 1981 4983">
    <p class='ocr_par' dir='ltr' id='par_1_87' title="bbox 385 4906 1981 4983">
     <span class='ocr_line' id='line_1_88' title="bbox 385 4906 1981 4983; baseline -0.001 -17"><span class='ocrx_word' id='word_1_645' title='bbox 385 4906 665 4967; x_wconf 75' lang='lat' dir='ltr'><strong>charitatis</strong></span> <span class='ocrx_word' id='word_1_646' title='bbox 703 4906 897 4964; x_wconf 65' lang='lat' dir='ltr'><strong>scilicet</strong></span> <span class='ocrx_word' id='word_1_647' title='bbox 939 4923 1066 4978; x_wconf 86' lang='lat' dir='ltr'><strong>erga</strong></span> <span class='ocrx_word' id='word_1_648' title='bbox 1107 4906 1276 4960; x_wconf 86' lang='lat' dir='ltr'><strong>Deum</strong></span> <span class='ocrx_word' id='word_1_649' title='bbox 1315 4916 1364 4960; x_wconf 89' lang='lat' dir='ltr'><strong>et</strong></span> <span class='ocrx_word' id='word_1_650' title='bbox 1410 4906 1735 4977; x_wconf 73' lang='lat' dir='ltr'><strong>proximum,</strong></span> <span class='ocrx_word' id='word_1_651' title='bbox 1788 4906 1981 4983; x_wconf 77' lang='lat' dir='ltr'><strong>propo-</strong></span> 
     </span>
    </p>
   </div>
   <div class='ocr_carea' id='block_1_88' title="bbox 372 4992 612 5038">
    <p class='ocr_par' dir='ltr' id='par_1_88' title="bbox 372 4992 612 5038">
     <span class='ocr_line' id='line_1_89' title="bbox 372 4992 612 5038; baseline -0.017 0"><span class='ocrx_word' id='word_1_652' title='bbox 372 4992 612 5038; x_wconf 47' lang='lat' dir='ltr'><strong>«antur.</strong></span> 
     </span>
    </p>
   </div>
   <div class='ocr_carea' id='block_1_89' title="bbox 459 5048 1981 5123">
    <p class='ocr_par' dir='ltr' id='par_1_89' title="bbox 459 5048 1981 5123">
     <span class='ocr_line' id='line_1_90' title="bbox 459 5048 1981 5123; baseline -0.005 -16"><span class='ocrx_word' id='word_1_653' title='bbox 459 5055 500 5075; x_wconf 88' lang='lat'><strong>&quot;</strong></span> <span class='ocrx_word' id='word_1_654' title='bbox 554 5050 891 5123; x_wconf 73' lang='lat' dir='ltr'><strong>Anathemati</strong></span> <span class='ocrx_word' id='word_1_655' title='bbox 954 5048 1169 5123; x_wconf 79' lang='lat' dir='ltr'><strong>honoris</strong></span> <span class='ocrx_word' id='word_1_656' title='bbox 1219 5062 1385 5101; x_wconf 81' lang='lat' dir='ltr'><strong>causa</strong></span> <span class='ocrx_word' id='word_1_657' title='bbox 1439 5048 1621 5103; x_wconf 82' lang='lat' dir='ltr'><strong>nullus</strong></span> <span class='ocrx_word' id='word_1_658' title='bbox 1664 5053 1981 5123; x_wconf 70' lang='lat' dir='ltr'><strong>appropin-</strong></span> 
     </span>
    </p>
   </div>
   <div class='ocr_carea' id='block_1_90' title="bbox 366 5118 1978 5190">
    <p class='ocr_par' dir='ltr' id='par_1_90' title="bbox 366 5118 1978 5190">
     <span class='ocr_line' id='line_1_91' title="bbox 366 5118 1978 5190; baseline -0.007 -15"><span class='ocrx_word' id='word_1_659' title='bbox 366 5137 558 5189; x_wconf 60' lang='lat' dir='ltr'><strong>quare</strong></span> <span class='ocrx_word' id='word_1_660' title='bbox 587 5123 746 5173; x_wconf 79' lang='lat' dir='ltr'><strong>audet</strong></span> <span class='ocrx_word' id='word_1_661' title='bbox 778 5136 791 5171; x_wconf 89' lang='lat'><strong>:</strong></span> <span class='ocrx_word' id='word_1_662' title='bbox 825 5120 889 5171; x_wconf 72' lang='lat' dir='ltr'><strong>ab</strong></span> <span class='ocrx_word' id='word_1_663' title='bbox 912 5118 1150 5190; x_wconf 76' lang='lat' dir='ltr'><strong>abscisso</strong></span> <span class='ocrx_word' id='word_1_664' title='bbox 1176 5127 1375 5183; x_wconf 71' lang='lat' dir='ltr'><strong>autem,</strong></span> <span class='ocrx_word' id='word_1_665' title='bbox 1407 5126 1458 5170; x_wconf 89' lang='lat' dir='ltr'><strong>et</strong></span> <span class='ocrx_word' id='word_1_666' title='bbox 1491 5134 1550 5171; x_wconf 88' lang='lat' dir='ltr'><strong>eo</strong></span> <span class='ocrx_word' id='word_1_667' title='bbox 1584 5121 1675 5190; x_wconf 78' lang='lat' dir='ltr'><strong>qui</strong></span> <span class='ocrx_word' id='word_1_668' title='bbox 1703 5118 1873 5190; x_wconf 52' lang='lat' dir='ltr'><strong>facta;</strong></span> <span class='ocrx_word' id='word_1_669' title='bbox 1895 5139 1978 5176; x_wconf 59' lang='lat' dir='ltr'><strong>es-</strong></span> 
     </span>
    </p>
   </div>
   <div class='ocr_carea' id='block_1_91' title="bbox 378 5188 1975 5254">
    <p class='ocr_par' dir='ltr' id='par_1_91' title="bbox 378 5188 1975 5254">
     <span class='ocr_line' id='line_1_92' title="bbox 378 5188 1975 5254; baseline 0.002 -9"><span class='ocrx_word' id='word_1_670' title='bbox 378 5200 467 5245; x_wconf 80' lang='lat' dir='ltr'><strong>set</strong></span> <span class='ocrx_word' id='word_1_671' title='bbox 491 5190 1096 5254; x_wconf 74' lang='lat' dir='ltr'><strong>anathema,coutruria</strong></span> <span class='ocrx_word' id='word_1_672' title='bbox 1117 5188 1182 5239; x_wconf 82' lang='lat' dir='ltr'><strong>tle</strong></span> <span class='ocrx_word' id='word_1_673' title='bbox 1207 5200 1368 5241; x_wconf 71' lang='lat' dir='ltr'><strong>causa</strong></span> <span class='ocrx_word' id='word_1_674' title='bbox 1391 5203 1573 5243; x_wconf 80' lang='lat' dir='ltr'><strong>omnes</strong></span> <span class='ocrx_word' id='word_1_675' title='bbox 1596 5188 1659 5242; x_wconf 63' lang='lat' dir='ltr'><strong>se</strong></span> <span class='ocrx_word' id='word_1_676' title='bbox 1691 5188 1975 5248; x_wconf 76' lang='lat' dir='ltr'><strong>removent.</strong></span> 
     </span>
    </p>
   </div>
   <div class='ocr_carea' id='block_1_92' title="bbox 388 5258 1979 5341">
    <p class='ocr_par' dir='ltr' id='par_1_92' title="bbox 388 5258 1979 5341">
     <span class='ocr_line' id='line_1_93' title="bbox 388 5258 1979 5341; baseline 0.002 -27"><span class='ocrx_word' id='word_1_677' title='bbox 388 5261 752 5341; x_wconf 66' lang='lat' dir='ltr'><strong>Aeseparatio</strong></span> <span class='ocrx_word' id='word_1_678' title='bbox 791 5258 1004 5341; x_wconf 71' lang='lat' dir='ltr'><strong>quidem</strong></span> <span class='ocrx_word' id='word_1_679' title='bbox 1043 5270 1158 5341; x_wconf 62' lang='lat' dir='ltr'><strong>ang</strong></span> <span class='ocrx_word' id='word_1_680' title='bbox 1200 5266 1485 5341; x_wconf 62' lang='lat' dir='ltr'><strong>erat-,eunt</strong></span> <span class='ocrx_word' id='word_1_681' title='bbox 1532 5261 1638 5324; x_wconf 88' lang='lat' dir='ltr'><strong>hic,</strong></span> <span class='ocrx_word' id='word_1_682' title='bbox 1692 5268 1742 5341; x_wconf 70' lang='lat' dir='ltr'><strong>et</strong></span> <span class='ocrx_word' id='word_1_683' title='bbox 1764 5261 1900 5341; x_wconf 77' lang='lat' dir='ltr'><strong>illud</strong></span> <span class='ocrx_word' id='word_1_684' title='bbox 1946 5281 1979 5317; x_wconf 91' lang='lat' dir='ltr'><strong>a</strong></span> 
     </span>
    </p>
   </div>
   <div class='ocr_carea' id='block_1_93' title="bbox 368 5325 1979 5400">
    <p class='ocr_par' dir='ltr' id='par_1_93' title="bbox 368 5325 1979 5400">
     <span class='ocr_line' id='line_1_94' title="bbox 368 5325 1979 5400; baseline 0.001 -16"><span class='ocrx_word' id='word_1_685' title='bbox 368 5325 735 5384; x_wconf 63' lang='lat' dir='ltr'><strong>multitudine</strong></span> <span class='ocrx_word' id='word_1_686' title='bbox 756 5325 1072 5382; x_wconf 80' lang='lat' dir='ltr'><strong>vitarentur.</strong></span> <span class='ocrx_word' id='word_1_687' title='bbox 1100 5325 1158 5400; x_wconf 60' lang='grc'><strong>1(</strong></span> <span class='ocrx_word' id='word_1_688' title='bbox 1163 5326 1482 5400; x_wconf 73' lang='lat' dir='ltr'><strong>odusautem</strong></span> <span class='ocrx_word' id='word_1_689' title='bbox 1498 5332 1853 5400; x_wconf 82' lang='lat' dir='ltr'><strong>separationis</strong></span> <span class='ocrx_word' id='word_1_690' title='bbox 1874 5346 1979 5387; x_wconf 83' lang='lat' dir='ltr'><strong>non</strong></span> 
     </span>
    </p>
   </div>
   <div class='ocr_carea' id='block_1_94' title="bbox 390 5398 1980 5468">
    <p class='ocr_par' dir='ltr' id='par_1_94' title="bbox 390 5398 1980 5468">
     <span class='ocr_line' id='line_1_95' title="bbox 390 5398 1980 5468; baseline 0.001 -15"><span class='ocrx_word' id='word_1_691' title='bbox 390 5401 551 5461; x_wconf 86' lang='lat' dir='ltr'><strong>idem,</strong></span> <span class='ocrx_word' id='word_1_692' title='bbox 578 5400 667 5452; x_wconf 77' lang='lat' dir='ltr'><strong>sed</strong></span> <span class='ocrx_word' id='word_1_693' title='bbox 706 5400 871 5468; x_wconf 88' lang='lat' dir='ltr'><strong>priori</strong></span> <span class='ocrx_word' id='word_1_694' title='bbox 912 5398 1235 5468; x_wconf 83' lang='lat' dir='ltr'><strong>contrarius.</strong></span> <span class='ocrx_word' id='word_1_695' title='bbox 1279 5398 1628 5454; x_wconf 82' lang='lat' dir='ltr'><strong>Anathemate</strong></span> <span class='ocrx_word' id='word_1_696' title='bbox 1662 5401 1801 5456; x_wconf 81' lang='lat' dir='ltr'><strong>enim</strong></span> <span class='ocrx_word' id='word_1_697' title='bbox 1856 5411 1980 5455; x_wconf 87' lang='lat' dir='ltr'><strong>tan-</strong></span> 
     </span>
    </p>
   </div>
   <div class='ocr_carea' id='block_1_95' title="bbox 380 5467 1976 5542">
    <p class='ocr_par' dir='ltr' id='par_1_95' title="bbox 380 5467 1976 5542">
     <span class='ocr_line' id='line_1_96' title="bbox 380 5467 1976 5542; baseline -0.008 -18"><span class='ocrx_word' id='word_1_698' title='bbox 380 5484 548 5542; x_wconf 72' lang='lat' dir='ltr'><strong>quam</strong></span> <span class='ocrx_word' id='word_1_699' title='bbox 608 5485 680 5542; x_wconf 27' lang='lat' dir='ltr'><strong>re“</strong></span> <span class='ocrx_word' id='word_1_700' title='bbox 708 5467 988 5542; x_wconf 31' lang='lat' dir='ltr'><strong>’itedieata_</strong></span> <span class='ocrx_word' id='word_1_701' title='bbox 1020 5467 1351 5542; x_wconf 50' lang='lat' dir='ltr'><strong>abstineant</strong></span> <span class='ocrx_word' id='word_1_702' title='bbox 1392 5482 1417 5542; x_wconf 90' lang='lat'><strong>:_</strong></span> <span class='ocrx_word' id='word_1_703' title='bbox 1456 5471 1553 5542; x_wconf 80' lang='lat' dir='ltr'><strong>hoc</strong></span> <span class='ocrx_word' id='word_1_704' title='bbox 1606 5483 1783 5527; x_wconf 85' lang='lat' dir='ltr'><strong>autem</strong></span> <span class='ocrx_word' id='word_1_705' title='bbox 1851 5481 1976 5527; x_wconf 86' lang='lat' dir='ltr'><strong>tan-</strong></span> 
     </span>
    </p>
   </div>
   <div class='ocr_carea' id='block_1_96' title="bbox 388 5535 1977 5663">
    <p class='ocr_par' dir='ltr' id='par_1_96' title="bbox 388 5535 1977 5663">
     <span class='ocr_line' id='line_1_97' title="bbox 388 5535 1977 5663; baseline -0.001 -67"><span class='ocrx_word' id='word_1_706' title='bbox 388 5535 579 5663; x_wconf 55' lang='grc' dir='ltr'><strong>ὴῖαπιι</strong></span> <span class='ocrx_word' id='word_1_707' title='bbox 607 5539 843 5595; x_wconf 84' lang='lat' dir='ltr'><strong>alienato</strong></span> <span class='ocrx_word' id='word_1_708' title='bbox 878 5554 914 5591; x_wconf 91' lang='lat' dir='ltr'><strong>a</strong></span> <span class='ocrx_word' id='word_1_709' title='bbox 947 5535 1077 5602; x_wconf 83' lang='lat' dir='ltr'><strong>Deo,</strong></span> <span class='ocrx_word' id='word_1_710' title='bbox 1103 5547 1153 5591; x_wconf 83' lang='lat' dir='ltr'><strong>et</strong></span> <span class='ocrx_word' id='word_1_711' title='bbox 1194 5539 1258 5591; x_wconf 76' lang='lat' dir='ltr'><strong>ab</strong></span> <span class='ocrx_word' id='word_1_712' title='bbox 1288 5538 1528 5593; x_wconf 76' lang='lat' dir='ltr'><strong>Ecclesia</strong></span> <span class='ocrx_word' id='word_1_713' title='bbox 1565 5544 1977 5611; x_wconf 73' lang='lat' dir='ltr'><strong>orthodoxorum</strong></span> 
     </span>
     <span class='ocr_line' id='line_1_98' title="bbox 388 5627 636 5663; baseline -0.004 0"><span class='ocrx_word' id='word_1_714' title='bbox 388 5628 421 5663; x_wconf 74' lang='grc' dir='ltr'><strong>ιι</strong></span> <span class='ocrx_word' id='word_1_715' title='bbox 458 5628 559 5663; x_wconf 77' lang='lat' dir='ltr'><strong>run</strong></span> <span class='ocrx_word' id='word_1_716' title='bbox 583 5627 636 5663; x_wconf 91' lang='grc' dir='ltr'><strong>ο.</strong></span> 
     </span>
    </p>
   </div>
   <div class='ocr_carea' id='block_1_97' title="bbox 386 5619 636 5665">
    <p class='ocr_par' dir='ltr' id='par_1_97' title="bbox 386 5619 636 5665">
     <span class='ocr_line' id='line_1_99' title="bbox 386 5619 636 5665; baseline -0.008 -1"><span class='ocrx_word' id='word_1_717' title='bbox 386 5619 636 5665; x_wconf 75' lang='lat' dir='ltr'><strong>abrupto.</strong></span> 
     </span>
    </p>
   </div>
   <div class='ocr_carea' id='block_1_98' title="bbox 434 5628 1976 5752">
    <p class='ocr_par' dir='ltr' id='par_1_98' title="bbox 434 5628 1976 5752">
     <span class='ocr_line' id='line_1_100' title="bbox 434 5628 1976 5752; baseline 0.002 -17"><span class='ocrx_word' id='word_1_718' title='bbox 434 5628 748 5752; x_wconf 34' lang='grc' dir='ltr'><strong>ὲὶῃιιριξξέοςι.</strong></span> <span class='ocrx_word' id='word_1_719' title='bbox 779 5677 1055 5752; x_wconf 64' lang='lat' dir='ltr'><strong>Discursus</strong></span> <span class='ocrx_word' id='word_1_720' title='bbox 1104 5679 1358 5752; x_wconf 62' lang='lat' dir='ltr'><strong>primum,</strong></span> <span class='ocrx_word' id='word_1_721' title='bbox 1395 5680 1610 5749; x_wconf 70' lang='lat' dir='ltr'><strong>quidsit</strong></span> <span class='ocrx_word' id='word_1_722' title='bbox 1665 5686 1976 5747; x_wconf 86' lang='lat' dir='ltr'><strong>anathema,</strong></span> 
     </span>
    </p>
   </div>
   <div class='ocr_carea' id='block_1_99' title="bbox 381 5748 1975 5821">
    <p class='ocr_par' dir='ltr' id='par_1_99' title="bbox 381 5748 1975 5821">
     <span class='ocr_line' id='line_1_101' title="bbox 381 5748 1975 5821; baseline 0.005 -20"><span class='ocrx_word' id='word_1_723' title='bbox 381 5748 833 5806; x_wconf 68' lang='lat' dir='ltr'><strong>attuueseientus</strong></span> <span class='ocrx_word' id='word_1_724' title='bbox 861 5748 988 5821; x_wconf 80' lang='lat' dir='ltr'><strong>quid</strong></span> <span class='ocrx_word' id='word_1_725' title='bbox 1010 5751 1076 5803; x_wconf 92' lang='lat' dir='ltr'><strong>sit</strong></span> <span class='ocrx_word' id='word_1_726' title='bbox 1106 5748 1281 5805; x_wconf 81' lang='lat' dir='ltr'><strong>Pauli</strong></span> <span class='ocrx_word' id='word_1_727' title='bbox 1322 5748 1630 5806; x_wconf 80' lang='lat' dir='ltr'><strong>anathema.</strong></span> <span class='ocrx_word' id='word_1_728' title='bbox 1680 5754 1975 5809; x_wconf 76' lang='lat' dir='ltr'><strong>Anathema</strong></span> 
     </span>
    </p>
   </div>
   <div class='ocr_carea' id='block_1_100' title="bbox 2086 4560 3671 4633">
    <p class='ocr_par' dir='ltr' id='par_1_100' title="bbox 2086 4560 3671 4633">
     <span class='ocr_line' id='line_1_102' title="bbox 2086 4560 3671 4633; baseline -0.003 -17"><span class='ocrx_word' id='word_1_729' title='bbox 2086 4580 2237 4617; x_wconf 87' lang='lat' dir='ltr'><strong>nemo</strong></span> <span class='ocrx_word' id='word_1_730' title='bbox 2261 4560 2502 4633; x_wconf 78' lang='lat' dir='ltr'><strong>profanis</strong></span> <span class='ocrx_word' id='word_1_731' title='bbox 2530 4563 2775 4633; x_wconf 80' lang='lat' dir='ltr'><strong>manibus</strong></span> <span class='ocrx_word' id='word_1_732' title='bbox 2820 4560 3058 4633; x_wconf 20' lang='lat' dir='ltr'><strong>audiebat</strong></span> <span class='ocrx_word' id='word_1_733' title='bbox 3109 4560 3390 4633; x_wconf 82' lang='lat' dir='ltr'><strong>attingere,</strong></span> <span class='ocrx_word' id='word_1_734' title='bbox 3435 4575 3527 4610; x_wconf 83' lang='lat' dir='ltr'><strong>nec</strong></span> <span class='ocrx_word' id='word_1_735' title='bbox 3551 4575 3671 4633; x_wconf 75' lang='lat' dir='ltr'><strong>pro-</strong></span> 
     </span>
    </p>
   </div>
   <div class='ocr_carea' id='block_1_101' title="bbox 2080 4629 3667 4704">
    <p class='ocr_par' dir='ltr' id='par_1_101' title="bbox 2080 4629 3667 4704">
     <span class='ocr_line' id='line_1_103' title="bbox 2080 4629 3667 4704; baseline -0.004 -17"><span class='ocrx_word' id='word_1_736' title='bbox 2080 4636 2201 4704; x_wconf 85' lang='lat' dir='ltr'><strong>pius</strong></span> <span class='ocrx_word' id='word_1_737' title='bbox 2241 4629 2504 4704; x_wconf 68' lang='lat' dir='ltr'><strong>accedere.</strong></span> <span class='ocrx_word' id='word_1_738' title='bbox 2528 4632 2615 4687; x_wconf 82' lang='lat' dir='ltr'><strong>Sic</strong></span> <span class='ocrx_word' id='word_1_739' title='bbox 2643 4636 2803 4704; x_wconf 82' lang='lat' dir='ltr'><strong>etiam</strong></span> <span class='ocrx_word' id='word_1_740' title='bbox 2834 4632 2898 4685; x_wconf 83' lang='lat' dir='ltr'><strong>ab</strong></span> <span class='ocrx_word' id='word_1_741' title='bbox 2920 4630 3153 4704; x_wconf 75' lang='lat' dir='ltr'><strong>Ecclesia</strong></span> <span class='ocrx_word' id='word_1_742' title='bbox 3172 4641 3503 4699; x_wconf 80' lang='lat' dir='ltr'><strong>separatum,</strong></span> <span class='ocrx_word' id='word_1_743' title='bbox 3531 4638 3580 4681; x_wconf 88' lang='lat' dir='ltr'><strong>et</strong></span> <span class='ocrx_word' id='word_1_744' title='bbox 3601 4629 3667 4682; x_wconf 82' lang='lat' dir='ltr'><strong>ab</strong></span> 
     </span>
    </p>
   </div>
   <div class='ocr_carea' id='block_1_102' title="bbox 2084 4703 3661 4772">
    <p class='ocr_par' dir='ltr' id='par_1_102' title="bbox 2084 4703 3661 4772">
     <span class='ocr_line' id='line_1_104' title="bbox 2084 4703 3661 4772; baseline -0.003 -16"><span class='ocrx_word' id='word_1_745' title='bbox 2084 4703 2323 4757; x_wconf 86' lang='lat' dir='ltr'><strong>omnibus</strong></span> <span class='ocrx_word' id='word_1_746' title='bbox 2364 4703 2670 4766; x_wconf 81' lang='lat' dir='ltr'><strong>abscissum,</strong></span> <span class='ocrx_word' id='word_1_747' title='bbox 2714 4703 3114 4772; x_wconf 84' lang='lat' dir='ltr'><strong>longissimeque</strong></span> <span class='ocrx_word' id='word_1_748' title='bbox 3160 4711 3419 4772; x_wconf 60' lang='lat' dir='ltr'><strong>religatum</strong></span> <span class='ocrx_word' id='word_1_749' title='bbox 3487 4708 3661 4772; x_wconf 78' lang='lat' dir='ltr'><strong>uocat,</strong></span> 
     </span>
    </p>
   </div>
   <div class='ocr_carea' id='block_1_103' title="bbox 2082 4768 3669 4846">
    <p class='ocr_par' dir='ltr' id='par_1_103' title="bbox 2082 4768 3669 4846">
     <span class='ocr_line' id='line_1_105' title="bbox 2082 4768 3669 4846; baseline -0.002 -20"><span class='ocrx_word' id='word_1_750' title='bbox 2082 4774 2355 4846; x_wconf 84' lang='lat' dir='ltr'><strong>contraria</strong></span> <span class='ocrx_word' id='word_1_751' title='bbox 2386 4772 2772 4846; x_wconf 76' lang='lat' dir='ltr'><strong>signiﬁcatione</strong></span> <span class='ocrx_word' id='word_1_752' title='bbox 2806 4768 3060 4828; x_wconf 59' lang='lat' dir='ltr'><strong>Eediceiis</strong></span> <span class='ocrx_word' id='word_1_753' title='bbox 3105 4770 3366 4846; x_wconf 70' lang='lat' dir='ltr'><strong>omnibus,</strong></span> <span class='ocrx_word' id='word_1_754' title='bbox 3390 4777 3468 4846; x_wconf 83' lang='lat' dir='ltr'><strong>_ut</strong></span> <span class='ocrx_word' id='word_1_755' title='bbox 3504 4768 3669 4823; x_wconf 86' lang='lat' dir='ltr'><strong>multo</strong></span> 
     </span>
    </p>
   </div>
   <div class='ocr_carea' id='block_1_104' title="bbox 2080 4839 3669 4905">
    <p class='ocr_par' dir='ltr' id='par_1_104' title="bbox 2080 4839 3669 4905">
     <span class='ocr_line' id='line_1_106' title="bbox 2080 4839 3669 4905; baseline -0.001 -10"><span class='ocrx_word' id='word_1_756' title='bbox 2080 4858 2201 4896; x_wconf 85' lang='lat' dir='ltr'><strong>eum</strong></span> <span class='ocrx_word' id='word_1_757' title='bbox 2233 4845 2419 4896; x_wconf 86' lang='lat' dir='ltr'><strong>timore</strong></span> <span class='ocrx_word' id='word_1_758' title='bbox 2438 4839 2503 4896; x_wconf 76' lang='lat' dir='ltr'><strong>ab</strong></span> <span class='ocrx_word' id='word_1_759' title='bbox 2525 4839 2597 4896; x_wconf 78' lang='lat' dir='ltr'><strong>eo</strong></span> <span class='ocrx_word' id='word_1_760' title='bbox 2623 4845 2943 4905; x_wconf 82' lang='lat' dir='ltr'><strong>abstineant,</strong></span> <span class='ocrx_word' id='word_1_761' title='bbox 2974 4850 3023 4892; x_wconf 89' lang='lat' dir='ltr'><strong>et</strong></span> <span class='ocrx_word' id='word_1_762' title='bbox 3047 4839 3304 4896; x_wconf 84' lang='lat' dir='ltr'><strong>resiliaut.</strong></span> <span class='ocrx_word' id='word_1_763' title='bbox 3332 4842 3421 4893; x_wconf 81' lang='lat' dir='ltr'><strong>Ait</strong></span> <span class='ocrx_word' id='word_1_764' title='bbox 3451 4848 3629 4891; x_wconf 87' lang='lat' dir='ltr'><strong>autem</strong></span> <span class='ocrx_word' id='word_1_765' title='bbox 3651 4858 3669 4894; x_wconf 95' lang='lat'><em>:</em></span> 
     </span>
    </p>
   </div>
   <div class='ocr_carea' id='block_1_105' title="bbox 2090 4911 3671 4978">
    <p class='ocr_par' dir='ltr' id='par_1_105' title="bbox 2090 4911 3671 4978">
     <span class='ocr_line' id='line_1_107' title="bbox 2090 4911 3671 4978; baseline 0 -15"><span class='ocrx_word' id='word_1_766' title='bbox 2090 4932 2107 4963; x_wconf 84' lang='grc' dir='ltr'><strong>ι</strong></span> <span class='ocrx_word' id='word_1_767' title='bbox 2141 4914 2379 4967; x_wconf 81' lang='lat' dir='ltr'><strong>Volebam</strong></span> <span class='ocrx_word' id='word_1_768' title='bbox 2406 4919 2693 4967; x_wconf 83' lang='lat' dir='ltr'><strong>anathema</strong></span> <span class='ocrx_word' id='word_1_769' title='bbox 2716 4929 2825 4967; x_wconf 82' lang='lat' dir='ltr'><strong>esse</strong></span> <span class='ocrx_word' id='word_1_770' title='bbox 2856 4933 2904 4977; x_wconf 80' lang='grc' dir='ltr'>ι,</span> <span class='ocrx_word' id='word_1_771' title='bbox 2935 4911 2989 4964; x_wconf 88' lang='lat' dir='ltr'><strong>id</strong></span> <span class='ocrx_word' id='word_1_772' title='bbox 3019 4922 3115 4978; x_wconf 81' lang='lat' dir='ltr'><strong>est,</strong></span> <span class='ocrx_word' id='word_1_773' title='bbox 3149 4911 3504 4969; x_wconf 71' lang='lat' dir='ltr'><strong>exsecrabilis,</strong></span> <span class='ocrx_word' id='word_1_774' title='bbox 3550 4925 3671 4963; x_wconf 80' lang='lat' dir='ltr'><strong>cum</strong></span> 
     </span>
    </p>
   </div>
   <div class='ocr_carea' id='block_1_106' title="bbox 2082 4981 3670 5054">
    <p class='ocr_par' dir='ltr' id='par_1_106' title="bbox 2082 4981 3670 5054">
     <span class='ocr_line' id='line_1_108' title="bbox 2082 4981 3670 5054; baseline 0 -19"><span class='ocrx_word' id='word_1_775' title='bbox 2082 4999 2183 5054; x_wconf 81' lang='lat' dir='ltr'><strong>quo</strong></span> <span class='ocrx_word' id='word_1_776' title='bbox 2214 4983 2336 5037; x_wconf 87' lang='lat' dir='ltr'><strong>aliis</strong></span> <span class='ocrx_word' id='word_1_777' title='bbox 2365 4982 2498 5038; x_wconf 84' lang='lat' dir='ltr'><strong>nihil</strong></span> <span class='ocrx_word' id='word_1_778' title='bbox 2530 5000 2805 5037; x_wconf 86' lang='lat' dir='ltr'><strong>commune</strong></span> <span class='ocrx_word' id='word_1_779' title='bbox 2829 4991 2927 5043; x_wconf 82' lang='lat' dir='ltr'><strong>est,</strong></span> <span class='ocrx_word' id='word_1_780' title='bbox 2960 4998 3062 5054; x_wconf 80' lang='lat' dir='ltr'><strong>non</strong></span> <span class='ocrx_word' id='word_1_781' title='bbox 3092 4981 3286 5054; x_wconf 73' lang='lat' dir='ltr'><strong>habens</strong></span> <span class='ocrx_word' id='word_1_782' title='bbox 3313 4988 3520 5054; x_wconf 78' lang='lat' dir='ltr'><strong>partem</strong></span> <span class='ocrx_word' id='word_1_783' title='bbox 3551 4996 3670 5035; x_wconf 86' lang='lat' dir='ltr'><strong>eum</strong></span> 
     </span>
    </p>
   </div>
   <div class='ocr_carea' id='block_1_107' title="bbox 2080 5049 3672 5121">
    <p class='ocr_par' dir='ltr' id='par_1_107' title="bbox 2080 5049 3672 5121">
     <span class='ocr_line' id='line_1_109' title="bbox 2080 5049 3672 5121; baseline -0.003 -14"><span class='ocrx_word' id='word_1_784' title='bbox 2080 5049 2313 5117; x_wconf 72' lang='lat' dir='ltr'><strong>Christo,</strong></span> <span class='ocrx_word' id='word_1_785' title='bbox 2348 5062 2406 5105; x_wconf 87' lang='lat' dir='ltr'><strong>ut</strong></span> <span class='ocrx_word' id='word_1_786' title='bbox 2438 5054 2745 5107; x_wconf 86' lang='lat' dir='ltr'><strong>traderetur</strong></span> <span class='ocrx_word' id='word_1_787' title='bbox 2796 5052 3031 5119; x_wconf 84' lang='lat' dir='ltr'><strong>diabolo,</strong></span> <span class='ocrx_word' id='word_1_788' title='bbox 3083 5060 3131 5107; x_wconf 90' lang='lat' dir='ltr'><strong>et</strong></span> <span class='ocrx_word' id='word_1_789' title='bbox 3177 5049 3567 5121; x_wconf 78' lang='lat' dir='ltr'><strong>ﬂagellaretur,</strong></span> <span class='ocrx_word' id='word_1_790' title='bbox 3621 5060 3672 5103; x_wconf 85' lang='lat' dir='ltr'><strong>et</strong></span> 
     </span>
    </p>
   </div>
   <div class='ocr_carea' id='block_1_108' title="bbox 2081 5120 3672 5194">
    <p class='ocr_par' dir='ltr' id='par_1_108' title="bbox 2081 5120 3672 5194">
     <span class='ocr_line' id='line_1_110' title="bbox 2081 5120 3672 5194; baseline -0.002 -18"><span class='ocrx_word' id='word_1_791' title='bbox 2081 5139 2260 5194; x_wconf 74' lang='lat' dir='ltr'><strong>poenas</strong></span> <span class='ocrx_word' id='word_1_792' title='bbox 2287 5121 2477 5178; x_wconf 82' lang='lat' dir='ltr'><strong>lsraeli</strong></span> <span class='ocrx_word' id='word_1_793' title='bbox 2515 5125 2577 5178; x_wconf 83' lang='lat' dir='ltr'><strong>ob</strong></span> <span class='ocrx_word' id='word_1_794' title='bbox 2609 5125 3029 5179; x_wconf 84' lang='lat' dir='ltr'><strong>incredulitatem</strong></span> <span class='ocrx_word' id='word_1_795' title='bbox 3056 5126 3116 5194; x_wconf 76' lang='lat' dir='ltr'><strong>in</strong></span> <span class='ocrx_word' id='word_1_796' title='bbox 3164 5120 3333 5174; x_wconf 84' lang='lat' dir='ltr'><strong>Deum</strong></span> <span class='ocrx_word' id='word_1_797' title='bbox 3355 5120 3482 5194; x_wconf 75' lang='lat' dir='ltr'><strong>jure</strong></span> <span class='ocrx_word' id='word_1_798' title='bbox 3533 5120 3672 5173; x_wconf 81' lang='lat' dir='ltr'><strong>irro-</strong></span> 
     </span>
    </p>
   </div>
   <div class='ocr_carea' id='block_1_109' title="bbox 2079 5190 3674 5265">
    <p class='ocr_par' dir='ltr' id='par_1_109' title="bbox 2079 5190 3674 5265">
     <span class='ocr_line' id='line_1_111' title="bbox 2079 5190 3674 5265; baseline -0.002 -18"><span class='ocrx_word' id='word_1_799' title='bbox 2079 5190 2310 5263; x_wconf 60' lang='lat' dir='ltr'><strong>gandas,</strong></span> <span class='ocrx_word' id='word_1_800' title='bbox 2330 5197 2441 5265; x_wconf 83' lang='lat' dir='ltr'><strong>ipse</strong></span> <span class='ocrx_word' id='word_1_801' title='bbox 2468 5197 2730 5249; x_wconf 85' lang='lat' dir='ltr'><strong>sustinere</strong></span> <span class='ocrx_word' id='word_1_802' title='bbox 2758 5195 2961 5248; x_wconf 83' lang='lat' dir='ltr'><strong>deberet</strong></span> <span class='ocrx_word' id='word_1_803' title='bbox 2985 5209 3003 5246; x_wconf 88' lang='lat'><strong><em>:</em></strong></span> <span class='ocrx_word' id='word_1_804' title='bbox 3031 5212 3048 5242; x_wconf 80' lang='grc' dir='ltr'><strong>ι</strong></span> <span class='ocrx_word' id='word_1_805' title='bbox 3083 5190 3533 5265; x_wconf 79' lang='lat' dir='ltr'><strong>Quemadmodum</strong></span> <span class='ocrx_word' id='word_1_806' title='bbox 3562 5196 3674 5244; x_wconf 84' lang='lat' dir='ltr'><strong>tra-</strong></span> 
     </span>
    </p>
   </div>
   <div class='ocr_carea' id='block_1_110' title="bbox 2081 5262 3697 5335">
    <p class='ocr_par' dir='ltr' id='par_1_110' title="bbox 2081 5262 3697 5335">
     <span class='ocr_line' id='line_1_112' title="bbox 2081 5262 3697 5335; baseline -0.002 -18"><span class='ocrx_word' id='word_1_807' title='bbox 2081 5262 2211 5335; x_wconf 72' lang='lat' dir='ltr'><strong>didit</strong></span> <span class='ocrx_word' id='word_1_808' title='bbox 2240 5262 2480 5335; x_wconf 76' lang='lat' dir='ltr'><strong>Christus</strong></span> <span class='ocrx_word' id='word_1_809' title='bbox 2513 5268 2848 5335; x_wconf 85' lang='lat' dir='ltr'><strong>semetipsum</strong></span> <span class='ocrx_word' id='word_1_810' title='bbox 2873 5281 2967 5334; x_wconf 89' lang='lat' dir='ltr'><strong>pro</strong></span> <span class='ocrx_word' id='word_1_811' title='bbox 2993 5265 3159 5335; x_wconf 83' lang='lat' dir='ltr'><strong>nobis,</strong></span> <span class='ocrx_word' id='word_1_812' title='bbox 3185 5271 3233 5315; x_wconf 88' lang='lat' dir='ltr'><strong>et</strong></span> <span class='ocrx_word' id='word_1_813' title='bbox 3258 5262 3426 5335; x_wconf 76' lang='lat' dir='ltr'><strong>{actus</strong></span> <span class='ocrx_word' id='word_1_814' title='bbox 3455 5269 3530 5335; x_wconf 73' lang='lat' dir='ltr'><strong>est</strong></span> <span class='ocrx_word' id='word_1_815' title='bbox 3556 5277 3697 5317; x_wconf 73' lang='lat' dir='ltr'><strong>ma-,</strong></span> 
     </span>
    </p>
   </div>
   <div class='ocr_carea' id='block_1_111' title="bbox 2082 5330 3672 5403">
    <p class='ocr_par' dir='ltr' id='par_1_111' title="bbox 2082 5330 3672 5403">
     <span class='ocr_line' id='line_1_113' title="bbox 2082 5330 3672 5403; baseline -0.003 -18"><span class='ocrx_word' id='word_1_816' title='bbox 2082 5330 2348 5388; x_wconf 66' lang='lat' dir='ltr'><strong>(edictum.</strong></span> <span class='ocrx_word' id='word_1_817' title='bbox 2379 5330 2708 5390; x_wconf 54' lang='lat' dir='ltr'><strong>Maledictus&#39;</strong></span> <span class='ocrx_word' id='word_1_818' title='bbox 2750 5330 2911 5399; x_wconf 81' lang='lat' dir='ltr'><strong>enim,</strong></span> <span class='ocrx_word' id='word_1_819' title='bbox 2949 5334 3141 5403; x_wconf 82' lang='lat' dir='ltr'><strong>inquit,</strong></span> <span class='ocrx_word' id='word_1_820' title='bbox 3207 5332 3376 5387; x_wconf 83' lang='lat' dir='ltr'><strong>omnis</strong></span> <span class='ocrx_word' id='word_1_821' title='bbox 3424 5330 3513 5401; x_wconf 89' lang='lat' dir='ltr'><strong>qui</strong></span> <span class='ocrx_word' id='word_1_822' title='bbox 3541 5346 3672 5401; x_wconf 84' lang='lat' dir='ltr'><strong>pen-</strong></span> 
     </span>
    </p>
   </div>
   <div class='ocr_carea' id='block_1_112' title="bbox 2081 5402 3672 5477">
    <p class='ocr_par' dir='ltr' id='par_1_112' title="bbox 2081 5402 3672 5477">
     <span class='ocr_line' id='line_1_114' title="bbox 2081 5402 3672 5477; baseline -0.003 -20"><span class='ocrx_word' id='word_1_823' title='bbox 2081 5408 2166 5457; x_wconf 80' lang='lat' dir='ltr'><strong>det</strong></span> <span class='ocrx_word' id='word_1_824' title='bbox 2198 5406 2252 5459; x_wconf 89' lang='lat' dir='ltr'><strong>in</strong></span> <span class='ocrx_word' id='word_1_825' title='bbox 2285 5405 2427 5477; x_wconf 83' lang='lat' dir='ltr'><strong>ligno</strong></span> <span class='ocrx_word' id='word_1_826' title='bbox 2459 5406 2640 5473; x_wconf 85' lang='lat' dir='ltr'><strong>(Galat</strong></span> <span class='ocrx_word' id='word_1_827' title='bbox 2686 5423 2744 5468; x_wconf 88' lang='grc' dir='ltr'>ιι,</span> <span class='ocrx_word' id='word_1_828' title='bbox 2776 5406 2852 5475; x_wconf 80' lang='grc'><strong>5).</strong></span> <span class='ocrx_word' id='word_1_829' title='bbox 2892 5425 2910 5459; x_wconf 77' lang='grc' dir='ltr'><strong>ι</strong></span> <span class='ocrx_word' id='word_1_830' title='bbox 2942 5402 3045 5477; x_wconf 76' lang='lat' dir='ltr'><strong>Illo</strong></span> <span class='ocrx_word' id='word_1_831' title='bbox 3065 5413 3254 5477; x_wconf 78' lang='lat' dir='ltr'><strong>autem</strong></span> <span class='ocrx_word' id='word_1_832' title='bbox 3284 5416 3387 5470; x_wconf 91' lang='lat' dir='ltr'><strong>pro</strong></span> <span class='ocrx_word' id='word_1_833' title='bbox 3408 5403 3672 5477; x_wconf 59' lang='lat' dir='ltr'><strong>fratribus</strong></span> 
     </span>
    </p>
   </div>
   <div class='ocr_carea' id='block_1_113' title="bbox 2082 5468 3670 5546">
    <p class='ocr_par' dir='ltr' id='par_1_113' title="bbox 2082 5468 3670 5546">
     <span class='ocr_line' id='line_1_115' title="bbox 2082 5468 3670 5546; baseline 0 -21"><span class='ocrx_word' id='word_1_834' title='bbox 2082 5477 2242 5546; x_wconf 81' lang='lat' dir='ltr'><strong>nieis,</strong></span> <span class='ocrx_word' id='word_1_835' title='bbox 2268 5468 2483 5546; x_wconf 60' lang='lat' dir='ltr'><strong>prppter</strong></span> <span class='ocrx_word' id='word_1_836' title='bbox 2512 5468 2833 5531; x_wconf 78' lang='lat' dir='ltr'><strong>charitatem</strong></span> <span class='ocrx_word' id='word_1_837' title='bbox 2866 5478 2920 5529; x_wconf 86' lang='lat' dir='ltr'><strong>in</strong></span> <span class='ocrx_word' id='word_1_838' title='bbox 2948 5474 3214 5546; x_wconf 80' lang='lat' dir='ltr'><strong>Christum</strong></span> <span class='ocrx_word' id='word_1_839' title='bbox 3239 5468 3490 5542; x_wconf 81' lang='lat' dir='ltr'><strong>cognatos</strong></span> <span class='ocrx_word' id='word_1_840' title='bbox 3510 5488 3563 5525; x_wconf 69' lang='lat' dir='ltr'><strong>se</strong></span> <span class='ocrx_word' id='word_1_841' title='bbox 3589 5468 3670 5546; x_wconf 74' lang='lat' dir='ltr'><strong>t_{_i-</strong></span> 
     </span>
    </p>
   </div>
   <div class='ocr_carea' id='block_1_114' title="bbox 2082 5538 3665 5617">
    <p class='ocr_par' dir='ltr' id='par_1_114' title="bbox 2082 5538 3665 5617">
     <span class='ocr_line' id='line_1_116' title="bbox 2082 5538 3665 5617; baseline -0.003 -21"><span class='ocrx_word' id='word_1_842' title='bbox 2082 5538 2576 5617; x_wconf 52' lang='lat' dir='ltr'><strong>ligere&#39;Ap&#39;ostolus</strong></span> <span class='ocrx_word' id='word_1_843' title='bbox 2631 5547 2919 5616; x_wconf 75' lang='lat' dir='ltr'><strong>signiﬁcat.</strong></span> <span class='ocrx_word' id='word_1_844' title='bbox 2988 5544 3256 5609; x_wconf 81' lang='lat' dir='ltr'><strong>Quoniam</strong></span> <span class='ocrx_word' id='word_1_845' title='bbox 3303 5538 3465 5617; x_wconf 65' lang='lat' dir='ltr'><strong>quem</strong></span> <span class='ocrx_word' id='word_1_846' title='bbox 3513 5538 3665 5594; x_wconf 85' lang='lat' dir='ltr'><strong>nulla</strong></span> 
     </span>
    </p>
   </div>
   <div class='ocr_carea' id='block_1_115' title="bbox 2080 5613 3664 5687">
    <p class='ocr_par' dir='ltr' id='par_1_115' title="bbox 2080 5613 3664 5687">
     <span class='ocr_line' id='line_1_117' title="bbox 2080 5613 3664 5687; baseline -0.002 -21"><span class='ocrx_word' id='word_1_847' title='bbox 2080 5613 2390 5671; x_wconf 37' lang='lat' dir='ltr'><strong>creatura-ti</strong></span> <span class='ocrx_word' id='word_1_848' title='bbox 2445 5613 2704 5672; x_wconf 66' lang='lat' dir='ltr'><strong>charitate</strong></span> <span class='ocrx_word' id='word_1_849' title='bbox 2768 5613 2963 5670; x_wconf 74' lang='lat' dir='ltr'><strong>Lhristi</strong></span> <span class='ocrx_word' id='word_1_850' title='bbox 3017 5630 3271 5687; x_wconf 77' lang='lat' dir='ltr'><strong>separare</strong></span> <span class='ocrx_word' id='word_1_851' title='bbox 3314 5613 3664 5682; x_wconf 86' lang='lat' dir='ltr'><strong>potuit,quo-</strong></span> 
     </span>
    </p>
   </div>
   <div class='ocr_carea' id='block_1_116' title="bbox 2081 5684 3662 5756">
    <p class='ocr_par' dir='ltr' id='par_1_116' title="bbox 2081 5684 3662 5756">
     <span class='ocr_line' id='line_1_118' title="bbox 2081 5684 3662 5756; baseline -0.004 -19"><span class='ocrx_word' id='word_1_852' title='bbox 2081 5688 2233 5739; x_wconf 88' lang='lat' dir='ltr'><strong>modo</strong></span> <span class='ocrx_word' id='word_1_853' title='bbox 2261 5702 2378 5742; x_wconf 76' lang='lat' dir='ltr'><strong>eum</strong></span> <span class='ocrx_word' id='word_1_854' title='bbox 2435 5691 2669 5747; x_wconf 78' lang='lat' dir='ltr'><strong>charitas</strong></span> <span class='ocrx_word' id='word_1_855' title='bbox 2728 5684 3087 5756; x_wconf 73' lang='lat' dir='ltr'><strong>(agitatorum</strong></span> <span class='ocrx_word' id='word_1_856' title='bbox 3131 5695 3179 5738; x_wconf 78' lang='lat' dir='ltr'><strong>et</strong></span> <span class='ocrx_word' id='word_1_857' title='bbox 3233 5684 3464 5754; x_wconf 64' lang='lat' dir='ltr'><strong>fratrum</strong></span> <span class='ocrx_word' id='word_1_858' title='bbox 3506 5695 3662 5748; x_wconf 75' lang='lat' dir='ltr'><strong>sepa-</strong></span> 
     </span>
    </p>
   </div>
   <div class='ocr_carea' id='block_1_117' title="bbox 2054 5760 2365 5809">
    <p class='ocr_par' dir='ltr' id='par_1_117' title="bbox 2054 5760 2365 5809">
     <span class='ocr_line' id='line_1_119' title="bbox 2054 5760 2365 5809; baseline 0.006 -2"><span class='ocrx_word' id='word_1_859' title='bbox 2054 5772 2059 5775; x_wconf 80' lang='lat'>&#39;</span> <span class='ocrx_word' id='word_1_860' title='bbox 2082 5766 2247 5809; x_wconf 82' lang='lat' dir='ltr'><strong>rasset</strong></span> <span class='ocrx_word' id='word_1_861' title='bbox 2267 5760 2291 5809; x_wconf 67' lang='grc' dir='ltr'><em>γ</em></span> <span class='ocrx_word' id='word_1_862' title='bbox 2358 5778 2365 5787; x_wconf 62' lang='grc' dir='ltr'><strong>ε</strong></span> 
     </span>
    </p>
   </div>
  </div>
