4036 6414
450 393 560 459 ’ΠἿ

1893 391 2118 452 DIUPT
2127 393 2218 450 BA
2229 431 2242 450 .

3573 395 3680 462 7‘13

447 511 619 570 debat
695 509 960 565 adversus
1022 509 1229 574 omnia,
1285 519 1498 564 terrena
1543 517 1600 563 et
1648 508 1911 570 caelestia,
1966 519 2026 563 ut
2059 517 2096 568 Α
2130 509 2253 562 silio
2310 507 2609 578 unicuique
2652 510 2984 565 tentationes
3016 511 3299 566 eveniunt.
3346 511 3502 567 llaud
3536 528 3699 585 supra

435 603 724 664 Christum
761 600 1148 656 luerifaeeret?
1196 599 1369 666 Quem
1410 599 1580 654 Paulo
1603 599 1839 654 similem
1884 599 2026 655 vidi“-

452 695 736 750 mustant
795 694 918 763 quis
964 701 1207 762 unquam
1252 691 1634 763 hujuscemodi
1699 691 2025 748 eliaritatem

431 785 716 856 spirabit?
761 784 868 850 En,
928 784 1160 849 absolvi,
1211 799 1334 854 quae
1389 783 1458 838 de
1509 779 1777 838 cbaritate
1841 782 2025 837 dicere

443 879 634 942 habui,
683 886 800 932 tum
846 891 916 931 ex
947 878 1206 944 aliorum,
1261 888 1374 934 tum
1443 889 1510 932 ex
1563 875 1716 931 Pauli
1781 873 2021 945 scriptis,

443 979 648 1041 quanta
695 971 962 1025 nimirum
1019 971 1073 1024 in
1123 983 1192 1026 eo
1237 969 1482 1026 Charitas-
1533 969 1731 1034 fuerit,
1763 975 1821 1023 et
1863 979 2025 1037 quam

449 1065 682 1120 miriﬁce
708 1065 882 1119 Deum
907 1063 1181 1118 dilexerit.

509 1159 703 1210 Auum.
722 1149 974 1224 intelligo
993 1154 1137 1210 dicta
1165 1163 1222 1208 et
1268 1154 1457 1207 miror.
1489 1153 1716 1208 Paulum
1749 1165 1879 1205 vero
1899 1165 2025 1220 pro-

429 1254 561 1313 pter
593 1244 854 1297 virtutem
881 1243 1284 1298 incredibiliter
1312 1242 1578 1311 suspicio.

507 1334 672 1389 Cano.
701 1333 870 1404 Atqui
901 1335 1103 1388 Paulus
1137 1342 1330 1388 natura
1364 1333 1531 1387 homo
1574 1330 1695 1396 fuit,
1745 1333 2026 1387 omnium-

440 1439 548 1496 que
571 1426 807 1480 aliorum
854 1424 1073 1490 similis,
1127 1431 1444 1494 quanquam
1486 1422 1624 1478 civis
1669 1421 1933 1477 emlestis.
1966 1418 2023 1476 Si

441 1519 626 1586 itaque
649 1515 883 1569 salutem
907 1524 1170 1570 aeternam
1209 1515 1430 1584 assequi
1479 1513 1852 1583 cuneupiscis,
1884 1513 2026 1566 Pau-

442 1606 553 1659 lum
589 1605 688 1660 tibi
713 1604 1041 1658 imitandum
1072 1619 1338 1674 propone.
1371 1603 1525 1670 Quod
1555 1605 1598 1658 si
1628 1619 1752 1674 qua:
1776 1604 2024 1674 singulat-

441 1698 518 1749 ris
553 1695 787 1749 tentatio
823 1702 876 1749 te
911 1695 1194 1759 invaserit,
1225 1703 1322 1748 aut
1346 1695 1626 1764 insperata
1655 1693 1944 1750 calamitas
1971 1703 2024 1748 te

425 1786 806 1856 oppresserit,
827 1790 898 1841 ab
922 1786 1242 1841 [nominibus
1265 1785 1651 1856 pestilentibus
1669 1787 1905 1851 occulte,
1930 1795 2027 1842 aut

446 1878 626 1946 palam
659 1877 899 1941 invecta,
931 1885 1000 1931 ne
1024 1878 1274 1940 concide,
1307 1878 1389 1931 t‘er
1412 1892 1571 1946 aequo
1606 1878 1812 1944 animo,
1841 1886 1898 1932 et
1927 1893 2023 1947 pa-
2059 1859 2097 1913 Β

445 1979 560 2024 tere
581 1971 730 2040 quod
771 1970 994 2036 accidit,
1027 1986 1095 2024 ne
1123 1971 1353 2026 ﬂuctus.
1382 1971 1530 2026 Pone
1549 1979 1678 2025 ante
1708 1973 1900 2026 oculos
1920 1968 2020 2027 Pa-

440 2070 554 2115 tres
583 2062 859 2131 antiquos,
881 2076 1022 2131 pone
1046 2070 1334 2132 martyres,
1363 2076 1506 2130 pone
1533 2061 1848 2131 prophetas,
1881 2075 2025 2132 pone

443 2150 672 2205 chorum
689 2153 1084 2221 apostOlorum,
1116 2167 1256 2221 pone
1284 2152 1560 2223 majorum
1585 2151 2021 2207 multitudinem.

446 2240 621 2306 Quam
673 2243 874 2297 multas
932 2242 1318 2298 tribulationes
1362 2251 1420 2298 et
1475 2259 1752 2301 aerumnas
1792 2244 2025 2315 quisque

440 2331 770 2385 exantlavitl
803 2331 978 2398 Quam
1038 2332 1221 2389 varios
1271 2335 1586 2402 cruciatus,
1637 2337 2021 2397 contumelias,

444 2418 787 2482 vexationes,
833 2419 1203 2485 incommoda,
1238 2423 1508 2479 malorum
1569 2431 1924 2494 tempestates
1971 2434 2028 2478 et

448 2519 654 2564 mortes
685 2515 897 2580 experti
950 2515 1116 2569 sunt!
1166 2515 1374 2570 Horum
1409 2517 1750 2587 propositum
1780 2526 1836 2571 et
1863 2517 2026 2572 fidem

445 2600 694 2654 studiose
727 2601 966 2668 imitare,
999 2612 1056 2658 et
1090 2619 1232 2659 onus
1259 2605 1528 2660 malorum
1562 2615 1781 2660 tuorum
1813 2607 2026 2660 sustine

446 2701 508 2743 nt
542 2701 716 2759 potes,
745 2701 808 2747 et
835 2695 1140 2750 salvabere.

515 2779 692 2836 Omne
716 2785 882 2852 quod
903 2785 1000 2840 tibi
1030 2787 1354 2856 applicitum
1391 2787 1578 2853 fuerit,
1603 2788 1814 2857 accipe,
1875 2796 1930 2842 et
1971 2789 2027 2842 in

451 2867 664 2933 dolore,
686 2880 743 2925 et
767 2871 824 2926 in
881 2875 1186 2928 mutatione
1213 2874 1543 2930 humilitatis
1576 2885 1682 2929 tua:
1705 2876 2026 2944 patientiam

457 2958 596 3012 habe
627 2974 642 3014 ε
673 2962 932 3029 quoniam
965 2962 1020 3018 in
1054 2964 1178 3034 igne
1212 2966 1481 3034 probatur
1515 2973 1711 3019 aurum
1741 2965 1808 3029 ⁸⁸⁵,
1851 2966 2030 3019 humi:-

453 3062 550 3102 nes
579 3061 707 3104 vero
729 3052 1083 3121 receptibiles
1104 3054 1160 3108 in
1189 3055 1411 3110 camino
1425 3055 1795 3110 liumilitatis:
1830 3074 1849 3106 ‹
1876 3054 2029 3110 Tolle

455 3142 812 3209 tentationes,
859 3148 1026 3201 nemo
1075 3145 1184 3200 erit
1213 3155 1438 3201 sanctus
1474 3163 1488 3199 :
1521 3145 1680 3202 aufer
1727 3147 2026 3212 molestias,

454 3230 797 3298 aﬂli'ctiones,
826 3234 1095 3300 miserias,
1127 3250 1292 3290 nemo
1321 3237 1644 3293 salvabitnr.
1675 3255 1693 3288 ι

1090 3347 1318 3403 CAPUT
1343 3347 1406 3404 ν.

455 3455 556 3519 Qui
585 3459 842 3532 irruentes
899 3461 1210 3515 tentationes
1244 3462 1644 3532 aﬂiictionesque
1674 3472 1831 3532 grata
1865 3473 2032 3516 mente

524 3480 553 3509 ιι
585 3480 842 3513 irruentes
899 3480 1210 3515 rentauones
1244 3480 1545 3532 anucuones
1585 3480 1644 3515 ue
1674 3480 1831 3532 grata
1865 3480 2032 3516 meme

524 3529 1136 3601 pertulerit,__prwmium
1169 3533 1505 3600 adepturum.
1542 3480 1644 3596 δαὶ
1685 3534 1879 3586 invitus
1912 3547 2032 3601 per-

524 3597 724 3671 tulerit,
745 3597 952 3652 nullum
971 3597 1304 3670 adepturum.
1324 3601 1520 3671 Scapus
1541 3603 1888 3656 mutationum
1903 3597 2035 3670 quu-

522 3667 768 3736 druplex.

525 3781 718 3835 ANIIA.
770 3777 1110 3848 Frequenter
1162 3793 1248 3834 me
1297 3781 1627 3836 tentatiOnes
1660 3781 1908 3851 quadam
1951 3781 2034 3835 in—

456 3880 735 3934 vaserunt,
772 3886 909 3941 quas
923 3885 1026 3940 ego
1053 3869 1123 3924 ob
1143 3872 1310 3925 animi
1335 3871 1766 3926 imbecillitatem
1796 3872 2032 3926 tolerare

457 3979 703 4033 nequm.

525 4053 690 4108 Cano.
725 4055 843 4111 Non
875 4057 949 4111 ita
995 4066 1114 4124 est;
1142 4057 1532 4118 velamentum,
1565 4061 1619 4107 et
1650 4053 1830 4108 inanis
1861 4067 2032 4107 excu-

456 4144 597 4198 satio
628 4154 716 4200 est
743 4147 886 4216 quod
919 4147 1080 4202 dicis.
1115 4146 1174 4203 Si
1210 4159 1401 4200 verum
1434 4143 1632 4199 audire
1662 4143 1768 4207 vis,
1800 4142 2030 4196 Paulum

461 4235 590 4290 audi
623 4255 638 4290 :
681 4255 700 4288 ι
737 4238 1071 4295 Benedictus
1098 4240 1261 4303 Deus,
1295 4237 1497 4307 inquit,
1526 4235 1620 4304 qui
1650 4247 1760 4290 non
1789 4232 2032 4303 patietur

457 4338 557 4380 vos
587 4329 786 4383 tentari
817 4340 984 4400 super
1019 4330 1072 4384 id
1092 4329 1237 4400 quod
1257 4327 1486 4399 potestis
1509 4329 1608 4381 ".o
1641 4324 1775 4380 Nam
1799 4324 1890 4394 qui
1912 4334 2032 4378 ten-

461 4415 760 4472 tationibus
789 4419 1157 4484 lacessuntur,
1192 4418 1300 4472 illis
1329 4417 1471 4472 Deus
1507 4414 1674 4470 robur
1697 4413 1870 4468 addit.
1904 4411 2028 4466 Tri—

2128 601 2296 664 vires,
2333 601 2594 670 sedquas
2642 599 2801 656 facile
2853 602 3148 656 sustineas.
3201 601 3469 667 Quoniam
3521 614 3705 660 autem

2126 690 2246 746 alia!
2272 691 2574 746 secundum
2613 692 2976 746 meonOmiam
3017 693 3127 747 Deo
3165 693 3538 762 permittente,
3585 695 3706 751 alia:

2125 782 2322 838 eodem
2357 783 2576 838 volente
2627 792 2686 838 et
2740 783 2959 838 favente
3000 785 3278 849 accidunt,
3307 800 3419 838 non
3464 786 3706 858 intelligo

2126 887 2228 928 cur
2262 877 2407 928 istuc
2453 874 2625 940 dicas,
2661 874 2809 943 quod
2835 874 2994 929 dicis.
3050 876 3172 929 Non
3235 885 3411 944 potes,
3451 894 3584 943 non,
3625 880 3708 933 ina

2127 972 2316 1037 quam,
2340 973 2496 1036 potes
2527 968 2732 1036 absque
2767 968 3218 1025 tribulationibus
3256 971 3430 1026 salute
3469 972 3633 1042 potiri
3663 976 3701 1025 '.

2195 1101 2364 1156 Nemo
2391 1110 2655 1170 prasterea
2681 1102 2845 1158 vitam
2875 1104 3024 1158 omni
3053 1104 3276 1160 tristitia
3300 1116 3584 1162 vacantem
3604 1109 3691 1162 de.

2127 1194 2228 1264 git,
2260 1194 2726 1264 quemadmodum
2760 1210 2922 1250 nemo
2957 1211 3055 1265 per
3114 1211 3264 1250 mare
3295 1196 3442 1252 circa
3477 1196 3705 1253 ﬂuctum

2127 1287 2370 1356 navigat.
2408 1287 2516 1342 Sed
2547 1296 2608 1342 ut
2635 1303 2833 1342 aurum
2873 1287 2929 1342 in
2955 1288 3079 1358 igne
3120 1288 3408 1357 probatur,
3456 1290 3705 1360 splendi-

2127 1376 2361 1447 diusque
2391 1385 2446 1432 et
2475 1378 2706 1432 solidius
2735 1378 2970 1433 eﬂicitur
3001 1395 3017 1444 ;
3051 1380 3126 1434 ita
3173 1387 3224 1433 te
3276 1394 3498 1449 quoque
3531 1389 3709 1436 tenta-

2130 1467 2339 1522 tionum
2372 1467 2603 1522 ﬂammae
2632 1477 2888 1539 purgant,
2935 1478 2990 1523 et
3043 1468 3308 1525 sordibus
3364 1470 3708 1540 maculisque

2127 1558 2494 1614 tenebricosis
2521 1558 2784 1614 liberant.
2819 1559 2976 1614 Nulla
3005 1562 3156 1615 enim
3205 1561 3541 1630 relinquitur
3571 1578 3705 1632 pur-

2127 1652 2298 1719 gatio,
2328 1663 2440 1703 non
2474 1648 2676 1704 dantur
2705 1649 2926 1718 praemia
2962 1651 3176 1716 salutis,
3201 1652 3308 1706 nisi
3336 1661 3490 1722 grata
3516 1653 3711 1707 volun-

2128 1748 2239 1795 tate
2267 1741 2599 1796 tentationes
2623 1739 2881 1796 admittas
2923 1757 2937 1794 :
2966 1740 3055 1795 cui
3099 1741 3176 1796 rei
3205 1743 3495 1796 maximam
3547 1744 3707 1798 (idem

2127 1838 2417 1899 martyres,
2442 1828 2510 1884 de
2531 1827 2732 1899 quibus
2763 1828 3024 1894 diximus,
3060 1830 3379 1885 conciliant.
3421 1831 3708 1886 Neminem

2129 1921 2328 1974 Paulus
2354 1920 2562 1991 absque
2605 1924 2908 1976 tentatione
2954 1930 3012 1976 et
3066 1921 3257 1977 dolore
3293 1922 3551 1990 intrasse,
3606 1933 3704 1978 aut

2130 2011 2462 2066 intraturum
2486 2013 2539 2066 in
2567 2028 2796 2084 regnum
2822 2013 3085 2069 calorum
3107 2012 3341 2069 aﬂirmat
3363 2033 3376 2068 :
3399 2035 3417 2067 ι
3444 2015 3548 2070 Per
3573 2015 3707 2069 mul-

2129 2111 2212 2156 tas
2242 2101 2652 2166 tribulationes,
2679 2103 2880 2174 inquit,
2911 2111 3129 2174 oportet
3168 2119 3272 2160 nos
3299 2105 3504 2161 intrare
3532 2105 3588 2160 in
3611 2120 3702 2160 re-

2127 2209 2296 2264 gnum
2337 2193 2434 2248 Dei
2466 2193 2532 2246 ".
2579 2212 2598 2246 ι
2632 2193 2838 2248 Fidelis
2862 2203 2968 2259 est,
2991 2194 3085 2264 qui
3111 2195 3216 2250 hoc
3243 2195 3396 2260 dicit,
3435 2204 3495 2250 et
3525 2195 3702 2250 ﬁdelis

2131 2281 2296 2344 Deus,
2349 2292 2410 2338 ut
2443 2277 2488 2313 "'
2525 2281 2670 2337 idem
2722 2282 2937 2339 scribit.
2988 2282 3365 2350 Tentationes,
3411 2291 3472 2338 ut
3511 2283 3696 2347 docui,

2129 2374 2198 2426 ad
2223 2374 2514 2428 utilitatem
2547 2373 2828 2428 accidunt.
2855 2374 3126 2431 Accidunt
3147 2382 3330 2429 autem
3362 2373 3539 2429 modis
3564 2389 3698 2444 qua-

2135 2471 2280 2530 tuor,
2305 2479 2401 2519 seu
2444 2463 2551 2518 [ine
2586 2463 2955 2533 quadruplici,
2987 2464 3134 2532 quod
3177 2463 3554 2520 ostendemus.
3596 2463 3706 2518 Aut

2134 2565 2193 2608 ut
2218 2555 2492 2624 praeterita
2530 2562 2752 2624 peccata
2782 2555 3035 2620 doleant;
3067 2563 3161 2609 aut
3193 2563 3252 2609 ut
3279 2555 3365 2608 illa
3392 2569 3516 2623 quae
3554 2570 3702 2608 nunc

2131 2649 2187 2702 in
2212 2648 2374 2702 nobis
2402 2653 2726 2715 operantur,
2754 2645 3073 2714 impediant,
3106 2645 3167 2699 in
3197 2644 3284 2699 his
3331 2645 3426 2714 qui
3466 2644 3713 2700 moribus

2131 2745 2260 2794 sunt
2289 2737 2576 2806 improbis,
2599 2744 2655 2790 et
2677 2737 2731 2789 in
2765 2737 2907 2790 viam
2955 2735 3137 2790 redire
3164 2735 3392 2801 nolunt;
3418 2743 3515 2789 aut
3535 2744 3596 2790 ut
3642 2750 3713 2790 ne

2131 2828 2291 2882 cadat
2319 2827 2414 2896 qui
2441 2827 2675 2882 feliciter
2707 2825 2901 2889 currit,
2927 2833 2984 2879 et
3015 2825 3316 2880 tentatione
3341 2825 3572 2896 spiritus
3599 2825 3711 2880 ela-

2124 2907 2216 2974 tos
2241 2927 2553 2982 coercente,
2584 2917 2789 2971 malum
2816 2931 3074 2986 magnum
3105 2915 3365 2986 effugiat;
3393 2925 3489 2970 aut
3520 2924 3582 2970 ut
3609 2931 3705 2970 ex-

2131 3009 2376 3079 ploretur
2399 3022 2462 3062 ac
2483 3006 2748 3076 probetur
2768 3005 3036 3075 quispiam
3059 3021 3072 3057 :
3101 3018 3210 3072 quo
3233 3014 3391 3073 pacto
3407 3004 3541 3074 justi
3564 3020 3710 3061 com-

2134 3101 2318 3169 plures
2377 3098 2592 3168 probati
2638 3096 2882 3150 fuerunt.
2934 3095 3244 3150 Recordare
3292 3093 3594 3150 Abrahami
3652 3106 3710 3152 et

2053 3176 2100 3241 C
2131 3190 2258 3256 Job,
2303 3189 2549 3242 virorum
2583 3186 2937 3241 eximiorum.
2984 3183 3106 3238 Noli
3137 3183 3330 3238 timere
3387 3185 3710 3242 tentationis

2136 3275 2577 3343 incommodum;
2600 3276 2712 3332 noli
2743 3285 2986 3330 metuere
3015 3274 3388 3330 molestiarum
3410 3291 3584 3343 onus;
3610 3277 3709 3331 sed

2133 3368 2176 3422 si
2208 3376 2259 3422 te
2279 3368 2483 3422 adorta:
2500 3367 2728 3431 fuerint,
2749 3365 2976 3421 admitte
3000 3382 3013 3418 :
3034 3366 3080 3419 si
3101 3365 3420 3433 invaserint,
3445 3365 3709 3422 consiste.

2117 3459 2275 3517 Cave
2306 3460 2607 3530 quidquam
2637 3457 3048 3529 pusillanimum
3080 3457 3410 3523 committas,
3439 3455 3706 3529 Gregorio

2133 3549 2410 3622 'l‘heologo
2427 3550 2634 3604 utiliter
2651 3547 2986 3619 praecipienti
3007 3548 3359 3616 obtempera:
3381 3567 3399 3599 ‹
3424 3547 3716 3602 incursan-

2134 3652 2216 3697 tes
2251 3641 2604 3706 tentatione‘s,
2640 3640 2838 3710 inquit,
2871 3653 3140 3708 generose
3173 3637 3393 3708 suscipe
3426 3657 3438 3692 :
3475 3639 3711 3708 castiga-

2135 3734 2336 3786 tionem
2371 3729 2591 3801 ﬂagelli,
2626 3728 2964 3784 sanationem
2997 3737 3190 3797 reputa
3331 3747 3348 3777 ι

2204 3864 2546 3920 Alﬂictiones
2578 3873 2832 3932 tanquam
2855 3862 3056 3916 ﬂuctus
3079 3860 3272 3915 tolera.
3300 3858 3447 3914 Veiis
3468 3858 3713 3914 incidere

2134 3958 2190 4011 in
2212 3973 2406 4011 manus
2425 3956 2636 4010 Domini
2661 3955 2864 4024 putius,
2889 3967 3052 4022 quam
3077 3954 3132 4007 in
3157 3967 3355 4006 manus
3383 3951 3670 4005 hominum
3693 3969 3708 4007 :

2132 4049 2360 4119 castigat
2389 4051 2536 4102 enim
2579 4049 2629 4100 in
2677 4044 3075 4109 misericordia,
3100 4059 3208 4098 non
3241 4045 3295 4098 iu
3329 4045 3431 4109 ira,
3471 4051 3527 4097 et
3576 4057 3712 4097 con.-

2135 4141 2460 4194 solationem
2492 4138 2870 4208 consequeris,
2901 4138 3045 4192 sicut
3076 4150 3309 4206 magnus
3340 4131 3431 4189 uie
3459 4132 3564 4188 Job
3584 4147 3713 4186 con-

2135 4243 2359 4286 secutus
2393 4241 2495 4286 est.
2541 4230 2648 4295 Qui
2690 4230 2879 4284 omnia
2936 4231 3073 4284 citra
3107 4227 3512 4297 exceptionem,
3564 4224 3716 4279 velut

2137 4323 2400 4376 beneﬁcia
2437 4336 2732 4392 perpessus
2753 4330 2856 4384 est,
2885 4332 3229 4390 quaecunque
3252 4317 3330 4371 illi
3357 4317 3571 4372 daemon
3591 4322 3712 4370 ten»-

2135 4423 2280 4468 tator
2315 4413 2530 4468 inﬂixit.
2564 4411 2670 4467 Sed
2699 4427 2812 4466 rem
2836 4427 3032 4466 novam
3065 4424 3312 4480 prorsus,
3338 4417 3395 4464 et
3421 4408 3713 4463 maximam

462 4503 769 4560 bulatioues
793 4523 894 4576 pro
921 4517 1035 4562 rata
1063 4517 1216 4577 parte
1247 4507 1446 4562 virium
1471 4504 1790 4562 hominibus
1812 4503 2026 4560 cmitin-
2061 4513 2102 4567 n
2132 4504 2440 4560 considera.
2463 4503 2744 4557 Ambobus
2776 4503 3021 4572 pecunia:
3049 4503 3445 4571 possessiones,
3473 4508 3527 4555 et
3549 4509 3716 4554 omne

464 4604 618 4663 gum,
682 4597 922 4652 robustis
964 4597 1263 4666 graviores,
1314 4595 1550 4651 inﬁrmis
1607 4596 1864 4650 leviores.
1928 4593 2032 4646 Pro

429 4742 434 4748 ,
463 4686 727 4757 cujusque
751 4696 914 4756 captu
945 4695 999 4741 et
1019 4685 1252 4749 viribus,
1281 4686 1525 4755 inquam,
1550 4700 1754 4740 arcano
1784 4684 1880 4739 Dei
1905 4701 2037 4740 con-

555 4829 602 4857 “
631 4827 801 4882 Eccli.
836 4844 893 4893 ιι,
923 4829 974 4882 5.
1057 4827 1101 4858 ⁸⁵
1136 4825 1156 4879 l
1185 4826 1315 4881 Cor.
1340 4827 1508 4889 x,15.

1593 4828 1637 4857 ³⁸
1668 4828 1790 4882 Act.
1825 4845 1934 4893 xw,
1962 4829 2049 4883 Ql.

2134 4613 2308 4667 genus
2338 4595 2634 4658 facultatis,
2665 4603 2720 4649 et
2749 4595 2931 4660 liberi,
2965 4595 3169 4666 fruges,
3220 4607 3442 4664 pecora,
3478 4589 3708 4645 materia

2133 4699 2188 4741 et
2214 4693 2596 4756 argumentum
2642 4684 3158 4752 animadversionis,
3196 4697 3253 4740 et
3285 4697 3542 4739 aerumnae
3590 4678 3711 4731 fue-

2130 4831 2172 4862 "
2222 4830 2239 4882 l
2297 4830 2427 4884 Cor.
2456 4843 2510 4891 Χ,
2545 4827 2631 4879 15.

1950 4977 2223 5038 Scholia.

538 5108 553 5125 '
596 5102 856 5158 lsidorus.
900 5101 1015 5158 Non
1050 5113 1126 5159 est
1170 5105 1404 5157 invenire
1454 5098 1740 5168 artiﬁcium
1796 5100 2030 5170 aliquod.

465 5189 566 5242 quo
588 5174 845 5244 quispiam
868 5188 1013 5237 usus,
1065 5176 1128 5244 alt
1174 5173 1446 5244 aﬁlictioue
1467 5173 1717 5244 immunis
1751 5171 1838 5230 sit,
1884 5178 1930 5221 et
1957 5171 2034 5244 “in

466 5241 780 5296 tentotiones
810 5257 1080 5312 nunquam
1112 5241 1310 5312 lapsus,
1343 5241 1495 5310 hujus
1534 5241 1653 5312 vitae
1681 5241 1869 5310 ﬂuctus
1915 5241 2060 5309 effu»

466 5314 614 5382 giat:
643 5332 660 5363 ι
680 5312 819 5367 Nam
848 5315 894 5366 si
926 5309 1144 5366 tentatio
1168 5309 1241 5365 est
1269 5309 1628 5382 vitagliominis
1654 5309 1809 5382 super
1841 5317 2039 5382 terram

468 5379 588 5446 (Job
621 5397 718 5446 γη,
762 5384 833 5452 l),
867 5401 884 5433 ›
924 5384 1013 5451 qui
1046 5384 1276 5447 tandem,
1307 5380 1396 5450 qui
1442 5379 1497 5432 in
1531 5380 1818 5432 tenta‘tione
1841 5379 2039 5437 vivunt,

431 5456 436 5459 ’
467 5467 573 5504 non
606 5462 844 5505 tenentur
873 5452 897 5504 ?

533 5515 813 5592 Chrysost.
847 5522 1091 5576 Irwenire
1113 5520 1203 5592 qui
1227 5528 1398 5573 tecum
1439 5518 1706 5592 tuamala
1727 5525 1820 5592 aut
1842 5533 1897 5571 re
1916 5521 2031 5584 ipsa

469 5589 867 5658 communicent,
913 5600 1006 5645 aut
1055 5589 1134 5644 iis
1157 5589 1588 5658 commemoratis
1619 5589 1820 5658 pariter
1872 5596 2036 5640 terum

470 5661 704 5732 doleant,
732 5657 985 5732 magnum
1005 5661 1150 5715 estin
1172 5662 1282 5730 ipso
1311 5659 1489 5732 dolore
1510 5657 1782 5732 solatium.

539 5731 791 5786 Basilius.
826 5729 1040 5801 Oportet
1089 5729 1206 5782 cum
1240 5731 1431 5801 gaudio
1465 5729 1642 5801 omnia
1690 5739 1904 5796 propter
1957 5733 2044 5801 no-

475 5816 592 5855 men
628 5797 936 5869 Domini,”
961 5816 1044 5854 eos
1068 5801 1155 5870 qui
1179 5797 1298 5852 sunt
1329 5799 1694 5869 rjus,suﬂ'erre
1723 5815 1784 5850 nc
1812 5797 2044 5867 perpeti:

2141 5113 2244 5152 non
2295 5103 2470 5150 tamen
2527 5097 2671 5162 prius
2729 5109 2888 5164 quam
2937 5094 3047 5161 ipse
3100 5092 3265 5164 sinat,
3313 5104 3422 5164 sese
3459 5090 3514 5141 in
3548 5095 3715 5164 tenta-

2144 5171 2308 5220 tiones
2336 5160 2664 5235 princip—itare
2693 5182 2709 5218 :
2740 5160 2831 5216 sed
2858 5160 3018 5216 orare
3051 5161 3243 5232 potius,
3272 5175 3336 5213 ne
3363 5161 3417 5210 in
3459 5175 3548 5212 eus
3590 5160 3719 5213 inci-

2145 5239 2353 5290 (lamus.

2219 5309 2259 5328 "
2292 5303 2585 5373 Disciplina
2611 5302 2819 5356 Domini
2846 5301 3052 5370 aperuit
3081 5300 3207 5373 mihi
3230 5309 3384 5373 aures
3409 5297 3539 5373 (lsa.
3564 5313 3614 5362 ι,
3637 5300 3717 5373 5).

2149 5375 2368 5444 Castiga
2391 5370 2505 5444 me,
2529 5372 3157 5444 Domine,_uerumtamen
3186 5371 3246 5423 in
3264 5370 3486 5440 judicio,
3517 5384 3622 5421 non
3660 5370 3720 5422 in

2152 5440 2328 5516 furore
2357 5442 2528 5510 (Psal.
2555 5458 2630 5516 vi,
2659 5442 2753 5516 2i._
2766 5440 2880 5494 Non
2918 5443 3057 5494 enim
3106 5448 3385 5516 quantuni
3417 5445 3720 5516 meruerunt

2135 5507 2375 5584 peccatu
2405 5525 2544 5584 mea,
2572 5510 2874 5584 ﬂagellatam
2905 5526 3042 5584 sum.
3089 5507 3125 5560 ἰ
3146 5511 3294 5584 Iram
3342 5507 3564 5584 Domini.
3593 5521 3717 5574 por-

2139 5573 2278 5644 iabo,
2307 5573 2790 5652 quoniam-peccavi
2813 5581 2859 5632 ei
2883 5580 3066 5652 (Micio.
3097 5594 3192 5641 vn,
3236 5579 3311 5652 9).
3353 5595 3372 5652 ρ
3416 5573 3721 5629 Inciddmus

2136 5654 2192 5706 in
2227 5647 2417 5705 manus
2440 5647 2672 5710 Domini.
2715 5657 2762 5701 et
2791 5647 2901 5702 non
2923 5650 2981 5702 in
3013 5663 3199 5703 manus
3225 5647 3494 5701 hominum
3539 5661 3552 5696 :
3584 5660 3603 5690 ι
3631 5658 3721 5694 se-

2143 5718 3262 5795 cundum_enim__mgrgnitutliuepttipsius,
3316 5717 3390 5766 ita
3425 5712 3715 5766 et’miseri-

2147 5792 2322 5845 ardia
2346 5792 2491 5848 illius
2535 5787 2724 5861 (Eccli.
2765 5788 2941 5856 ",22,
2970 5787 3142 5860 ‘25).)
