4036 6416
361 380 487 445 Ἦῡ

1641 379 1983 440 PlIlLlPl‘I
2023 377 2416 439 SOLITARlI

3537 380 3645 446 720

383 501 532 548 runt.
562 490 665 547 Ubi
699 498 884 543 antem
921 486 1202 558 inopinato
1237 487 1424 544 omnia
1457 488 1785 556 amiserunt,
1815 500 1966 544 utcr-
1997 495 2042 551 Α
2071 487 2390 550 eilixerunt,
2444 500 2614 540 unum
2675 501 2705 541 a
2768 487 2998 553 dextris,
3047 488 3286 544 alterum
3321 503 3352 542 a
3397 489 3657 546 sinistris.

378 597 488 651 que
520 580 626 649 (vir
647 587 704 632 et
730 577 887 646 uxor)
921 578 1154 632 alterum
1179 587 1264 632 est
1302 578 1658 646 miseratus_'.

449 671 698 740 Amplius
725 680 907 724 tamen
941 685 1077 724 uxor
1099 670 1353 724 lamentis
1379 669 1638 724 indulsit:
1661 677 1792 724 sunt
1813 671 1963 724 enim

368 761 598 818 feminae
627 760 959 815 naturaliter
997 761 1064 815 ad
1107 761 1522 815 miserationem
1572 775 1879 830 propensae,
1909 771 1966 816 et

377 854 445 911 ad
479 852 651 908 eﬂ‘nse
694 853 1019 922 plorandum
1052 853 1259 918 faciles,
1287 853 1747 922 impatienterque
1777 853 1966 925 lugent

369 952 433 998 et
461 943 728 1013 plangunt
776 950 1022 1012 pectora,
1049 942 1505 1012 lacerantgeuas,
1557 942 1866 997 ululatibus
1908 951 1965 997 et

372 1033 676 1103 ejulatibus
729 1042 784 1086 ct
855 1033 1097 1087 luctibus
1165 1033 1450 1087 tabellunt.
1520 1032 1717 1086 Mirum
1791 1033 1962 1099 dictu,

376 1134 647 1194 quantum
674 1124 728 1178 in
757 1123 1014 1178 omnibus
1045 1126 1242 1194 conjux
1280 1138 1407 1178 cum
1453 1124 1653 1180 marito
1702 1125 1962 1190 doluerit,

376 1217 738 1284 omniumque
771 1230 954 1269 rerum
988 1215 1366 1277 adversarum,
1417 1214 1675 1270 eumdem
1713 1231 1839 1270 eum
1871 1217 1967 1272 illo

379 1322 599 1363 sensum
632 1305 887 1362 habuerit
922 1324 936 1371 ;
970 1306 1480 1361 remunerationem
1510 1322 1664 1374 vero,
1701 1309 1965 1378 praemio-

381 1413 617 1468 rumque
644 1397 928 1467 particeps
955 1397 1277 1466 neutiquam
1311 1397 1436 1451 fuit.

450 1493 644 1541 Amm.
687 1487 944 1552 Qnavnam
999 1486 1163 1557 hujus
1210 1488 1290 1540 rei
1325 1502 1514 1553 causa,
1541 1503 1664 1557 quae
1698 1487 1882 1542 ratio?
1910 1496 1969 1543 et

379 1576 526 1630 unde
561 1576 779 1631 tandem
819 1575 892 1628 ita
918 1574 1250 1629 factum?ne
1285 1589 1369 1627 me
1393 1575 1528 1637 cela,
1549 1575 1593 1627 si
1629 1573 1790 1628 scias.
1826 1573 1966 1628 Num

378 1668 508 1738 quia
544 1683 654 1721 non
690 1683 846 1736 aeque
877 1676 938 1722 ut
962 1665 1192 1720 maritus
1219 1666 1368 1736 lepra
1405 1680 1500 1719 seu
1529 1665 1810 1720 ulceribus
1835 1681 1967 1719 coo-

378 1769 536 1830 perta
567 1767 673 1823 est,
707 1774 810 1813 nec
833 1757 1069 1828 proinde
1100 1757 1460 1827 approbrium
1490 1772 1556 1811 ex
1580 1771 1647 1811 eo
1677 1757 1964 1824 sustinuit,

2071 579 2287 646 Quibus
2315 587 2514 633 catera
2547 579 2731 633 omnia
2771 582 2918 650 paria
2953 581 3197 646 fuerunt,
3230 581 3370 636 facta
3421 583 3659 637 scelera-

2073 671 2307 733 tissima,
2352 671 2708 740 supplicium,
2733 687 2906 742 genus
2936 673 3152 738 mortis,
3174 689 3396 728 crurum
3437 673 3657 729 confra-

2071 765 2204 820 ctio.
2233 763 2497 834 Equales
2529 764 2695 835 igitur
2722 765 2778 818 hi
2814 765 2926 820 duo
2963 767 3017 820 in
3050 766 3230 836 poenis
3250 767 3460 820 inventi
3489 776 3656 821 sunt:

2073 864 2158 911 ast
2201 856 2255 910 in
2279 864 2532 912 extremo
2570 857 2862 926 prudentia
2897 859 3063 913 etiam
3112 873 3272 928 pares
3313 858 3518 928 cogniti
3545 875 3658 913 non

2072 957 2223 1003 sunt.
2243 947 2378 1001 Nam
2399 948 2490 1002 ille
2514 947 2566 1002 in
2594 948 2930 1017 paradisum,
2956 949 3044 1004 hic
3065 949 3132 1003 ad
3158 949 3365 1003 inferos
3383 950 3664 1019 profectus

2073 1046 2178 1092 est.
2200 1037 2291 1091 llle
2347 1037 2548 1099 bonus,
2583 1037 2672 1090 hic
2703 1037 3148 1107 improbissimus
3181 1039 3456 1108 apparuit.
3502 1037 3661 1104 Quod

2076 1129 2121 1184 si
2151 1142 2589 1199 roges,quonam
2613 1129 2778 1182 modo
2807 1129 2858 1181 id
2892 1129 3176 1194 acciderit,
3195 1130 3274 1184 sic
3290 1127 3494 1183 accidit
3525 1128 3663 1182 :La-

2077 1230 2265 1275 trones
2293 1221 2451 1290 juxta
2485 1219 2730 1274 Verbum
2762 1221 3042 1288 suspensi,
3063 1220 3130 1273 ad
3163 1219 3332 1274 verba
3367 1226 3661 1273 venerunt.

2074 1311 2230 1366 Unus
2253 1311 2452 1365 horum
2484 1309 2754 1364 divinitus
2796 1310 3330 1379 loquebaturzalter
3377 1308 3664 1362 maledicta

2075 1402 2358 1458 fundebat.
2385 1403 2451 1457 Et
2477 1403 2657 1457 bonus
2691 1403 2779 1456 ille
2808 1402 3032 1470 quidem
3065 1417 3190 1455 eum
3220 1401 3413 1455 divino
3442 1415 3661 1454 sermo-

2075 1512 2144 1552 ne
2179 1510 2280 1551 suo
2326 1497 2569 1552 salvatus
2597 1513 2612 1550 :
2640 1496 2781 1549 alter
2816 1495 3169 1565 blasphemus
3199 1510 3325 1550 eum
3360 1494 3669 1548 maledictis

2075 1587 2191 1641 suis
2215 1586 2510 1641 damnatus
2542 1597 2645 1642 est.
2672 1585 2839 1640 Vides
2889 1585 3355 1655 quemadmodum
3392 1584 3534 1637 latro
3556 1583 3626 1636 de
3644 1608 3660 1622 -

2076 1691 2250 1742 mens,
2277 1677 2563 1732 manifeste
2596 1679 2864 1731 malorum
2897 1678 3147 1731 omnium
3185 1676 3392 1738 socius,
3416 1683 3476 1728 ut
3505 1674 3660 1728 dice-

2077 1767 2224 1833 bam,
2250 1768 2449 1823 latroni
2484 1769 2741 1839 prudenti
2768 1768 2939 1824 fuerit
2966 1769 3132 1835 (sicut
3164 1769 3292 1822 item
3315 1767 3455 1823 Jobo
3482 1765 3664 1835 uxor),

381 1853 561 1907 idirco
594 1852 758 1906 etiam
797 1866 984 1921 parem
1014 1851 1326 1905 mercedem
1357 1864 1466 1903 non
1501 1848 1785 1903 obtinuit?
1812 1847 1972 1905 lltec-
2007 1846 2048 1903 Β
2079 1867 2135 1914 ιιι
2193 1874 2305 1914 non
2355 1859 2587 1928 perinde
2641 1859 3016 1929 pmmiorum,
3063 1859 3255 1929 opem
3305 1859 3545 1928 pretium
3576 1865 3663 1910 εει

377 1943 504 1998 eine
533 1957 698 1996 causa
729 1942 821 2006 sit,
850 1941 1059 2005 nescio,
1090 1950 1151 1995 tu
1181 1940 1407 1996 dixeris.

447 2032 613 2089 Cano.
646 2033 766 2088 Non
797 2033 938 2087 hanc
959 2047 1081 2087 esse
1104 2046 1349 2098 causam,
1383 2047 1451 2085 ex
1481 2032 1617 2101 ipsis
1645 2031 1830 2086 verbis
1853 2031 1972 2100 pla-

369 2140 511 2180 num
549 2133 654 2188 est,
677 2124 880 2194 quibus
911 2124 1091 2178 virum
1122 2123 1432 2194 lat-rymans
1451 2123 1774 2191 alloquitur.
1815 2121 1968 2175 Heul

381 2216 456 2270 mi
485 2216 590 2278 vir,
618 2215 820 2284 inquit,
855 2229 922 2268 en
966 2212 1231 2268 memoria
1265 2213 1342 2265 tui
1389 2213 1578 2281 periit,
1607 2213 1830 2280 quando
1862 2225 1970 2264 una

379 2320 506 2359 cum
539 2306 703 2358 rebus
737 2304 860 2358 aliis
886 2303 1052 2357 etiam
1086 2302 1244 2356 liberi
1274 2302 1374 2365 tui,
1403 2301 1620 2357 dolores
1657 2301 1799 2354 uteri
1835 2300 1966 2365 mei,

380 2397 686 2466 perierunt.
715 2395 826 2465 Ego
857 2409 990 2448 vero
1033 2393 1230 2447 misera
1257 2392 1480 2458 famula,
1514 2401 1574 2444 ut
1611 2393 1773 2462 inops
1799 2400 1854 2446 et
1883 2391 1970 2445 in-

381 2486 545 2540 famis
568 2485 721 2539 exsul
753 2483 1180 2554 vagor,domum
1207 2484 1371 2538 domo
1407 2483 1700 2537 lnfelicitcr
1728 2493 1970 2548 mutans,

376 2583 706 2644 exspectans
739 2574 870 2628 dum
899 2575 976 2627 sol
1013 2573 1250 2636 occidat,
1279 2583 1337 2626 ut
1367 2589 1394 2626 a
1435 2571 1623 2626 multis
1643 2571 1971 2639 acerbisque

379 2667 653 2721 molestiis
697 2667 959 2736 respirem
986 2704 1001 2729 ,
1037 2668 1108 2718 ob
1155 2679 1291 2734 quas
1328 2666 1440 2734 jam
1497 2664 1632 2717 mihi
1673 2663 1973 2733 praecordia

380 2759 466 2812 vel
495 2767 620 2812 ante
646 2767 878 2811 mortem
913 2756 1345 2811 contabuerunt.
1384 2754 1578 2809 Cernis
1628 2764 1970 2825 quantopere

385 2849 587 2902 misera
627 2848 824 2900 mulier
872 2847 1201 2901 alllicteturl
1242 2844 1637 2915 propemodum
1667 2860 1732 2899 ac
1763 2845 1808 2900 si
1855 2846 1970 2915 ipsa

387 2953 606 3009 quoque
638 2937 968 3007 opprobriis,
997 2945 1052 2990 et
1085 2937 1248 3005 lepra:
1275 2935 1493 2989 subdita
1520 2943 1686 2989 esset.

457 3031 651 3084 ANIIA.
683 3059 752 3068 —
785 3029 840 3083 Si
884 3029 957 3082 ita
1002 3028 1100 3082 viri
1150 3027 1462 3083 calamitate
1491 3026 1689 3091 doluit,
1719 3038 1778 3082 ut
1806 3025 1968 3091 dicis,

386 3125 480 3193 qui
515 3124 734 3177 tandem
787 3137 897 3175 non
955 3119 1069 3189 ipsa
1105 3119 1362 3174 similiter
1414 3119 1700 3188 praemium
1736 3117 1970 3170 retulit?

387 3215 483 3270 Dic
514 3229 754 3274 causam,
783 3223 837 3267 et
863 3212 1012 3266 solve
1042 3211 1424 3280 quazstionem.
1793 3257 1807 3268 ._

460 3306 626 3360 Cano.
658 3305 920 3358 Protinus
949 3313 1004 3356 tu
1032 3301 1299 3356 ausculta.
1336 3301 1438 3355 Job
1461 3300 1796 3355 calamitates
1826 3297 1984 3370 quasi

390 3397 660 3450 beneficio
673 3393 998 3456 afﬁceretur,
1023 3390 1422 3460 suscipiebat",
1455 3402 1514 3446 ut
1531 3391 1984 3460 imperturbatus,

395 3498 456 3542 ut
490 3488 752 3542 robustus
781 3486 946 3540 animi
986 3501 1047 3541 ac
1080 3484 1310 3538 validus.
1332 3485 1479 3550 Quas
1507 3483 1599 3537 illa
1628 3483 1770 3536 haud
1801 3483 1983 3552 perfe-

394 3579 549 3632 rebat
579 3597 591 3631 :
615 3579 746 3649 quin
769 3576 930 3630 verba
959 3576 1203 3646 quaedam
1229 3576 1513 3630 maledicta
1533 3575 1774 3646 jactabat
1793 3576 1875 3628 ⁹’⁹.

469 3672 562 3726 llle
590 3686 708 3724 eam
741 3672 1035 3742 objurgans
1067 3687 1080 3723 :
1117 3686 1135 3720 t
1166 3669 1400 3738 Dcsipis,
1421 3668 1618 3738 inquit,
1645 3667 1832 3722 infelix
1859 3683 1980 3722 mu-

396 3767 520 3831 lier,
545 3764 676 3834 quid
731 3765 830 3818 ista
888 3762 1172 3832 loqueris?
1224 3763 1377 3818 Sicut
1412 3778 1517 3816 una
1548 3761 1613 3816 de
1641 3761 1823 3816 stultis
1864 3776 1984 3814 mu-

395 3859 629 3916 lieribus
651 3873 798 3912 nunc
839 3859 1017 3912 locuta
1037 3872 1098 3911 es
1117 3857 1184 3888 "-
1226 3875 1243 3908 ι
1269 3856 1536 3922 Quoniam
1568 3855 1733 3925 igitur
1759 3854 1979 3924 pusillo,

395 3948 617 4018 ingrato
664 3956 720 4002 et
779 3948 970 4017 iniquo
1037 3949 1223 4000 animo
1268 3945 1453 4001 clades
1500 3945 1620 4000 illas
1670 3961 1827 4015 passa
1873 3953 1980 4010 est,

383 4040 566 4094 etiam
603 4039 1046 4093 remuneratione
1080 4036 1306 4093 excidit.
1339 4036 1501 4091 Aliud
1532 4036 1758 4106 insuper
1792 4050 1981 4090 exem-

402 4130 554 4198 plum
588 4132 825 4184 narrabo
858 4129 952 4183 tibi
982 4128 1051 4183 ad
1099 4128 1474 4183 confirmanda
1507 4143 1630 4197 qua:
1664 4129 1798 4189 dixi,
1833 4128 1982 4196 quod

385 4219 472 4272 .de
543 4219 779 4288 quodam
827 4219 986 4287 longe
1054 4217 1434 4272 infelicissimo
1492 4217 1695 4274 litteris
1753 4217 1981 4271 manda-

377 4323 462 4365 "lll
470 4327 519 4364 m
546 4319 652 4365 est.

477 4407 673 4457 Amm.
714 4401 908 4466 Istum,
966 4403 1286 4472 quicunque
1361 4411 1466 4468 est,
1523 4399 1657 4454 mihi
1730 4399 1984 4454 nomines

389 4495 506 4548 «veli
517 4509 565 4547 m
575 4535 587 4548 .

475 4589 638 4641 Cano.
664 4587 894 4653 Quando
937 4586 1107 4642 Judaei
1146 4585 1434 4640 Dominum
1469 4599 1651 4640 meum
1678 4586 1733 4639 in
1762 4598 1986 4640 crucem

389 4689 656 4749 egerunt,
689 4679 830 4731 duos
861 4676 1027 4732 etiam
1065 4691 1189 4731 cum
1211 4676 1557 4731 eolatrones
1589 4673 1829 4745 insignes
1859 4688 1990 4728 cru-

465 4817 532 4846 -""
556 4815 672 4871 Job
718 4831 776 4880 tl,
824 4814 907 4870 10.

2080 1952 2270 2022 igitur,
2289 1951 2394 2006 sibi
2417 1951 2726 2007 attendere.
2745 1952 2974 2018 Amabo,
2991 1967 3061 2006 ne
3079 1960 3135 2003 tu
3159 1963 3401 2019 quoque,
3423 1949 3667 2009 domina.

2074 2058 2217 2097 onus
2252 2043 2622 2096 tentationum
2673 2051 2883 2110 portes,
2913 2050 3229 2095 secuturam
3271 2054 3404 2094 vero
3449 2053 3664 2092 merce-

2073 2131 2200 2186 dem
2227 2145 2295 2186 ex
2325 2130 2541 2198 ignavia
2573 2131 2818 2193 amittas,
2843 2131 3122 2198 quomodo
3156 2128 3346 2183 infelix
3376 2129 3517 2182 latro
3561 2127 3672 2198 (di-

2074 2237 2195 2276 eam
2220 2222 2368 2276 enim
2400 2223 2646 2292 saepius),
2669 2223 2951 2290 quomodo
2993 2236 3133 2276 uxor
3177 2221 3377 2276 misera
3431 2219 3674 2274 hominis

2074 2311 2205 2367 forti
2234 2311 2422 2366 animo
2458 2311 2694 2381 praediti.
2730 2311 2836 2366 Sed
2866 2312 2910 2366 si
2939 2326 3062 2380 quas
3091 2309 3342 2373 afﬂictio,
3364 2318 3459 2364 aut
3489 2317 3668 2364 tenta-

2077 2404 2173 2467 tio,
2197 2411 2295 2457 aut
2320 2402 2572 2456 molestia
2595 2411 2648 2456 te
2671 2403 2982 2472 occuparit,
3021 2416 3090 2456 ne
3125 2401 3312 2455 animo
3339 2401 3582 2470 agiteris,
3603 2415 3673 2454 ne

2074 2502 2259 2548 mente
2289 2493 2630 2548 concutiaris
2658 2511 2672 2547 :
2705 2494 2802 2548 sed
2859 2494 3087 2548 immota
3116 2493 3362 2562 penitus,
3386 2501 3443 2546 et
3468 2493 3664 2545 incon-

2073 2598 2234 2638 cussa
2261 2599 2437 2653 usque
2469 2584 2536 2638 ad
2564 2585 2727 2638 linem
2776 2598 3090 2652 persevera,
3127 2581 3452 2650 respiciens,
3477 2589 3535 2633 et
3571 2595 3673 2632 ex-

2073 2671 2306 2742 quirens
2337 2671 2504 2735 bona,
2529 2671 2596 2726 de
2627 2671 2829 2740 quibus
2861 2670 2968 2740 egi.
3011 2669 3146 2724 Nam
3183 2669 3228 2723 si
3270 2669 3392 2722 vita:
3424 2675 3534 2721 tua:
3582 2681 3671 2720 ra-

2076 2759 2258 2816 tiones
2277 2761 2344 2814 ad
2365 2761 2651 2816 meliorem
2671 2776 2920 2815 normam
2938 2757 3460 2821 accommodaveris,
3477 2764 3532 2810 et
3550 2768 3674 2825 qua:

2072 2849 2352 2906 deteriora
2412 2860 2544 2907 sunt
2587 2851 2974 2914 declinaveris,
3033 2857 3092 2903 tu
3134 2863 3354 2920 quoque
3411 2859 3672 2901 coronam

2073 2943 2423 3012 adipisceris,
2455 2952 2514 2998 et
2541 2958 2666 2998 cum
2700 2943 2998 2997 nominatis
3019 2957 3049 2996 a
3076 2957 3162 2996 me
3187 2941 3599 3012 glorificabere.

2153 3033 2234 3086 An
2247 3047 2357 3086 IIA.
2370 3033 2477 3087 Res
2495 3033 2628 3089 mihi
2649 3032 2872 3088 videtur
2887 3031 3088 3100 adeptu
3105 3031 3299 3095 ardua,
3317 3037 3374 3083 et
3394 3029 3463 3083 ad
3490 3028 3669 3083 imita-

2077 3123 2283 3177 tionem
2302 3125 2623 3194 neutiquam
2643 3122 3166 3192 expedita.Proinde
3182 3121 3328 3176 aliud
3348 3134 3434 3174 me
3450 3118 3670 3194 doceas.

2161 3211 2326 3267 Cano.
2355 3213 2478 3268 Non
2511 3229 2613 3284 ego
2645 3214 2848 3283 adeptu
2880 3213 3123 3268 diﬂicilia
3173 3211 3406 3276 dissero,
3432 3209 3564 3279 quid
3597 3210 3673 3264 ita

2087 3305 2372 3374 gravaris?
2393 3305 2508 3360 Nec
2531 3315 2615 3360 est
2636 3320 2736 3360 cur
2762 3305 3142 3376 pusillanimes
3161 3318 3412 3372 sequare,
3436 3315 3674 3372 quorum

2088 3393 2428 3448 memini.Et
2476 3403 2656 3450 tamen
2708 3405 2768 3450 ut
2811 3409 3028 3449 morosa
3080 3403 3137 3448 et
3165 3391 3538 3448 haesitabunda
3589 3407 3676 3446 res

2087 3483 2346 3554 spondes.
2389 3485 2459 3540 At
2488 3485 2534 3540 si
2575 3488 2700 3556 quis
2734 3495 2940 3541 temere
2988 3484 3189 3555 probra
3233 3484 3328 3538 tibi
3363 3484 3596 3554 ingerat,
3623 3493 3675 3536 te

2085 3579 2383 3646 vituperet,
2449 3577 2628 3634 facete
2689 3578 2944 3643 irrideat,
3015 3586 3258 3641 accuset,
3313 3575 3674 3647 ignominiose

2086 3675 2300 3732 tractet,
2335 3685 2467 3726 naso
2493 3671 2817 3742 suspendat,
2839 3670 3106 3734 ludibrio,
3133 3669 3408 3725 dedecore
3440 3667 3668 3733 alliciat;

2084 3761 2130 3816 si
2189 3773 2241 3818 te
2294 3762 2700 3829 detestabilem,
2735 3763 3036 3835 piaculum,
3081 3769 3289 3831 pestem
3341 3760 3668 3813 vocaverit:

2085 3851 2130 3905 si
2157 3851 2551 3918 etl‘eminatam,
2572 3854 2872 3924 stupidam,
2899 3866 3198 3916 morosam,
3241 3851 3542 3920 plagosam,
3567 3848 3672 3901 fce-

2085 3942 2234 4009 dam,
2298 3944 2625 4009 deformem,
2658 3955 2903 3998 tenacem
2941 3959 3004 3996 ac
3057 3941 3335 3996 sordidam
3391 3938 3673 4010 appellet:

2085 4036 2130 4092 si
2165 4036 2498 4103 mendicam,
2543 4037 2794 4108 fungum,
2841 4036 3052 4089 nullius
3106 4033 3290 4104 pretii,
3319 4042 3414 4087 aut
3472 4030 3674 4092 furem,

2084 4127 2554 4191 obtrectatricem,
2588 4127 2862 4192 vinosam,
2911 4135 3007 4180 aut
3057 4134 3328 4189 scortum,
3376 4132 3473 4177 aut
3519 4119 3675 4176 adul-

2086 4225 2281 4283 teram,
2307 4225 2404 4273 aut
2431 4219 2692 4285 laceram,
2724 4226 2820 4270 aut
2852 4216 3018 4271 etiam
3053 4214 3428 4285 pediculosam
3453 4229 3467 4266 :
3493 4210 3674 4264 dicam

2088 4315 2299 4384 paucis,
2327 4315 2372 4370 si
2410 4315 2559 4370 aliud
2594 4315 2876 4386 quippiam
2914 4313 3263 4386 hujusmodi,
3294 4311 3389 4381 qui
3420 4318 3472 4364 te
3503 4306 3679 4363 nomi-

2087 4417 2204 4471 net,
2228 4408 2446 4463 sustine
2494 4407 2748 4474 fratrem,
2799 4408 3014 4462 sustine
3072 4419 3336 4467 scomma,
3366 4400 3582 4456 custodi
3617 4411 3682 4453 os

2012 4527 2066 4587 ο
2092 4506 2267 4562 tuum,
2309 4513 2504 4555 coerce
2541 4514 2638 4554 cor
2674 4509 2851 4564 tuum,
2901 4514 2970 4552 ne
3023 4497 3154 4566 quid
3194 4494 3546 4550 accusatione
3591 4491 3677 4544 di-

2093 4603 2260 4656 gnum
2296 4591 2604 4658 committe,
2627 4607 2696 4646 ne
2728 4591 2978 4661 loquere,
2999 4605 3068 4644 ne
3098 4588 3258 4654 muti,
3282 4582 3677 4653 nilquidquam

2093 4681 2385 4748 responde.
2413 4681 2556 4750 Quid
2587 4684 2736 4739 enim
2770 4685 3020 4756 jacturaa,
3049 4691 3144 4737 aut
3168 4677 3356 4735 damni
3391 4675 3582 4736 facies,
3609 4686 3678 4725 ex

1895 4931 2170 4994 Scholia.

450 5065 490 5083 "
519 5061 716 5116 Rerum
764 5062 1171 5132 improvisarum
1220 5060 1480 5129 repentini
1501 5075 1694 5123 casus,
1720 5059 1991 5114 hominum

389 5133 616 5188 animas
639 5133 949 5200 perturbare
975 5140 1022 5183 et
1052 5141 1320 5184 concutere
1349 5141 1750 5184 consueverunt.

2101 5075 2228 5112 num
2260 5059 2305 5112 si
2335 5058 2736 5112 contumeliosus
2766 5059 2820 5111 in
2852 5057 3017 5110 Deum
3057 5049 3238 5122 fueris,
3266 5044 3502 5122 morbum
3523 5043 3678 5122 let-io-

2100 5145 2207 5181 rem
2234 5129 2450 5182 reddis?
2476 5128 2501 5181 1
2509 5146 2590 5181 mo
2621 5145 2739 5182 vero
2764 5129 2997 5179 dolorem
3031 5115 3278 5175 ditiorem
3291 5128 3335 5170 et
3368 5115 3678 5169 intolerabi-

481 5209 519 5226 “
547 5187 716 5255 Morbi
755 5210 847 5254 aut
877 5217 939 5254 ea:
967 5210 1176 5268 peccato
1204 5201 1534 5268 proveniunt,
1569 5211 1659 5253 aut
1695 5215 1758 5251 ex
1781 5200 1996 5269 ignauia
2096 5198 2282 5251 liOrem
2333 5198 2430 5266 tibi:
2466 5199 2617 5266 facis.
2655 5227 2726 5238 ——-
2769 5197 2937 5269 idem.
2978 5192 3098 5245 Non
3137 5192 3273 5269 enim
3299 5187 3679 5269 nteit-lulianum

405 5283 454 5326 et
509 5272 710 5324 ordinis
764 5271 1102 5340 negligentia,
1149 5280 1240 5324 aut
1293 5286 1356 5322 ea:
1398 5269 1711 5340 infirmitate
1762 5279 1991 5331 naturw,

395 5354 498 5397 aut
547 5343 708 5395 etiam
757 5339 841 5393 ad,
878 5339 1344 5394 demonstrandam
1417 5339 1760 5392 tolerantiam
1798 5347 1847 5391 et
1887 5341 1994 5392 vir-

396 5424 591 5466 Jutem.

576 5482 862 5552 flhrysost.
885 5478 1016 5533 Sunt
1043 5482 1283 5551 quidam.
1318 5483 1409 5550 qui
1431 5482 1486 5552 si
1505 5477 1631 5547 quid
1659 5478 1987 5552 olfenderint,

403 5563 500 5607 aut
533 5553 596 5606 ab
637 5549 820 5622 aliqua
849 5549 1084 5604 conciliis
1106 5549 1571 5622 appetitifucrint,
1611 5549 1779 5622 autin
1823 5549 1990 5622 poda-

401 5641 581 5693 gram,
610 5639 701 5676 seu
726 5618 892 5676 alium
923 5618 1226 5692 quempiam
1240 5618 1489 5693 morbum
1527 5618 1826 5693 inciderint,
1849 5618 1991 5672 illico

394 5688 465 5746 in
493 5693 871 5762 blasphemiam
895 5688 1198 5762 erumpunt.
1231 5691 1299 5744 Et
1325 5691 1620 5762 cruciatum
1653 5688 1862 5762 quidem
1893 5706 1993 5762 pa:

397 5756 635 5831 liuntur',
659 5763 804 5818 lucro
849 5756 1376 5832 autem'privantur.
1411 5761 1547 5826 Quid
1578 5757 1738 5827 facit,
1787 5756 1990 5812 homo?

2086 5269 2323 5320 conditio
2350 5278 2400 5320 et
2415 5255 2649 5331 natura,
2692 5268 2780 5319 sed
2811 5273 3130 5318 tentatorum
3164 5259 3363 5331 desidia
3409 5257 3545 5309 inter
3580 5255 3677 5331 lio-

2095 5339 2261 5391 mines
2290 5338 2512 5390 cadendi
2549 5354 2610 5390 ac
2635 5326 2974 5404 delinquendi
3002 5347 3165 5404 causa
3204 5339 3302 5382 est.
3327 5327 3388 5382 In
3425 5326 3680 5404 paradiso

2093 5410 2406 5460 versabatur
2426 5407 2662 5460 Adantus
2690 5421 2712 5475 :7
2734 5394 3057 5475 et'quoniam
3085 5401 3228 5475 deses
3254 5407 3388 5475 erat,
3416 5394 3677 5475 supplan-

2093 5486 2235 5530 tatus
2267 5487 2362 5529 est.
2395 5476 2458 5528 In
2495 5467 2828 5545 sterquilinio
2853 5467 3063 5545 sedebat
3088 5470 3186 5523 Job
3213 5487 3229 5524 :
3252 5470 3345 5523 sed
3389 5467 3514 5545 quia
3542 5467 3678 5545 vigi—

2094 5547 2415 5610 lavit,uicit,
2461 5535 2813 5615 magnumque
2865 5543 3008 5615 apud
3051 5535 3416 5615 posterosdest
3455 5535 3679 5615 'laudcm

2093 5607 2416 5669 consecutus.
2460 5615 2527 5668 Et
2552 5607 2648 5667 nos
2682 5607 2743 5665 ei:
2772 5607 2938 5666 verbis
2965 5607 3157 5665 nostris
3177 5607 3464 5680 justiﬁcari
3515 5613 3678 5670 atque

2092 5687 2458 5748 condemnari,
2483 5699 2546 5735 ex
2581 5685 2825 5753 pra’senti
2849 5698 3089 5736 sermone
3130 5689 3337 5736 clarum
3361 5683 3459 5739 est,
3492 5683 3682 5741 nempe

2093 5755 2382 5825 blasphemi
2407 5755 2655 5819 latronis,
2687 5762 2734 5806 et
2761 5753 2938 5808 uxoris
2958 5755 3073 5806 Job.
