2018 3210
205 197 260 229 ’121
799 216 816 228 ηπ
930 196 1109 226 ΒΙΟΡΤΒᾹ.

1791 191 1853 223 722'

205 262 243 283 eo
256 252 331 289 quod
346 252 417 280 male
431 252 532 280 audis?
547 252 575 280 Si
601 252 685 287 igitur
706 252 846 280 immerito
861 257 909 279 tuo
933 260 1001 280 con-
1016 255 1039 283 Α
1053 251 1242 279 remissionem
1254 249 1700 286 peccatorum,remunerationem
1713 248 1845 284 optimam

207 299 338 328 tumelias
361 297 496 330 audieris,
508 305 542 326 ex
558 298 703 325 tolerantia
720 298 842 326 fructum
855 297 1001 333 percipies.

206 345 286 380 Quod
302 345 325 372 si
343 345 501 372 baereticam
520 349 546 371 te
560 349 654 376 vocet,
667 344 719 372 hoc
738 344 828 372 solum
848 352 881 371 ne
896 348 1002 378 patere,

208 398 262 419 nec
275 389 362 422 dicas.
377 393 404 416 te
418 397 498 422 esse;
514 389 560 416 hic
587 388 707 416 irascere
720 398 725 416 :
740 388 842 423 alioqui
861 388 1002 415 Christum

206 434 327 471 negasti,
340 434 363 462 si
378 434 450 461 banc
466 434 597 468 injuriam
609 434 715 468 perfers
728 436 749 460 '.

243 481 274 509 In
289 480 349 508 aliis
362 479 471 507 tametsi
484 488 566 514 supra
582 479 693 506 modum
711 480 843 514 injuriose
862 478 1000 511 tracteris,

205 532 239 555 ut
249 535 333 562 supra
342 527 409 559 dixi,
418 527 486 554 nihil
499 527 643 562 perdidisti
655 527 690 554 ob
703 527 742 559 id,
754 528 861 554 nullum
871 527 1003 554 damnum

204 580 239 600 es
247 566 387 607 perpessa.
402 571 492 599 Habes
506 572 597 599 adhuc
610 573 715 604 oculos,
731 577 760 599 ut
779 578 842 599 ante
861 573 981 600 habebas
996 582 1002 599 :

205 617 297 645 habes
312 618 406 645 omnia
435 617 559 645 membra
589 618 664 645 intus
682 624 711 645 et
730 618 808 649 foris,
827 624 854 645 et
872 620 1003 654 majorem

205 663 350 698 spiritum.
365 663 526 690 Humiliatio
541 664 592 691 ista
616 664 664 691 tibi
687 664 858 699 adjumento,
878 671 906 692 et
922 673 1003 692 orna-

206 712 305 736 mento
322 708 383 736 luit.
401 708 428 735 Si
445 709 637 736 tantummodo
656 711 739 736 verba
757 710 881 736 irrisoria
908 714 1004 744 pertu-

205 754 285 786 leris,
306 754 452 782 utilitatem
478 755 554 788 inde,
584 756 656 782 haud
685 761 881 783 nocumentum
901 757 1002 791 capies.

205 799 280 832 Quid
301 799 381 834 plura
400 807 470 834 opus
484 800 546 827 est?
560 800 625 827 Sine
637 800 731 835 ﬂagris
745 801 857 831 athleta,
872 801 931 827 sine
949 806 1005 827 tor-

207 844 312 872 mentis
336 849 438 877 martyr
460 845 526 872 eris.
552 846 693 877 Scrutare,
719 846 870 880 perpende,
896 847 1004 873 discute

206 890 360 926 negotium.
379 891 407 919 Si
425 892 566 919 inveneris
580 892 790 920 convitiatorem
808 900 871 919 vera
888 892 980 919 dicere
995 901 1002 919 :

205 936 231 964 si
243 936 460 970 deprehenderis
474 938 701 970 subsannantem,
718 939 791 972 quod
806 946 848 965 res
860 943 903 965 est
914 938 1001 972 loqui,

207 989 244 1009 ne
255 982 306 1015 illi,
318 983 366 1010 sed
386 983 435 1010 tibi
460 984 589 1015 irascere,
603 990 630 1011 ct
644 989 669 1012 te
688 985 774 1019 ipsam
795 986 905 1017 damna,
919 985 1001 1018 idque

205 1028 290 1055 etiam
306 1028 398 1056 verbis
411 1037 467 1064 prae
482 1034 507 1056 te
521 1029 562 1057 fer

243 1073 272 1102 Si
287 1082 343 1101 non
354 1075 558 1109 quodammodo
578 1076 712 1103 voluisses
727 1076 823 1104 audire
834 1084 893 1111 quae
909 1077 1000 1110 audis,

206 1127 263 1146 non
280 1119 383 1146 malum
413 1125 617 1155 perpetrasses;
632 1129 687 1148 non
702 1127 728 1149 te
749 1122 815 1149 vitio
838 1122 1002 1151 dcdidisscs.

208 1163 313 1192 Fruere
339 1165 474 1200 operibus
500 1166 563 1199 tuis,
592 1171 621 1194 et
647 1168 784 1202 perversis
803 1169 939 1196 moribus.
954 1169 1001 1196 Sin

207 1214 310 1241 autem,
323 1211 408 1238 etiam
425 1211 488 1238 ideo
503 1212 585 1239 vitam
602 1213 759 1248 religiosam
785 1215 888 1246 excole,
903 1218 933 1241 ut
954 1222 1002 1241 ex-

210 1255 298 1283 ternis
318 1256 424 1284 nullam
445 1257 484 1284 tui
504 1258 726 1292 reprehendendi
753 1267 846 1286 ansam
868 1260 1002 1294 praebeas,

202 1305 240 1333 ,ιιι
249 1301 284 1329 de
294 1307 395 1330 cancro
417 1307 443 1330 te
467 1304 666 1339 perstringere,
678 1309 705 1332 et
720 1305 847 1332 convitiis
866 1306 1003 1333 incessere

207 1346 347 1383 quispiam
365 1355 422 1376 non
438 1348 536 1383 possit.
551 1349 602 1377 Ubi
623 1355 648 1377 te
662 1351 818 1385 collcgeris,
828 1351 1002 1378 correctione

211 1391 438 1427 gaude,exxulta,
454 1394 593 1428 tripudia;
611 1395 743 1430 quoniam
767 1402 868 1430 praeter
894 1395 1002 1422 laudem

215 1444 343 1472 magnam
365 1442 473 1475 quoque
493 1448 634 1474 coronam,
647 1447 674 1469 ct
692 1442 847 1469 mercedem
875 1441 1005 1469 certami-

218 1483 262 1510 nis
276 1485 434 1519 reportabis.

247 1529 343 1557 dum.
360 1531 420 1565 Quo
448 1533 520 1560 istuc
544 1538 717 1569 argumento,
751 1541 794 1561 me
815 1535 878 1563 hinc
896 1544 1001 1563 mercc-

200 1577 275 1605 ‘dcm
286 1581 314 1605 et
329 1586 459 1607 coronam
478 1585 652 1615 accepturam
673 1581 817 1609 videlicet?

244 1623 328 1652 Cano.
340 1623 418 1659 Quod
428 1633 444 1653 a
458 1625 570 1654 Christo
587 1626 614 1654 in
628 1627 778 1662 Evangelio
792 1628 864 1655 beati
879 1637 1001 1663 pronun-

212 1669 328 1703 tiantur,
344 1671 447 1706 quibus
465 1672 651 1703 maledicitur.
664 1677 692 1700 et
709 1673 735 1699 in
751 1681 821 1708 quos
840 1681 921 1702 omne
940 1682 1003 1702 ver-

212 1717 279 1744 bum
294 1717 407 1750 malum,
423 1725 456 1746 ac
472 1719 621 1753 pessimum
639 1724 752 1754 propter
776 1720 899 1747 Verbum
917 1721 1004 1756 jacta-

212 1767 258 1790 tur
271 1771 280 1789 :
299 1772 310 1789 ι
325 1762 450 1791 Gaudete
468 1768 544 1796 tunc,
558 1764 658 1799 inquit,
670 1769 697 1791 et
710 1765 856 1796 exsultate,
872 1766 1002 1800 quoniam

209 1809 368 1838 mercedem
387 1809 416 1838 in
440 1810 517 1838 caelis
543 1811 740 1846 amplissimam
757 1812 897 1847 recipietis
921 1813 943 1829 ’⁸
955 1815 972 1839 ’.
989 1822 997 1838 ι

211 1855 275 1884 Haec
287 1856 310 1884 si
331 1856 358 1884 in
377 1856 480 1890 animo,
495 1861 523 1884 et
541 1857 568 1884 in
586 1858 718 1884 memoria
744 1863 789 1884 tua
816 1857 935 1893 reposita
955 1858 1004 1885 ha-

209 1902 270 1936 bes,
282 1902 387 1936 latore,
415 1902 534 1935 confide,
559 1903 586 1930 in
616 1904 691 1931 omni
717 1904 817 1939 injuria
843 1904 1004 1939 patientiam

209 1947 448 1980 IdlzibeJametsi
467 1949 632 1977 convitiator
664 1949 796 1976 scelestus
810 1957 842 1977 ac
862 1949 1003 1977 detestan-

208 1995 264 2022 dus
276 1993 370 2022 fuerit.

244 2040 343 2068 Ann“.
372 2041 450 2075 Esto,
466 2041 564 2074 feram,
579 2041 667 2076 patiar
683 2041 768 2076 :quid
796 2041 917 2076 amplius
937 2041 1004 2068 mihi

208 2085 369 2114 faciendum
384 2087 485 2122 putas?

245 2132 329 2162 Cano.
354 2133 394 2162 Ne
415 2135 496 2162 talem
513 2139 542 2161 ut
557 2133 710 2166 inimicum,
732 2133 780 2161 sed
801 2139 831 2160 ut
846 2133 1005 2161 benefacta.

209 2183 271 2204 rem
285 2176 423 2206 iutueare.
438 2177 479 2205 Ne
490 2178 571 2207 labiis
584 2178 643 2206 fare
653 2178 754 2210 lenius,
765 2183 794 2206 et
807 2178 890 2205 corde
903 2178 1001 2205 irasce-

209 2228 253 2249 re.
279 2221 319 2250 Ne
335 2223 490 2251 condemna
504 2223 681 2256 maledicum,
702 2231 859 2258 quanquam
880 2223 929 2250 tibi
945 2230 1004 2250 ma-

1056 297 1168 324 rel'eras.
1192 296 1254 324 Hasc
1271 295 1344 323 enim
1361 296 1445 324 Verbi
1471 295 1611 328 doctrina,
1632 295 1684 323 hoc
1710 295 1846 330 judicium

1054 347 1106 370 est.
1120 343 1147 370 Si
1175 342 1336 369 dimiseritis
1360 342 1520 369 hominibus
1537 346 1650 376 peccata
1671 341 1846 372 corum,inde

1055 397 1164 423 quoque
1191 388 1269 416 vobis
1294 389 1385 415 omnia
1412 393 1524 422 peccata
1548 393 1639 415 vestra
1657 388 1845 415 dimittentur.

1055 435 1083 462 Si
1101 434 1227 466 dimittis,
1239 434 1398 466 dimitteris,
1414 433 1610 461 misericordia:
1637 434 1710 460 enim
1736 433 1845 460 miscri-

1054 480 1146 507 cordia
1167 479 1347 507 tribuitur‘”.

1090 525 1149 551 Non
1166 525 1275 551 dabitur
1291 532 1374 559 porro
1386 524 1548 557 secundum,
1562 525 1584 552 si
1598 533 1650 551 non
1676 524 1847 560 praecesserit

1054 570 1184 605 primum.
1198 570 1226 598 Si
1241 570 1375 598 terribilis
1387 570 1476 598 Iudex
1490 576 1546 597 tum
1559 570 1734 606 judicaturus
1747 570 1846 597 sedens

1055 617 1104 645 tibi
1121 617 1222 644 dixerit
1242 626 1249 643 :
1271 616 1329 643 Non
1343 615 1442 643 dedisti
1459 616 1580 648 veniam,
1595 616 1717 651 quinam,
1732 615 1845 650 petitam

1053 662 1127 693 licet,
1140 662 1279 696 accipies?
1294 661 1352 688 Non
1362 661 1489 689 dimisisti
1504 661 1575 692 aliis,
1588 661 1727 695 quomodo
1752 661 1848 687 remit-

1056 712 1129 735 tetur
1143 708 1210 734 tibi?
1224 708 1341 742 lpsamet
1355 712 1451 734 contra
1470 712 1495 734 te
1513 707 1599 741 ipsam
1619 707 1783 734 sententiam
1803 711 1846 733 tu-

1055 754 1110 781 listi
1125 763 1131 781 :
1149 763 1157 779 ι
1176 754 1205 780 ln
1221 762 1276 789 quo
1293 753 1398 788 judicio
1414 753 1534 788 judicas,
1546 753 1642 781 eodem
1657 753 1761 788 judicio
1774 753 1848 788 judi—

1055 801 1162 828 caberis
1176 802 1208 826 '9.
1224 800 1282 833 Qua
1309 807 1436 827 mensura
1453 799 1569 830 metiris,
1593 800 1689 826 eadem
1720 798 1848 826 remetie—

1056 853 1100 874 tur
1131 847 1180 873 tibi
1212 847 1256 872 η’.
1298 846 1419 873 »Λυιιίςιί
1449 845 1664 875 admonitiones,
1695 844 1846 879 cognovisti

1057 892 1264 927 prmccptiones.
1277 892 1347 925 Quid
1365 892 1413 918 tibi
1444 891 1569 926 pluribus
1594 890 1686 917 verbis
1703 890 1735 916 ad
1752 890 1848 916 salutis

1056 938 1190 965 rationem
1216 945 1286 972 opus
1315 938 1375 965 est?
1397 937 1471 964 Nihil
1500 937 1598 963 horum
1629 935 1739 963 dillicilc
1755 945 1761 962 :
1778 935 1847 962 nihil

1056 991 1200 1018 operosum
1232 984 1337 1018 utique,
1348 983 1416 1010 nihil
1438 982 1613 1010 intractabile
1632 989 1638 1007 :
1654 981 1723 1008 nihil
1750 989 1847 1015 parum

1056 1029 1207 1056 tolerabile.
1225 1028 1279 1056 Sed
1297 1029 1387 1055 omnia
1407 1028 1507 1062 facilia,
1531 1032 1559 1055 et
1579 1027 1708 1054 facillima
1734 1027 1847 1053 volenti.

1056 1075 1083 1101 Si
1105 1075 1189 1110 igitur
1208 1075 1279 1102 inter
1309 1075 1428 1102 humiles
1456 1075 1571 1109 probata
1598 1073 1692 1105 fueris,
1714 1077 1741 1099 ct
1759 1072 1848 1099 ollicio

1056 1121 1128 1147 inter
1143 1120 1307 1154 abjectiores
1324 1120 1456 1155 iungeris,
1480 1120 1604 1147 eamdem
1624 1127 1685 1146 cum
1711 1119 1763 1145 illis
1782 1126 1847 1152 par-

1056 1174 1110 1193 tem
1142 1166 1260 1193 feliciter
1286 1173 1467 1201 consequere,
1484 1165 1531 1200 qui
1550 1166 1626 1199 prius
1640 1164 1752 1199 grandia
1769 1172 1848 1197 aequo

1056 1213 1149 1239 animo
1180 1213 1375 1240 sustinuerunt
1392 1221 1398 1239 ς
1416 1216 1444 1239 et
1463 1211 1691 1238 annumeraberis
1707 1210 1800 1244 primis
1817 1218 1849 1236 ac

1057 1259 1195 1291 secundis,
1212 1264 1241 1286 et
1258 1267 1321 1286 cum
1350 1259 1448 1286 iisdem
1461 1258 1489 1286 in
1506 1258 1626 1293 przeiniis
1646 1265 1678 1284 ac
1696 1257 1849 1284 honoribus

1056 1304 1284 1332 connnunicabis.

1093 1351 1189 1377 Asius.
1205 1351 1262 1382 Die,
1277 1358 1338 1381 oro,
1352 1350 1424 1377 unde
1436 1350 1489 1377 hoc
1507 1350 1656 1385 intelligam
1676 1358 1682 1375 :
1696 1357 1758 1376 nam
1775 1348 1849 1375 amr.-

1057 1397 1141 1423 matio
1160 1401 1205 1423 tua
1227 1397 1270 1423 vix
1287 1401 1329 1423 est
1344 1401 1374 1423 ut
1389 1396 1496 1423 admitti
1517 1401 1609 1431 queat.

1361 1453 1474 1481 CAPUT
1492 1453 1535 1480 Vl.

1056 1500 1107 1533 Qui
1122 1504 1228 1534 propter
1241 1499 1373 1526 Christum
1387 1507 1494 1533 parvas,
1510 1502 1534 1524 et
1553 1506 1651 1532 paucos
1665 1498 1849 1525 tribulatione;

1091 1541 1166 1569 grate
1183 1535 1335 1567 integreque
1364 1534 1529 1565 sustinuerit,
1550 1541 1609 1559 eum
1636 1541 1733 1568 magna
1762 1535 1848 1568 passis

1089 1570 1217 1604 a’r/ualem
1234 1570 1364 1604 futurum.

1091 1627 1174 1655 Cano.
1190 1626 1276 1654 Video
1295 1629 1320 1653 te
1340 1625 1433 1652 verbis
1450 1625 1519 1651 Incis
1531 1624 1612 1651 ﬁdem
1631 1631 1684 1650 non
1713 1623 1847 1658 abiunge—

1056 1682 1096 1706 re,
1119 1673 1168 1701 sed
1192 1672 1332 1703 dubitare,
1361 1676 1389 1698 et
1404 1675 1550 1705 eapropter
1568 1678 1583 1698 e
1597 1670 1747 1704 Scripturis
1769 1669 1847 1695 testi-

1055 1719 1177 1747 monium
1194 1718 1347 1753 requirere.
1375 1717 1415 1744 En
1437 1717 1520 1751 igitur
1540 1716 1725 1743 testimonium
1741 1715 1848 1741 ﬁrmum

1055 1769 1083 1793 et
1106 1765 1239 1793 eximium
1255 1774 1261 1792 :
1278 1764 1366 1799 ipsam
1389 1763 1491 1798 quippe
1515 1763 1674 1795 Veritatem,
1691 1762 1781 1796 ipsum
1799 1761 1848 1787 tibi

1056 1812 1216 1843 Dominum,
1240 1815 1271 1838 ut
1290 1810 1438 1837 verborum
1458 1817 1581 1836 meorum
1602 1814 1698 1836 testem
1723 1807 1849 1834 ﬁdelissi-

1056 1864 1130 1883 mum
1149 1856 1233 1886 dabo,
1250 1860 1280 1882 ut
1305 1855 1400 1881 saltem
1417 1853 1481 1880 hinc
1498 1853 1594 1880 credas
1616 1860 1683 1880 vera
1701 1860 1745 1879 me
1771 1852 1848 1878 locu-

1057 1906 1122 1929 tam.
1146 1901 1186 1929 Ne
1208 1901 1341 1935 respicias
1363 1904 1497 1932 quantum
1523 1900 1659 1933 cujusque
1673 1900 1709 1926 sit
1725 1898 1849 1925 studium

1055 1952 1083 1976 et
1096 1947 1254 1979 contentio;
1279 1954 1330 1973 nec
1353 1945 1501 1980 judicium,
1518 1952 1575 1979 quo
1588 1944 1730 1978 operarios
1756 1948 1849 1977 poste-

1057 1994 1145 2021 riores
1175 1991 1273 2027 primis
1297 1996 1440 2026 exaequat;
1466 1990 1521 2017 illis
1549 1989 1595 2024 qui
1623 1998 1637 2016 a
1662 1989 1748 2023 prima
1782 1989 1849 2015 hora

1057 2040 1153 2074 magis,
1163 2046 1211 2066 eos
1223 2038 1268 2073 qui
1286 2042 1379 2072 postea
1395 2035 1572 2063 mediocriter
1587 2040 1648 2069 post
1663 2034 1847 2065 undecimam,

1057 2086 1167 2122 quando
1182 2085 1216 2113 ad
1233 2085 1340 2112 vincam
1359 2082 1549 2118 pastinandam
1572 2081 1649 2108 missi
1670 2085 1745 2111 sunt,
1768 2079 1845 2106 labo-

1059 2136 1170 2164 rarunt;
1186 2135 1214 2159 et
1229 2138 1284 2166 quo
1299 2134 1379 2165 pacto
1396 2128 1506 2163 quidam
1525 2136 1558 2154 ex
1574 2127 1660 2162 prima
1679 2127 1747 2152 hora
1772 2133 1848 2151 mur—

1058 2178 1219 2211 muraverit,
1234 2175 1436 2212 posterioribus
1450 2173 1563 2208 aequalis
1581 2173 1696 2207 przentii.
1711 2172 1847 2199 dationem

1058 2223 1194 2255 invidens,
1211 2221 1399 2255 audieritqnc,
1412 2230 1420 2245 ‹
1439 2220 1544 2250 Amice.
1561 2227 1625 2245 non.
1642 2217 1711 2245 Facio
1736 2216 1785 2243 tibi
1807 2216 1846 2243 in—

208 2267 322 2296 ledicat.
335 2268 471 2297 Delictum
493 2270 518 2297 ei
538 2270 659 2305 ignosce,
674 2273 796 2296 erratum
813 2269 937 2296 condona
952 2278 958 2296 :
972 2273 1003 2296 ut
1018 2266 1041 2294 D
1053 2268 1171 2304 juriam;
1188 2267 1251 2294 tolle
1270 2265 1434 2299 quodtuum
1449 2265 1527 2292 est.“o
1608 2273 1618 2288 ι

245 2323 295 2341 ³⁸*
305 2323 402 2354 Matth.
416 2333 443 2359 v,
475 2326 518 2354 l2.
556 2327 579 2343 ¹⁹
588 2326 669 2354 Rom.
685 2334 714 2359 u,
734 2327 759 2352 l.
794 2326 816 2342 ¹⁹
827 2327 834 2336 ·
851 2325 949 2353 Matth.
960 2333 1009 2358 vn,
1021 2325 1047 2352 2.

1087 2325 1108 2341 ³ο
1126 2325 1221 2352 Matth.
1238 2332 1283 2354 xx.
1302 2323 1345 2350 15.

957 2382 1098 2413 Scholia.

248 2451 255 2460 ‘
271 2449 493 2478 Chrvsostomus.
507 2447 547 2475 Ne
562 2447 697 2475 doleamus
713 2448 784 2474 nobis
806 2447 927 2474 maledici
939 2455 947 2473 :
959 2447 1004 2473 sed

206 2478 418 2524 “remaledici.
431 2483 482 2524 Qui
499 2484 573 2524 enim.
594 2487 783 2524 contemptum,
796 2481 1003 2524 contumeliam,

209 2517 399 2546 detrimentum
413 2519 534 2550 culina,
547 2519 588 2544 hic
602 2517 703 2545 salvari
718 2518 822 2552 poterit.
838 2517 915 2543 Malo
936 2517 1005 2542 enim

207 2563 271 2582 cum
286 2553 436 2580 humilitate
448 2553 526 2584 uinci,
540 2561 618 2586 quam
631 2561 690 2579 cum
704 2553 826 2587 superbia
840 2553 954 2578 vincere.

247 2592 268 2600 "
283 2587 339 2615 Hoc
351 2588 508 2623 principium
519 2587 614 2614 salutis
626 2592 674 2618 est,
685 2591 709 2614 et
722 2587 877 2623 mutationis
888 2587 1004 2623 optimm,

209 2624 316 2660 penitus
333 2621 470 2660 pudeﬁgri,
483 2623 586 2660 penitus
598 2631 647 2649 sua
659 2623 730 2657 facta
744 2622 883 2660 damnare,
896 2621 1006 2660 agniti-

209 2656 338 2694 jmulere.
350 2656 427 2690 Quod
443 2658 468 2694 si
489 2658 580 2684 animo
597 2661 643 2694 tua
658 2656 770 2692 peccatis
784 2658 873 2694 amna,
887 2656 1006 2694 afﬂictio:

210 2690 260 2721 ita
271 2694 297 2720 ei
308 2693 521 2727 supervenientes
537 2690 671 2727 repudiat,
682 2696 738 2718 tum
752 2690 840 2727 angeli
851 2692 882 2718 de
894 2690 925 2717 ea
938 2690 1006 2717 illud

210 2733 395 2763 Itur-pontu
423 2727 581 2754 Curavimu
618 2727 791 2762 Babylonem,
829 2731 853 2753 et
888 2734 941 2752 non
969 2730 1007 2752 est

209 2762 311 2798 sanata
328 2762 439 2798 (Jerem.
457 2771 494 2794 LI,
509 2763 548 2796 9).
565 2772 574 2787 ι

251 2800 282 2810 ⁸⁸·
297 2797 326 2825 δε
333 2796 404 2825 nihil
422 2805 560 2831 partarum
572 2796 648 2823 debes
673 2796 735 2828 Deo,
745 2796 868 2823 debentes
893 2798 1003 2824 misere-

211 2841 254 2865 re.
267 2837 295 2861 et
309 2837 447 2860 mansuete
461 2833 520 2858 illos
538 2837 624 2858 tracta
642 2840 650 2857 :
665 2832 851 2858 misericordia:
874 2832 1004 2866 siquidem

210 2868 285 2897 Deus
303 2867 513 2895 misericordiam
530 2867 658 2901 rependit.

249 2903 331 2932 Basil.
346 2903 500 2938 Septuagies
517 2903 608 2937 septies
624 2901 805 2928 dimittenda»:
821 2907 870 2935 cst,
894 2904 935 2929 (δὶ
953 2911 1002 2936 pue-

1056 2447 1197 2474 nit‘entiam
1207 2447 1298 2482 egerit,
1310 2455 1318 2470 ι
1333 2444 1418 2482 inquit
1428 2443 1532 2482 (Manli.
1550 2451 1625 2482 avni,
1643 2443 1677 2482 ‘7’?
1688 2451 1694 2475 ;
1707 2442 1767 2482 .Luc.
1779 2450 1845 2471 xvu,

1055 2482 1093 2515 4).
1104 2482 1161 2515 Quo
1177 2478 1246 2509 enim
1257 2485 1333 2516 pacto
1355 2478 1484 2516 quispiam
1494 2479 1654 2516 dimiserit}?
1671 2478 1715 2513 qui
1726 2486 1771 2503 nec
1786 2485 1846 2511 ρίτ-

1054 2514 1126 2543 casse
1143 2525 1172 2543 se
1184 2514 1293 2551 fatetur,
1307 2524 1354 2542 nec
1366 2515 1545 2551 paenitentiam
1560 2514 1635 2546 agit?

1092 2554 1134 2564 “"
1146 2547 1244 2579 Isidor.
1260 2551 1298 2579 Ne
1314 2554 1387 2585 putes
1400 2550 1612 2585 exercitationem
1625 2547 1845 2585 virtutisinsidias

1055 2587 1182 2622 repellere
1195 2594 1287 2621 posse;
1299 2586 1415 2612 maxime
1432 2584 1501 2610 enim
1517 2584 1583 2610 tales
1600 2584 1700 2610 insidiis
1718 2588 1779 2609 sunt
1801 2591 1847 2622 ea;-

1059 2619 1136 2657 positi
1151 2619 1241 2648 eorum
1267 2621 1311 2656 qui
1338 2621 1462 2647 honorem
1489 2628 1540 2657 non
1559 2622 1762 2657 caltseqmlnlur,
1785 2619 1848 2652 quia

1059 2655 1086 2683 ire
1102 2658 1127 2683 in
1143 2658 1240 2684 virtute
1254 2664 1305 2683 non
1328 2659 1457 2689 exercent,
1469 2659 1493 2680 et
1515 2655 1548 2680 iis
1572 2655 1616 2689 qui
1640 2655 1742 2680 virtutis
1767 2661 1847 2689 causa

1060 2693 1235 2722 honorantur,
1250 2690 1375 2718 invident.
1387 2688 1501 2716 Pra’stat
1516 2687 1598 2723 igitur
1614 2689 1736 2715 uirtutem
1756 2687 1844 2714 rolen-

1059 2731 1096 2753 tes
1118 2735 1241 2762 generoso
1260 2726 1352 2762 animo
1378 2724 1526 2762 invidorum
1550 2725 1709 2762 pravitatem
1736 2723 1846 2757 perpeti,

1057 2758 1138 2795 quam
1154 2762 1282 2788 invidiam
1298 2759 1427 2795 fugientes
1441 2767 1457 2785 a
1470 2760 1565 2784 virtute
1582 2758 1735 2795 desciscere.

1094 2797 1218 2823 Basilius.
1230 2790 1315 2830 Saepe,
1327 2790 1370 2828 qui
1386 2793 1510 2830 cuiquam
1535 2793 1668 2830 quoddam
1681 2795 1704 2817 rt
1719 2791 1746 2830 in
1762 2790 1849 2830 mydia

1055 2833 1167 2865 positum
1181 2824 1294 2865 o/ﬁcium
1310 2824 1469 2863 dsequitur,
1491 2824 1578 2862 major
1600 2832 1636 2854 est
1650 2834 1680 2852 eo
1699 2825 1743 2859 qui
1766 2824 1847 2851 libere

1055 2867 1166 2894 alumnis
1180 2867 1282 2901 [mittas
1299 2871 1345 2892 cat.
