4036 6444
417 346 526 412 723

1640 346 1983 408 PHILIPPI
2023 348 2416 410 SOLITARII

3567 354 3669 414 7⁵24

484 454 623 511 Cum
681 454 847 528 igitur
905 453 1073 506 (Ῑίυῖιε
1107 469 1124 499 ⁴
1192 452 1370 505 Erum
1404 453 1568 522 primi
1630 453 1938 514 ηονίεεῖητὶς
1969 472 1986 504 ³
2024 458 2064 516 Α
2097 456 2415 522 Davide,de
2455 457 2708 528 panibus,
2729 460 2794 515 de
2844 458 3045 531 gladio,
3069 468 3126 515 et
3169 459 3352 515 verbis
3391 459 3668 518 hominem

411 557 847 602 murmuratores
903 543 1165 614 intellige.
1227 563 1244 593 σ
1284 543 1353 596 Et
1400 543 1680 598 novissimi
1739 544 1925 612 primi,
1962 561 1978 594 ι

413 649 594 710 gratos
624 647 677 692 et
709 635 956 691 beneficii
1010 650 1282 690 memores
1321 635 1531 706 accipe,
1577 635 1670 705 qui
1724 634 1988 690 fratribus

414 743 524 783 non
559 725 824 791 invident,
867 733 924 780 et
970 725 1200 796 gratiam
1267 729 1591 793 agnoscunt.
1619 722 1719 788 Qui
1776 721 1988 794 judicat

413 835 624 878 omnes.
649 819 718 872 ita
741 816 1012 888 judicavit
1039 834 1052 871 :
1081 816 1206 886 quis
1235 816 1303 871 de
1336 827 1534 872 etetero
1561 815 1729 872 habet
1754 829 1853 868 cur
1882 813 1986 868 du-

413 911 587 964 bitet?

477 1003 672 1058 Amm.
706 1001 1078 1067 Excellenter,
1112 1015 1176 1056 ac
1203 1001 1514 1055 necessario
1544 1000 1774 1071 colligis,
1800 1013 1856 1056 et
1879 1015 1988 1072 quo

413 1093 483 1148 de
551 1091 753 1165 agitur,
793 1091 997 1166 probas
1043 1091 1270 1164 optime.
1314 1088 1524 1144 SulIicit
1571 1089 1728 1156 mihi,
1776 1090 1986 1154 etiamsi

411 1184 572 1258 plura
605 1200 771 1255 super
793 1183 898 1242 hoc
933 1197 1196 1252 quaeram.

487 1275 651 1331 Cano.
705 1278 898 1330 Acrem
932 1282 983 1329 te
1017 1273 1072 1330 in
1105 1273 1353 1344 urgendo
1402 1274 1642 1346 reperio,
1667 1285 1723 1329 et
1762 1274 1816 1328 in
1865 1290 1990 1348 per-

377 1387 381 1393 ·
415 1366 725 1424 cunctando
755 1367 980 1422 multam
1015 1381 1201 1421 cerno.
1237 1366 1438 1428 Teutas
1470 1367 1616 1421 enim
1669 1383 1778 1433 me,
1802 1377 1862 1422 ut
1890 1383 1987 1422 ex-

417 1459 648 1526 periarls
681 1459 933 1524 fortasse,
981 1466 1167 1512 utrum
1220 1457 1285 1513 ad
1345 1457 1812 1529 interrogationes
1869 1469 1990 1513 tuas

416 1549 642 1606 dubium
719 1550 999 1622 quippiam
1059 1551 1346 1605 elocutura
1403 1551 1531 1614 sim,
1575 1566 1738 1621 quam
1808 1553 1990 1623 potius

417 1641 532 1695 vela
581 1642 910 1697 contrahere
953 1643 1215 1710 oportuit.
1268 1641 1537 1708 Quoniam
1596 1651 1778 1700 autem
1837 1645 1988 1713 plura

419 1731 730 1786 testimonia
786 1733 1053 1803 postulas,
1097 1732 1235 1788 cedo
1269 1743 1326 1788 et
1379 1733 1704 1803 obtempero
1768 1734 1894 1802 tibi;
1931 1745 1985 1788 tu

419 1823 643 1878 adverte
691 1824 768 1880 sis
799 1825 1046 1879 animum
1087 1843 1100 1878 :
1138 1833 1332 1880 testem
1367 1825 1516 1880 enim
1558 1825 1810 1881 dabimus
1847 1826 1991 1880 haud
2029 1810 2069 1864 Β

419 1913 732 1978 obscurum,
758 1915 890 1986 quin
952 1915 1222 1986 insignem
1292 1916 1479 1984 potius
1515 1926 1570 1970 et
1610 1917 1992 1981 excellentem,

420 2019 675 2074 magnum
731 2005 1088 2076 divinumque
1122 2002 1337 2068 Patrem
1380 2014 1436 2060 et
1487 2007 1816 2077 Prophetam
1865 2007 1994 2061 illu-

418 2106 580 2150 strem
591 2136 605 2157 ,

486 2183 677 2238 ANIIA.
700 2184 986 2250 Quisnam,
1018 2191 1075 2238 et
1098 2183 1245 2237 unde
1277 2183 1395 2237 est?
1428 2183 1518 2244 die
1551 2187 1758 2240 statim.

486 2274 652 2329 Cano.
692 2274 1088 2330 Sanctissimus
1143 2274 1308 2328 Pater
1364 2274 1615 2340 David,a
1659 2291 1770 2345 quo
1827 2293 1999 2347 genus

422 2378 583 2428 suum
615 2365 896 2430 Christum
933 2363 1239 2419 secundum
1265 2379 1482 2417 carnem
1510 2363 1684 2419 duxit.
1710 2365 1814 2420 Sed
1844 2368 2000 2436 prius

426 2466 592 2511 totam
626 2472 746 2512 rem
773 2464 979 2527 gestam
1017 2456 1187 2522 audi;
1221 2455 1470 2510 dicemus
1504 2464 1785 2524 postremo
1834 2475 2001 2530 quor-

423 2561 543 2600 sum
587 2547 804 2602 tandem
866 2562 930 2603 ea
969 2554 1196 2616 spectet.
1257 2545 1549 2612 Postquam
1612 2548 1865 2617 egregius
1909 2549 2000 2603 ille

423 2639 506 2691 vir
567 2638 879 2693 GoIiathum
969 2638 1308 2705 interfecit‘,
1382 2633 1510 2693 Saul
1574 2639 1746 2706 pactis
1828 2648 1998 2706 stans,

425 2739 710 2786 strenuum
745 2731 1064 2786 bellatorem
1115 2732 1370 2794 accersit,
1428 2746 1667 2801 eumque
1723 2732 1810 2786 his
1875 2748 2000 2785 ver-

424 2823 511 2878 bis
573 2823 866 2893 compellat
924 2823 1140 2888 :Ecce,
1204 2823 1277 2876 mi
1327 2838 1512 2893 gener,
1585 2822 1772 2877 Merob
1831 2824 2004 2894 major

424 2925 556 2970 natu
609 2914 842 2969 ﬁliarum
882 2929 1148 2980 mearum,
1216 2914 1376 2986 longe
1425 2915 1832 2976 venustissima,
1882 2931 2002 2970 eam

420 3006 529 3062 tibi
590 3008 875 3078 conjugem
936 3007 1259 3077 promissam
1305 3007 1527 3062 habeto.
1565 3006 1668 3061 Sec
1697 3006 1826 3061 huic
1882 3007 2005 3062 tho-

432 3112 528 3152 rus
600 3096 890 3151 Davidieus
943 3111 1053 3150 non
1116 3097 1344 3166 placuit.
1409 3096 1622 3158 Placuit
1674 3105 1858 3152 autem
1919 3111 2008 3150 se-

426 3187 640 3249 cundae,
701 3186 898 3241 Miehol
956 3201 1176 3256 nempe,
1245 3203 1366 3257 quae
1420 3187 1713 3257 prudentia
1769 3187 2008 3242 excelle-

427 3279 539 3331 bat.
587 3276 739 3331 Hane
781 3275 952 3329 forma
1000 3283 1346 3345 praestantem
1383 3276 1550 3330 David
1588 3275 1692 3330 sibi
1739 3277 2006 3347 conjuga-

427 3369 526 3424 vit.
556 3367 813 3421 Mulieres
859 3365 1024 3436 igitur
1064 3366 1260 3420 hilaria
1312 3367 1632 3436 nuptiarum
1686 3377 1876 3438 agunt,
1909 3381 2008 3436 pro

433 3474 585 3514 more
614 3458 816 3512 choros
861 3455 1091 3520 ducunt,
1131 3455 1498 3522 obiectantur,
1546 3455 1889 3528 gratulantur
1916 3473 1930 3509 :
1955 3463 2012 3510 et

432 3558 489 3605 et
518 3565 642 3604 cum
673 3547 886 3614 Davidi,
909 3556 1022 3601 tum
1051 3547 1215 3602 Saulo
1243 3546 1486 3601 carmina
1529 3545 1854 3600 suavissime
1889 3559 2009 3598 mo-

437 3643 699 3698 dulantur
751 3641 805 3694 in
861 3640 1005 3695 hanc
1054 3639 1431 3694 sententiam:
1470 3657 1488 3688 ε
1541 3636 1826 3692 Percussit
1881 3635 2011 3689 Saul

438 3735 607 3799 mille,
633 3742 687 3787 et
715 3731 885 3786 David
912 3731 1102 3786 decem
1137 3730 1306 3785 millia
1327 3729 1396 3782 “.
1442 3747 1460 3780 ι
1514 3727 1669 3793 Quod
1724 3726 1819 3780 ubi
1882 3725 2011 3780 Saul

437 3827 904 3892 audivit,invidit,
929 3837 984 3880 et
1015 3825 1354 3890 succensuit,
1395 3833 1451 3878 et
1495 3821 1703 3888 furere,
1744 3820 2012 3876 cruciari-

435 3934 541 3987 que
566 3918 770 3987 coepit:
809 3936 827 3968 ι
857 3917 1009 3980 Mihi,
1039 3916 1239 3985 inquit,
1266 3913 1417 3969 mille
1463 3912 1759 3975 dederunt,
1800 3922 1856 3966 et
1900 3911 2010 3966 lilio

437 4011 537 4064 Isai
566 4010 753 4064 decem
784 4008 952 4063 millia
981 4008 1048 4060 ³¹¹.
1100 4007 1181 4061 Ex
1210 4021 1276 4060 eo
1311 4003 1545 4059 sollicite
1579 4002 1648 4058 de
1681 4017 1884 4073 genero
1911 4018 2009 4058 oe-

439 4097 673 4170 cideudo
718 4111 906 4151 secum
955 4094 1234 4164 cogitavit.
1255 4092 1313 4146 Id
1351 4091 1445 4146 ubi
1475 4091 1717 4158 rescivit,
1747 4093 1834 4146 cui
1870 4093 2012 4146 invié

440 4186 694 4248 debatur,
727 4185 844 4238 sine
875 4198 1028 4236 mora
1052 4181 1288 4251 fugiens,
1312 4179 1377 4233 ad
1408 4179 1764 4234 Aehimeleeh
1799 4194 2012 4245 senem,

441 4290 496 4332 et
521 4275 864 4330 sacerdotem
895 4274 1067 4337 venit,
1091 4287 1261 4343 panes
1290 4271 1684 4342 propositionis
1714 4273 2016 4328 necessita-

440 4379 498 4421 te
522 4367 751 4420 adactus
789 4364 1028 4420 comedit
1073 4373 1408 4434 acceptoque
1456 4365 1636 4435 gladio
1686 4365 1812 4422 inde
1856 4367 2012 4424 abiit.

2096 548 2358 613 concitat,
2393 558 2557 620 atque
2591 551 2671 604 ira
2699 551 3018 606 inﬂammat.
3048 552 3162 606 Rex
3197 551 3390 616 iratus,
3417 553 3670 610 Achime-

2095 637 2312 694 leehum
2354 641 2603 697 advocat.
2628 642 2852 698 Sistitur
2881 644 2972 698 ille
3005 643 3072 696 ad
3115 643 3410 712 judicium,
3437 655 3493 700 et
3527 662 3669 716 sup-

2091 731 2347 800 plicium.
2377 732 2444 788 Ut
2471 743 2675 803 potest,
2708 749 2890 788 veram
2921 750 2986 788 ac
3031 735 3234 806 justam
3292 734 3667 790 defensionem

2095 821 2254 876 atlert
2290 842 2300 874 :
2333 838 2440 877 non
2471 839 2527 878 se
2558 824 2819 878 Davidem
2850 834 2912 879 ut
2945 825 3258 894 fugitivum,
3281 825 3378 880 sed
3417 835 3475 878 ut
3503 839 3669 894 gene-

2097 929 2218 968 rum
2259 912 2400 984 regis
2450 915 2736 984 accipisse.
2789 916 2856 970 Et
2917 916 3189 988 profecto,
3238 931 3349 986 quo
3399 925 3545 972 esset
3582 917 3672 970 ille

2097 1004 2302 1068 animo,
2353 1019 2462 1057 non
2523 1005 2846 1074 cognovisse
2897 1005 3230 1074 :ignorasse
3291 1004 3344 1057 id
3391 1004 3670 1071 funditus;

2093 1095 2329 1166 proinde
2369 1096 2805 1152 misericordiam
2843 1105 3051 1167 petere.
3079 1094 3203 1150 Hcce
3229 1109 3392 1150 senex
3415 1095 3669 1149 Achime-

2097 1186 2216 1258 lceh
2267 1203 2483 1258 poenam
2514 1191 2821 1258 deprecans
2848 1189 3100 1257 profatus
3145 1196 3246 1240 est.
3269 1185 3390 1239 Non
3423 1184 3671 1239 ﬂectitur

2094 1273 2250 1344 'Saut,
2281 1279 2374 1334 sed
2422 1279 2599 1348 ipsum
2657 1279 2984 1348 principem,
3009 1291 3312 1346 omnesque
3355 1275 3672 1330 sacerdotes

2097 1371 2233 1425 alios
2265 1371 2328 1426 ad
2365 1386 2550 1426 necem
2596 1369 2947 1430 condemnat,
2970 1377 3025 1423 et
3073 1383 3266 1422 omnes
3307 1366 3671 1436 comprehen-

2097 1463 2458 1532 densDeogus
2474 1463 2703 1534 jugulat.
2727 1461 2839 1517 lIeu
2861 1460 3273 1516 crudelitatem!
3293 1458 3433 1512 Ante
3457 1471 3671 1522 omnes,

2098 1555 2344 1624 inquam,
2372 1539 2844 1614 Achimelechum,
2874 1551 3073 1607 deinde
3099 1551 3236 1612 alios
3277 1564 3490 1610 omnes,
3517 1557 3673 1602 octo-

2095 1644 2243 1715 ginta
2287 1644 2553 1714 quinque,
2594 1657 2785 1697 omnes
2815 1632 3102 1711 fungentes
3129 1637 3320 1700 sacris.
3345 1651 3539 1692 omnes
3579 1649 3674 1704 ge-

2098 1749 2308 1796 stantes
2361 1738 2543 1809 ephod
2607 1738 2661 1792 in
2721 1739 2843 1792 loco
2883 1729 3437 1790 venerandozsimul
3508 1727 3674 1782 etiam

2099 1838 2368 1900 quotquot
2388 1828 2696 1898 reperiebat
2718 1826 2869 1882 urbis
2895 1825 3042 1878 illius
3064 1819 3422 1877 sacerdotalis
3448 1817 3675 1881 incolas,

2100 1920 2304 1976 nemini
2332 1920 2611 1990 parcendo
2639 1918 2833 1989 gladiis
2862 1915 3179 1970 trucidat“.

2171 2012 2338 2066 David
2381 2028 2545 2080 porro
2575 2026 2698 2065 eum
2732 2008 2960 2078 fugisset
3010 2005 3078 2061 ad
3135 2003 3302 2060 Achis
3353 2017 3536 2073 regem
3588 2017 3680 2056 re~

2100 2102 2280 2171 gionis
2308 2100 2429 2166 Get,
2475 2100 3187 2169 alienigenam,quanquam
3213 2093 3318 2149 sibi
3355 2102 3548 2146 notum

2105 2192 2434 2260 timeretque
2517 2203 2584 2244 ne
2668 2187 2800 2258 quid
2868 2187 3302 2254 inexspectatum
3377 2188 3679 2251 pateretur,

2102 2281 2401 2352 prudenter
2427 2294 2484 2334 se
2513 2277 2864 2350 epileptieum
2900 2274 3074 2339 finxit,
3119 2272 3439 2352 optimoque
3470 2268 3574 2323 fine
3606 2283 3670 2321 ac

2104 2350 2272 2441 secpo
2318 2378 2504 2424 uotum
2557 2383 2716 2422 suum
2753 2364 2968 2420 fefellit.
2994 2350 3167 2429 Quam
3233 2359 3525 2422 fallaciam,
3573 2357 3682 2410 cal-

2101 2464 2440 2519 Iiditatemve
2484 2477 2608 2524 cum
2665 2459 2931 2530 toparcha
2964 2472 3075 2511 non
3124 2453 3476 2522 intelligeret,
3505 2450 3681 2518 ipsum

2105 2555 2339 2624 expulit,
2369 2551 2808 2620 domesticosque
2829 2564 2929 2621 pro
2953 2545 3139 2602 stultis
3170 2539 3549 2612 reprehendit,
3579 2536 3670 2606 qui

2104 2645 2383 2701 hominem
2425 2644 2676 2698 insanum
2709 2641 2774 2696 ad
2811 2655 2868 2696 se
2917 2635 3372 2695 introduxissent.
3403 2629 3535 2682 Inde
3569 2626 3678 2681 sal—

2105 2754 2205 2793 vus
2233 2736 2299 2791 ad
2327 2737 2644 2807 speluncam
2673 2732 2921 2790 Odollam
2953 2728 3227 2800 pervenit.
3279 2725 3383 2780 Ubi
3413 2723 3492 2778 sic
3526 2720 3682 2775 brevi

2107 2846 2326 2885 manum
2369 2839 2593 2897 parvam
2645 2825 2888 2896 collegit.
2929 2823 3052 2877 aliis
3106 2816 3328 2874 aliunde
3364 2815 3431 2870 ad
3465 2829 3590 2868 eum
3625 2825 3686 2866 se

2107 2920 2553 2993 adjungentibus,
2584 2915 2882 2986 assumptis
2913 2915 3020 2968 illis
3059 2911 3124 2967 ad
3167 2909 3334 2964 Aehis
3385 2913 3571 2960 mente
3595 2917 3683 2956 sa-

2108 3031 2176 3068 na
2217 3014 2460 3078 revertit,
2485 3022 2541 3066 et
2571 3010 2784 3081 Siceleg
2819 3024 2916 3080 pro
2975 3021 3074 3062 suo
3115 3003 3530 3067 amicorumque
3579 2995 3681 3048 do—

2113 3105 2318 3161 micilio
2349 3107 2404 3158 in
2441 3118 2666 3156 munere
2731 3099 2951 3169 accipit.
3006 3095 3243 3151 Gerebat
3301 3103 3414 3146 tum
3474 3087 3685 3146 bellum

2115 3197 2298 3262 Acbis,
2355 3209 2516 3264 quem
2570 3201 2763 3246 contra
2829 3189 3018 3243 hostes
3073 3183 3314 3256 juvenis,
3368 3189 3423 3235 et
3487 3178 3690 3245 hospes

2113 3288 2285 3342 David
2348 3283 2663 3355 adjuvabat.
2716 3279 2982 3336 Triduum
3054 3275 3414 3348 praztcrierat,
3455 3287 3521 3325 ex
3576 3282 3687 3337 quo

2112 3379 2280 3436 David
2316 3377 2588 3434 abfuerat.
2626 3373 2840 3428 Interea
2873 3368 3187 3425 Amalecitae
3237 3365 3451 3434 Siceleg
3491 3361 3688 3416 urbem

2113 3468 2623 3530 circumdederant;
2673 3472 2730 3518 et
2785 3460 3043 3532 quoniam
3120 3454 3506 3514 defensoribus
3575 3460 3689 3504 tum

2114 3559 2359 3622 carebat,
2384 3559 2520 3614 citra
2550 3555 2798 3610 laborem
2829 3557 3186 3622 occuparant,
3206 3545 3503 3616 omniaque
3548 3541 3689 3596 diri—

2117 3657 2371 3720 puerant,
2397 3647 2668 3715 simulque
2696 3643 2977 3705 mulieres,
3012 3655 3238 3710 pueros,
3264 3637 3496 3706 puellas,
3517 3632 3690 3703 virgi-

2116 3735 2216 3796 nes
2249 3739 2303 3793 in
2353 3737 2674 3793 servitutem
2735 3733 3098 3796 abduxerant,
3145 3738 3201 3786 et
3246 3727 3379 3782 viris
3423 3729 3695 3796 quotquot

2116 3833 2333 3887 inerant
2383 3827 2603 3890 occisis,
2633 3824 2895 3895 oppidum
2935 3820 3191 3876 incendio
3226 3816 3692 3888 disperdideraut.

2117 3919 2374 3977 Pervenit
2404 3915 2472 3970 ad
2497 3930 2661 3969 aures
2701 3912 2870 3968 David
2904 3907 3336 3981 Sicelcgensium
3364 3905 3649 3962 calamitas
3675 3919 3690 3969 ;

2118 4011 2476 4082 perturbatus
2513 4016 2594 4063 est
2619 4006 2903 4068 animo,ut
2935 4003 3160 4057 heroem
3197 4007 3410 4060 tantum
3470 4007 3693 4080 pertur-

2119 4102 2237 4158 bari
2269 4099 2653 4162 conveniebat,
2673 4113 2798 4152 cum
2850 4109 3042 4150 omnes
3098 4090 3374 4146 hostiliter
3435 4095 3697 4140 tractatos

2118 4202 2416 4251 cerneret:
2448 4199 2871 4260 commotusque
2906 4196 2964 4250 et
3016 4185 3408 4248 inflammatus,
3436 4178 3694 4234 Abiatha-

2118 4303 2264 4352 rum,
2313 4285 2407 4356 qui
2463 4281 2756 4339 sacerdotii
2813 4279 3120 4352 principatu
3155 4286 3212 4332 et
3264 4282 3480 4345 genere
3516 4271 3697 4325 clarus

2119 4387 2258 4442 erat,
2283 4391 2500 4431 sacrum
2531 4373 2709 4444 ephod
2745 4371 3020 4442 applicare
3052 4367 3239 4421 statim
3269 4362 3452 4436 jussit.
3479 4369 3540 4413 ut
3565 4359 3697 4411 illuc

448 4455 644 4510 Aderat
671 4463 785 4509 tum
823 4456 972 4524 Doeg
999 4454 1191 4525 Syrus,
1212 4453 1395 4509 Saulis
1424 4463 1706 4524 pastorum
1745 4458 2006 4527 petentis-

2122 4478 2321 4524 eventu
2384 4464 2627 4536 cognito,
2675 4462 2731 4516 in
2775 4461 2964 4514 hostes
3021 4453 3365 4526 procederet.
3409 4447 3696 4544 Cognovit,

446 4546 636 4600 simus.
659 4545 830 4600 David
871 4545 1162 4616 fugitivum
1204 4546 1403 4610 cernit,
1421 4546 1489 4600 ad
1549 4545 1767 4602 Saulem
1819 4553 2018 4616 currit,

445 4643 627 4697 omnia
671 4642 968 4708 renuntiat,
995 4640 1178 4696 omnia
1212 4641 1446 4704 revelat,
1475 4640 1547 4695 de
1575 4641 1916 4710 Abitnelech,
1950 4645 2019 4702 de

519 4781 560 4813 ³⁸
616 4780 640 4834 I
694 4780 828 4850 Reg.
887 4795 1039 4845 xvm,
1088 4779 1142 4833 7.
1216 4779 1259 4810 ³³
1309 4778 1447 4832 Ibid.
1503 4778 1556 4832 8.

2125 4569 2330 4627 eosque
2393 4531 2479 4610 ad.
2526 4561 2828 4609 torrentem
2881 4550 3046 4604 Besor
3095 4551 3419 4616 persecutus
3450 4544 3554 4602 est,

2129 4623 2543 4720 impedimentis
2597 4645 2832 4708 relictis,
2853 4650 2910 4696 ct
2935 4639 3003 4695 ad
3043 4653 3108 4693 ea
3146 4630 3504 4692 custodienda
3549 4623 3694 4680 mili-

1916 4890 2190 4954 Scholia.

520 5023 535 5037 '
561 5015 856 5086 lChrysost.
908 5014 966 5072 Si
1004 5017 1166 5086 virtus
1202 5015 1359 5086 absit,
1393 5013 1558 5086 nulla,
1591 5024 1666 5070 est
1709 5017 1767 5086 iu
1787 5015 2020 5082 corporis

450 5082 837 5155 compositione,
863 5094 911 5138 et
952 5084 1143 5141 uiribus
1189 5084 1416 5155 utilitas.
1444 5082 1653 5142 Goliath
1695 5084 2017 5152 alienigena,

450 5167 502 5209 et
531 5154 685 5210 Saul.
703 5155 900 5207 robusti
928 5161 1079 5217 erant
1108 5170 1126 5224 .j
1151 5155 1241 5206 sed
1261 5154 1512 5224 quoniam
1536 5155 1725 5216 uirtute
1744 5157 2018 5217 carebant,

454 5225 584 5286 nihil
610 5225 714 5277 illis
743 5239 992 5292 corporea
1011 5222 1181 5276 moles
1216 5222 1474 5291 roburque
1503 5224 1870 5276 commodavit.

528 5300 569 5318 "
615 5293 809 5347 Isidor.
868 5292 1071 5345 Eadem
1119 5302 1332 5361 peccata
1381 5301 1428 5345 et
1477 5304 1690 5360 propter
1751 5298 1947 5357 locum,
1975 5303 2023 5346 et

453 5376 668 5431 propter
693 5373 895 5430 tempus
928 5364 1172 5429 grauiora
1194 5362 1350 5430 ﬁunt.
1377 5362 1619 5430 Exempli
1641 5378 1825 5422 causa,
1861 5363 2024 5416 caedes

455 5450 612 5508 graue
631 5432 797 5486 scelus
821 5440 895 5508 est
920 5446 1072 5508 :quw
1090 5434 1134 5486 si
1158 5433 1210 5484 in
1234 5432 1344 5508 loco
1365 5448 1516 5508 sacro
1537 5432 1814 5485 commissa
1846 5431 2024 5499 fuerit,

458 5502 692 5556 i-additur
740 5503 1085 5565 sceleratior;
1111 5502 1250 5570 quod
1295 5503 1341 5556 si
1390 5502 1549 5554 etiam
1579 5517 1730 5554 sacro
1773 5511 2024 5569 tempore,

452 5572 876 5634 sceleratissimo.
911 5570 1050 5635 Quia
1099 5573 1260 5640 igitur
1288 5573 1452 5624 aedes
1483 5586 1574 5638 per
1596 5588 1651 5623 se
1684 5574 1856 5636 ipsein
1896 5570 2027 5623 diri-

457 5650 614 5700 tatem
637 5644 810 5703 habet,
837 5645 880 5695 si
909 5641 1073 5701 locus,
1119 5652 1211 5692 aut
1255 5652 1476 5707 tempus,
1518 5648 1608 5690 aut
1637 5653 1863 5707 partem
1912 5655 2026 5693 eam

461 5713 684 5777 auxerit,
707 5712 871 5765 dirior
897 5712 1070 5779 utique
1095 5718 1140 5760 et
1170 5708 1322 5778 longe
1349 5709 1559 5776 gravior
1595 5709 1855 5778 cﬁcietur.

2189 5019 2246 5038 ‘“
2285 5014 2666 5084 Interrogatio.
2720 5013 2781 5066 In
2849 5010 3041 5084 psalmi
3092 5005 3445 5084 inscriptione.
3488 5000 3697 5084 Mume-

2120 5085 2228 5138 leclt
2252 5072 2593 5149 nominatur;
2618 5086 2692 5138 ait
2715 5072 2860 5136 enini
2884 5097 2909 5152 :7
2934 5076 3228 5152 tiPsalnsus
3257 5072 3698 5152 Damon-quando

2118 5156 2420 5208 iamutauit
2451 5143 2640 5221 faciem
2671 5169 2852 5206 coram
2880 5147 3196 5221 Abimelecll,
3257 5151 3306 5196 et
3352 5143 3548 5221 dimisit
3569 5157 3697 5221 [euut

2127 5224 2297 5291 (Paul.
2319 5209 2506 5280 ιχχιίι.
2542 5223 2617 5289 1).
2659 5241 2678 5274 ι
2714 5222 2811 5276 Hic
2840 5228 3017 5291 autent
3039 5217 3190 5291 Αεζείδ
3219 5212 3539 5291 appellatur:
3561 5209 3701 5291 Quid

2127 5281 2220 5347 hoc
2262 5294 2359 5346 sibi
2413 5293 2522 5346 uult
2547 5281 2589 5348 θ’
2629 5322 2701 5333 -
2749 5287 3074 5353 Responsio.
3113 5281 3275 5353 Reges
3304 5281 3386 5335 illi
3442 5281 3701 5353 habebant

2128 5379 2398 5416 commune
2425 5379 2612 5416 nomen
2642 5351 2960 5419 Abimelech,
2998 5351 3233 5410 seorsum
3261 5369 3380 5406 vero
3418 5351 3702 5418 unusquis-

2128 5449 2226 5501 que
2279 5448 2430 5484 suum
2479 5432 2579 5486 sibi
2631 5431 2923 5501 proprium,
2947 5441 3069 5501 quo
3115 5423 3518 5501 appellabatur;
3564 5419 3703 5501 quod

2127 5494 2287 5554 etiam
2317 5503 2369 5553 in
2397 5494 2640 5554 Romano
2661 5494 2879 5568 imperio
2909 5496 3083 5549 videre
3114 5503 3211 5568 est
3233 5494 3317 5568 ubi
3351 5494 3702 5568 communiter

2129 5569 2363 5624 Cu’sares
2414 5581 2462 5622 et
2497 5563 3014 5638 Augusti'dicuntur
3033 5582 3052 5628 ;
3081 5563 3419 5638 nihilominus
3455 5563 3702 5638 propriis

2127 5642 2472 5760 ygtminantur
2520 5628 2812 5693 acuminibus
2841 5653 2857 5689 :
2885 5637 3013 5689 sicut
3065 5637 3186 5687 item
3233 5632 3377 5702 apud
3425 5628 3702 5697 Egyplios

2213 5726 2453 5760 araoncs.

2161 5709 2453 5762 'haraoncs.
