2018 3210
210 191 265 225 725

932 193 1099 224 DEOPTRA
1105 217 1113 225 .

1783 190 1846 222 7263

212 252 271 274 tum
286 253 402 274 numero
417 245 569 274 sufficiente
584 247 711 283 (quorum
741 249 805 283 equi
820 256 874 283 prae
891 248 1002 275 lassitu-
1017 250 1038 278 A
1054 249 1195 278 consecuti
1213 253 1287 277 sunt.
1301 249 1341 277 Ad
1354 248 1438 276 verba
1461 254 1522 275 mea
1538 251 1568 274 ut
1588 246 1724 282 paradoxa
1747 245 1842 273 obstu-

211 292 278 330 ἁίῃο
294 292 373 327 sequi
390 301 446 320 non
466 295 601 329 poterant)
615 301 676 321 cum
703 294 814 322 selectis
837 294 1002 322 Amalecitas

213 342 326 374 secutus
340 343 369 367 et
383 344 538 372 assecutus,
548 347 596 368 eos
611 340 751 368 occisione
764 340 876 373 occidit,
890 345 917 368 et
934 347 1003 375 pne-

212 385 278 425 dam
294 385 414 419 reduxit,
429 385 570 420 victorque
596 385 630 413 ad
658 390 807 413 torrentem
837 386 934 418 Besor,
956 386 1001 413 ubi

213 431 328 464 sarcinae
342 424 543 465 rEmanserant,
561 437 603 460 est
628 440 779 468 regressus.
796 433 855 460 lluc
873 440 935 459 cuin
957 440 1004 458 re-

212 477 316 517 nisset,
333 477 423 517 prada
449 486 530 512 quam
555 479 672 514 quisque
699 479 831 506 retulerat
862 478 887 505 in
918 485 1001 505 unum

212 515 383 558 congeritur.
398 524 486 556 σκῦλα
500 529 528 551 et
542 524 664 559 λάφυρα,
692 532 746 551 uno
763 524 858 556 verbo,
874 524 1002 551 universa

211 568 307 604 praeda
323 569 421 604 (σκῦλα
444 574 587 600 vocantur.
599 578 659 606 quae
682 570 834 598 interfectis
854 570 1003 597 detrahun-

213 614 399 655 ῑιιιιςλάφυρα
422 623 512 651 quzea
530 616 599 643 vivis
621 616 806 650 auferuntur).
832 615 892 643 Hmc
921 615 1003 651 igitur

212 659 302 694 spolia
319 660 391 693 inter
407 660 586 689 insecutores.
599 664 626 688 et
643 660 904 695 impedimentorum
930 660 1002 695 apud

214 709 366 733 torrentem
389 705 474 733 Besor
497 707 635 738 custodes,
651 706 684 733 de
707 707 807 741 quibus
832 707 935 734 dictum
950 712 1002 738 cst,

212 750 358 785 aequaliter
374 751 525 778 distribuit.
540 751 592 780 Ubi
610 760 674 779 vero
691 752 802 787 quidam
821 760 877 787 prae
900 752 1002 780 invidia

215 795 246 823 id
259 802 330 832 agre
344 796 463 830 ferentes
488 798 632 833 conquesti
649 803 724 831 sunt,
744 799 948 833 nolueruntque
971 799 1003 826 iis

215 841 264 876 qui
279 847 466 870 remanserant
482 847 586 878 partem
603 852 680 871 suam
713 844 746 872 de
772 845 864 880 praeda
892 845 1003 872 decerni

217 886 299 922 (satis
314 887 387 915 enim
404 887 473 919 fore.
488 889 510 916 si
527 897 626 916 uxores
641 890 798 925 liberosque
826 890 1002 925 reciperent),

216 939 274 965 non
302 932 331 960 id
353 933 458 969 justum
482 934 639 970 judicavit:
665 936 712 963 sed
743 936 871 963 omnibus
897 944 1002 971 aequam

216 979 322 1013 partem
338 979 488 1014 spoliorum
510 980 671 1015 impertivit,
693 989 754 1008 cum
773 982 876 1010 diceret
896 990 949 1009 non
974 990 1004 1010 se

215 1024 279 1053 illos
297 1029 329 1053 ut
345 1025 468 1061 ignavos,
490 1034 541 1054 nec
561 1032 591 1054 ut
613 1028 736 1059 inutiles.
757 1037 909 1064 parumque
928 1038 1004 1057 eom-

215 1071 323 1104 modos,
338 1072 386 1099 sed
406 1077 520 1107 propter
535 1081 631 1108 equos,
643 1082 757 1101 currere
773 1083 829 1109 prae
842 1075 1003 1103 lassitudine

214 1124 272 1145 non
285 1117 419 1150 valentes,
433 1118 692 1153 reliquisse.‘Quam
718 1121 753 1147 ob
778 1129 888 1148 causam
916 1122 1003 1148 relicti

214 1166 355 1196 sunt,non
369 1168 400 1191 ut
408 1164 488 1191 otiosi
501 1168 591 1192 tamen
605 1170 759 1197 manerent,
772 1166 820 1193 sed
850 1172 890 1198 ut,
902 1167 1003 1202 inquit,

216 1216 282 1241 vasa
296 1213 390 1241 nostra
406 1217 468 1247 qua:
487 1210 722 1245 rclinquebamus,
748 1212 931 1243 custodirent.
945 1221 1006 1248 quae

215 1253 247 1282 ni
264 1254 302 1282 illi
319 1254 573 1287 custodissent,nos
585 1257 844 1291 amisissemusmec
855 1259 1005 1294 quidquam

217 1299 292 1335 quod
300 1300 342 1328 vel
354 1300 511 1333 ederemus,
521 1303 561 1329 vel
573 1303 730 1330 biberemus
742 1304 939 1339 superfuisset;
951 1314 1004 1333 non

218 1345 314 1388 vestis,
325 1347 380 1374 nbn
395 1351 582 1386 tegumentum
599 1349 632 1376 ad
652 1349 798 1377 fovendum
808 1352 1004 1385 operiendum-

207 1390 278 1433 ‘que
290 1392 390 1433 corpus
410 1393 633 1431 :fuissemusque
651 1396 748 1430 privati
768 1396 851 1424 rebus
867 1397 901 1424 ad
919 1397 1003 1423 vitam

225 1430 433 1476 pertinentibus1
439 1438 474 1466 Et
482 1439 625 1473 oportebat
635 1448 700 1467 sane
708 1449 795 1475 neque
810 1442 861 1469 hos
871 1442 928 1477 pari
941 1450 1003 1477 por-

228 1480 303 1514 tione
316 1480 447 1519 fraudare.
463 1483 527 1512 Haec
542 1485 591 1513 tibi
609 1486 642 1513 ad
660 1487 850 1521 probationem
867 1488 1004 1515 dictorum

227 1533 347 1554 meorum
374 1528 439 1565 satis
468 1535 550 1558 sunto
567 1539 573 1557 :
588 1532 726 1566 quomodo
751 1533 856 1561 scilicet
877 1533 1005 1561 Christus

223 1573 384 1607 sententiam
406 1574 478 1603 inter
502 1577 653 1611 operarios,
666 1582 694 1605 et
718 1579 793 1607 mitis
821 1579 904 1607 David
933 1580 1005 1608 inter

222 1617 322 1647 milites
334 1619 427 1648 tulerit
441 1629 450 1649 :
466 1623 579 1657 etquod
596 1623 699 1657 divisit,
713 1625 785 1653 inter
797 1634 892 1654 omnes
915 1636 1005 1660 :equa-

219 1663 285 1692 iiter
299 1664 434 1699 diviserit,
447 1667 518 1695 inter
549 1677 597 1696 eos
624 1671 670 1705 qui
695 1672 767 1706 plus,
792 1679 819 1699 et
836 1674 883 1708 qui
913 1674 1004 1701 minus

221 1709 342 1746 laborem
357 1714 569 1748 capessivissent
582 1716 631 1750 ('5).
642 1717 674 1744 Et
689 1718 773 1752 gloria
799 1719 914 1748 Domino
932 1729 1003 1753 meo,

223 1754 308 1801 gloria
321 1756 431 1791 Christo
447 1767 519 1792 meo,
530 1761 615 1795 judici
635 1763 852 1792 misericordiam
864 1766 1001 1801 diligenti,

208 1799 346 1836 'beneque
359 1802 471 1832 facienti
484 1806 631 1835 universis.
644 1807 692 1835 llis
721 1810 836 1841 credin‘,
848 1818 882 1837 an
904 1799 1003 1839 iterum

221 1849 314 1893 testes,
330 1850 449 1885 etomni
460 1853 621 1887 exceptione
636 1855 753 1890 majores
765 1857 882 1891 expetis,
897 1863 925 1885 et
940 1867 1005 1893 pro-

215 1889 358 1957 bation’em
376 1896 511 1930 cumulari
527 1897 578 1931 vis,
591 1903 621 1926 ut
638 1889 818 1934 consuevisti,
833 1910 895 1929 cum
912 1889 1005 1931 inter-

220 1939 299 1957 Ma

220 1939 315 1979 rogas!

255 1981 350 2020 ᾼῃιιλ.
359 1984 484 2020 Tertium
500 1993 596 2017 testem
606 1998 659 2018 non
683 1999 776 2027 posco,
788 1995 834 2021 sed
850 1996 1005 2031 exemplum

220 2030 420 2064 tantummodo.

254 2070 337 2121 Quo.
353 2076 424 2111 Mox,
441 2083 471 2106 ut
500 2082 580 2116 petis,
603 2084 756 2119 exemplum
781 2086 903 2114 afferam.
929 2087 1006 2121 Multi

217 2120 322 2167 multus
336 2129 448 2162 propter
464 2124 601 2163 Christum
625 2131 775 2167 cruciatus,
804 2133 850 2160 alii
866 2133 1006 2162 breviores

219 2172 254 2192 ac
273 2166 406 2215 leviores,
429 2172 475 2206 alii
502 2173 690 2210 diuturniorcs
713 2178 894 2214 szevioresque
920 2181 1005 2207 susti-

217 2216 366 2241 nuerunt:
392 2220 421 2245 et
445 2221 534 2247 tamen
558 2221 684 2256 aequalia,
715 2223 868 2259 eademque
895 2226 1005 2259 praemia

253 2271 277 2287 ³³
299 2269 406 2307 Heln-.1,
423 2274 450 2306 ὅ.

1055 297 1148 332 puisse
1181 300 1207 324 te
1229 295 1349 323 arbitror
1372 304 1379 322 ε
1400 295 1448 322 sed
1473 293 1697 328 explicationem,
1727 300 1843 327 eamque

1054 343 1166 370 brevem
1181 342 1320 377 adjiciam.
1335 340 1429 376 Cogita
1451 340 1518 368 mihi
1540 339 1620 371 duos,
1632 339 1728 366 eadem
1744 339 1843 366 volun-

1054 393 1108 416 tate
1122 388 1263 423 praaditos,
1276 387 1310 414 ad
1327 391 1468 415 certamen
1484 390 1637 417 currentes,
1652 389 1681 411 ut
1695 392 1744 420 pro
1760 385 1842 412 Chri-

1054 440 1097 462 sto
1117 435 1280 462 moriantur.
1297 434 1387 463 Unum
1415 433 1526 468 quidem
1553 436 1646 460 mente
1672 432 1791 464 excelsa,
1812 436 1846 459 ct'

1054 484 1153 507 natura
1178 480 1344 513 robustum;
1360 480 1477 508 alterum
1501 479 1608 506 viribus
1634 478 1799 505 inrbccillem
1816 482 1844 504 ct

1053 534 1126 562 :egro
1143 534 1258 562 corpore
1281 535 1288 554 :
1304 527 1350 561 qui
1366 526 1483 553 confessi
1508 525 1660 556 Christum,
1679 524 1706 553 in
1725 524 1843 551 stadium

1055 571 1257 607 ingrediuntur,
1280 571 1362 598 ambo
1382 571 1532 602 nudantur,
1553 574 1580 598 et
1604 569 1695 604 ﬂagris
1715 569 1843 596 diverbe-

1055 622 1161 643 rantur.
1176 617 1228 644 Sed
1248 617 1377 644 robustus
1402 620 1513 644 centum
1538 616 1651 643 omnino
1665 615 1751 650 plagis
1768 622 1845 642 acce-

1057 662 1121 697 ptis,
1139 662 1195 691 vita
1212 662 1313 695 deﬁcit,
1327 662 1509 697 spiritumque
1523 661 1666 691 Conditori
1685 660 1777 688 tradit.
1790 661 1845 687 lm-

1055 708 1159 736 becillis
1172 709 1363 736 tantummodo
1386 708 1585 744 quinquaginta
1609 715 1716 743 passus,
1734 707 1768 734 ad
1788 714 1845 742 pa:-

1054 764 1104 784 nas
1115 757 1234 792 amplius
1258 757 1358 784 durare
1374 757 1478 793 nequit,
1499 761 1527 784 et
1545 756 1740 791 exstinguitur.
1759 754 1798 783 Ne
1816 759 1844 782 tu

1055 803 1139 836 igitur
1163 803 1280 830 alterum
1315 803 1445 830 athletam
1474 803 1500 830 in
1525 803 1690 837 reportanda
1717 801 1845 829 mercede

1055 848 1148 882 priore
1175 848 1331 876 inferiorem
1365 848 1488 876 futurum
1524 848 1675 878 existimes.
1698 847 1762 882 quia
1790 855 1843 874 non

1055 894 1137 922 etiam
1159 900 1270 922 centum
1299 895 1392 930 plagas
1418 895 1538 929 perferre
1561 895 1660 929 potuit.
1686 894 1745 921 Non
1770 893 1843 920 enim

1057 940 1142 968 robur
1159 941 1295 976 corporis,
1320 941 1367 968 sed
1385 941 1469 968 animi
1493 940 1611 968 virilitas
1631 948 1754 968 antorem
1781 947 1846 975 erga

1055 986 1195 1014 Christum
1221 986 1402 1014 demonstrat.
1420 987 1477 1014 Nisi
1505 987 1579 1013 enim
1606 986 1676 1013 alter
1698 986 1743 1013 ille
1768 985 1847 1021 prius

1056 1033 1173 1059 animam
1203 1032 1330 1064 eillasset.
1358 1037 1388 1060 ut
1417 1033 1484 1065 dixi,
1510 1033 1568 1067 ipse
1596 1040 1706 1067 quoque
1730 1032 1853 1066 perinde-

1056 1083 1085 1105 ut
1101 1079 1204 1113 primus
1225 1083 1335 1106 centum
1360 1079 1451 1113 plagas
1478 1079 1632 1106 toleraSSet.
1646 1077 1699 1105 Sed
1715 1078 1752 1105 illi
1769 1082 1845 1104 tanta

1057 1124 1143 1160 virtus
1172 1124 1339 1151 tabernaculi
1378 1124 1430 1155 sui,
1454 1124 1506 1151 hoc
1528 1129 1587 1155 est,
1623 1123 1763 1157 corporis,
1790 1131 1845 1150 non

1056 1170 1251 1204 suppeditavit.
1275 1170 1397 1203 Quanam
1422 1178 1487 1197 vero
1518 1170 1568 1198 alia
1591 1170 1624 1197 de
1654 1177 1736 1196 causa
1755 1169 1846 1196 anima

1056 1216 1089 1243 ad
1118 1217 1174 1244 haec
1201 1222 1253 1243 tam
1280 1222 1385 1251 parata,
1407 1217 1432 1243 ei
1461 1221 1587 1251 prompta
1614 1217 1670 1244 sit?
1686 1216 1745 1243 Non
1771 1215 1851 1243 enim

1056 1263 1202 1297 pigritatur
1231 1263 1309 1297 ipsa,
1341 1271 1394 1290 non
1425 1263 1546 1298 refugit.
1573 1271 1663 1298 neque
1689 1263 1766 1290 timet
1797 1261 1846 1288 lla-

1056 1308 1126 1341 gella
1149 1308 1277 1343 experiri.
1294 1308 1363 1336 Nam
1377 1308 1449 1344 quod
1474 1309 1647 1340 verberatur,
1672 1308 1746 1335 illico
1763 1307 1846 1339 mori,

1057 1359 1104 1380 aut
1119 1362 1173 1380 non
1190 1354 1269 1386 mori,
1293 1362 1346 1381 non
1368 1359 1410 1381 est
1427 1354 1454 1381 in
1478 1353 1568 1384 nobis,
1595 1361 1645 1380 nec
1660 1354 1687 1380 in
1712 1357 1846 1387 potestate

1056 1405 1150 1427 nostra
1169 1400 1271 1427 situm:
1286 1400 1332 1427 sed
1349 1400 1377 1427 in
1390 1408 1423 1427 eo
1442 1409 1450 1426 ι
1467 1400 1514 1435 qui
1530 1404 1621 1434 portat
1647 1399 1739 1427 omnia
1760 1400 1851 1426 verbo

1057 1445 1166 1472 virtutis
1174 1453 1230 1472 suae
1242 1445 1276 1477 ³³,
1298 1454 1306 1470 ι
1323 1449 1350 1472 et
1367 1452 1416 1480 pro
1431 1452 1479 1472 sua
1494 1445 1628 1479 sapientia
1639 1444 1755 1480 judieat,
1770 1444 1846 1471 ordi-

1057 1494 1103 1518 nat
1114 1495 1142 1518 ct
1158 1490 1235 1518 facit:
1254 1490 1356 1525 quique
1367 1497 1463 1517 omnes
1479 1489 1596 1525 praescit,
1615 1494 1642 1517 et
1654 1489 1843 1525 prmdcstinat,

1056 1541 1083 1563 ct
1105 1536 1172 1572 quid
1200 1537 1300 1571 cuique
1324 1536 1458 1563 conducat
1475 1543 1506 1562 ac
1534 1535 1631 1570 prosit,
1658 1535 1844 1570 pusillanimo,

1018 1592 1040 1622 ο
1059 1582 1181 1616 inquam,
1197 1586 1225 1608 et
1238 1581 1421 1617 magnanimo,
1444 1581 1529 1607 novit.
1548 1581 1596 1608 Est
1612 1581 1656 1608 cui
1682 1581 1776 1613 multa,
1803 1585 1846 1608 est

1057 1628 1100 1655 cui
1117 1635 1202 1662 pauca
1219 1627 1354 1655 sustinere
1369 1627 1556 1655 cruciamenta
1574 1626 1684 1661 expedit
1700 1628 1718 1653 ‘.

1091 1674 1252 1709 Quanquam
1277 1673 1359 1708 igitur
1376 1674 1443 1700 alter
1460 1673 1515 1700 cito
1538 1672 1625 1700 edidit
1640 1673 1771 1703 animam,
1791 1680 1843 1699 non

1056 1720 1118 1747 ideo
1130 1727 1179 1754 pro
1194 1719 1347 1754 impatienti
1375 1723 1403 1746 et
1418 1719 1516 1754 ignavo
1534 1719 1677 1746 habendus
1694 1724 1747 1745 est.
1776 1718 1844 1745 Nam

1056 1769 1174 1799 uterque
1195 1772 1264 1798 quas
1299 1772 1313 1791 a
1337 1770 1434 1792 natura
1459 1765 1532 1792 vires
1564 1764 1689 1800 accepit,
1721 1764 1847 1799 quamvis

1058 1819 1113 1838 non
1138 1818 1229 1845 pares,
1244 1810 1371 1842 Domino,
1390 1814 1420 1836 ut
1443 1810 1531 1844 potuit
1550 1810 1670 1838 obtulit:
1691 1817 1747 1837 non
1773 1810 1845 1844 plus,

1056 1864 1111 1884 non
1130 1856 1230 1888 minus,
1246 1864 1326 1890 quam
1342 1855 1394 1883 sibi
1414 1855 1543 1891 desuper,
1558 1856 1682 1891 contigit.
1708 1856 1846 1883 Humana-

1057 1911 1117 1930 rum
1133 1903 1207 1930 enim
1220 1910 1312 1930 rerum
1327 1901 1450 1937 quaedam
1463 1902 1491 1928 in
1506 1907 1601 1930 nostra
1620 1906 1756 1938 potestate
1770 1906 1843 1932 sunt,

1056 1948 1180 1984 quaedam
1194 1955 1249 1975 non
1265 1952 1339 1975 sunt.
1357 1947 1385 1974 Si
1400 1947 1463 1982 quis
1482 1947 1515 1974 iis
1532 1954 1593 1981 qua:
1611 1950 1675 1974 sunt
1690 1954 1745 1974 non
1769 1951 1844 1974 recte

1058 2002 1124 2022 usus
1140 1994 1231 2026 fuerit,
1251 1993 1383 2021 rationem
1401 1993 1506 2021 reddet.
1524 1993 1600 2026 Quod
1616 1997 1708 2020 autem
1721 1992 1749 2019 in
1765 1992 1851 2020 nobis.

1058 2042 1095 2068 ita
1109 2045 1162 2074 est,
1178 2045 1207 2067 ut
1223 2044 1315 2067 nostra
1331 2043 1464 2075 potestate
1480 2047 1534 2066 non
1551 2039 1736 2071 contineatur,
1752 2038 1774 2066 si
1790 2046 1846 2066 non

1058 2088 1127 2116 bene
1138 2095 1167 2114 se
1179 2086 1317 2119 habuerit,
1338 2093 1388 2112 nos
1406 2092 1513 2120 pcenam
1531 2092 1584 2112 non
1609 2084 1751 2112 debemus.
1776 2084 1845 2111 Mori

1057 2135 1130 2161 enim
1144 2132 1217 2160 haud
1231 2137 1273 2160 est
1293 2131 1381 2159 nostri
1401 2130 1526 2163 arbitrii;
1544 2138 1594 2158 nec
1610 2130 1682 2158 fame
1697 2130 1778 2163 allici,
1798 2136 1848 2158 aut

1058 2179 1118 2212 siti;
1151 2186 1203 2206 nec
1232 2178 1357 2205 laborum
1385 2177 1628 2212 molestiarumque
1650 2184 1765 2209 sensus,
1796 2185 1847 2204 nec

1058 2223 1216 2259 defatigatio
1232 2223 1258 2250 in
1279 2230 1382 2255 cursu;
1409 2231 1459 2250 nec
1475 2227 1506 2250 ιιι
1527 2231 1626 2258 corpus
1650 2229 1774 2252 nostrum
1800 2228 1847 2251 aut

844 2327 950 2357 Jacobi
968 2327 1107 2359 Gretseri
1123 2331 1216 2358 notae.

425 2370 483 2413 Vl!!!
491 2375 587 2413 αιξριοτ
598 2373 863 2413 thlesbeatosfnre
878 2376 1008 2413 simplici-
1025 2379 1045 2406 ι)
1060 2377 1111 2404 hoc
1129 2384 1237 2405 summo
1254 2378 1336 2405 bono.
1354 2377 1422 2405 Cum
1442 2379 1493 2405 hac
1522 2383 1611 2407 tamen
1629 2379 1783 2413 :equalitate
1799 2386 1844 2406 sv-

218 2401 586 2446 tefﬁgresinnbeatitudine;
598 2402 655 2434 haec
662 2401 789 2446 enimest
800 2401 1007 2438 Iovinianirhaav—

216 2439 351 2480 resistam
366 2439 432 2480 olim
447 2439 573 2468 damnata
591 2450 606 2469 a
621 2444 893 2480 sanctorllieronymo
905 2446 954 2473 lib.
977 2454 1006 2478 tt,

219 2478 313 2511 Santra
325 2473 509 2511 Iovinianum,
521 2479 550 2503 et
562 2484 577 2503 a
589 2478 706 2505 concilio
718 2473 893 2511 'l‘olensiusub
907 2473 1006 2508 Sirieio

216 2507 302 2551 Papa,
315 2513 344 2535 et
367 2509 402 2551 ab
427 2509 508 2551 aliis';
525 2511 574 2538 sed
597 2513 656 2551 _vult
680 2521 769 2551 pares
781 2514 838 2551 fore
852 2507 1004 2551 secundum

214 2545 541 2581 contmuriem'quamdam
554 2545 687 2574 rationem
699 2548 886 2581 beatitudinis,
897 2551 1007 2578 utscili-

214 2580 263 2604 eet
278 2582 321 2616 (ξι
331 2577 433 2606 .fruitiu
448 2579 530 2607 unius
545 2585 573 2608 et
585 2581 708 2616 ejusdem
722 2583 821 2610 summi
836 2577 912 2616 boni,
930 2577 1002 2616 quod

208 2616 261 2641 ιοοι
286 2611 375 2646 Deus;
394 2620 492 2647 omlnes
513 2616 586 2642 enim
600 2611 684 2643 'beati
708 2617 883 2651 perfruentur
905 2611 1002 2647 eodem

1058 2412 1179 2439 cundum
1196 2420 1369 2439 communem
1397 2413 1530 2442 rationem
1549 2412 1736 2445 beatitudinis,
1753 2414 1845 2447 consi-

1055 2447 1103 2473 stit
1119 2447 1289 2481 inaequalitas
1303 2447 1453 2474 secundum
1473 2448 1666 2482 particularem
1693 2448 1842 2475 beatitudi-

1055 2482 1100 2510 nis
1127 2482 1274 2510 rationem.
1299 2486 1437 2516 quatenus
1464 2489 1515 2516 pro
1544 2483 1651 2509 ratione
1682 2483 1843 2510 meritorum

1054 2516 1125 2543 alius
1144 2516 1198 2542 alio
1214 2516 1362 2550 perfectius
1379 2524 1487 2544 summo
1503 2517 1575 2544 bono
1595 2517 1711 2546 fruetur.
1729 2518 1846 2545 clarius-

1054 2559 1108 2587 que
1125 2551 1391 2587 Deumrintueibitur.’
1402 2551 1470 2578 Vide
1483 2552 1652 2587 Alphonsuin
1669 2561 1684 2580 a
1709 2553 1806 2580 Castra
1817 2561 1843 2581 ν.

1053 2586 1203 2616 Beatimdo,
1217 2586 1282 2612 hazr.
1296 2586 1321 2616 7.
1336 2590 1363 2614 et
1378 2586 1584 2621 Gregoriuinde
1594 2588 1720 2616 Valentia
1734 2588 1760 2621 l,
1770 2588 1798 2621 Ξ,
1812 2588 1843 2616 Β.

1053 2621 1164 2647 Thema:
1178 2625 1275 2655 quaest.
1287 2621 1312 2652 ὅ,
1327 2628 1353 2655 p.
1369 2622 1395 2648 5.

960 2678 1097 2708 Scholia.

207 2718 402 2764 -Λέὲἱῴηιε-
417 2721 560 2764 Ergasile
570 2730 633 2752 sunt
650 2727 696 2764 tibi
709 2728 740 2764 in
759 2736 813 2764 una
836 2728 914 2755 domo
934 2738 998 2756 uasa

334 2762 345 2782 .'
358 2765 413 2796 non
435 2755 494 2796 m9
519 2764 608 2787 tamen
633 2763 690 2789 sine
714 2762 864 2789 discrimine
880 2755 1000 2792 omnibus

207 2792 638 2835 {tetigt}?!.quodnamLuino,
656 2797 727 2835 quod
748 2798 901 2835 oleo.rquod
929 2803 1002 2835 quem

208 2825 521 2869 fidam
531 2831 576 2869 sit,
599 2825 676 2869 πρὶιέ.
696 2831 742 2869 δίο
759 2825 886 2869 nim'ir'um
898 2838 922 2860 et
934 2825 1002 2861 Deus

210 2859 325 2903 {minus}
346 2862 449 2903 annuat:
466 2859 647 2903 misericordia
670 2867 819 2903 tribuenda,
840 2869 881 2894 cui
901 2859 1003 2903 tamin;

213 2901 288 2923 cum
307 2898 492 2928 imponendum
513 2901 556 2932 sit,
576 2902 644 2927 novit
676 2901 736 2929 Non
757 2898 882 2937 quoniam
906 2898 1004 2938 cjit‘isce-

1052 2730 1123 2767 medi
1138 2731 1213 2758 illam
1236 2732 1291 2767 ipse
1305 2731 1403 2767 fecerit,
1417 2732 1464 2758 sed
1477 2732 1538 2767 quia
1554 2733 1671 2763 moribus
1692 2738 1716 2760 et
1728 2734 1781 2761 vita
1794 2743 1844 2763 tua

1050 2765 1111 2792 talis
1120 2767 1240 2803 euaserit.
1247 2765 1375 2803 Quocirca
1384 2766 1453 2794 Deus
1460 2765 1582 2797 Jéremia’
1593 2769 1630 2796 ait
1638 2768 1668 2803 (ι,
1679 2769 1705 2801 5)
1715 2777 1722 2796 :
1735 2767 1844 2797 (Prius-

1053 2808 1132 2837 quant
1144 2801 1170 2827 te'
1180 2801 1359 2837 formaremin
1369 2805 1452 2833 utero,
1465 2803 1523 2830 novi
1535 2809 1578 2829 te:
1590 2808 1614 2830 et
1624 2801 1768 2837 antequam
1785 2804 1840 2830 exi-

1055 2843 1095 2873 re;
1110 2836 1141 2873 de
1155 2835 1415 2873 vulva,sanctiﬁcnvi
1429 2841 1462 2873 te.
1478 2846 1488 2863 ι
1507 2838 1574 2867 Hinc
1585 2835 1719 2873 eliPnuIits
1734 2843 1841 2873 aposto-

1056 2869 1096 2906 (με
1105 2880 1110 2897 :
1120 2870 1191 2902 Quas
1200 2869 1373 2906 prcescivitht
1386 2872 1581 2905 prmdestinavit
1591 2872 1677 2906 (Rom.
1690 2869 1813 2905 vnn-29).
1829 2882 1839 2899 ι

1056 2905 1113 2932 Non
1128 2906 1193 2933 dixit
1204 2907 1289 2941 prius,
1310 2914 1318 2931 ‹
1334 2905 1546 2940 Prwdcstinavit,
1563 2917 1571 2933 ι
1584 2907 1637 2940 sed,
1658 2916 1667 2933 ι
1679 2906 1840 2946 Praua-ivit.)
