4036 6428
429 387 532 452 727

1667 402 2011 464 PHILIPPl
2049 398 2438 472 SOLITARII

3588 424 3697 487 728

427 519 707 575 magnum,
741 516 832 609 aut
875 522 1101 609 parvum
1143 511 1244 609 sit;
1280 528 1380 567 uec
1427 524 1486 570 ut
1538 517 1725 574 colore
1770 529 1866 574 aut
1893 520 2006 577 l'us-
2037 522 2220 594 Ajam
2257 541 2288 581 a
2352 543 2438 584 me
2488 531 2762 587 recensita
2815 544 2944 591 sunt
2991 534 3252 604 admittit,
3303 501 3360 594 et
3408 538 3692 609 approbat,

425 608 574 660 cum,
595 603 690 650 aut
708 596 914 663 album,
940 610 1036 654 aut
1057 599 1284 657 lividum
1303 621 1319 672 ;
1341 620 1444 662 nec
1463 615 1522 662 ut
1544 616 1731 677 tenue,
1755 626 2004 666 macrum

429 697 525 745 aut
571 703 862 745 carnosum
896 709 911 758 ;
949 709 1052 750 nec
1087 704 1148 750 ut
1185 697 1420 754 solidum
1483 717 1547 757 ac
1597 703 1862 770 validum,
1912 712 2009 759 aut

425 782 725 839 inﬁrmum.
759 787 877 842 Non
910 789 1058 844 enim
1091 801 1341 848 nostrum
1393 803 1478 849 est
1514 811 1697 866 posse,
1751 810 1844 854 aut
1895 815 2004 853 non

424 889 628 947 posse;
691 893 885 934 verum
942 882 996 936 id
1047 894 1258 939 natura!
1303 895 1505 941 nostrae
1557 902 1587 941 a
1641 888 2003 946 Procreatore

423 969 640 1022 caalitus
689 962 1035 1027 conceditur.
1083 974 1195 1030 Nec
1238 977 1525 1046 quisquam
1580 978 1698 1034 haec
1749 979 1804 1034 in
1845 981 2005 1037 nobis

422 1067 665 1125 accusat,
704 1077 808 1117 nec
846 1064 1248 1134 querimoniam
1275 1068 1500 1122 habent.
1556 1070 1747 1141 Neque
1796 1072 1868 1127 ob
1901 1073 2003 1130 ista

421 1151 507 1206 vel
542 1167 760 1222 poenam
810 1155 1170 1224 incurrimus,
1221 1159 1304 1213 vel
1341 1174 1576 1215 coronas
1621 1163 2001 1233 adipiscimur.

420 1244 556 1299 Esse
576 1253 758 1300 autem
779 1248 1111 1318 improbum,
1147 1258 1241 1304 aut
1262 1252 1585 1308 scortationi
1613 1255 1884 1322 deditum,
1907 1267 2003 1313 aut

424 1336 711 1404 lascivum,
741 1348 837 1393 aut
861 1340 1137 1395 ebriosum
1175 1351 1268 1396 aut
1300 1344 1608 1414 cynzedum,
1650 1357 1746 1402 aut
1772 1350 2000 1404 menda-

421 1423 720 1493 ciloquum,
783 1435 878 1480 aut
918 1427 1204 1496 furacem;
1261 1442 1358 1486 aut
1390 1444 1606 1501 contra,
1641 1435 1890 1490 sobrium
1945 1445 2002 1491 et

419 1514 679 1583 probum,
710 1525 766 1571 et
810 1520 1166 1576 continentia:
1196 1524 1459 1592 amicum,
1494 1537 1590 1581 aut
1625 1537 1999 1594 mansuetum,

421 1607 650 1662 fratrum
672 1618 729 1665 et
751 1612 1000 1668 veritatis
1031 1625 1326 1680 amantem,
1362 1629 1458 1674 aut
1478 1621 1664 1675 animo
1691 1621 1997 1692 simplicem

421 1710 516 1756 aut
536 1702 785 1759 moribus
812 1705 1086 1776 dolosum,
1116 1709 1230 1765 haec
1257 1714 1438 1767 omnia
1463 1713 1518 1766 in
1564 1713 1723 1768 nobis
1750 1716 1855 1770 sita
1877 1730 2000 1770 esse

421 1801 634 1848 certum
667 1804 769 1850 est.
807 1797 957 1860 Esse,
999 1799 1243 1870 inquam,
1278 1802 1560 1858 electionis
1602 1814 1659 1859 et
1703 1805 2002 1860 voluntatis

422 1883 698 1952 humanae,
730 1895 784 1941 et
818 1888 1031 1944 consilii
1056 1900 1113 1945 et
1173 1893 1347 1962 scopi,
1400 1903 1456 1949 et
1513 1897 1818 1964 potestatis.
1875 1895 2001 1952 Haec

421 1977 620 2040 retine,
679 1987 736 2033 et
781 1978 926 2034 dicta
987 1982 1281 2038 considera
1318 2002 1332 2038 :
1375 2003 1392 2034 ‹
1429 1985 1724 2044 Scrutatur
1753 1986 1920 2042 corda
1945 1996 2001 2042 et

419 2066 617 2135 probat
668 2082 828 2122 renes
855 2069 1120 2126 Dominus
1148 2073 1214 2126 ".
1255 2093 1273 2124 ι
1309 2104 1376 2113 --
1415 2095 1431 2124 ε
1467 2076 1534 2129 Et
1559 2076 1724 2131 homo
1753 2076 1905 2130 videt
1937 2091 1998 2130 ea

415 2171 541 2226 quae
583 2165 796 2226 parent,
862 2159 1006 2214 Deus
1051 2169 1235 2215 autem
1295 2178 1389 2216 eor
1421 2163 1484 2215 ³⁸.
1530 2183 1547 2212 ι
1579 2161 1643 2216 Ει
1699 2163 1824 2233 quis
1854 2162 2000 2216 hunc

419 2248 743 2305 medullitus
763 2253 954 2306 amat?

1019 2365 1245 2424 CAPUT
1280 2370 1390 2424 VII.

421 2476 614 2551 Multos
663 2478 811 2551 bonis
858 2482 1117 2550 operibus,
1150 2493 1199 2536 et
1261 2493 1397 2536 recte
1445 2483 1600 2550 factis
1646 2483 1998 2551 compluribus

492 2548 843 2622 abundantes,
875 2548 994 2606 aliis
1025 2569 1250 2622 quorum
1301 2548 1506 2606 minuta
1537 2564 1586 2606 et
1616 2548 1786 2622 pauca
1818 2570 2000 2607 nume-

491 2626 701 2682 rantur,
750 2621 928 2675 divina
977 2621 1249 2677 voluntate
1284 2632 1333 2675 et
1366 2621 1626 2676 sententia
1668 2638 1770 2675 non
1823 2626 1996 2676 antei-

491 2697 658 2742 turos.

490 2802 628 2859 Cum
685 2814 868 2860 autem
913 2805 1248 2861 oblationem
1309 2805 1674 2862 obtulerimus
1724 2807 1996 2872 Creatori,

420 2897 511 2954 hic
558 2899 782 2969 quidem
837 2900 1132 2972 jejunium,
1178 2899 1491 2971 lacrymas;
1535 2901 1676 2956 alius
1714 2917 1906 2972 preces
1943 2913 2000 2959 et

419 2990 710 3049 stationem
737 3006 753 3058 ;
783 2991 925 3048 alius
975 2990 1286 3045 abluentem
1316 2992 1526 3047 luctum
1552 3010 1566 3048 :
1602 2994 1743 3050 alius
1770 2994 1999 3066 vigilan-

419 3083 552 3137 tiam
581 3082 784 3145 cordis,
806 3081 1170 3136 humilitatem
1199 3081 1469 3138 sinceram
1499 3101 1512 3149 ;
1539 3084 1680 3139 alius
1707 3085 1997 3142 sublimem

2112 633 2236 687 quzn
2269 621 2514 676 vicissim
2547 623 2772 696 largiter
2804 637 3208 696 remuneratur,
3240 630 3384 700 quod
3419 646 3450 686 e
3479 630 3699 686 duobus

2110 709 2358 777 minutis,
2411 729 2442 768 a
2499 715 2662 770 vidua
2714 718 2898 774 missis
2949 723 3091 790 (qua:
3133 736 3264 776 sane
3315 737 3429 792 pra:
3461 721 3694 777 divitum

2111 803 2435 860 muneribus
2489 816 2745 878 suscepta
2772 809 3028 882 legimus)
3073 812 3446 882 liquidissimo
3478 823 3697 869 constat

2109 896 2392 951 onmibus.
2419 897 2553 952 Nam
2596 899 2653 954 hi
2687 911 2898 972 partem
2930 903 3169 973 aliquam
3193 905 3260 960 de
3289 906 3522 964 summis
3555 906 3696 961 divi-

2109 989 2200 1044 tiis
2228 991 2342 1046 suis
2369 1009 2383 1046 :
2411 991 2502 1047 illa
2555 1001 2731 1048 totum
2768 995 2915 1065 quod
2945 996 3156 1062 habuit,
3189 1013 3383 1068 magna
3414 997 3696 1052 voluntate

2107 1081 2313 1136 dicavit
2339 1100 2351 1136 :
2381 1099 2481 1139 nec
2503 1085 2709 1142 arbiter
2728 1087 2979 1143 Christus
3009 1088 3313 1144 secundum
3337 1087 3466 1142 doni
3497 1089 3696 1158 ampli-

2107 1173 2379 1239 tudinem,
2416 1176 2510 1230 sed
2537 1177 2841 1232 secundum
2869 1179 3034 1232 animi
3064 1179 3522 1250 magnitudinem,
3555 1179 3696 1236 divi-

2109 1265 2321 1335 tiasque
2373 1266 2663 1324 arbitrium
2716 1270 3116 1339 pronuntiavit.
3168 1269 3364 1326 Viden’
3397 1279 3456 1324 ut
3494 1286 3695 1326 munus

2106 1356 2286 1411 vidua:
2337 1358 2500 1428 hujus
2529 1368 2586 1414 et
2638 1360 2910 1430 abjectum
2945 1371 3001 1416 et
3052 1361 3335 1432 pusillum,
3381 1361 3558 1416 visum
3605 1369 3691 1417 est

2105 1448 2449 1503 maximum?
2501 1450 2890 1520 Smpenumero
2960 1451 3108 1506 enim
3191 1453 3383 1524 exigua
3441 1451 3690 1522 quaedam

2103 1537 2366 1594 dicuntur
2395 1541 2733 1609 amplissima
2767 1561 2779 1596 :
2819 1542 2870 1596 id
2918 1543 3065 1613 quod
3099 1558 3165 1597 ex
3196 1543 3284 1597 his
3311 1558 3433 1614 quae
3479 1543 3693 1598 dictura

2102 1647 2222 1686 sum
2251 1633 2569 1704 perspicies.
2591 1634 2731 1690 Olim
2749 1634 2980 1699 Cain,et
3002 1635 3133 1690 Abel
3165 1635 3307 1690 dona
3336 1635 3691 1701 obtulerunt;

2116 1735 2484 1780 verumtatem
2552 1742 2661 1780 non
2711 1729 2903 1780 eadem
2955 1736 3137 1782 mente
3169 1742 3232 1782 ac
3267 1742 3434 1795 scopo
3470 1725 3692 1780 obtule-

2107 1825 2256 1882 runt,
2294 1815 2390 1870 sed
2423 1815 2558 1870 Abel
2605 1815 2838 1885 Optimo,
2871 1815 3003 1870 Cain
3051 1817 3311 1886 pessimo.
3343 1815 3460 1870 Non
3505 1831 3697 1886 respe-

2107 1904 2186 1957 xit
2214 1914 2398 1959 autem
2431 1905 2698 1958 Dominus
2738 1905 2804 1958 ad
2843 1904 2983 1958 dona
3017 1904 3173 1968 Cain,
3208 1921 3523 1974 quanquam
3574 1905 3694 1960 exi-

2107 1997 2213 2050 mia
2241 2012 2306 2051 ac
2356 1997 2856 2066 sumptuosissima.
2895 1995 3054 2049 Prior
3083 1997 3305 2065 quidem
3334 1996 3401 2050 de
3444 1995 3693 2066 frugibus

2106 2099 2266 2144 terrae
2299 2089 2650 2152 sacriﬁcavit,
2693 2098 2747 2143 at
2803 2105 2908 2142 non
2945 2099 3114 2150 recte,
3164 2104 3266 2143 nec
3300 2088 3694 2143 convenienter

2103 2179 2450 2235 sacriﬁcavit.
2479 2181 2657 2250 Atque
2689 2180 2818 2235 hinc
2844 2180 3006 2233 etiam
3030 2179 3196 2234 verba
3225 2195 3415 2250 parum
3444 2178 3692 2249 jucunda

2103 2272 2346 2327 audivit:
2386 2290 2404 2324 ‹
2451 2271 2643 2326 Nonne
2669 2272 2712 2328 si
2742 2282 2890 2326 recte
2924 2271 3216 2337 obtuleris,
3249 2287 3359 2325 non
3411 2281 3560 2325 recte
3593 2285 3695 2323 au-

2106 2373 2211 2418 tem
2239 2363 2516 2427 diviseris,
2542 2363 2779 2434 peccasti
2807 2365 2852 2397 ³⁶
2875 2365 2897 2417 ?
2921 2383 2939 2416 ι
2972 2395 3042 2406 --
3069 2383 3086 2416 ι
3111 2363 3222 2419 Cur
3238 2362 3375 2418 adeo
3405 2359 3579 2417 tristis
3596 2361 3693 2416 es?

2103 2455 2366 2524 peccasti,
2403 2455 2626 2526 quiesce
2667 2456 2733 2510 ³⁷.
2772 2475 2790 2506 ι
2854 2455 2998 2510 Satis
3056 2463 3305 2525 apparet,
3365 2453 3496 2523 quid
3549 2453 3694 2507 istuc

2102 2547 2394 2617 signiﬁcet.
2427 2547 2698 2604 Cancrum
2727 2557 2783 2602 et
2823 2547 2930 2603 alia
2973 2546 3041 2601 de
3069 2545 3370 2616 Scripturis
3400 2543 3548 2598 audi.
3578 2543 3691 2598 Nec

2102 2641 2170 2697 de
2208 2642 2505 2712 liguo,quo
2539 2642 2778 2697 mundus
2807 2649 3057 2696 servatus
3086 2648 3172 2694 est
3211 2638 3300 2707 (de
3327 2635 3473 2706 arca)
3509 2649 3690 2706 egres-

2103 2750 2220 2798 sus,
2250 2734 2484 2788 Domino
2516 2733 2850 2790 sacriﬁcium
2892 2731 3061 2798 fecit;
3095 2729 3241 2801 quod
3290 2730 3403 2792 ille,
3450 2738 3508 2782 ut
3553 2727 3691 2782 odo-

2104 2841 2223 2881 rem
2272 2841 2497 2882 suavem
2547 2827 2813 2882 odoratus
2841 2836 2947 2882 est.
2987 2824 3312 2896 Thymiama
3356 2823 3470 2878 sive
3502 2821 3691 2877 incen-

2101 2932 2224 2973 sum
2251 2916 2465 2973 Hebrmi
2489 2917 2830 2980 obtulerunt,
2848 2915 2994 2987 quod
3020 2924 3202 2971 tamen
3222 2915 3365 2969 Deus
3386 2923 3448 2968 ut
3464 2925 3687 2972 vanum,

2100 3007 2505 3063 exsecrandum
2552 3014 2608 3062 et
2664 3005 3050 3062 detestandum
3113 3003 3446 3073 repudiavit.
3483 2999 3688 3068 Vapor,

2102 3111 2158 3155 et
2199 3099 2384 3155 fumus
2439 3098 2530 3154 hic
2573 3109 2630 3152 et
2667 3097 2765 3152 ibi.
2800 3097 2877 3151 lbi
2914 3095 3164 3150 nidorem
3213 3092 3347 3148 fumi
3379 3106 3502 3146 cum
3534 3090 3692 3144 volu-

419 3172 766 3235 charitatem,
798 3172 853 3228 in
886 3172 1338 3229 tribulationibus
1375 3175 1673 3245 gratiarum
1700 3177 1998 3245 actionem,
2027 3195 2072 3254 ο
2107 3199 2257 3261 male
2311 3189 2575 3245 odoratus
2623 3196 2748 3243 est;
2799 3186 2890 3241 hic
2919 3186 3214 3256 thymiama
3258 3183 3450 3237 eadem
3492 3190 3690 3235 natura

419 3265 476 3320 in
533 3265 697 3321 rebus
756 3264 1001 3319 adversis
1052 3264 1392 3333 patientiam,
1455 3266 1888 3324 misericordiam
1944 3269 1997 3324 in

419 3371 713 3426 pauperes,
752 3355 900 3410 alere
944 3356 1273 3422 esurientes,
1323 3360 1586 3414 auxilium
1619 3376 1746 3430 erga
1794 3361 2000 3432 orpha-

417 3463 544 3513 nos,
595 3448 809 3512 viduas,
864 3460 1109 3519 egentes,
1163 3450 1404 3522 gaudere
1435 3468 1559 3507 cum
1606 3453 1998 3524 gaudentibus,

419 3538 608 3608 lugere
638 3552 762 3592 cum
792 3537 1108 3609 lugentibus
1134 3558 1148 3606 ;
1194 3541 1334 3596 alius
1378 3542 1783 3599 abdicationem
1813 3560 1998 3600 rerum

420 3627 692 3693 omnium,
715 3637 770 3684 et
794 3639 1170 3700 paupertatem
1191 3633 1440 3702 spiritus,
1467 3643 1695 3704 propter
1719 3634 1997 3691 Christum

420 3718 760 3774 voluntarias
780 3721 1026 3790 corporis
1055 3721 1488 3792 verberationes,
1517 3741 1626 3780 non
1657 3725 1750 3796 qui
1797 3725 1996 3782 horum

421 3809 545 3880 plus
607 3809 778 3877 dedit,
823 3813 1100 3882 acceptior
1142 3823 1198 3870 et
1255 3816 1462 3886 gratior
1482 3817 1634 3886 ltuit;
1673 3833 1804 3875 cave
1860 3822 2000 3876 istuc

422 3913 582 3972 putes
613 3921 627 3957 :
662 3919 793 3960 cave
827 3906 940 3961 ullo
963 3907 1126 3962 modo
1163 3908 1456 3965 arbitrere.
1492 3910 1644 3966 Haud
1675 3912 1822 3967 enim
1868 3914 2000 3969 sim-

422 3995 641 4065 pliciter
678 3997 942 4053 Dominus
969 3999 1115 4069 quod
1141 3999 1262 4070 plus
1292 4010 1376 4056 est
1403 4002 1664 4059 admittit.
1699 4003 1816 4060 Non
1843 4017 2000 4062 curat

421 4100 732 4154 mensuras,
758 4099 837 4152 .et
893 4092 1103 4156 modos,
1170 4102 1226 4146 et
1271 4093 1598 4151 qualitatum
1647 4097 1999 4168 elegantiam,

424 4192 606 4248 neque
632 4179 832 4234 molem
885 4189 941 4236 et
975 4182 1430 4252 magnitudinem,
1462 4203 1639 4258 neque
1668 4191 1814 4246 aliud
1839 4193 2000 4263 quip-

425 4268 570 4337 piam
597 4269 906 4325 istiusmodi
931 4287 946 4324 :
976 4273 1266 4327 consilium
1303 4281 1686 4335 tantummodo
1718 4292 1773 4336 et
1803 4281 1996 4338 inten-

427 4361 632 4417 tionem
658 4376 849 4417 eorum
895 4379 1017 4432 qua:
1063 4375 1320 4436 aguntur,
1375 4369 1527 4438 eligit
1555 4381 1718 4442 atque
1767 4384 1998 4444 spectat,

425 4451 757 4508 aiiluentiam
792 4454 1110 4523 voluntatis,
1137 4465 1192 4510 et
1221 4457 1489 4515 fervorem
1523 4464 1728 4529 cordis,
1757 4481 1998 4524 amorem

425 4543 702 4609 intimum,
735 4545 1290 4612 desiderium,zelum
1323 4555 1360 4604 '.

492 4637 613 4692 Non
647 4652 710 4691 ea
766 4652 889 4706 quae
935 4649 1063 4692 sunt
1101 4639 1344 4709 ipsorum
1394 4645 1776 4714 concupiscit:
1808 4651 1863 4705 in
1914 4652 2002 4708 his

424 4730 748 4799 acquiescit.
780 4729 1046 4802 Quodque
1076 4732 1484 4801 admirabilius,
1521 4747 1579 4794 et
1621 4741 2000 4802 misericordia

424 4819 648 4889 plenum
681 4829 786 4885 est,
821 4835 932 4875 non
981 4820 1293 4877 oblatorum
1323 4827 1715 4894 praestantiam,
1751 4832 1844 4886 sed
1879 4849 2002 4904 qua:

491 4934 536 4969 at
556 4933 758 4994 ,ιρι-θη),
789 4952 920 5005 ινιι,
947 4937 1033 4992 10.
1103 4939 1190 4993 ³⁸1
1226 4939 1358 5010 Reg.
1393 4957 1505 5005 xw,
1529 4941 1578 4995 7.
1657 4945 1702 4975 “
1730 4945 1867 5003 Gen.
1901 4967 1976 5018 tv,
2005 4959 2056 5013 7.

2108 3290 2390 3348 constans,
2424 3296 2533 3335 non
2570 3278 2719 3334 aliud
2751 3293 2918 3349 quam
2975 3276 3117 3347 ignis
3173 3275 3438 3345 crepitus,
3491 3280 3549 3327 et
3601 3287 3690 3326 res

2107 3372 2382 3428 odorifera
2444 3371 2743 3426 indicatum
2771 3379 2855 3425 est
2888 3370 2947 3423 “.

2178 3465 2374 3522 Amata.
2411 3464 2596 3520 Indica
2630 3462 2762 3518 inihi
2794 3461 3089 3533 quomodo,
3145 3468 3202 3515 et
3253 3472 3360 3528 qua
3411 3455 3479 3510 de
3526 3468 3687 3508 causa

2108 3559 2224 3613 haec
2263 3557 2374 3612 duo
2417 3555 2683 3612 sacriﬁcia
2720 3554 2822 3610 sibi
2860 3551 3134 3608 contraria
3186 3549 3416 3606 iuerint.
3460 3546 3688 3602 Declara

2109 3651 2243 3715 vim,
2277 3663 2513 3719 expone,
2547 3647 2682 3701 nihil
2716 3645 2952 3701 occulta.

2175 3741 2340 3798 Cano.
2394 3739 2530 3796 Illud
2599 3741 2801 3794 factum
2864 3747 2949 3793 est
3002 3750 3127 3792 cum
3193 3733 3299 3789 ﬁne
3357 3733 3468 3788 Deo
3536 3736 3690 3800 grato

2107 3842 2444 3904 acceptoque
2485 3830 2861 3886 :sacrilieium
2910 3829 3059 3884 enim
3103 3826 3218 3881 Noe
3269 3823 3482 3895 justitia
3539 3835 3692 3877 com-

2109 3923 2408 3988 mendavit,
2438 3923 2906 3990 vehementerque
2930 3918 3155 3990 placuit,
3176 3927 3238 3971 ut
3263 3915 3470 3970 dictum
3498 3919 3582 3969 est
3603 3911 3686 3977 “‘;

2107 4016 2306 4070 horum
2362 4021 2555 4070 contra
2603 4023 2849 4069 extrema
2910 4009 3255 4080 improbitas,
3313 4004 3686 4064 incredulitas,

2108 4104 2494 4162 malevolentia
2547 4113 2800 4159 naturam
2833 4099 3090 4157 sacriﬁcii
3119 4096 3513 4154 exsecrabilem
3564 4092 3691 4147 red-

2108 4199 2267 4254 didit.
2299 4197 2531 4254 ilebrea
2590 4195 2797 4267 quippe
2848 4193 3000 4248 natio
3053 4193 3239 4246 animo
3293 4197 3350 4244 et
3408 4187 3690 4242 voluntate

2109 4303 2366 4360 perversa
2401 4287 2506 4342 fuit
2547 4303 2562 4340 :
2602 4285 2656 4340 in
2704 4283 2865 4340 donis
2893 4289 3074 4338 autem
3106 4279 3454 4336 oﬁ‘crcntium
3479 4275 3693 4332 animos

2108 4383 2254 4438 Deus
2290 4381 2558 4442 intuetur,
2578 4391 2647 4431 ex
2698 4375 2902 4446 quibus
2948 4371 3161 4428 statuit.
3197 4370 3278 4426 Eu
3319 4369 3490 4424 habes
3521 4382 3553 4422 a
3605 4378 3693 4419 me

2107 4471 2254 4543 quod
2273 4468 2535 4541 quaesisti.
2563 4467 2643 4522 Ex
2668 4465 2951 4536 Scriptura
2970 4463 3118 4518 enim
3144 4471 3200 4516 et
3221 4458 3480 4516 distincte
3529 4455 3692 4512 docui

2035 4545 2080 4601 Ῑ)
2112 4565 2280 4620 Deum
2308 4558 2682 4616 oblationibus
2701 4565 2758 4612 et
2804 4553 3091 4611 sacriﬁciis
3151 4549 3533 4624 hujuscemodi
3581 4563 3693 4601 non

2111 4649 2375 4708 delectari
2411 4671 2421 4704 :
2463 4662 2566 4703 nec
2608 4661 2733 4703 eum
2789 4644 2858 4699 ad
2915 4645 3138 4701 illorum
3168 4651 3442 4705 naturam,
3496 4636 3591 4692 sed
3623 4633 3691 4688 ad

2112 4753 2354 4800 mentem
2380 4739 2831 4804 sacriﬁcantium,
2857 4736 3140 4807 ipsamque
3165 4731 3484 4789 eorumdem
3513 4727 3692 4780 inten-

2113 4838 2319 4894 tionem
2350 4848 2416 4889 ac
2449 4833 2788 4889 voluntatem
2831 4829 3016 4901 potius
3039 4824 3345 4884 attendere.
3380 4821 3530 4876 Hauc
3579 4831 3692 4888 prae

2146 4955 2187 4987 ³⁷
2223 4953 2328 5007 iss.
2367 4967 2404 5004 ι.

1892 5047 2170 5112 Scholia.

495 5132 510 5149 ο
562 5127 857 5223 ἑζιιξγῆοὸξ.
893 5129 1013 5223 Nan
1053 5133 1194 5214 enim
1218 5148 1280 5214 ea
1310 5134 1613 5223 quaen/iant,
1658 5139 1757 5223 sed
1789 5156 2006 5223 scopum

2113 5145 2311 5200 ossibus
2340 5145 2479 5197 enim
2511 5143 2758 5197 ustulatis
2813 5138 2946 5192 nihil
2975 5130 3400 5207 graveolentius:
3434 5128 3526 5183 sed
3565 5129 3688 5207 aui-

422 5213 524 5270 quo
555 5197 693 5266 fiunt
731 5199 900 5282 judeaf
945 5201 1087 5282 ρεαδ
1131 5197 1480 5283 inspicit._Et_
1498 5207 1553 5259 in
1592 5197 1746 5283 rebus
1775 5197 2004 5283 quidem
2111 5197 2262 5268 nium
2283 5215 2542 5283 offerentis
2564 5211 2824 5283 laudauit.
2851 5208 2960 5283 Nec
2975 5197 3132 5258 ἐῑιὶηι
3166 5216 3420 5269 corpore“
3451 5200 3687 5283 mem?!“

421 5283 737 5349 quassertsu
759 5271 1074 5351 percipimus
1113 5271 1274 5325 etiam
1287 5275 1434 5351 _satio
1462 5276 1576 5344 ipsa
1617 5271 1879 5351 laboriosa
1900 5292 2004 5348 est,

422 5337 708 5418 messisque
743 5337 1354 5418 similiter:_step_eenim
1385 5337 1543 5418 aestus
1569 5350 1834 5418 temporis
1863 5337 2000 5406 mes-l

420 5424 564 5464 sores
616 5410 958 5479 languetacit.
1011 5410 1238 5469 Ast'illa
1285 5416 1466 5470 messis
1524 5416 1634 5470 alia
1668 5410 1766 5479 est,
1819 5419 1997 5475 labore

421 5480 590 5556 εηζοτιΔ
633 5485 683 5530 et
757 5478 951 5533 sudore
1026 5495 1296 5556 caret._——
1342 5485 1512 5540 idem.
1583 5478 1782 5556 A/fectu
1852 5493 1993 5545 enim

422 5549 611 5623 animi,
642 5564 745 5623 non
780 5564 1026 5623 mensura
1057 5552 1395 5621 facultatum,
1428 5549 1727 5623 penuriam,
1757 5566 1806 5610 et
1824 5559 1993 5612 abun-

420 5621 663 5698 dentiam
704 5618 972 5698 judicare
1003 5618 1383 5698 consuevimus.
1428 5618 1623 5698 '_Multi
1650 5618 1878 5698 namque
1930 5631 1994 5682 de

423 5687 601 5765 inultis
632 5705 801 5756 pauca
835 5689 1186 5765 largiuntur“:
1222 5709 1323 5765 nec
1337 5694 1459 5765 dati
1510 5697 1680 5765 copia,
1713 5687 1804 5750 sed
1858 5699 1994 5752 dan-

424 5757 744 5836 tiu_rn._n_tens_
769 5757 1190 5836 talisfauttalis
1232 5764 1519 5836 indicatur,
1571 5757 1992 5836 testimaturque.

495 5829 532 5848 “
557 5825 960 5885 Theodoretus.
1002 5829 1126 5885 Non
1165 5833 1318 5902 quasi
1369 5825 1529 5888 odore
1563 5835 1850 5892 delectatus
1881 5825 1947 5892 Sit
1972 5854 1989 5892 .°

2106 5285 2282 5348 habet,
2312 5268 2370 5336 ἱὶι
2417 5291 2464 5336 et
2505 5299 2661 5336 nares
2699 5282 2747 5336 ei
2789 5278 3166 5339 attribuamus,
3219 5268 3313 5343 per
3358 5287 3492 5342 quas
3549 5268 3688 5338 olfa-

2103 5369 2291 5477 cum;
2317 5430 2568 5476 naturam
2596 5433 2896 5476 munerum,
2939 5413 3029 5469 sed
3061 5411 3390 5483 prepositum
3416 5417 3686 5483 mentem-

2099 5509 2217 5576 que”
2256 5493 2584 5562 o/ferentium
2641 5491 2845 5543 intuens
2899 5477 3072 5552 Deus;
3101 5477 3178 5537 ita
3225 5483 3289 5536 de
3335 5477 3689 5535 oblationibus

2095 5566 2559 5702 Juqffuéhrysost.
2609 5627 2787 5707 Virum
2802 5627 3013 5707 justum
3043 5639 3161 5678 eum
3185 5623 3425 5707 άίςίηιΨ’
3461 5617 3689 5707 non?“

2104 5718 2268 5756 unam
2301 5687 2560 5760 aliauam.
2593 5697 2683 5753 sed
2726 5687 2820 5768 qui
2879 5697 3150 5752 universas
3203 5694 3420 5748 virtutes
3452 5687 3685 5762 complc-

2107 5782 2304 5828 ctatur.
