2018 3217
211 200 265 232 129
460 190 463 193 ’
950 198 1127 233 moerus.
1779 205 1833 237 730

210 257 339 286 omnibus
361 256 549 292 amplectitur,
564 256 621 285 sive
636 263 741 292 pauper
764 255 837 292 quis,
853 257 911 285 sive
929 256 1006 284 dives
1019 257 1042 286 Α
1058 259 1251 292 prmstantibus
1263 265 1455 289 numerantur.
1471 260 1524 287 Sed
1547 267 1607 295 qua:
1634 267 1730 295 magna
1748 260 1846 288 inerti~

210 302 295 331 fuerit
312 303 332 329 '.

247 349 296 377 llis
309 349 443 385 placatur,
458 348 501 376 his
524 348 609 379 favet,
624 348 669 376 his
697 348 808 383 gaudet,
825 355 874 375 seu
901 349 1004 380 minus,

211 402 261 425 seu
285 395 373 430 majus
391 395 528 430 quispiam
557 394 699 427 obtulerit,
721 402 770 421 seu
803 394 926 425 obolum,
956 402 1005 421 seu

212 441 360 479 minutum,
386 448 435 469 seu
464 449 546 469 ovum
574 440 716 472 duntaxat,
741 448 788 467 seu
816 448 925 475 panem,
957 447 1005 467 seu

213 486 327 514 calicem
356 493 434 522 aqua!
461 485 567 520 frigida:
598 485 670 520 (nam
691 489 718 511 et
743 485 826 520 hujus
861 484 1005 519 Scriptura

211 532 388 566 meminit")
408 539 455 559 seu
478 536 582 559 vestem
599 531 785 562 veterrimam,
810 535 857 557 aut
886 530 1005 557 laceram

210 577 247 606 ad
260 581 459 613 tegumentum,
476 581 523 604 aut
540 584 625 611 ca‘pe,
640 581 687 603 aut
698 577 792 607 alium.
808 582 855 604 aut
869 577 1005 612 intybum,

212 629 262 653 aut
270 623 382 652 herbam
397 624 530 658 aliquam,
544 627 593 650 aut
603 623 677 649 aliud
688 623 826 657 quippiam
840 623 1004 650 vilissimum

211 669 285 706 quod
310 669 373 704 quis
402 668 597 696 nominaverit.
627 668 743 696 Animus
770 673 798 695 et
826 668 909 695 animi
934 668 1006 695 bona

212 714 340 742 voluntas
355 714 382 741 in
401 713 444 741 his
459 714 539 748 plane
560 713 644 748 judex
660 719 702 740 est
728 722 734 740 :
753 713 821 740 citra
839 713 1005 739 voluntatem

213 759 443 793 al‘ectionemque
456 760 587 794 optimam
599 759 701 786 donum
711 767 761 794 per
771 767 799 786 se
815 759 881 785 nihil
892 759 962 786 valet

251 805 323 839 Quid
340 812 391 840 ego
402 805 503 833 donum
521 813 644 832 memoro
658 805 669 831 ?
682 805 763 832 Solus
781 812 871 831 sermo
895 803 1004 831 suflicit.

215 850 294 880 Sicut
307 851 380 879 enim
398 859 443 879 ros
458 852 618 886 frequenter
632 856 726 878 aestum
752 851 846 878 sedat:
866 851 901 877 ita
917 858 1008 877 sermo

1057 305 1108 332 bus
1124 305 1262 337 videntur,
1275 313 1307 333 ea
1321 313 1335 332 a
1356 305 1486 333 studiosis
1509 310 1537 333 et
1554 305 1732 340 diligentibus
1748 305 1845 339 exigua

1056 355 1084 378 et
1104 351 1212 386 abjecta
1235 351 1391 383 habentur;
1408 350 1641 385 quemadmodum
1659 350 1846 385 disputatione

1057 402 1149 424 nostra
1175 396 1263 424 fusius
1286 398 1461 431 explanatum
1485 400 1536 423 est.
1561 396 1646 423 Porro
1661 395 1689 422 in
1705 396 1803 423 erratis
1819 400 1846 422 et

1057 442 1180 477 lapsibus
1197 443 1299 470 nostris
1318 443 1398 470 aliter
1413 451 1441 469 se
1455 443 1537 469 habet
1552 442 1655 477 opinio.
1669 442 1756 469 Exilia
1771 442 1845 468 enim

1056 495 1083 516 et
1100 497 1182 524 parva
1198 489 1269 523 apud
1290 489 1364 516 viros
1385 489 1523 523 perfectos
1541 496 1593 515 non
1609 492 1683 520 sunt,
1699 495 1750 514 nec
1773 488 1847 514 acsti-

1057 541 1166 563 mantur
1182 543 1276 570 parva.
1297 535 1330 563 Et
1344 535 1474 566 vicissim,
1499 542 1559 570 qure
1578 534 1731 569 imperfecti
1750 541 1846 568 magna

1057 587 1181 615 censent,
1202 590 1233 610 ea
1255 583 1323 610 levis
1347 582 1489 613 momenti,
1515 586 1541 608 et
1560 580 1721 607 tenuissima
1749 579 1847 606 abillo

1055 630 1225 665 judicantur,
1251 629 1297 663 qni
1324 628 1455 663 perspicit
1478 632 1504 654 et
1529 635 1591 654 cum
1612 626 1717 661 justitia
1744 625 1848 659 judicat

1058 676 1159 703 omnia.
1182 675 1221 702 Ad
1239 675 1296 701 ba-c
1309 674 1360 701 alia
1376 675 1453 700 b0lltl‘
1468 673 1525 707 spei
1542 673 1621 706 plena
1638 671 1700 698 audi
1715 680 1721 698 :
1740 682 1747 695 ι
1762 670 1847 697 Primi

1057 721 1226 749 enituerunt
1257 719 1396 746 novissimi
1417 728 1425 744 ι
1452 723 1509 745 etc
1529 717 1678 749 contrario,
1703 726 1712 742 ι
1730 716 1848 743 novissi—

1058 768 1094 794 mi
1108 766 1230 802 primi”.
1250 776 1258 792 ι
1272 766 1386 799 Quando
1401 765 1474 792 enim
1486 764 1605 799 juvenis,
1621 764 1715 798 jussus
1733 762 1848 789 facultao

1060 818 1100 840 tes
1116 820 1179 839 suas
1209 812 1235 838 in
1265 819 1401 846 pauperes
1425 810 1601 840 distribuere,
1616 809 1637 836 si
1662 808 1848 835 ba‘reditatem

1060 859 1198 887 cmlestem
1218 858 1306 889 adire,
1323 862 1350 884 et
1368 857 1505 891 perfectus
1524 855 1640 882 evadere
1674 854 1766 885 vellet,
1792 861 1848 879 ma-

215 896 342 952 roscidus
356 905 406 925 cor
429 901 546 952 a'stjuans
576 897 729 952 refrigerat.
758 897 865 952 Eteniilt
892 903 1005 946 parvum
1023 926 1043 952 Β
1058 906 1144 940 iorem
1164 905 1257 931 animo
1279 904 1417 931 lrislilinnl
1434 902 1569 936 ρυηεερρίι,
1583 901 1620 927 sic
1639 900 1769 927 adversus
1786 907 1849 925 eum

214 943 365 978 quippiam,
378 948 406 970 et
423 942 560 970 modicum
577 942 649 969 haud
676 947 718 969 est
737 942 887 972 modicum,
905 941 926 967 si
944 945 1004 967 tan—

215 989 357 1016 tummodo
375 996 425 1023 pro
438 988 510 1015 virili
527 988 572 1015 ﬁat
593 997 598 1014 :
624 988 671 1016 sed
696 988 775 1022 longe
802 988 962 1016 maximum.
980 991 1007 1014 et

218 1033 366 1068 optimum,
387 1033 500 1067 Deoque
514 1033 656 1068 placitum.
680 1033 747 1059 Nam
764 1033 790 1058 in
814 1032 897 1058 rebus
912 1031 1008 1058 buma-

215 1079 260 1108 nis
271 1079 388 1107 facultas
405 1084 434 1107 et
461 1080 587 1106 voluntas
611 1079 838 1113 frequentissime
866 1078 893 1105 in
910 1077 1007 1105 eodem

215 1133 272 1154 non
285 1129 471 1154 concurrunt:
489 1126 640 1160 praesertim
654 1125 680 1151 in
695 1125 863 1160 pauperibus
879 1132 910 1152 ac
920 1124 1008 1151 tenui-

216 1171 280 1205 bus,
297 1172 400 1208 quibus
417 1171 522 1206 exigua:
537 1176 601 1198 sunt
618 1171 713 1206 copiae.
730 1171 758 1197 ln
777 1171 820 1198 his
842 1171 915 1198 enim
939 1171 1007 1198 alte-

217 1226 289 1253 rum,
318 1219 388 1248 velle
409 1219 533 1246 fortassis
555 1219 625 1246 inest
647 1228 653 1245 :
672 1218 719 1245 sed
749 1226 840 1252 posse,
858 1222 887 1244 et
917 1217 1008 1244 facere

218 1273 273 1293 nou
287 1269 340 1297 est,
360 1265 494 1299 Quocirca
520 1265 594 1292 solus
622 1264 741 1293 animus.
764 1268 791 1290 et
819 1263 956 1294 voluntas,
981 1265 1009 1288 et

219 1312 306 1340 oratio
322 1311 396 1346 inopi
429 1311 607 1343 subveniunt,
620 1315 648 1337 et
665 1309 820 1337 mercedem
834 1315 1009 1342 consequun-

221 1357 321 1386 tur-.11:
336 1357 523 1393 locupletibus
548 1361 650 1387 autem,
668 1361 696 1383 et
715 1355 808 1390 probis
831 1354 966 1384 voluntas,
981 1356 1009 1379 et

225 1404 338 1432 facultas
350 1404 468 1433 feliciter
487 1403 664 1438 respondent.
680 1401 732 1435 Qui
754 1401 838 1436 igitur
853 1408 902 1435 pro
918 1400 1009 1426 recula

226 1457 276 1478 sua
300 1450 354 1478 Deo
374 1457 473 1479 munus
498 1449 648 1477 sacraverit
663 1467 671 1479 ,
706 1447 729 1475 is
748 1447 776 1474 in
803 1448 902 1474 coelum
922 1452 1009 1480 usque

224 1495 354 1529 ascendit,
379 1497 452 1532 quod
482 1496 600 1523 duarum
637 1494 793 1525 viduarum,
831 1494 912 1520 unius
954 1492 1009 1519 duo

222 1542 337 1576 minuta,
352 1542 465 1570 alterius
479 1542 567 1569 farina
587 1540 737 1568 ostendunt

254 1587 322 1616 Nam
337 1587 382 1616 illa
397 1587 453 1615 duo
483 1587 569 1618 dedit.
583 1591 612 1614 et
641 1586 811 1621 Sarephtana
833 1585 905 1620 quod
935 1585 1010 1612 dedit

220 1633 291 1662 nihil
306 1638 406 1670 prater
430 1634 563 1662 farinam:
580 1633 636 1661 imo
653 1636 746 1669 potius
772 1633 891 1668 pugillus
917 1633 1009 1659 farinae

219 1679 282 1711 fuit,
298 1684 392 1715 utpote
407 1687 467 1715 qua:
479 1688 594 1715 pauper,
609 1684 637 1707 et
655 1681 747 1714 priore
765 1680 811 1707 illa
837 1680 918 1706 etiam
941 1686 1010 1713 pau-

221 1726 315 1762 perior
329 1731 420 1756 esset:
438 1727 548 1755 tametsi
571 1728 659 1754 ambae
672 1726 767 1753 eadem
793 1729 895 1757 mente,
912 1725 1009 1751 volun-

222 1775 332 1807 tateque
348 1773 520 1806 obtulerunt,
547 1781 600 1808 qua
624 1773 700 1800 viros
714 1776 741 1798 et
770 1771 887 1798 feminas
913 1778 1011 1797 omnes

221 1821 284 1853 post
299 1825 329 1845 ae
343 1818 528 1853 reliquerunt.
550 1818 589 1846 Ne
603 1818 705 1845 frustra
734 1817 827 1852 igitur,
846 1824 880 1843 ne
908 1816 1010 1844 frustra

222 1867 375 1892 tceacusa.
391 1864 461 1892 Nam
485 1865 532 1900 qui
560 1874 675 1900 prorsus
705 1867 814 1899 nolunt,
842 1874 897 1894 non
919 1870 1010 1893 autem

221 1908 270 1944 qui
285 1916 341 1936 non
355 1913 482 1944 possunt,
498 1910 603 1937 caelesti
617 1910 702 1946 gloria
731 1911 923 1946 privabttntur,
937 1911 1011 1946 quod

220 1962 257 1982 ex
273 1959 337 1983 ante
349 1955 432 1983 dictis
445 1956 621 1992 perspicuum
634 1957 731 1988 evasit,
751 1958 872 1992 satisque
884 1958 917 1985 ad
932 1958 1011 1984 ﬁdem

222 2000 442 2030 demonstratum
466 2007 494 2029 et
509 2002 700 2030 conﬁrmatum
724 2008 775 2031 est.
801 2003 1012 2030 llocnihilumi-

224 2055 288 2081 nus,
315 2053 347 2076 ut
373 2048 422 2076 tibi
448 2049 594 2084 gratificet,
620 2056 766 2085 apponam.
788 2048 967 2079 Pharisaeum,
984 2052 1013 2074 et

224 2093 405 2129 publicanum
428 2099 529 2122 norunt
544 2102 650 2126 omnes,
667 2102 682 2121 e
700 2094 801 2128 quibus
825 2093 869 2120 ille
896 2093 1013 2120 virtutes

223 2146 289 2167 suas
301 2140 431 2175 iactavit:
447 2140 530 2168 hiein
546 2140 701 2168 humilitate
714 2140 806 2167 cordis
821 2143 917 2174 pectus
932 2147 1013 2166 suum

224 2184 394 2213 verberavit.
412 2186 485 2214 Deus
501 2191 603 2219 autem,
621 2185 812 2213 humiliantem
829 2193 859 2212 se
874 2185 1012 2220 probavit,

220 2231 379 2268 iactantiam
394 2236 422 2259 et
437 2232 635 2267 iactabundum
652 2232 748 2267 rejecit
761 2233 814 2259 "".

1058 951 1091 978 ad
1109 955 1232 977 astantes
1246 950 1354 976 loculus
1380 954 1422 975 est
1437 947 1589 974 Dominus:
1609 957 1616 971 ι
1641 947 1726 979 Quam
1740 944 1849 971 diflicile

1058 997 1156 1024 divites
1169 995 1311 1023 intrabunt
1327 995 1354 1021 in
1368 1002 1481 1028 regnum
1499 993 1630 1020 cmlornm
1647 992 1668 1007 ³⁹
1685 993 1690 1017 l
1712 1001 1721 1016 ›
1737 990 1776 1017 Ad
1791 997 1850 1024 qua:

1058 1043 1122 1069 licet
1135 1040 1351 1071 evidentissima,
1361 1047 1423 1066 cunt
1438 1037 1563 1072 discipuli
1576 1036 1744 1071 objicerent:
1759 1044 1767 1060 ε
1781 1035 1849 1066 Quis

1059 1089 1151 1124 igitur,
1175 1086 1313 1121 magister,
1337 1084 1435 1112 salvari
1457 1083 1576 1118 poterit?
1607 1092 1615 1107 ι
1636 1082 1679 1108 ille
1704 1080 1849 1107 confestim

1060 1143 1221 1170 responsum
1242 1142 1337 1162 verum
1355 1133 1392 1160 ita
1407 1131 1525 1158 reddidit
1538 1139 1544 1156 :
1557 1140 1565 1154 (
1576 1129 1640 1161 Qua:
1668 1127 1847 1162 impossibilia

1060 1184 1134 1210 sunt,
1152 1178 1251 1212 inquit,
1267 1178 1339 1212 apud
1362 1176 1499 1206 homines,
1518 1174 1588 1208 apud
1613 1173 1697 1200 Deum
1725 1171 1851 1206 etpossi—

1059 1225 1126 1252 bilia
1144 1225 1176 1251 ⁸⁰.
1199 1229 1249 1251 »ει
1277 1223 1377 1256 facilia,
1404 1227 1431 1249 et
1470 1221 1597 1248 facillima
1626 1223 1709 1246 sunt;
1734 1217 1851 1244 Domino

1060 1271 1133 1298 enim
1150 1270 1342 1297 universorum
1365 1269 1447 1295 etiam
1462 1268 1591 1295 universa
1608 1270 1671 1293 sunt
1686 1263 1828 1299 possibilia
1843 1271 1849 1289 :

1060 1316 1153 1351 quiet
1179 1315 1268 1342 ordini
1298 1320 1325 1342 et
1356 1315 1463 1349 legibus
1491 1318 1595 1340 natum
1623 1312 1750 1346 imperat.
1763 1308 1851 1337 Crede

1061 1363 1154 1390 verbis
1181 1362 1260 1392 meis,
1291 1369 1342 1389 nec
1357 1361 1477 1395 amplius
1493 1359 1599 1386 dubita.
1611 1358 1673 1385 Sive
1685 1357 1758 1384 enim
1772 1355 1852 1383 Chri-

1060 1415 1119 1437 stus
1136 1414 1162 1436 te
1183 1408 1290 1436 sociare
1306 1406 1500 1435 salvandorum
1521 1405 1622 1435 choris,
1642 1404 1699 1431 sive
1717 1410 1851 1430 annume-

1060 1463 1121 1482 rare
1153 1453 1320 1489 fulgentibus
1335 1452 1416 1487 justis
1432 1452 1547 1478 voluerit
1561 1450 1642 1484 (sicut
1656 1453 1735 1476 antea
1751 1455 1852 1475 memo-

1061 1502 1194 1532 ravimus,
1211 1499 1283 1527 etde
1308 1498 1443 1533 operariis
1465 1497 1491 1524 in
1518 1497 1609 1526 vinea,
1637 1495 1795 1529 relictisque
1817 1493 1852 1521 al

1062 1547 1183 1575 sarcinas
1203 1554 1217 1573 a
1230 1545 1332 1573 Davide
1346 1544 1500 1579 exemplum
1518 1541 1682 1576 attulimus),
1697 1545 1728 1567 ut
1741 1540 1853 1575 pelagus

1024 1604 1046 1633 ρ
1062 1592 1252 1627 benignitatis,
1265 1595 1294 1619 ut
1312 1591 1426 1626 abyssus
1442 1588 1648 1619 misericordiae,
1663 1595 1728 1614 num
1747 1591 1789 1614 est
1803 1586 1850 1621 qui

1063 1639 1198 1666 tantillum
1228 1638 1357 1664 resistere
1382 1643 1499 1663 ausurus
1526 1635 1583 1661 sit?
1602 1643 1611 1658 ι
1634 1634 1706 1660 Deus
1740 1636 1782 1659 est
1806 1632 1853 1666 qui

1059 1685 1205 1722 justiﬁcat,
1228 1684 1290 1719 quis
1313 1687 1355 1710 est
1380 1682 1427 1716 qui
1455 1679 1675 1708 condemnet“?
1696 1688 1704 1704 ι
1721 1678 1854 1704 Dominus

1063 1732 1136 1760 enim
1151 1735 1179 1758 et
1197 1730 1323 1757 conditor
1333 1734 1375 1756 est
1392 1728 1525 1758 omnium,
1547 1732 1574 1753 et
1591 1725 1662 1752 idem
1686 1732 1733 1751 rex
1750 1724 1854 1749 animo-

1064 1785 1123 1805 rum
1137 1782 1220 1810 atquc
1238 1782 1397 1810 corporum.
1416 1773 1475 1800 Non
1493 1771 1581 1798 utitur
1593 1769 1777 1797 curatoribus,
1795 1774 1851 1793 nou

1064 1822 1264 1859 provisoribus,
1295 1828 1350 1847 non
1380 1819 1474 1853 aliquo
1504 1816 1607 1844 vicario
1636 1814 1749 1849 indiget.
1768 1812 1855 1845 Quem

1063 1870 1137 1897 enim
1151 1869 1227 1896 timet
1243 1867 1331 1894 Dens?
1349 1865 1440 1893 Gloria
1455 1863 1572 1891 Domino
1588 1869 1660 1891 meo,
1674 1860 1760 1896 gloria
1771 1858 1853 1885 Chri-

1064 1921 1106 1943 sto
1121 1923 1194 1946 meo,
1216 1914 1261 1949 qui
1281 1913 1427 1940 miseretur
1448 1910 1583 1940 omnium,
1599 1913 1627 1935 et
1645 1914 1742 1934 omnes
1766 1904 1855 1931 susci-

1064 1962 1115 1997 pit,
1132 1962 1154 1989 si
1172 1960 1253 1987 modo
1286 1959 1348 1994 quis
1364 1956 1522 1987 accesserit,
1546 1955 1567 1982 si
1586 1954 1667 1981 modo
1694 1951 1855 1988 paenituerit

1065 2016 1112 2034 seu
1130 2008 1173 2034 ille
1185 2006 1318 2037 exoletus,
1337 2012 1385 2032 seu
1410 2003 1544 2034 mmcbus,
1561 2009 1608 2028 seu
1622 2000 1675 2032 fur,
1691 2007 1738 2026 seu
1764 1997 1856 2032 publi-

1064 2061 1150 2081 canus
1166 2051 1323 2079 fuerit

1360 2114 1474 2142 CAPUT
1504 2113 1572 2140 Vlll.

1066 2176 1106 2204 Ad
1121 2174 1303 2210 paenitentiam
1317 2172 1474 2210 cohortatio.
1492 2170 1530 2210 Avi
1548 2168 1668 2210 tribunal
1679 2166 1857 2210 Cltr_islijudi-

1154 2211 1191 2236 cis
1213 2209 1339 2235 adversus
1354 2207 1475 2234 scelestos
1498 2204 1596 2232 diaboli
1617 2203 1761 2230 accusatio.

259 2277 326 2313 Age,
337 2285 447 2305 rursum
476 2286 557 2313 quam
580 2278 762 2305 attentissime
777 2282 856 2313 potes
881 2278 1015 2306 ausculta.
1033 2270 1056 2296 Ῑ)
1107 2278 1205 2305 ΑΜΜΑ.
1222 2277 1312 2304 Bonas
1326 2274 1392 2302 mihi
1421 2281 1484 2309 spes
1509 2268 1638 2308 iniecisti,
1667 2278 1763 2306 meque
1781 2269 1857 2297 dele-

223 2321 328 2358 Exigua
343 2322 370 2350 in
385 2322 477 2358 parvis
493 2326 521 2352 et
537 2323 650 2356 vilibus,
677 2330 774 2358 magna
792 2323 820 2351 in
849 2324 971 2357 eximiis,
987 2329 1015 2352 et

1070 2325 1162 2352 ctasli.

258 2390 280 2406 ³⁷
295 2390 392 2420 Matth.
408 2399 436 2424 x,
449 2392 462 2419 l
474 2399 552 2428 seqq.
588 2392 610 2408 ³⁸
625 2392 720 2419 Matth.
737 2400 782 2426 xx,
798 2393 841 2421 l6.
880 2393 902 2409 "
914 2393 1009 2421 Matth.

1061 2402 1084 2427 κ,
1101 2394 1145 2421 25.
1191 2393 1213 2409 ⁵ο
1228 2393 1297 2420 lbid.
1313 2400 1386 2424 μιν,
1397 2391 1442 2418 25.
1464 2390 1485 2406 ⁸¹
1500 2391 1581 2417 Rom.
1594 2396 1653 2420 vm,
1664 2388 1709 2414 55.

963 2462 1104 2494 Scholia.

259 2525 268 2535 ‘
296 2524 439 2560 Chrysost.
466 2525 526 2553 Non
550 2534 646 2560 parum
673 2529 711 2552 est
743 2525 813 2560 apud
839 2525 934 2558 Deum,
963 2534 1010 2560 pro

221 2559 332 2591 viribus,
344 2559 391 2587 sed
407 2568 533 2595 magnum
549 2559 686 2595 quiddam,
701 2565 725 2586 et
738 2560 779 2587 illi
803 2565 920 2595 gratum.
946 2560 1012 2588 Alu-

221 2596 306 2623 crita:
322 2595 392 2622 enim
404 2595 436 2630 ab
460 2596 568 2628 animo;
585 2595 671 2630 facere
688 2599 777 2622 autem
796 2600 820 2622 et
840 2603 915 2630 posse
934 2604 949 2622 a
971 2596 1011 2630 fa-

221 2629 323 2665 cultate
346 2629 529 2665 proﬁciscitur.

259 2664 432 2700 "Crhr'yaost.
456 2665 527 2692 Licet
543 2666 625 2696 enim.
650 2665 707 2692 licet
734 2673 766 2692 ea:
779 2664 828 2692 Dei
852 2665 1014 2700 benignitate

222 2699 405 2736 iunplicabili
418 2701 498 2727 etiam
512 2700 555 2732 iis,
582 2702 627 2735 qui
646 2709 712 2736 opus
739 2708 799 2736 novt
821 2699 1012 2735 praestiterunt,

223 2734 258 2762 de
273 2734 333 2763 a'ola
344 2735 480 2762 uoluntate
492 2734 618 2762 coronam
643 2734 759 2770 auferre.
777 2735 811 2762 Et
821 2734 945 2770 quamvis
961 2743 1013 2762 non

223 2771 353 2806 ῃοαίυηω
364 2769 501 2805 opitulari,
516 2770 663 2806 famemque
676 2769 764 2797 dando
776 2770 914 2805 repellere,
925 2775 1015 2797 tamen

223 2803 400 2840 ﬂuctuante
408 2803 552 2840 perfectum
565 2803 1013 2840 rem'uneratimtem'consequemur.

261 2839 471 2876 "ﬁffheologus.
494 2839 609 2876 Suscipit
634 2846 659 2868 et
676 2840 756 2867 Pauli
769 2840 973 2875 plantationem,
988 2845 1016 2866 ut

225 2872 321 2915 Pauli;
331 2879 356 2901 et
367 2872 638 2915 Apollorigationem,
656 2881 681 2903 et
696 2876 748 2915 duo
759 2872 848 2915 pidum
861 2876 977 2915 ntinuta,
991 2880 1015 2901 et

224 2909 402 2939 humilitatem
427 2909 571 2946 publicani,
595 2917 619 2938 et
654 2911 841 2947 confessionem
872 2910 1014 2937 Manassw.

1156 2525 1299 2559 Cbrysost.
1311 2522 1340 2550 Si
1352 2523 1374 2549 is
1385 2523 1429 2557 qui
1442 2521 1546 2559 uirtutis
1563 2527 1669 2546 munere
1677 2519 1780 2559 functus
1789 2523 1858 2559 erat,

1063 2565 1175 2597 propter
1194 2554 1396 2597 oitentationeni
1422 2557 1478 2597 ejus
1503 2557 1619 2597 fructum
1652 2554 1770 2597 .llltlis'll,'
1792 2555 1860 2597 quod"

1063 2589 1221 2631 supplicium
1249 2594 1401 2631 nterebitur.
1430 2589 1478 2626 qui
1501 2589 1528 2617 in
1560 2590 1671 2631 peccatis
1702 2589 1861 2631 gloriatur?

1100 2624 1152 2642 """'
1166 2630 1292 2657 Pharimi
1306 2624 1472 2656 Saluatorem
1483 2624 1706 2662 reprehendebant
1722 2624 1860 2662 (Marc._n,

1066 2668 1075 2692 l
1097 2666 1181 2701 seqq.)
1193 2665 1262 2701 quod
1277 2672 1335 2691 cum
1352 2663 1497 2701 publicanis
1513 2659 1539 2701 et
1551 2661 1729 2701 peccatoribus
1746 2659 1860 2686 mandu-

1065 2696 1377 2735 carcl,'qu'andoquident
1392 2699 1433 2725 lea:
1461 2696 1641 2735 distinguebat
1666 2696 1734 2735 inter
1756 2702 1862 2735 sacrum

1065 2741 1089 2762 et
1105 2728 1264 2771 profanum:
1280 2728 1441 2771 ignoranh’a,
1452 2728 1589 2771 Δ(ΣΙινὶιςιξὶηῑ
1618 2738 1697 2771 supra
1718 2728 1802 2770 legale
1814 2729 1862 2761 ju-

1065 2765 1164 2798 dic'iun't
1178 2765 1471 2804 donassevltenignitatis
1484 2767 1611 2804 gratiam.
1704 2766 1772 2804 enini
1803 2770 1860 2788 ma-

1067 2797 1133 2838 lum,
1149 2814 1194 2832 seu
1217 2810 1351 2839 peccatum
1362 2797 1545 2839 “amandarat
1570 2800 1685 2839 :_grulia_
1708 2799 1735 2839 in
1755 2797 1860 2839 lzlonum

1067 2831 1261 2875 initiatirCuiua
1288 2840 1420 2875 reirtestes
1440 2842 1501 2864 aunt
1523 2831 1648 2875 Zacluvcus
1662 2837 1686 2859 et
1703 2831 1857 2875 Mattiacas,

1067 2881 1091 2904 ει
1105 2869 1230 2912 quotquot
1248 2876 1307 2902 victi
1320 2874 1406 2901 denuo
1419 2875 1572 2909 pugnarunt
1583 2874 1606 2898 et
1618 2869 1745 2896 vicerunt.
