  <div class='ocr_page' id='page_1' title='image "/cluster/home/n/w/nwhite01/storage/ocr_20150623/127/coo.31924054870328/373.png"; bbox 0 0 4036 6436; ppageno 0'>
   <div class='ocr_carea' id='block_1_1' title="bbox 364 372 2365 449">
    <p class='ocr_par' dir='ltr' id='par_1_1' title="bbox 364 372 2365 449">
     <span class='ocr_line' id='line_1_1' title="bbox 364 372 2365 449; baseline -0.004 -3"><span class='ocrx_word' id='word_1_1' title='bbox 364 372 430 446; x_wconf 68' lang='lat' dir='ltr'><strong>3t</strong></span> <span class='ocrx_word' id='word_1_2' title='bbox 1590 379 1929 449; x_wconf 76' lang='lat' dir='ltr'><strong>PHILIPPt</strong></span> <span class='ocrx_word' id='word_1_3' title='bbox 1976 377 2365 449; x_wconf 71' lang='lat' dir='ltr'><strong>SOLTITARII</strong></span> 
     </span>
    </p>
   </div>
   <div class='ocr_carea' id='block_1_2' title="bbox 3485 376 3601 451">
    <p class='ocr_par' dir='ltr' id='par_1_2' title="bbox 3485 376 3601 451">
     <span class='ocr_line' id='line_1_2' title="bbox 3485 376 3601 451; baseline 0 0"><span class='ocrx_word' id='word_1_4' title='bbox 3485 376 3601 451; x_wconf 62' lang='lat' dir='ltr'><strong>te</strong></span> 
     </span>
    </p>
   </div>
   <div class='ocr_carea' id='block_1_3' title="bbox 394 488 3590 569">
    <p class='ocr_par' dir='ltr' id='par_1_3' title="bbox 394 488 3590 569">
     <span class='ocr_line' id='line_1_3' title="bbox 394 488 3590 569; baseline -0.002 -17"><span class='ocrx_word' id='word_1_5' title='bbox 394 491 564 552; x_wconf 68' lang='lat' dir='ltr'><strong>Cano.</strong></span> <span class='ocrx_word' id='word_1_6' title='bbox 596 493 715 549; x_wconf 80' lang='lat' dir='ltr'><strong>Non</strong></span> <span class='ocrx_word' id='word_1_7' title='bbox 748 492 901 550; x_wconf 88' lang='lat' dir='ltr'><strong>vides</strong></span> <span class='ocrx_word' id='word_1_8' title='bbox 926 508 1066 559; x_wconf 87' lang='lat' dir='ltr'><strong>rem,</strong></span> <span class='ocrx_word' id='word_1_9' title='bbox 1093 502 1151 548; x_wconf 91' lang='lat' dir='ltr'><strong>ut</strong></span> <span class='ocrx_word' id='word_1_10' title='bbox 1180 503 1360 564; x_wconf 82' lang='lat' dir='ltr'><strong>potes,</strong></span> <span class='ocrx_word' id='word_1_11' title='bbox 1392 510 1500 551; x_wconf 87' lang='lat' dir='ltr'><strong>non</strong></span> <span class='ocrx_word' id='word_1_12' title='bbox 1534 495 1729 553; x_wconf 87' lang='lat' dir='ltr'><strong>vides:</strong></span> <span class='ocrx_word' id='word_1_13' title='bbox 1758 496 1909 552; x_wconf 83' lang='lat' dir='ltr'><strong>aliud</strong></span> <span class='ocrx_word' id='word_1_14' title='bbox 1943 509 1981 560; x_wconf 77' lang='grc' dir='ltr'>,ι</span> <span class='ocrx_word' id='word_1_15' title='bbox 2014 494 2315 551; x_wconf 80' lang='lat' dir='ltr'><strong>clamorem</strong></span> <span class='ocrx_word' id='word_1_16' title='bbox 2360 488 2782 569; x_wconf 52' lang='lat' dir='ltr'><strong>adorirentibum</strong></span> <span class='ocrx_word' id='word_1_17' title='bbox 2835 505 2943 555; x_wconf 73' lang='lat' dir='ltr'><strong>lion</strong></span> <span class='ocrx_word' id='word_1_18' title='bbox 2995 489 3143 558; x_wconf 65' lang='lat' dir='ltr'><strong>votet</strong></span> <span class='ocrx_word' id='word_1_19' title='bbox 3187 491 3394 569; x_wconf 75' lang='lat' dir='ltr'><strong>justam</strong></span> <span class='ocrx_word' id='word_1_20' title='bbox 3445 489 3590 547; x_wconf 84' lang='lat' dir='ltr'><strong>ferre</strong></span> 
     </span>
    </p>
   </div>
   <div class='ocr_carea' id='block_1_4' title="bbox 329 585 1910 657">
    <p class='ocr_par' dir='ltr' id='par_1_4' title="bbox 329 585 1910 657">
     <span class='ocr_line' id='line_1_4' title="bbox 329 585 1910 657; baseline -0.002 -11"><span class='ocrx_word' id='word_1_21' title='bbox 329 587 476 649; x_wconf 74' lang='lat' dir='ltr'><strong>enim</strong></span> <span class='ocrx_word' id='word_1_22' title='bbox 509 601 704 643; x_wconf 86' lang='lat' dir='ltr'><strong>vereor</strong></span> <span class='ocrx_word' id='word_1_23' title='bbox 748 585 955 651; x_wconf 79' lang='lat' dir='ltr'><strong>dicere,</strong></span> <span class='ocrx_word' id='word_1_24' title='bbox 996 601 1065 641; x_wconf 91' lang='lat' dir='ltr'><strong>ne</strong></span> <span class='ocrx_word' id='word_1_25' title='bbox 1094 594 1149 643; x_wconf 87' lang='lat' dir='ltr'><strong>te</strong></span> <span class='ocrx_word' id='word_1_26' title='bbox 1180 587 1445 647; x_wconf 84' lang='lat' dir='ltr'><strong>audacius</strong></span> <span class='ocrx_word' id='word_1_27' title='bbox 1484 586 1674 642; x_wconf 86' lang='lat' dir='ltr'><strong>videar</strong></span> <span class='ocrx_word' id='word_1_28' title='bbox 1719 603 1910 657; x_wconf 80' lang='lat' dir='ltr'><strong>repre-</strong></span> 
     </span>
    </p>
   </div>
   <div class='ocr_carea' id='block_1_5' title="bbox 333 677 1909 746">
    <p class='ocr_par' dir='ltr' id='par_1_5' title="bbox 333 677 1909 746">
     <span class='ocr_line' id='line_1_5' title="bbox 333 677 1909 746; baseline -0.001 -11"><span class='ocrx_word' id='word_1_29' title='bbox 333 678 591 739; x_wconf 69' lang='lat' dir='ltr'><strong>hendere.</strong></span> <span class='ocrx_word' id='word_1_30' title='bbox 633 677 981 741; x_wconf 70' lang='lat' dir='ltr'><strong>Alacritatem</strong></span> <span class='ocrx_word' id='word_1_31' title='bbox 1037 678 1294 744; x_wconf 88' lang='lat' dir='ltr'><strong>ostende,</strong></span> <span class='ocrx_word' id='word_1_32' title='bbox 1345 678 1512 734; x_wconf 81' lang='lat' dir='ltr'><strong>ﬁdem</strong></span> <span class='ocrx_word' id='word_1_33' title='bbox 1554 679 1779 746; x_wconf 81' lang='lat' dir='ltr'><strong>adhibe,</strong></span> <span class='ocrx_word' id='word_1_34' title='bbox 1809 694 1909 733; x_wconf 53' lang='lat' dir='ltr'><strong>vo.</strong></span> 
     </span>
    </p>
   </div>
   <div class='ocr_carea' id='block_1_6' title="bbox 331 768 1909 839">
    <p class='ocr_par' dir='ltr' id='par_1_6' title="bbox 331 768 1909 839">
     <span class='ocr_line' id='line_1_6' title="bbox 331 768 1909 839; baseline 0.003 -17"><span class='ocrx_word' id='word_1_35' title='bbox 331 770 620 833; x_wconf 64' lang='lat' dir='ltr'><strong>bonitatem,</strong></span> <span class='ocrx_word' id='word_1_36' title='bbox 656 768 1007 833; x_wconf 81' lang='lat' dir='ltr'><strong>charitatem,</strong></span> <span class='ocrx_word' id='word_1_37' title='bbox 1042 783 1194 837; x_wconf 85' lang='lat' dir='ltr'><strong>spem</strong></span> <span class='ocrx_word' id='word_1_38' title='bbox 1210 785 1321 825; x_wconf 90' lang='lat' dir='ltr'><strong>non</strong></span> <span class='ocrx_word' id='word_1_39' title='bbox 1350 769 1601 833; x_wconf 82' lang='lat' dir='ltr'><strong>dubiam,</strong></span> <span class='ocrx_word' id='word_1_40' title='bbox 1624 769 1909 839; x_wconf 78' lang='lat' dir='ltr'><strong>paululum</strong></span> 
     </span>
    </p>
   </div>
   <div class='ocr_carea' id='block_1_7' title="bbox 336 857 1908 930">
    <p class='ocr_par' dir='ltr' id='par_1_7' title="bbox 336 857 1908 930">
     <span class='ocr_line' id='line_1_7' title="bbox 336 857 1908 930; baseline -0.001 -15"><span class='ocrx_word' id='word_1_41' title='bbox 336 860 390 915; x_wconf 90' lang='lat' dir='ltr'><strong>in</strong></span> <span class='ocrx_word' id='word_1_42' title='bbox 420 858 523 913; x_wconf 89' lang='lat' dir='ltr'><strong>hac</strong></span> <span class='ocrx_word' id='word_1_43' title='bbox 572 858 682 911; x_wconf 86' lang='lat' dir='ltr'><strong>vita</strong></span> <span class='ocrx_word' id='word_1_44' title='bbox 721 857 934 921; x_wconf 90' lang='lat' dir='ltr'><strong>labora,</strong></span> <span class='ocrx_word' id='word_1_45' title='bbox 985 866 1044 913; x_wconf 85' lang='lat' dir='ltr'><strong>et</strong></span> <span class='ocrx_word' id='word_1_46' title='bbox 1084 859 1402 929; x_wconf 70' lang='lat' dir='ltr'><strong>ingentibus</strong></span> <span class='ocrx_word' id='word_1_47' title='bbox 1458 860 1620 915; x_wconf 86' lang='lat' dir='ltr'><strong>bonis</strong></span> <span class='ocrx_word' id='word_1_48' title='bbox 1673 862 1908 930; x_wconf 86' lang='lat' dir='ltr'><strong>petiere.</strong></span> 
     </span>
    </p>
   </div>
   <div class='ocr_carea' id='block_1_8' title="bbox 334 949 1913 1022">
    <p class='ocr_par' dir='ltr' id='par_1_8' title="bbox 334 949 1913 1022">
     <span class='ocr_line' id='line_1_8' title="bbox 334 949 1913 1022; baseline 0.001 -17"><span class='ocrx_word' id='word_1_49' title='bbox 334 949 565 1013; x_wconf 75' lang='lat' dir='ltr'><strong>Desiste,</strong></span> <span class='ocrx_word' id='word_1_50' title='bbox 602 964 633 1002; x_wconf 85' lang='lat' dir='ltr'><strong>a</strong></span> <span class='ocrx_word' id='word_1_51' title='bbox 682 949 921 1019; x_wconf 87' lang='lat' dir='ltr'><strong>peccatis</strong></span> <span class='ocrx_word' id='word_1_52' title='bbox 975 950 1270 1018; x_wconf 67' lang='lat' dir='ltr'><strong>praeteritis</strong></span> <span class='ocrx_word' id='word_1_53' title='bbox 1302 952 1519 1022; x_wconf 75' lang='lat' dir='ltr'><strong>longius</strong></span> <span class='ocrx_word' id='word_1_54' title='bbox 1562 950 1769 1022; x_wconf 87' lang='lat' dir='ltr'><strong>refugo.</strong></span> <span class='ocrx_word' id='word_1_55' title='bbox 1804 953 1913 1008; x_wconf 82' lang='lat' dir='ltr'><strong>Re-</strong></span> 
     </span>
    </p>
   </div>
   <div class='ocr_carea' id='block_1_9' title="bbox 333 1039 1913 1113">
    <p class='ocr_par' dir='ltr' id='par_1_9' title="bbox 333 1039 1913 1113">
     <span class='ocr_line' id='line_1_9' title="bbox 333 1039 1913 1113; baseline 0.002 -18"><span class='ocrx_word' id='word_1_56' title='bbox 333 1055 497 1110; x_wconf 80' lang='lat' dir='ltr'><strong>gnum</strong></span> <span class='ocrx_word' id='word_1_57' title='bbox 525 1039 794 1095; x_wconf 66' lang='lat' dir='ltr'><strong>caelorum</strong></span> <span class='ocrx_word' id='word_1_58' title='bbox 822 1050 1039 1103; x_wconf 71' lang='lat' dir='ltr'><strong>exstare</strong></span> <span class='ocrx_word' id='word_1_59' title='bbox 1079 1041 1361 1107; x_wconf 80' lang='lat' dir='ltr'><strong>audivisti,</strong></span> <span class='ocrx_word' id='word_1_60' title='bbox 1392 1052 1448 1097; x_wconf 86' lang='lat' dir='ltr'><strong>et</strong></span> <span class='ocrx_word' id='word_1_61' title='bbox 1485 1043 1617 1098; x_wconf 90' lang='lat' dir='ltr'><strong>illud</strong></span> <span class='ocrx_word' id='word_1_62' title='bbox 1653 1043 1764 1113; x_wconf 84' lang='lat' dir='ltr'><strong>pati</strong></span> <span class='ocrx_word' id='word_1_63' title='bbox 1802 1043 1913 1109; x_wconf 84' lang='lat' dir='ltr'><strong>vim</strong></span> 
     </span>
    </p>
   </div>
   <div class='ocr_carea' id='block_1_10' title="bbox 333 1130 1916 1206">
    <p class='ocr_par' dir='ltr' id='par_1_10' title="bbox 333 1130 1916 1206">
     <span class='ocr_line' id='line_1_10' title="bbox 333 1130 1916 1206; baseline 0.001 -17"><span class='ocrx_word' id='word_1_64' title='bbox 333 1139 498 1197; x_wconf 81' lang='lat' dir='ltr'><strong>atque</strong></span> <span class='ocrx_word' id='word_1_65' title='bbox 524 1130 838 1198; x_wconf 63' lang='lat' dir='ltr'><strong>a,violentis</strong></span> <span class='ocrx_word' id='word_1_66' title='bbox 868 1140 1081 1187; x_wconf 89' lang='lat' dir='ltr'><strong>tantum</strong></span> <span class='ocrx_word' id='word_1_67' title='bbox 1133 1134 1249 1203; x_wconf 85' lang='lat' dir='ltr'><strong>rapi</strong></span> <span class='ocrx_word' id='word_1_68' title='bbox 1280 1136 1345 1187; x_wconf 67' lang='grc' dir='ltr'><strong>δ’.</strong></span> <span class='ocrx_word' id='word_1_69' title='bbox 1375 1135 1549 1189; x_wconf 81' lang='lat' dir='ltr'><strong>Nemo</strong></span> <span class='ocrx_word' id='word_1_70' title='bbox 1580 1134 1686 1190; x_wconf 90' lang='lat' dir='ltr'><strong>hoc</strong></span> <span class='ocrx_word' id='word_1_71' title='bbox 1729 1136 1916 1206; x_wconf 87' lang='lat' dir='ltr'><strong>ingre-</strong></span> 
     </span>
    </p>
   </div>
   <div class='ocr_carea' id='block_1_11' title="bbox 335 1222 1916 1294">
    <p class='ocr_par' dir='ltr' id='par_1_11' title="bbox 335 1222 1916 1294">
     <span class='ocr_line' id='line_1_11' title="bbox 335 1222 1916 1294; baseline 0.004 -17"><span class='ocrx_word' id='word_1_72' title='bbox 335 1222 502 1286; x_wconf 76' lang='lat' dir='ltr'><strong>ditur,</strong></span> <span class='ocrx_word' id='word_1_73' title='bbox 530 1238 695 1278; x_wconf 89' lang='lat' dir='ltr'><strong>nemo</strong></span> <span class='ocrx_word' id='word_1_74' title='bbox 744 1223 1092 1289; x_wconf 57' lang='lat' dir='ltr'><strong>salvatur,&#39;ni</strong></span> <span class='ocrx_word' id='word_1_75' title='bbox 1146 1224 1300 1294; x_wconf 89' lang='lat' dir='ltr'><strong>prius</strong></span> <span class='ocrx_word' id='word_1_76' title='bbox 1340 1241 1466 1281; x_wconf 89' lang='lat' dir='ltr'><strong>cum</strong></span> <span class='ocrx_word' id='word_1_77' title='bbox 1516 1227 1916 1284; x_wconf 89' lang='lat' dir='ltr'><strong>tentationibus</strong></span> 
     </span>
    </p>
   </div>
   <div class='ocr_carea' id='block_1_12' title="bbox 338 1312 1911 1386">
    <p class='ocr_par' dir='ltr' id='par_1_12' title="bbox 338 1312 1911 1386">
     <span class='ocr_line' id='line_1_12' title="bbox 338 1312 1911 1386; baseline 0.004 -19"><span class='ocrx_word' id='word_1_78' title='bbox 338 1312 597 1381; x_wconf 81' lang='lat' dir='ltr'><strong>Iuctatus,</strong></span> <span class='ocrx_word' id='word_1_79' title='bbox 623 1313 679 1367; x_wconf 86' lang='lat' dir='ltr'><strong>ni</strong></span> <span class='ocrx_word' id='word_1_80' title='bbox 707 1313 860 1383; x_wconf 87' lang='lat' dir='ltr'><strong>prius</strong></span> <span class='ocrx_word' id='word_1_81' title='bbox 888 1313 1168 1371; x_wconf 74' lang='lat' dir='ltr'><strong>molestias</strong></span> <span class='ocrx_word' id='word_1_82' title='bbox 1201 1313 1532 1386; x_wconf 87' lang='lat' dir='ltr'><strong>doloresque</strong></span> <span class='ocrx_word' id='word_1_83' title='bbox 1566 1331 1865 1385; x_wconf 87' lang='lat' dir='ltr'><strong>perpessus</strong></span> <span class='ocrx_word' id='word_1_84' title='bbox 1897 1335 1911 1373; x_wconf 91' lang='lat'><strong>:</strong></span> 
     </span>
    </p>
   </div>
   <div class='ocr_carea' id='block_1_13' title="bbox 337 1401 1919 1473">
    <p class='ocr_par' dir='ltr' id='par_1_13' title="bbox 337 1401 1919 1473">
     <span class='ocr_line' id='line_1_13' title="bbox 337 1401 1919 1473; baseline 0.001 -16"><span class='ocrx_word' id='word_1_85' title='bbox 337 1402 613 1472; x_wconf 57' lang='lat' dir='ltr'><strong>praecipue</strong></span> <span class='ocrx_word' id='word_1_86' title='bbox 642 1401 687 1456; x_wconf 90' lang='lat' dir='ltr'><strong>si</strong></span> <span class='ocrx_word' id='word_1_87' title='bbox 718 1401 905 1456; x_wconf 88' lang='lat' dir='ltr'><strong>illicita</strong></span> <span class='ocrx_word' id='word_1_88' title='bbox 946 1401 1285 1471; x_wconf 88' lang='lat' dir='ltr'><strong>perpetravit</strong></span> <span class='ocrx_word' id='word_1_89' title='bbox 1318 1442 1333 1457; x_wconf 95' lang='lat'><strong>.</strong></span> <span class='ocrx_word' id='word_1_90' title='bbox 1366 1402 1481 1459; x_wconf 76' lang='lat' dir='ltr'><strong>[loc</strong></span> <span class='ocrx_word' id='word_1_91' title='bbox 1518 1419 1629 1458; x_wconf 89' lang='lat' dir='ltr'><strong>non</strong></span> <span class='ocrx_word' id='word_1_92' title='bbox 1682 1402 1919 1473; x_wconf 76' lang='lat' dir='ltr'><strong>ingredi-</strong></span> 
     </span>
    </p>
   </div>
   <div class='ocr_carea' id='block_1_14' title="bbox 340 1490 1914 1561">
    <p class='ocr_par' dir='ltr' id='par_1_14' title="bbox 340 1490 1914 1561">
     <span class='ocr_line' id='line_1_14' title="bbox 340 1490 1914 1561; baseline -0.001 -14"><span class='ocrx_word' id='word_1_93' title='bbox 340 1500 431 1547; x_wconf 90' lang='lat' dir='ltr'><strong>tur</strong></span> <span class='ocrx_word' id='word_1_94' title='bbox 482 1506 668 1559; x_wconf 82' lang='lat' dir='ltr'><strong>rapax.</strong></span> <span class='ocrx_word' id='word_1_95' title='bbox 710 1506 822 1545; x_wconf 90' lang='lat' dir='ltr'><strong>non</strong></span> <span class='ocrx_word' id='word_1_96' title='bbox 854 1491 1113 1561; x_wconf 77' lang='lat' dir='ltr'><strong>injustas.</strong></span> <span class='ocrx_word' id='word_1_97' title='bbox 1145 1505 1257 1545; x_wconf 91' lang='lat' dir='ltr'><strong>non</strong></span> <span class='ocrx_word' id='word_1_98' title='bbox 1287 1490 1398 1556; x_wconf 86' lang='lat' dir='ltr'><strong>fur,</strong></span> <span class='ocrx_word' id='word_1_99' title='bbox 1433 1506 1545 1546; x_wconf 86' lang='lat' dir='ltr'><strong>non</strong></span> <span class='ocrx_word' id='word_1_100' title='bbox 1589 1491 1914 1557; x_wconf 78' lang='lat' dir='ltr'><strong>maledicus,</strong></span> 
     </span>
    </p>
   </div>
   <div class='ocr_carea' id='block_1_15' title="bbox 335 1578 1915 1650">
    <p class='ocr_par' dir='ltr' id='par_1_15' title="bbox 335 1578 1915 1650">
     <span class='ocr_line' id='line_1_15' title="bbox 335 1578 1915 1650; baseline -0.001 -15"><span class='ocrx_word' id='word_1_101' title='bbox 335 1595 444 1635; x_wconf 89' lang='lat' dir='ltr'><strong>non</strong></span> <span class='ocrx_word' id='word_1_102' title='bbox 469 1580 741 1645; x_wconf 85' lang='lat' dir='ltr'><strong>ebriosus,</strong></span> <span class='ocrx_word' id='word_1_103' title='bbox 770 1595 882 1634; x_wconf 90' lang='lat' dir='ltr'><strong>non</strong></span> <span class='ocrx_word' id='word_1_104' title='bbox 911 1578 1180 1642; x_wconf 81' lang='lat' dir='ltr'><strong>cinaedus,</strong></span> <span class='ocrx_word' id='word_1_105' title='bbox 1228 1594 1340 1635; x_wconf 90' lang='lat' dir='ltr'><strong>non</strong></span> <span class='ocrx_word' id='word_1_106' title='bbox 1378 1595 1582 1650; x_wconf 89' lang='lat' dir='ltr'><strong>corpus</strong></span> <span class='ocrx_word' id='word_1_107' title='bbox 1605 1596 1765 1635; x_wconf 88' lang='lat' dir='ltr'><strong>suum</strong></span> <span class='ocrx_word' id='word_1_108' title='bbox 1787 1580 1915 1635; x_wconf 90' lang='lat' dir='ltr'><strong>libi-</strong></span> 
     </span>
    </p>
   </div>
   <div class='ocr_carea' id='block_1_16' title="bbox 335 1670 1918 1742">
    <p class='ocr_par' dir='ltr' id='par_1_16' title="bbox 335 1670 1918 1742">
     <span class='ocr_line' id='line_1_16' title="bbox 335 1670 1918 1742; baseline 0.001 -18"><span class='ocrx_word' id='word_1_109' title='bbox 335 1671 461 1729; x_wconf 82' lang='lat' dir='ltr'><strong>dine</strong></span> <span class='ocrx_word' id='word_1_110' title='bbox 495 1671 896 1736; x_wconf 86' lang='lat' dir='ltr'><strong>contaminans,</strong></span> <span class='ocrx_word' id='word_1_111' title='bbox 934 1686 1045 1725; x_wconf 90' lang='lat' dir='ltr'><strong>non</strong></span> <span class='ocrx_word' id='word_1_112' title='bbox 1080 1670 1282 1736; x_wconf 87' lang='lat' dir='ltr'><strong>mollis,</strong></span> <span class='ocrx_word' id='word_1_113' title='bbox 1336 1686 1445 1725; x_wconf 89' lang='lat' dir='ltr'><strong>non</strong></span> <span class='ocrx_word' id='word_1_114' title='bbox 1490 1672 1773 1742; x_wconf 88' lang='lat' dir='ltr'><strong>pestilens,</strong></span> <span class='ocrx_word' id='word_1_115' title='bbox 1809 1687 1918 1727; x_wconf 90' lang='lat' dir='ltr'><strong>non</strong></span> 
     </span>
    </p>
   </div>
   <div class='ocr_carea' id='block_1_17' title="bbox 336 1761 1918 1829">
    <p class='ocr_par' dir='ltr' id='par_1_17' title="bbox 336 1761 1918 1829">
     <span class='ocr_line' id='line_1_17' title="bbox 336 1761 1918 1829; baseline 0.002 -13"><span class='ocrx_word' id='word_1_116' title='bbox 336 1761 709 1817; x_wconf 84' lang='lat' dir='ltr'><strong>masculorum</strong></span> <span class='ocrx_word' id='word_1_117' title='bbox 750 1761 1100 1827; x_wconf 87' lang='lat' dir='ltr'><strong>concubitor,</strong></span> <span class='ocrx_word' id='word_1_118' title='bbox 1129 1778 1241 1817; x_wconf 91' lang='lat' dir='ltr'><strong>non</strong></span> <span class='ocrx_word' id='word_1_119' title='bbox 1286 1763 1609 1829; x_wconf 90' lang='lat' dir='ltr'><strong>malevolus,</strong></span> <span class='ocrx_word' id='word_1_120' title='bbox 1660 1780 1769 1817; x_wconf 89' lang='lat' dir='ltr'><strong>non</strong></span> <span class='ocrx_word' id='word_1_121' title='bbox 1798 1763 1918 1819; x_wconf 93' lang='lat' dir='ltr'><strong>ido-</strong></span> 
     </span>
    </p>
   </div>
   <div class='ocr_carea' id='block_1_18' title="bbox 2013 566 3590 650">
    <p class='ocr_par' dir='ltr' id='par_1_18' title="bbox 2013 566 3590 650">
     <span class='ocr_line' id='line_1_18' title="bbox 2013 566 3590 650; baseline -0.004 -9"><span class='ocrx_word' id='word_1_122' title='bbox 2013 586 2366 647; x_wconf 88' lang='lat' dir='ltr'><strong>scntcntiam,</strong></span> <span class='ocrx_word' id='word_1_123' title='bbox 2419 566 2512 637; x_wconf 84' lang='lat' dir='ltr'><strong>sed</strong></span> <span class='ocrx_word' id='word_1_124' title='bbox 2558 582 2826 637; x_wconf 88' lang='lat' dir='ltr'><strong>rationem</strong></span> <span class='ocrx_word' id='word_1_125' title='bbox 2871 566 3235 650; x_wconf 72' lang='lat' dir='ltr'><strong>probabilem,</strong></span> <span class='ocrx_word' id='word_1_126' title='bbox 3269 592 3325 635; x_wconf 89' lang='lat' dir='ltr'><strong>et</strong></span> <span class='ocrx_word' id='word_1_127' title='bbox 3356 598 3590 647; x_wconf 66' lang='lat' dir='ltr'><strong>excusa-</strong></span> 
     </span>
    </p>
   </div>
   <div class='ocr_carea' id='block_1_19' title="bbox 2013 674 3589 746">
    <p class='ocr_par' dir='ltr' id='par_1_19' title="bbox 2013 674 3589 746">
     <span class='ocr_line' id='line_1_19' title="bbox 2013 674 3589 746; baseline -0.003 -12"><span class='ocrx_word' id='word_1_128' title='bbox 2013 679 2221 735; x_wconf 79' lang='lat' dir='ltr'><strong>tionem</strong></span> <span class='ocrx_word' id='word_1_129' title='bbox 2244 684 2472 746; x_wconf 68' lang='lat' dir='ltr'><strong>qumret,</strong></span> <span class='ocrx_word' id='word_1_130' title='bbox 2497 684 2559 733; x_wconf 89' lang='lat' dir='ltr'><strong>ut</strong></span> <span class='ocrx_word' id='word_1_131' title='bbox 2589 676 2642 731; x_wconf 87' lang='lat' dir='ltr'><strong>in</strong></span> <span class='ocrx_word' id='word_1_132' title='bbox 2665 674 2880 745; x_wconf 85' lang='lat' dir='ltr'><strong>judicio</strong></span> <span class='ocrx_word' id='word_1_133' title='bbox 2916 684 2975 728; x_wconf 88' lang='lat' dir='ltr'><strong>tu</strong></span> <span class='ocrx_word' id='word_1_134' title='bbox 3004 674 3215 739; x_wconf 73' lang='lat' dir='ltr'><strong>vincas,</strong></span> <span class='ocrx_word' id='word_1_135' title='bbox 3250 674 3306 730; x_wconf 88' lang='lat' dir='ltr'><strong>Si</strong></span> <span class='ocrx_word' id='word_1_136' title='bbox 3330 674 3497 743; x_wconf 89' lang='lat' dir='ltr'><strong>igitur</strong></span> <span class='ocrx_word' id='word_1_137' title='bbox 3532 685 3589 730; x_wconf 92' lang='lat' dir='ltr'><strong>tu</strong></span> 
     </span>
    </p>
   </div>
   <div class='ocr_carea' id='block_1_20' title="bbox 2013 764 3589 839">
    <p class='ocr_par' dir='ltr' id='par_1_20' title="bbox 2013 764 3589 839">
     <span class='ocr_line' id='line_1_20' title="bbox 2013 764 3589 839; baseline -0.003 -16"><span class='ocrx_word' id='word_1_138' title='bbox 2013 784 2233 839; x_wconf 76' lang='lat' dir='ltr'><strong>quoque</strong></span> <span class='ocrx_word' id='word_1_139' title='bbox 2264 777 2379 825; x_wconf 87' lang='lat' dir='ltr'><strong>tum</strong></span> <span class='ocrx_word' id='word_1_140' title='bbox 2410 765 2616 835; x_wconf 85' lang='lat' dir='ltr'><strong>aliquid</strong></span> <span class='ocrx_word' id='word_1_141' title='bbox 2642 766 2819 835; x_wconf 79' lang='lat' dir='ltr'><strong>probe</strong></span> <span class='ocrx_word' id='word_1_142' title='bbox 2854 764 3056 820; x_wconf 78' lang='lat' dir='ltr'><strong>factum</strong></span> <span class='ocrx_word' id='word_1_143' title='bbox 3082 765 3363 827; x_wconf 86' lang='lat' dir='ltr'><strong>habueris,</strong></span> <span class='ocrx_word' id='word_1_144' title='bbox 3395 776 3490 820; x_wconf 91' lang='lat' dir='ltr'><strong>aut</strong></span> <span class='ocrx_word' id='word_1_145' title='bbox 3520 767 3589 819; x_wconf 79' lang='lat' dir='ltr'><strong>ti-</strong></span> 
     </span>
    </p>
   </div>
   <div class='ocr_carea' id='block_1_21' title="bbox 2015 858 3595 932">
    <p class='ocr_par' dir='ltr' id='par_1_21' title="bbox 2015 858 3595 932">
     <span class='ocr_line' id='line_1_21' title="bbox 2015 858 3595 932; baseline -0.002 -14"><span class='ocrx_word' id='word_1_146' title='bbox 2015 862 2103 918; x_wconf 82' lang='lat' dir='ltr'><strong>dei</strong></span> <span class='ocrx_word' id='word_1_147' title='bbox 2140 861 2306 932; x_wconf 86' lang='lat' dir='ltr'><strong>(quod</strong></span> <span class='ocrx_word' id='word_1_148' title='bbox 2350 861 2684 931; x_wconf 78' lang='lat' dir='ltr'><strong>praecipuum</strong></span> <span class='ocrx_word' id='word_1_149' title='bbox 2719 860 2823 927; x_wconf 86' lang='lat' dir='ltr'><strong>est)</strong></span> <span class='ocrx_word' id='word_1_150' title='bbox 2853 872 2949 921; x_wconf 78' lang='lat' dir='ltr'><strong>aut</strong></span> <span class='ocrx_word' id='word_1_151' title='bbox 2990 858 3226 919; x_wconf 68' lang='lat' dir='ltr'><strong>actionis</strong></span> <span class='ocrx_word' id='word_1_152' title='bbox 3256 860 3502 928; x_wconf 70' lang='lat' dir='ltr'><strong>optimm,</strong></span> <span class='ocrx_word' id='word_1_153' title='bbox 3533 867 3595 914; x_wconf 90' lang='lat' dir='ltr'><strong>ut</strong></span> 
     </span>
    </p>
   </div>
   <div class='ocr_carea' id='block_1_22' title="bbox 2015 950 3595 1023">
    <p class='ocr_par' dir='ltr' id='par_1_22' title="bbox 2015 950 3595 1023">
     <span class='ocr_line' id='line_1_22' title="bbox 2015 950 3595 1023; baseline -0.004 -14"><span class='ocrx_word' id='word_1_154' title='bbox 2015 952 2279 1023; x_wconf 82' lang='lat' dir='ltr'><strong>quiddam</strong></span> <span class='ocrx_word' id='word_1_155' title='bbox 2308 951 2374 1005; x_wconf 91' lang='lat' dir='ltr'><strong>ad</strong></span> <span class='ocrx_word' id='word_1_156' title='bbox 2411 950 2788 1009; x_wconf 82' lang='lat' dir='ltr'><strong>defensionem</strong></span> <span class='ocrx_word' id='word_1_157' title='bbox 2820 956 3318 1021; x_wconf 85' lang='lat' dir='ltr'><strong>peropportunum,</strong></span> <span class='ocrx_word' id='word_1_158' title='bbox 3354 958 3411 1003; x_wconf 88' lang='lat' dir='ltr'><strong>et</strong></span> <span class='ocrx_word' id='word_1_159' title='bbox 3435 959 3595 1018; x_wconf 82' lang='lat' dir='ltr'><strong>opta-</strong></span> 
     </span>
    </p>
   </div>
   <div class='ocr_carea' id='block_1_23' title="bbox 2016 1038 3598 1108">
    <p class='ocr_par' dir='ltr' id='par_1_23' title="bbox 2016 1038 3598 1108">
     <span class='ocr_line' id='line_1_23' title="bbox 2016 1038 3598 1108; baseline -0.003 -10"><span class='ocrx_word' id='word_1_160' title='bbox 2016 1042 2128 1098; x_wconf 86' lang='lat' dir='ltr'><strong>bile</strong></span> <span class='ocrx_word' id='word_1_161' title='bbox 2168 1041 2432 1102; x_wconf 88' lang='lat' dir='ltr'><strong>obtende.</strong></span> <span class='ocrx_word' id='word_1_162' title='bbox 2480 1050 2535 1095; x_wconf 87' lang='lat' dir='ltr'><strong>et</strong></span> <span class='ocrx_word' id='word_1_163' title='bbox 2577 1039 2647 1097; x_wconf 86' lang='lat' dir='ltr'><strong>ab</strong></span> <span class='ocrx_word' id='word_1_164' title='bbox 2701 1040 2812 1094; x_wconf 90' lang='lat' dir='ltr'><strong>imo</strong></span> <span class='ocrx_word' id='word_1_165' title='bbox 2855 1048 3074 1108; x_wconf 60' lang='lat' dir='ltr'><strong>pectore</strong></span> <span class='ocrx_word' id='word_1_166' title='bbox 3121 1038 3364 1093; x_wconf 80' lang='lat' dir='ltr'><strong>exclama</strong></span> <span class='ocrx_word' id='word_1_167' title='bbox 3414 1056 3429 1090; x_wconf 91' lang='lat'><strong>:</strong></span> <span class='ocrx_word' id='word_1_168' title='bbox 3467 1038 3598 1093; x_wconf 88' lang='lat' dir='ltr'><strong>hinc</strong></span> 
     </span>
    </p>
   </div>
   <div class='ocr_carea' id='block_1_24' title="bbox 2013 1129 3593 1201">
    <p class='ocr_par' dir='ltr' id='par_1_24' title="bbox 2013 1129 3593 1201">
     <span class='ocr_line' id='line_1_24' title="bbox 2013 1129 3593 1201; baseline -0.001 -14"><span class='ocrx_word' id='word_1_169' title='bbox 2013 1133 2163 1193; x_wconf 87' lang='lat' dir='ltr'><strong>enim</strong></span> <span class='ocrx_word' id='word_1_170' title='bbox 2190 1132 2620 1191; x_wconf 84' lang='lat' dir='ltr'><strong>misericordiam</strong></span> <span class='ocrx_word' id='word_1_171' title='bbox 2652 1129 2992 1201; x_wconf 87' lang='lat' dir='ltr'><strong>impetrabis,</strong></span> <span class='ocrx_word' id='word_1_172' title='bbox 3017 1139 3074 1185; x_wconf 89' lang='lat' dir='ltr'><strong>et</strong></span> <span class='ocrx_word' id='word_1_173' title='bbox 3126 1144 3250 1185; x_wconf 86' lang='lat' dir='ltr'><strong>cum</strong></span> <span class='ocrx_word' id='word_1_174' title='bbox 3286 1130 3485 1185; x_wconf 84' lang='lat' dir='ltr'><strong>ovibus</strong></span> <span class='ocrx_word' id='word_1_175' title='bbox 3525 1130 3593 1187; x_wconf 89' lang='lat' dir='ltr'><strong>ad</strong></span> 
     </span>
    </p>
   </div>
   <div class='ocr_carea' id='block_1_25' title="bbox 2017 1220 3601 1291">
    <p class='ocr_par' dir='ltr' id='par_1_25' title="bbox 2017 1220 3601 1291">
     <span class='ocr_line' id='line_1_25' title="bbox 2017 1220 3601 1291; baseline -0.004 -11"><span class='ocrx_word' id='word_1_176' title='bbox 2017 1224 2301 1281; x_wconf 80' lang='lat' dir='ltr'><strong>dexteram</strong></span> <span class='ocrx_word' id='word_1_177' title='bbox 2342 1222 2730 1286; x_wconf 80' lang='lat' dir='ltr'><strong>collocaberis,</strong></span> <span class='ocrx_word' id='word_1_178' title='bbox 2773 1221 3135 1291; x_wconf 80' lang='lat' dir='ltr'><strong>manibusque</strong></span> <span class='ocrx_word' id='word_1_179' title='bbox 3180 1220 3601 1287; x_wconf 76' lang='lat' dir='ltr'><strong>sceleratissimi</strong></span> 
     </span>
    </p>
   </div>
   <div class='ocr_carea' id='block_1_26' title="bbox 2018 1312 3590 1385">
    <p class='ocr_par' dir='ltr' id='par_1_26' title="bbox 2018 1312 3590 1385">
     <span class='ocr_line' id='line_1_26' title="bbox 2018 1312 3590 1385; baseline -0.006 -12"><span class='ocrx_word' id='word_1_180' title='bbox 2018 1316 2338 1385; x_wconf 85' lang='lat' dir='ltr'><strong>impostoris</strong></span> <span class='ocrx_word' id='word_1_181' title='bbox 2367 1316 2604 1385; x_wconf 85' lang='lat' dir='ltr'><strong>eripere.</strong></span> <span class='ocrx_word' id='word_1_182' title='bbox 2650 1333 2669 1366; x_wconf 82' lang='grc' dir='ltr'><strong>ι</strong></span> <span class='ocrx_word' id='word_1_183' title='bbox 2699 1314 2817 1370; x_wconf 83' lang='grc' dir='ltr'><strong>Νοη</strong></span> <span class='ocrx_word' id='word_1_184' title='bbox 2883 1314 2938 1371; x_wconf 85' lang='lat' dir='ltr'><strong>iu</strong></span> <span class='ocrx_word' id='word_1_185' title='bbox 3000 1328 3163 1368; x_wconf 86' lang='lat' dir='ltr'><strong>manu</strong></span> <span class='ocrx_word' id='word_1_186' title='bbox 3210 1312 3421 1382; x_wconf 83' lang='lat' dir='ltr'><strong>potenti</strong></span> <span class='ocrx_word' id='word_1_187' title='bbox 3457 1312 3525 1375; x_wconf 75' lang='lat'><strong>&quot;,</strong></span> <span class='ocrx_word' id='word_1_188' title='bbox 3571 1330 3590 1364; x_wconf 74' lang='grc' dir='ltr'><strong>ο</strong></span> 
     </span>
    </p>
   </div>
   <div class='ocr_carea' id='block_1_27' title="bbox 2020 1402 3596 1475">
    <p class='ocr_par' dir='ltr' id='par_1_27' title="bbox 2020 1402 3596 1475">
     <span class='ocr_line' id='line_1_27' title="bbox 2020 1402 3596 1475; baseline -0.006 -12"><span class='ocrx_word' id='word_1_189' title='bbox 2020 1407 2117 1463; x_wconf 84' lang='lat' dir='ltr'><strong>sed</strong></span> <span class='ocrx_word' id='word_1_190' title='bbox 2147 1408 2202 1463; x_wconf 90' lang='lat' dir='ltr'><strong>in</strong></span> <span class='ocrx_word' id='word_1_191' title='bbox 2245 1406 2650 1470; x_wconf 84' lang='lat' dir='ltr'><strong>misericordia,</strong></span> <span class='ocrx_word' id='word_1_192' title='bbox 2690 1414 2748 1459; x_wconf 89' lang='lat' dir='ltr'><strong>et</strong></span> <span class='ocrx_word' id='word_1_193' title='bbox 2788 1404 3020 1475; x_wconf 89' lang='lat' dir='ltr'><strong>judicio.</strong></span> <span class='ocrx_word' id='word_1_194' title='bbox 3065 1405 3241 1473; x_wconf 80' lang='lat' dir='ltr'><strong>Atque</strong></span> <span class='ocrx_word' id='word_1_195' title='bbox 3274 1402 3404 1458; x_wconf 89' lang='lat' dir='ltr'><strong>hinc</strong></span> <span class='ocrx_word' id='word_1_196' title='bbox 3444 1411 3501 1457; x_wconf 90' lang='lat' dir='ltr'><strong>et</strong></span> <span class='ocrx_word' id='word_1_197' title='bbox 3527 1402 3596 1455; x_wconf 87' lang='lat' dir='ltr'><strong>ad</strong></span> 
     </span>
    </p>
   </div>
   <div class='ocr_carea' id='block_1_28' title="bbox 2014 1493 3597 1568">
    <p class='ocr_par' dir='ltr' id='par_1_28' title="bbox 2014 1493 3597 1568">
     <span class='ocr_line' id='line_1_28' title="bbox 2014 1493 3597 1568; baseline -0.003 -16"><span class='ocrx_word' id='word_1_198' title='bbox 2014 1498 2255 1568; x_wconf 76' lang='lat' dir='ltr'><strong>judicent</strong></span> <span class='ocrx_word' id='word_1_199' title='bbox 2296 1499 2469 1568; x_wconf 78' lang='lat' dir='ltr'><strong>major</strong></span> <span class='ocrx_word' id='word_1_200' title='bbox 2496 1497 2715 1552; x_wconf 88' lang='lat' dir='ltr'><strong>redibit.</strong></span> <span class='ocrx_word' id='word_1_201' title='bbox 2740 1495 2935 1567; x_wconf 84' lang='lat' dir='ltr'><strong>gloria,</strong></span> <span class='ocrx_word' id='word_1_202' title='bbox 2971 1503 3028 1550; x_wconf 91' lang='lat' dir='ltr'><strong>et</strong></span> <span class='ocrx_word' id='word_1_203' title='bbox 3072 1494 3142 1547; x_wconf 89' lang='lat' dir='ltr'><strong>ad</strong></span> <span class='ocrx_word' id='word_1_204' title='bbox 3180 1504 3232 1548; x_wconf 89' lang='lat' dir='ltr'><strong>te</strong></span> <span class='ocrx_word' id='word_1_205' title='bbox 3260 1494 3401 1556; x_wconf 85' lang='lat' dir='ltr'><strong>laus,</strong></span> <span class='ocrx_word' id='word_1_206' title='bbox 3430 1493 3475 1547; x_wconf 80' lang='lat' dir='ltr'><strong>si</strong></span> <span class='ocrx_word' id='word_1_207' title='bbox 3508 1508 3597 1547; x_wconf 83' lang='lat' dir='ltr'><strong>sa-</strong></span> 
     </span>
    </p>
   </div>
   <div class='ocr_carea' id='block_1_29' title="bbox 2018 1581 3597 1658">
    <p class='ocr_par' dir='ltr' id='par_1_29' title="bbox 2018 1581 3597 1658">
     <span class='ocr_line' id='line_1_29' title="bbox 2018 1581 3597 1658; baseline -0.008 -11"><span class='ocrx_word' id='word_1_208' title='bbox 2018 1590 2189 1647; x_wconf 89' lang='lat' dir='ltr'><strong>lutem</strong></span> <span class='ocrx_word' id='word_1_209' title='bbox 2237 1603 2605 1658; x_wconf 83' lang='lat' dir='ltr'><strong>consequere.</strong></span> <span class='ocrx_word' id='word_1_210' title='bbox 2661 1586 2799 1640; x_wconf 85' lang='lat' dir='ltr'><strong>Dum</strong></span> <span class='ocrx_word' id='word_1_211' title='bbox 2860 1595 3079 1655; x_wconf 82' lang='lat' dir='ltr'><strong>tempus</strong></span> <span class='ocrx_word' id='word_1_212' title='bbox 3116 1593 3223 1649; x_wconf 86' lang='lat' dir='ltr'><strong>est,</strong></span> <span class='ocrx_word' id='word_1_213' title='bbox 3273 1581 3597 1638; x_wconf 84' lang='lat' dir='ltr'><strong>contende:</strong></span> 
     </span>
    </p>
   </div>
   <div class='ocr_carea' id='block_1_30' title="bbox 2018 1671 3599 1751">
    <p class='ocr_par' dir='ltr' id='par_1_30' title="bbox 2018 1671 3599 1751">
     <span class='ocr_line' id='line_1_30' title="bbox 2018 1671 3599 1751; baseline -0.008 -14"><span class='ocrx_word' id='word_1_214' title='bbox 2018 1691 2237 1751; x_wconf 81' lang='lat' dir='ltr'><strong>tempus</strong></span> <span class='ocrx_word' id='word_1_215' title='bbox 2260 1681 2349 1736; x_wconf 87' lang='lat' dir='ltr'><strong>hic</strong></span> <span class='ocrx_word' id='word_1_216' title='bbox 2371 1687 2454 1737; x_wconf 86' lang='lat' dir='ltr'><strong>est</strong></span> <span class='ocrx_word' id='word_1_217' title='bbox 2477 1678 2764 1749; x_wconf 83' lang='lat' dir='ltr'><strong>operandi.</strong></span> <span class='ocrx_word' id='word_1_218' title='bbox 2806 1678 2944 1733; x_wconf 88' lang='lat' dir='ltr'><strong>Dum</strong></span> <span class='ocrx_word' id='word_1_219' title='bbox 2982 1692 3043 1731; x_wconf 90' lang='lat' dir='ltr'><strong>es</strong></span> <span class='ocrx_word' id='word_1_220' title='bbox 3066 1676 3121 1729; x_wconf 85' lang='lat' dir='ltr'><strong>in</strong></span> <span class='ocrx_word' id='word_1_221' title='bbox 3147 1674 3252 1737; x_wconf 85' lang='lat' dir='ltr'><strong>via.</strong></span> <span class='ocrx_word' id='word_1_222' title='bbox 3282 1671 3599 1739; x_wconf 85' lang='lat' dir='ltr'><strong>emendare,</strong></span> 
     </span>
    </p>
   </div>
   <div class='ocr_carea' id='block_1_31' title="bbox 2019 1764 3599 1833">
    <p class='ocr_par' dir='ltr' id='par_1_31' title="bbox 2019 1764 3599 1833">
     <span class='ocr_line' id='line_1_31' title="bbox 2019 1764 3599 1833; baseline -0.009 -4"><span class='ocrx_word' id='word_1_223' title='bbox 2019 1782 2074 1829; x_wconf 89' lang='lat' dir='ltr'><strong>et</strong></span> <span class='ocrx_word' id='word_1_224' title='bbox 2104 1772 2408 1828; x_wconf 83' lang='lat' dir='ltr'><strong>salvabere.</strong></span> <span class='ocrx_word' id='word_1_225' title='bbox 2434 1771 2643 1833; x_wconf 74' lang='lat' dir='ltr'><strong>Excrce</strong></span> <span class='ocrx_word' id='word_1_226' title='bbox 2672 1771 2959 1831; x_wconf 83' lang='lat' dir='ltr'><strong>talentum,</strong></span> <span class='ocrx_word' id='word_1_227' title='bbox 2987 1783 3119 1823; x_wconf 88' lang='lat' dir='ltr'><strong>cave</strong></span> <span class='ocrx_word' id='word_1_228' title='bbox 3174 1782 3243 1821; x_wconf 90' lang='lat' dir='ltr'><strong>ne</strong></span> <span class='ocrx_word' id='word_1_229' title='bbox 3268 1764 3599 1820; x_wconf 79' lang='lat' dir='ltr'><strong>defodiatur.</strong></span> 
     </span>
    </p>
   </div>
   <div class='ocr_carea' id='block_1_32' title="bbox 337 1836 3602 1926">
    <p class='ocr_par' dir='ltr' id='par_1_32' title="bbox 337 1836 3602 1926">
     <span class='ocr_line' id='line_1_32' title="bbox 337 1836 3602 1926; baseline 0.001 -19"><span class='ocrx_word' id='word_1_230' title='bbox 337 1851 517 1907; x_wconf 84' lang='lat' dir='ltr'><strong>lorum</strong></span> <span class='ocrx_word' id='word_1_231' title='bbox 549 1852 749 1918; x_wconf 88' lang='lat' dir='ltr'><strong>cultor,</strong></span> <span class='ocrx_word' id='word_1_232' title='bbox 786 1868 952 1923; x_wconf 88' lang='lat' dir='ltr'><strong>quem</strong></span> <span class='ocrx_word' id='word_1_233' title='bbox 990 1869 1139 1909; x_wconf 88' lang='lat' dir='ltr'><strong>mors</strong></span> <span class='ocrx_word' id='word_1_234' title='bbox 1184 1853 1518 1909; x_wconf 83' lang='lat' dir='ltr'><strong>inevitabilis</strong></span> <span class='ocrx_word' id='word_1_235' title='bbox 1551 1855 1915 1924; x_wconf 84' lang='lat' dir='ltr'><strong>comprehen-</strong></span> <span class='ocrx_word' id='word_1_236' title='bbox 1951 1836 1991 1894; x_wconf 71' lang='grc'><strong><em>³</em></strong></span> <span class='ocrx_word' id='word_1_237' title='bbox 2021 1856 3110 1926; x_wconf 78' lang='lat' dir='ltr'><strong>Tbesaurizatibivirtutes,utinjudicio</strong></span> <span class='ocrx_word' id='word_1_238' title='bbox 3127 1853 3602 1922; x_wconf 80' lang='lat' dir='ltr'><strong>abstemalignum</strong></span> 
     </span>
    </p>
   </div>
   <div class='ocr_carea' id='block_1_33' title="bbox 336 1942 1916 2011">
    <p class='ocr_par' dir='ltr' id='par_1_33' title="bbox 336 1942 1916 2011">
     <span class='ocr_line' id='line_1_33' title="bbox 336 1942 1916 2011; baseline 0.004 -16"><span class='ocrx_word' id='word_1_239' title='bbox 336 1956 457 1995; x_wconf 87' lang='lat' dir='ltr'><strong>sum</strong></span> <span class='ocrx_word' id='word_1_240' title='bbox 500 1942 759 2011; x_wconf 85' lang='lat' dir='ltr'><strong>abripiet,</strong></span> <span class='ocrx_word' id='word_1_241' title='bbox 794 1953 850 1998; x_wconf 91' lang='lat' dir='ltr'><strong>et</strong></span> <span class='ocrx_word' id='word_1_242' title='bbox 876 1943 929 1998; x_wconf 91' lang='lat' dir='ltr'><strong>in</strong></span> <span class='ocrx_word' id='word_1_243' title='bbox 968 1944 1279 2001; x_wconf 88' lang='lat' dir='ltr'><strong>recessibus</strong></span> <span class='ocrx_word' id='word_1_244' title='bbox 1331 1944 1630 2000; x_wconf 82' lang='lat' dir='ltr'><strong>inferorum</strong></span> <span class='ocrx_word' id='word_1_245' title='bbox 1672 1946 1916 2001; x_wconf 85' lang='lat' dir='ltr'><strong>colloca-</strong></span> 
     </span>
    </p>
   </div>
   <div class='ocr_carea' id='block_1_34' title="bbox 337 2032 1918 2106">
    <p class='ocr_par' dir='ltr' id='par_1_34' title="bbox 337 2032 1918 2106">
     <span class='ocr_line' id='line_1_34' title="bbox 337 2032 1918 2106; baseline 0.003 -19"><span class='ocrx_word' id='word_1_246' title='bbox 337 2032 442 2095; x_wconf 87' lang='lat' dir='ltr'><strong>bit.</strong></span> <span class='ocrx_word' id='word_1_247' title='bbox 468 2032 561 2087; x_wconf 90' lang='lat' dir='ltr'><strong>ubi</strong></span> <span class='ocrx_word' id='word_1_248' title='bbox 607 2033 757 2089; x_wconf 86' lang='lat' dir='ltr'><strong>nulla</strong></span> <span class='ocrx_word' id='word_1_249' title='bbox 788 2034 1010 2103; x_wconf 87' lang='lat' dir='ltr'><strong>penitus</strong></span> <span class='ocrx_word' id='word_1_250' title='bbox 1041 2044 1126 2090; x_wconf 88' lang='lat' dir='ltr'><strong>est</strong></span> <span class='ocrx_word' id='word_1_251' title='bbox 1160 2034 1474 2091; x_wconf 89' lang='lat' dir='ltr'><strong>confessio:</strong></span> <span class='ocrx_word' id='word_1_252' title='bbox 1510 2034 1562 2091; x_wconf 91' lang='lat' dir='ltr'><strong>id</strong></span> <span class='ocrx_word' id='word_1_253' title='bbox 1609 2035 1755 2106; x_wconf 89' lang='lat' dir='ltr'><strong>quod</strong></span> <span class='ocrx_word' id='word_1_254' title='bbox 1796 2052 1918 2092; x_wconf 51' lang='lat' dir='ltr'><strong>map</strong></span> 
     </span>
    </p>
   </div>
   <div class='ocr_carea' id='block_1_35' title="bbox 335 2125 1914 2201">
    <p class='ocr_par' dir='ltr' id='par_1_35' title="bbox 335 2125 1914 2201">
     <span class='ocr_line' id='line_1_35' title="bbox 335 2125 1914 2201; baseline 0.003 -22"><span class='ocrx_word' id='word_1_255' title='bbox 335 2140 478 2197; x_wconf 79' lang='lat' dir='ltr'><strong>gnus</strong></span> <span class='ocrx_word' id='word_1_256' title='bbox 537 2125 682 2181; x_wconf 88' lang='lat' dir='ltr'><strong>inter</strong></span> <span class='ocrx_word' id='word_1_257' title='bbox 732 2126 984 2182; x_wconf 84' lang='lat' dir='ltr'><strong>videntes</strong></span> <span class='ocrx_word' id='word_1_258' title='bbox 1036 2125 1379 2201; x_wconf 84' lang='lat' dir='ltr'><strong>(prophetas)</strong></span> <span class='ocrx_word' id='word_1_259' title='bbox 1429 2143 1649 2199; x_wconf 88' lang='lat' dir='ltr'><strong>quoque</strong></span> <span class='ocrx_word' id='word_1_260' title='bbox 1700 2128 1914 2184; x_wconf 89' lang='lat' dir='ltr'><strong>scribit.</strong></span> 
     </span>
    </p>
   </div>
   <div class='ocr_carea' id='block_1_36' title="bbox 337 2216 1921 2287">
    <p class='ocr_par' dir='ltr' id='par_1_36' title="bbox 337 2216 1921 2287">
     <span class='ocr_line' id='line_1_36' title="bbox 337 2216 1921 2287; baseline 0.004 -18"><span class='ocrx_word' id='word_1_261' title='bbox 337 2216 625 2287; x_wconf 72' lang='lat' dir='ltr'><strong>Absterge,</strong></span> <span class='ocrx_word' id='word_1_262' title='bbox 654 2216 779 2273; x_wconf 89' lang='lat' dir='ltr'><strong>elue</strong></span> <span class='ocrx_word' id='word_1_263' title='bbox 815 2217 1147 2277; x_wconf 81' lang='lat' dir='ltr'><strong>delictorum</strong></span> <span class='ocrx_word' id='word_1_264' title='bbox 1206 2219 1417 2279; x_wconf 88' lang='lat' dir='ltr'><strong>sordes.</strong></span> <span class='ocrx_word' id='word_1_265' title='bbox 1451 2218 1733 2279; x_wconf 80' lang='lat' dir='ltr'><strong>Annuntia</strong></span> <span class='ocrx_word' id='word_1_266' title='bbox 1769 2234 1921 2275; x_wconf 89' lang='lat' dir='ltr'><strong>com-</strong></span> 
     </span>
    </p>
   </div>
   <div class='ocr_carea' id='block_1_37' title="bbox 340 2306 1918 2385">
    <p class='ocr_par' dir='ltr' id='par_1_37' title="bbox 340 2306 1918 2385">
     <span class='ocr_line' id='line_1_37' title="bbox 340 2306 1918 2385; baseline 0.004 -25"><span class='ocrx_word' id='word_1_267' title='bbox 340 2306 530 2369; x_wconf 77' lang='lat' dir='ltr'><strong>missa,</strong></span> <span class='ocrx_word' id='word_1_268' title='bbox 560 2322 629 2371; x_wconf 80' lang='lat' dir='ltr'><strong>ne</strong></span> <span class='ocrx_word' id='word_1_269' title='bbox 652 2306 865 2365; x_wconf 86' lang='lat' dir='ltr'><strong>diutius</strong></span> <span class='ocrx_word' id='word_1_270' title='bbox 918 2309 1082 2365; x_wconf 90' lang='lat' dir='ltr'><strong>tacita</strong></span> <span class='ocrx_word' id='word_1_271' title='bbox 1136 2308 1358 2376; x_wconf 88' lang='lat' dir='ltr'><strong>habeto,</strong></span> <span class='ocrx_word' id='word_1_272' title='bbox 1388 2318 1444 2366; x_wconf 89' lang='lat' dir='ltr'><strong>et</strong></span> <span class='ocrx_word' id='word_1_273' title='bbox 1487 2309 1635 2385; x_wconf 81' lang='lat' dir='ltr'><strong>luge,</strong></span> <span class='ocrx_word' id='word_1_274' title='bbox 1668 2319 1721 2365; x_wconf 89' lang='lat' dir='ltr'><strong>et</strong></span> <span class='ocrx_word' id='word_1_275' title='bbox 1741 2325 1918 2380; x_wconf 82' lang='lat' dir='ltr'><strong>geme,</strong></span> 
     </span>
    </p>
   </div>
   <div class='ocr_carea' id='block_1_38' title="bbox 339 2396 1921 2475">
    <p class='ocr_par' dir='ltr' id='par_1_38' title="bbox 339 2396 1921 2475">
     <span class='ocr_line' id='line_1_38' title="bbox 339 2396 1921 2475; baseline 0.006 -24"><span class='ocrx_word' id='word_1_276' title='bbox 339 2396 674 2470; x_wconf 83' lang='lat' dir='ltr'><strong>rtlacryma,</strong></span> <span class='ocrx_word' id='word_1_277' title='bbox 713 2408 771 2454; x_wconf 89' lang='lat' dir='ltr'><strong>et</strong></span> <span class='ocrx_word' id='word_1_278' title='bbox 809 2400 984 2468; x_wconf 89' lang='lat' dir='ltr'><strong>plora,</strong></span> <span class='ocrx_word' id='word_1_279' title='bbox 1027 2408 1405 2475; x_wconf 86' lang='lat' dir='ltr'><strong>quantumque</strong></span> <span class='ocrx_word' id='word_1_280' title='bbox 1437 2412 1617 2473; x_wconf 81' lang='lat' dir='ltr'><strong>potes,</strong></span> <span class='ocrx_word' id='word_1_281' title='bbox 1654 2405 1710 2461; x_wconf 90' lang='lat' dir='ltr'><strong>in</strong></span> <span class='ocrx_word' id='word_1_282' title='bbox 1746 2406 1921 2465; x_wconf 83' lang='lat' dir='ltr'><strong>salute</strong></span> 
     </span>
    </p>
   </div>
   <div class='ocr_carea' id='block_1_39' title="bbox 339 2489 1924 2564">
    <p class='ocr_par' dir='ltr' id='par_1_39' title="bbox 339 2489 1924 2564">
     <span class='ocr_line' id='line_1_39' title="bbox 339 2489 1924 2564; baseline 0.005 -21"><span class='ocrx_word' id='word_1_283' title='bbox 339 2489 707 2558; x_wconf 78' lang='lat' dir='ltr'><strong>comparanda</strong></span> <span class='ocrx_word' id='word_1_284' title='bbox 732 2490 973 2547; x_wconf 85' lang='lat' dir='ltr'><strong>elabora.</strong></span> <span class='ocrx_word' id='word_1_285' title='bbox 998 2490 1226 2548; x_wconf 89' lang='lat' dir='ltr'><strong>Creator</strong></span> <span class='ocrx_word' id='word_1_286' title='bbox 1247 2503 1297 2551; x_wconf 88' lang='lat' dir='ltr'><strong>te</strong></span> <span class='ocrx_word' id='word_1_287' title='bbox 1330 2496 1576 2564; x_wconf 87' lang='lat' dir='ltr'><strong>paternis</strong></span> <span class='ocrx_word' id='word_1_288' title='bbox 1602 2496 1746 2553; x_wconf 86' lang='lat' dir='ltr'><strong>ulnis</strong></span> <span class='ocrx_word' id='word_1_289' title='bbox 1776 2496 1924 2553; x_wconf 75' lang='lat' dir='ltr'><strong>exci-</strong></span> 
     </span>
    </p>
   </div>
   <div class='ocr_carea' id='block_1_40' title="bbox 340 2581 1926 2656">
    <p class='ocr_par' dir='ltr' id='par_1_40' title="bbox 340 2581 1926 2656">
     <span class='ocr_line' id='line_1_40' title="bbox 340 2581 1926 2656; baseline 0.006 -20"><span class='ocrx_word' id='word_1_290' title='bbox 340 2582 442 2652; x_wconf 88' lang='lat' dir='ltr'><strong>pit.</strong></span> <span class='ocrx_word' id='word_1_291' title='bbox 472 2581 703 2655; x_wconf 79' lang='lat' dir='ltr'><strong>Quoties</strong></span> <span class='ocrx_word' id='word_1_292' title='bbox 733 2582 1022 2649; x_wconf 87' lang='lat' dir='ltr'><strong>cecideris,</strong></span> <span class='ocrx_word' id='word_1_293' title='bbox 1051 2600 1213 2656; x_wconf 86' lang='lat' dir='ltr'><strong>surge</strong></span> <span class='ocrx_word' id='word_1_294' title='bbox 1238 2603 1254 2652; x_wconf 86' lang='lat'><strong>;</strong></span> <span class='ocrx_word' id='word_1_295' title='bbox 1287 2586 1486 2643; x_wconf 84' lang='lat' dir='ltr'><strong>cadere</strong></span> <span class='ocrx_word' id='word_1_296' title='bbox 1537 2590 1683 2645; x_wconf 86' lang='lat' dir='ltr'><strong>enim</strong></span> <span class='ocrx_word' id='word_1_297' title='bbox 1731 2589 1926 2645; x_wconf 89' lang='lat' dir='ltr'><strong>huma-</strong></span> 
     </span>
    </p>
   </div>
   <div class='ocr_carea' id='block_1_41' title="bbox 344 2681 1926 2755">
    <p class='ocr_par' dir='ltr' id='par_1_41' title="bbox 344 2681 1926 2755">
     <span class='ocr_line' id='line_1_41' title="bbox 344 2681 1926 2755; baseline 0.01 -32"><span class='ocrx_word' id='word_1_298' title='bbox 344 2687 477 2729; x_wconf 87' lang='lat' dir='ltr'><strong>num</strong></span> <span class='ocrx_word' id='word_1_299' title='bbox 506 2681 624 2731; x_wconf 86' lang='lat' dir='ltr'><strong>est:</strong></span> <span class='ocrx_word' id='word_1_300' title='bbox 650 2681 705 2729; x_wconf 91' lang='lat' dir='ltr'><strong>et</strong></span> <span class='ocrx_word' id='word_1_301' title='bbox 730 2685 954 2745; x_wconf 85' lang='lat' dir='ltr'><strong>propter</strong></span> <span class='ocrx_word' id='word_1_302' title='bbox 984 2688 1325 2745; x_wconf 74' lang='lat' dir='ltr'><strong>peccatores,</strong></span> <span class='ocrx_word' id='word_1_303' title='bbox 1360 2694 1470 2735; x_wconf 89' lang='lat' dir='ltr'><strong>non</strong></span> <span class='ocrx_word' id='word_1_304' title='bbox 1495 2692 1721 2752; x_wconf 83' lang='lat' dir='ltr'><strong>propter</strong></span> <span class='ocrx_word' id='word_1_305' title='bbox 1744 2684 1926 2755; x_wconf 88' lang='lat' dir='ltr'><strong>justos</strong></span> 
     </span>
    </p>
   </div>
   <div class='ocr_carea' id='block_1_42' title="bbox 340 2762 1924 2844">
    <p class='ocr_par' dir='ltr' id='par_1_42' title="bbox 340 2762 1924 2844">
     <span class='ocr_line' id='line_1_42' title="bbox 340 2762 1924 2844; baseline 0.011 -26"><span class='ocrx_word' id='word_1_306' title='bbox 340 2762 593 2821; x_wconf 86' lang='lat' dir='ltr'><strong>Christus</strong></span> <span class='ocrx_word' id='word_1_307' title='bbox 637 2766 829 2827; x_wconf 80' lang='lat' dir='ltr'><strong>venit:</strong></span> <span class='ocrx_word' id='word_1_308' title='bbox 865 2776 921 2825; x_wconf 86' lang='lat' dir='ltr'><strong>et</strong></span> <span class='ocrx_word' id='word_1_309' title='bbox 967 2766 1112 2833; x_wconf 91' lang='lat' dir='ltr'><strong>illos,</strong></span> <span class='ocrx_word' id='word_1_310' title='bbox 1138 2785 1249 2825; x_wconf 88' lang='lat' dir='ltr'><strong>non</strong></span> <span class='ocrx_word' id='word_1_311' title='bbox 1301 2770 1403 2827; x_wconf 89' lang='lat' dir='ltr'><strong>hos</strong></span> <span class='ocrx_word' id='word_1_312' title='bbox 1432 2771 1500 2828; x_wconf 90' lang='lat' dir='ltr'><strong>ad</strong></span> <span class='ocrx_word' id='word_1_313' title='bbox 1538 2775 1924 2844; x_wconf 61' lang='lat' dir='ltr'><strong>paenitentiam</strong></span> 
     </span>
    </p>
   </div>
   <div class='ocr_carea' id='block_1_43' title="bbox 346 2856 576 2915">
    <p class='ocr_par' dir='ltr' id='par_1_43' title="bbox 346 2856 576 2915">
     <span class='ocr_line' id='line_1_43' title="bbox 346 2856 576 2915; baseline 0.009 -2"><span class='ocrx_word' id='word_1_314' title='bbox 346 2856 576 2915; x_wconf 62' lang='lat' dir='ltr'><strong>Vocat‘.</strong></span> 
     </span>
    </p>
   </div>
   <div class='ocr_carea' id='block_1_44' title="bbox 416 2944 1928 3021">
    <p class='ocr_par' dir='ltr' id='par_1_44' title="bbox 416 2944 1928 3021">
     <span class='ocr_line' id='line_1_44' title="bbox 416 2944 1928 3021; baseline 0.011 -24"><span class='ocrx_word' id='word_1_315' title='bbox 416 2944 576 3001; x_wconf 80' lang='lat' dir='ltr'><strong>Velut</strong></span> <span class='ocrx_word' id='word_1_316' title='bbox 600 2945 748 3003; x_wconf 88' lang='lat' dir='ltr'><strong>limis</strong></span> <span class='ocrx_word' id='word_1_317' title='bbox 781 2949 956 3005; x_wconf 90' lang='lat' dir='ltr'><strong>oculis</strong></span> <span class='ocrx_word' id='word_1_318' title='bbox 982 2951 1266 3021; x_wconf 75' lang='lat' dir='ltr'><strong>aspexisti.</strong></span> <span class='ocrx_word' id='word_1_319' title='bbox 1314 2952 1469 3008; x_wconf 88' lang='lat' dir='ltr'><strong>irrita</strong></span> <span class='ocrx_word' id='word_1_320' title='bbox 1512 2953 1714 3021; x_wconf 83' lang='lat' dir='ltr'><strong>fecisti,</strong></span> <span class='ocrx_word' id='word_1_321' title='bbox 1751 2964 1928 3013; x_wconf 85' lang='lat' dir='ltr'><strong>trans-</strong></span> 
     </span>
    </p>
   </div>
   <div class='ocr_carea' id='block_1_45' title="bbox 342 3044 1928 3112">
    <p class='ocr_par' dir='ltr' id='par_1_45' title="bbox 342 3044 1928 3112">
     <span class='ocr_line' id='line_1_45' title="bbox 342 3044 1928 3112; baseline 0.007 -21"><span class='ocrx_word' id='word_1_322' title='bbox 342 3052 531 3108; x_wconf 78' lang='lat' dir='ltr'><strong>gressa</strong></span> <span class='ocrx_word' id='word_1_323' title='bbox 559 3053 619 3096; x_wconf 89' lang='lat' dir='ltr'><strong>es</strong></span> <span class='ocrx_word' id='word_1_324' title='bbox 651 3050 831 3109; x_wconf 83' lang='lat' dir='ltr'><strong>pacta,</strong></span> <span class='ocrx_word' id='word_1_325' title='bbox 866 3044 1071 3112; x_wconf 88' lang='lat' dir='ltr'><strong>quibus</strong></span> <span class='ocrx_word' id='word_1_326' title='bbox 1093 3046 1317 3105; x_wconf 87' lang='lat' dir='ltr'><strong>Christo</strong></span> <span class='ocrx_word' id='word_1_327' title='bbox 1341 3047 1395 3103; x_wconf 91' lang='lat' dir='ltr'><strong>in</strong></span> <span class='ocrx_word' id='word_1_328' title='bbox 1429 3059 1619 3102; x_wconf 82' lang='lat' dir='ltr'><strong>sancta</strong></span> <span class='ocrx_word' id='word_1_329' title='bbox 1644 3047 1928 3103; x_wconf 78' lang='lat' dir='ltr'><strong>ablatione</strong></span> 
     </span>
    </p>
   </div>
   <div class='ocr_carea' id='block_1_46' title="bbox 344 3128 1924 3209">
    <p class='ocr_par' dir='ltr' id='par_1_46' title="bbox 344 3128 1924 3209">
     <span class='ocr_line' id='line_1_46' title="bbox 344 3128 1924 3209; baseline 0.003 -26"><span class='ocrx_word' id='word_1_330' title='bbox 344 3128 584 3199; x_wconf 84' lang='lat' dir='ltr'><strong>ascripta</strong></span> <span class='ocrx_word' id='word_1_331' title='bbox 625 3146 705 3195; x_wconf 86' lang='lat' dir='ltr'><strong>es,</strong></span> <span class='ocrx_word' id='word_1_332' title='bbox 740 3141 796 3189; x_wconf 89' lang='lat' dir='ltr'><strong>et</strong></span> <span class='ocrx_word' id='word_1_333' title='bbox 828 3132 1066 3203; x_wconf 71' lang='lat' dir='ltr'><strong>Satanm,</strong></span> <span class='ocrx_word' id='word_1_334' title='bbox 1093 3144 1259 3206; x_wconf 87' lang='lat' dir='ltr'><strong>atque</strong></span> <span class='ocrx_word' id='word_1_335' title='bbox 1300 3135 1510 3209; x_wconf 84' lang='lat' dir='ltr'><strong>angelis</strong></span> <span class='ocrx_word' id='word_1_336' title='bbox 1535 3139 1654 3207; x_wconf 85' lang='lat' dir='ltr'><strong>ejus</strong></span> <span class='ocrx_word' id='word_1_337' title='bbox 1684 3133 1924 3190; x_wconf 85' lang='lat' dir='ltr'><strong>servisti.</strong></span> 
     </span>
    </p>
   </div>
   <div class='ocr_carea' id='block_1_47' title="bbox 346 3218 1924 3298">
    <p class='ocr_par' dir='ltr' id='par_1_47' title="bbox 346 3218 1924 3298">
     <span class='ocr_line' id='line_1_47' title="bbox 346 3218 1924 3298; baseline 0.004 -25"><span class='ocrx_word' id='word_1_338' title='bbox 346 3218 585 3277; x_wconf 80' lang='lat' dir='ltr'><strong>Proinde</strong></span> <span class='ocrx_word' id='word_1_339' title='bbox 609 3236 733 3279; x_wconf 89' lang='lat' dir='ltr'><strong>cum</strong></span> <span class='ocrx_word' id='word_1_340' title='bbox 768 3223 1031 3280; x_wconf 87' lang='lat' dir='ltr'><strong>Dominus</strong></span> <span class='ocrx_word' id='word_1_341' title='bbox 1065 3226 1118 3280; x_wconf 92' lang='lat' dir='ltr'><strong>in</strong></span> <span class='ocrx_word' id='word_1_342' title='bbox 1142 3227 1357 3298; x_wconf 90' lang='lat' dir='ltr'><strong>judicio</strong></span> <span class='ocrx_word' id='word_1_343' title='bbox 1386 3225 1786 3290; x_wconf 86' lang='lat' dir='ltr'><strong>sederit,draco</strong></span> <span class='ocrx_word' id='word_1_344' title='bbox 1818 3226 1924 3281; x_wconf 89' lang='lat' dir='ltr'><strong>im-</strong></span> 
     </span>
    </p>
   </div>
   <div class='ocr_carea' id='block_1_48' title="bbox 346 3311 1929 3387">
    <p class='ocr_par' dir='ltr' id='par_1_48' title="bbox 346 3311 1929 3387">
     <span class='ocr_line' id='line_1_48' title="bbox 346 3311 1929 3387; baseline 0.006 -24"><span class='ocrx_word' id='word_1_345' title='bbox 346 3311 732 3383; x_wconf 82' lang='lat' dir='ltr'><strong>probissimus,</strong></span> <span class='ocrx_word' id='word_1_346' title='bbox 786 3329 849 3371; x_wconf 92' lang='lat' dir='ltr'><strong>ac</strong></span> <span class='ocrx_word' id='word_1_347' title='bbox 895 3316 1107 3385; x_wconf 87' lang='lat' dir='ltr'><strong>primus</strong></span> <span class='ocrx_word' id='word_1_348' title='bbox 1150 3327 1419 3387; x_wconf 86' lang='lat' dir='ltr'><strong>apostata,</strong></span> <span class='ocrx_word' id='word_1_349' title='bbox 1475 3327 1537 3373; x_wconf 89' lang='lat' dir='ltr'><strong>ut</strong></span> <span class='ocrx_word' id='word_1_350' title='bbox 1581 3316 1821 3382; x_wconf 86' lang='lat' dir='ltr'><strong>invidus,</strong></span> <span class='ocrx_word' id='word_1_351' title='bbox 1868 3326 1929 3372; x_wconf 91' lang='lat' dir='ltr'><strong>ut</strong></span> 
     </span>
    </p>
   </div>
   <div class='ocr_carea' id='block_1_49' title="bbox 349 3402 1931 3475">
    <p class='ocr_par' dir='ltr' id='par_1_49' title="bbox 349 3402 1931 3475">
     <span class='ocr_line' id='line_1_49' title="bbox 349 3402 1931 3475; baseline 0.006 -19"><span class='ocrx_word' id='word_1_352' title='bbox 349 3402 697 3469; x_wconf 83' lang='lat' dir='ltr'><strong>insatiabilis,</strong></span> <span class='ocrx_word' id='word_1_353' title='bbox 722 3417 777 3461; x_wconf 89' lang='lat' dir='ltr'><strong>et</strong></span> <span class='ocrx_word' id='word_1_354' title='bbox 802 3408 1048 3463; x_wconf 84' lang='lat' dir='ltr'><strong>crudelis</strong></span> <span class='ocrx_word' id='word_1_355' title='bbox 1079 3408 1263 3464; x_wconf 87' lang='lat' dir='ltr'><strong>dicet:</strong></span> <span class='ocrx_word' id='word_1_356' title='bbox 1296 3408 1442 3474; x_wconf 80' lang='lat' dir='ltr'><strong>llaec,</strong></span> <span class='ocrx_word' id='word_1_357' title='bbox 1474 3409 1722 3475; x_wconf 88' lang='lat' dir='ltr'><strong>Domine,</strong></span> <span class='ocrx_word' id='word_1_358' title='bbox 1744 3408 1931 3465; x_wconf 91' lang='lat' dir='ltr'><strong>verbis</strong></span> 
     </span>
    </p>
   </div>
   <div class='ocr_carea' id='block_1_50' title="bbox 350 3494 1930 3570">
    <p class='ocr_par' dir='ltr' id='par_1_50' title="bbox 350 3494 1930 3570">
     <span class='ocr_line' id='line_1_50' title="bbox 350 3494 1930 3570; baseline 0.004 -20"><span class='ocrx_word' id='word_1_359' title='bbox 350 3494 617 3555; x_wconf 77' lang='lat' dir='ltr'><strong>duntaxat</strong></span> <span class='ocrx_word' id='word_1_360' title='bbox 644 3514 732 3553; x_wconf 89' lang='lat' dir='ltr'><strong>me</strong></span> <span class='ocrx_word' id='word_1_361' title='bbox 764 3501 1002 3569; x_wconf 81' lang='lat' dir='ltr'><strong>negavit,</strong></span> <span class='ocrx_word' id='word_1_362' title='bbox 1039 3502 1301 3570; x_wconf 84' lang='lat' dir='ltr'><strong>operibus</strong></span> <span class='ocrx_word' id='word_1_363' title='bbox 1322 3502 1455 3570; x_wconf 73' lang='lat' dir='ltr'><strong>ipsis</strong></span> <span class='ocrx_word' id='word_1_364' title='bbox 1484 3516 1604 3556; x_wconf 89' lang='lat' dir='ltr'><strong>mea</strong></span> <span class='ocrx_word' id='word_1_365' title='bbox 1635 3501 1759 3567; x_wconf 86' lang='lat' dir='ltr'><strong>fuit,</strong></span> <span class='ocrx_word' id='word_1_366' title='bbox 1794 3501 1930 3556; x_wconf 89' lang='lat' dir='ltr'><strong>mihi</strong></span> 
     </span>
    </p>
   </div>
   <div class='ocr_carea' id='block_1_51' title="bbox 348 3589 1932 3661">
    <p class='ocr_par' dir='ltr' id='par_1_51' title="bbox 348 3589 1932 3661">
     <span class='ocr_line' id='line_1_51' title="bbox 348 3589 1932 3661; baseline 0 -16"><span class='ocrx_word' id='word_1_367' title='bbox 348 3589 904 3660; x_wconf 81' lang='lat' dir='ltr'><strong>scrvivitplurimum</strong></span> <span class='ocrx_word' id='word_1_368' title='bbox 935 3609 948 3646; x_wconf 93' lang='lat'><strong>:</strong></span> <span class='ocrx_word' id='word_1_369' title='bbox 978 3607 1114 3647; x_wconf 68' lang='lat' dir='ltr'><strong>mea:</strong></span> <span class='ocrx_word' id='word_1_370' title='bbox 1156 3591 1425 3649; x_wconf 88' lang='lat' dir='ltr'><strong>voluntati</strong></span> <span class='ocrx_word' id='word_1_371' title='bbox 1460 3591 1710 3661; x_wconf 90' lang='lat' dir='ltr'><strong>quamvis</strong></span> <span class='ocrx_word' id='word_1_372' title='bbox 1749 3592 1932 3656; x_wconf 82' lang='lat' dir='ltr'><strong>enixe,</strong></span> 
     </span>
    </p>
   </div>
   <div class='ocr_carea' id='block_1_52' title="bbox 350 3681 1935 3753">
    <p class='ocr_par' dir='ltr' id='par_1_52' title="bbox 350 3681 1935 3753">
     <span class='ocr_line' id='line_1_52' title="bbox 350 3681 1935 3753; baseline 0.001 -16"><span class='ocrx_word' id='word_1_373' title='bbox 350 3681 755 3753; x_wconf 69' lang='lat' dir='ltr'><strong>diligenterque</strong></span> <span class='ocrx_word' id='word_1_374' title='bbox 788 3682 1192 3753; x_wconf 81' lang='lat' dir='ltr'><strong>obtemperavit</strong></span> <span class='ocrx_word' id='word_1_375' title='bbox 1211 3701 1225 3739; x_wconf 89' lang='lat'><strong>:</strong></span> <span class='ocrx_word' id='word_1_376' title='bbox 1247 3698 1367 3739; x_wconf 78' lang='lat' dir='ltr'><strong>mea</strong></span> <span class='ocrx_word' id='word_1_377' title='bbox 1388 3684 1733 3752; x_wconf 78' lang='lat' dir='ltr'><strong>potissimum</strong></span> <span class='ocrx_word' id='word_1_378' title='bbox 1761 3685 1935 3738; x_wconf 90' lang='lat' dir='ltr'><strong>amica</strong></span> 
     </span>
    </p>
   </div>
   <div class='ocr_carea' id='block_1_53' title="bbox 353 3777 1934 3845">
    <p class='ocr_par' dir='ltr' id='par_1_53' title="bbox 353 3777 1934 3845">
     <span class='ocr_line' id='line_1_53' title="bbox 353 3777 1934 3845; baseline -0.002 -11"><span class='ocrx_word' id='word_1_379' title='bbox 353 3788 412 3834; x_wconf 90' lang='lat' dir='ltr'><strong>et</strong></span> <span class='ocrx_word' id='word_1_380' title='bbox 444 3778 737 3843; x_wconf 85' lang='lat' dir='ltr'><strong>familiaris</strong></span> <span class='ocrx_word' id='word_1_381' title='bbox 762 3789 864 3841; x_wconf 80' lang='lat' dir='ltr'><strong>est.</strong></span> <span class='ocrx_word' id='word_1_382' title='bbox 902 3778 1050 3835; x_wconf 85' lang='lat' dir='ltr'><strong>Nihil</strong></span> <span class='ocrx_word' id='word_1_383' title='bbox 1087 3779 1141 3835; x_wconf 90' lang='lat' dir='ltr'><strong>in</strong></span> <span class='ocrx_word' id='word_1_384' title='bbox 1179 3778 1268 3834; x_wconf 92' lang='lat' dir='ltr'><strong>illa</strong></span> <span class='ocrx_word' id='word_1_385' title='bbox 1311 3786 1464 3835; x_wconf 90' lang='lat' dir='ltr'><strong>tuum</strong></span> <span class='ocrx_word' id='word_1_386' title='bbox 1502 3786 1605 3840; x_wconf 87' lang='lat' dir='ltr'><strong>est.</strong></span> <span class='ocrx_word' id='word_1_387' title='bbox 1651 3778 1790 3845; x_wconf 85' lang='lat' dir='ltr'><strong>Quid</strong></span> <span class='ocrx_word' id='word_1_388' title='bbox 1837 3777 1934 3833; x_wconf 89' lang='lat' dir='ltr'><strong>tibi</strong></span> 
     </span>
    </p>
   </div>
   <div class='ocr_carea' id='block_1_54' title="bbox 354 3870 1939 3943">
    <p class='ocr_par' dir='ltr' id='par_1_54' title="bbox 354 3870 1939 3943">
     <span class='ocr_line' id='line_1_54' title="bbox 354 3870 1939 3943; baseline -0.003 -14"><span class='ocrx_word' id='word_1_389' title='bbox 354 3887 481 3933; x_wconf 74' lang='lat' dir='ltr'><strong>cum</strong></span> <span class='ocrx_word' id='word_1_390' title='bbox 505 3872 604 3927; x_wconf 87' lang='lat' dir='ltr'><strong>ea?</strong></span> <span class='ocrx_word' id='word_1_391' title='bbox 629 3870 749 3931; x_wconf 86' lang='lat' dir='ltr'><strong>Non</strong></span> <span class='ocrx_word' id='word_1_392' title='bbox 775 3872 950 3929; x_wconf 82' lang='lat' dir='ltr'><strong>latent</strong></span> <span class='ocrx_word' id='word_1_393' title='bbox 973 3872 1094 3943; x_wconf 88' lang='lat' dir='ltr'><strong>ejus</strong></span> <span class='ocrx_word' id='word_1_394' title='bbox 1125 3871 1368 3929; x_wconf 88' lang='lat' dir='ltr'><strong>actiones</strong></span> <span class='ocrx_word' id='word_1_395' title='bbox 1396 3887 1409 3923; x_wconf 90' lang='lat'><strong>:</strong></span> <span class='ocrx_word' id='word_1_396' title='bbox 1439 3879 1620 3936; x_wconf 88' lang='lat' dir='ltr'><strong>teneo,</strong></span> <span class='ocrx_word' id='word_1_397' title='bbox 1653 3870 1857 3942; x_wconf 84' lang='lat' dir='ltr'><strong>quibus</strong></span> <span class='ocrx_word' id='word_1_398' title='bbox 1881 3885 1939 3926; x_wconf 91' lang='lat' dir='ltr'><strong>se</strong></span> 
     </span>
    </p>
   </div>
   <div class='ocr_carea' id='block_1_55' title="bbox 2016 1944 3607 2020">
    <p class='ocr_par' dir='ltr' id='par_1_55' title="bbox 2016 1944 3607 2020">
     <span class='ocr_line' id='line_1_55' title="bbox 2016 1944 3607 2020; baseline -0.007 -15"><span class='ocrx_word' id='word_1_399' title='bbox 2016 1965 2190 2020; x_wconf 84' lang='lat' dir='ltr'><strong>queas</strong></span> <span class='ocrx_word' id='word_1_400' title='bbox 2221 1949 2520 2018; x_wconf 86' lang='lat' dir='ltr'><strong>depellere,</strong></span> <span class='ocrx_word' id='word_1_401' title='bbox 2542 1962 2599 2003; x_wconf 85' lang='lat' dir='ltr'><strong>et</strong></span> <span class='ocrx_word' id='word_1_402' title='bbox 2622 1948 2825 2003; x_wconf 86' lang='lat' dir='ltr'><strong>habeas</strong></span> <span class='ocrx_word' id='word_1_403' title='bbox 2838 1962 2941 2001; x_wconf 88' lang='lat' dir='ltr'><strong>cur</strong></span> <span class='ocrx_word' id='word_1_404' title='bbox 2966 1946 3198 2000; x_wconf 86' lang='lat' dir='ltr'><strong>salvere.</strong></span> <span class='ocrx_word' id='word_1_405' title='bbox 3222 1944 3322 2007; x_wconf 86' lang='lat' dir='ltr'><strong>En,</strong></span> <span class='ocrx_word' id='word_1_406' title='bbox 3348 1953 3403 2001; x_wconf 88' lang='lat' dir='ltr'><strong>et</strong></span> <span class='ocrx_word' id='word_1_407' title='bbox 3419 1956 3607 1996; x_wconf 75' lang='lat' dir='ltr'><strong>exem~</strong></span> 
     </span>
    </p>
   </div>
   <div class='ocr_carea' id='block_1_56' title="bbox 2013 2032 3602 2112">
    <p class='ocr_par' dir='ltr' id='par_1_56' title="bbox 2013 2032 3602 2112">
     <span class='ocr_line' id='line_1_56' title="bbox 2013 2032 3602 2112; baseline -0.008 -15"><span class='ocrx_word' id='word_1_408' title='bbox 2013 2043 2170 2112; x_wconf 77' lang='lat' dir='ltr'><strong>plum</strong></span> <span class='ocrx_word' id='word_1_409' title='bbox 2196 2040 2398 2097; x_wconf 80' lang='lat' dir='ltr'><strong>adduxi</strong></span> <span class='ocrx_word' id='word_1_410' title='bbox 2429 2040 2551 2103; x_wconf 87' lang='lat' dir='ltr'><strong>tibi,</strong></span> <span class='ocrx_word' id='word_1_411' title='bbox 2584 2050 2641 2095; x_wconf 92' lang='lat' dir='ltr'><strong>et</strong></span> <span class='ocrx_word' id='word_1_412' title='bbox 2668 2050 2866 2103; x_wconf 60' lang='lat' dir='ltr'><strong>caetera</strong></span> <span class='ocrx_word' id='word_1_413' title='bbox 2891 2052 3132 2107; x_wconf 89' lang='lat' dir='ltr'><strong>quoque,</strong></span> <span class='ocrx_word' id='word_1_414' title='bbox 3158 2043 3322 2106; x_wconf 90' lang='lat' dir='ltr'><strong>prout</strong></span> <span class='ocrx_word' id='word_1_415' title='bbox 3356 2032 3602 2097; x_wconf 84' lang='lat' dir='ltr'><strong>voluisti,</strong></span> 
     </span>
    </p>
   </div>
   <div class='ocr_carea' id='block_1_57' title="bbox 2019 2125 3608 2201">
    <p class='ocr_par' dir='ltr' id='par_1_57' title="bbox 2019 2125 3608 2201">
     <span class='ocr_line' id='line_1_57' title="bbox 2019 2125 3608 2201; baseline -0.008 -10"><span class='ocrx_word' id='word_1_416' title='bbox 2019 2143 2079 2191; x_wconf 89' lang='lat' dir='ltr'><strong>et</strong></span> <span class='ocrx_word' id='word_1_417' title='bbox 2093 2133 2380 2196; x_wconf 87' lang='lat' dir='ltr'><strong>censuisti,</strong></span> <span class='ocrx_word' id='word_1_418' title='bbox 2405 2132 2697 2201; x_wconf 77' lang='lat' dir='ltr'><strong>explicavi,</strong></span> <span class='ocrx_word' id='word_1_419' title='bbox 2729 2131 2934 2187; x_wconf 80' lang='lat' dir='ltr'><strong>auxilio</strong></span> <span class='ocrx_word' id='word_1_420' title='bbox 2953 2131 3119 2195; x_wconf 85' lang='lat' dir='ltr'><strong>illius,</strong></span> <span class='ocrx_word' id='word_1_421' title='bbox 3149 2129 3242 2198; x_wconf 87' lang='lat' dir='ltr'><strong>qui</strong></span> <span class='ocrx_word' id='word_1_422' title='bbox 3267 2128 3416 2183; x_wconf 88' lang='lat' dir='ltr'><strong>solus</strong></span> <span class='ocrx_word' id='word_1_423' title='bbox 3445 2125 3608 2181; x_wconf 80' lang='lat' dir='ltr'><strong>docet</strong></span> 
     </span>
    </p>
   </div>
   <div class='ocr_carea' id='block_1_58' title="bbox 2018 2219 3608 2293">
    <p class='ocr_par' dir='ltr' id='par_1_58' title="bbox 2018 2219 3608 2293">
     <span class='ocr_line' id='line_1_58' title="bbox 2018 2219 3608 2293; baseline -0.006 -10"><span class='ocrx_word' id='word_1_424' title='bbox 2018 2225 2275 2283; x_wconf 82' lang='lat' dir='ltr'><strong>homines</strong></span> <span class='ocrx_word' id='word_1_425' title='bbox 2294 2223 2603 2281; x_wconf 86' lang='lat' dir='ltr'><strong>scientiam.</strong></span> <span class='ocrx_word' id='word_1_426' title='bbox 2616 2223 2771 2290; x_wconf 84' lang='lat' dir='ltr'><strong>Quod</strong></span> <span class='ocrx_word' id='word_1_427' title='bbox 2798 2224 2842 2279; x_wconf 84' lang='lat' dir='ltr'><strong>si</strong></span> <span class='ocrx_word' id='word_1_428' title='bbox 2865 2221 2996 2293; x_wconf 82' lang='lat' dir='ltr'><strong>quid</strong></span> <span class='ocrx_word' id='word_1_429' title='bbox 3016 2238 3045 2276; x_wconf 70' lang='grc' dir='ltr'><strong>ι</strong></span> <span class='ocrx_word' id='word_1_430' title='bbox 3069 2236 3156 2276; x_wconf 91' lang='lat' dir='ltr'><strong>me</strong></span> <span class='ocrx_word' id='word_1_431' title='bbox 3180 2220 3315 2275; x_wconf 74' lang='lat' dir='ltr'><strong>falso</strong></span> <span class='ocrx_word' id='word_1_432' title='bbox 3334 2219 3608 2290; x_wconf 84' lang='lat' dir='ltr'><strong>prolatum</strong></span> 
     </span>
    </p>
   </div>
   <div class='ocr_carea' id='block_1_59' title="bbox 2020 2311 3607 2389">
    <p class='ocr_par' dir='ltr' id='par_1_59' title="bbox 2020 2311 3607 2389">
     <span class='ocr_line' id='line_1_59' title="bbox 2020 2311 3607 2389; baseline -0.008 -14"><span class='ocrx_word' id='word_1_433' title='bbox 2020 2329 2205 2389; x_wconf 82' lang='lat' dir='ltr'><strong>putas,</strong></span> <span class='ocrx_word' id='word_1_434' title='bbox 2220 2318 2451 2387; x_wconf 87' lang='lat' dir='ltr'><strong>ideoque</strong></span> <span class='ocrx_word' id='word_1_435' title='bbox 2466 2333 2576 2372; x_wconf 78' lang='lat' dir='ltr'><strong>non</strong></span> <span class='ocrx_word' id='word_1_436' title='bbox 2591 2316 2793 2379; x_wconf 80' lang='lat' dir='ltr'><strong>credis.</strong></span> <span class='ocrx_word' id='word_1_437' title='bbox 2813 2331 3042 2371; x_wconf 79' lang='lat' dir='ltr'><strong>occurre</strong></span> <span class='ocrx_word' id='word_1_438' title='bbox 3058 2322 3327 2380; x_wconf 80' lang='lat' dir='ltr'><strong>quantum</strong></span> <span class='ocrx_word' id='word_1_439' title='bbox 3346 2311 3400 2364; x_wconf 84' lang='lat' dir='ltr'><strong>in</strong></span> <span class='ocrx_word' id='word_1_440' title='bbox 3428 2321 3481 2365; x_wconf 91' lang='lat' dir='ltr'><strong>te</strong></span> <span class='ocrx_word' id='word_1_441' title='bbox 3497 2317 3607 2373; x_wconf 89' lang='lat' dir='ltr'><strong>est,</strong></span> 
     </span>
    </p>
   </div>
   <div class='ocr_carea' id='block_1_60' title="bbox 2025 2404 3610 2479">
    <p class='ocr_par' dir='ltr' id='par_1_60' title="bbox 2025 2404 3610 2479">
     <span class='ocr_line' id='line_1_60' title="bbox 2025 2404 3610 2479; baseline -0.008 -14"><span class='ocrx_word' id='word_1_442' title='bbox 2025 2424 2356 2479; x_wconf 81' lang='lat' dir='ltr'><strong>rursumque</strong></span> <span class='ocrx_word' id='word_1_443' title='bbox 2394 2409 2669 2479; x_wconf 81' lang='lat' dir='ltr'><strong>interroga</strong></span> <span class='ocrx_word' id='word_1_444' title='bbox 2704 2425 2718 2461; x_wconf 93' lang='lat'><strong>:</strong></span> <span class='ocrx_word' id='word_1_445' title='bbox 2748 2424 2851 2478; x_wconf 85' lang='lat' dir='ltr'><strong>ego</strong></span> <span class='ocrx_word' id='word_1_446' title='bbox 2885 2417 2991 2463; x_wconf 81' lang='lat' dir='ltr'><strong>tuae</strong></span> <span class='ocrx_word' id='word_1_447' title='bbox 3015 2404 3349 2477; x_wconf 83' lang='lat' dir='ltr'><strong>oppositioni</strong></span> <span class='ocrx_word' id='word_1_448' title='bbox 3381 2416 3610 2471; x_wconf 86' lang='lat' dir='ltr'><strong>respon-</strong></span> 
     </span>
    </p>
   </div>
   <div class='ocr_carea' id='block_1_61' title="bbox 2022 2494 3609 2567">
    <p class='ocr_par' dir='ltr' id='par_1_61' title="bbox 2022 2494 3609 2567">
     <span class='ocr_line' id='line_1_61' title="bbox 2022 2494 3609 2567; baseline -0.005 -10"><span class='ocrx_word' id='word_1_449' title='bbox 2022 2502 2188 2557; x_wconf 84' lang='lat' dir='ltr'><strong>debo.</strong></span> <span class='ocrx_word' id='word_1_450' title='bbox 2219 2501 2375 2567; x_wconf 82' lang='lat' dir='ltr'><strong>Quod</strong></span> <span class='ocrx_word' id='word_1_451' title='bbox 2412 2500 2461 2555; x_wconf 84' lang='lat' dir='ltr'><strong>si</strong></span> <span class='ocrx_word' id='word_1_452' title='bbox 2485 2516 2514 2555; x_wconf 80' lang='grc' dir='ltr'><strong>ιι</strong></span> <span class='ocrx_word' id='word_1_453' title='bbox 2547 2516 2633 2554; x_wconf 90' lang='lat' dir='ltr'><strong>me</strong></span> <span class='ocrx_word' id='word_1_454' title='bbox 2668 2499 2814 2554; x_wconf 88' lang='lat' dir='ltr'><strong>dicta</strong></span> <span class='ocrx_word' id='word_1_455' title='bbox 2860 2497 2961 2551; x_wconf 87' lang='lat' dir='ltr'><strong>tibi</strong></span> <span class='ocrx_word' id='word_1_456' title='bbox 2996 2506 3146 2551; x_wconf 87' lang='lat' dir='ltr'><strong>certa</strong></span> <span class='ocrx_word' id='word_1_457' title='bbox 3193 2494 3609 2560; x_wconf 80' lang='lat' dir='ltr'><strong>indubitataquc</strong></span> 
     </span>
    </p>
   </div>
   <div class='ocr_carea' id='block_1_62' title="bbox 2026 2583 3609 2655">
    <p class='ocr_par' dir='ltr' id='par_1_62' title="bbox 2026 2583 3609 2655">
     <span class='ocr_line' id='line_1_62' title="bbox 2026 2583 3609 2655; baseline -0.011 -4"><span class='ocrx_word' id='word_1_458' title='bbox 2026 2593 2302 2655; x_wconf 79' lang='lat' dir='ltr'><strong>videntur,</strong></span> <span class='ocrx_word' id='word_1_459' title='bbox 2334 2606 2404 2649; x_wconf 78' lang='lat' dir='ltr'><strong>ne</strong></span> <span class='ocrx_word' id='word_1_460' title='bbox 2437 2590 2507 2644; x_wconf 88' lang='lat' dir='ltr'><strong>de</strong></span> <span class='ocrx_word' id='word_1_461' title='bbox 2535 2600 2737 2651; x_wconf 68' lang='lat' dir='ltr'><strong>caetero</strong></span> <span class='ocrx_word' id='word_1_462' title='bbox 2769 2598 3055 2651; x_wconf 89' lang='lat' dir='ltr'><strong>cunctare,</strong></span> <span class='ocrx_word' id='word_1_463' title='bbox 3087 2600 3296 2655; x_wconf 63' lang='lat' dir='ltr'><strong>quaeso,</strong></span> <span class='ocrx_word' id='word_1_464' title='bbox 3330 2598 3398 2637; x_wconf 88' lang='lat' dir='ltr'><strong>ne</strong></span> <span class='ocrx_word' id='word_1_465' title='bbox 3426 2583 3609 2639; x_wconf 87' lang='lat' dir='ltr'><strong>locum</strong></span> 
     </span>
    </p>
   </div>
   <div class='ocr_carea' id='block_1_63' title="bbox 2022 2671 3610 2749">
    <p class='ocr_par' dir='ltr' id='par_1_63' title="bbox 2022 2671 3610 2749">
     <span class='ocr_line' id='line_1_63' title="bbox 2022 2671 3610 2749; baseline -0.009 -10"><span class='ocrx_word' id='word_1_466' title='bbox 2022 2683 2126 2739; x_wconf 86' lang='lat' dir='ltr'><strong>des</strong></span> <span class='ocrx_word' id='word_1_467' title='bbox 2157 2682 2401 2737; x_wconf 61' lang='lat' dir='ltr'><strong>desidiae.</strong></span> <span class='ocrx_word' id='word_1_468' title='bbox 2426 2679 2506 2733; x_wconf 78' lang='lat' dir='ltr'><strong>Ad</strong></span> <span class='ocrx_word' id='word_1_469' title='bbox 2538 2693 2704 2749; x_wconf 76' lang='lat' dir='ltr'><strong>opera</strong></span> <span class='ocrx_word' id='word_1_470' title='bbox 2736 2677 3099 2736; x_wconf 79' lang='lat' dir='ltr'><strong>exsuscitare,</strong></span> <span class='ocrx_word' id='word_1_471' title='bbox 3124 2683 3182 2729; x_wconf 90' lang='lat' dir='ltr'><strong>et</strong></span> <span class='ocrx_word' id='word_1_472' title='bbox 3209 2674 3298 2728; x_wconf 87' lang='lat' dir='ltr'><strong>illa</strong></span> <span class='ocrx_word' id='word_1_473' title='bbox 3328 2684 3380 2727; x_wconf 85' lang='lat' dir='ltr'><strong>te</strong></span> <span class='ocrx_word' id='word_1_474' title='bbox 3410 2671 3477 2726; x_wconf 87' lang='lat' dir='ltr'><strong>ad</strong></span> <span class='ocrx_word' id='word_1_475' title='bbox 3518 2672 3610 2740; x_wconf 32' lang='lat' dir='ltr'><strong>jus</strong></span> 
     </span>
    </p>
   </div>
   <div class='ocr_carea' id='block_1_64' title="bbox 2026 2760 3610 2836">
    <p class='ocr_par' dir='ltr' id='par_1_64' title="bbox 2026 2760 3610 2836">
     <span class='ocr_line' id='line_1_64' title="bbox 2026 2760 3610 2836; baseline -0.01 -8"><span class='ocrx_word' id='word_1_476' title='bbox 2026 2772 2232 2828; x_wconf 90' lang='lat' dir='ltr'><strong>dicium</strong></span> <span class='ocrx_word' id='word_1_477' title='bbox 2250 2769 2571 2836; x_wconf 85' lang='lat' dir='ltr'><strong>abeuntem,</strong></span> <span class='ocrx_word' id='word_1_478' title='bbox 2594 2777 2656 2824; x_wconf 89' lang='lat' dir='ltr'><strong>ut</strong></span> <span class='ocrx_word' id='word_1_479' title='bbox 2675 2766 3026 2823; x_wconf 88' lang='lat' dir='ltr'><strong>commodum</strong></span> <span class='ocrx_word' id='word_1_480' title='bbox 3053 2764 3270 2819; x_wconf 88' lang='lat' dir='ltr'><strong>itineris</strong></span> <span class='ocrx_word' id='word_1_481' title='bbox 3294 2760 3610 2817; x_wconf 86' lang='lat' dir='ltr'><strong>adminicu-</strong></span> 
     </span>
    </p>
   </div>
   <div class='ocr_carea' id='block_1_65' title="bbox 2026 2850 3614 2932">
    <p class='ocr_par' dir='ltr' id='par_1_65' title="bbox 2026 2850 3614 2932">
     <span class='ocr_line' id='line_1_65' title="bbox 2026 2850 3614 2932; baseline -0.008 -15"><span class='ocrx_word' id='word_1_482' title='bbox 2026 2863 2142 2923; x_wconf 84' lang='lat' dir='ltr'><strong>lum</strong></span> <span class='ocrx_word' id='word_1_483' title='bbox 2190 2863 2563 2932; x_wconf 87' lang='lat' dir='ltr'><strong>viaticumque</strong></span> <span class='ocrx_word' id='word_1_484' title='bbox 2592 2858 3026 2929; x_wconf 77' lang='lat' dir='ltr'><strong>comitabuntur.</strong></span> <span class='ocrx_word' id='word_1_485' title='bbox 3064 2855 3163 2913; x_wconf 90' lang='lat' dir='ltr'><strong>Sin</strong></span> <span class='ocrx_word' id='word_1_486' title='bbox 3212 2868 3379 2926; x_wconf 86' lang='lat' dir='ltr'><strong>opera</strong></span> <span class='ocrx_word' id='word_1_487' title='bbox 3424 2850 3614 2921; x_wconf 71' lang='lat' dir='ltr'><strong>negle-</strong></span> 
     </span>
    </p>
   </div>
   <div class='ocr_carea' id='block_1_66' title="bbox 2029 2946 3589 3027">
    <p class='ocr_par' dir='ltr' id='par_1_66' title="bbox 2029 2946 3589 3027">
     <span class='ocr_line' id='line_1_66' title="bbox 2029 2946 3589 3027; baseline -0.009 -14"><span class='ocrx_word' id='word_1_488' title='bbox 2029 2955 2194 3021; x_wconf 77' lang='lat' dir='ltr'><strong>xeris,</strong></span> <span class='ocrx_word' id='word_1_489' title='bbox 2228 2955 2377 3025; x_wconf 85' lang='lat' dir='ltr'><strong>quod</strong></span> <span class='ocrx_word' id='word_1_490' title='bbox 2413 2965 2464 3011; x_wconf 90' lang='lat' dir='ltr'><strong>te</strong></span> <span class='ocrx_word' id='word_1_491' title='bbox 2498 2953 2854 3011; x_wconf 87' lang='lat' dir='ltr'><strong>maledictum</strong></span> <span class='ocrx_word' id='word_1_492' title='bbox 2889 2958 3130 3015; x_wconf 86' lang='lat' dir='ltr'><strong>maneat,</strong></span> <span class='ocrx_word' id='word_1_493' title='bbox 3162 2949 3351 3005; x_wconf 88' lang='lat' dir='ltr'><strong>dicere</strong></span> <span class='ocrx_word' id='word_1_494' title='bbox 3388 2946 3539 3002; x_wconf 76' lang='lat' dir='ltr'><strong>nolo.</strong></span> <span class='ocrx_word' id='word_1_495' title='bbox 3584 3022 3589 3027; x_wconf 26' lang='grc' dir='ltr'><strong><em>Ι</em></strong></span> 
     </span>
    </p>
   </div>
   <div class='ocr_carea' id='block_1_67' title="bbox 2642 3115 3004 3187">
    <p class='ocr_par' dir='ltr' id='par_1_67' title="bbox 2642 3115 3004 3187">
     <span class='ocr_line' id='line_1_67' title="bbox 2642 3115 3004 3187; baseline -0.017 -11"><span class='ocrx_word' id='word_1_496' title='bbox 2642 3117 2869 3187; x_wconf 77' lang='lat' dir='ltr'><strong>CAPUT</strong></span> <span class='ocrx_word' id='word_1_497' title='bbox 2910 3115 3004 3181; x_wconf 75' lang='grc' dir='ltr'><strong>ιΧ.</strong></span> 
     </span>
    </p>
   </div>
   <div class='ocr_carea' id='block_1_68' title="bbox 2034 3200 3618 3282">
    <p class='ocr_par' dir='ltr' id='par_1_68' title="bbox 2034 3200 3618 3282">
     <span class='ocr_line' id='line_1_68' title="bbox 2034 3200 3618 3282; baseline -0.009 -15"><span class='ocrx_word' id='word_1_498' title='bbox 2034 3213 2269 3271; x_wconf 79' lang='lat' dir='ltr'><strong>Parvum</strong></span> <span class='ocrx_word' id='word_1_499' title='bbox 2309 3211 2683 3282; x_wconf 76' lang='lat' dir='ltr'><strong>negligentiam</strong></span> <span class='ocrx_word' id='word_1_500' title='bbox 2727 3223 2880 3278; x_wconf 83' lang='lat' dir='ltr'><strong>atque</strong></span> <span class='ocrx_word' id='word_1_501' title='bbox 2931 3200 3227 3282; x_wconf 58' lang='lat' dir='ltr'><strong>socordiam</strong></span> <span class='ocrx_word' id='word_1_502' title='bbox 3288 3214 3618 3282; x_wconf 40' lang='lat' dir='ltr'><strong>n&#39;onhparvla</strong></span> 
     </span>
    </p>
   </div>
   <div class='ocr_carea' id='block_1_69' title="bbox 2105 3266 3618 3346">
    <p class='ocr_par' dir='ltr' id='par_1_69' title="bbox 2105 3266 3618 3346">
     <span class='ocr_line' id='line_1_69' title="bbox 2105 3266 3618 3346; baseline -0.011 -10"><span class='ocrx_word' id='word_1_503' title='bbox 2105 3266 2248 3337; x_wconf 77' lang='lat' dir='ltr'><strong>mala</strong></span> <span class='ocrx_word' id='word_1_504' title='bbox 2290 3266 2576 3346; x_wconf 50' lang='lat' dir='ltr'><strong>generare,</strong></span> <span class='ocrx_word' id='word_1_505' title='bbox 2609 3266 2873 3332; x_wconf 74' lang='lat' dir='ltr'><strong>ostensum</strong></span> <span class='ocrx_word' id='word_1_506' title='bbox 2922 3291 2985 3330; x_wconf 77' lang='lat' dir='ltr'><strong>ea:</strong></span> <span class='ocrx_word' id='word_1_507' title='bbox 3033 3275 3254 3327; x_wconf 78' lang='lat' dir='ltr'><strong>historia</strong></span> <span class='ocrx_word' id='word_1_508' title='bbox 3298 3266 3493 3324; x_wconf 67' lang='lat' dir='ltr'><strong>Levitis</strong></span> <span class='ocrx_word' id='word_1_509' title='bbox 3552 3266 3618 3319; x_wconf 85' lang='lat' dir='ltr'><strong>dc</strong></span> 
     </span>
    </p>
   </div>
   <div class='ocr_carea' id='block_1_70' title="bbox 2106 3353 2539 3407">
    <p class='ocr_par' dir='ltr' id='par_1_70' title="bbox 2106 3353 2539 3407">
     <span class='ocr_line' id='line_1_70' title="bbox 2106 3353 2539 3407; baseline -0.007 -1"><span class='ocrx_word' id='word_1_510' title='bbox 2106 3354 2240 3407; x_wconf 79' lang='lat' dir='ltr'><strong>libro</strong></span> <span class='ocrx_word' id='word_1_511' title='bbox 2267 3353 2539 3407; x_wconf 76' lang='lat' dir='ltr'><strong>Iudicum.</strong></span> 
     </span>
    </p>
   </div>
   <div class='ocr_carea' id='block_1_71' title="bbox 2102 3482 3620 3567">
    <p class='ocr_par' dir='ltr' id='par_1_71' title="bbox 2102 3482 3620 3567">
     <span class='ocr_line' id='line_1_71' title="bbox 2102 3482 3620 3567; baseline -0.014 -10"><span class='ocrx_word' id='word_1_512' title='bbox 2102 3501 2299 3557; x_wconf 64' lang='lat' dir='ltr'><strong>Ann“.</strong></span> <span class='ocrx_word' id='word_1_513' title='bbox 2321 3499 2439 3554; x_wconf 82' lang='lat' dir='ltr'><strong>Non</strong></span> <span class='ocrx_word' id='word_1_514' title='bbox 2464 3511 2710 3567; x_wconf 81' lang='lat' dir='ltr'><strong>repugno</strong></span> <span class='ocrx_word' id='word_1_515' title='bbox 2740 3493 2838 3548; x_wconf 85' lang='lat' dir='ltr'><strong>abs</strong></span> <span class='ocrx_word' id='word_1_516' title='bbox 2864 3501 2915 3557; x_wconf 84' lang='lat' dir='ltr'><strong>te</strong></span> <span class='ocrx_word' id='word_1_517' title='bbox 2944 3489 3106 3551; x_wconf 88' lang='lat' dir='ltr'><strong>dictis</strong></span> <span class='ocrx_word' id='word_1_518' title='bbox 3131 3486 3387 3559; x_wconf 85' lang='lat' dir='ltr'><strong>amplius,</strong></span> <span class='ocrx_word' id='word_1_519' title='bbox 3415 3482 3620 3554; x_wconf 89' lang='lat' dir='ltr'><strong>quibus</strong></span> 
     </span>
    </p>
   </div>
   <div class='ocr_carea' id='block_1_72' title="bbox 2036 3575 3614 3655">
    <p class='ocr_par' dir='ltr' id='par_1_72' title="bbox 2036 3575 3614 3655">
     <span class='ocr_line' id='line_1_72' title="bbox 2036 3575 3614 3655; baseline -0.015 -6"><span class='ocrx_word' id='word_1_520' title='bbox 2036 3591 2331 3655; x_wconf 82' lang='lat' dir='ltr'><strong>assentior,</strong></span> <span class='ocrx_word' id='word_1_521' title='bbox 2361 3598 2417 3644; x_wconf 92' lang='lat' dir='ltr'><strong>et</strong></span> <span class='ocrx_word' id='word_1_522' title='bbox 2443 3589 2497 3642; x_wconf 91' lang='lat' dir='ltr'><strong>in</strong></span> <span class='ocrx_word' id='word_1_523' title='bbox 2531 3585 2864 3645; x_wconf 84' lang='lat' dir='ltr'><strong>sententiam</strong></span> <span class='ocrx_word' id='word_1_524' title='bbox 2904 3590 3054 3638; x_wconf 91' lang='lat' dir='ltr'><strong>tuam</strong></span> <span class='ocrx_word' id='word_1_525' title='bbox 3098 3590 3315 3635; x_wconf 87' lang='lat' dir='ltr'><strong>transeo</strong></span> <span class='ocrx_word' id='word_1_526' title='bbox 3356 3575 3614 3630; x_wconf 79' lang='lat' dir='ltr'><strong>maxime.</strong></span> 
     </span>
    </p>
   </div>
   <div class='ocr_carea' id='block_1_73' title="bbox 2039 3660 3623 3753">
    <p class='ocr_par' dir='ltr' id='par_1_73' title="bbox 2039 3660 3623 3753">
     <span class='ocr_line' id='line_1_73' title="bbox 2039 3660 3623 3753; baseline -0.02 -9"><span class='ocrx_word' id='word_1_527' title='bbox 2039 3685 2122 3745; x_wconf 85' lang='lat' dir='ltr'><strong>Tu</strong></span> <span class='ocrx_word' id='word_1_528' title='bbox 2158 3697 2288 3739; x_wconf 90' lang='lat' dir='ltr'><strong>vero</strong></span> <span class='ocrx_word' id='word_1_529' title='bbox 2328 3681 2439 3753; x_wconf 88' lang='lat' dir='ltr'><strong>jam</strong></span> <span class='ocrx_word' id='word_1_530' title='bbox 2484 3678 2687 3743; x_wconf 90' lang='lat' dir='ltr'><strong>docere</strong></span> <span class='ocrx_word' id='word_1_531' title='bbox 2732 3688 2894 3747; x_wconf 84' lang='lat' dir='ltr'><strong>perge</strong></span> <span class='ocrx_word' id='word_1_532' title='bbox 2941 3689 2957 3726; x_wconf 94' lang='lat'><strong>:</strong></span> <span class='ocrx_word' id='word_1_533' title='bbox 3002 3679 3225 3743; x_wconf 87' lang='lat' dir='ltr'><strong>pr0pter</strong></span> <span class='ocrx_word' id='word_1_534' title='bbox 3264 3663 3432 3727; x_wconf 84' lang='lat' dir='ltr'><strong>istud,</strong></span> <span class='ocrx_word' id='word_1_535' title='bbox 3475 3660 3623 3753; x_wconf 84' lang='lat' dir='ltr'><strong>quod</strong></span> 
     </span>
    </p>
   </div>
   <div class='ocr_carea' id='block_1_74' title="bbox 2040 3751 3619 3839">
    <p class='ocr_par' dir='ltr' id='par_1_74' title="bbox 2040 3751 3619 3839">
     <span class='ocr_line' id='line_1_74' title="bbox 2040 3751 3619 3839; baseline -0.017 -7"><span class='ocrx_word' id='word_1_536' title='bbox 2040 3776 2202 3839; x_wconf 84' lang='lat' dir='ltr'><strong>dicis,</strong></span> <span class='ocrx_word' id='word_1_537' title='bbox 2240 3751 2620 3835; x_wconf 70' lang='lat' dir='ltr'><strong>maiedictum,</strong></span> <span class='ocrx_word' id='word_1_538' title='bbox 2647 3768 2905 3839; x_wconf 89' lang='lat' dir='ltr'><strong>quodque</strong></span> <span class='ocrx_word' id='word_1_539' title='bbox 2934 3764 3178 3821; x_wconf 88' lang='lat' dir='ltr'><strong>animum</strong></span> <span class='ocrx_word' id='word_1_540' title='bbox 3212 3758 3451 3820; x_wconf 86' lang='lat' dir='ltr'><strong>mordet,</strong></span> <span class='ocrx_word' id='word_1_541' title='bbox 3485 3751 3619 3825; x_wconf 87' lang='lat' dir='ltr'><strong>quid</strong></span> 
     </span>
    </p>
   </div>
   <div class='ocr_carea' id='block_1_75' title="bbox 2044 3844 3624 3934">
    <p class='ocr_par' dir='ltr' id='par_1_75' title="bbox 2044 3844 3624 3934">
     <span class='ocr_line' id='line_1_75' title="bbox 2044 3844 3624 3934; baseline -0.018 -9"><span class='ocrx_word' id='word_1_542' title='bbox 2044 3867 2267 3925; x_wconf 87' lang='lat' dir='ltr'><strong>tandem</strong></span> <span class='ocrx_word' id='word_1_543' title='bbox 2293 3882 2361 3921; x_wconf 83' lang='lat' dir='ltr'><strong>ex</strong></span> <span class='ocrx_word' id='word_1_544' title='bbox 2389 3863 2602 3921; x_wconf 88' lang='lat' dir='ltr'><strong>desidia</strong></span> <span class='ocrx_word' id='word_1_545' title='bbox 2622 3861 2882 3934; x_wconf 80' lang='lat' dir='ltr'><strong>gignatur</strong></span> <span class='ocrx_word' id='word_1_546' title='bbox 2918 3855 3046 3911; x_wconf 90' lang='lat' dir='ltr'><strong>mali</strong></span> <span class='ocrx_word' id='word_1_547' title='bbox 3081 3873 3094 3909; x_wconf 92' lang='lat'><strong>:</strong></span> <span class='ocrx_word' id='word_1_548' title='bbox 3136 3853 3240 3907; x_wconf 89' lang='lat' dir='ltr'><strong>hoc</strong></span> <span class='ocrx_word' id='word_1_549' title='bbox 3267 3849 3413 3905; x_wconf 87' lang='lat' dir='ltr'><strong>enim</strong></span> <span class='ocrx_word' id='word_1_550' title='bbox 3455 3844 3624 3915; x_wconf 88' lang='lat' dir='ltr'><strong>liqui-</strong></span> 
     </span>
    </p>
   </div>
   <div class='ocr_carea' id='block_1_76' title="bbox 356 3943 3627 4035">
    <p class='ocr_par' dir='ltr' id='par_1_76' title="bbox 356 3943 3627 4035">
     <span class='ocr_line' id='line_1_76' title="bbox 356 3943 3627 4035; baseline -0.009 -18"><span class='ocrx_word' id='word_1_551' title='bbox 356 3964 641 4035; x_wconf 87' lang='lat' dir='ltr'><strong>obligavit,</strong></span> <span class='ocrx_word' id='word_1_552' title='bbox 682 3965 937 4021; x_wconf 86' lang='lat' dir='ltr'><strong>litteras:</strong></span> <span class='ocrx_word' id='word_1_553' title='bbox 982 3962 1181 4018; x_wconf 78' lang='lat' dir='ltr'><strong>cmlum</strong></span> <span class='ocrx_word' id='word_1_554' title='bbox 1224 3968 1282 4023; x_wconf 82' lang='lat' dir='ltr'><strong>et</strong></span> <span class='ocrx_word' id='word_1_555' title='bbox 1310 3968 1454 4019; x_wconf 88' lang='lat' dir='ltr'><strong>terra</strong></span> <span class='ocrx_word' id='word_1_556' title='bbox 1508 3962 1780 4018; x_wconf 88' lang='lat' dir='ltr'><strong>scelerum</strong></span> <span class='ocrx_word' id='word_1_557' title='bbox 1822 3964 1942 4035; x_wconf 89' lang='lat' dir='ltr'><strong>ejus</strong></span> <span class='ocrx_word' id='word_1_558' title='bbox 2012 3959 2169 4031; x_wconf 78' lang='lat' dir='ltr'><strong>_dius</strong></span> <span class='ocrx_word' id='word_1_559' title='bbox 2213 3972 2376 4012; x_wconf 89' lang='lat' dir='ltr'><strong>nosse</strong></span> <span class='ocrx_word' id='word_1_560' title='bbox 2409 3953 2685 4011; x_wconf 88' lang='lat' dir='ltr'><strong>desidero.</strong></span> <span class='ocrx_word' id='word_1_561' title='bbox 2722 3949 2872 4007; x_wconf 89' lang='lat' dir='ltr'><strong>lstud</strong></span> <span class='ocrx_word' id='word_1_562' title='bbox 2909 3946 3045 4003; x_wconf 90' lang='lat' dir='ltr'><strong>mihi</strong></span> <span class='ocrx_word' id='word_1_563' title='bbox 3099 3943 3410 4035; x_wconf 44' lang='lat' dir='ltr'><strong>edisserere‘</strong></span> <span class='ocrx_word' id='word_1_564' title='bbox 3430 3952 3493 3990; x_wconf 86' lang='lat' dir='ltr'><strong>ac</strong></span> <span class='ocrx_word' id='word_1_565' title='bbox 3529 3949 3627 4035; x_wconf 55' lang='lat' dir='ltr'><strong>pa:</strong></span> 
     </span>
    </p>
   </div>
   <div class='ocr_carea' id='block_1_77' title="bbox 359 4051 1943 4135">
    <p class='ocr_par' dir='ltr' id='par_1_77' title="bbox 359 4051 1943 4135">
     <span class='ocr_line' id='line_1_77' title="bbox 359 4051 1943 4135; baseline 0.001 -26"><span class='ocrx_word' id='word_1_566' title='bbox 359 4065 527 4111; x_wconf 87' lang='lat' dir='ltr'><strong>testes</strong></span> <span class='ocrx_word' id='word_1_567' title='bbox 564 4064 713 4110; x_wconf 91' lang='lat' dir='ltr'><strong>sunt.</strong></span> <span class='ocrx_word' id='word_1_568' title='bbox 749 4054 853 4119; x_wconf 85' lang='lat' dir='ltr'><strong>Tu,</strong></span> <span class='ocrx_word' id='word_1_569' title='bbox 884 4054 1031 4123; x_wconf 89' lang='lat' dir='ltr'><strong>juste</strong></span> <span class='ocrx_word' id='word_1_570' title='bbox 1062 4051 1254 4123; x_wconf 83' lang='lat' dir='ltr'><strong>judex,</strong></span> <span class='ocrx_word' id='word_1_571' title='bbox 1280 4054 1556 4135; x_wconf 89' lang='lat' dir='ltr'><strong>quomodo</strong></span> <span class='ocrx_word' id='word_1_572' title='bbox 1592 4054 1701 4111; x_wconf 88' lang='lat' dir='ltr'><strong>ulla</strong></span> <span class='ocrx_word' id='word_1_573' title='bbox 1730 4056 1943 4111; x_wconf 88' lang='lat' dir='ltr'><strong>ratione</strong></span> 
     </span>
    </p>
   </div>
   <div class='ocr_carea' id='block_1_78' title="bbox 359 4142 1943 4217">
    <p class='ocr_par' dir='ltr' id='par_1_78' title="bbox 359 4142 1943 4217">
     <span class='ocr_line' id='line_1_78' title="bbox 359 4142 1943 4217; baseline 0.001 -16"><span class='ocrx_word' id='word_1_574' title='bbox 359 4146 560 4217; x_wconf 81' lang='lat' dir='ltr'><strong>injuste</strong></span> <span class='ocrx_word' id='word_1_575' title='bbox 593 4145 803 4215; x_wconf 89' lang='lat' dir='ltr'><strong>poteris</strong></span> <span class='ocrx_word' id='word_1_576' title='bbox 839 4143 1061 4198; x_wconf 84' lang='lat' dir='ltr'><strong>facere?</strong></span> <span class='ocrx_word' id='word_1_577' title='bbox 1089 4142 1225 4198; x_wconf 89' lang='lat' dir='ltr'><strong>Tuis</strong></span> <span class='ocrx_word' id='word_1_578' title='bbox 1247 4153 1541 4201; x_wconf 88' lang='lat' dir='ltr'><strong>contentus</strong></span> <span class='ocrx_word' id='word_1_579' title='bbox 1571 4156 1691 4202; x_wconf 89' lang='lat' dir='ltr'><strong>esto</strong></span> <span class='ocrx_word' id='word_1_580' title='bbox 1724 4164 1737 4200; x_wconf 91' lang='lat'><strong>:</strong></span> <span class='ocrx_word' id='word_1_581' title='bbox 1764 4148 1943 4202; x_wconf 85' lang='lat' dir='ltr'><strong>aliena</strong></span> 
     </span>
    </p>
   </div>
   <div class='ocr_carea' id='block_1_79' title="bbox 356 4236 800 4307">
    <p class='ocr_par' dir='ltr' id='par_1_79' title="bbox 356 4236 800 4307">
     <span class='ocr_line' id='line_1_79' title="bbox 356 4236 800 4307; baseline -0.009 -14"><span class='ocrx_word' id='word_1_582' title='bbox 356 4255 458 4293; x_wconf 88' lang='lat' dir='ltr'><strong>cur</strong></span> <span class='ocrx_word' id='word_1_583' title='bbox 486 4237 696 4307; x_wconf 89' lang='lat' dir='ltr'><strong>appetis</strong></span> <span class='ocrx_word' id='word_1_584' title='bbox 719 4236 800 4289; x_wconf 73' lang='lat' dir='ltr'><strong>“‘i</strong></span> 
     </span>
    </p>
   </div>
   <div class='ocr_carea' id='block_1_80' title="bbox 431 4327 1948 4400">
    <p class='ocr_par' dir='ltr' id='par_1_80' title="bbox 431 4327 1948 4400">
     <span class='ocr_line' id='line_1_80' title="bbox 431 4327 1948 4400; baseline 0.006 -18"><span class='ocrx_word' id='word_1_585' title='bbox 431 4327 558 4383; x_wconf 80' lang='lat' dir='ltr'><strong>Haec</strong></span> <span class='ocrx_word' id='word_1_586' title='bbox 579 4327 748 4398; x_wconf 82' lang='lat' dir='ltr'><strong>judex</strong></span> <span class='ocrx_word' id='word_1_587' title='bbox 772 4328 1122 4400; x_wconf 63' lang='lat' dir='ltr'><strong>judicatus-us</strong></span> <span class='ocrx_word' id='word_1_588' title='bbox 1150 4330 1403 4398; x_wconf 87' lang='lat' dir='ltr'><strong>audiens,</strong></span> <span class='ocrx_word' id='word_1_589' title='bbox 1431 4331 1745 4387; x_wconf 81' lang='lat' dir='ltr'><strong>astantibus</strong></span> <span class='ocrx_word' id='word_1_590' title='bbox 1769 4332 1948 4391; x_wconf 80' lang='lat' dir='ltr'><strong>virtu-</strong></span> 
     </span>
    </p>
   </div>
   <div class='ocr_carea' id='block_1_81' title="bbox 2048 4022 3624 4115">
    <p class='ocr_par' dir='ltr' id='par_1_81' title="bbox 2048 4022 3624 4115">
     <span class='ocr_line' id='line_1_81' title="bbox 2048 4022 3624 4115; baseline -0.018 -10"><span class='ocrx_word' id='word_1_591' title='bbox 2048 4050 2285 4115; x_wconf 81' lang='lat' dir='ltr'><strong>telacere</strong></span> <span class='ocrx_word' id='word_1_592' title='bbox 2315 4064 2384 4105; x_wconf 87' lang='lat' dir='ltr'><strong>ne</strong></span> <span class='ocrx_word' id='word_1_593' title='bbox 2429 4045 2652 4105; x_wconf 70' lang='lat' dir='ltr'><strong>differas</strong></span> <span class='ocrx_word' id='word_1_594' title='bbox 2688 4060 2701 4097; x_wconf 90' lang='lat'><strong>:</strong></span> <span class='ocrx_word' id='word_1_595' title='bbox 2746 4051 2805 4095; x_wconf 90' lang='lat' dir='ltr'><strong>ut</strong></span> <span class='ocrx_word' id='word_1_596' title='bbox 2839 4056 2907 4096; x_wconf 90' lang='lat' dir='ltr'><strong>ne</strong></span> <span class='ocrx_word' id='word_1_597' title='bbox 2948 4036 3080 4110; x_wconf 93' lang='lat' dir='ltr'><strong>quid</strong></span> <span class='ocrx_word' id='word_1_598' title='bbox 3121 4050 3190 4090; x_wconf 81' lang='lat' dir='ltr'><strong>ex</strong></span> <span class='ocrx_word' id='word_1_599' title='bbox 3236 4028 3446 4086; x_wconf 89' lang='lat' dir='ltr'><strong>desidia</strong></span> <span class='ocrx_word' id='word_1_600' title='bbox 3487 4022 3624 4079; x_wconf 88' lang='lat' dir='ltr'><strong>mihi</strong></span> 
     </span>
    </p>
   </div>
   <div class='ocr_carea' id='block_1_82' title="bbox 2047 4122 3624 4212">
    <p class='ocr_par' dir='ltr' id='par_1_82' title="bbox 2047 4122 3624 4212">
     <span class='ocr_line' id='line_1_82' title="bbox 2047 4122 3624 4212; baseline -0.018 -14"><span class='ocrx_word' id='word_1_601' title='bbox 2047 4143 2331 4212; x_wconf 83' lang='lat' dir='ltr'><strong>contingat</strong></span> <span class='ocrx_word' id='word_1_602' title='bbox 2365 4138 2515 4203; x_wconf 90' lang='lat' dir='ltr'><strong>mali,</strong></span> <span class='ocrx_word' id='word_1_603' title='bbox 2558 4151 2754 4206; x_wconf 83' lang='lat' dir='ltr'><strong>meque</strong></span> <span class='ocrx_word' id='word_1_604' title='bbox 2796 4142 2976 4188; x_wconf 90' lang='lat' dir='ltr'><strong>tecum</strong></span> <span class='ocrx_word' id='word_1_605' title='bbox 3022 4126 3221 4198; x_wconf 87' lang='lat' dir='ltr'><strong>perdas</strong></span> <span class='ocrx_word' id='word_1_606' title='bbox 3262 4142 3275 4178; x_wconf 93' lang='lat'><strong>:</strong></span> <span class='ocrx_word' id='word_1_607' title='bbox 3319 4131 3370 4176; x_wconf 91' lang='lat' dir='ltr'><strong>te</strong></span> <span class='ocrx_word' id='word_1_608' title='bbox 3400 4122 3467 4173; x_wconf 87' lang='lat' dir='ltr'><strong>ut‘</strong></span> <span class='ocrx_word' id='word_1_609' title='bbox 3503 4129 3624 4186; x_wconf 79' lang='lat' dir='ltr'><strong>quae</strong></span> 
     </span>
    </p>
   </div>
   <div class='ocr_carea' id='block_1_83' title="bbox 2049 4214 3629 4307">
    <p class='ocr_par' dir='ltr' id='par_1_83' title="bbox 2049 4214 3629 4307">
     <span class='ocr_line' id='line_1_83' title="bbox 2049 4214 3629 4307; baseline -0.021 -14"><span class='ocrx_word' id='word_1_610' title='bbox 2049 4252 2161 4294; x_wconf 87' lang='lat' dir='ltr'><strong>non</strong></span> <span class='ocrx_word' id='word_1_611' title='bbox 2193 4232 2497 4298; x_wconf 89' lang='lat' dir='ltr'><strong>docueris;</strong></span> <span class='ocrx_word' id='word_1_612' title='bbox 2531 4245 2640 4295; x_wconf 88' lang='lat' dir='ltr'><strong>me,</strong></span> <span class='ocrx_word' id='word_1_613' title='bbox 2670 4236 2731 4285; x_wconf 90' lang='lat' dir='ltr'><strong>ut</strong></span> <span class='ocrx_word' id='word_1_614' title='bbox 2761 4240 2882 4296; x_wconf 75' lang='lat' dir='ltr'><strong>qua:</strong></span> <span class='ocrx_word' id='word_1_615' title='bbox 2903 4239 3012 4279; x_wconf 90' lang='lat' dir='ltr'><strong>non</strong></span> <span class='ocrx_word' id='word_1_616' title='bbox 3043 4214 3353 4307; x_wconf 83' lang='lat' dir='ltr'><strong>didicerim.</strong></span> <span class='ocrx_word' id='word_1_617' title='bbox 3490 4298 3511 4307; x_wconf 51' lang='lat'><strong><em>-</em></strong></span> <span class='ocrx_word' id='word_1_618' title='bbox 3618 4294 3629 4307; x_wconf 41' lang='lat'>.</span> 
     </span>
    </p>
   </div>
   <div class='ocr_carea' id='block_1_84' title="bbox 2119 4298 3629 4393">
    <p class='ocr_par' dir='ltr' id='par_1_84' title="bbox 2119 4298 3629 4393">
     <span class='ocr_line' id='line_1_84' title="bbox 2119 4298 3629 4393; baseline -0.024 -8"><span class='ocrx_word' id='word_1_619' title='bbox 2119 4328 2286 4385; x_wconf 71' lang='lat' dir='ltr'><strong>Cano.</strong></span> <span class='ocrx_word' id='word_1_620' title='bbox 2324 4325 2595 4393; x_wconf 83' lang='lat' dir='ltr'><strong>Quoniam</strong></span> <span class='ocrx_word' id='word_1_621' title='bbox 2641 4321 2715 4376; x_wconf 91' lang='lat' dir='ltr'><strong>ita</strong></span> <span class='ocrx_word' id='word_1_622' title='bbox 2760 4314 2939 4383; x_wconf 89' lang='lat' dir='ltr'><strong>cupis,</strong></span> <span class='ocrx_word' id='word_1_623' title='bbox 2987 4325 3150 4367; x_wconf 86' lang='lat' dir='ltr'><strong>aures</strong></span> <span class='ocrx_word' id='word_1_624' title='bbox 3196 4305 3441 4367; x_wconf 80' lang='lat' dir='ltr'><strong>adverte.</strong></span> <span class='ocrx_word' id='word_1_625' title='bbox 3484 4298 3629 4393; x_wconf 58' lang='lat' dir='ltr'><strong>iussi</strong></span> 
     </span>
    </p>
   </div>
   <div class='ocr_carea' id='block_1_85' title="bbox 360 4390 3629 4490">
    <p class='ocr_par' dir='ltr' id='par_1_85' title="bbox 360 4390 3629 4490">
     <span class='ocr_line' id='line_1_85' title="bbox 360 4390 3629 4490; baseline -0.002 -19"><span class='ocrx_word' id='word_1_626' title='bbox 360 4418 529 4484; x_wconf 87' lang='lat' dir='ltr'><strong>tibus,</strong></span> <span class='ocrx_word' id='word_1_627' title='bbox 547 4390 959 4473; x_wconf 76' lang='lat' dir='ltr'><strong>ministratoriis</strong></span> <span class='ocrx_word' id='word_1_628' title='bbox 977 4419 1204 4490; x_wconf 85' lang='lat' dir='ltr'><strong>angelis,</strong></span> <span class='ocrx_word' id='word_1_629' title='bbox 1222 4390 1584 4490; x_wconf 74' lang='lat' dir='ltr'><strong>arciiangells,</strong></span> <span class='ocrx_word' id='word_1_630' title='bbox 1605 4419 1951 4490; x_wconf 84' lang='lat' dir='ltr'><strong>principibus</strong></span> <span class='ocrx_word' id='word_1_631' title='bbox 2055 4436 2247 4478; x_wconf 87' lang='lat' dir='ltr'><strong>smnus</strong></span> <span class='ocrx_word' id='word_1_632' title='bbox 2280 4390 2465 4481; x_wconf 77' lang='lat' dir='ltr'><strong>orare,</strong></span> <span class='ocrx_word' id='word_1_633' title='bbox 2496 4413 2746 4485; x_wconf 82' lang='lat' dir='ltr'><strong>vigilare,</strong></span> <span class='ocrx_word' id='word_1_634' title='bbox 2777 4405 2947 4472; x_wconf 89' lang='lat' dir='ltr'><strong>sobrii</strong></span> <span class='ocrx_word' id='word_1_635' title='bbox 2981 4417 3121 4471; x_wconf 82' lang='lat' dir='ltr'><strong>esse,</strong></span> <span class='ocrx_word' id='word_1_636' title='bbox 3185 4390 3629 4490; x_wconf 60' lang='grc' dir='ltr'><strong>(ιυαξιάοίιιιξιίοιη</strong></span> 
     </span>
    </p>
   </div>
   <div class='ocr_carea' id='block_1_86' title="bbox 362 4482 3634 4589">
    <p class='ocr_par' dir='ltr' id='par_1_86' title="bbox 362 4482 3634 4589">
     <span class='ocr_line' id='line_1_86' title="bbox 362 4482 3634 4589; baseline -0.005 -25"><span class='ocrx_word' id='word_1_637' title='bbox 362 4507 745 4576; x_wconf 83' lang='lat' dir='ltr'><strong>sacerdotum,</strong></span> <span class='ocrx_word' id='word_1_638' title='bbox 780 4482 1133 4579; x_wconf 32' lang='lat' dir='ltr'><strong>fatbletisjet</strong></span> <span class='ocrx_word' id='word_1_639' title='bbox 1186 4482 1459 4584; x_wconf 72' lang='lat' dir='ltr'><strong>religiosis</strong></span> <span class='ocrx_word' id='word_1_640' title='bbox 1495 4482 1955 4581; x_wconf 32' lang='lat' dir='ltr'><strong>omnibus;un</strong></span> <span class='ocrx_word' id='word_1_641' title='bbox 1978 4509 2032 4569; x_wconf 89' lang='lat' dir='ltr'><strong>D</strong></span> <span class='ocrx_word' id='word_1_642' title='bbox 2060 4512 2357 4574; x_wconf 88' lang='lat' dir='ltr'><strong>nescimus,</strong></span> <span class='ocrx_word' id='word_1_643' title='bbox 2373 4491 2481 4589; x_wconf 77' lang='lat' dir='ltr'><strong>qua</strong></span> <span class='ocrx_word' id='word_1_644' title='bbox 2511 4482 2647 4567; x_wconf 83' lang='lat' dir='ltr'><strong>hora</strong></span> <span class='ocrx_word' id='word_1_645' title='bbox 2680 4501 2768 4559; x_wconf 87' lang='lat' dir='ltr'><strong>fur</strong></span> <span class='ocrx_word' id='word_1_646' title='bbox 2796 4508 3093 4589; x_wconf 73' lang='lat' dir='ltr'><strong>venturus,</strong></span> <span class='ocrx_word' id='word_1_647' title='bbox 3115 4501 3173 4547; x_wconf 86' lang='lat' dir='ltr'><strong>et</strong></span> <span class='ocrx_word' id='word_1_648' title='bbox 3195 4485 3435 4589; x_wconf 51' lang='lat' dir='ltr'><strong>perfossa</strong></span> 
     </span>
    </p>
   </div>
   <div class='ocr_carea' id='block_1_87' title="bbox 362 4601 1944 4674">
    <p class='ocr_par' dir='ltr' id='par_1_87' title="bbox 362 4601 1944 4674">
     <span class='ocr_line' id='line_1_87' title="bbox 362 4601 1944 4674; baseline 0.001 -17"><span class='ocrx_word' id='word_1_649' title='bbox 362 4601 589 4658; x_wconf 83' lang='lat' dir='ltr'><strong>ordines</strong></span> <span class='ocrx_word' id='word_1_650' title='bbox 614 4618 802 4674; x_wconf 89' lang='lat' dir='ltr'><strong>supra,</strong></span> <span class='ocrx_word' id='word_1_651' title='bbox 833 4604 1237 4674; x_wconf 65' lang='lat' dir='ltr'><strong>quotquejinfra</strong></span> <span class='ocrx_word' id='word_1_652' title='bbox 1269 4613 1419 4668; x_wconf 89' lang='lat' dir='ltr'><strong>sunt,</strong></span> <span class='ocrx_word' id='word_1_653' title='bbox 1440 4613 1497 4658; x_wconf 89' lang='lat' dir='ltr'><strong>et</strong></span> <span class='ocrx_word' id='word_1_654' title='bbox 1516 4603 1778 4658; x_wconf 83' lang='lat' dir='ltr'><strong>audacem</strong></span> <span class='ocrx_word' id='word_1_655' title='bbox 1800 4604 1944 4663; x_wconf 88' lang='lat' dir='ltr'><strong>hunc</strong></span> 
     </span>
    </p>
   </div>
   <div class='ocr_carea' id='block_1_88' title="bbox 434 4758 1660 4826">
    <p class='ocr_par' dir='ltr' id='par_1_88' title="bbox 434 4758 1660 4826">
     <span class='ocr_line' id='line_1_88' title="bbox 434 4758 1660 4826; baseline 0.002 -13"><span class='ocrx_word' id='word_1_656' title='bbox 434 4759 481 4791; x_wconf 63' lang='grc' dir='ltr'>δ’</span> <span class='ocrx_word' id='word_1_657' title='bbox 519 4758 710 4816; x_wconf 80' lang='lat' dir='ltr'><strong>Matth.</strong></span> <span class='ocrx_word' id='word_1_658' title='bbox 753 4777 830 4825; x_wconf 78' lang='lat' dir='ltr'><strong>xi.</strong></span> <span class='ocrx_word' id='word_1_659' title='bbox 890 4760 976 4815; x_wconf 75' lang='grc'><strong>12.</strong></span> <span class='ocrx_word' id='word_1_660' title='bbox 1059 4760 1107 4797; x_wconf 67' lang='grc'><strong>⁴³</strong></span> <span class='ocrx_word' id='word_1_661' title='bbox 1166 4761 1311 4819; x_wconf 82' lang='lat' dir='ltr'><strong>Psal.</strong></span> <span class='ocrx_word' id='word_1_662' title='bbox 1343 4775 1537 4826; x_wconf 69' lang='lat' dir='ltr'><strong>cxxxv,</strong></span> <span class='ocrx_word' id='word_1_663' title='bbox 1580 4762 1660 4815; x_wconf 70' lang='lat' dir='ltr'><strong>l2.</strong></span> 
     </span>
    </p>
   </div>
   <div class='ocr_carea' id='block_1_89' title="bbox 2051 4573 3625 4669">
    <p class='ocr_par' dir='ltr' id='par_1_89' title="bbox 2051 4573 3625 4669">
     <span class='ocr_line' id='line_1_89' title="bbox 2051 4573 3625 4669; baseline -0.027 -4"><span class='ocrx_word' id='word_1_664' title='bbox 2051 4606 2306 4665; x_wconf 84' lang='lat' dir='ltr'><strong>abiturus</strong></span> <span class='ocrx_word' id='word_1_665' title='bbox 2347 4573 2440 4656; x_wconf 71' lang='lat' dir='ltr'><strong>sit.</strong></span> <span class='ocrx_word' id='word_1_666' title='bbox 2468 4598 2573 4669; x_wconf 87' lang='lat' dir='ltr'><strong>Qui</strong></span> <span class='ocrx_word' id='word_1_667' title='bbox 2622 4593 2848 4666; x_wconf 88' lang='lat' dir='ltr'><strong>vigilare</strong></span> <span class='ocrx_word' id='word_1_668' title='bbox 2886 4587 3147 4652; x_wconf 91' lang='lat' dir='ltr'><strong>instituit,</strong></span> <span class='ocrx_word' id='word_1_669' title='bbox 3189 4579 3379 4638; x_wconf 90' lang='lat' dir='ltr'><strong>oculos</strong></span> <span class='ocrx_word' id='word_1_670' title='bbox 3432 4573 3625 4645; x_wconf 85' lang='lat' dir='ltr'><strong>vigiles</strong></span> 
     </span>
    </p>
   </div>
   <div class='ocr_carea' id='block_1_90' title="bbox 1837 4895 2117 4961">
    <p class='ocr_par' dir='ltr' id='par_1_90' title="bbox 1837 4895 2117 4961">
     <span class='ocr_line' id='line_1_90' title="bbox 1837 4895 2117 4961; baseline -0.007 -1"><span class='ocrx_word' id='word_1_671' title='bbox 1837 4895 2117 4961; x_wconf 73' lang='lat' dir='ltr'><strong>Schoﬁa.</strong></span> 
     </span>
    </p>
   </div>
   <div class='ocr_carea' id='block_1_91' title="bbox 494 5027 3203 5118">
    <p class='ocr_par' dir='ltr' id='par_1_91' title="bbox 494 5027 3203 5118">
     <span class='ocr_line' id='line_1_91' title="bbox 494 5027 3203 5118; baseline -0.006 -19"><span class='ocrx_word' id='word_1_672' title='bbox 494 5044 759 5116; x_wconf 81' lang='lat' dir='ltr'><strong>Principio</strong></span> <span class='ocrx_word' id='word_1_673' title='bbox 814 5045 1053 5117; x_wconf 71' lang='lat' dir='ltr'><strong>poscenti</strong></span> <span class='ocrx_word' id='word_1_674' title='bbox 1103 5060 1283 5099; x_wconf 75' lang='lat' dir='ltr'><strong>omnes</strong></span> <span class='ocrx_word' id='word_1_675' title='bbox 1329 5048 1678 5115; x_wconf 68' lang='lat' dir='ltr'><strong>ignoscimus,</strong></span> <span class='ocrx_word' id='word_1_676' title='bbox 1736 5054 1953 5118; x_wconf 83' lang='lat' dir='ltr'><strong>propter</strong></span> <span class='ocrx_word' id='word_1_677' title='bbox 2049 5062 2155 5116; x_wconf 76' lang='lat' dir='ltr'><strong>qua</strong></span> <span class='ocrx_word' id='word_1_678' title='bbox 2182 5044 2264 5118; x_wconf 65' lang='lat' dir='ltr'><strong>die</strong></span> <span class='ocrx_word' id='word_1_679' title='bbox 2297 5035 2796 5118; x_wconf 63' lang='grc' dir='ltr'><strong>εντ’ίιυινζξωιιεειιΖ</strong></span> <span class='ocrx_word' id='word_1_680' title='bbox 2830 5046 2989 5118; x_wconf 62' lang='grc' dir='ltr'>ξνιιι,</span> <span class='ocrx_word' id='word_1_681' title='bbox 3017 5027 3203 5118; x_wconf 36' lang='lat' dir='ltr'><strong>alii”:</strong></span> 
     </span>
    </p>
   </div>
   <div class='ocr_carea' id='block_1_92' title="bbox 369 5118 1953 5184">
    <p class='ocr_par' dir='ltr' id='par_1_92' title="bbox 369 5118 1953 5184">
     <span class='ocr_line' id='line_1_92' title="bbox 369 5118 1953 5184; baseline -0.002 -12"><span class='ocrx_word' id='word_1_682' title='bbox 369 5118 810 5184; x_wconf 72' lang='lat' dir='ltr'><strong>inexpericntiam</strong></span> <span class='ocrx_word' id='word_1_683' title='bbox 853 5131 869 5167; x_wconf 89' lang='lat'><strong>:</strong></span> <span class='ocrx_word' id='word_1_684' title='bbox 916 5125 1030 5183; x_wconf 78' lang='lat' dir='ltr'><strong>post</strong></span> <span class='ocrx_word' id='word_1_685' title='bbox 1081 5118 1276 5170; x_wconf 81' lang='lat' dir='ltr'><strong>multos</strong></span> <span class='ocrx_word' id='word_1_686' title='bbox 1320 5126 1496 5171; x_wconf 79' lang='lat' dir='ltr'><strong>autem</strong></span> <span class='ocrx_word' id='word_1_687' title='bbox 1536 5133 1777 5171; x_wconf 72' lang='lat' dir='ltr'><strong>recursus</strong></span> <span class='ocrx_word' id='word_1_688' title='bbox 1823 5132 1953 5184; x_wconf 55' lang='lat' dir='ltr'><strong>sup-</strong></span> 
     </span>
    </p>
   </div>
   <div class='ocr_carea' id='block_1_93' title="bbox 373 5185 1960 5267">
    <p class='ocr_par' dir='ltr' id='par_1_93' title="bbox 373 5185 1960 5267">
     <span class='ocr_line' id='line_1_93' title="bbox 373 5185 1960 5267; baseline -0.001 -26"><span class='ocrx_word' id='word_1_689' title='bbox 373 5188 700 5267; x_wconf 70' lang='lat' dir='ltr'><strong>plantation,</strong></span> <span class='ocrx_word' id='word_1_690' title='bbox 731 5185 1007 5267; x_wconf 69' lang='lat' dir='ltr'><strong>diﬂiculter</strong></span> <span class='ocrx_word' id='word_1_691' title='bbox 1037 5188 1153 5267; x_wconf 61' lang='lat' dir='ltr'><strong>quis</strong></span> <span class='ocrx_word' id='word_1_692' title='bbox 1175 5189 1326 5267; x_wconf 64' lang='lat' dir='ltr'><strong>venia</strong></span> <span class='ocrx_word' id='word_1_693' title='bbox 1354 5188 1761 5267; x_wconf 70' lang='lat' dir='ltr'><strong>impertiendum</strong></span> <span class='ocrx_word' id='word_1_694' title='bbox 1779 5187 1960 5267; x_wconf 50' lang='lat' dir='ltr'><strong>cogisti-</strong></span> 
     </span>
    </p>
   </div>
   <div class='ocr_carea' id='block_1_94' title="bbox 375 5256 1958 5326">
    <p class='ocr_par' dir='ltr' id='par_1_94' title="bbox 375 5256 1958 5326">
     <span class='ocr_line' id='line_1_94' title="bbox 375 5256 1958 5326; baseline -0.002 -15"><span class='ocrx_word' id='word_1_695' title='bbox 375 5256 560 5317; x_wconf 75' lang='lat' dir='ltr'><strong>mabit,</strong></span> <span class='ocrx_word' id='word_1_696' title='bbox 603 5264 660 5326; x_wconf 81' lang='lat' dir='ltr'><strong>ut</strong></span> <span class='ocrx_word' id='word_1_697' title='bbox 703 5256 792 5326; x_wconf 75' lang='lat' dir='ltr'><strong>qui</strong></span> <span class='ocrx_word' id='word_1_698' title='bbox 824 5269 886 5307; x_wconf 73' lang='lat' dir='ltr'><strong>ex</strong></span> <span class='ocrx_word' id='word_1_699' title='bbox 934 5258 1254 5325; x_wconf 81' lang='lat' dir='ltr'><strong>negligentia</strong></span> <span class='ocrx_word' id='word_1_700' title='bbox 1310 5256 1653 5326; x_wconf 79' lang='lat' dir='ltr'><strong>socordiaque</strong></span> <span class='ocrx_word' id='word_1_701' title='bbox 1693 5256 1958 5311; x_wconf 85' lang='lat' dir='ltr'><strong>ceciderit.</strong></span> 
     </span>
    </p>
   </div>
   <div class='ocr_carea' id='block_1_95' title="bbox 381 5324 1958 5396">
    <p class='ocr_par' dir='ltr' id='par_1_95' title="bbox 381 5324 1958 5396">
     <span class='ocr_line' id='line_1_95' title="bbox 381 5324 1958 5396; baseline -0.002 -15"><span class='ocrx_word' id='word_1_702' title='bbox 381 5327 490 5381; x_wconf 77' lang='lat' dir='ltr'><strong>Nec</strong></span> <span class='ocrx_word' id='word_1_703' title='bbox 511 5324 841 5396; x_wconf 15' lang='lat' dir='ltr'><strong>istudrselnm</strong></span> <span class='ocrx_word' id='word_1_704' title='bbox 870 5332 943 5396; x_wconf 78' lang='lat' dir='ltr'><strong>est</strong></span> <span class='ocrx_word' id='word_1_705' title='bbox 967 5324 1267 5396; x_wconf 77' lang='lat' dir='ltr'><strong>indignum,</strong></span> <span class='ocrx_word' id='word_1_706' title='bbox 1293 5339 1339 5381; x_wconf 83' lang='lat' dir='ltr'><strong>et</strong></span> <span class='ocrx_word' id='word_1_707' title='bbox 1369 5324 1637 5389; x_wconf 75' lang='lat' dir='ltr'><strong>horribile,</strong></span> <span class='ocrx_word' id='word_1_708' title='bbox 1660 5326 1749 5381; x_wconf 79' lang='lat' dir='ltr'><strong>sed</strong></span> <span class='ocrx_word' id='word_1_709' title='bbox 1779 5327 1958 5388; x_wconf 86' lang='lat' dir='ltr'><strong>etiam,</strong></span> 
     </span>
    </p>
   </div>
   <div class='ocr_carea' id='block_1_96' title="bbox 2128 5086 3640 5182">
    <p class='ocr_par' dir='ltr' id='par_1_96' title="bbox 2128 5086 3640 5182">
     <span class='ocr_line' id='line_1_96' title="bbox 2128 5086 3640 5182; baseline -0.02 -12"><span class='ocrx_word' id='word_1_710' title='bbox 2128 5086 2165 5137; x_wconf 50' lang='grc' dir='ltr'><strong>ἵ*</strong></span> <span class='ocrx_word' id='word_1_711' title='bbox 2516 5086 2703 5182; x_wconf 43' lang='lat' dir='ltr'><strong>lion—ns</strong></span> <span class='ocrx_word' id='word_1_712' title='bbox 2716 5086 2796 5182; x_wconf 50' lang='lat' dir='ltr'><strong>in</strong></span> <span class='ocrx_word' id='word_1_713' title='bbox 2825 5086 2986 5182; x_wconf 69' lang='lat' dir='ltr'><strong>Deus.</strong></span> <span class='ocrx_word' id='word_1_714' title='bbox 3009 5097 3258 5182; x_wconf 48' lang='lat' dir='ltr'><strong>sed.</strong></span> <span class='ocrx_word' id='word_1_715' title='bbox 3498 5086 3640 5182; x_wconf 55' lang='grc' dir='ltr'>ζ</span> 
     </span>
    </p>
   </div>
   <div class='ocr_carea' id='block_1_97' title="bbox 2055 5161 3641 5247">
    <p class='ocr_par' dir='ltr' id='par_1_97' title="bbox 2055 5161 3641 5247">
     <span class='ocr_line' id='line_1_97' title="bbox 2055 5161 3641 5247; baseline -0.019 -8"><span class='ocrx_word' id='word_1_716' title='bbox 2055 5161 2239 5240; x_wconf 69' lang='grc' dir='ltr'><strong>ατηεγῆ</strong></span> <span class='ocrx_word' id='word_1_717' title='bbox 2249 5161 2479 5243; x_wconf 48' lang='lat' dir='ltr'><strong>manus,</strong></span> <span class='ocrx_word' id='word_1_718' title='bbox 2505 5194 2600 5247; x_wconf 80' lang='lat' dir='ltr'><strong>pro</strong></span> <span class='ocrx_word' id='word_1_719' title='bbox 2621 5176 2877 5247; x_wconf 68' lang='lat' dir='ltr'><strong>dignitate</strong></span> <span class='ocrx_word' id='word_1_720' title='bbox 2902 5161 3192 5247; x_wconf 69' lang='lat' dir='ltr'><strong>mercedem</strong></span> <span class='ocrx_word' id='word_1_721' title='bbox 3216 5161 3483 5247; x_wconf 48' lang='lat' dir='ltr'><strong>redderes</strong></span> <span class='ocrx_word' id='word_1_722' title='bbox 3507 5161 3641 5247; x_wconf 56' lang='lat' dir='ltr'><strong>sicut</strong></span> 
     </span>
    </p>
   </div>
   <div class='ocr_carea' id='block_1_98' title="bbox 2054 5228 3639 5325">
    <p class='ocr_par' dir='ltr' id='par_1_98' title="bbox 2054 5228 3639 5325">
     <span class='ocr_line' id='line_1_98' title="bbox 2054 5228 3639 5325; baseline -0.006 9"><span class='ocrx_word' id='word_1_723' title='bbox 2054 5228 2870 5325; x_wconf 51' lang='lat' dir='ltr'><strong>IéE-‘s‘aairHEHI’:ww&quot;.</strong></span> <span class='ocrx_word' id='word_1_724' title='bbox 2908 5228 3091 5325; x_wconf 64' lang='grc' dir='ltr'><strong>ἐεαες</strong></span> <span class='ocrx_word' id='word_1_725' title='bbox 3127 5228 3639 5325; x_wconf 51' lang='lat' dir='ltr'><strong>inesse-.23.:</strong></span> 
     </span>
    </p>
   </div>
   <div class='ocr_carea' id='block_1_99' title="bbox 2058 5299 3642 5394">
    <p class='ocr_par' dir='ltr' id='par_1_99' title="bbox 2058 5299 3642 5394">
     <span class='ocr_line' id='line_1_99' title="bbox 2058 5299 3642 5394; baseline -0.01 16"><span class='ocrx_word' id='word_1_726' title='bbox 2058 5299 2207 5394; x_wconf 48' lang='lat'><strong>3377</strong></span> <span class='ocrx_word' id='word_1_727' title='bbox 2223 5299 2307 5377; x_wconf 55' lang='lat'>33</span> <span class='ocrx_word' id='word_1_728' title='bbox 2340 5299 2476 5374; x_wconf 68' lang='grc' dir='ltr'><strong>δέτίε</strong></span> <span class='ocrx_word' id='word_1_729' title='bbox 2509 5299 2752 5394; x_wconf 48' lang='lat' dir='ltr'><strong>Wes</strong></span> <span class='ocrx_word' id='word_1_730' title='bbox 2787 5299 3093 5394; x_wconf 51' lang='lat' dir='ltr'><strong>mare?!</strong></span> <span class='ocrx_word' id='word_1_731' title='bbox 3126 5299 3642 5394; x_wconf 45' lang='grc' dir='ltr'><strong>Ϊίῗὲἔτίῖφωδίῖέὲᾙῐβ</strong></span> 
     </span>
    </p>
   </div>
   <div class='ocr_carea' id='block_1_100' title="bbox 376 5369 3641 5468">
    <p class='ocr_par' dir='ltr' id='par_1_100' title="bbox 376 5369 3641 5468">
     <span class='ocr_line' id='line_1_100' title="bbox 376 5369 3641 5468; baseline -0.006 -20"><span class='ocrx_word' id='word_1_732' title='bbox 376 5396 517 5468; x_wconf 83' lang='lat' dir='ltr'><strong>quod</strong></span> <span class='ocrx_word' id='word_1_733' title='bbox 556 5395 735 5448; x_wconf 81' lang='lat' dir='ltr'><strong>multis</strong></span> <span class='ocrx_word' id='word_1_734' title='bbox 769 5369 1168 5458; x_wconf 54' lang='lat' dir='ltr'><strong>scandalizai’is,</strong></span> <span class='ocrx_word' id='word_1_735' title='bbox 1196 5369 1412 5467; x_wconf 65' lang='grc' dir='ltr'><strong>ρι’δωρε</strong></span> <span class='ocrx_word' id='word_1_736' title='bbox 1447 5369 1807 5468; x_wconf 59' lang='grc' dir='ltr'><strong>ἱρηαυὲὀνίρῳ</strong></span> <span class='ocrx_word' id='word_1_737' title='bbox 1833 5369 1962 5464; x_wconf 50' lang='grc' dir='ltr'><strong>επεὶ</strong></span> <span class='ocrx_word' id='word_1_738' title='bbox 2062 5369 2405 5468; x_wconf 60' lang='lat' dir='ltr'><strong>promittensg,</strong></span> <span class='ocrx_word' id='word_1_739' title='bbox 2434 5369 2538 5443; x_wconf 61' lang='lat' dir='ltr'><strong>non</strong></span> <span class='ocrx_word' id='word_1_740' title='bbox 2568 5369 2810 5468; x_wconf 55' lang='lat' dir='ltr'><strong>auditur:</strong></span> <span class='ocrx_word' id='word_1_741' title='bbox 2833 5375 3250 5468; x_wconf 42' lang='lat' dir='ltr'><strong>Bia-balano}:ch</strong></span> 
     </span>
    </p>
   </div>
   <div class='ocr_carea' id='block_1_101' title="bbox 377 5465 1965 5537">
    <p class='ocr_par' dir='ltr' id='par_1_101' title="bbox 377 5465 1965 5537">
     <span class='ocr_line' id='line_1_101' title="bbox 377 5465 1965 5537; baseline -0.001 -17"><span class='ocrx_word' id='word_1_742' title='bbox 377 5465 495 5530; x_wconf 76' lang='lat' dir='ltr'><strong>ctis,</strong></span> <span class='ocrx_word' id='word_1_743' title='bbox 528 5468 636 5537; x_wconf 67' lang='lat' dir='ltr'><strong>ipse</strong></span> <span class='ocrx_word' id='word_1_744' title='bbox 666 5474 923 5534; x_wconf 79' lang='lat' dir='ltr'><strong>tanquam</strong></span> <span class='ocrx_word' id='word_1_745' title='bbox 951 5469 1184 5521; x_wconf 78' lang='lat' dir='ltr'><strong>criminis</strong></span> <span class='ocrx_word' id='word_1_746' title='bbox 1215 5465 1356 5532; x_wconf 76' lang='lat' dir='ltr'><strong>rcus,</strong></span> <span class='ocrx_word' id='word_1_747' title='bbox 1377 5477 1426 5521; x_wconf 81' lang='lat' dir='ltr'><strong>et</strong></span> <span class='ocrx_word' id='word_1_748' title='bbox 1455 5465 1827 5537; x_wconf 63' lang='lat' dir='ltr'><strong>inexcusabilis</strong></span> <span class='ocrx_word' id='word_1_749' title='bbox 1842 5481 1965 5537; x_wconf 81' lang='lat' dir='ltr'><strong>eva—</strong></span> 
     </span>
    </p>
   </div>
   <div class='ocr_carea' id='block_1_102' title="bbox 378 5535 2629 5606">
    <p class='ocr_par' dir='ltr' id='par_1_102' title="bbox 378 5535 2629 5606">
     <span class='ocr_line' id='line_1_102' title="bbox 378 5535 2629 5606; baseline -0.006 -14"><span class='ocrx_word' id='word_1_750' title='bbox 378 5540 488 5592; x_wconf 75' lang='lat' dir='ltr'><strong>dit:</strong></span> <span class='ocrx_word' id='word_1_751' title='bbox 522 5535 556 5585; x_wconf 65' lang='grc' dir='ltr'>ι’</span> <span class='ocrx_word' id='word_1_752' title='bbox 578 5535 710 5591; x_wconf 88' lang='lat' dir='ltr'><strong>Cum</strong></span> <span class='ocrx_word' id='word_1_753' title='bbox 741 5545 915 5589; x_wconf 84' lang='lat' dir='ltr'><strong>autem</strong></span> <span class='ocrx_word' id='word_1_754' title='bbox 938 5539 1186 5590; x_wconf 82' lang='lat' dir='ltr'><strong>averterit</strong></span> <span class='ocrx_word' id='word_1_755' title='bbox 1207 5553 1260 5590; x_wconf 74' lang='lat' dir='ltr'><strong>se</strong></span> <span class='ocrx_word' id='word_1_756' title='bbox 1285 5540 1484 5606; x_wconf 76' lang='lat' dir='ltr'><strong>justus,</strong></span> <span class='ocrx_word' id='word_1_757' title='bbox 1518 5537 1710 5606; x_wconf 84' lang='lat' dir='ltr'><strong>inquit,</strong></span> <span class='ocrx_word' id='word_1_758' title='bbox 1740 5552 1772 5589; x_wconf 91' lang='lat' dir='ltr'><strong>a</strong></span> <span class='ocrx_word' id='word_1_759' title='bbox 1798 5535 1966 5606; x_wconf 71' lang='lat' dir='ltr'><strong>justi-</strong></span> <span class='ocrx_word' id='word_1_760' title='bbox 2065 5544 2189 5591; x_wconf 80' lang='lat' dir='ltr'><strong>ante</strong></span> <span class='ocrx_word' id='word_1_761' title='bbox 2214 5535 2508 5604; x_wconf 78' lang='lat' dir='ltr'><strong>gehennam</strong></span> <span class='ocrx_word' id='word_1_762' title='bbox 2550 5535 2629 5606; x_wconf 67' lang='lat' dir='ltr'><strong>hic</strong></span> 
     </span>
    </p>
   </div>
   <div class='ocr_carea' id='block_1_103' title="bbox 382 5599 2801 5678">
    <p class='ocr_par' dir='ltr' id='par_1_103' title="bbox 382 5599 2801 5678">
     <span class='ocr_line' id='line_1_103' title="bbox 382 5599 2801 5678; baseline -0.004 -19"><span class='ocrx_word' id='word_1_763' title='bbox 382 5611 457 5661; x_wconf 82' lang='lat' dir='ltr'><strong>tia</strong></span> <span class='ocrx_word' id='word_1_764' title='bbox 503 5624 622 5678; x_wconf 77' lang='lat' dir='ltr'><strong>sua.</strong></span> <span class='ocrx_word' id='word_1_765' title='bbox 666 5615 713 5660; x_wconf 87' lang='lat' dir='ltr'><strong>et</strong></span> <span class='ocrx_word' id='word_1_766' title='bbox 736 5607 912 5676; x_wconf 79' lang='lat' dir='ltr'><strong>fecerit</strong></span> <span class='ocrx_word' id='word_1_767' title='bbox 956 5599 1312 5678; x_wconf 59' lang='lat' dir='ltr'><strong>iniquitatem,</strong></span> <span class='ocrx_word' id='word_1_768' title='bbox 1360 5599 1537 5678; x_wconf 69' lang='lat' dir='ltr'><strong>omnes</strong></span> <span class='ocrx_word' id='word_1_769' title='bbox 1579 5599 1813 5678; x_wconf 45' lang='lat' dir='ltr'><strong>iustitia:-</strong></span> <span class='ocrx_word' id='word_1_770' title='bbox 1855 5605 1969 5678; x_wconf 68' lang='lat' dir='ltr'><strong>ejus</strong></span> <span class='ocrx_word' id='word_1_771' title='bbox 2066 5599 2341 5678; x_wconf 66' lang='lat' dir='ltr'><strong>ipsamque</strong></span> <span class='ocrx_word' id='word_1_772' title='bbox 2368 5608 2589 5655; x_wconf 74' lang='lat' dir='ltr'><strong>mortem</strong></span> <span class='ocrx_word' id='word_1_773' title='bbox 2610 5599 2801 5678; x_wconf 46' lang='lat' dir='ltr'><strong>imper}</strong></span> 
     </span>
    </p>
   </div>
   <div class='ocr_carea' id='block_1_104' title="bbox 2062 5447 3645 5535">
    <p class='ocr_par' dir='ltr' id='par_1_104' title="bbox 2062 5447 3645 5535">
     <span class='ocr_line' id='line_1_104' title="bbox 2062 5447 3645 5535; baseline 0 0"><span class='ocrx_word' id='word_1_774' title='bbox 2062 5447 2476 5535; x_wconf 55' lang='grc' dir='ltr'><strong>διικῇειωηιὶὶιση</strong></span> <span class='ocrx_word' id='word_1_775' title='bbox 2497 5461 2785 5535; x_wconf 57' lang='lat' dir='ltr'><strong>contam:</strong></span> <span class='ocrx_word' id='word_1_776' title='bbox 2821 5447 3420 5535; x_wconf 39' lang='grc' dir='ltr'><strong>άίίίςίίέίίἔέμίῖηίίὲῗῆἱ</strong></span> <span class='ocrx_word' id='word_1_777' title='bbox 3436 5449 3645 5535; x_wconf 63' lang='lat'><strong>33.51&quot;.&quot;</strong></span> 
     </span>
    </p>
   </div>
   <div class='ocr_carea' id='block_1_105' title="bbox 2065 5511 3649 5604">
    <p class='ocr_par' dir='ltr' id='par_1_105' title="bbox 2065 5511 3649 5604">
     <span class='ocr_line' id='line_1_105' title="bbox 2065 5511 3649 5604; baseline -0.02 -13"><span class='ocrx_word' id='word_1_778' title='bbox 2065 5511 2508 5604; x_wconf 34' lang='lat' dir='ltr'><strong>inuigans...</strong></span> <span class='ocrx_word' id='word_1_779' title='bbox 2668 5521 2859 5604; x_wconf 74' lang='lat' dir='ltr'><strong>probra</strong></span> <span class='ocrx_word' id='word_1_780' title='bbox 2890 5511 3649 5604; x_wconf 38' lang='lat' dir='ltr'><strong>etnludibriaimille‘pgnﬂ,‘</strong></span> 
     </span>
    </p>
   </div>
   <div class='ocr_carea' id='block_1_106' title="bbox 2807 5577 3647 5653">
    <p class='ocr_par' dir='ltr' id='par_1_106' title="bbox 2807 5577 3647 5653">
     <span class='ocr_line' id='line_1_106' title="bbox 2807 5577 3647 5653; baseline -0.017 -11"><span class='ocrx_word' id='word_1_781' title='bbox 2807 5597 2878 5651; x_wconf 86' lang='lat' dir='ltr'><strong>et,</strong></span> <span class='ocrx_word' id='word_1_782' title='bbox 2915 5585 3252 5641; x_wconf 72' lang='lat' dir='ltr'><strong>nihilominus</strong></span> <span class='ocrx_word' id='word_1_783' title='bbox 3284 5592 3521 5653; x_wconf 82' lang='lat' dir='ltr'><strong>prompte</strong></span> <span class='ocrx_word' id='word_1_784' title='bbox 3546 5577 3647 5632; x_wconf 77' lang='lat' dir='ltr'><strong>sibi</strong></span> 
     </span>
    </p>
   </div>
   <div class='ocr_carea' id='block_1_107' title="bbox 381 5659 2941 5753">
    <p class='ocr_par' dir='ltr' id='par_1_107' title="bbox 381 5659 2941 5753">
     <span class='ocr_line' id='line_1_107' title="bbox 381 5659 2941 5753; baseline -0.004 -25"><span class='ocrx_word' id='word_1_785' title='bbox 381 5659 519 5753; x_wconf 70' lang='lat' dir='ltr'><strong>quas</strong></span> <span class='ocrx_word' id='word_1_786' title='bbox 567 5659 706 5753; x_wconf 63' lang='lat' dir='ltr'><strong>fecit.</strong></span> <span class='ocrx_word' id='word_1_787' title='bbox 736 5659 854 5729; x_wconf 51' lang='lat' dir='ltr'><strong>lnon</strong></span> <span class='ocrx_word' id='word_1_788' title='bbox 898 5659 1318 5753; x_wconf 57' lang='lat' dir='ltr'><strong>recordabantur</strong></span> <span class='ocrx_word' id='word_1_789' title='bbox 1358 5659 1608 5753; x_wconf 48' lang='lat' dir='ltr'><strong>amplius&#39;.</strong></span> <span class='ocrx_word' id='word_1_790' title='bbox 1634 5676 1708 5753; x_wconf 78' lang='lat' dir='ltr'><strong>_I_n</strong></span> <span class='ocrx_word' id='word_1_791' title='bbox 1745 5659 1970 5753; x_wconf 70' lang='lat' dir='ltr'><strong>peccatis</strong></span> <span class='ocrx_word' id='word_1_792' title='bbox 2066 5659 2400 5746; x_wconf 56' lang='lat' dir='ltr'><strong>obsequentes</strong></span> <span class='ocrx_word' id='word_1_793' title='bbox 2426 5684 2527 5724; x_wconf 83' lang='lat' dir='ltr'><strong>non</strong></span> <span class='ocrx_word' id='word_1_794' title='bbox 2552 5659 2747 5736; x_wconf 73' lang='lat' dir='ltr'><strong>paucos</strong></span> <span class='ocrx_word' id='word_1_795' title='bbox 2770 5659 2941 5713; x_wconf 75' lang='lat' dir='ltr'><strong>habet.</strong></span> 
     </span>
    </p>
   </div>
   <div class='ocr_carea' id='block_1_108' title="bbox 383 5745 1966 5815">
    <p class='ocr_par' dir='ltr' id='par_1_108' title="bbox 383 5745 1966 5815">
     <span class='ocr_line' id='line_1_108' title="bbox 383 5745 1966 5815; baseline -0.001 -17"><span class='ocrx_word' id='word_1_796' title='bbox 383 5746 492 5799; x_wconf 80' lang='lat' dir='ltr'><strong>suis</strong></span> <span class='ocrx_word' id='word_1_797' title='bbox 530 5748 800 5803; x_wconf 77' lang='lat' dir='ltr'><strong>morietur.</strong></span> <span class='ocrx_word' id='word_1_798' title='bbox 828 5754 875 5799; x_wconf 84' lang='lat' dir='ltr'><strong>ct</strong></span> <span class='ocrx_word' id='word_1_799' title='bbox 911 5747 1123 5815; x_wconf 66' lang='lat' dir='ltr'><strong>iustitia</strong></span> <span class='ocrx_word' id='word_1_800' title='bbox 1162 5746 1289 5811; x_wconf 76' lang='lat' dir='ltr'><strong>iusti</strong></span> <span class='ocrx_word' id='word_1_801' title='bbox 1313 5763 1417 5800; x_wconf 78' lang='lat' dir='ltr'><strong>non</strong></span> <span class='ocrx_word' id='word_1_802' title='bbox 1459 5745 1699 5803; x_wconf 78' lang='lat' dir='ltr'><strong>liberabit</strong></span> <span class='ocrx_word' id='word_1_803' title='bbox 1737 5762 1877 5811; x_wconf 78' lang='lat' dir='ltr'><strong>eum,</strong></span> <span class='ocrx_word' id='word_1_804' title='bbox 1908 5746 1966 5797; x_wconf 82' lang='lat' dir='ltr'><strong>in</strong></span> 
     </span>
    </p>
   </div>
  </div>
