2018 3207
4 2507 34 2523 ι.

13 2527 22 2541 1

210 180 264 210 ’133
914 178 1092 211 DIOPTRA.
1785 181 1841 214 73⁵1

209 231 378 271 circumfert.
400 239 451 259 nec
473 232 575 260 dormit
588 238 618 260 ul
638 241 700 265 nos,
717 241 767 261 nec
788 234 926 262 rhonchos
945 241 1001 263 tra-
1018 238 1038 266 Δ
1054 238 1220 270 diversatus,
1238 243 1335 273 quarta
1356 238 1416 265 luce
1435 245 1515 265 mane
1536 244 1697 274 exsurgens,
1718 239 1842 272 domum,

210 277 325 317 hitzsed
339 277 497 312 lampadem
512 278 650 311 accendit,
663 283 701 312 et,
717 280 887 313 utprudens,
900 281 926 307 in
938 288 1002 308 vase

211 323 302 357 oleum
325 321 358 350 ad
382 322 500 350 salutem
524 323 618 355 habet,
644 324 717 358 quod
749 329 791 351 cst
814 325 1002 354 misericordia

212 376 276 410 erga
287 375 435 404 pauperes,
450 376 484 396 ex
496 368 630 396 charitate
641 373 668 396 et
680 370 856 397 miseratione
869 371 1004 399 adversus

212 422 271 446 eos,
293 419 323 442 ut
340 413 382 440 fas
397 417 451 446 est,
468 414 604 443 exsistens
618 424 625 443 :
642 419 670 442 et
689 421 800 448 paratus
815 421 867 448 est,
885 422 913 444 et
935 418 1002 444 citra

210 456 437 493 ‘dortnitationem
460 461 566 495 vigilias
582 461 647 496 agit.
663 461 750 496 Atque
767 461 812 488 hic
835 462 929 489 beatus
943 470 1002 489 scr-

213 511 267 535 vus
291 503 446 538 appellatur
467 503 501 532 “.
520 504 573 537 Qui
595 510 686 532 autem
710 497 906 540 prociastiuat,
929 507 1002 534 iudi-

209 558 283 586 gnus
301 554 353 583 est,
376 554 405 577 et
424 550 516 578 miser.
532 550 593 578 Vita
608 551 666 578 haec
688 551 716 578 in
733 552 847 586 actione
866 558 1002 586 versatur,

223 600 354 632 tanquam
366 603 503 625 mercatus
516 597 628 633 quidam
648 598 670 629 ·,

250 649 319 685 Quia
339 649 423 684 igitur
435 653 574 678 mercatus
588 655 639 683 est,
661 652 737 679 lucra
754 657 799 681 tua
816 659 931 680 sectare.
949 654 1001 680 Fu-

210 699 277 726 mea
301 695 359 722 vita
380 703 430 730 pro
454 696 560 723 meritis
580 697 690 731 praemia
720 698 836 732 singulis
856 699 1002 732 persolvet.

211 740 255 774 lbi
275 740 416 775 voluptate
438 740 590 775 potientur,
611 746 747 777 quotquot
767 743 812 770 hic
834 743 948 778 vigilant
966 752 971 769 :
989 751 1004 770 e

209 785 335 819 diverso,
352 787 503 821 punientur
514 792 650 822 quotquot
660 788 704 815 hic
715 789 819 816 inertia:
831 797 863 816 ac
880 790 1004 824 languori

213 839 245 859 se
271 831 388 864 dedunt.
412 832 540 859 Excitare
559 833 685 867 proinde,
709 834 799 869 vigila,
825 842 934 861 semove
955 835 1005 862 abs

212 882 243 911 te
262 876 429 910 socordiam.
441 876 596 912 Lugeamus
618 884 751 913 quantum
770 887 915 913 possumus
931 889 937 906 :
954 880 1005 907 du—

209 930 310 957 camus
322 923 441 959 gemitus
457 931 490 951 ex
512 924 568 950 alto
584 912 706 958 pectore.
723 925 757 955 Et
771 912 900 959 quoniam
922 925 1004 952 simul
1022 912 1041 938 Β

209 968 343 1000 vivimus,
365 968 454 997 altera
475 969 590 997 alteram
612 970 770 1002 incitamus,
789 976 815 997 et
829 971 863 997 ad
885 971 1004 1005 opitula-

215 1013 318 1047 tionem
333 1018 458 1045 mutuam
476 1022 651 1042 cxacuamus.
668 1015 735 1042 Nam
749 1017 772 1043 si
790 1021 904 1051 reperta:
920 1016 1005 1044 fueri-

213 1067 276 1088 mus
283 1060 418 1094 remissae,
433 1065 461 1088 et
473 1061 507 1088 ad
524 1068 635 1088 cursum
646 1069 754 1096 segnes,
765 1062 922 1097 frustraque
932 1063 1005 1090 diem

211 1114 247 1135 ex
260 1106 307 1139 die
325 1107 544 1141 transiverimus,
563 1115 597 1135 ex
614 1108 764 1142 improviso
783 1116 857 1135 mors
873 1115 902 1135 ut
918 1109 961 1137 lco
980 1109 1006 1136 in

213 1159 267 1187 nos
279 1153 377 1186 irruet,
392 1153 534 1187 inopinata
549 1158 682 1187 sequetur
696 1153 851 1186 dissolutio,
863 1158 891 1181 et
910 1154 1007 1188 copula

216 1203 312 1232 nostra
322 1199 510 1233 dirumpetur,
520 1199 677 1233 peribitque
689 1199 782 1226 mistio
795 1199 846 1226 ista
857 1199 1008 1226 admirabi—

215 1243 261 1277 lis,
280 1249 310 1277 et
321 1252 379 1278 una
395 1253 460 1280 pars
483 1246 571 1272 nostri
590 1245 642 1272 sub
658 1250 741 1277 terra,
761 1251 793 1272 ut
807 1253 839 1272 ex
857 1250 930 1273 terra
947 1254 1009 1280 pro-

216 1294 311 1323 creata
327 1290 500 1325 relinquetur
517 1299 522 1316 :
543 1291 641 1323 altera,
662 1295 756 1325 utpote
773 1299 862 1323 meus,
885 1291 917 1318 ad
933 1299 1011 1319 mene

214 1337 288 1369 t'tum
304 1340 431 1369 naturam
457 1340 622 1364 revertetur.
647 1336 868 1371 Timendumque
887 1344 922 1364 ne
944 1337 1009 1371 quid

221 1381 455 1417 amtpgtiamttr
470 1383 533 1413 tale,
545 1383 625 1417 quale
640 1383 705 1409 oliui
718 1390 815 1417 passus
832 1387 874 1410 est
889 1383 1008 1414 Levites,

226 1427 329 1462 malum
348 1429 564 1463 intolerandum,
583 1429 766 1464 insperatum,
782 1434 809 1457 et
824 1431 937 1456 omniuo
956 1438 1011 1458 non

224 1471 375 1507 ferendum,
396 1482 459 1508 eum
477 1483 589 1502 uxorem
615 1479 703 1502 morte
729 1476 887 1510 turpissima
909 1475 1011 1508 amisit,

220 1519 294 1548 sicut
308 1519 337 1553 in
346 1520 418 1553 libro
434 1521 561 1551 Iudicum
579 1526 757 1548 memoratur.

254 1579 351 1606 ΛΜΙΑ.
363 1577 471 1612 Quaeso,
485 1578 556 1606 istud
569 1579 637 1605 mihi
653 1579 862 1608 latiusdeclara.
873 1580 1008 1614 Equidem
1025 1576 1047 1608 C

213 1623 365 1652 «historiam
391 1624 464 1651 hanc
489 1631 657 1659 cognoscere
681 1626 774 1660 cupio.
793 1625 840 1653 Sat
856 1626 925 1658 scio,
950 1634 1013 1653 cum

220 1670 318 1703 nobis.
342 1675 404 1698 tum
430 1670 491 1697 aliis
516 1671 657 1704 proderit,
685 1671 896 1707 quibuseunque
922 1672 1013 1699 studio

220 1716 276 1744 erit
292 1715 358 1744 hinc
372 1716 491 1743 ﬂuctum
511 1716 660 1751 colligere;
684 1722 712 1744 et
732 1718 755 1745 is
766 1725 856 1745 sermo
879 1718 912 1745 ad
929 1718 1014 1746 disci-

211 1761 323 1797 .pllnam
337 1762 486 1789 conducet.

254 1815 337 1844 Cum.
352 1816 444 1850 Longa
465 1820 493 1843 et
520 1817 594 1843 varia
607 1822 650 1844 est
666 1818 796 1851 narratio,
815 1821 896 1853 atque
914 1818 1014 1846 idcirco

221 1865 251 1889 et
265 1861 436 1900 cognitione,
450 1866 479 1889 et
490 1862 635 1890 disertiorc
653 1863 747 1897 lingua
768 1864 801 1890 ad
822 1864 1015 1898 explicandum

221 1910 295 1942 eget.
319 1909 370 1934 Ast
382 1914 434 1943 ego
454 1911 572 1942 utroque
594 1908 738 1942 destituta,
758 1908 849 1937 facere
869 1910 952 1937 verba
972 1919 1016 1938 ve-

222 1959 287 1980 reor
291 1971 299 1980 Ι

260 2004 357 2034 Auun.
385 2005 547 2047 Quanquam
576 2015 621 2035 res
644 2013 687 2036 est
712 2009 841 2041 difﬁcilis,
867 2014 895 2036 tu
926 2014 1016 2038 tamen

223 2051 292 2079 mihi
307 2051 394 2087 debes
416 2053 532 2089 obsequi
551 2053 578 2080 in
602 2054 741 2083 omnibus.
758 2054 931 2090 Quapropter
952 2056 1016 2083 tolle

223 2105 326 2126 moras.

261 2152 342 2185 Cano.
356 2152 512 2189 obsequor,
528 2154 601 2188 dico,
613 2160 641 2187 et
654 2156 718 2182 hinc
729 2155 929 2186 ducoinitium.
948 2156 1017 2185 Olim

224 2198 270 2228 vir
295 2200 408 2234 quidam
435 2200 568 2233 lsraelita,
584 2201 672 2228 tribus
685 2202 826 2234 Leviticae.
843 2202 970 2229 habitans
989 2203 1016 2229 in

1055 283 1146 311 redire
1158 283 1255 310 voluit.
1274 283 1375 310 Socero
1391 288 1482 310 autem
1496 288 1607 318 rogante
1619 283 1700 318 ﬁlios,
1716 288 1745 311 ut
1760 285 1845 311 etiam

1054 330 1103 358 illo
1117 329 1161 356 die
1187 337 1280 356 secum
1303 333 1456 360 manerent,
1483 329 1600 356 audiunt
1619 329 1714 361 illum,
1731 335 1843 357 manent
1892 326 1897 329 ’

1055 380 1083 402 et
1099 382 1161 402 cum
1174 382 1207 402 co
1221 382 1251 402 se
1265 374 1366 401 iattitiae
1382 374 1608 407 dedunt.Quiuto
1618 373 1728 401 demutn
1742 375 1787 402 die
1799 383 1846 409 gc-

1053 428 1121 448 nero
1136 420 1187 447 iter
1210 423 1338 454 urgente,
1359 418 1489 454 nullaque
1501 419 1555 454 jam
1570 418 1701 446 dilatione
1721 419 1845 454 interpo-

1055 467 1106 494 sita
1125 466 1158 492 ad
1175 465 1279 492 abitum
1296 464 1484 494 incumbente.
1501 471 1579 491 socer
1593 464 1617 490 ei
1636 464 1795 498 persuadet,
1810 472 1845 491 ne

1052 513 1163 552 jejunus
1188 510 1331 538 discedere
1345 510 1422 537 velit.
1446 509 1586 537 Praudent
1603 516 1656 536 una
1674 516 1794 540 rursum,
1817 513 1846 536 et

1055 559 1180 598 procedit
1198 557 1267 588 dies,
1293 557 1400 591 illisque
1424 556 1494 583 ultra
1515 555 1637 583 debitum
1662 555 1844 586 tardautibus,

1056 604 1155 633 iterant
1171 611 1184 630 a
1200 607 1276 638 patre
1293 602 1340 628 ﬁlii
1352 601 1521 632 detinentur,
1536 605 1563 628 et
1575 601 1619 627 die
1633 600 1714 628 etiam
1730 601 1775 627 illo
1787 608 1846 627 ma-

1055 659 1121 679 nere
1134 649 1347 684 compelluntur.
1361 647 1429 674 Cum
1445 647 1580 682 postridie
1595 655 1675 675 mane
1692 647 1717 673 in
1733 647 1804 673 viam
1816 654 1846 673 se

1057 696 1181 724 conferre
1196 700 1334 731 pararent,
1356 695 1455 721 iterum
1472 700 1551 720 socer
1566 697 1595 719 ut
1616 697 1745 719 maneant
1760 691 1849 726 preci-

1057 742 1110 770 bus
1127 741 1241 768 instare.
1257 740 1357 768 Verum
1374 739 1417 766 ille
1433 738 1607 769 detrectavit,
1625 741 1652 764 et
1670 737 1760 764 alieno
1778 740 1847 763 tem-

1057 796 1123 823 pore
1149 794 1293 822 egressus,
1320 785 1365 811 vix
1388 784 1423 812 ad
1455 784 1586 818 oppidum
1606 783 1690 810 Jebus
1710 782 1847 816 pervertit.

1056 835 1114 863 Jam
1136 834 1177 861 soi
1209 833 1242 860 ad
1273 839 1417 865 vesperum
1438 835 1466 857 et
1491 837 1617 856 occasum
1637 828 1761 863 urgebat,
1786 835 1863 855 cum.

1058 888 1126 913 puer
1141 878 1285 906 consilium
1306 878 1392 909 dedit,
1408 877 1446 903 uti
1466 876 1530 902 illuc
1552 875 1733 901 divertereut.
1746 873 1848 899 Verum

1058 924 1167 951 Levites
1183 931 1216 950 eo
1232 922 1371 950 declinare
1388 920 1486 952 noluit,
1507 918 1580 953 quod
1596 919 1620 945 ei
1635 918 1662 944 iu
1679 917 1781 947 Gabaa,
1801 924 1849 943 ur-

1057 971 1091 998 bc
1107 970 1211 997 munita
1227 973 1255 995 et
1275 968 1363 994 tribus
1377 965 1576 1001 Bcujamiticm,
1599 967 1762 998 pernoctare
1782 962 1851 989 deli-

1058 1016 1183 1042 beratum
1201 1018 1284 1042 esset.
1306 1013 1487 1040 Transierunt
1511 1018 1575 1044 ergo
1587 1010 1681 1041 Jebus,
1704 1008 1851 1036 occubuit—

1058 1070 1112 1097 quc
1134 1061 1173 1089 eis
1189 1061 1229 1087 sol
1247 1061 1322 1095 juxta
1340 1059 1443 1090 Gabaa,
1459 1065 1513 1092 quo
1528 1055 1638 1089 hospitii
1657 1062 1738 1082 causa
1754 1062 1783 1080 se
1805 1062 1851 1080 rc-

1058 1111 1202 1143 ceperuut,
1233 1106 1260 1133 id
1279 1106 1353 1140 quod
1380 1104 1513 1132 maiorum
1540 1102 1722 1129 maximorum
1749 1099 1852 1134 princi-

1056 1156 1135 1190 pium
1160 1154 1221 1180 i'uit.
1250 1153 1336 1186 igitur
1360 1158 1443 1178 senex
1464 1148 1575 1183 quidam
1598 1147 1685 1174 tribus
1710 1145 1851 1180 Epitraiut,

1059 1200 1164 1236 probus
1176 1199 1309 1229 moribus,
1327 1198 1374 1231 qui
1387 1202 1451 1223 tunc
1467 1195 1572 1222 advena
1590 1193 1645 1220 illic
1659 1191 1806 1221 incolebat.
1826 1191 1852 1218 in

1058 1246 1171 1282 publico
1197 1244 1304 1272 sedenti
1335 1248 1498 1272 occurrens,
1524 1247 1588 1266 eum
1617 1239 1730 1268 salutat,
1757 1236 1856 1271 quaerit

1062 1293 1135 1321 unde
1154 1291 1254 1319 veniat.
1273 1290 1352 1322 Quod
1371 1296 1433 1316 cum
1455 1295 1518 1314 mox
1529 1285 1682 1314 didicisset.
1702 1288 1730 1311 et
1749 1287 1779 1310 ut
1796 1286 1855 1309 erat

1058 1339 1172 1374 ingenio
1197 1336 1336 1370 hospitali,
1356 1335 1417 1369 ejus
1442 1333 1572 1360 misertus
1593 1335 1677 1363 esset,
1703 1329 1799 1356 ambos
1827 1328 1854 1354 in

1058 1385 1135 1412 aedes
1157 1391 1222 1411 suas
1246 1382 1353 1414 invitat,
1377 1379 1605 1412 iutroductosque
1622 1376 1741 1410 benigne
1761 1375 1854 1403 habet.

1057 1430 1196 1458 Caeterum
1219 1427 1331 1462 quidam
1354 1426 1489 1460 indigenae
1504 1422 1645 1451 libidinosi
1666 1429 1698 1448 ac
1720 1419 1854 1455 protervi.

1067 1476 1142 1503 hunc
1157 1475 1293 1508 hospitem
1309 1471 1420 1499 lascivis
1441 1469 1529 1497 oculis
1543 1468 1646 1500 intuiti,
1664 1467 1736 1494 iacto
1752 1465 1857 1492 sodali-

1065 1522 1114 1554 tio,
1134 1525 1163 1548 ut
1187 1520 1287 1547 rabiosi
1303 1526 1396 1549 canes,
1412 1517 1533 1551 pulsare,
1551 1519 1579 1542 et
1591 1514 1731 1547 impellere
1746 1512 1856 1547 ianuam

1063 1565 1218 1598 diversorii,
1227 1565 1315 1591 virum
1326 1564 1387 1598 (pro
1398 1560 1514 1595 facinus)
1524 1560 1557 1587 ad
1574 1558 1718 1587 muliebria
1727 1555 1857 1591 patienda

1064 1617 1194 1647 expetere
1211 1620 1218 1638 :
1235 1618 1289 1637 non
1307 1610 1351 1644 jus
1368 1612 1396 1635 et
1408 1608 1457 1639 fas,
1475 1614 1530 1633 non
1552 1603 1675 1638 hospitii,
1694 1610 1748 1629 non
1766 1602 1856 1635 legum

1065 1658 1240 1685 sanctitatem
1262 1654 1393 1682 revereri.
1407 1651 1476 1685 Quid
1496 1653 1528 1678 ad
1542 1651 1599 1677 haec
1616 1657 1701 1676 senex
1715 1648 1816 1681 hospes
1830 1650 1858 1673 et

1065 1701 1219 1730 honestus?
1233 1698 1402 1734 obstupescit
1415 1698 1499 1727 illico,
1510 1703 1564 1722 non
1580 1703 1609 1722 se
1624 1694 1708 1727 capit,
1724 1692 1756 1719 ad
1773 1691 1859 1725 pedes

1065 1749 1292 1778 detestandorum
1320 1746 1430 1773 illorum
1456 1741 1589 1778 procidit,
1612 1744 1745 1775 quantum
1768 1741 1859 1771 potest

1064 1795 1210 1826 obuititur,
1231 1792 1388 1826 hospitique
1401 1796 1450 1816 suo
1469 1787 1625 1815 consultum
1639 1785 1745 1816 volens,
1764 1790 1859 1809 amen-

1067 1848 1107 1868 tes
1122 1841 1183 1867 illos
1198 1843 1286 1873 rogat.
1299 1843 1328 1865 ut
1343 1837 1450 1864 minore
1465 1834 1537 1861 malo
1555 1833 1610 1860 siut
1625 1830 1760 1862 contenti,
1779 1829 1861 1856 relic-

1066 1892 1149 1921 toque
1165 1886 1235 1916 viro,
1245 1891 1294 1911 sua
1311 1883 1363 1910 lilia
1379 1881 1470 1908 adhuc
1482 1879 1599 1913 virgine,
1610 1882 1638 1904 et
1654 1884 1717 1904 eum
1730 1883 1761 1903 ea
1776 1882 1862 1903 uxore

1064 1920 1184 1966 hospitis
1201 1937 1284 1964 quem
1297 1927 1468 1963 quterebant,
1486 1925 1520 1952 ad
1541 1931 1618 1953 suam
1631 1922 1775 1954 libidinem
1789 1920 1861 1948 abu-

1069 1983 1176 2005 tantur.
1201 1976 1243 2003 llli
1270 1975 1318 2002 vix
1343 1973 1408 2000 huic
1428 1971 1501 2006 preci
1523 1973 1659 2000 aunuunt,
1683 1966 1863 2000 mulierisque

1068 2022 1188 2050 castitati
1200 2021 1300 2048 mirum
1317 2020 1346 2046 in
1365 2018 1475 2046 modum
1491 2016 1621 2046 illudunt,
1640 2019 1751 2047 totaque
1767 2015 1860 2043 nacte,

1068 2070 1093 2095 vi
1107 2069 1232 2096 adhibita
1255 2075 1316 2094 eam
1332 2066 1483 2100 deturpaut
1509 2071 1541 2090 ac
1568 2061 1719 2091 defmdant,
1740 2058 1861 2086 vicissim

1068 2115 1172 2142 nefaria
1187 2113 1303 2141 libidine
1326 2119 1385 2138 sese
1405 2109 1581 2143 iuquinantes
1603 2116 1609 2133 :
1632 2111 1661 2133 ut
1678 2105 1786 2132 oriente
1805 2103 1864 2130 sole

1069 2161 1191 2192 dimissa,
1211 2164 1238 2186 et
1253 2158 1287 2185 ad
1300 2158 1413 2193 jauuam
1428 2155 1502 2189 senis
1526 2153 1648 2183 veniens,
1665 2156 1692 2178 et
1713 2151 1771 2177 sive
1789 2149 1862 2176 cala-

1070 2205 1174 2233 mitatis
1195 2203 1394 2238 magnitudine,
1418 2201 1476 2229 sive
1491 2200 1593 2228 doloris
1614 2197 1764 2227 acerbitate
1788 2194 1864 2221 humi

224 2245 313 2281 hiem
338 2247 440 2279 montis
454 2247 596 2282 Εριποίῖη,
613 2255 725 2275 uxorem
741 2248 847 2283 accepi!-
869 2248 1016 2276 Bclhlehe-
1033 2248 1053 2275 Ι)
1068 2253 1169 2283 cadens
1197 2251 1223 2286 (ο
1240 2258 1297 2278 rem
1315 2248 1424 2284 novam)
1441 2248 1533 2275 statim
1555 2246 1673 2273 animam
1703 2243 1804 2271 ibidem
1815 2249 1864 2267 ex-

227 2289 354 2325 mitidem
375 2299 410 2318 ex
429 2292 603 2327 Juda,quam
627 2293 654 2320 in
677 2301 755 2320 suam
771 2294 910 2329 regionem
922 2302 1017 2322 secum

227 2336 318 2364 duxit.
331 2337 430 2366 Mulier
450 2338 591 2373 aliquanto
611 2343 673 2373 post
688 2339 740 2366 icta
754 2339 892 2368 desiderio
918 2348 1018 2374 parcn-

227 2387 287 2410 tum
311 2390 343 2410 ac
368 2384 473 2419 patriae,
491 2391 524 2411 eo
545 2385 661 2417 revenit,
688 2392 721 2412 ac
744 2385 843 2419 perdiu
873 2386 944 2421 apud
971 2393 1020 2413 eos

227 2428 340 2461 mansit,
354 2429 453 2456 diebus
464 2434 574 2457 centum
592 2431 692 2464 viginti
711 2431 922 2460 videlicet.Post
934 2433 1018 2459 mari-

227 2480 275 2503 tus
295 2482 464 2510 consurgens
484 2483 546 2503 cum
571 2477 680 2505 duobus
702 2479 799 2508 asinis.
824 2483 853 2506 et
877 2487 963 2513 pui‘ro
984 2479 1019 2505 ad

227 2520 375 2556 conjugem
391 2520 575 2548 reducendam
595 2528 742 2556 properato
754 2523 821 2550 abit.
840 2523 924 2551 Socer
935 2532 1020 2558 gene—

229 2574 293 2594 rum
320 2572 446 2594 amanter
456 2567 568 2602 recipit.
585 2568 664 2602 Apud
686 2576 767 2602 quem
791 2569 837 2596 ille
857 2574 915 2596 toto
929 2570 1021 2602 triduo

264 2638 299 2660 ’Ψ
312 2637 412 2665 Matth.
437 2645 510 2674 xxuv,
520 2638 567 2666 46.
606 2638 629 2655 ⁸⁵
640 2639 731 2667 Judic.
742 2640 821 2672 ’ΜΛ
840 2648 918 2676 διψι.

1070 2299 1199 2333 spiraret.
1219 2298 1359 2324 inventam
1383 2299 1446 2321 ante
1470 2294 1571 2321 ostium
1596 2294 1732 2326 jacentcm
1755 2287 1865 2315 Levites

1071 2344 1193 2375 dormire
1208 2342 1381 2370 existimans,
1391 2339 1439 2367 ubi
1451 2343 1587 2366 mortuam
1599 2334 1777 2370 cognovit,ut
1791 2335 1863 2362 erat,

1073 2395 1210 2417 mortuam
1230 2391 1356 2425 jumcnm
1369 2387 1509 2422 imposuit,
1531 2386 1698 2416 domumque
1714 2387 1785 2408 onus
1806 2384 1867 2405 om-

1064 2437 1149 2463 .nium
1167 2435 1375 2466 acerbissimum
1391 2432 1519 2469 portavit.
1542 2430 1718 2457 Postmodum
1733 2426 1759 2452 in
1775 2426 1869 2459 partes

1075 2482 1224 2509 duodecitn
1240 2482 1371 2512 divisum,
1386 2480 1418 2506 ad
1434 2482 1655 2512 unamquamque
1672 2473 1772 2500 tribum
1782 2476 1865 2496 uuam

1074 2531 1179 2561 partem
1196 2526 1290 2555 mittit,
1300 2525 1397 2552 nuntio
1408 2523 1532 2558 apposito
1547 2522 1573 2548 iu
1593 2521 1664 2547 hanc
1678 2516 1842 2545 sententiam
1857 2522 1865 2539 :

1075 2571 1146 2598 Nutu
1163 2571 1304 2605 egregium
1321 2570 1421 2598 factum
1436 2569 1482 2602 sit,
1503 2575 1551 2594 vos
1569 2565 1620 2602 ipsi
1635 2563 1820 2593 considerate,
1837 2562 1870 2586 et

968 2709 1107 2740 Scholia.

268 2775 435 2811 'Cbrysost.
457 2775 528 2803 Nam
547 2781 571 2803 et
597 2774 894 2811 homicidu‘quaudiuuiu
910 2774 954 2800 uia
970 2778 1020 2811 est,

229 2814 318 2847 potest
334 2808 438 2847 uisitare
456 2811 587 2847 animum,
610 2815 633 2836 et
650 2808 1022 2847 supplitium“effugio-Ly“

230 2844 324 2874 autem
339 2845 439 2879 iudicis
461 2845 600 2872 arbitrium
613 2845 734 2873 subierit,
753 2844 869 2878 gladius.
891 2844 1022 2877 carnifex.

219 2880 390 2910 .bautlrrum
406 2879 446 2907 illi
458 2880 606 2908 imminent.
629 2879 672 2906 Sic
690 2879 769 2914 plane
788 2883 811 2905 et
831 2885 888 2910 nos,
903 2879 1022 2912 quaudiu

1075 2773 1103 2799 in
1118 2772 1165 2799 hac
1177 2771 1227 2798 uita
1235 2778 1337 2801 sumus,
1346 2769 1453 2796 mutatis
1469 2766 1583 2795 moribus
1591 2765 1765 2801 sempiternas
1774 2769 1867 2801 ρᾳηιισ

1077 2798 1185 2834 euadere
1200 2798 1347 2840 possumus.
1366 2803 1414 2832 Ubi
1432 2804 1492 2840 hinc
1512 2803 1539 2829 in
1552 2801 1608 2828 alia
1626 2799 1673 2826 illa
1691 2798 1750 2828 loca
1767 2798 1869 2833 migra-

1078 2838 1204 2872 vcrimus,
1220 2841 1320 2875 {rustra
1333 2838 1548 2867 lamentabimur.
