2018 3210
200 195 256 229 735

818 195 990 224 ΡΗΠΛΡΡΙ
1012 192 1207 224 SULlTARll

1780 191 1833 223 736

199 250 307 279 sincete
320 248 450 285 iudicate.
462 247 509 276 Sin
521 248 624 275 factum
640 247 692 275 hoc
706 252 801 275 contra
815 247 987 280 Creatorem,
1004 252 1026 279 Α
1043 246 1096 274 Sed
1117 246 1247 281 quoniam
1265 245 1380 273 tribules
1392 244 1487 273 Galaat
1507 245 1589 272 simul
1608 246 1633 272 in
1654 246 1762 281 Maspha
1777 254 1833 274 non

199 300 228 323 et
241 295 438 323 exsecrandum
454 294 542 321 scelus
553 297 606 325 est,
621 293 648 320 in
664 300 736 325 reos,
751 297 781 319 ut
796 300 846 327 par
861 297 912 324 est,
930 292 992 319 viu-

199 342 299 368 dicate.
319 341 357 367 Re
374 339 493 373 cognita,
513 339 571 366 zelo
587 339 716 366 Israelitte
728 338 928 369 accenduntur,
945 345 992 365 co-

199 388 259 423 pias
270 386 429 421 expediunt,
449 385 650 420 quadringenta
664 384 758 416 millia,
770 391 866 411 omnes
879 384 991 411 omnino

200 433 300 463 tribus.
317 435 417 466 praeter
440 430 616 465 Benjamitas,
637 438 754 464 quorum
775 430 992 457 numerabantur

197 478 291 512 viginti
313 477 435 511 quinque
454 476 558 508 millia;
573 479 600 502 et
614 475 780 502 Gabaonitas
800 475 923 509 ejusdem
940 475 990 503 tri-

197 522 249 549 bus
270 522 472 556 septingentos,
493 526 521 548 et
536 521 586 548 hos
601 529 696 548 omnes
714 521 862 548 bellatores
876 521 989 555 peritos,

196 576 227 595 ac
242 568 407 595 funditores.
424 568 477 594 Pro
497 574 571 593 more
586 574 681 593 omnes
699 566 725 592 in
740 566 797 593 Silo
811 567 990 599 conveniunt,

196 614 281 641 Deum
295 614 452 644 consulunt,
471 620 531 647 qua:
549 612 636 639 tribus
651 611 721 639 bello
736 619 865 646 praeesse,
881 617 910 640 et
920 621 990 647 pra:-

196 661 280 687 liandi
295 659 402 686 initiqu
414 659 478 684 dare
499 658 616 684 debeat:
635 666 807 692 responsum,
823 659 921 685 Judam
938 659 987 685 de-

196 705 261 731 bere
276 706 389 738 primam
415 704 622 737 impressionem
640 703 739 729 facere.
760 703 927 738 Confligunt,
943 712 989 730 ea-

195 751 319 783 duntque
337 750 455 783 primum
482 754 579 782 praeter
595 756 671 782 spent
692 749 725 774 de
743 749 879 775 ultoribus
894 750 988 783 viginti

195 796 250 822 duo
269 795 363 821 millia,
385 795 452 821 Tum
478 795 574 820 ﬂentes
595 794 739 820 Conditori
758 795 921 828 supplicant.
942 795 988 820 Al—

196 846 252 867 tera
274 848 343 874 puga
371 840 562 869 committitur,
587 839 741 873 iterumque
763 840 856 866 decem
880 847 906 867 et
928 845 989 866 orto

198 885 282 911 millia
309 885 485 911 Occumbunt.
507 885 600 910 Denuo
624 884 782 911 lamentatio
801 885 826 911 in
849 886 914 917 Silo,
940 886 989 912 de-

196 939 250 957 nuo
270 931 443 964 supplicatio,
468 936 494 957 et
512 930 602 957 denuo
620 936 733 956 conatus
759 931 885 957 ﬂectendi
904 932 987 957 Deum

195 984 244 1010 per
270 976 404 1007 victimas,
433 981 459 1001 et
483 976 621 1002 fructuum
646 976 760 1007 oblatio,
789 981 815 1002 ct
845 977 987 1007 sacriﬁcia,

194 1025 221 1046 et
244 1021 397 1047 oblationes
411 1021 604 1055 aceeptabiles.
625 1021 741 1047 Phinees
762 1021 833 1047 ﬁlius
853 1022 986 1052 Eleazari,

193 1074 278 1100 nepos
303 1066 419 1093 Aaronis
444 1067 522 1100 primi
551 1067 712 1098 sacerdotis,
742 1074 817 1094 sacra
843 1076 987 1102 peragens,

195 1112 348 1139 istiusmodi
373 1119 455 1138 voces
477 1112 655 1141 effundebat:
677 1121 685 1136 ι
706 1112 848 1144 Quomodo
858 1112 937 1139 nobis
951 1113 989 1139 sic

197 1159 282 1184 iratus
299 1158 348 1184 es?
372 1158 412 1183 En
439 1157 559 1184 secunda
586 1158 677 1184 clades
702 1158 787 1191 pritna
805 1166 880 1192 paene
903 1158 989 1192 major

194 1202 304 1229 accidit.
333 1203 398 1229 Nam
426 1210 486 1229 cmn
518 1203 675 1230 ardercnius
701 1203 794 1230 ulcisci
818 1204 926 1238 impios,
955 1202 988 1229 ab

195 1248 263 1280 illis,
291 1248 385 1274 nescio
405 1249 542 1282 quomodo
558 1248 656 1275 iterum
680 1249 742 1275 victi
765 1257 869 1275 sumus.
887 1249 988 1276 Verum

195 1302 254 1327 age,
273 1302 344 1319 nunc
362 1294 436 1324 audi,
448 1298 474 1320 et
491 1293 581 1320 sullicc
596 1294 674 1320 nobis
687 1294 781 1320 robur.
796 1303 804 1318 ι
819 1293 988 1328 Obsequitur

196 1346 292 1365 eorum
320 1339 453 1365 voluntati
479 1339 560 1370 Deus,
590 1343 617 1365 et
639 1339 781 1365 victoriam
807 1339 913 1371 tribuit,
940 1339 988 1373 qui

200 1393 208 1408 (
233 1384 400 1410 voluntatem
418 1384 572 1411 timentium
589 1392 616 1411 se
630 1384 694 1411 facit
710 1385 742 1411 “.
773 1393 782 1409 ι
802 1384 917 1411 Insidias
930 1384 986 1411 cir-

194 1436 256 1454 cum
277 1429 371 1454 urbem
394 1429 495 1460 locant,
513 1430 644 1463 plurimos
662 1430 738 1463 ignes
750 1429 915 1461 accendunt,
931 1430 989 1464 plc—

196 1473 239 1499 nis
253 1473 408 1507 agminibus
433 1475 622 1508 procedentes,
645 1476 798 1510 oppidanos
820 1474 853 1501 ad
870 1483 988 1509 pugnam

193 1519 274 1544 etiam
287 1518 397 1545 tertium
409 1519 533 1551 eliciunt,
559 1527 728 1554 manumque
738 1519 870 1546 acerrime
889 1527 988 1547 conse-

194 1568 274 1595 runt;
298 1571 393 1590 omnes
421 1564 586 1599 Benjamilze,
610 1565 730 1599 quinque
756 1568 784 1591 et
808 1564 903 1599 viginti
926 1565 987 1591 mil-

194 1606 242 1638 lia,
271 1611 298 1634 et
344 1613 453 1634 eentttm
488 1614 619 1643 przeterea
657 1608 731 1635 ferro
771 1608 987 1637 conﬁeiuntur'.

196 1651 328 1679 Undecim
344 1657 434 1680 autem
451 1654 573 1681 tribuum
593 1653 773 1688 quadraginta
790 1653 885 1680 millia.

232 1697 377 1732 Postquam
392 1704 482 1725 autetn
508 1706 604 1726 omnes
617 1698 651 1725 de
670 1699 741 1726 tribu
756 1699 943 1734 Benjamitiea,
959 1703 989 1726 ut

195 1742 316 1769 breviter
344 1743 454 1775 dicant,
478 1752 540 1772 eum
564 1744 728 1778 conjugibus
753 1749 780 1771 ct
796 1744 892 1771 liberis
917 1745 988 1771 bello

195 1790 332 1823 absumpti
350 1795 423 1821 sunt,
445 1794 473 1817 et
490 1790 611 1817 sexcenti
633 1791 765 1818 duntaxat
778 1791 877 1822 relicti,
901 1791 927 1817 in
940 1799 988 1825 pe-

196 1840 264 1862 tram
280 1835 425 1862 Rhemnon
442 1835 636 1870 confugerunt,
651 1836 743 1870 ibique
762 1841 833 1863 totos
847 1844 893 1863 sex
912 1844 988 1863 men—

195 1890 239 1909 ses
265 1883 424 1910 commorati
445 1887 519 1915 sunt,
535 1882 662 1909 undecim
678 1884 767 1911 tribus
785 1884 812 1910 in
827 1884 937 1918 Maspha
958 1892 987 1911 se

195 1928 382 1961 conferentes,
408 1932 435 1955 et
459 1928 675 1956 internecionem
693 1930 801 1963 generis
824 1930 865 1956 sui
884 1937 987 1964 magnae

194 1974 342 2001 calamitati
364 1974 508 2006 ducentes,
532 1973 650 2008 primum
675 1983 756 2001 unam
774 1976 875 2001 tribum
889 1976 987 2010 Benja-

195 2020 314 2046 mitieam
329 2019 444 2050 scilicet,
466 2027 499 2046 ex
515 2020 630 2046 aliarqu
648 2028 762 2047 numero
777 2021 894 2047 deletam
913 2021 988 2046 luxe-

195 2069 269 2092 runt.
286 2064 468 2091 Nihilominus
487 2064 574 2091 adhue
591 2065 685 2091 iisdem
705 2065 768 2092 irati
786 2067 945 2100 conjurant,
960 2069 987 2092 et

195 2109 269 2136 inter
283 2116 312 2136 se
332 2114 442 2143 pactum
460 2109 565 2142 ineunt,
582 2110 619 2136 uti
634 2111 771 2137 nominent
788 2111 985 2145 flagitiosorum

195 2154 305 2180 illorum
331 2155 377 2188 qui
403 2155 429 2181 iu
452 2155 593 2182 Rhemnon
620 2156 819 2190 confugissent,
849 2156 986 2190 quispiam

197 2199 250 2225 sibi
263 2206 393 2233 generum
409 2200 499 2228 facere
511 2202 667 2228 sustineret.
682 2201 749 2228 Cum
766 2209 848 2236 porro
862 2202 986 2228 solemne

195 2243 295 2270 festum
314 2245 339 2271 in
358 2245 414 2273 Silo
430 2247 598 2279 advenisset,
614 2249 646 2275 ad
661 2247 734 2282 quod
753 2255 849 2274 omnes
864 2248 985 2281 undique
1004 2257 1024 2283 ι)
1041 2253 1104 2274 ante
1138 2256 1281 2283 vesperam
1309 2248 1421 2275 domum
1455 2257 1533 2276 suain
1566 2250 1725 2278 revertisset

193 2291 332 2317 ascensuri
353 2298 456 2323 essent,
482 2298 510 2319 et
530 2293 589 2327 lege
613 2293 698 2321 veteri
724 2293 881 2320 Judteorum
904 2300 985 2319 nemo

195 2335 290 2362 abesse
302 2336 335 2363 ab
350 2345 382 2364 ea
392 2339 549 2365 celebritate
562 2344 664 2373 posset,
677 2347 786 2365 rursuttt
796 2346 844 2365 eos
853 2339 899 2373 qui
910 2338 986 2372 prius

195 2382 418 2416 coniuraverant,
437 2389 466 2411 ut
485 2392 546 2411 cum
565 2386 640 2412 nullo
659 2392 778 2419 unquam
796 2385 904 2411 illorutu
926 2392 986 2410 sex-

193 2433 337 2456 centorum
348 2430 508 2459 atltuitatem
522 2431 721 2467 conjungerent
732 2429 875 2466 pmnitudo
889 2430 985 2459 subiit.

182 2533 187 2539 _
231 2498 254 2514 “
266 2498 337 2527 Psal.
348 2507 436 2533 cxuv,
447 2500 490 2528 i9.

1044 293 1236 324 ascenderant,
1253 291 1348 318 datum
1367 291 1499 318 adversus
1516 291 1681 325 Benjatnitas
1693 292 1835 327 jusjuran-

1043 337 1108 364 dum
1121 338 1301 372 negligentes,
1316 337 1410 364 decem
1424 336 1508 363 millia
1519 341 1614 363 contra
1629 345 1676 364 eos
1690 338 1833 372 miserunt,

1044 387 1073 409 ut
1087 388 1215 417 tanquam
1239 383 1365 417 perjuros
1379 390 1475 409 omnes
1499 382 1658 409 occiderent
1672 392 1677 408 :
1697 384 1769 411 solas
1784 392 1834 411 aus

1042 432 1096 455 tem
1119 429 1238 463 virgines
1258 432 1440 455 reservarent.
1455 428 1553 454 Editur
1583 428 1711 455 mandata
1735 430 1833 462 caedes.

1042 479 1069 501 et
1089 475 1185 509 puella:
1199 474 1253 501 illis
1272 478 1426 506 servantur,
1450 481 1546 500 omnes
1570 481 1686 500 nutnero
1702 474 1835 507 quadrin-

1042 525 1141 555 gentat,
1168 527 1237 555 quas
1255 519 1358 547 foedere
1378 520 1450 546 facto
1465 520 1624 554 Benjamitis
1641 525 1757 554 nuptum
1779 523 1835 546 tra-

1042 565 1121 593 dunt.
1138 565 1206 598 Quia
1221 573 1286 592 vero
1302 566 1415 593 ducenti
1425 566 1484 592 sine
1499 565 1631 592 uxoribus
1646 566 1787 592 restabant
1802 566 1835 593 de

1042 612 1096 639 illis
1120 612 1307 638 lsraelitarum
1333 619 1348 638 a
1371 611 1522 647 majoribus
1547 615 1624 643 natu,
1647 611 1748 645 quibus
1770 619 1835 638 cura

1042 662 1100 684 erat
1122 657 1224 684 tribum
1241 657 1447 693 Benjamiticam
1464 657 1496 684 ad
1521 661 1634 684 caeteras
1659 664 1833 691 recuperare,

1043 703 1150 730 tametsi
1176 704 1337 738 juraverant
1358 703 1453 738 generi
1476 703 1514 730 illi
1540 711 1593 729 non
1615 710 1756 737 parsuros,
1782 702 1833 729 alia

1042 749 1189 783 suscipitur
1213 749 1352 783 cogitatio.
1370 749 1516 776 lnveniunt
1533 748 1656 776 modum.
1672 755 1725 782 quo
1751 748 1833 774 etiam

1042 793 1069 820 hi
1088 801 1187 820 uxores
1204 792 1402 827 adipiscantur.
1426 793 1555 820 Mandant
1575 793 1691 827 proinde
1708 792 1772 824 illis,
1791 800 1835 819 so-

1042 838 1131 865 lemne
1149 839 1367 866 auniversarium
1381 838 1440 865 fore
1459 839 1486 865 iu
1504 838 1571 868 Silo,
1590 845 1624 865 eo
1637 838 1833 869 accelerarent,

1041 888 1123 918 atque
1141 884 1211 910 intra
1232 889 1308 918 septa
1326 884 1469 911 vinearum
1491 883 1622 911 insidiose
1636 884 1763 914 latentes,
1781 883 1836 910 vir-

1041 931 1119 964 gines
1140 930 1283 965 indigenas
1302 930 1336 957 ad
1362 931 1462 958 choros
1486 930 1629 957 ducendos
1654 930 1836 965 procedentes

1042 981 1180 1010 raperent,
1201 983 1253 1003 nec
1279 976 1383 1010 plures,
1404 984 1485 1010 quam
1511 984 1561 1010 pro
1587 983 1702 1002 numero
1725 983 1785 1007 suo,
1808 977 1835 1003 id

1040 1026 1092 1052 est,
1117 1022 1262 1053 ducentas,
1289 1025 1436 1055 raptasque
1462 1021 1574 1047 domum
1598 1021 1743 1052 ducerent.
1762 1026 1790 1049 et
1807 1021 1834 1049 in

1041 1067 1216 1094 matrimonio
1231 1067 1282 1092 sibi
1299 1066 1443 1093 haberent.
1471 1066 1499 1093 Si
1516 1073 1612 1093 eorum
1633 1066 1770 1100 cognatio,
1787 1074 1836 1101 pa-

1041 1118 1105 1144 tres,
1121 1112 1230 1142 fratres.
1244 1112 1392 1147 propinqui
1406 1117 1434 1139 et
1449 1112 1530 1139 amici
1544 1111 1617 1139 hune
1629 1117 1736 1147 raptum
1751 1119 1835 1140 accu-

1040 1163 1129 1186 satum
1148 1159 1284 1190 venerint,
1306 1158 1430 1185 dicturos
1461 1166 1514 1185 nou
1546 1158 1648 1185 habere
1665 1166 1693 1185 se
1712 1158 1778 1193 quid
1793 1158 1835 1185 fa-

1041 1203 1115 1230 ciant
1136 1211 1142 1229 :
1160 1210 1209 1229 cur
1246 1202 1406 1237 rogantibus
1428 1210 1483 1230 non
1514 1202 1663 1230 dederint?
1684 1203 1834 1238 legitimam

1042 1249 1222 1275 nihilominus
1256 1248 1437 1280 atlinitatem,
1470 1249 1633 1275 necessitate
1664 1249 1834 1282 probandam

1041 1302 1111 1322 esse.
1125 1294 1300 1321 Metuendum
1317 1294 1403 1325 enim,
1416 1302 1450 1320 ne
1467 1294 1573 1326 miseri,
1592 1299 1698 1320 natura:
1713 1295 1834 1322 stimulis

1040 1339 1157 1370 subacti.
1189 1339 1300 1366 aliunde
1325 1339 1378 1366 sibi
1402 1346 1521 1371 uxores,
1539 1347 1573 1366 ex
1604 1339 1784 1374 alienigenis.
1806 1344 1835 1367 et

1041 1384 1241 1412 incireutneisis
1258 1385 1403 1420 qumsitum
1424 1390 1497 1412 eant.
1520 1384 1566 1411 llis
1593 1385 1675 1412 dictis
1695 1393 1710 1412 a
1725 1386 1830 1420 primo-

1040 1430 1121 1457 ribus
1148 1431 1260 1465 populi,
1285 1431 1368 1459 verba
1389 1431 1541 1459 secundum
1564 1433 1778 1467 praeceptionem
1800 1432 1834 1460 ad

1041 1483 1097 1504 rem
1128 1476 1320 1510 conferuntur,
1348 1477 1513 1512 rapiuntque
1534 1477 1586 1505 sibi
1614 1485 1648 1505 ex
1678 1477 1736 1505 Silo
1768 1486 1835 1506 uxo-

1041 1530 1095 1554 res,
1121 1522 1201 1549 tertia
1218 1530 1291 1557 pars,
1309 1523 1434 1557 inquam,
1450 1530 1546 1550 eorum
1562 1524 1610 1558 qui
1630 1524 1712 1557 stragi
1737 1532 1835 1558 supcr-

1041 1567 1160 1598 fuerant,
1187 1571 1341 1602 iterumque
1359 1568 1569 1602 Bcnjamiticum
1594 1576 1681 1603 genus
1697 1569 1835 1596 instaura-

1042 1615 1110 1642 tum,
1126 1617 1153 1638 et
1166 1611 1200 1639 de
1215 1612 1322 1647 integro
1331 1620 1365 1640 ex
1379 1613 1516 1640 sexcentis
1530 1613 1583 1640 illis
1594 1618 1704 1640 auctum
1716 1619 1769 1645 est.
1785 1614 1833 1641 ubi

1041 1665 1139 1684 uxores
1154 1657 1258 1692 adepti,
1275 1663 1304 1684 ut
1318 1657 1421 1685 dictum
1444 1663 1496 1691 est,
1510 1658 1607 1686 liberis
1621 1666 1732 1693 operam
1748 1659 1833 1687 dede-

1042 1707 1118 1735 runt,
1138 1703 1277 1737 urbesque
1291 1708 1319 1730 et
1331 1704 1442 1731 castella
1455 1704 1538 1731 multa
1552 1709 1778 1732 construxerunt.

1077 1748 1143 1775 Rem
1161 1753 1264 1783 gestant
1281 1748 1330 1775 tibi
1348 1753 1431 1776 totam
1450 1750 1577 1784 exposui,
1598 1755 1626 1777 et
1638 1751 1834 1784 demonstravi,

1039 1798 1172 1828 quantum
1195 1794 1232 1821 sit
1247 1794 1273 1821 in
1288 1802 1322 1821 eo
1342 1795 1418 1827 mali,
1437 1796 1459 1822 si
1471 1796 1541 1830 fquis
1562 1797 1634 1831 quod
1659 1798 1685 1824 in
1708 1798 1835 1825 manibus

1040 1838 1133 1871 habet,
1159 1840 1279 1874 segniter
1300 1844 1407 1867 tractet.
1433 1841 1516 1869 Vides
1541 1843 1614 1870 enim
1634 1847 1676 1870 ter
1697 1843 1834 1871 infelicem

1041 1885 1116 1911 illum
1141 1885 1292 1916 viatorem,
1319 1885 1346 1912 iu
1371 1891 1440 1921 quot
1463 1886 1636 1915 incommoda
1661 1896 1694 1915 ex
1718 1889 1835 1924 segnitie

1039 1931 1202 1963 incurrerit,
1218 1931 1319 1958 amissa
1339 1939 1435 1963 uxore,
1456 1937 1545 1960 morte
1567 1933 1766 1968 indignissima,
1788 1943 1836 1962 ex-

1040 1975 1179 2010 citataque
1195 1976 1267 2003 inter
1280 1976 1369 2004 tribus
1381 1976 1446 2004 belli
1459 1977 1587 2005 incendio
1602 1979 1719 2007 exitiali.
1731 1980 1752 2007 Δ
1764 1980 1835 2007 scin-

1040 2022 1096 2049 tilla
1118 2024 1211 2057 ρωρῑι,
1231 2023 1302 2050 etin
1328 2023 1415 2050 facem
1433 2024 1566 2057 excrevit,
1590 2030 1732 2061 totumque
1749 2034 1834 2060 genus

1039 2066 1115 2094 arsit.
1144 2066 1238 2094 Mutuo
1257 2068 1331 2094 enim
1354 2066 1382 2094 in
1402 2075 1432 2095 se
1460 2068 1647 2102 insanientes,
1671 2073 1699 2097 et
1722 2075 1835 2097 ruentes

1040 2115 1135 2138 mutuo
1161 2112 1344 2139 trucidarunt.
1372 2112 1426 2140 Sed
1453 2113 1508 2140 hoc
1538 2113 1645 2141 facinus
1673 2114 1700 2150 (0
1726 2115 1832 2142 cladem

1040 2156 1218 2191 insperatam)
1235 2157 1318 2185 unius
1340 2157 1461 2185 hominis
1475 2158 1581 2185 desidia
1595 2166 1627 2186 ac
1651 2159 1777 2187 remissio
1792 2160 1834 2187 in-

1042 2202 1124 2230 vexit.
1140 2202 1167 2229 Si
1184 2203 1257 2230 enim
1272 2202 1338 2230 hora
1358 2203 1437 2231 tertia
1450 2204 1582 2231 voluisset
1603 2204 1694 2232 itineri
1709 2213 1738 2232 se
1757 2205 1834 2236 dare,

1749 2258 1835 2278 :nec

1043 2293 1166 2321 cedendo
1196 2295 1285 2321 soceri
1314 2295 1460 2329 precibus,
1483 2300 1511 2323 et
1526 2303 1634 2330 semper
1666 2297 1836 2323 remanendo

1042 2343 1147 2366 tantum
1165 2340 1272 2367 malum
1296 2345 1323 2368 et
1346 2348 1442 2375 passus
1462 2341 1570 2372 fuisset.
1584 2347 1613 2368 et
1629 2342 1691 2369 aliis
1709 2341 1830 2368 creaviso

1040 2389 1092 2418 set,
1108 2385 1159 2412 sibi
1184 2386 1314 2420 primum,
1331 2386 1449 2415 subinde
1471 2387 1610 2417 tribubus,
1627 2391 1655 2413 et
1668 2385 1827 2420 Benjamitis

1040 2434 1158 2459 maxime

930 2570 1070 2601 Scholia.

232 2630 381 2658 ‘lsidorus.
399 2631 450 2664 Qui
462 2631 531 2658 enim
549 2632 712 2666 grauioribus
727 2637 802 2659 erant
815 2633 917 2659 astricti
927 2640 984 2658 sce-

194 2666 300 2702 laribus,
311 2669 336 2692 et
357 2666 431 2700 longe
446 2668 590 2701 majoribus
606 2675 635 2693 eo
650 2668 718 2702 quod
730 2673 865 2702 patratum
876 2673 944 2697 erat.
957 2671 986 2693 ut

194 2700 255 2728 ωλι-’ἰ
267 2709 298 2728 ac
313 2701 463 2727 innatantes
476 2700 510 2728 ad
524 2702 620 2729 caedem
635 2700 751 2736 fratrum
766 2711 875 2729 suorum
892 2710 986 2728 ascen-

192 2736 290 2771 άερᾳηι
304 2737 451 2763 unanimes.
467 2736 559 2763 Verum
568 2738 728 2771 experientia
740 2738 885 2763 didit-erunt
900 2736 985 2763 illud:

196 2779 207 2796 ί
231 2770 385 2805 Hypocrita,
410 2771 472 2805 ejice
495 2770 609 2806 primum
629 2773 729 2798 trabem
746 2773 777 2798 de
791 2772 866 2798 oculo
885 2776 940 2802 tuo,
963 2775 987 2797 et

194 2809 256 2841 tunc
270 2807 411 2841 perspicies
425 2812 452 2833 ul
466 2808 560 2833 educas
571 2808 698 2841 festucam
712 2807 743 2832 de
754 2807 829 2833 oculo
842 2807 933 2840 fratris
949 2807 988 2832 tui

196 2838 304 2874 (Matth.
323 2838 372 2873 vn,
391 2842 428 2874 5).
453 2851 462 2866 ι
489 2838 688 2868 Namimdecim
713 2842 795 2867 tribus
807 2838 867 2867 cum
892 2850 907 2867 η
934 2841 988 2868 Deo

195 2872 372 2908 desciviuent,
392 2872 484 2903 etcum
510 2876 587 2903 idolis
608 2876 747 2910 fornicum:
774 2881 867 2908 essent,
885 2878 916 2903 ab
934 2885 987 2903 una

1039 2632 1108 2658 tribu
1118 2631 1224 2657 deuictw
1232 2634 1304 2662 sunt,
1316 2629 1447 2664 simulque
1458 2629 1567 2656 victores
1579 2628 1697 2662 funditus
1710 2631 1831 2658 exstincti

1058 2667 1185 2693 εῖδει-νηί.

1039 2676 1185 2702 perierunt.

1076 2703 1095 2713 "
1114 2701 1258 2734 Chrysost.
1286 2699 1386 2725 Prioris
1411 2699 1480 2734 enim
1507 2698 1649 2727 delictum.
1677 2701 1830 2733 posterioris

1041 2736 1129 2763 cautio
1144 2732 1185 2769 ﬁt,
1205 2735 1228 2761 si
1248 2734 1427 2769 attendamus.
1452 2732 1547 2769 Nonne
1567 2734 1637 2760 vides
1662 2732 1791 2768 quomoda
1806 2740 1830 2761 et

1040 2767 1150 2801 matres,
1174 2774 1234 2795 cum
1258 2768 1358 2802 ﬁliolus
1372 2767 1522 2798 praecedens
1538 2767 1626 2802 lapsus
1638 2767 1727 2802 futril,
1737 2770 1760 2796 si
1771 2770 1832 2796 sub-

1040 2812 1150 2838 sequens
1165 2812 1268 2839 quoque
1286 2803 1410 2839 labatur,
1421 2802 1515 2829 durius
1533 2811 1593 2829 tum
1607 2803 1755 2839 t'erberant,
1768 2805 1830 2831 sub-

1037 2836 1159 2875 jicientes
1171 2836 1185 2865 ’;
1194 2847 1246 2865 non
1263 2836 1367 2864 videbas
1381 2837 1457 2875 illum
1468 2841 1497 2875 te
1506 2838 1701 2875 antecedentem
1717 2839 1810 2875 cadere
1818 2839 1831 2864 ἔ)

1040 2872 1170 2909 quomodo
1185 2878 1212 2899 tu
1225 2880 1328 2908 quoque
1343 2872 1475 2899 cecidisti?
1488 2881 1540 2900 mm
1562 2873 1670 2900 vidisti?
1681 2882 1734 2901 non
1751 2873 1829 2900 habet
