2018 3207
184 184 239 217 737

915 177 1094 209 DIOP'I‘RA.

1770 177 1825 208 738

217 240 356 271 Numerus
364 239 490 267 omnium
501 237 591 265 inhoc
599 237 673 265 bello
688 243 832 268 caesorum,
843 243 877 264 ex
890 237 975 264 unde—
989 237 1014 267 Α
1028 237 1090 271 γῆς,
1104 243 1120 262 a
1141 239 1212 261 terra
1225 237 1273 261 :ct
1289 241 1390 268 corpus
1416 233 1498 261 simul
1517 233 1604 268 magis
1622 233 1761 270 magisque
1784 234 1826 262 in-

183 288 239 316 cirn
259 285 372 323 quidem
398 285 529 313 tribubus
550 276 731 319 quadraginta
756 282 852 314 millia,
877 287 978 316 praztcr

183 333 261 362 viros
273 332 356 362 labes
369 331 485 359 Galaad.
501 331 540 358 Ex
554 331 610 357 sola
627 333 719 356 autem
740 328 813 354 tribu
826 328 978 363 Benjamin,

185 379 250 408 mali
267 378 430 406 auctoribus
441 396 448 408 ,
464 375 588 411 exceptis
613 375 794 406 mulieribus,
809 374 936 405 ancillis,
952 378 980 401 et

185 424 279 460 pueris
292 444 299 456 ,
320 422 419 457 viginti
440 421 564 456 quinque
586 420 681 453 millia,
701 424 728 446 ct
746 424 868 446 centum.
889 418 980 445 Usita-

187 475 245 499 tum
266 473 310 498 est
332 468 406 496 enim
429 467 556 502 inprimis
577 466 727 500 Scriptura:
756 465 863 493 Veteris
885 463 981 491 Testa-

185 515 285 548 menti,
307 514 337 542 in
353 512 566 542 enumeratione
589 511 699 547 generis
713 515 741 538 et
759 510 926 546 genealogia:
941 509 981 536 vi-

186 570 234 591 ros
248 560 452 592 tantummodo,
467 567 523 587 non
545 559 629 586 etiam
654 558 781 590 feminas,
801 564 855 583 non
881 563 982 591 pueros

186 614 238 634 seu
250 613 342 633 mares
353 612 401 633 seu
417 603 542 632 femellas
557 610 711 630 recensere.
725 602 806 630 Viros
821 602 904 636 igitur
921 601 982 628 illos

186 651 408 683 connumeravit,
420 650 468 685 qui
483 649 627 677 manifeste
644 649 672 676 in
690 648 756 676 viris
774 652 927 684 ponuntur.

186 753 318 785 Remis“,
334 756 359 780 et
380 753 407 779 in
429 753 542 786 peccatis
565 753 647 779 vitam
664 751 795 785 agitantes
813 750 916 786 erebus
932 751 983 777 Im-

226 790 316 815 manis
340 785 444 815 duriter
466 786 646 821 violenterque
665 787 797 812 excedere.
816 785 895 812 Secus
914 786 983 812 acci-

223 823 286 850 dere
306 823 350 854 iis,
377 823 421 857 qui
451 822 485 848 ad
513 829 630 856 superna
657 822 747 857 animo
774 825 798 847 et
825 821 984 855 cogitatione

224 857 354 889 emersi,
366 857 468 884 vivendi
483 857 599 883 rationes
618 857 646 882 in
661 856 755 882 melius
770 859 946 882 commutant.

225 914 411 949 Quamobrem
439 913 462 941 si
486 921 529 940 me
553 913 648 945 audis,
673 914 832 948 neutiquam
860 912 983 944 dim-res,
998 904 1022 934 Β

190 960 423 996 quemadmodum
441 959 545 991 Levita,
560 960 718 993 neutiquam
736 959 782 985 tali
799 959 983 993 procrastina-

189 1006 265 1034 tione
282 1011 371 1033 utere.
388 1006 456 1033 Nam
473 1006 494 1032 si
510 1006 583 1033 diem
594 1014 627 1032 ex
642 1005 687 1032 die
702 1006 845 1037 ducamus,
861 1013 983 1040 semper-

191 1059 247 1087 que
262 1051 416 1079 crastinum
435 1051 536 1079 frustra
557 1056 766 1086 exspectemus;
787 1051 917 1085 quoniam
939 1050 984 1077 di-

187 1097 262 1126 versi
287 1105 369 1125 casus
391 1097 476 1125 vitam
502 1102 626 1124 nostram
654 1097 847 1129 circumstant,
871 1102 984 1131 repente

189 1142 301 1172 securis
318 1142 386 1170 lethi
407 1148 572 1178 apponetur,
586 1147 614 1169 et
634 1142 761 1169 arborem
778 1147 808 1169 ut
831 1142 985 1169 infructuo-

190 1194 250 1216 sam
267 1187 402 1215 radicitus
427 1186 598 1222 amputabit;
625 1191 804 1220 nostramque
828 1187 984 1222 colligatio-

190 1241 255 1261 nem
271 1237 336 1260 ante
358 1237 465 1268 tempus
480 1232 623 1264 dissolvet,
645 1237 675 1258 ut
693 1233 836 1267 conjugem
858 1240 872 1259 a
889 1232 983 1259 Levita

191 1278 337 1311 abstraxit.
352 1282 381 1306 et
396 1278 424 1306 in
441 1285 532 1313 pugna
554 1277 676 1304 tribuum
702 1282 741 1305 tot
759 1278 843 1304 millia
860 1282 984 1312 prostra-

190 1323 242 1352 vit.
256 1323 421 1359 Quanquam
443 1323 489 1350 illa
514 1330 661 1358 corporum
687 1324 824 1357 separatio
848 1323 910 1356 fuit,
934 1330 984 1350 nec

193 1370 307 1406 spiritus
329 1370 462 1398 animante
488 1370 642 1404 periculum
667 1369 773 1396 habuit.
797 1369 830 1395 Et
852 1369 983 1403 quoniam

197 1415 291 1455 anima
299 1415 366 1454 mori
377 1423 434 1443 non
447 1419 549 1450 potest,
563 1415 729 1450 supplicium
745 1414 899 1441 immortale
913 1414 982 1446 luet,

196 1460 221 1488 si
239 1468 294 1489 non
311 1468 364 1496 quo
377 1466 449 1489 statu
466 1461 547 1488 debet
564 1469 579 1488 e
596 1468 712 1495 corpore
730 1461 916 1495 emigraverit.
934 1460 984 1488 Ju-

194 1506 299 1533 dicium
314 1506 425 1542 plenum
440 1511 484 1534 est
506 1506 641 1537 horroris.
658 1514 766 1541 pinnam
783 1506 845 1541 quis
863 1507 983 1533 sustine-

192 1551 234 1579 bit
252 1552 283 1579 ’ἲ

230 1605 342 1634 Ultimis
351 1605 430 1634 horis
440 1606 589 1638 currimus.
606 1606 668 1634 finis
682 1611 724 1634 est
737 1607 764 1634 in
775 1607 893 1641 foribus,
909 1614 989 1637 mstas

194 1651 286 1685 adest,
305 1652 377 1680 albae
393 1657 460 1680 sunt
473 1654 609 1688 regiones,
625 1653 679 1680 falx
705 1654 799 1687 instat,
817 1660 924 1690 tempus
947 1661 990 1683 est

195 1697 305 1725 messis.
321 1697 384 1726 Vita
406 1704 500 1725 nostra
523 1702 566 1725 est
601 1698 769 1731 miserrima,
788 1708 879 1727 mores
904 1701 990 1728 infru-

196 1742 296 1770 ctuosi.
315 1741 412 1770 Nescis
433 1751 516 1778 quam
542 1751 611 1770 vana
638 1744 694 1771 sint
715 1744 742 1771 in
765 1745 849 1772 rebus
863 1746 990 1773 humanis

195 1788 299 1815 omnia.
314 1787 442 1816 Nondum
459 1789 531 1816 nosti
547 1791 660 1819 bonum.
677 1790 719 1816 vel
734 1790 792 1825 ipsa
805 1791 989 1819 diuturnitate

201 1835 345 1870 temporis.
361 1835 490 1862 Nondum
506 1836 602 1863 satiata
625 1844 655 1862 es
677 1836 807 1864 videlicet
825 1845 918 1865 rerum
943 1846 990 1865 ca-

197 1877 331 1906 ducarum
351 1886 415 1906 usu.
430 1879 459 1906 Si
475 1879 538 1907 linis
553 1880 616 1907 vita:
630 1884 673 1907 est
689 1880 823 1914 incertus,
849 1882 875 1908 in
895 1882 991 1909 adole-

196 1923 340 1953 ruentibus
359 1925 482 1952 incertus
506 1929 559 1958 est,
591 1925 618 1952 in
640 1926 753 1953 senibus
775 1927 937 1955 manifestus
962 1933 991 1955 et

197 1969 310 1998 minime
325 1969 495 1998 dubitabilis.
515 1970 632 2006 Sperant
654 1972 768 2007 iuvenes
791 1973 825 2000 ad
850 1979 989 2001 senectam

196 2022 227 2043 se
243 2020 444 2051 perventuros;
459 2024 540 2044 senes
554 2016 588 2044 de
606 2017 661 2043 vita
677 2017 801 2053 longiore
818 2019 966 2053 desperant
981 2029 988 2048 :

194 2060 251 2096 jam
271 2062 346 2089 enim
371 2067 472 2089 terram
497 2062 651 2095 intuentur,
666 2066 694 2089 et
714 2071 775 2097 quae
791 2068 900 2092 terrena
923 2073 989 2094 sunt

196 2105 316 2133 maxime
340 2106 495 2142 aspiciunt;
519 2106 592 2133 unde
616 2111 645 2133 et
666 2106 754 2141 γῆρας
773 2112 909 2140 senectus,
932 2110 987 2135 ἀπὸ

232 2177 338 2214 {'7Geu.
354 2181 395 2211 Iit,
407 2178 466 2214 ωε
489 2178 512 2195 ⁸⁸
523 2179 575 2207 lsa.
586 2187 611 2214 v,
624 2179 668 2207 18.

198 2211 222 2228 ⁵³
236 2212 334 2242 latth.
353 2221 420 2246 xxu,
438 2213 482 2241 H.

707 2179 729 2195 δ’
740 2179 819 2206 Rom.
832 2180 901 2212 “,4.
938 2181 1095 2216 '°chr.x,
1119 2183 1164 2210 5i.

1032 285 1208 308 curvescens.
1231 278 1258 304 in
1282 278 1396 304 senibus
1425 278 1532 304 termini
1561 277 1735 306 adventantis
1754 279 1827 306 indi-

1031 325 1104 352 cium
1121 329 1174 351 est.
1189 324 1222 351 Et
1235 324 1347 359 quidem
1364 325 1391 350 in
1408 324 1522 350 humum
1540 324 1613 351 unde
1631 329 1828 359 processerunt

1032 370 1233 405 proclinantur,
1258 377 1340 404 quam
1366 375 1393 396 et
1415 374 1543 404 tanquam
1562 369 1653 396 sinum
1671 375 1826 398 maternum

1037 416 1130 443 subire
1153 415 1287 442 festinant
1303 424 1311 441 :
1326 420 1354 443 et
1375 416 1417 442 lex
1435 415 1516 442 nobis
1538 416 1592 442 lata
1613 420 1711 447 exstat,
1734 422 1762 443 ut
1779 417 1826 451 qui

1033 461 1066 488 de
1086 466 1158 488 terra
1180 466 1261 491 sunt,
1278 461 1305 487 in
1329 465 1429 488 terram
1454 461 1675 488 revertantur”.
1692 462 1826 489 Praeterea

1033 506 1107 540 quod
1139 506 1261 533 senescit
1290 511 1318 532 et
1348 506 1540 537 inveterascit,
1571 514 1656 540 prope
1682 506 1826 533 interitum

1033 552 1110 578 aiunt
1125 559 1197 582 esse,
1218 550 1405 585 quodcunque
1423 551 1488 577 illud
1513 555 1566 577 est.
1581 551 1725 583 Quomodo
1743 551 1828 585 igitur

1035 596 1117 623 etiam
1135 604 1219 623 senex
1242 596 1428 623 deterioribus
1445 596 1574 628 inhatres,
1591 604 1680 630 neque
1706 597 1827 630 prophe-

1035 647 1090 669 tam
1106 642 1183 668 illum
1201 642 1366 669 clamantem
1386 643 1466 669 audis
1482 650 1489 668 :
1506 652 1515 667 «
1532 642 1578 670 Va:
1592 642 1638 676 qui
1653 643 1761 670 trahitis
1776 643 1828 669 ini-

1034 688 1167 722 quitatem
1188 688 1214 714 in
1233 688 1364 715 funiculis
1381 688 1521 719 vanitatis.
1540 692 1567 715 et
1592 688 1671 722 quasi
1689 688 1828 715 vinculum

1035 733 1148 768 plaustri
1163 737 1304 767 peccatum
1322 734 1355 760 ³⁸.
1369 733 1446 759 Eheu
1459 735 1477 741 "
1489 734 1495 759 l

1070 778 1098 804 ln
1113 786 1259 812 quemnam
1274 777 1357 804 alium
1368 778 1470 811 potius,
1482 784 1563 811 quam
1579 776 1605 802 in
1616 784 1666 803 nos
1681 777 1752 803 istuc
1764 784 1827 803 con-

1035 824 1126 851 venit?
1148 823 1227 855 Quod
1245 823 1268 850 si
1288 831 1418 857 pcccans,
1439 827 1520 857 putas
1538 822 1653 848 fortasse
1678 826 1704 848 te
1720 821 1828 848 divinas

1036 876 1144 900 manus,
1159 873 1187 895 et
1209 868 1301 895 faccem
1320 869 1369 894 irae
1388 867 1448 902 cjns
1470 867 1497 893 in
1518 870 1642 893 cxtrcmo
1664 874 1742 900 posse
1757 865 1828 892 eﬂ'u-

1036 922 1112 949 gere,
1129 919 1157 941 et
1172 914 1207 941 ob
1229 914 1300 941 hanc
1316 921 1427 940 causam
1448 913 1544 947 ignava
1563 919 1593 938 es
1612 919 1643 938 ac
1662 916 1764 945 torpes,
1781 911 1827 945 qui

1036 960 1145 987 tandem
1163 967 1225 986 cum
1252 960 1304 986 ista
1330 959 1460 993 opinione
1482 962 1528 984 tua
1553 965 1606 983 non
1625 965 1695 984 caeca
1719 957 1766 984 es?
1785 956 1829 984 Va:
1860 984 1868 990 κ

1037 1006 1098 1038 tibi,
1113 1010 1140 1033 et
1164 1013 1248 1040 stupe,
1266 1005 1318 1031 nisi
1336 1003 1527 1038 paenitentiam
1546 1002 1614 1036 agis.
1630 1002 1756 1028 Divinam
1778 1002 1827 1028 bc—

1035 1052 1197 1086 nignitatcm
1219 1058 1285 1077 cave
1307 1050 1364 1076 ullo
1386 1050 1466 1075 modo
1483 1047 1620 1081 despicias
1633 1057 1638 1074 :
1651 1047 1761 1074 divitias
1778 1047 1828 1073 bo—

1036 1095 1130 1121 nitatis
1144 1095 1165 1110 "
1177 1096 1239 1128 ejus
1255 1094 1415 1127 neutiquam
1434 1091 1565 1126 ncgligas.
1581 1090 1629 1117 Est
1644 1091 1717 1117 enim
1730 1090 1828 1124 longa-

1036 1140 1128 1171 nimis,
1143 1140 1241 1166 ctvult
1259 1143 1285 1165 te
1306 1137 1429 1164 converti

1074 1195 1115 1221 Tu
1135 1199 1227 1221 autem
1241 1201 1295 1220 non
1310 1191 1490 1223 converteris,
1503 1191 1644 1225 magisque
1659 1189 1749 1224 ipsum
1767 1188 1831 1215 irri-

1039 1244 1090 1271 tas,
1115 1244 1143 1266 et
1165 1238 1335 1265 thesaurizas
1360 1237 1408 1264 tibi
1436 1236 1529 1263 futura
1554 1235 1698 1269 supplicia,
1725 1234 1827 1268 quibus

1038 1284 1157 1311 rebelles
1169 1283 1274 1318 judicio
1294 1282 1340 1308 illo
1358 1281 1504 1308 damnatos
1521 1279 1688 1314 puniet

1074 1328 1226 1362 Resipisce,
1238 1327 1320 1362 vigila
1337 1331 1470 1360 quantum
1495 1329 1573 1359 potes
1604 1332 1611 1350 :
1634 1324 1734 1350 stultos
1755 1323 1833 1349 zelus

1036 1374 1134 1409 igneus
1144 1376 1295 1406 exspectat.
1304 1370 1379 1398 Nihil
1391 1370 1490 1397 mirum
1506 1373 1548 1395 est
1563 1376 1730 1403 quemquam
1741 1375 1830 1403 aegro-

1037 1425 1113 1447 tare:
1129 1418 1178 1446 sed
1190 1417 1316 1445 morbum
1329 1416 1407 1443 ﬂocci
1420 1415 1540 1450 pendere

1076 1482 1086 1499 ι
1107 1473 1140 1499 Ει
1159 1472 1328 1498 horrendum
1354 1474 1397 1497 est
1419 1469 1541 1496 incidere
1564 1468 1591 1495 in
1608 1476 1706 1495 manus
1721 1468 1769 1495 Dei
1788 1468 1831 1496 vi-

1039 1519 1132 1546 ventis
1148 1527 1156 1543 ι
1176 1518 1209 1549 ⁵ο,
1228 1517 1363 1551 juxtaque
1380 1515 1458 1542 vivos
1474 1522 1506 1541 ac
1522 1519 1646 1541 mortuos
1671 1514 1832 1549 incorrupte

1000 1570 1022 1601 ρ
1037 1563 1200 1600 judicantis,
1215 1566 1242 1589 et
1256 1562 1356 1595 cuique
1372 1560 1482 1595 dignam
1501 1559 1581 1586 factis
1595 1559 1750 1586 mercedem
1766 1566 1832 1593 per-

1039 1609 1181 1637 solventis.
1197 1608 1304 1635 Etenim
1318 1607 1388 1641 ignis
1404 1610 1446 1633 est
1462 1606 1534 1632 Deus
1549 1605 1584 1637 “,
1602 1605 1672 1639 ignis
1686 1612 1772 1632 urens
1802 1609 1831 1632 et

1037 1657 1196 1684 illuminans
1221 1654 1408 1688 :insipienlcs
1432 1660 1529 1683 urens,
1558 1651 1710 1686 prudentes
1735 1656 1830 1678 autent

1038 1703 1191 1730 illustratus.
1204 1700 1253 1727 llic
1265 1699 1477 1734 appropinquat,
1495 1702 1526 1724 ut
1539 1697 1573 1724 de
1587 1697 1717 1723 omnibus
1728 1697 1831 1731 justam

1036 1747 1132 1782 judicii
1150 1745 1317 1773 sententiam
1338 1744 1409 1769 ferat
1425 1751 1431 1770 :
1451 1747 1479 1769 tu
1498 1749 1564 1768 vero
1582 1741 1725 1772 dormitas,
1743 1739 1831 1774 negli-

1039 1794 1138 1828 gentiae
1158 1790 1334 1820 succumbis,
1352 1788 1459 1816 dormis
1477 1792 1504 1814 et
1537 1786 1732 1817 obdormiscis,
1752 1786 1834 1819 idque

1040 1839 1147 1873 Sponso
1171 1837 1332 1870 neutiquam
1355 1838 1481 1860 morante
1503 1833 1537 1864 “,
1553 1837 1582 1859 et
1607 1836 1702 1866 parato
1727 1831 1776 1858 illo
1797 1830 1832 1857 ad

1040 1885 1152 1919 nuptias
1167 1883 1210 1909 his
1222 1882 1269 1916 qui
1285 1880 1360 1915 digni
1377 1879 1491 1910 fuerint,
1508 1882 1537 1905 tu
1552 1885 1608 1905 non
1626 1878 1712 1904 habes
1726 1880 1831 1904 vestem

1039 1931 1149 1966 dignam
1170 1930 1226 1957 ullo
1240 1928 1324 1955 modo
1340 1927 1362 1942 "
1378 1935 1384 1952 ε
1401 1925 1449 1952 sed
1464 1928 1520 1950 tota
1541 1923 1673 1950 sordibus
1698 1926 1726 1949 et
1742 1929 1837 1949 macu-

1039 1978 1074 2004 lis
1087 1977 1168 2012 plena
1180 1976 1266 2010 jaccs,
1278 1981 1329 2000 nec
1342 1971 1417 1998 ablui
1434 1969 1600 2004 purgarique
1614 1967 1649 1994 ab
1661 1967 1705 1994 his
1719 1966 1832 2012 quaeris.

1039 2011 1142 2050 lterum
1164 2029 1196 2048 ac
1213 2019 1313 2054 sacpius
1330 2017 1379 2044 tibi
1397 2017 1469 2046 dico,
1486 2021 1521 2040 ne
1543 2018 1715 2044 contemnas,
1732 2020 1766 2039 ne
1779 2011 1833 2038 dif-

1041 2066 1122 2097 feras,
1133 2074 1167 2092 ne
1183 2068 1295 2099 peccata
1308 2061 1435 2089 cumules

1078 2112 1167 2146 Prope
1186 2115 1227 2138 est
1245 2109 1292 2144 qui
1308 2108 1424 2144 judicat,
1441 2113 1491 2133 cur
1504 2104 1639 2140 judicmm
1660 2111 1714 2131 non
1737 2103 1833 2136 times?

1216 2182 1237 2197 “
1271 2177 1453 2211 Deut.lv,‘21i.
1486 2174 1509 2190 ⁸¹
1524 2173 1695 2207 Matth.xxv,
1719 2175 1728 2201 l
1752 2181 1832 2209 seqq.

947 2269 1084 2301 Scholia.

198 2331 311 2371 oculos?
324 2332 417 2371 itaque
431 2330 500 2371 quod
510 2329 633 2371 aliiainte
647 2336 694 2371 nos
710 2328 862 2371 ceciderint,
875 2336 927 2355 non
942 2338 987 2371 εο-¹
1000 2331 1027 2360 D

199 2367 255 2394 lum
271 2368 348 2394 uenia
362 2364 410 2393 rios
424 2364 522 2400 privat.
542 2365 565 2391 si
580 2365 608 2391 in
624 2364 716 2390 eadem
732 2364 905 2391 ineitterimus
922 2373 930 2391 :
943 2366 987 2391 scd

198 2402 282 2430 etiam
300 2402 458 2437 supplicium
476 2401 549 2437 nobis
564 2403 653 2437 auget.

221 2443 223 2446 '
237 2439 246 2448 '
266 2433 432 2472 Theologus.
452 2433 608 2472 Aliquando
617 2433 692 2460 dolor
706 2433 836 2468 uoluptati
848 2434 993 2472 prwferen-

199 2471 313 2503 (illest,
329 2476 354 2498 ct
376 2470 468 2498 saltus
493 2471 621 2496 demissus
650 2473 809 2503 acrnttzstus
835 2470 936 2503 pompis
962 2478 993 2496 ac

198 2507 356 2540 spectaculis
368 2527 376 2538 ,
392 2510 417 2532 et
433 2506 498 2532 risui
521 2505 658 2540 inhonesto
686 2502 812 2540 lacrymte
822 2503 974 2540 laudabiles
984 2513 994 2532 :

204 2538 219 2567 ι’
232 2541 296 2574 Quis
309 2543 426 2575 sapiens,
437 2545 460 2567 et
469 2539 595 2573 intelliget
608 2538 682 2572 (Osee
698 2545 753 2575 xlv,
769 2538 810 2569 10)
821 2539 852 2575 ’ti

239 2572 258 2587 ἶ·
278 2572 387 2604 Catenis
409 2577 479 2602 enim
505 2572 615 2602 suorum
639 2572 780 2599 criminum
805 2574 912 2608 quisque
930 2582 993 2600 con-

199 2612 353 2640 ιιι-ἱππίων.

239 2621 426 2681 ἔξςὲἔὲεοει.
456 2645 588 2681 Benignus
599 2646 636 2670 est
655 2642 742 2674 Deus;
758 2641 816 2668 ideo
834 2650 887 2681 itan
900 2645 989 2670 statim

200 2678 383 2716 delinquentes
396 2689 472 2716 ptem:
498 2678 605 2716 multat,
618 2685 708 2716 eorum
724 2678 919 2716 conversionem
929 2713 937 2716 Δ
946 2686 991 2704 ea:-

199 2712 332 2753 spectarir.
347 2712 423 2748 Quod
437 2716 459 2742 si
473 2713 608 2753 nonnullis
625 2712 732 2753 omnino
746 2712 787 2738 hic
805 2713 902 2747 parcit,
923 2713 991 2747 [utu-

201 2747 248 2780 r'tu
259 2751 352 2778 iisdem
358 2747 464 2786 pana!
473 2751 614 2786 atrociores
625 2747 732 2782 inﬂigit.
825 2781 830 2786 _
883 2762 887 2767 .

238 2788 282 2800 ""
297 2781 429 2814 Isido'rus.
439 2785 499 2812 Non
511 2790 545 2817 te,
559 2781 771 2816 homo,'regnum
782 2781 907 2808 caelorum
923 2784 992 2811 inci-

202 2825 244 2850 tat
253 2829 264 2850 :
279 2829 332 2850 non
343 2822 462 2857 gehenna
471 2823 567 2857 terret.
581 2818 642 2857 Non
652 2817 812 2857 aduertimus
823 2825 868 2843 nos
880 2817 990 2845 bestiam

201 2852 408 2885 intmanme'tam
433 2855 553 2886 delinire,
576 2858 601 2880 et
626 2855 654 2881 in
682 2853 769 2888 forma
788 2852 905 2880 humana
930 2861 990 2881 cum

201 2899 323 2928 perverso
335 2892 453 2920 daemone
471 2889 619 2917 colluctari.

1075 2332 1129 2343 "“‘
1138 2330 1357 2366 Chrysostomus.
1369 2332 1426 2359 Non
1435 2336 1471 2359 est
1481 2330 1587 2358 moleste
1601 2329 1736 2364 ferendum
1746 2335 1837 2366 quem-

1040 2367 1113 2402 piam
1127 2364 1304 2393 male‘habere
1319 2375 1328 2393 :
1341 2368 1386 2393 sed
1398 2375 1457 2393 cum
1470 2366 1540 2393 male
1550 2366 1654 2402 habent,
1670 2371 1721 2389 non
1733 2364 1835 2402 curari:

1040 2399 1094 2428 Nec
1109 2401 1265 2436 simpliciter
1280 2401 1412 2428 ulceribus
1430 2402 1551 2436 affectum
1578 2399 1758 2436 lamentantur
1767 2399 1837 2436 Laeti

1039 2436 1077 2462 sic
1095 2432 1192 2462 temere
1211 2436 1345 2470 juventam
1366 2436 1424 2462 sine
1445 2432 1605 2462 medicorum
1631 2433 1748 2470 auxiliis.
1766 2432 1837 2470 Eun:

1042 2479 1121 2506 porro
1141 2471 1185 2506 qui
1198 2468 1314 2502 secatur,
1326 2474 1349 2496 et
1362 2472 1458 2502 uritur,
1471 2471 1505 2506 ad
1520 2470 1665 2506 sanitatem
1677 2468 1781 2493 tendere
1793 2468 1835 2493 di-

1042 2504 1134 2532 cimus.
1148 2505 1191 2532 Ita
1207 2513 1308 2539 quoque
1322 2506 1390 2539 quod
1403 2506 1437 2530 ad
1451 2505 1568 2530 animant
1582 2504 1686 2539 attinet,
1698 2510 1743 2539 nos
1755 2510 1835 2536 gera-

1043 2548 1102 2567 mus
1122 2537 1224 2566 censeo.
1240 2537 1299 2566 Non
1318 2537 1359 2566 eos
1375 2540 1419 2574 qui
1438 2538 1643 2574 tentantur,sed
1660 2537 1706 2574 qui
1729 2538 1836 2574 impune

1043 2580 1149 2610 peccant
1165 2575 1253 2608 lugere
1274 2583 1304 2601 ac
1324 2572 1418 2609 deﬂere
1438 2579 1550 2606 oportet.
1566 2573 1635 2600 Nam
1656 2572 1837 2610 improborum

1045 2607 1397 2644 animadversio,justos'ad
1411 2609 1522 2644 ofﬁciunt
1539 2612 1692 2635 altenlmres
1707 2607 1782 2641 facit.

1161 2645 1385 2680 Chrysostomus.
1402 2644 1528 2680 Fatemur
1538 2644 1654 2680 quidem.
1669 2649 1715 2680 {105
1728 2650 1838 2676 "il'mm

1046 2678 1094 2705 Dei
1106 2677 1267 2715 desiderare,
1282 2680 1327 2706 sed
1345 2687 1392 2714 per
1407 2687 1465 2715 quce
1478 2677 1552 2715 illud
1565 2677 1678 2715 adipisci
1690 2685 1836 2715 queamus,

1045 2715 1118 2741 nobis
1128 2714 1299 2741 sollicitudini
1317 2712 1369 2741 non
1383 2712 1457 2741 sunt.
1471 2713 1545 2745 Quod
1563 2714 1585 2739 si
1606 2713 1677 2738 Deus
1686 2712 1837 2745 inﬂamma-

1045 2754 1101 2775 tum
1122 2750 1243 2776 animum
1263 2754 1357 2779 tuum.
1379 2749 1523 2775 excitatam
1543 2748 1708 2775 uoluntatem
1732 2745 1836 2778 viderit,

1043 2784 1099 2818 ipse
1119 2789 1144 2810 te
1168 2784 1203 2810 ad
1219 2784 1405 2819 perﬁciendum
1421 2784 1539 2819 juvabit.
1569 2783 1612 2819 Art
1629 2788 1681 2819 non
1705 2780 1837 2819 dicentem

1044 2815 1169 2846 audivisti
1185 2827 1194 2846 :
1208 2815 1271 2846 (hi
1286 2819 1385 2845 mundo
1401 2815 1554 2854 pressuram
1567 2815 1706 2854 habebitis,
1720 2817 1744 2840 et
1755 2821 1835 2840 mun-

1042 2854 1235 2915 guaguudebit,
1259 2862 1304 2881 vos
1322 2849 1410 2881 autem
1434 2850 1653 2880 contristabimini
1678 2849 1836 2885 (Joun.xw,

1061 2897 1102 2915 Oi.
1120 2898 1129 2914 ι

1061 2893 1106 2923 5)?
1120 2898 1129 2914 ι
