2018 3207
212 178 265 211 739

840 176 1013 206 PIilLIPPI
1034 176 1230 209 SOLITARII
1787 193 1839 225 τις)

213 239 326 272 repente
337 234 524 269 superveniet,
538 233 604 268 quid
622 237 731 268 tempus
743 233 845 261 frustra
862 233 1003 260 conteris?
1015 235 1042 264 Α
1052 239 1094 262 est
1110 236 1178 263 utile
1189 237 1307 272 judicat,
1326 239 1524 278 hominumque
1539 246 1622 274 vitam
1638 249 1838 283 sapientissime

213 279 317 307 Memor
335 284 395 306 esto
410 286 505 306 eorum
524 285 584 312 qua-
607 279 770 313 patraveris,
786 284 814 306 et
830 279 957 311 emenda,
972 283 999 305 et

213 328 273 351 esto
286 324 330 350 vix
345 324 384 350 tui
402 330 517 354 memor,
529 327 557 349 et
577 326 603 349 te
618 330 697 357 geras
710 323 834 358 provide.
850 322 1000 358 cognoscis

214 368 370 397 veritatem,
384 366 457 393 nosti
476 366 542 401 quid
562 366 669 398 deceat,
693 367 715 394 si
739 371 830 394 tamen
850 367 1002 394 aﬂ‘ectioni-

213 413 264 439 bus
290 412 412 438 animum
433 411 621 438 turbuletttum
644 419 699 438 non
725 412 821 440 babes.
840 412 999 447 Cognoscis,

215 456 448 492 quemadmodum
480 461 623 492 peccatum
657 457 774 484 adducat
806 458 998 492 supplicium:

214 502 309 528 virtuti
335 508 428 529 autem
457 501 582 529 deditum
611 508 684 533 esse,
710 506 805 528 contra
832 502 1000 535 voluptatem

213 550 363 581 comparet.
383 546 423 573 Tu
440 554 522 574 secus
539 546 629 581 egisti,
646 545 728 580 idque
745 546 917 580 insipienter.
934 546 1000 572 Pec-

212 593 282 619 catis
301 592 394 619 dedita
409 600 449 623 es,
466 592 576 619 virtutis
591 592 714 619 studium
728 592 808 626 fugis.
826 591 859 618 Et
876 591 1001 618 deterio-

213 638 292 664 ribus
306 638 418 673 gaudes,
432 638 512 664 bonis
524 637 656 667 abstines,
669 644 759 671 neque
773 636 1000 664 cobabitatricem

215 687 291 709 tuam
309 683 342 708 ad
360 682 454 708 cadent
475 685 565 708 tecum
583 682 730 716 pertrabis.
750 680 813 708 Falx
831 681 935 708 aestatis
951 681 1001 708 ad-

214 728 299 759 volat,
315 727 412 754 mcssis
428 727 523 758 instat,
541 727 617 762 regio
642 727 717 754 albet
741 726 869 753 maxime.
883 726 918 753 Et
931 734 1000 761 quo—

214 773 295 799 modo
308 780 400 799 coram
412 772 510 800 Judiee
520 773 678 807 apparebis,
693 779 754 807 quae
766 772 903 799 fructibus
913 779 999 804 cares,

212 825 274 845 cum
293 825 378 853 opera
397 819 467 846 mala
484 823 547 846 ante
567 823 593 845 te
607 820 679 846 nuda
693 818 822 846 stabunt?
835 826 896 853 qum
910 819 1001 846 omnia

212 863 395 897 exhibebunt,
420 868 447 891 et
469 863 712 896 demonstrabunt,
736 871 908 899 quaecunque
925 865 999 891 clan-

213 909 332 940 destine,
355 917 528 945 quaecunque
553 910 641 945 palam
657 910 817 945 designasti,
834 910 936 944 quibus
952 910 1001 937 de-
1019 901 1039 928 Β

215 955 315 981 teriora
340 961 420 981 nemo
443 955 509 982 fecit
530 955 564 982 ab
581 956 650 982 orbe
667 955 798 982 condito?
812 955 931 990 Tempus
951 955 1001 983 tibi

213 1005 299 1026 restat
319 1000 525 1033 brevissimum,
542 1005 572 1027 ut
587 1009 620 1028 ex
640 1005 754 1035 aspectu
771 1001 942 1028 tabernaculi
961 1002 1001 1029 tul

214 1050 300 1080 patet.
317 1045 424 1073 Etenim
452 1047 633 1078 consenuisti,
653 1051 681 1073 et
705 1046 738 1073 ad
761 1051 863 1074 metam
887 1047 1000 1074 tendis:

217 1100 227 1117 ‹
245 1091 397 1118 Memorare
422 1092 572 1119 novissima
599 1099 656 1123 tua,
673 1097 700 1120 et
717 1099 772 1119 non
794 1092 921 1127 peccabis
935 1093 969 1120 ".
989 1103 999 1118 ι

216 1136 302 1170 Rogo,
318 1136 414 1170 ignava
428 1145 463 1164 ne
479 1137 527 1165 sis.
543 1137 631 1165 Nosce
646 1137 780 1165 Fictorem
795 1142 885 1170 tuum,
901 1142 929 1165 et
939 1138 1003 1173 quis

214 1185 243 1207 te
259 1187 376 1210 mecum,
393 1180 517 1212 domina,
532 1182 716 1216 copulaverit,
731 1187 759 1209 et
781 1190 842 1217 qua:
858 1183 932 1210 inter
951 1190 1003 1210 nos

215 1225 327 1258 ntistio,
347 1229 376 1252 et
403 1226 485 1260 quale
506 1226 579 1254 istud
603 1232 861 1262 temperamentum.
887 1227 921 1254 Et
939 1228 1002 1262 quis

215 1271 353 1303 conditor,
378 1273 441 1307 quis
467 1273 562 1307 judex,
585 1277 613 1299 et
641 1273 799 1300 mercedum
826 1274 1000 1301 distributor;

215 1318 282 1351 Quis
302 1327 392 1352 renes,
410 1320 601 1354 cogitationes,
618 1323 647 1347 et
664 1320 747 1348 corda
766 1320 909 1347 intueatur
920 1320 954 1353 ⁸⁸,
975 1325 1003 1348 et

215 1365 277 1398 quis
308 1372 322 1391 a
347 1365 476 1392 sordibus
499 1370 674 1400 peccatorum
699 1366 833 1393 mundare
859 1366 945 1400 possit
959 1365 1004 1392 "3

215 1409 337 1444 Tempus
352 1416 395 1437 est
409 1410 540 1437 abluendi
558 1415 594 1441 te,
609 1410 643 1438 ad
658 1410 711 1437 hoc
723 1411 799 1437 enim
814 1411 936 1445 spatium
951 1410 1001 1438 tibi

214 1463 375 1483 concessum
387 1461 440 1484 est.
451 1456 512 1484 Noli
524 1457 614 1484 celare
626 1457 745 1492 amplius
757 1464 764 1484 :
777 1456 823 1483 dic
834 1461 862 1484 tu
879 1458 999 1492 primum

214 1505 326 1534 petxata
346 1506 404 1534 tua,
426 1507 456 1529 et
480 1502 590 1530 occulta
618 1506 647 1529 ct
662 1506 772 1537 aperta,
787 1509 837 1529 seu
851 1502 937 1530 verbo
953 1509 1003 1530 seu

213 1552 296 1578 apere
309 1547 468 1579 commissa,
481 1546 587 1581 quﬂms
601 1551 646 1573 ms
657 1545 788 1574 miseram
806 1549 899 1573 tecum
908 1545 1003 1580 quoti~
1015 1564 1037 1597 α

215 1589 259 1617 die
276 1599 356 1618 corru
363 1591 445 1626 Inpia.
459 1591 531 1624 Quid
547 1592 571 1618 si
592 1589 718 1625 rapinis,
734 1590 759 1618 si
772 1590 825 1617 hoc
847 1597 920 1618 nexu
946 1590 1003 1618 sol-

213 1636 290 1664 varis
296 1641 448 1671 antequam
461 1641 637 1668 convertere,
647 1639 678 1663 et
686 1642 703 1663 ι
714 1634 840 1670 principe
852 1634 1003 1668 latronum,

214 1685 247 1707 ut-
260 1679 357 1710 inl‘elix
374 1679 542 1714 mancipium
570 1679 721 1713 abducam,
737 1683 848 1707 tuorum
867 1679 1004 1707 scelerum

209 1725 321 1753 uternis
335 1723 485 1759 impedita?
502 1724 547 1753 Vm
562 1724 625 1757 tibi.
640 1729 772 1759 quantum
790 1728 856 1752 tunc
875 1723 1005 1759 ingemis-

214 1776 274 1796 ωε.
288 1768 357 1796 Cum
371 1769 477 1797 dictum
492 1770 528 1798 sit
549 1778 556 1797 :
573 1778 583 1796 ι
600 1769 675 1803 Quos
689 1770 762 1798 Deus
778 1770 934 1805 cenjunxit,
952 1769 1004 1796 ho-

215 1820 328 1842 molnon
348 1821 461 1850 separet
469 1816 504 1849 ⁵⁷,
517 1825 527 1842 ν
545 1823 614 1845 neve
628 1817 740 1851 penitus
752 1816 896 1851 quisquam
912 1815 939 1843 id
956 1823 1005 1843 au-

213 1860 290 1892 deat,
305 1861 371 1896 quid
389 1861 429 1888 illi
448 1861 504 1895 ﬂet,
518 1862 565 1897 qui
593 1861 714 1889 animam
729 1869 745 1889 a
761 1861 938 1890 tabernaculo
953 1868 1004 1889 suo

215 1913 330 1940 prorsus
357 1907 533 1935 distraxerit?
555 1907 695 1942 quomodo
718 1913 773 1933 non
798 1905 953 1941 suppliciis,
976 1910 1005 1933 et

216 1952 330 1987 quidem
342 1953 474 1981 extremis
482 1952 635 1981 alliciettlri
646 1953 669 1980 si
685 1952 780 1988 igitur,
792 1956 822 1979 ut
833 1952 1003 1985 dicebamus,

204 1997 361 2032 repentina
370 1997 453 2026 nobis
461 1997 600 2033 separatio
614 1997 698 2032 (quod
713 1996 817 2024 utinam
832 2004 867 2024 ne
881 1996 938 2032 ﬁat)
955 2004 999 2024 ac-

215 2041 325 2073 ciderit,
347 2046 377 2070 et
405 2041 468 2068 linis
490 2041 667 2075 improvisus,
681 2041 820 2076 quomodo
843 2041 944 2068 Levitze
968 2049 1003 2068 ex

215 2088 310 2114 animo
335 2094 433 2122 parum
459 2091 565 2115 attento
592 2086 694 2114 factum
718 2091 772 2120 est,
788 2094 869 2122 quam
895 2087 1003 2114 veniam

217 2131 408 2165 consequaris,
423 2131 474 2158 abs
495 2135 520 2159 te
542 2131 652 2166 pendet.

219 2190 222 2193 λ
252 2175 350 2203 Ακιιλ.
381 2175 504 2209 Quonam
532 2181 612 2211 pacto
647 2184 697 2211 ego
719 2177 777 2204 sola
801 2176 899 2204 borum
921 2182 1003 2204 causa

217 2220 299 2246 sum?
312 2225 339 2247 et
350 2221 490 2255 quomodo
505 2228 520 2248 a
533 2229 576 2248 me
589 2221 724 2256 proﬁcisci
739 2221 870 2249 delictum
882 2228 1005 2256 pronun-

218 2263 287 2290 tias?
311 2264 382 2291 alius
408 2270 450 2292 est
475 2266 598 2293 omnium
626 2266 768 2298 Dominus,
789 2266 860 2293 alius
881 2265 1004 2293 omnium

216 2310 370 2344 Conditor;
390 2311 436 2338 ille
451 2312 601 2347 colligavit,
620 2312 666 2339 ille
689 2315 815 2347 separat;
837 2315 866 2338 et
880 2311 928 2339 iile
943 2312 1006 2339 vitae

216 2362 249 2382 ac
260 2357 356 2384 mortis
370 2356 516 2391 imperium
527 2357 611 2385 habet
619 2357 656 2390 5‘;
673 2361 701 2389 et
712 2357 779 2384 huic
793 2356 905 2392 quidem
917 2357 1004 2389 addit,

218 2400 293 2428 alteri
310 2402 416 2435 aufert,
433 2406 461 2430 et
475 2402 550 2438 quod
564 2403 663 2430 melius
681 2407 723 2430 est
739 2402 873 2437 disponit,
885 2405 914 2429 et
930 2402 1004 2437 quod

262 2457 284 2473 “
311 2458 395 2485 Eccli.
424 2466 473 2491 vtt,
495 2459 540 2486 40.

601 2460 623 2475 ¹¹
648 2459 751 2487 Jerem.
775 2466 813 2491 xt,
835 2458 880 2486 20.

215 2490 240 2507 "
254 2492 307 2519 Isa.
326 2501 438 2526 xxxvut,
463 2496 472 2521 ι
494 2502 572 2529 seqq.

617 2495 640 2510 ⁶⁰
662 2495 732 2521 Dan.
759 2501 787 2526 ν,
803 2494 816 2520 ί
834 2501 912 2528 seqq.

940 2458 964 2473 "
979 2458 1116 2491 isa.xt.tn,
1138 2458 1183 2484 25.

967 2493 988 2509 ⁶¹
1007 2493 1077 2520 Psal.
1093 2501 1128 2524 Cl,
1140 2493 1186 2519 25.

1053 285 1132 319 regit.
1149 285 1294 318 Quomodo
1312 287 1396 323 igitur
1412 290 1548 319 insontem
1564 298 1593 320 tu
1611 302 1652 322 me
1668 300 1721 323 tam
1737 298 1837 327 autiac-

1052 335 1240 381 ter‘accusas,
1254 337 1282 360 et
1297 335 1499 368 separationem
1521 346 1536 364 a
1552 343 1578 367 te
1595 341 1664 368 male
1680 343 1746 370 mibi
1766 345 1838 381 obji-

1051 377 1110 403 eis?

1086 423 1169 450 Cano.
1192 424 1301 452 nationi
1324 433 1529 464 consentanea,
1553 437 1581 459 et
1600 440 1664 460 vera
1690 435 1837 464 admodum

1052 468 1184 503 loqueris.
1202 468 1362 499 Terminum
1379 473 1441 501 vita:
1457 475 1529 503 alius
1545 479 1676 506 omttibtts
1691 482 1837 513 emetitur;

1051 515 1122 542 alius
1139 515 1221 543 linem
1248 517 1329 553 hujus
1343 518 1414 547 lucis
1441 526 1613 558 mortemque
1635 525 1789 554 distribuit.
1807 527 1839 555 Et

1051 561 1113 588 aliis
1128 561 1240 596 quidem
1262 569 1349 592 annOs
1372 567 1497 601 apponit,
1515 569 1550 596 ab
1572 570 1634 598 aliis
1650 578 1759 599 rursutn
1782 581 1839 600 am-

1053 613 1140 642 putat,
1158 609 1263 637 utfecit
1275 611 1400 640 Ezechiae
1417 615 1473 649 regi
1488 615 1522 648 ",
1538 622 1566 643 et
1583 618 1708 652 improbo
1730 619 1839 647 Baltba-

1053 661 1098 680 sar
1107 655 1139 681 °°.
1151 655 1208 691 Ego
1221 663 1286 683 vero
1298 658 1432 691 plurimos
1443 660 1518 690 novi.
1544 662 1590 696 qui
1605 670 1717 698 I'Ppenle
1727 673 1839 693 corrue-

1054 707 1117 729 runt
1130 703 1161 729 ’in
1182 703 1251 737 lege,
1267 708 1295 730 et
1313 708 1377 731 ante
1394 705 1498 740 legem;
1513 712 1677 743 rursumque
1701 716 1762 744 post
1779 719 1840 745 gra-

1053 748 1129 779 tiam,
1140 748 1243 782 quibus
1255 756 1369 783 peccare
1380 750 1507 784 contigit,
1522 758 1573 779 nec
1585 752 1613 779 in
1630 753 1699 779 viam
1715 755 1838 785 rediisse.

1053 798 1083 820 ut
1103 793 1131 820 in
1150 793 1311 822 barathrum
1329 799 1356 823 et
1378 795 1545 830 profundunt
1570 798 1735 833 perdltionis
1759 798 1840 826 eadm

1053 845 1130 872 rent;
1156 840 1296 876 vitamque
1319 842 1433 877 probam
1454 847 1483 870 et
1507 844 1649 872 honestam
1675 845 1840 872 omnimodis

1053 886 1216 921 neglexisse,
1239 893 1267 915 et
1295 895 1346 922 pro
1373 895 1404 914 ea
1433 888 1602 916 luxuriosam
1630 895 1658 917 et
1686 891 1838 925 improbam

1052 940 1168 960 antasse.
1185 932 1219 960 Et
1246 933 1304 960 bac
1330 939 1451 961 tremens
1475 934 1558 962 David
1582 935 1706 970 impense
1729 936 1841 972 rogabat

1053 979 1191 1006 clamans:
1209 988 1217 1003 ι
1232 979 1270 1006 Ne
1284 987 1397 1006 revoces
1413 987 1456 1007 me
1469 980 1495 1006 in
1510 981 1624 1008 dimidio
1642 981 1751 1009 dierutn
1765 990 1838 1009 tneo-

1054 1033 1114 1052 rum
1130 1026 1164 1053 σι.
1178 1035 1187 1051 ι
1197 1025 1232 1053 Et
1246 1026 1318 1053 illius
1332 1026 1392 1061 ejus
1408 1026 1536 1054 Salomon
1555 1036 1561 1055 :
1576 1037 1584 1052 ι
1597 1027 1648 1059 Ne,
1665 1028 1764 1063 inquit,
1782 1033 1840 1055 esto

1057 1071 1157 1099 similis
1171 1072 1279 1107 impiis,
1298 1077 1326 1099 et
1342 1072 1455 1107 iniquis,
1476 1081 1527 1100 nec
1551 1073 1629 1100 duris
1645 1074 1740 1106 corde,
1753 1078 1782 1101 et
1798 1074 1840 1101 in—

1053 1117 1312 1151 compatientibus.»
1325 1117 1358 1145 Et
1368 1118 1432 1145 ntali
1445 1123 1572 1154 pereunt,
1585 1119 1696 1154 insuper
1706 1119 1841 1147 mortibus

1054 1163 1231 1196 immanibus,
1253 1169 1280 1191 et
1293 1168 1443 1199 tempestas
1465 1165 1557 1193 veniet
1573 1165 1605 1192 ad
1621 1165 1772 1200 perniciem
1791 1165 1841 1192 im.

1053 1208 1162 1244 piorum
1177 1210 1196 1236 ‘.

1088 1255 1167 1288 Quod
1189 1255 1213 1282 si
1240 1255 1294 1282 vim
1320 1255 1469 1283 verborum
1488 1255 1603 1283 istorum
1629 1263 1711 1283 nosse
1727 1256 1779 1288 vis,
1798 1263 1844 1285 res

1054 1300 1121 1328 mihi
1133 1299 1289 1333 considera,
1303 1300 1534 1334 quemadmodum
1552 1302 1614 1327 cum
1628 1300 1718 1328 verbis
1731 1300 1841 1335 conspi-

1055 1350 1128 1374 rent.
1145 1346 1261 1382 Respice
1276 1346 1449 1381 superiorum
1468 1350 1623 1381 temporum
1643 1346 1779 1379 homines,
1792 1345 1840 1382 qui

1054 1394 1156 1422 mulo
1164 1390 1221 1421 Noe
1233 1394 1361 1420 vixerunt
1377 1402 1382 1419 :
1401 1398 1430 1420 et
1446 1401 1555 1420 rursum
1569 1392 1736 1425 Sodomitas,
1753 1396 1781 1420 et
1791 1392 1838 1427 qui

1055 1434 1139 1466 humo
1150 1438 1272 1474 absorpti
1286 1443 1351 1466 sunt
1368 1446 1430 1466 cum
1447 1438 1549 1471 Chore,
1562 1438 1668 1465 Datban
1681 1442 1709 1465 et
1724 1438 1841 1470 Abiron,

1054 1490 1166 1514 centum
1189 1485 1409 1521 quinquaginta;
1424 1485 1527 1519 quique
1551 1485 1579 1512 in
1599 1484 1749 1512 solitudine
1768 1483 1841 1510 into—

1055 1532 1174 1562 rierunt,
1203 1535 1244 1558 tot
1260 1531 1407 1565 myriades.
1435 1530 1495 1558 Heli
1521 1530 1592 1557 tilios
1620 1530 1686 1557 mihi
1713 1529 1758 1556 hic
1776 1536 1841 1555 con-

1054 1575 1155 1608 sidera,
1175 1575 1292 1603 Pbinees
1310 1579 1339 1602 et
1358 1574 1449 1609 Opbni
1472 1574 1711 1602 sceleratissimos.
1735 1574 1782 1601 His
1810 1579 1838 1601 et

1054 1620 1182 1656 plurimis
1194 1618 1265 1652 aliis,
1279 1627 1397 1655 quorum
1415 1619 1526 1646 nomina
1538 1618 1620 1647 edere
1633 1619 1775 1651 erubesco,
1787 1620 1840 1646 im-

1055 1665 1167 1701 proviso
1180 1669 1208 1692 et
1228 1669 1332 1700 puncto
1355 1665 1487 1700 temporis
1509 1666 1597 1692 emori
1613 1665 1736 1700 contigit.
1752 1665 1804 1697 Tu,
1818 1665 1839 1692 si

1055 1710 1187 1743 volueris,
1203 1711 1316 1738 omnino
1332 1711 1424 1746 plures
1445 1711 1576 1745 reperies,
1594 1715 1622 1738 et
1638 1719 1692 1745 quo
1708 1716 1797 1745 pacto,
1813 1716 1840 1737 ct

1055 1765 1108 1792 qua
1122 1765 1155 1784 ex
1170 1764 1251 1784 causa
1266 1757 1435 1784 interierint.
1452 1756 1645 1784 Verumtamen
1660 1765 1745 1783 unum
1757 1756 1839 1792 quid-

1055 1803 1116 1831 dam
1130 1803 1230 1837 solum,
1246 1803 1320 1839 quod
1336 1803 1420 1831 etiam
1439 1803 1543 1831 Christi
1559 1808 1610 1836 est,
1624 1803 1673 1830 tibi
1691 1801 1793 1830 dicam.
1809 1802 1839 1830 ln

1055 1850 1129 1878 Siloe
1153 1849 1206 1877 ﬁne
1230 1849 1381 1885 improviso
1403 1849 1486 1877 deleti
1511 1854 1576 1876 sunt
1599 1849 1650 1875 viri
1669 1849 1839 1884 pestilentes,

1055 1895 1263 1931 improbissimi,
1282 1900 1307 1922 et
1326 1895 1449 1923 moribus
1466 1894 1631 1927 detestandi,
1651 1899 1679 1921 et
1692 1894 1767 1929 digiti
1786 1894 1838 1927 bis,

1054 1951 1115 1978 quae
1127 1943 1183 1978 jam
1198 1941 1421 1977 signiﬁcavimus.
1437 1940 1483 1968 Sic
1502 1941 1582 1968 docet
1601 1940 1719 1968 Verbum
1735 1941 1762 1967 in
1778 1947 1839 1967 ser-

1055 1989 1184 2017 monibus
1199 1988 1233 2015 de
1252 1987 1413 2022 ptenitcntia
1432 1987 1466 2014 de
1483 1986 1517 2013 iis
1533 1986 1581 2021 qui
1599 1987 1675 2021 lapsu
1693 1987 1779 2014 turris
1792 1994 1839 2013 ex-

1055 2034 1148 2063 stincti
1165 2038 1240 2066 sunt,
1252 2041 1351 2069 genere
1362 2033 1491 2060 Israelita
1506 2031 1600 2059 decem
1616 2038 1645 2060 et
1660 2037 1739 2066 octo;
1758 2031 1840 2067 idque

1055 2085 1168 2117 propter
1198 2085 1308 2116 peccata
1326 2085 1353 2107 et
1375 2079 1486 2111 delicta,
1501 2079 1603 2114 quibus
1618 2078 1730 2106 obnoxii
1745 2085 1840 2113 pinnas

1055 2126 1169 2154 omnino
1183 2126 1329 2154 dederunt.

1090 2172 1125 2200 Et
1142 2173 1194 2199 hoc
1218 2172 1316 2199 addit:
1338 2180 1347 2196 ‹
1367 2171 1396 2198 Si
1423 2171 1614 2205 pmnilentiam
1638 2178 1693 2198 non
1715 2169 1838 2205 egeritis,

1020 2232 1042 2260 Β
1057 2226 1153 2246 omnes
1168 2217 1296 2246 similiter
1315 2217 1441 2251 peribitis
1455 2218 1473 2227 "
1492 2217 1526 2244 “.
1550 2225 1560 2242 ι

1091 2264 1162 2291 Alibi
1177 2264 1200 2279 "
1216 2270 1312 2290 rursus
1326 2263 1469 2297 discipulis
1488 2263 1604 2297 loquens
1620 2261 1741 2290 Verbum
1754 2269 1783 2290 se
1797 2262 1839 2289 vi-

1057 2315 1122 2343 tem,
1138 2309 1200 2337 illos
1212 2309 1349 2343 palmites,
1363 2309 1528 2344 Patremque
1543 2315 1635 2342 suum,
1654 2307 1757 2342 alioqui
1773 2314 1839 2334 eon-

1055 2356 1185 2387 ditorem,
1196 2354 1342 2389 agricolam
1360 2354 1521 2381 nominavit.
1535 2353 1644 2382 Palmes
1654 2350 1772 2380 fructum
1783 2358 1838 2378 non

1055 2402 1161 2434 ferens,
1179 2400 1321 2427 mortifera
1341 2400 1464 2428 sectione
1486 2399 1675 2431 exscinditur,
1697 2397 1727 2424 in
1747 2395 1836 2430 ignem

1239 2458 1261 2473 ⁸⁷
1288 2457 1384 2484 Matth.
1405 2465 1463 2490 xix,
1484 2456 1512 2485 ϐ.
1571 2455 1594 2472 ⁵⁸
1620 2453 1703 2490 Hebr.
1726 2461 1756 2485 ll,
1794 2453 1837 2480 14.

1233 2493 1256 2508 ⁸³
1278 2492 1346 2520 Luc.
1361 2500 1418 2524 xm,
1434 2492 1463 2518 3.
1506 2490 1529 2508 "
1544 2490 1624 2518 Joan.
1637 2489 1710 2520 xv,l.

957 2540 1094 2575 Scholia,

257 2590 263 2598 ⁵
283 2587 334 2620 Qui
348 2589 451 2624 oblique
470 2590 505 2617 ad
521 2590 604 2617 Deum
619 2590 730 2622 accedit,
745 2590 853 2625 ejusque
870 2589 1005 2622 mandatis

216 2622 386 2656 adversatur,
400 2622 434 2651 ad
458 2633 518 2651 eum
540 2625 653 2653 uicissim
671 2625 716 2652 ille
731 2622 835 2657 oblique
857 2625 950 2651 ueniet.
970 2625 1005 2651 Et

217 2659 321 2720 nteit-ilo.
345 2658 385 2685 Ne
409 2659 494 2693 facias
518 2659 603 2691 maia,
622 2665 647 2686 et
666 2667 720 2686 non
745 2664 770 2685 te
785 2660 1004 2694 comprehendent

217 2700 260 2718 ma
294 2712 301 2719 .

217 2700 301 2719 mata.

251 2728 396 2763 Cbrysest.
409 2727 462 2760 Qui
481 2728 511 2755 ob
529 2729 665 2763 pmterita
684 2733 791 2763 peccata
812 2736 903 2762 pinnas
920 2729 1001 2762 dedit,

216 2762 344 2798 uenisque
358 2763 484 2798 dignatus
495 2762 544 2798 est,
559 2764 583 2790 si
597 2771 703 2791 rursum
714 2764 840 2798 peccarit,
854 2764 941 2798 majus
953 2765 1001 2791 sibi

214 2782 344 2831 ἶιῖἆὶἓίῖὢ
355 2782 999 2833 amaram:2:.‘5..’:.;;;;;';a":;;.:;;:

203 2835 293 2869 .lnuto
307 2837 443 2869 peccatum
454 2833 539 2869 minus
556 2834 740 2868 ignoscendum
754 2833 999 2869 judicenter

219 2866 298 2898 enim,
310 2868 332 2894 si
345 2866 474 2894 latronem
484 2872 507 2893 el
520 2866 603 2902 furém
616 2866 849 2903 comprehenderit,
863 2869 997 2904 punilum-

1054 2600 1103 2626 que
1114 2591 1252 2622 dimiserit,
1264 2591 1287 2618 εἱ
1297 2595 1387 2625 postea
1400 2589 1492 2626 eadem
1507 2586 1607 2626 scelerq
1620 2586 1754 2626 admisisse
1765 2587 1835 2626 inve-

1054 2622 1132 2658 nerit,
1156 2625 1231 2660 longe
1251 2622 1372 2652 acerbius
1396 2625 1495 2660 punit:
1514 2622 1726 2657 quandoquidem
1750 2623 1836 2656 priore

1053 2662 1128 2688 venia
1149 2661 1242 2688 melior
1252 2668 1304 2687 non
1320 2662 1412 2687 uasis.

1092 2697 1112 2707 "
1127 2696 1270 2723 Maximus.
1288 2694 1362 2723 Hall
1384 2693 1548 2726 voluntaria,
1563 2692 1743 2720 inualunlnria
1756 2700 1835 2726 gene-

1052 2735 1113 2757 rant
1125 2738 1134 2757 .‘
1152 2739 1204 2758 non
1220 2731 1291 2757 enim
1305 2734 1399 2765 potest,
1420 2730 1465 2764 qui
1481 2730 1605 2765 peccavit,
1619 2728 1737 2762 futurum
1759 2727 1835 2763 judi-

1051 2766 1120 2793 cium
1132 2766 1189 2793 sine
1202 2769 1251 2793 aut
1263 2764 1355 2800 sponte
1367 2772 1423 2800 tua
1440 2765 1481 2791 hic
1494 2764 1690 2800 susceptis,_aul
1705 2766 1835 2800 “trinae:

1050 2809 1097 2828 ctu
1117 2800 1201 2828 illatis
1227 2797 1408 2835 afﬂictionibus
1431 2799 1542 2835 effugere
1561 2797 1573 2826 Ξ
1597 2808 1606 2825 t
1629 2797 1704 2835 [rem
1731 2798 1835 2826 Domini

1049 2835 1172 2870 portabo,
1184 2833 1310 2870 quoniam
1323 2835 1428 2869 peccavi
1445 2833 1468 2861 ei
1482 2833 1576 2870 (Mica.
1594 2843 1643 2865 vn,
1659 2833 1698 2864 9).
1715 2844 1724 2859 ι
