4036 6414
413 322 520 387 ’143

1653 309 2003 372 PHILIPPI
2040 307 2440 371 SOLITARII

3563 301 3670 368 744

415 430 716 485 nebrarum
746 425 801 482 in
835 425 1016 480 lucem
1047 421 1256 494 profer,
1287 431 1348 478 ut
1375 422 1444 479 de
1485 430 1687 478 cat-tero
1729 424 1786 477 in
1834 432 1992 478 tene-
2017 430 2072 490 Α
2096 422 2200 478 sibi
2235 418 2684 492 obsequentium,
2729 417 2825 474 sed
2857 417 3022 473 Petro
3055 415 3425 487 potissimum,
3455 419 3551 489 qui
3587 429 3672 476 ter

415 519 534 574 bris
564 524 914 588 peccatorum
945 527 1010 567 ne
1037 512 1306 566 ambules.
1335 511 1576 576 Etenim,
1606 509 1710 566 etsi
1737 518 1990 565 naturam

415 611 716 666 humanam
746 606 1001 678 gesserit,
1033 604 1504 676 quemadmodum
1535 605 1678 674 gerit
1724 604 1771 658 is
1810 603 1900 658 cui
1935 613 1992 658 tu

417 700 778 772 cogitationes
830 708 950 754 tuas
993 697 1253 752 enuntias
1300 710 1356 752 et
1413 695 1752 759 committis,
1811 704 1994 749 tamen

420 793 684 848 Dominus
709 798 842 845 tunc
873 790 1255 860 inaspectabili
1278 789 1442 844 modo
1466 803 1728 858 praesens,
1753 787 1994 850 veniam,

417 895 472 941 et
501 884 906 939 absolutionem
939 882 1248 952 impertit‘.

491 975 713 1029 Imitare
752 984 1102 1027 mansuetum
1135 970 1417 1031 Davidem,
1453 985 1636 1042 regem
1668 977 1724 1023 et
1753 969 2001 1039 prophe«

417 1077 525 1120 tam
562 1085 575 1120 :
615 1086 632 1119 ι
667 1065 898 1122 Peccavi
929 1065 1163 1119 Domino
1199 1083 1217 1114 ι
1253 1064 1450 1116 clamat
1483 1079 1547 1117 ex
1576 1062 1685 1116 imo
1712 1062 1902 1118 corde.
1932 1061 2000 1117 Et

418 1174 544 1212 mox
598 1159 797 1225 audit;
853 1177 872 1210 ε
939 1157 1006 1212 Et
1054 1155 1320 1210 Dominus
1383 1154 1660 1208 transtulit
1716 1163 1999 1225 peccatum

422 1261 575 1306 tuum
616 1250 684 1315 ⁶⁸,
753 1270 772 1302 ι
831 1249 1082 1304 Nathane
1129 1247 1319 1301 divino
1373 1246 1677 1315 prudenter
1736 1245 1866 1300 huic
1921 1246 1999 1300 rei

425 1343 833 1397 subserviente.
893 1341 1172 1410 Scriptum
1237 1349 1325 1394 est
1377 1355 1451 1392 ει
1519 1339 1617 1393 Dic
1651 1347 1707 1392 tu
1758 1338 2002 1404 primum

427 1433 752 1502 iniquitates
796 1441 941 1499 tuas,
984 1442 1046 1486 ut
1091 1431 1414 1503 justifieeris
1456 1430 1522 1482 “.
1562 1449 1580 1481 ι
1622 1430 1704 1484 An
1749 1429 1897 1484 enim
1956 1427 2002 1482 si

422 1531 480 1578 tu
521 1525 706 1579 dicere
761 1524 903 1578 nolis
928 1564 942 1586 ,
987 1524 1255 1578 Dominus
1297 1537 1392 1576 eas
1424 1537 1532 1576 non
1579 1521 1766 1576 videt?
1811 1522 1874 1574 Et
1907 1521 2003 1591 qui

418 1615 663 1680 tandem,
690 1616 785 1684 qui
820 1615 989 1679 videt,
1025 1624 1080 1668 et
1109 1613 1404 1683 praenoscit
1443 1613 1668 1667 omnia?
1691 1611 1793 1678 Qui
1823 1622 2005 1666 tamen

421 1721 531 1766 non
577 1707 783 1774 absque
843 1706 1052 1774 pudore
1106 1703 1440 1773 temporario
1489 1713 1541 1757 te
1594 1719 1623 1756 a
1673 1701 1861 1756 futuro
1899 1717 2004 1771 pu-

2095 529 2222 569 eum
2251 519 2570 584 negaverat,
2595 511 2780 566 claves
2817 509 2938 565 illas
2965 509 3220 566 caelestes
3243 509 3398 565 dedit
3422 527 3436 564 :
3463 518 3525 564 ut
3555 511 3672 576 ille,

2097 607 2142 662 si
2189 606 2329 661 alios
2381 605 2646 674 deinceps
2693 603 2983 670 cecidisse,
3040 613 3096 658 et
3140 617 3239 673 per
3291 602 3675 673 paenitentiam

2098 697 2468 769 pulcherrime
2533 711 2844 767 resurgere,
2893 695 3258 766 lacrymisque
3300 696 3542 751 maculas
3579 694 3677 750 ab—

2100 790 2276 853 luere,
2307 800 2362 845 et
2393 788 2664 844 violenter
2709 804 2936 858 regnum
2986 802 3286 858 supernum
3337 803 3529 857 rapere
3579 802 3679 842 au-

2100 881 2265 944 diret,
2300 881 2594 935 verborum
2621 879 2840 934 Domini
2884 877 2950 932 ad
2986 894 3066 943 se,
3092 887 3148 934 et
3180 878 3460 948 quomodo
3489 878 3675 932 statim

2102 974 2418 1038 cecldisset,
2460 973 2738 1028 cribratus
2761 981 2822 1026 ut
2850 972 3116 1037 triticum,
3149 987 3382 1040 memor,
3414 980 3471 1028 et
3493 986 3682 1026 exem-

2102 1067 2194 1136 plo
2220 1064 2287 1119 ad
2317 1063 2756 1134 compassionem
2786 1059 3116 1134 promptior,
3147 1065 3316 1137 lapsis
3367 1067 3680 1135 iterumque

2103 1173 2161 1212 se
2196 1155 2562 1226 erigentibus,
2615 1155 2736 1208 sine
2787 1155 3062 1223 molestia,
3107 1173 3172 1213 ac
3211 1169 3466 1229 prompte
3509 1161 3679 1216 cmle-

2104 1260 2240 1304 stem
2271 1249 2495 1319 januam
2532 1249 2913 1303 reseraret‘“.

2175 1342 2375 1394 ANIIM.
2407 1337 2596 1393 Gloria
2635 1338 2748 1392 Deo
2777 1353 2924 1402 meo,
2947 1339 3122 1409 gloria
3153 1341 3376 1399 Christo
3404 1360 3548 1409 meo,
3579 1363 3681 1402 cu-

2103 1435 2191 1505 jus
2248 1432 2542 1487 clementia
2598 1439 2656 1486 et
2709 1431 2972 1502 patientia
3025 1433 3269 1488 nondum
3341 1437 3496 1494 adest
3560 1440 3683 1496 linis

2107 1529 2358 1583 ultimus.

2178 1577 2356 1676 alii;
2392 1618 2665 1685 Quoniam
2714 1619 2884 1689 igitur
2926 1619 3086 1690 plene
3115 1620 3383 1686 didicisti,
3419 1635 3583 1692 quam
3615 1577 3720 1678 ob.

2109 1725 2330 1766 causam
2391 1708 2649 1763 Christus
2698 1707 2922 1762 Petrum
2979 1709 3262 1764 tradendis
3333 1711 3385 1767 ei
3439 1711 3690 1768 clavibus

424 1795 561 1850 dore
607 1795 834 1849 liberari
887 1795 1024 1848 vult.
1077 1792 1278 1849 Fidelis
1325 1803 1411 1849 est
1448 1792 1715 1848 Dominus
1750 1811 1762 1846 :
1803 1793 1846 1847 si
1885 1803 2008 1848 tan-
2043 1800 2082 1855 Β
2113 1801 2338 1870 majoris
2360 1800 2668 1861 mslimarit,
2703 1801 2756 1854 in
2783 1813 2961 1868 eoque
2995 1798 3135 1854 alios
3169 1815 3363 1855 omnes
3387 1801 3692 1871 discipulos

425 1885 711 1940 tummodo
757 1885 1013 1940 enunties
1072 1894 1296 1956 peccata
1355 1892 1474 1950 tua;
1539 1899 1702 1938 omne
1758 1883 2006 1939 debitum

421 1981 664 2034 dimittet
697 1979 817 2043 tibi,
846 1979 991 2033 sicut
1021 1977 1158 2032 dixit
1193 1995 1206 2032 :
1245 1994 1370 2032 nam
1405 1976 1550 2048 quod
1600 1976 2006 2040 manilestatur,

420 2073 585 2126 etiam
617 2071 708 2125 lux
746 2081 831 2126 cst
866 2069 1192 2125 manifeste:
1231 2087 1249 2120 ι
1286 2069 1641 2124 Confitcmini
1677 2069 2007 2122 alterutrum

420 2171 648 2230 peccata
701 2171 906 2225 vestra,
965 2167 1023 2214 et
1055 2171 1210 2215 orate
1253 2176 1355 2230 pro
1405 2159 1665 2223 invicem,
1719 2167 1777 2212 ut
1832 2159 2009 2213 salve-

423 2251 559 2304 mini
693 2269 711 2302 ι

503 2359 522 2391 ι
558 2339 754 2394 Adhuc
787 2347 839 2392 te
883 2338 1179 2403 clamante,
1215 2354 1345 2394 ecce
1375 2339 1573 2394 adsum
1610 2337 1680 2404 θ’,
1722 2357 1740 2391 ι
1780 2337 1858 2392 ait
1885 2338 2008 2402 tibi,

424 2439 480 2483 et
515 2430 803 2500 praevenit.
832 2428 1090 2484 Christus
1115 2429 1260 2484 Deus
1282 2429 1691 2500 appropinquat
1721 2428 1789 2483 iis
1813 2429 2007 2499 magis,

425 2520 519 2588 qui
551 2520 603 2574 ei
632 2519 859 2574 student
898 2535 1022 2573 esse
1070 2520 1328 2589 proximi.
1369 2519 1577 2574 Fidelis
1606 2531 1690 2574 est
1739 2519 2009 2573 Dominus

427 2607 482 2661 in
515 2607 702 2662 verbis
756 2617 814 2663 et
857 2609 910 2662 in
941 2609 1205 2678 operibus
1243 2609 1378 2663 suis.
1413 2608 1534 2663 Alia
1565 2609 1650 2662 via
1684 2608 1818 2662 mihi
1851 2606 2009 2661 beni-

424 2701 689 2768 gnitatem
739 2698 959 2752 Domini
1007 2699 1322 2766 considera,
1375 2715 1482 2770 qua
1526 2700 1888 2770 peccantibus
1921 2700 2005 2770 ja-

424 2803 591 2843 nuam
639 2789 817 2859 aperit
869 2807 882 2843 :
943 2805 1052 2844 non
1093 2789 1242 2844 enim
1291 2791 1447 2859 regni
1511 2791 1778 2846 caelorum
1833 2791 2012 2844 claves

425 2880 587 2935 alteri
652 2880 900 2946 tradidit,
954 2896 1122 2951 quam
1175 2880 1388 2936 Simoni
1439 2881 1626 2948 Petro,
1681 2882 1778 2953 qui
1831 2882 2008 2954 ipsum

425 2981 845 3041 pernegaverat.

497 3063 690 3118 Amm.
717 3063 834 3130 Quo
860 3064 1091 3136 judicio,
1136 3065 1338 3135 quibus
1385 3065 1695 3120 rationibus
1739 3066 2012 3122 adductus

2107 1893 2465 1966 prieterierit;
2503 1893 2745 1948 viriliter
2783 1907 2903 1962 age,
2953 1909 3025 1947 ne
3080 1894 3244 1948 cadas
3292 1893 3498 1948 animo.
3540 1894 3693 1949 Petri

2108 1987 2420 2055 exemplum
2462 1985 2561 2040 tibi
2611 1999 2884 2055 propone,
2940 1984 3035 2053 qui
3095 1984 3233 2038 nihil
3286 1984 3553 2056 neglexit,
3589 2000 3694 2042 nec

2110 2074 2378 2130 dissolute
2401 2075 2515 2146 egit
2541 2115 2557 2141 ,
2591 2089 2694 2129 nec
2724 2090 2841 2127 rem
2883 2073 3198 2128 cunctando
3223 2075 3654 2143 procrastitnvit
3674 2113 3690 2139 ,

2112 2181 2292 2235 neque
2348 2174 2573 2237 propter
2625 2165 2887 2220 delictum
2955 2165 3222 2220 socordia:
3278 2165 3542 2231 indulsit,
3593 2181 3695 2220 nec

2113 2257 2365 2313 dolorem
2416 2256 2758 2327 posthabuit,
2803 2271 2915 2326 quo
2977 2255 3152 2310 multo
3195 2265 3315 2311 erat
3347 2271 3490 2325 opus
3531 2255 3604 2310 ob
3639 2255 3693 2309 id

2113 2352 2274 2422 cujus
2299 2350 2474 2420 gratia
2505 2365 2535 2402 a
2564 2348 2769 2403 divinis
2797 2347 2994 2417 septis,
3025 2357 3082 2402 et
3116 2362 3146 2402 a
3176 2356 3332 2416 parte
3362 2347 3568 2403 Christi
3600 2346 3694 2400 illa

2113 2441 2473 2496 desiderabili
2497 2441 2746 2510 abjectus
2775 2448 2917 2495 erat.
2949 2438 3054 2494 Sed
3078 2439 3368 2495 celerrime
3393 2439 3460 2494 ad
3485 2439 3696 2495 sanita-

2115 2541 2224 2587 tem
2263 2547 2542 2594 reversus,
2576 2540 2634 2586 et
2661 2531 2865 2585 malum
2890 2547 3051 2586 suum
3086 2545 3445 2602 cognoscens,
3483 2539 3543 2585 ut
3572 2546 3699 2586 00!"

2118 2622 2303 2687 datus,
2350 2629 2411 2675 ut
2458 2629 2738 2686 constans,
2778 2629 2838 2675 ut
2878 2620 3053 2676 fidens
3095 2619 3265 2675 animi
3318 2620 3496 2681 miles,
3545 2621 3697 2675 lucta

2120 2712 2480 2768 instauranda
2530 2712 2797 2767 victorem
2823 2728 2983 2767 suum
3009 2713 3177 2768 vicit:
3211 2720 3269 2768 et
3300 2711 3394 2782 qui
3429 2711 3700 2768 adversus

2112 2819 2171 2860 se
2219 2803 2618 2866 insurrexerat,
2655 2816 2781 2858 eum
2825 2805 3121 2874 prostravit
3160 2819 3174 2858 :
3213 2818 3339 2858 nam
3377 2818 3487 2874 qua
3527 2811 3697 2858 nocte

2113 2896 2334 2962 cecidit,
2364 2897 2557 2952 eadem
2580 2896 2886 2952 resurrexit
2909 2895 3020 2949 “‘2

2183 2986 2264 3041 Ne
2300 2985 2535 3056 proinde
2567 2993 2852 3049 cunctare,
2882 2984 2978 3039 sed
3003 2997 3167 3052 quam
3190 2982 3360 3037 habes
3386 2981 3440 3035 in
3459 2995 3694 3051 conspe-

2115 3089 2206 3134 ctu
2239 3081 2410 3139 viam.
2445 3079 2758 3148 ingredere.
2794 3077 2941 3132 Vade
2977 3076 3146 3140 viam,
3181 3091 3304 3144 quae
3336 3086 3387 3129 te
3419 3074 3486 3128 ad
3517 3074 3697 3143 poeni-

429 3163 539 3218 est,
571 3163 630 3207 ut
665 3153 717 3207 id
749 3155 958 3209 faceret
984 3194 998 3217 ,
1049 3165 1105 3208 et
1135 3170 1235 3208 cur
1270 3169 1382 3209 non
1425 3169 1518 3208 eas
1558 3155 1782 3220 dilecto,
1815 3170 1879 3210 ac
1905 3157 2008 3208 vir-

2120 3171 2305 3226 tentia:
2331 3139 2683 3224 altitudinem
2728 3167 2902 3223 ducit.
2932 3167 3018 3228 Et,
3052 3166 3098 3220 si
3129 3139 3301 3230 cadis,
3344 3139 3609 3236 resurgo;
3647 3165 3693 3219 si

431 3243 568 3313 gini,
602 3260 703 3298 cur
748 3260 857 3298 non
903 3245 1074 3298 cliaro
1103 3244 1260 3297 fratri
1315 3243 1563 3308 tradidit,
1614 3243 1822 3299 Jacobo
1860 3245 2012 3300 vidc-

430 3333 581 3394 licet,
613 3341 711 3386 aut
736 3334 856 3403 ejus
888 3332 1238 3402 cognomini?
1281 3333 1467 3398 Petro,
1506 3335 1602 3403 qui
1629 3335 1808 3404 ipsutn
1840 3351 2004 3405 nega-

440 3433 618 3485 verat,
647 3437 740 3477 eas
764 3423 1083 3480 committit.

505 3536 671 3591 Caro.
711 3537 868 3591 Disce
900 3535 1067 3607 igitur
1118 3539 1388 3592 rationem
1420 3537 1543 3608 ejus
1578 3537 1728 3608 quod
1786 3538 2022 3593 interro-

366 3623 369 3627 ’
433 3647 547 3703 gas.
578 3631 647 3686 Et
675 3647 743 3686 ex
775 3645 842 3687 eo
873 3645 1094 3685 rursum
1136 3630 1304 3685 Verbi
1343 3630 1767 3700 propensionem
1807 3630 1873 3684 ad
1906 3629 2012 3683 mi-

435 3719 817 3783 sericordiam,
881 3719 1233 3774 clementiam
1293 3719 1654 3783 inell'abilem,
1709 3719 2016 3773 miseratio—

435 3829 570 3868 num
604 3812 1043 3877 multitudinem,
1077 3813 1282 3881 quibus
1311 3827 1440 3882 erga
1468 3813 1653 3880 lapsos
1692 3811 1890 3876 utitur,
1923 3810 2017 3880 qui

433 3914 519 3961 cst
560 3917 757 3961 natura
803 3904 1373 3968 misericordissimus,
1409 3919 1700 3973 cognosce.
1755 3903 1823 3959 Ut
1851 3903 2005 3958 enim

437 3997 621 4067 lapsos
649 3997 968 4066 lapsurosve
1002 3995 1300 4065 aliquando
1328 3995 1593 4050 liberaret
1644 4005 1702 4050 et
1744 3995 1810 4049 ad
1839 3995 2019 4065 pinni-

443 4089 671 4144 tentiam
719 4105 787 4142 ex
837 4089 1057 4151 timore,
1109 4088 1447 4152 turbatione,
1479 4099 1536 4143 et
1581 4097 1818 4142 tremore
1848 4103 1912 4143 ac
1953 4089 2023 4141 ti-

440 4179 693 4236 miditate
749 4179 1114 4234 animosiores
1169 4179 1451 4244 redderet,
1496 4194 1607 4234 non
1658 4180 1816 4234 alteri
1855 4180 2020 4234 alicui

523 4288 568 4320 “
617 4289 660 4344 ll
687 4291 820 4362 Reg.
844 4291 1051 4356 xn,15.
1142 4291 1189 4324 “
1215 4293 1320 4348 lsa.
1340 4309 1491 4360 mn,
1523 4295 1578 4350 9.
1640 4295 1684 4327 ⁸⁷
1713 4294 1896 4358 Jac.v,
1919 4294 2003 4348 l6.

2118 3262 2355 3323 dormis,
2403 3259 2808 3329 eitpergiscere,
2849 3257 3308 3327 propositumque
3340 3271 3405 3310 ac
3449 3257 3705 3311 volunta-

2120 3362 2230 3408 tem
2263 3361 2414 3406 muta
2459 3352 2511 3405 in
2546 3351 2764 3412 melius,
2803 3359 2861 3404 et
2895 3347 3112 3402 veniam
3154 3347 3482 3417 adipiscare,
3519 3363 3700 3417 quan-

2121 3443 2419 3514 doquidem
2460 3457 2631 3512 penes
2685 3449 2738 3496 te
2775 3445 2892 3508 (aut
2939 3454 3110 3509 penes
3153 3453 3316 3507 quem
3363 3439 3564 3502 alium,
3617 3446 3703 3492 est

2119 3536 2399 3593 Creatoris
2435 3534 2618 3600 venia,
2655 3535 2748 3603 qui
2776 3533 2927 3588 solus
2954 3530 3121 3586 habet
3148 3540 3478 3600 potestatem
3512 3527 3695 3584 dimit-

2114 3630 2263 3686 tendi
2315 3636 2558 3699 peccata.
2599 3626 2700 3680 Hic
2737 3624 2885 3679 enim
2917 3623 3014 3678 abs
3063 3632 3114 3677 te
3171 3623 3614 3686 committuntur,
3647 3628 3704 3674 et

2116 3735 2338 3775 rursum
2390 3719 2490 3773 abs
2538 3727 2589 3772 te
2635 3716 2991 3770 omittuntur.
3053 3712 3155 3766 llic
3193 3711 3598 3775 remissionem,
3647 3717 3705 3763 et

2117 3812 2521 3868 absolutionem
2553 3808 2836 3877 accipiunt
2869 3824 2883 3860 :
2925 3819 3051 3859 nam
3083 3819 3206 3873 qua:
3253 3802 3526 3858 confessio
3559 3800 3702 3870 apud

2121 3903 2362 3960 inferos?
2412 3901 2511 3957 llic
2548 3899 2934 3972 pmnitentiam
2989 3897 3193 3965 arripe,
3247 3902 3304 3950 et
3363 3897 3547 3948 omnia
3599 3889 3702 3945 tibi

2123 3996 2534 4061 condonantur,
2583 4002 2638 4049 et
2694 4002 2828 4047 tunc
2879 3989 3122 4060 claviger
3181 3988 3280 4042 tibi
3330 3988 3555 4059 januam
3611 4001 3702 4040 re-

2126 4087 2355 4143 serabit.

2195 4179 2390 4234 Astus.
2429 4175 2604 4243 Quam
2637 4189 2807 4245 supra
2835 4179 2892 4229 et
2932 4169 3098 4235 infra,
3134 4185 3198 4225 ac
3240 4169 3403 4227 toties
3439 4165 3705 4239 praidieas

2091 4293 2136 4326 ⁸⁸
2166 4293 2270 4347 lsa.
2286 4308 2435 4358 Lvnt,
2451 4291 2506 4346 9.

1960 4406 2239 4468 Scholia.

515 4525 533 4544 ‘
569 4524 835 4595 Chrysost
909 4545 926 4576 ι
969 4525 1096 4590 Quis
1139 4526 1454 4597 gloriabitur
1487 4539 1688 4583 castum
1733 4545 1787 4584 se
1825 4530 2017 4583 habere
2050 4538 2096 4594 ι)
2125 4530 2304 4584 luntas
2337 4517 2466 4582 satis
2514 4533 2612 4597 est,
2656 4540 2761 4594 qua
2797 4519 3259 4597 omnia__expedite
3293 4524 3341 4570 et
3367 4531 3484 4569 cum
3518 4516 3710 4597 uirtute

442 4611 532 4670 cor
555 4613 573 4649 :
607 4603 697 4670 aut
727 4597 843 4664 quis
885 4598 1138 4670 mundum
1171 4613 1226 4650 se
1267 4615 1297 4650 a
1335 4600 1574 4670 sordibus
1611 4600 1766 4653 libere
1792 4598 2011 4670 proﬁte—

443 4666 584 4738 bitur
609 4663 793 4738 _(_Pro’v.
823 4682 910 4728 xx,
939 4668 1007 4732 9;
1042 4666 1137 4738 Job
1169 4683 1280 4730 xw,
1309 4670 1398 4732 ΛΠ
1430 4689 1447 4720 ι
1484 4663 1852 4738 Omncsigitur
1869 4663 2024 4721 mise-

444 4735 674 4787 ricordia
698 4750 928 4807 _egemus
953 4755 970 4790 :
1001 4737 1092 4789 sed
1130 4754 1234 4789 non
1267 4745 1445 4791 omnes
1483 4735 1841 4792 misericordia
1879 4738 2025 4807 digni

446 4820 651 4876 sumus.
689 4804 896 4859 Etenim
930 4823 1235 4876 quanquam
1256 4809 1607 4862 misericordia
1630 4825 1735 4861 non
1759 4804 2030 4871 deestfni-

446 4874 730 4948 nilominus
762 4874 979 4944 dignum
1013 4874 1360 4948 sejpostulat,
1380 4879 1539 4948 juxta
1572 4879 1705 4932 illud
1731 4896 1748 4932 :
1775 4896 1791 4927 ι
1821 4877 2035 4948 Misere-

448 4946 542 4995 bor
579 4947 731 5012 cujus
780 4948 1024 4998 misertus
1063 4947 1257 5015 fuero:
1297 4957 1344 5000 et
1379 4946 1606 5002 clemens
1649 4965 1759 5013 ero,
1800 4948 1884 5000 cui
1930 4947 2035 4999 cle-

449 5029 594 5085 mens
623 5015 766 5085 [uero
798 5016 992 5080 (Exod.
1027 5031 1220 5074 xxxut.
1256 5017 1365 5085 l9).
1407 5037 1425 5067 ι

531 5084 698 5135 Idem.
734 5084 948 5137 Peccato
992 5085 1122 5138 nihil
1156 5084 1422 5140 exitiosius
1452 5091 1782 5143 accusatione
1828 5096 1876 5140 et
1914 5102 2040 5139 con-

451 5151 808 5227 demnatione.
844 5153 1037 5207 Demus
1074 5172 1292 5223 operam
1324 5173 1388 5208 ne
1419 5174 1709 5227 peccemus.
1764 5157 1820 5212 Si
1849 5174 2038 5227 pecca-

367 5292 372 5296 .
451 5223 714 5296 verimus,_
748 5237 945 5296 ne_per
981 5227 1314 5296 negationem
1359 5223 1428 5277 et'
1459 5223 1864 5281 occultationem
1899 5225 2038 5278 male

451 5291 714 5366 commissi
750 5291 1281 5366 nobisipsis’pwnam
1316 5310 1712 5366 exaggeremus.

528 5362 564 5378 "
582 5358 870 5437 Chi-vsust.
888 5358 1123 5430 corpora
1142 5367 1280 5437 enim
1299 5358 1474 5418 morbo
1493 5368 1676 5437 affecta
1694 5384 1904 5434 curare,
1930 5387 2036 5422 non

454 5431 710 5506 estcuivis
740 5429 926 5499 facile:
950 5429 1003 5483 at
1037 5449 1153 5485 vere
1177 5436 1413 5488 animum
1443 5429 1786 5506 aegrotantem
1812 5429 2032 5503 sanare,

454 5501 624 5579 quit-is
655 5503 767 5579 sine
799 5517 989 5568 magno
1016 5507 1218 5579 negotio
1246 5515 1432 5579 potest.
1465 5501 1622 5579 Etad
1659 5511 1890 5577 corporis
1917 5501 2031 5579 qui;

457 5571 573 5620 dem
607 5571 904 5646 adversam
963 5571 1317 5646 ualetudinem
1380 5571 1762 5646 depellendam.
1807 5571 2035 5633 medica-

455 5643 644 5718 mentis
690 5648 737 5692 et
788 5644 1007 5718 pecunia
1051 5660 1181 5709 opus
1216 5653 1340 5714 eaq:
1372 5643 1570 5718 anima
1638 5657 1815 5701 autem
1871 5665 2035 5718 parvo

455 5712 645 5773 pretio,
675 5719 724 5764 et
761 5712 918 5786 nullo
948 5725 1159 5767 summa
1191 5712 1527 5773 convalescit.
1565 5718 1692 5772 Sola
1725 5712 1916 5784 quinae
1944 5736 2033 5772 vo-

2123 4600 2493 4666 conﬁciuntur.
2524 4589 2942 4666 Na'm'confessio
2983 4591 3048 4643 iis
3083 4589 3173 4657 qui
3197 4592 3560 4658 peccat-erunt,
3594 4597 3710 4651 pec-

2126 4664 2370 4724 catorum
2404 4667 2463 4735 [it
2497 4664 2734 4735 abolitio.
3165 4727 3176 4735 _
3275 4707 3297 4726 .
3499 4721 3511 4732 .
3548 4719 3558 4730 .

2312 4727 2578 4792 Isidorus.
2624 4733 2687 4788 In
2730 4739 2999 4804 peccatum
3057 4727 3304 4804 prolapso
3363 4727 3708 4804 perniciosum

2130 4817 2205 4863 est
2238 4824 2341 4861 non
2372 4809 2642 4878 paenitere,
2677 4799 3018 4878 perniciosius
3065 4799 3349 4878 desperare
3373 4800 3710 4878 iuuant—city

2136 4854 2855 4946 illud-agrarian
2885 4881 3101 4946 stupore
3135 4854 3183 4946 e't
3229 4854 3708 4946 stoliditaleproﬁ-

2401 4927 2609 5010 Οτι-ἁνήρ
2637 4927 2814 4998 autem
2851 4927 3114 5010 stoli'ditas
3139 4933 3347 5002 ignavia
3373 4937 3448 5010 est
3487 4927 3712 5010 calami-1

2362 4992 2835 5084 itEiiS'Eiésﬁéﬂnb
2861 4992 3090 5084 ignauia
3121 4992 3193 5084 est
3235 4992 3714 5084 noccn‘t_ior._llu‘d

2354 5065 2566 5158 multi
2579 5065 2663 5158 es?»
2674 5065 3068 5158 immedicabile
3086 5089 3104 5158 ς
3136 5077 3231 5158 hoc
3245 5065 3710 5158 quain—qd:

2807 5148 3098 5224 judicii_csl
3136 5139 3370 5224 corrupti
3393 5133 3713 5224 :rlio‘cjalsce

2991 5211 3205 5284 ignavia
3239 5203 3578 5261 et'stolidilas
3608 5203 3713 5256 duo

2133 5297 2408 5366 infestiora
2445 5296 2612 5348 mala.
2645 5361 2668 5366 _
2791 5361 2802 5366 Α
2895 5360 2912 5366 _
3065 5355 3076 5366 _
3114 5353 3145 5366 _.

2213 5346 2304 5387 “'7;
2318 5346 2608 5419 lsi—dorus.
2632 5353 3145 5427 Ωαοηὶαηιὲτιιιίεδίδίί
3170 5365 3262 5420 Per
3289 5346 3601 5427 εῬίδίθΨΜν.
3615 5357 3719 5413 quo

2143 5445 2191 5489 te
2212 5446 2461 5500 verteres,
2501 5451 2601 5503 quo
2635 5419 2758 5494 iwres,
2785 5419 3070 5503 respondeo
3100 5419 3210 5492 ego,
3237 5419 3314 5503 ad.
3331 5419 3716 5503 poenitentiant:

2304 5487 2574 5577 essein};
2602 5503 2692 5555 tibi
2721 5487 2818 5552 erit
2841 5487 3065 5577 cascelsa,
3101 5487 3147 5577 et
3179 5487 3720 5577 subliritistet—ﬁnris

2143 5554 2656 5647 iiéipltgniibitiius,
2698 5581 2856 5647 atque
2892 5569 2947 5620 in
2996 5554 3209 5620 modum
3259 5559 3490 5612 turrium
3521 5554 3721 5610 altissi-

2147 5650 2243 5702 mis
2271 5645 2518 5715 undique
2548 5645 2896 5696 circumdata.
