2018 3207
155 191 214 223 ’1ιῇ

885 176 1067 208 DlOPTRA.

1751 173 1805 206 745

154 241 363 282 pauitantia»,
386 240 456 268 doce
476 246 520 266 me
543 244 668 273 quamam
694 235 744 268 sit;
766 239 794 261 et
814 233 954 269 quomodo
971 236 994 264 Α
1009 232 1100 266 doque
1116 230 1263 258 concidere
1277 238 1283 256 :
1299 229 1347 257 sed
1361 233 1560 262 occurrere,et
1575 229 1706 264 rationes,
1718 237 1805 265 quan-

157 279 236 320 salus
255 295 316 318 mea
332 287 361 315 in
377 287 430 314 hac
446 286 503 314 sola
521 285 574 312 sita
594 283 642 315 sit,
656 289 760 317 perque
777 288 837 309 eam
854 279 955 310 solam,

157 345 217 367 non
229 343 281 372 per
294 333 373 362 aliud
392 331 565 367 acquiratur.

190 371 280 412 cam.
292 378 463 408 Poenitentia
482 385 497 404 a
518 384 561 404 me
575 375 690 406 dicitur,
709 378 737 401 et
750 377 803 405 est,
817 380 831 399 a
848 371 958 399 diabolo

152 414 197 459 iud
219 427 370 458 Dominum
380 434 434 461 per
449 424 567 452 sudores
585 426 613 450 et
625 421 737 449 labores
750 418 959 447 exercitationis

160 464 281 511 aiicnjus
294 472 434 501 reversio.
444 470 490 498 Ad
507 470 611 498 bonum
629 468 657 495 in
671 466 840 494 abstinentia
856 473 870 493 a
887 465 958 492 malo

160 520 318 552 conversio,
338 525 402 546 cum
424 516 497 553 quis,
519 515 653 543 discussis
677 513 798 541 tenebris
821 511 958 547 pessimis,

161 567 266 603 quibus
286 564 426 593 obnoxius
455 562 610 597 omnigenis
634 559 810 596 passionibus
834 558 958 590 servivit,

163 611 318 642 recurrerit
333 611 368 639 ad
388 610 488 641 Deum.
507 608 543 636 ab
566 608 609 635 his
633 615 695 642 quae
710 610 775 634 sunt
794 609 894 640 praeter
911 612 961 631 na-

163 665 270 692 turam,
293 662 325 685 ut
341 656 475 692 prudens,
489 662 618 682 reversus
633 654 667 680 ad
684 661 716 680 ea
733 660 793 688 qua:
806 650 959 679 secundum

162 711 293 734 naturam
318 709 394 732 sunt.
419 702 481 730 llaec
498 706 540 729 est
564 705 660 736 aperta
679 699 795 727 mutatio
815 699 916 726 mentis
933 702 961 724 et

162 750 349 787 pmuitentia;
369 748 520 780 revocatio,
538 747 704 775 resurrectio
719 754 735 773 a
754 748 867 780 peccato
880 764 887 777 ,
909 752 959 771 seu

163 801 279 833 pactum
297 804 359 824 cum
374 796 431 823 Deo
449 794 512 821 vitae
525 793 658 820 melioris.
675 792 771 819 Sermo
785 796 876 819 autem
894 797 960 824 pro-

163 842 256 877 pheta:
268 845 321 873 est,
337 841 392 867 imo
405 838 565 867 Salvatoris.
578 838 703 865 Postulat
714 837 788 864 enim
800 835 960 863 conversio-

163 895 243 922 uelu,
260 892 294 915 nt
306 890 498 918 convertatur,
514 889 637 912 nostram
656 890 722 918 erga
738 883 838 918 ipsum,
857 886 884 909 et
901 882 960 917 ejus

165 933 200 962 ad
231 941 294 961 nos.
317 932 491 963 Misericors,
513 931 606 965 inquit
629 930 664 961 θν,
689 937 762 961 sum,
790 933 818 956 et
843 928 962 963 diligens

164 979 386 1008 misericordiam
406 984 518 1009 natura,
531 976 709 1012 longanimis,
726 976 844 1010 diligens
855 975 961 1002 viscera

164 1025 378 1057 misericordiae,
403 1024 550 1058 benignus,
578 1022 698 1049 filiorum
719 1028 824 1052 amans,
849 1024 963 1055 paratus

165 1071 293 1100 converti
320 1075 434 1106 propter
463 1069 599 1096 humanas
630 1067 780 1102 nequitias.
807 1066 871 1093 Haec
904 1065 963 1100 ipsa

165 1119 250 1147 etiam
276 1117 362 1145 David
389 1115 619 1151 psalmographus
645 1114 762 1142 scribit:
783 1123 791 1139 ι
810 1112 923 1140 Declina
948 1120 963 1139 a

138 1155 146 1166 ’
165 1165 252 1197 nale,
271 1168 301 1191 et
315 1163 357 1190 fac
375 1163 479 1190 bonum
494 1162 517 1178 7°
534 1162 552 1188 ‘.
575 1170 584 1186 ι

201 1210 304 1239 Fertne
315 1210 413 1237 eadem
428 1208 529 1236 Paulus
543 1207 577 1235 ad
593 1208 733 1234 Romanos
746 1207 872 1234 scribens
888 1214 964 1233 man-

167 1257 245 1285 davit
257 1257 294 1284 ⁷⁸.
310 1255 435 1283 Membra
450 1260 541 1282 vestra
556 1253 723 1282 exhibuistis
735 1253 768 1280 ad
785 1253 963 1281 serviendum

168 1302 302 1338 peccatis,
329 1301 463 1334 membra,
493 1301 616 1335 inquam,
644 1299 747 1337 Christi
779 1300 878 1334 capitis
903 1307 963 1327 om-

170 1349 264 1381 nium.
277 1348 381 1377 Verum
397 1355 459 1383 age,
469 1351 560 1382 aptate
573 1355 605 1374 ea
617 1346 652 1373 ad
669 1346 847 1374 serviendum
862 1346 963 1373 Verbo.

172 1393 427 1428 Quomdocunque
442 1397 471 1420 et
491 1392 555 1419 huic
574 1392 695 1419 serviant
719 1392 854 1419 membra.
879 1392 964 1418 Porro

174 1438 221 1466 vir
235 1438 346 1473 quidam
367 1438 530 1474 spiritualis,
551 1437 643 1464 animo
667 1438 795 1470 ferventi,
815 1438 849 1465 ad
870 1437 964 1464 Denti-

174 1491 243 1510 num
260 1491 356 1511 rursus
377 1483 416 1511 ita
434 1484 552 1511 clamare
569 1491 652 1510 ausus
666 1487 707 1510 est
722 1492 728 1509 :
749 1493 758 1509 ι
777 1483 894 1518 Dignare
909 1491 964 1515 me,

169 1528 298 1559 Domine.
310 1532 339 1556 et
364 1532 391 1556 te
407 1528 526 1564 quodam
547 1527 630 1555 modo
645 1528 759 1563 diligere
776 1529 848 1555 sicut
864 1535 961 1562 pecea-

170 1580 231 1607 tum
246 1573 344 1607 dilexi,
357 1574 413 1602 heu
434 1574 516 1601 mihi!
528 1578 556 1601 et
569 1573 618 1600 tibi
632 1573 736 1601 servire
753 1580 823 1607 puro
845 1572 961 1600 Domino
976 1587 996 1616 ο

170 1625 300 1657 prompto
314 1620 408 1648 animo
426 1628 457 1648 ac
473 1620 578 1652 studio,
599 1620 671 1647 sicut
686 1620 807 1654 peccatis
822 1619 932 1647 servivi.
950 1629 959 1645 ι

172 1666 278 1702 Siquis
293 1667 331 1694 ita
353 1674 382 1694 se
399 1670 567 1694 convertens
582 1666 712 1693 alacriter
729 1672 759 1692 se
781 1664 961 1696 converterit,

171 1713 272 1747 merito
285 1713 396 1741 dicetur
408 1712 600 1748 paenitentiam
610 1719 702 1746 agere.
713 1710 792 1744 Quod
806 1711 827 1738 si
844 1718 922 1738 mens
935 1715 964 1738 ut

171 1760 342 1796 Illancipium
364 1760 395 1787 in
409 1759 507 1787 habitu
539 1764 673 1786 consueto
699 1758 914 1785 dominationem
936 1761 965 1784 et

173 1805 351 1842 tyrannidem
377 1806 510 1841 patiatur,
530 1812 593 1833 cum
619 1803 834 1839 cogitationibus
853 1807 881 1830 et
903 1803 964 1838 opi-

172 1852 306 1881 nionibus
317 1859 373 1880 non
389 1851 483 1884 bonis,
498 1851 676 1886 impulsibus,
689 1855 718 1877 et
733 1850 826 1882 luetis,
846 1849 963 1884 quibus-

172 1906 238 1937 cum
260 1898 462 1927 commercium
487 1897 603 1930 habens,
628 1896 817 1931 voluptatibus
834 1895 964 1930 inquina-

174 1949 232 1976 tur,
246 1949 275 1972 et
288 1944 354 1972 inde
374 1944 402 1971 in
423 1943 510 1972 corde
530 1943 674 1979 passiones
694 1942 889 1973 morabuntur,
913 1949 965 1969 nec

172 1991 266 2019 virtus
280 1991 320 2018 ibi
335 1994 383 2018 est
397 1990 460 2018 inde
475 1988 635 2025 emergendi
652 1987 888 2023 (quandoquidem
905 1995 966 2022 pas-

174 2036 302 2064 sionibus
331 2036 471 2071 impeditae
494 2035 676 2070 cogitationes
707 2042 766 2061 eam
788 2042 842 2061 una
870 2041 965 2061 secum

174 2082 313 2119 trahunt),
328 2090 380 2110 nec
390 2087 433 2110 est
443 2082 592 2114 revocatio,
607 2085 654 2108 aut
667 2080 800 2107 memoria
809 2081 966 2107 conversio-

173 2131 231 2158 nis.
245 2130 297 2164 Qui
312 2130 387 2158 enim
402 2134 485 2161 esset,
502 2136 565 2156 cum
583 2132 658 2155 tanta
681 2126 864 2154 absurdorum
885 2127 965 2154 turba

174 2184 307 2212 oppressa
323 2181 449 2204 teneatur
463 2175 503 2201 “?

207 2219 267 2250 Sed
281 2231 318 2251 ne
330 2223 372 2250 sic
383 2222 497 2257 quidem
513 2221 685 2248 consternari
702 2221 798 2253 debes,
814 2221 968 2254 desperan-

204 2291 445 2324 “Ezech.xxxvr,
468 2291 477 2317 l
494 2298 572 2326 soqq.

172 2338 204 2367 6-
210 2336 254 2366 ιο.

618 2291 642 2306 ¹⁰
655 2290 726 2317 Psal.
759 2298 851 2322 xxxvr,
874 2290 919 2317 27.

966 2291 988 2305 ⁷¹
1016 2290 1097 2317 Rom.
1130 2297 1167 2322 vi,
1186 2290 1194 2316 ι
1212 2297 1290 2324 seqq.

1012 283 1071 306 tum
1086 281 1176 313 potes,
1198 284 1343 311 reponere,
1364 281 1393 303 ut
1410 285 1445 304 ne
1463 276 1537 304 illaut
1554 277 1579 304 in
1596 276 1706 304 ultimas
1725 282 1803 305 tene-

1011 323 1076 350 bras
1095 321 1203 349 devolvi
1224 322 1340 356 patiare.
1360 321 1413 355 Qui
1437 322 1512 349 enim
1539 322 1695 350 minoribus
1717 323 1807 350 victus

1011 368 1095 401 cadit,
1106 368 1166 403 ejus
1180 375 1271 395 mores
1281 367 1363 395 etiam
1377 367 1404 395 in
1415 368 1566 403 majoribus
1579 372 1805 403 corrumpuntur.

1012 415 1064 448 Qui
1083 422 1149 442 vero
1164 414 1318 441 levioribus
1334 414 1451 446 resistit,
1467 414 1550 442 etiam
1569 414 1745 450 gravioribus
1759 415 1806 442 ad-

1012 461 1183 489 versabitur.
1197 460 1266 488 Nam
1290 461 1312 488 si
1328 468 1415 495 parva
1430 461 1621 495 debellaveris,
1638 462 1742 497 majora
1759 463 1807 496 qui

1013 513 1038 535 te
1051 507 1202 542 appetent?

1049 554 1146 580 Asina.
1172 553 1310 585 Docuisti,
1329 552 1412 589 idque
1437 553 1515 586 satis,
1536 553 1729 588 spirituaiibus
1755 554 1807 582 Pa-

1014 600 1105 628 tribus
1119 605 1232 635 peccata
1246 600 1402 628 conﬁtenda
1419 608 1493 633 esse,
1511 601 1690 636 cogitatione,
1711 602 1805 629 verbo.

1013 655 1098 682 opere
1110 647 1268 679 commissa,
1284 646 1357 681 quod
1372 646 1484 681 quidem
1501 646 1534 673 ad
1546 647 1664 674 salutem
1678 647 1808 674 conducit
1821 646 1825 653 '

1014 693 1207 726 vehementer,
1236 692 1450 728 faciendumque
1476 698 1518 720 est
1541 693 1679 725 omnibus,
1705 686 1827 728 quibus‘

1013 746 1061 766 sua
1077 739 1151 766 salus
1167 746 1239 766 cura:
1262 742 1314 766 est.
1338 738 1395 773 Ego
1411 746 1494 773 porro
1517 746 1598 766 nosse
1615 738 1745 766 desidero
1762 739 1806 766 ubi

1013 785 1066 812 hac
1080 785 1114 813 de
1137 793 1166 812 re
1181 785 1315 820 scriptum
1330 785 1384 818 sit;
1401 793 1466 812 num
1489 785 1532 812 lex
1551 785 1584 813 de
1603 794 1636 813 eo
1653 790 1743 818 vetus,
1759 791 1808 813 aut

1012 839 1084 858 nova
1101 836 1202 863 exstet,
1224 839 1286 867 quae
1308 839 1359 858 nos
1381 830 1449 858 viris
1471 831 1663 866 spiritualibus
1679 832 1808 860 hortetur

1013 885 1152 912 exponere
1174 878 1240 913 quid
1263 882 1346 905 noctu
1363 882 1390 905 et
1408 877 1527 904 interdiu
1545 879 1691 913 egerimus.
1708 879 1805 906 Audivi
1822 877 1826 881 ”

1014 924 1089 951 enim
1102 932 1240 959 nusquam
1257 925 1284 951 in
1303 924 1404 951 litteris
1427 924 1588 951 mandatum
1604 925 1717 959 reperiri
1732 934 1738 952 :
1756 934 1808 953 nec

1015 978 1084 1005 opus
1107 978 1180 1004 esse,
1202 970 1363 998 hominibus
1378 970 1497 1005 cogitata
1515 971 1677 1006 enuntiare,
1692 972 1739 999 sed
1756 973 1808 1000 soli

1014 1024 1084 1051 puro
1097 1017 1224 1045 Domino.

1049 1063 1133 1091 Cano.
1159 1064 1308 1100 Negligens
1333 1070 1361 1093 et
1375 1065 1449 1093 iners
1475 1066 1543 1093 mihi
1569 1066 1684 1099 videris,
1718 1074 1807 1101 neque

1015 1109 1133 1137 scrutari
1157 1109 1365 1144 Scripturarum
1392 1112 1515 1138 oracula.
1548 1112 1627 1144 Quod
1663 1112 1686 1139 si
1712 1112 1808 1139 Patres

1015 1161 1088 1188 tuos,
1106 1160 1136 1183 ut
1148 1156 1281 1191 scriptum
1298 1162 1340 1184 est
1354 1158 1387 1190 τ’,
1406 1158 1601 1193 interrogares,
1618 1159 1685 1193 ipsis
1701 1167 1808 1186 annun-

1016 1202 1150 1229 tiantibus
1169 1210 1227 1230 rem
1245 1203 1387 1233 totamnti
1400 1212 1429 1231 se
1445 1204 1557 1231 haberet
1573 1212 1764 1240 cognosceres,
1782 1211 1810 1232 ct

1015 1256 1091 1275 nunc
1106 1248 1179 1275 haud
1201 1248 1328 1283 imperita
1343 1253 1372 1276 et
1392 1249 1503 1278 indocta
1519 1258 1678 1286 appareres.
1694 1250 1772 1284 Quod
1786 1251 1810 1278 si

1016 1297 1043 1320 et
1062 1293 1116 1321 hoc
1136 1298 1162 1320 te
1185 1294 1263 1327 latet,
1281 1302 1331 1329 ego
1349 1294 1398 1322 tibi
1421 1295 1550 1330 pandant.
1576 1297 1808 1327 Pentateuchum,

1016 1339 1044 1366 id
1062 1346 1115 1373 est,
1132 1340 1256 1375 quinque
1269 1341 1357 1368 Lbros
1369 1341 1458 1370 Moses
1471 1343 1518 1370 ille
1535 1343 1584 1371 Dei
1598 1346 1738 1379 spectator
1754 1343 1809 1371 He—

1016 1385 1098 1413 braeis
1120 1386 1297 1420 conscripsit,
1323 1385 1454 1418 Genesin,
1484 1386 1622 1420 Exodum,
1641 1387 1810 1422 Leviticum,

1016 1431 1162 1463 Numeros,
1175 1432 1430 1459 Deuteronomium.
1444 1432 1474 1459 in
1486 1432 1615 1460 Numeris
1629 1434 1713 1469 igitur
1724 1434 1808 1462 etiam

1017 1478 1069 1504 hoc
1086 1482 1188 1512 prmter
1201 1477 1256 1505 alia
1270 1477 1363 1512 posuit
1377 1487 1382 1504 :
1403 1487 1411 1503 ι
1432 1478 1554 1506 Locutus
1568 1483 1611 1507 est
1626 1480 1760 1508 Dominus
1775 1482 1808 1509 ad

1017 1523 1138 1558 Moysen,
1154 1522 1265 1550 dicens:
1284 1523 1408 1557 Loquere
1426 1523 1490 1550 filiis
1502 1523 1586 1551 lsrael
1599 1533 1605 1550 :
1619 1524 1664 1561 Vir
1677 1525 1735 1552 sive
1749 1533 1810 1552 mu-

1017 1569 1069 1596 lier
1089 1577 1151 1596 cum
1168 1569 1283 1596 fecerint
1298 1578 1329 1596 ex
1343 1570 1472 1597 omnibus
1491 1571 1623 1605 peccatis,
1642 1580 1703 1606 qua:
1718 1572 1809 1599 solent

1015 1616 1177 1643 hominibus
1188 1615 1326 1648 accidere,
1338 1620 1365 1642 et
1376 1624 1426 1650 per
1438 1617 1632 1651 negligentiam
1646 1618 1809 1653 transgressi

1015 1662 1121 1690 fuerint
1132 1662 1293 1690 mandatum
1309 1663 1429 1693 Domini,
1448 1667 1530 1697 atque
1546 1662 1727 1698 deliquerint,
1744 1672 1809 1691 eon-

1017 1709 1171 1736 fitebuntur
1196 1713 1339 1743 peccatum
1358 1716 1450 1741 suum,
1474 1713 1501 1735 et
1517 1708 1633 1736 reddent
1652 1710 1743 1744 ipsum
1767 1719 1810 1737 ca-

1016 1760 1077 1790 put,
1096 1755 1278 1791 quintamque
1292 1759 1399 1790 partem
1415 1756 1534 1790 desuper
1546 1756 1581 1790 ei,
1598 1756 1625 1783 in
1644 1764 1725 1792 quem
1744 1765 1810 1791 pec-

1016 1802 1153 1829 caverint.
1187 1801 1235 1828 Sin
1269 1807 1363 1828 autem
1395 1809 1449 1828 non
1482 1801 1568 1829 fuerit
1599 1803 1647 1837 qui
1682 1803 1808 1837 recipiat,

1017 1847 1125 1875 dabunt
1143 1847 1269 1880 Domino,
1285 1852 1314 1874 et
1327 1847 1381 1874 erit
1401 1847 1563 1875 sacerdotis.
1578 1847 1613 1874 Et
1629 1848 1683 1876 hoc
1698 1849 1808 1884 quidem

1019 1895 1047 1921 in
1060 1894 1132 1921 libro
1148 1894 1332 1921 Numerorum
1401 1892 1435 1920 ".
1457 1903 1466 1919 ι

1053 1940 1131 1973 Quod
1151 1941 1173 1967 si
1189 1940 1269 1975 plura
1287 1939 1445 1968 testimonia
1470 1939 1622 1972 desideras,
1642 1939 1757 1968 Davidis
1773 1941 1810 1968 li-

1017 1987 1111 2020 brum,
1137 1986 1303 2018 Salomonis,
1326 1986 1503 2020 omniumque
1527 1985 1642 2012 aliorum
1661 1987 1809 2021 propheta-

1019 2042 1081 2060 rum
1098 2038 1202 2059 attente
1220 2032 1340 2067 perlege.
1358 2031 1493 2058 Omnibus
1514 2032 1588 2059 enim
1613 2032 1743 2067 quiddam
1760 2040 1809 2060 su-

1018 2089 1068 2116 per
1086 2081 1138 2108 hoc
1161 2081 1294 2108 insertum
1322 2084 1373 2112 est,
1399 2084 1529 2114 oportere
1550 2087 1646 2107 omnes
1664 2080 1809 2116 utriusque

1018 2135 1101 2155 sexus
1116 2126 1299 2153 admissorum
1315 2126 1516 2153 confessionem
1533 2126 1620 2159 obire,
1634 2131 1661 2153 et
1674 2132 1808 2162 quantum

1018 2178 1135 2209 possunt
1148 2181 1181 2200 eo
1192 2173 1261 2200 alios
1275 2173 1424 2200 adducere.
1440 2173 1496 2199 Nec
1510 2173 1593 2200 verba
1612 2173 1692 2200 Verbi
1709 2181 1740 2200 ac
1754 2174 1808 2201 Do-

1019 2220 1086 2247 mini
1113 2219 1226 2252 audisti,
1242 2219 1290 2254 qui
1313 2220 1393 2254 longe
1410 2219 1563 2246 clarissime
1579 2219 1612 2246 de
1628 2219 1681 2246 hoc
1699 2220 1810 2246 sanxit?

1335 2289 1355 2304 ’¹¹
1369 2289 1453 2316 Deut.
1467 2296 1552 2320 xxx",
1568 2289 1594 2315 7.
1637 2289 1662 2306 ⁷³
1686 2288 1765 2316 Num.
1782 2298 1809 2322 ι’,

946 2395 1086 2427 Scholia.

213 2458 223 2469 ⁴
236 2456 380 2492 Cbrysost.
394 2461 402 2482 ς
425 2452 488 2497 Non
501 2454 568 2497 ideo:
585 2457 622 2497 est
638 2453 966 2497 q'pfrcoltisldeginerenet
984 2459 1004 2487 1)
1019 2455 1179 2497 Ιξᾳριὶεηιυῃι
1204 2455 1352 2497 requirebat
1375 2455 1401 2482 in
1414 2454 1516 2497 nislqui
1533 2455 1568 2497 ad
1589 2462 1617 2497 se
1630 2455 1808 2497 conﬂuebant.

171 2494 280 2530 justum
295 2487 365 2530 tuo,
388 2489 434 2530 sed
451 2489 526 2530 aliud
548 2490 607 2530 nec,
626 2488 700 2530 utiuti
721 2488 806 2530 illud.‘
819 2487 881 2530 Non
895 2490 966 2530 enim

176 2523 245 2557 ἱαιὶε
269 2530 308 2554 ut
332 2525 466 2553 discedere
488 2524 520 2551 ab
545 2523 724 2557 improbitate,
750 2529 778 2550 ut
792 2523 882 2556 justus
902 2523 964 2557 ﬁas.

177 2565 223 2592 Ait
237 2568 363 2597 namque,
380 2569 390 2585 ι
406 2559 518 2597 Declina
538 2567 553 2584 α
567 2557 648 2597 "talo,
667 2561 692 2584 et
708 2558 750 2592 fac
765 2559 871 2597 bonum,
896 2568 905 2584 ι
924 2559 968 2597 ubi

175 2599 231 2631 aut,
248 2607 259 2625 ι
277 2593 399 2627 Declina,
419 2604 429 2621 ι
443 2596 533 2621 statim
550 2602 563 2619 Α
576 2593 686 2626 bonum,
707 2602 717 2618 ι
731 2601 781 2620 seu
796 2594 901 2628 fructus
915 2595 968 2621 vir-

176 2639 268 2662 tutum
275 2631 422 2666 cubjungit.
503 2665 507 2666 γ
514 2664 518 2666 _
606 2643 610 2648 ι

214 2639 268 2661 tum
275 2639 422 2693 cuojunﬁu.
503 2665 508 2670 _
606 2643 610 2648 ι

214 2667 350 2696 Basilius:
392 2664 556 2692 renitentibus
568 2662 686 2690 recedere
702 2664 969 2699 tantumAupcccatt’s,

179 2705 215 2732 ad
225 2702 343 2732 salutem
353 2701 465 2729 minime
473 2700 582 2734 sufﬁcit:
598 2699 643 2725 sed
653 2706 696 2725 eos
709 2699 789 2734 etiam
800 2697 898 2734 [ructus
913 2707 968 2732 ρω.

181 2739 301 2767 nitentia!
316 2733 510 2772 dignm‘facere'
519 2741 621 2761 necesse
632 2737 680 2772 est.
693 2733 755 2772 Non
770 2733 840 2759 enim
853 2736 897 2772 qui
906 2736 969 2760 bene

179 2768 386 2809 ίιιάρὶιιιεᾷμρ
406 2768 472 2809 bene
496 2774 609 2809 enercet,
634 2770 675 2795 hic
694 2768 828 2809 perfectus
837 2774 863 2795 et
879 2771 969 2809 (tergus

181 2814 220 2838 at
231 2803 242 2836 έ
251 2803 299 2835 add
368 2805 432 2832 bene
448 2804 549 2842 claudit
564 2805 643 2842 vitam
661 2812 749 2835 suam,
763 2808 788 2842 et
808 2804 846 2830 ita
865 2808 893 2842 ut
915 2803 969 2842 Deo

180 2844 280 2882 placet,
296 2839 333 2870 ad
345 2841 426 2875 ﬁnem
438 2839 567 2874 perducit.
580 2839 642 2866 Ηωε
657 2847 717 2865 cum
730 2839 858 2872 sciamus,
873 2840 900 2865 in
914 2839 968 2872 ﬁne

181 2887 216 2908 ne
228 2884 440 2912 corrumpamng.

219 2915 239 2926 "
254 2909 394 2941 Isidorus:
410 2911 513 2937 Idcirco
531 2913 555 2936 et
570 2909 685 2936 Joannes
705 2909 891 2944 professionem
906 2914 967 2936 ante

349 2960 484 2991 PATItUL,
507 2960 566 2989 Gn.
584 2957 727 2989 CXXVII.

1019 2489 1077 2518 Non
1090 2492 1159 2526 quod
1178 2500 1210 2518 ea
1225 2489 1366 2525 indigeret,
1376 2490 1424 2526 sed
1433 2489 1467 2516 ad
1479 2499 1505 2516 se
1521 2490 1721 2516 adventantium
1733 2491 1809 2518 salu-

1018 2531 1070 2552 tem
1084 2523 1122 2553 ita
1141 2527 1240 2562 efficere
1251 2523 1382 2562 studebat.
1400 2523 1481 2551 Nemo
1494 2526 1574 2557 enim,
1589 2530 1733 2562 antequam
1749 2535 1810 2561 pec-

1017 2565 1078 2587 cata
1093 2570 1142 2588 sua
1154 2560 1322 2595 conﬁteatur,
1336 2560 1449 2587 salutent
1465 2564 1547 2595 potest
1560 2561 1682 2596 consequi
1692 2568 1700 2587 .'
1710 2561 1757 2588 hoc
1773 2563 1810 2589 δίη

1020 2597 1125 2631 quidem
1137 2604 1230 2623 revera
1244 2596 1422 2623 Immititatem
1438 2596 1530 2630 gignit.

1097 2631 1290 2658 'l‘heodoretus
1303 2639 1309 2656 :
1320 2630 1397 2657 anet
1407 2632 1476 2667 enim
1491 2639 1551 2658 eum
1561 2632 1606 2666 qui
1616 2631 1695 2659 alteri
1705 2640 1734 2658 re
1743 2640 1812 2667 qna-

1021 2668 1093 2701 piam
1114 2668 1213 2702 nocuit,
1235 2667 1351 2700 primum
1376 2665 1498 2702 conﬁteri
1531 2665 1685 2702 peccatum;
1717 2665 1811 2693 deinde

1024 2703 1107 2729 eidem
1123 2699 1242 2728 ablatum
1254 2702 1399 2727 restituere.
1412 2699 1488 2732 Quod
1499 2702 1521 2727 si
1531 2699 1683 2736 contigerit,
1699 2709 1759 2728 eum
1770 2703 1814 2728 tui.

1023 2737 1102 2764 illata
1125 2741 1163 2763 est
1184 2736 1296 2771 injuria,
1321 2739 1382 2771 ante
1404 2736 1458 2761 vita
1479 2736 1598 2771 defungi,
1619 2744 1699 2771 quant
1717 2737 1811 2771 noxius

1023 2770 1312 2806 pwnitentium'egerit,
1330 2770 1357 2797 id
1376 2771 1532 2804 cognatione
1549 2770 1668 2806 proximo
1689 2770 1808 2806 reddere.

1023 2804 1100 2839 Quod
1115 2808 1138 2834 ri
1152 2804 1244 2833 nullus
1256 2806 1345 2840 luerit,
1364 2812 1410 2830 nec
1425 2804 1575 2832 inveniatur
1597 2809 1734 2840 cognatus,
1756 2804 1809 2831 Deo

1022 2843 1120 2877 o/ferri.
1137 2842 1211 2874 Quod
1229 2839 1317 2868 autem
1334 2847 1382 2875 pro
1396 2846 1502 2875 peccato
1524 2839 1653 2872 redditur,
1676 2839 1767 2866 cedere
1781 2839 1809 2866 in

1022 2886 1097 2904 luunt
1113 2877 1264 2905 sacerdotis.

1606 2953 1644 2983 24
