2018 3211
173 192 227 226 751

791 185 965 216 PHILIPPI
984 183 1179 214 SOLITARII

1757 182 1808 212 752

175 258 231 284 quo
247 252 275 276 et
294 247 423 282 majorem
440 243 553 271 omnino
572 241 694 268 laetitiam
717 240 843 271 haurias,
868 239 968 266 doeea-
985 244 1004 269 Α
1023 239 1096 270 tatis,
1113 242 1142 265 ut
1159 237 1227 269 dixi,
1260 235 1307 263 sed
1322 235 1476 263 allectionis
1501 235 1633 262 ferventis
1654 243 1681 262 et
1700 237 1811 271 alacris,

174 297 286 330 risque,
305 298 334 321 et
352 293 379 320 in
396 291 513 326 puritate
526 287 700 316 conﬁrmeris
716 295 723 314 :
740 294 822 321 quam
836 286 872 313 ob
899 293 966 313 eau-

175 350 197 369 s:
208 350 233 367 nt
247 345 387 367 sermones
409 336 490 363 utiles
505 334 602 362 audire
618 332 739 360 voluisti.
756 331 872 364 Quando
891 332 965 359 enim

175 387 262 414 verbo
277 390 302 412 et
320 382 436 417 imperio
454 382 593 408 daemonas
605 378 734 414 ejiciebat
749 386 763 404 ιι
786 377 965 409 daemoniaco,

175 432 307 468 rogabant
328 429 367 456 illi
388 427 534 455 Dominum
553 425 740 460 impudenter,
757 431 792 451 ne
816 425 844 450 itt
858 423 966 451 crucia-

176 485 233 506 tuttt
246 477 444 505 mitteremur:
462 473 508 501 sed
525 473 552 500 in
569 479 669 507 porcos
693 468 821 503 maxime,
835 469 883 504 qui
902 474 967 496 tunc

175 524 373 560 pascebantur,
397 519 503 554 ingredi
527 518 702 553 iuberentur.
730 516 766 543 Et
787 515 968 542 obtinuerunt

175 570 249 605 quod
264 567 473 597 desiderabant,
490 563 679 600 processitque
694 561 846 597 negotium,
861 566 890 588 et
902 561 967 588 hinc

175 618 202 644 in
217 624 248 643 ea
272 615 394 649 regione,
411 619 528 647 quorum
544 614 624 638 erant
639 616 713 643 pora
731 616 759 634 ιιι
783 615 859 634 mare
889 614 967 633 sum-

176 662 269 693 mcrsi,
292 661 457 687 detrimento
482 661 543 683 sunt
572 656 662 682 allecti
676 656 709 680 ⁸⁸.
728 655 798 680 Num
822 654 904 688 igitur
923 652 967 679 ille

176 717 230 735 non
253 705 446 741 prater-gnovil,
477 703 522 736 qui
550 701 694 736 pneuoscit
719 700 821 729 omnia,
853 706 966 733 scopum

175 763 234 781 esse
249 755 414 782 dtemonum,
435 754 463 776 ut
480 756 577 783 porcos
598 746 834 781 summergercut?
860 745 967 771 Nihilo-

176 802 265 826 minus
283 798 323 824 eis
341 800 433 831 optata
448 793 585 821 concessit
601 801 606 817 :
626 791 672 825 qtti
690 790 898 825 :tppellabantur
929 790 967 816 le-

175 846 230 879 gio,
248 845 299 870 hoc
318 847 370 872 est,
398 841 495 874 ingens
509 838 666 864 multitudo.
687 837 772 862 'l‘uam
790 841 880 862 autem
896 836 967 869 peti-

178 893 291 921 tionem,
319 888 362 915 cui
392 885 532 921 proposita
563 889 605 910 est
630 883 734 909 utilitas
764 887 820 914 tua,
849 890 883 908 an
912 889 966 908 non

177 938 263 964 tnulto
277 935 371 969 magis,
394 938 421 960 et
446 930 654 958 benevolentius
674 929 813 963 (gaudium
834 928 908 955 enim
925 931 968 955 est

177 985 205 1011 in
221 982 299 1011 corio,
321 985 350 1007 ιιι
362 979 495 1013 scriptum
510 982 562 1008 est,
578 984 661 1010 super
674 983 730 1001 uno
746 979 889 1009 peccatore
911 981 969 1008 po:-

176 1027 320 1056 nitentiam
335 1030 433 1060 agente
448 1025 482 1059 ⁵⁵)
497 1023 639 1057 sttscipiet,
657 1027 685 1048 et
702 1021 796 1055 procul
815 1021 905 1047 adhuc
918 1019 966 1046 tibi

177 1079 305 1109 paternas
319 1073 398 1098 ulnas
415 1070 447 1097 ad
465 1069 638 1103 complexum
659 1066 812 1101 expandct?
827 1066 897 1093 Sane
911 1072 968 1092 ma.

175 1122 216 1152 gis
231 1125 255 1146 te
279 1118 404 1153 accipiet,
423 1116 508 1150 magis
527 1114 662 1145 admittet,
689 1113 736 1146 qui
761 1117 848 1139 totum
872 1112 966 1139 orbem

173 1166 278 1201 judicio
298 1165 458 1197 incorrupto
479 1161 594 1197 judicat.
625 1160 735 1193 Alioqui
761 1159 866 1193 iustitia
893 1162 968 1185 tanta

175 1213 283 1240 Domini
302 1211 347 1237 ubi
375 1210 495 1240 laudent,
511 1213 539 1234 et
561 1206 671 1241 quando
691 1205 845 1240 apparebit,
862 1204 885 1232 si
913 1212 968 1231 non

176 1263 242 1285 tunc
255 1255 416 1291 apparebit?
435 1254 466 1279 Et
484 1253 505 1279 si
524 1252 586 1286 quis
603 1251 696 1277 audiat
710 1250 848 1276 dalmonas
861 1249 968 1275 auditos

176 1305 272 1334 fuisse,
297 1310 345 1329 nos
359 1308 423 1327 vero
439 1307 493 1326 non
509 1298 610 1330 auditi,
625 1297 727 1331 judicis
745 1296 901 1330 aequitatem
919 1295 967 1322 de-

176 1347 319 1375 siderabit.
347 1346 381 1373 Et
405 1346 541 1371 insontem
570 1342 709 1377 quontodo
734 1346 840 1368 sontem
866 1340 968 1367 facies?

175 1394 312 1427 Quocirca
329 1393 429 1418 iterum
447 1391 588 1419 misertus,
614 1393 643 1415 ut
663 1387 831 1418 misericors,
858 1386 968 1420 petitio-

176 1447 238 1466 nem
256 1443 403 1472 utinquam
419 1436 577 1463 immaniter
595 1433 729 1469 implebit.
755 1433 782 1460 Si
807 1437 897 1459 tatneu
924 1431 967 1458 in-

176 1485 315 1515 ﬂexibilis,
333 1488 360 1509 et
379 1483 487 1516 ignava,
508 1485 536 1508 et
554 1481 678 1512 remissa,
695 1484 723 1506 et
735 1478 836 1514 segnis,
860 1481 888 1504 et
904 1484 964 1504 ace-

176 1533 219 1558 «Ιῆιι
235 1531 313 1564 plena
331 1537 384 1555 non
404 1529 484 1563 petis,
502 1536 555 1554 non
573 1526 685 1561 quaeris,
704 1533 759 1552 tton
783 1525 884 1559 pulsas,
911 1531 966 1550 non

177 1578 266 1608 audis,
288 1578 426 1611 quomodo
450 1575 533 1610 janua
557 1573 663 1608 aperiet
687 1571 737 1599 tibi
760 1571 966 1598 miseratiouutn
981 1585 1002 1611 (ἶ

173 1623 303 1659 jannam?
330 1626 376 1648 aut
400 1620 539 1656 quomodo
566 1619 689 1646 intenics
708 1617 781 1652 quod
809 1616 968 1644 desideras?

177 1669 316 1706 quomodo
335 1668 454 1703 accipies
469 1666 542 1702 quod
559 1664 684 1701 appetis?
698 1664 757 1691 Non
772 1663 860 1690 lat‘isti
877 1664 965 1698 lacry-

177 1717 229 1743 mis
252 1716 333 1751 pedes
356 1714 516 1745 Salvatoris,
539 1717 568 1739 ct
587 1710 726 1746 quotuodo
743 1709 966 1736 amabiliSsimam

176 1770 272 1789 vocem
298 1763 371 1790 illam
399 1760 512 1792 audies,
537 1769 546 1784 t
569 1758 757 1785 Remittutttur
779 1756 826 1784 tibi
854 1761 966 1790 peccata

179 1815 223 1837 tua
232 1810 254 1825 “
263 1810 274 1835 ?
287 1818 295 1833 ι
310 1812 357 1835 aut
369 1806 506 1842 quomodo
516 1804 613 1832 sordes
630 1807 803 1838 peccatorum
820 1803 913 1829 elues‘
922 1803 933 1828 ?

214 1856 307 1882 Dicam
332 1854 436 1888 paucis,
457 1851 570 1878 invitam
587 1854 612 1876 te
625 1849 732 1876 saltare
760 1856 814 1875 non
832 1849 900 1879 vult,
917 1855 968 1875 nec

177 1909 225 1927 sua
245 1900 277 1927 ad
303 1900 354 1926 hoc
373 1898 413 1926 uti
432 1897 566 1932 potentia.
585 1896 641 1922 Nec
656 1895 729 1922 enim
750 1894 910 1929 mysterium
926 1902 969 1920 sa-

177 1946 244 1973 lutis
259 1949 358 1972 nostra:
372 1942 501 1970 violentia
526 1945 555 1968 et
576 1945 673 1967 coactu
697 1940 847 1974 peragitur.
866 1939 968 1966 Volun-

179 1997 261 2018 tatem
287 1990 356 2016 vult.
374 1987 469 2015 Nescit
484 1986 572 2013 virttis
596 1986 750 2013 dominum.
768 1985 845 2018 Quod
875 1989 966 2011 autem

180 2037 326 2067 violenter,
343 2039 391 2061 aut
406 2034 549 2060 voluntate
570 2032 709 2067 tyrannica
724 2032 764 2063 lit,
779 2039 834 2057 non
851 2035 902 2063 est,
918 2038 968 2057 nec

178 2083 282 2110 dicitur
299 2079 409 2115 proprie
425 2079 522 2105 virtus.
539 2078 617 2111 Quod
638 2082 734 2104 natura
751 2078 896 2104 honesttttu
912 2082 964 2107 est,

177 2125 366 2154 \oluutarium
385 2128 436 2154 cst,
452 2127 479 2150 et
494 2123 612 2155 arbitrii,
632 2131 686 2150 nou
709 2127 828 2149 externa:
844 2123 964 2149 uecchi-

228 2194 251 2209 "
282 2192 365 2219 Mare.
397 2200 423 2225 v,
439 2191 465 2218 7.
499 2191 521 2206 ⁸⁵
540 2191 606 2219 Luc.
622 2199 665 2218 xv.
680 2192 706 2218 7.

750 2192 773 2207 "'
789 2190 883 2218 Matth.
902 2199 938 2224 Ix,
954 2191 980 2218 2.

1018 293 1071 319 qua
1088 284 1151 319 quis
1166 287 1254 311 seruet
1283 282 1412 310 mandata
1435 290 1546 309 servare
1575 282 1659 317 cogit.
1683 282 1761 315 Quod
1788 284 1810 310 si

1018 330 1108 357 solum
1127 328 1316 363 compunctio,
1347 333 1375 355 et
1397 328 1527 355 contritio
1552 328 1645 355 cordis
1677 329 1810 356 voluntati

1019 375 1137 403 maxime
1160 373 1244 402 alacri
1261 378 1416 405 succurrat,
1444 377 1472 400 et
1498 373 1636 408 lacrymaa,
1666 373 1748 408 idque
1777 382 1811 402 ex

1020 420 1103 448 corde
1118 427 1224 453 amaro,
1248 427 1282 447 ex
1309 418 1415 447 fervore
1438 423 1467 447 et
1481 419 1648 451 butnilitate,
1659 419 1693 446 ad
1704 420 1811 448 vincula

1018 468 1160 500 solvenda,
1177 473 1206 496 et
1221 467 1412 495 remissionem
1427 475 1510 502 quam
1522 468 1657 503 consequi
1670 468 1812 496 desideras

1019 513 1119 542 sufﬁcit

1054 560 1114 588 Non
1130 560 1238 595 indiges
1252 564 1376 595 sumptu,
1395 568 1450 588 non
1472 561 1579 593 labore,
1594 569 1646 590 nec
1669 562 1724 589 alio
1740 569 1811 597 quo-

1019 606 1103 641 piam,
1121 606 1194 634 uttde
1217 606 1267 634 tibi
1287 615 1336 641 per
1355 606 1556 640 continentem,
1580 615 1630 643 per
1647 616 1734 640 mare,
1764 616 1812 643 per

1020 653 1078 679 vias
1094 652 1219 679 dilliciles
1241 653 1394 687 periculum
1411 653 1533 687 aliquod,
1557 657 1605 681 aut
1621 654 1747 682 molestia
1762 662 1811 689 pa-

1021 698 1117 724 riatur.
1140 697 1193 725 Sed
1212 698 1238 724 in
1252 698 1354 729 anima,
1372 698 1398 725 in
1419 699 1520 726 tabulis
1533 699 1625 726 cordis
1646 699 1811 734 inscriptutn

1019 745 1103 778 geris,
1127 744 1201 778 quod
1233 749 1258 771 te
1287 745 1424 771 volentem
1444 745 1520 772 nttllo
1539 745 1651 780 negotio
1665 744 1811 772 meliorum

1020 790 1185 817 admoneat:
1202 791 1224 817 si
1250 791 1332 817 modo
1354 792 1436 818 etiam
1456 791 1525 819 ﬁdes
1539 791 1613 819 haud
1629 792 1713 820 dubia
1734 792 1813 820 insit.

1020 837 1087 863 (lunt
1110 842 1136 863 tu
1163 838 1352 871 purgationem
1377 838 1524 871 obtuleris,
1554 843 1677 873 paratam
1702 846 1813 874 quoque

1021 884 1212 911 remissionem
1237 885 1350 919 accipis,
1367 890 1397 912 ut
1413 885 1480 912 dixi.
1503 884 1581 918 Quod
1600 884 1623 912 si
1649 890 1679 912 tu
1700 885 1729 912 in
1752 885 1815 911 aliis

1019 929 1184 963 quibusdam
1209 930 1403 957 excusationes
1432 937 1564 961 excusas,
1587 929 1762 964 plutimaque
1785 934 1814 956 et

1019 975 1139 1007 diversa,
1155 981 1183 1002 et
1198 984 1270 1010 saepe
1287 976 1445 1010 pnetendis,
1465 976 1492 1003 in
1512 976 1556 1003 bis
1572 975 1644 1010 quod
1659 975 1814 1010 prietendus

1019 1021 1092 1048 haud
1108 1021 1243 1053 invenies,
1259 1029 1321 1048 cum
1338 1020 1474 1055 praetendi
1489 1020 1558 1047 nihil
1569 1020 1666 1055 possit.
1681 1020 1703 1047 Δ
1718 1020 1814 1047 tnultis

1019 1067 1201 1102 prudentibus
1234 1074 1425 1101 sa'pcuumero
1464 1066 1570 1098 audivi,
1599 1073 1651 1093 nec
1675 1066 1812 1101 jejunium

1019 1111 1263 1146 frequentandum,
1279 1120 1328 1138 nec
1345 1111 1452 1146 vigilias
1466 1111 1595 1146 amplius,
1611 1118 1662 1139 nec
1677 1111 1813 1138 ltumicu-

1020 1158 1152 1185 bandunt.
1171 1157 1244 1184 Nihil
1262 1158 1365 1192 quippe
1381 1158 1479 1184 ltorutn
1499 1162 1603 1185 tantutn
1619 1165 1700 1193 posse
1714 1157 1748 1184 ad
1767 1165 1811 1185 sa-

1019 1205 1116 1236 lutem,
1147 1209 1281 1239 qttanttun
1309 1205 1385 1236 illud,
1417 1205 1490 1238 quod
1518 1205 1606 1240 magis
1631 1204 1811 1232 celebratur:

1024 1261 1031 1276 ι
1051 1250 1217 1277 llutnilialus
1229 1258 1299 1282 sunt,
1319 1251 1419 1284 inquit,
1436 1256 1463 1277 et
1477 1250 1606 1278 liberavit
1620 1258 1663 1277 me
1677 1252 1707 1261 “'
1720 1251 1754 1277 δ’.

1053 1296 1131 1323 Sicut
1151 1296 1316 1330 publicanus
1332 1296 1487 1324 humilitate
1502 1296 1595 1324 cordis
1609 1297 1731 1324 salvatus
1756 1302 1811 1329 est,

1020 1353 1073 1371 non
1097 1346 1160 1380 quia
1197 1346 1340 1372 laboribus
1372 1345 1500 1372 asceticis
1524 1352 1553 1373 se
1579 1344 1741 1377 delassavit,
1761 1352 1813 1372 nec

1020 1391 1083 1425 quia
1114 1391 1254 1418 insudarit
1283 1392 1516 1426 occupationibus
1532 1391 1745 1426 spiritualibus:
1763 1391 1811 1418 scd

1020 1438 1083 1471 quia
1100 1438 1261 1464 humiliatus
1276 1444 1327 1469 est,
1347 1438 1512 1470 humilitate,
1528 1445 1609 1472 quam
1624 1436 1773 1473 perfectam
1783 1441 1812 1465 et

1019 1484 1149 1517 optimum
1166 1493 1198 1511 cx
1220 1492 1340 1519 superna
1365 1484 1453 1519 gratia
1475 1484 1591 1511 sortitus
1602 1488 1655 1511 est.

1318 1552 1430 1579 CAPUT
1447 1551 1516 1578 XIV.

1128 1609 1274 1643 Descriptio
1300 1608 1456 1635 humilitatis
1476 1615 1506 1634 ex
1523 1607 1616 1642 effectis
1637 1608 1704 1642 ejus.
1772 1644 1777 1649 ἱ

1059 1666 1130 1699 Quid
1157 1671 1248 1692 autem
1270 1665 1305 1692 sit
1327 1665 1479 1697 humilitas,
1511 1664 1633 1691 breviter
1657 1671 1730 1691 nunc
1761 1664 1811 1692 tibi

1024 1713 1181 1740 declarabo.
1201 1712 1229 1739 Si
1244 1712 1375 1741 senseris,
1391 1717 1418 1738 et
1434 1711 1536 1738 dixeris
1553 1715 1579 1737 te
1603 1711 1726 1737 otuniutn
1748 1711 1814 1738 ulti-

1022 1766 1093 1785 mam
1108 1767 1115 1785 :
1133 1762 1158 1784 te
1170 1758 1309 1792 peccando
1326 1757 1423 1783 vicisse
1435 1763 1542 1786 omnes,
1557 1761 1585 1783 et
1600 1763 1681 1783 omne
1705 1756 1812 1783 facinus

1021 1804 1169 1833 nefarium.
1189 1809 1216 1830 et
1239 1811 1320 1830 otnnc
1341 1812 1427 1838 genus
1448 1803 1582 1834 sceleris,-
1597 1803 1620 1830 si
1647 1803 1710 1838 quis
1742 1803 1812 1830 alius

1022 1849 1114 1880 homo,
1138 1849 1218 1875 novis
1234 1849 1322 1875 modis
1338 1854 1522 1882 perpetrasse.
1538 1848 1566 1875 Si
1581 1848 1647 1883 quid
1663 1848 1812 1883 aliquando

1018 1894 1180 1928 deliqueris,
1206 1894 1231 1920 id
1255 1899 1332 1921 tutttn
1355 1894 1567 1921 existimaveris.
1593 1893 1621 1921 Si
1643 1894 1709 1929 quid
1737 1899 1812 1921 recte

1018 1938 1128 1970 feceris,
1146 1938 1171 1964 id
1204 1938 1253 1965 Dei
1281 1939 1374 1972 gratiae
1409 1937 1592 1973 ascripseris:
1618 1938 1641 1965 si
1672 1939 1811 1965 nemiuem

1018 1985 1120 2017 oderis,
1143 1985 1280 2012 neminem
1296 1985 1434 2015 atllixcris,
1454 1984 1590 2011 nemiuem
1605 1984 1810 2012 seandalilave-

1020 2032 1069 2058 ris.
1095 2041 1103 2057 ι
1120 2031 1171 2064 Qui
1190 2031 1424 2065 scandalizarerit
1452 2038 1535 2057 unum
1553 2031 1588 2058 de
1609 2031 1717 2066 pusillis
1739 2032 1809 2063 istis.

1021 2078 1133 2111 expedit
1154 2078 1190 2109 ei,
1209 2079 1434 2112 utsuspeudatur
1459 2077 1529 2104 mola
1553 2077 1674 2105 asinaria
1692 2078 1719 2105 in
1739 2078 1811 2105 collo

1021 2125 1092 2159 ejus,
1105 2129 1133 2150 ct
1145 2124 1320 2158 demergatur
1334 2124 1360 2150 in
1378 2123 1516 2158 profundo
1533 2124 1617 2152 maris
1627 2124 1671 2150 "'.
1689 2134 1699 2150 ι

1026 2192 1047 2208 ⁸⁷
1062 2192 1132 2220 Psal.
1153 2201 1225 2225 cxn',
1247 2192 1272 2220 6.
1302 2193 1336 2208 ‘7'
1355 2192 1448 2220 Matth.
1464 2193 1570 2226 xvut,6.

920 2249 1058 2282 Scholia.

174 2328 204 2346 co
220 2317 288 2353 quod
310 2317 382 2352 digni
397 2324 499 2353 sumus,
511 2315 560 2348 qui
577 2315 755 2353 impetremus.
774 2313 889 2353 pciude;
902 2313 965 2353 quia
980 2315 1006 2345 D
1020 2315 1384 2353 manifestumest_omnibu:.
1398 2315 1549 2353 VrRegnum
1563 2317 1687 2344 etalt/rum
1698 2318 1749 2344 vim
1763 2325 1811 2352 pa-

173 2348 316 2382 sccuudum
332 2348 414 2387 legem
431 2361 446 2378 a
466 2351 518 2377 Deo
533 2348 720 2387 prazscriptum»
733 2349 854 2387 petimus.
866 2348 966 2387 Tertio,

174 2391 238 2424 quia
251 2389 308 2415 sine
322 2383 657 2424 intermissionefQuq‘rto,
675 2385 738 2419 quia
754 2383 818 2424 nihil
836 2383 870 2424 ad
886 2384 966 2423 vitant

173 2419 252 2452 istam
285 2428 406 2459 spectans
438 2422 561 2459 petimus.
581 2419 694 2459 Quinto,
715 2419 965 2459 qui‘qr‘conducentiu

173 2459 274 2487 orando
292 2453 446 2493 qurrrimus'.
467 2455 609 2493 Quodnisi
625 2456 672 2481 ltus
696 2453 857 2493 canditiones
872 2453 966 2493 habent

173 2496 270 2526 oratio,
289 2488 436 2523 audiemus,
455 2488 574 2521 tPetitis,
591 2493 682 2516 etnon
701 2489 829 2526 accipitis,
848 2497 877 2515 eo
897 2488 966 2523 quod

174 2529 244 2556 male
259 2525 354 2563 petatis
367 2527 436 2563 (Jac.
449 2535 495 2563 vt,_
502 2526 565 2561 5),r
574 2529 599 2551 et
608 2532 691 2563 supra
702 2532 783 2563 quam
795 2525 875 2550 decet.

209 2558 456 2590 ‘Clirvsosthum
477 2558 547 2587 Deus
567 2559 657 2586 oculos
673 2560 744 2586 nobis
759 2563 863 2585 tantum:
876 2558 910 2585 ad
927 2559 967 2585 υἰ-

173 2591 293 2626 τιεηάυηὶ
302 2598 413 2632 largitus
429 2602 467 2623 est
480 2596 492 2622 .’
507 2595 585 2622 Hunc
598 2602 675 2632 usum
689 2600 717 2632 Aet
727 2595 771 2632 “in
783 2594 962 2632 animantibus

173 2636 276 2661 ratione
289 2628 437 2660 carc'ntibus
452 2632 590 2658 cernimus.
608 2630 654 2662 Et,
671 2630 694 2656 εἰ
714 2630 853 2664 diligenter
873 2628 963 2663 explo-

172 2668 225 2701 r'r's,
239 2669 360 2704 quoniam
375 2667 452 2693 bruta
462 2666 536 2704 nobis
550 2666 653 2704 acutius
666 2666 766 2704 vident._
779 2665 833 2692 Tibi
841 2671 901 2704 vero
909 2671 962 2690 non

171 2698 258 2731 solum
274 2703 309 2730 ad
319 2704 412 2731 uisum.
423 2702 468 2728 sed
484 2702 566 2728 etiam
584 2700 617 2726 ad
633 2701 813 2735 pwnitentiam
826 2698 896 2726 oculi
909 2706 965 2724 ser-

171 2742 255 2767 riunt.
272 2739 412 2766 Corinnae:
427 2737 606 2772 larrymamm
618 2737 725 2770 l'ontem.
741 2735 826 2772 Nubes
841 2738 964 2772 puteum;

172 2784 203 2801 ex
219 2777 270 2801 imo
286 2774 381 2805 cordis,
407 2769 577 2807 proportione
597 2772 741 2806 perpetrati
758 2771 875 2797 criminis
896 2769 965 2794 hau-

172 2812 229 2837 rias
241 2810 308 2836 licet.

212 2848 229 2854 "
246 2845 368 2871 Basilius.
391 2842 454 2875 Quru
479 2842 643 2873 necessitate,
666 2845 711 2867 aut
728 2842 752 2867 vi
778 2841 869 2875 aliqua
885 2841 965 2875 fiunt,

212 2850 229 2854 "
246 2850 368 2871 Itastltus.
391 2850 454 2875 uuru
479 2850 643 2873 necessitate,
666 2850 711 2867 aut
728 2850 751 2867 ιιι
778 2850 815 2868 au
836 2850 869 2867 ua
885 2850 965 2875 pum,

174 2880 245 2913 apud
271 2879 351 2905 Deum
369 2887 415 2913 pro
431 2879 526 2904 virtute
543 2885 595 2913 non
617 2881 784 2910 rcputnntur.
808 2850 966 2913 guempiam

175 2911 262 2941 autem
289 2911 380 2947 sponte
408 2921 435 2939 se
453 2913 487 2939 ad
508 2911 635 2938 mandata
651 2912 782 2938 servanda
800 2912 966 2945 contuellere,

1016 2353 1091 2382 titur,
1106 2355 1131 2377 ct
1147 2351 1253 2387 violenti
1268 2351 1377 2386 rapiunt
1394 2351 1473 2378 illud.
1491 2352 1597 2387 (Matth.
1611 2360 1649 2384 ιι,
1669 2353 1711 2385 li)
1725 2362 1734 2377 ι

1049 2387 1191 2421 Chrysost.
1215 2385 1350 2422 Medicina:
1377 2385 1499 2422 corporis
1519 2388 1665 2422 peregrina:
1685 2391 1756 2419 sum,
1783 2391 1808 2413 et

1015 2427 1152 2449 exlranew
1167 2429 1175 2447 :
1193 2421 1290 2447 (minus
1316 2426 1405 2448 autem
1432 2421 1622 2448 medicamenta
1637 2429 1669 2447 ex
1685 2422 1807 2455 ipsumet.

1015 2463 1038 2485 et
1058 2457 1171 2491 propriis
1191 2461 1296 2482 natum
1309 2458 1494 2491 pra-rogativis
1514 2457 1650 2483 habemus.

1065 2492 1201 2522 iciendum,
1227 2499 1273 2517 nos
1298 2490 1407 2526 ferventi
1428 2496 1451 2518 et
1471 2493 1639 2526 inflammata
1659 2490 1760 2521 anima,
1784 2496 1808 2518 et

1016 2527 1121 2555 ardenti
1134 2526 1196 2559 ﬁde,
1213 2530 1241 2551 ut
1254 2525 1416 2553 meretricem
1435 2525 1521 2556 illam,
1538 2526 1573 2552 ad
1585 2525 1719 2552 Christum
1733 2534 1806 2553 arcer

1016 2564 1076 2589 dere
1090 2567 1219 2593 oportere,
1236 2567 1259 2587 et
1273 2566 1438 2593 pecratorum
1453 2562 1630 2588 remissionem
1639 2560 1773 2595 ﬂagitare.

1100 2597 1248 2623 Clitnacus.
1267 2595 1295 2623 Si
1310 2597 1405 2631 inﬂata
1420 2597 1452 2623 de
1465 2604 1493 2622 se
1513 2596 1601 2630 opinio
1624 2596 1752 2630 quosdam
1778 2604 1810 2623 tu:

1019 2632 1119 2667 angelis
1134 2632 1264 2658 du'mones
1276 2633 1345 2666 fecit,
1363 2632 1441 2666 plane
1454 2631 1591 2658 humilitas
1602 2638 1633 2667 ea;
1646 2631 1808 2667 dwmonibus

1019 2667 1126 2701 angelos
1160 2666 1246 2701 facere
1270 2671 1353 2701 potest
1369 2669 1561 2701 :quamobrem
1586 2666 1632 2700 qui
1658 2666 1808 2696 cecidimus,

1017 2700 1083 2729 bona
1098 2703 1179 2728 simus
1191 2702 1290 2728 (mimo.
1309 2700 1337 2727 Si
1358 2700 1499 2732 Cherubin,
1518 2702 1548 2727 ob
1562 2700 1647 2727 solum
1661 2701 1808 2734 superbiam

1016 2737 1080 2764 τανιο
1104 2738 1204 2764 ertrusi
1218 2741 1290 2768 sunt,
1307 2736 1457 2765 videndum.
1484 2744 1515 2762 ne
1534 2736 1601 2770 forte
1617 2737 1696 2762 etiam
1713 2736 1809 2771 absque

1018 2773 1073 2798 alia
1089 2774 1194 2803 virtute,
1219 2776 1244 2798 et
1266 2780 1298 2798 ea:
1320 2771 1376 2798 sola
1393 2771 1546 2797 humilitate
1557 2772 1583 2798 in
1604 2772 1696 2797 cwlum
1719 2779 1809 2797 ascen-

1017 2808 1078 2833 dere
1096 2808 1184 2834 liceat.
1207 2806 1288 2833 Dolor
1310 2807 1404 2841 quippe
1416 2807 1501 2832 cordis
1516 2810 1539 2833 et
1556 2807 1638 2833 animi
1662 2814 1718 2841 pra'
1738 2807 1809 2833 omni

1018 2842 1149 2875 corporali
1164 2842 1253 2868 labore
1272 2843 1337 2868 satis
1353 2845 1401 2871 est,
1416 2850 1424 2865 ι
1441 2843 1565 2875 quoniam
1582 2850 1662 2876 prope
1676 2845 1713 2867 est
1739 2841 1808 2867 Deus

1018 2878 1057 2903 Itis
1072 2877 1117 2911 qui
1131 2877 1257 2912 tribuluto
1273 2882 1332 2903 sunt
1347 2876 1433 2907 corde,
1460 2882 1483 2903 cl
1502 2877 1612 2904 Itumiles
1631 2877 1724 2912 :pirilu
1751 2876 1807 2903 sul-

1019 2912 1158 2939 mbuutttr.
1174 2911 1260 2947 (f’sul.
1274 2919 1368 2945 xum,
1390 2911 1442 2947 l9).
1460 2921 1468 2938 ι
