2018 3204
214 197 271 228 753

940 196 1103 226 DlOPTRzl
1110 218 1118 226 .

1803 197 1855 228 Tini

251 253 280 281 Si
304 251 444 280 neminem
470 251 601 283 irriseris,
623 250 763 278 neminem
781 251 946 285 turbaveris,
964 261 1012 281 ne-
1026 255 1047 282 Α
1064 256 1095 279 ιιι
1111 252 1285 288 labyrinthus
1301 262 1309 280 :
1323 242 1435 288 insuper
1451 253 1519 281 nihil
1539 254 1622 282 rebus
1646 254 1679 282 ad
1706 261 1806 290 corpus
1825 260 1854 283 et

219 298 323 326 minem
336 297 516 333 iudicaveris,
542 297 648 332 injuriae
663 304 719 324 non
737 297 896 325 memineris
909 299 928 324 '.

252 344 281 371 Si
296 344 434 371 neminem
449 350 498 378 per
513 343 680 370 calumniam
701 343 758 370 ullo
768 343 849 370 modo
861 344 1009 371 accusaris.

218 389 248 419 Si
264 390 426 425 neutiquam
451 390 485 418 de
504 390 559 417 alio
572 389 737 421 detraxeris,
752 390 857 417 nullum
881 390 946 417 odio
964 390 1012 417 ha-

219 437 325 465 bueris.
342 436 371 464 Si
386 437 446 464 haec
462 436 514 464 rite
528 436 700 471 praestiteris,
716 436 858 470 acquisisti
871 436 1013 463 humilita-

220 489 294 511 tem:
310 482 456 517 acquisiin
479 482 608 513 salutem,
635 481 708 508 haud
725 481 808 509 dubie
833 481 893 509 sine
908 482 1013 509 labori-

219 528 283 560 bus,
299 527 360 555 sine
371 535 505 559 aerumna,
528 527 588 554 sine
609 526 868 559 fossionibus,-sola
892 527 927 555 ad
954 527 1013 555 haec

219 573 361 600 voluntate
373 572 526 600 subiciente
539 572 571 599 ".

254 617 334 651 Quod
353 617 376 644 si
391 621 420 644 et
444 617 564 651 linguam
582 616 721 651 loquendo
735 624 797 651 quae
822 616 1011 644 decentexer-

218 663 321 694 cueris,
335 662 405 690 scito
417 667 443 690 te
457 666 544 689 totum
560 662 723 696 Dccalogum
736 663 821 696 probe
839 662 1010 690 observasse.

219 708 250 736 Si
271 708 336 743 quis
356 712 448 735 autem
468 715 497 735 se
523 707 723 739 humiliaverit,
751 707 956 742 piaculumque.
983 711 1012 734 et

218 754 432 786 exsecrabilem,
446 758 475 781 et
495 754 646 781 ludibrium
668 753 811 780 hominum
827 753 949 784 duxerit.
964 752 1011 788 qui

221 801 332 829 tandem
353 801 469 829 verbum
503 802 616 836 aliquod
644 802 753 832 inutile.
781 806 828 828 aut
853 802 1010 836 profanum,

219 851 270 874 aut
297 847 391 878 inane,
421 851 470 873 aut
493 846 644 881 gloriosum
673 846 843 880 profuderit?
865 846 1010 880 Nunquam

221 892 297 920 enim
310 900 394 927 super
412 892 584 920 contribules
602 900 631 920 se
644 893 743 927 eriget,
761 892 897 927 despiciet
913 893 1012 919 fratres

1064 300 1110 326 res
1121 299 1240 327 caducas
1264 300 1489 335 pertinentibus:
1515 309 1569 328 non
1584 301 1744 328 divitiarum
1764 301 1854 328 abun-

1062 344 1168 378 dantia,
1191 352 1243 373 nec
1267 350 1379 381 sumptu
1409 346 1513 381 aliquo,
1542 348 1734 374 tantummodo
1758 347 1855 374 humili

1063 391 1223 426 precatione
1241 396 1270 419 et
1291 392 1390 419 timore
1406 392 1454 420 Dei
1472 401 1542 427 opus
1556 393 1649 420 habet.
1663 393 1855 428 Complectere

1064 437 1259 470 humilitatem,
1279 438 1301 465 si
1324 437 1423 465 salvari
1441 437 1594 470 desideras,
1619 442 1647 465 et
1665 442 1703 469 tu,
1732 443 1760 465 ct
1784 439 1856 466 alius

1063 482 1179 517 quilibet
1203 482 1251 517 qui
1272 483 1354 517 sapit,
1379 487 1554 517 mentemque
1579 483 1711 510 humilem
1728 487 1801 510 amat
1827 489 1856 512 et

1063 526 1193 559 honorat,
1211 532 1242 555 ut
1254 527 1338 555 etiam
1364 527 1398 555 ad
1417 528 1563 555 Dominum
1581 535 1664 562 quem
1681 528 1856 564 concupiscis

1063 572 1197 600 ascendas
1216 580 1223 599 :
1241 573 1445 608 appropinquat
1465 573 1540 601 enim
1564 572 1616 601 sibi
1641 573 1670 600 in
1698 574 1855 602 humilitate

1064 618 1358 653 appropinquantibus.

1099 664 1196 690 Astus.
1215 664 1378 692 Rectissime
1393 665 1426 692 de
1445 665 1497 693 hoc
1514 666 1597 693 etiam
1614 673 1659 693 me
1675 666 1855 693 admonuisti.

1063 709 1156 741 Qualis
1171 710 1206 737 sit
1217 710 1359 738 humilitas
1378 711 1575 739 demonstrasti
1592 716 1620 739 et
1636 712 1802 747 explanasti.

1099 756 1182 783 Cum.
1212 756 1264 783 Sed
1291 765 1349 791 age,
1378 758 1424 784 hic
1449 766 1604 785 sermonem
1634 759 1772 790 liniatnus,
1804 758 1854 792 ipsi

1065 802 1154 829 Verbo
1166 801 1315 828 verborum
1332 803 1454 837 largitori
1472 804 1573 838 gratias
1588 809 1708 838 agentes.

1099 848 1191 875 Gloria
1207 848 1289 883 igitur
1302 848 1362 880 tibi,
1378 857 1394 875 ο
1407 849 1540 880 Trinitas,
1558 850 1629 877 Deus
1647 850 1769 876 omnium
1784 850 1856 877 le-
1889 865 1891 867 -

1065 892 1146 919 ditor.
1171 893 1293 920 Trinitas
1317 894 1343 920 in
1369 895 1575 930 hypostasibus,
1600 896 1628 922 in
1650 896 1743 923 divina
1764 901 1856 922 autent

218 938 374 970 etamicos,
396 945 447 965 nec
460 938 600 965 deridebit
612 939 639 965 in
654 939 748 973 aliquo
765 938 921 973 proximum
939 946 946 964 :
962 938 1009 965 scd
1029 923 1048 950 Β
1064 942 1160 964 natura
1185 938 1277 966 unitas
1366 939 1444 968 Untts
1473 940 1546 968 Deus
1570 942 1676 968 ratione
1701 942 1855 968 inconfusa.

217 993 330 1012 servum
351 992 380 1011 se
398 984 608 1011 inutilissimum
627 985 776 1019 rcputabit,
792 989 818 1012 et
837 990 893 1011 tum
913 984 945 1011 ad
969 985 1008 1011 fe-

219 1029 300 1057 licem
309 1029 470 1060 terminum.
482 1030 508 1056 in
521 1029 663 1064 Scriptura
673 1037 835 1064 expressum
846 1029 1006 1064 perveniet:

222 1085 232 1101 ι
247 1075 299 1108 Qui
317 1083 347 1103 se
363 1075 501 1107 humiliat,
520 1076 687 1102 exaltabitur
703 1084 710 1102 :
729 1080 838 1107 contra,
852 1075 898 1109 qui
912 1082 940 1102 se
959 1081 1007 1101 ex-

218 1122 356 1155 altaverit,
376 1122 637 1150 ltumiliabiturma

523 1180 636 1209 CAPUT
651 1180 708 1208 XV.

219 1225 360 1262 Epilogus,
385 1236 443 1255 cum
472 1229 620 1290 grat¥trum
636 1228 738 1254 actione
754 1228 789 1254 ad
813 1227 1009 1253 sanctissimam

553 1265 699 1290 rinitatem.

553 1265 699 1290 rinitatem.

254 1311 294 1338 En
314 1309 363 1338 tibi
382 1309 480 1336 salutis
495 1309 578 1340 viam,
595 1316 710 1342 eamque
724 1308 882 1334 lacillimam
895 1307 1009 1334 demon-

221 1358 317 1390 stravi,
344 1357 416 1384 viam
433 1363 493 1390 qum
510 1355 675 1389 compendio
703 1355 737 1381 ad
762 1355 890 1388 princeps
915 1355 1007 1380 lumen

226 1403 359 1437 perducit.
380 1403 454 1430 Nihil
468 1402 544 1429 enim
570 1402 653 1428 habet
668 1401 848 1433 laboriosum,
867 1408 957 1435 neque
973 1401 1006 1427 ad

225 1448 421 1484 dispiciendum
435 1448 555 1482 dillicile,
570 1449 637 1476 nihil
648 1448 763 1480 acelive,
775 1455 826 1475 nce
839 1452 1003 1479 tortuosum,

1061 983 1225 1017 Opinionem
1260 985 1421 1019 gentilium,
1453 990 1482 1013 et
1512 986 1689 1019 Iudaeorum,
1726 991 1855 1021 tanquam

1063 1029 1176 1064 hydram
1199 1030 1402 1065 multicipitem,
1424 1035 1472 1058 aut
1494 1037 1681 1059 monstrosum
1702 1033 1855 1068 Typhoeum

1063 1074 1257 1102 declinamus:
1275 1075 1452 1103 Hebraeorum
1473 1084 1584 1111 quoque
1611 1082 1723 1111 propter
1746 1086 1855 1105 monar-

1062 1122 1163 1150 chiam.
1194 1123 1250 1150 Nos
1283 1124 1356 1151 enim
1387 1125 1574 1152 monarehiam
1601 1126 1723 1160 quidem.
1751 1127 1797 1153 sed
1830 1128 1857 1153 in

1064 1168 1152 1196 tribus
1182 1169 1310 1203 personis
1340 1170 1397 1198 sive
1419 1171 1614 1206 hypostasibus
1640 1172 1781 1198 inconfuse
1804 1173 1856 1198 hu-

1062 1222 1203 1247 uoramus,
1227 1221 1353 1244 naturam
1378 1226 1471 1248 unam.
1496 1221 1523 1244 et
1543 1218 1715 1245 identitatent
1743 1218 1855 1253 glorirc;

1061 1269 1076 1288 a
1090 1270 1142 1296 qua
1160 1262 1263 1289 utinam
1285 1271 1299 1289 a
1318 1265 1437 1298 peccatis
1456 1263 1485 1290 in
1509 1264 1563 1291 hac
1587 1264 1641 1291 vita
1657 1266 1805 1292 contractis
1824 1266 1857 1292 li-

1062 1308 1200 1335 beremur.
1218 1308 1305 1339 Quam
1322 1308 1402 1336 decet.
1423 1309 1518 1344 gloria,
1541 1310 1641 1342 honor,
1665 1311 1800 1342 adoratin,
1828 1316 1857 1338 et

1062 1354 1218 1388 imperium,
1240 1362 1257 1381 ο
1280 1355 1371 1386 Pater,
1395 1358 1422 1382 et
1437 1355 1534 1382 eodem
1553 1356 1651 1383 throno
1677 1357 1714 1383 illi
1732 1357 1858 1384 assiden-

1061 1405 1112 1433 tes,
1129 1401 1178 1428 Fili
1194 1406 1222 1428 et
1246 1401 1364 1436 Spiritus
1379 1406 1483 1436 sancte,
1500 1411 1574 1430 nunc
1591 1408 1617 1431 et
1636 1411 1756 1439 semper,
1780 1409 1807 1432 et
1830 1405 1858 1432 in

1059 1454 1156 1474 omnes
1170 1448 1369 1482 generationes.

258 1517 266 1553 ξ
282 1516 411 1545 Isidorus.
430 1517 658 1550 Quemadmodum
683 1518 734 1545 veri
763 1521 787 1543 et
821 1517 912 1551 fervidi
935 1516 1011 1553 pudi-
1025 1517 1046 1548 C
1065 1517 1210 1553 cumfcrlur
1225 1526 1240 1543 a
1256 1517 1356 1549 multis,
1368 1525 1426 1543 cum
1441 1518 1538 1553 veritas
1554 1519 1611 1553 ejus
1621 1527 1750 1552 nusquam
1780 1527 1854 1553 repo-

219 1552 288 1580 citiw
302 1557 433 1580 amatores
456 1561 487 1579 ea:
512 1561 560 1579 sua
580 1554 696 1587 ipsorum
709 1554 830 1579 castitate
846 1553 925 1578 ctiam
942 1551 1011 1577 alio-

218 1594 280 1614 rlutt
295 1588 407 1618 animos.
422 1596 576 1622 quanquam
604 1588 668 1614 tales
690 1596 741 1614 non
758 1589 820 1617 sint,
842 1595 909 1621 smpe
933 1595 1010 1620 puros

218 1630 275 1648 esse
294 1626 410 1653 censent,
430 1624 611 1657 neminemque
637 1623 804 1649 libidinosum
824 1623 921 1648 ducunt
938 1630 947 1648 :
975 1623 1010 1648 sic

217 1661 312 1693 contra
336 1662 470 1693 proteram.
481 1658 596 1684 libidinis
614 1662 691 1684 (ostro
715 1658 817 1688 perciti,
845 1659 925 1683 etiam
949 1656 1010 1683 illo;

218 1692 263 1726 qui
280 1692 432 1727 hujusmodi
447 1694 509 1719 vitio
528 1698 628 1723 curent,
647 1693 694 1718 sibi
709 1692 807 1719 similes
832 1693 1007 1719 arbitrantur.

218 1727 334 1759 Quilibet
345 1727 416 1754 enim
430 1735 461 1754 ea:
478 1735 505 1754 se
520 1727 587 1754 alios
601 1729 688 1754 metiri
708 1729 848 1754 consuevit.

254 1764 273 1773 "
285 1762 426 1798 Chrysost.
438 1762 528 1798 Etiam
539 1764 691 1795 hacldiuimc
701 1762 869 1796 benignitatis
880 1771 945 1797 opus
959 1768 1007 1793 est,

217 1797 289 1828 quod
305 1797 440 1832 principatu
454 1797 500 1823 Dei
526 1798 665 1829 mandata,
691 1803 714 1823 et
733 1798 825 1831 quibus
838 1799 893 1824 vita
917 1804 1009 1825 nostra

217 1832 378 1868 continetur.
403 1832 435 1859 ab
462 1832 641 1859 imbecillitate
670 1833 787 1867 corporis
825 1832 891 1859 nihil
924 1835 1008 1868 impc-

218 1867 339 1894 diuntur.

254 1903 285 1913 "'
301 1902 468 1930 llumilitatis
479 1904 567 1938 imago
578 1906 603 1929 et
617 1903 713 1937 species
726 1903 846 1938 frequens
858 1907 906 1936 est,
925 1908 947 1929 ct
962 1904 1011 1929 eir-

1065 1552 1160 1578 rialur.
1177 1552 1235 1579 Non
1254 1554 1298 1587 qui
1314 1554 1429 1586 seipsunt
1442 1552 1542 1586 objicit.
1558 1554 1598 1579 hic
1610 1554 1719 1580 hunulis
1737 1558 1774 1580 est
1790 1563 1798 1580 :
1812 1556 1858 1582 ml

1062 1588 1107 1620 qui
1123 1588 1286 1622 cuntgnudio
1304 1597 1319 1614 (ι
1331 1588 1458 1620 proximis
1474 1588 1645 1615 rontumclias
1668 1590 1857 1623 ignominiam-

1062 1630 1111 1656 que
1127 1624 1247 1649 sustinet.
1265 1623 1409 1649 Ilumilitas
1433 1631 1511 1656 porro
1533 1628 1556 1650 et
1575 1624 1655 1650 timor
1676 1624 1721 1650 Dei
1738 1625 1857 1651 omnibus

1062 1658 1199 1684 virtutibus
1214 1659 1387 1686 antecellunt.

1157 1693 1307 1726 Gregorius
1325 1693 1490 1729 Theologus.
1510 1694 1541 1721 In
1556 1699 1648 1721 sancta
1661 1695 1791 1721 Trinitulc
1805 1700 1858 1722 tres

1063 1728 1168 1765 quidem
1181 1730 1353 1760 substantias,
1375 1736 1398 1756 cl
1418 1735 1469 1757 tres
1484 1739 1621 1765 personas.
1640 1736 1766 1757 naturam
1779 1736 1802 1756 (τι
1813 1739 1857 1756 vo-

1065 1763 1193 1790 luntatem
1218 1772 1300 1791 unum
1315 1773 1370 1791 esse
1389 1763 1509 1792 (licinius.
1527 1765 1559 1791 In
1586 1765 1689 1791 Christo
1704 1774 1764 1791 vero
1776 1774 1857 1791 unum

1065 1798 1170 1834 quidem
1185 1799 1349 1833 hypostasin,
1377 1804 1401 1826 ct
1417 1809 1496 1827 unum
1514 1809 1673 1834 personant;
1686 1801 1753 1827 (luas
1769 1805 1857 1827 autem

1066 1833 1224 1864 voluntates,
1246 1835 1311 1860 (tuus
1328 1839 1450 1863 naturas.
1473 1833 1540 1861 (luas
1562 1837 1728 1869 operatioucs
1748 1844 1755 1861 :
1772 1836 1808 1862 ita
1828 1840 1856 1861 ut

1065 1869 1153 1895 carnis
1166 1869 1286 1895 voluntas
1302 1870 1397 1896 (licium
1406 1870 1535 1897 voluntati
1544 1871 1661 1905 subjecta
1671 1871 1714 1897 sit.

597 2078 884 2124 DIOPTB/E
924 2079 1098 2123 LIBER
1139 2078 1466 2123 SECUNDUS.

477 2264 591 2292 CAPUT
611 2264 754 2293 PRIMUM.

217 2324 316 2352 Carnis
333 2324 473 2353 vitiositas,
485 2327 509 2350 et
525 2322 692 2349 contumacia
704 2323 785 2357 ipsius
804 2322 836 2348 ab
854 2322 945 2349 (mima
963 2330 1011 2348 eat-

253 2359 407 2393 probratur.
426 2359 551 2386 Animam
567 2366 599 2385 ea:
615 2360 654 2384 his
667 2365 726 2392 quw
745 2366 790 2391 per
801 2366 895 2392 corpus
911 2358 966 2392 agit
986 2362 1010 2383 ct

252 2398 390 2429 operatur,
412 2393 498 2429 qualis
511 2397 662 2428 quantaque
678 2394 711 2419 sit
732 2395 862 2428 cognosci.

253 2449 352 2477 ANIIA.
387 2450 512 2478 Alterum
546 2449 596 2476 tibi
627 2449 737 2484 ζήτημα
773 2450 1009 2485 ιιυωειὶοιιειιιιμιο

217 2504 352 2531 propono.
382 2496 448 2530 Quae
472 2496 547 2523 enim
575 2503 705 2524 sermone
725 2502 897 2532 antegresso,
919 2502 947 2525 et
962 2498 1011 2524 he-

215 2545 312 2570 sterno
323 2542 368 2570 die
383 2550 417 2570 cx
433 2547 460 2570 te
477 2542 548 2569 scire
566 2542 652 2574 volui,
665 2550 698 2570 ea
711 2547 739 2570 tu
756 2543 823 2570 mihi
842 2543 945 2574 omnia,
961 2552 1009 2578 pro

215 2595 251 2615 eo
266 2595 299 2616 ac
311 2595 355 2616 res
366 2589 525 2623 postulavit,
534 2587 718 2622 exposuisti‘.
729 2588 810 2616 Nune
823 2597 904 2617 nosse
916 2589 1008 2620 velim,

215 2633 350 2661 dissoluta
369 2638 480 2665 natura,
494 2634 522 2660 in
539 2641 608 2668 quas
624 2641 686 2661 oras
710 2633 824 2668 spiritus
844 2634 902 2661 sive
919 2635 1009 2662 anitna

215 2679 284 2707 hinc
309 2679 513 2714 proﬁciscatur.
536 2678 564 2707 Si
590 2679 677 2713 dicas,
698 2680 732 2707 ad
753 2679 866 2712 inferos,
896 2681 1008 2707 ubinam

1029 2265 1049 2293 D
1068 2270 1133 2291 sunt
1163 2265 1266 2292 inferi?
1291 2266 1348 2293 lloc
1378 2270 1403 2293 te
1420 2274 1471 2300 pro
1488 2266 1560 2293 virili
1585 2272 1630 2294 tua
1657 2268 1796 2302 explicare
1821 2279 1856 2298 ne

1064 2311 1165 2346 pigeat.

1100 2356 1183 2384 Cano.
1212 2357 1336 2385 Laboras
1353 2362 1381 2384 tu
1413 2357 1590 2392 negligentia,
1606 2362 1636 2385 ut
1661 2359 1728 2386 mihi
1744 2360 1856 2394 quidem

1064 2403 1185 2431 videtur.
1207 2403 1235 2431 Si
1258 2404 1333 2431 enim
1360 2403 1483 2430 animum
1509 2412 1619 2438 quoque
1640 2404 1674 2431 ad
1698 2405 1857 2440 Seripturas

1063 2450 1232 2482 attenderes,
1258 2449 1373 2484 perinde
1395 2454 1425 2476 ut
1450 2457 1498 2477 eas
1522 2450 1591 2484 legis
1617 2450 1754 2484 (quotidie
1780 2453 1855 2479 enim

1064 2494 1168 2529 psallis,
1187 2499 1215 2522 et
1232 2495 1351 2529 hymnos
1364 2494 1487 2530 recitas),
1504 2496 1596 2523 omnia
1615 2501 1678 2523 nota
1699 2503 1727 2526 et
1742 2504 1856 2533 experta

1063 2541 1112 2567 tibi
1126 2541 1201 2567 intus
1217 2540 1309 2567 lorent
1325 2549 1331 2567 :
1355 2549 1541 2576 sermoneque
1557 2547 1584 2570 et
1599 2543 1725 2572 doctrina
1740 2538 1855 2574 externa

1064 2588 1177 2615 minime
1202 2588 1351 2623 indigeres.
1375 2588 1454 2616 Nunc
1472 2594 1499 2616 et
1514 2589 1668 2625 ignorantia
1681 2594 1758 2627 quasi
1776 2599 1855 2620 tene-

1062 2635 1119 2662 bris
1133 2634 1286 2662 oll'underis
1308 2644 1314 2662 :
1342 2640 1369 2663 et
1386 2643 1428 2663 me
1450 2636 1578 2665 miseram
1604 2638 1796 2675 abjectamque
1813 2640 1856 2668 fa-

1064 2681 1166 2708 mulam
1184 2686 1257 2709 tuam
1277 2682 1442 2718 interrogas.

964 2751 1101 2782 Scholia.

252 2823 261 2832 ⁶
274 2821 406 2859 Isidorus.
431 2821 459 2849 Si
485 2824 553 2849 enim
566 2858 569 2859 ν
586 2824 731 2857 quwsieris,
753 2825 868 2851 inuenies
883 2833 892 2851 :
904 2833 1005 2859 quiet-e3

214 2860 315 2895 autem,
325 2857 352 2895 si
363 2860 387 2884 te
402 2859 518 2884 nondum
533 2858 599 2884 scire
624 2859 768 2893 putaveris.
783 2859 854 2886 Nam
868 2857 963 2895 putare
979 2870 1007 2887 se

222 2891 279 2927 iam
293 2892 371 2924 scire,
389 2897 416 2918 ut
425 2901 471 2918 acc
484 2891 632 2927 quwrulur,
649 2902 694 2921 nec
709 2896 810 2921 sciatur
827 2895 855 2921 in
865 2891 945 2922 causa
957 2902 1005 2922 est.

225 2925 299 2954 Tum:
307 2935 419 2963 namque
426 2925 660 2964 scieritus,quando
668 2938 713 2957 nos
728 2930 886 2958 arbitrantes
897 2932 1005 2964 ursrire,

1061 2826 1201 2860 magistros
1220 2834 1235 2852 α
1254 2827 1348 2861 quibus
1380 2827 1537 2853 erudiamur
1556 2825 1778 2861 requisioerintus.
1802 2825 1837 2852 Et

1062 2861 1130 2887 enini
1142 2862 1248 2896 opinari
1264 2870 1292 2888 se
1308 2863 1385 2892 scire,
1402 2870 1449 2888 nos
1468 2862 1503 2888 ait
1517 2860 1650 2888 sciendum
1669 2860 1806 2895 pro/icere,
1826 2865 1851 2888 ct

1062 2905 1189 2930 quccrcrc,
1206 2900 1229 2923 et
1250 2897 1366 2924 invenire
1381 2905 1433 2924 non
1448 2897 1521 2924 sinit.
