2018 3214
188 186 244 218 ’155

806 189 981 222 PHILIPPI
997 191 1206 235 SOLITARll.

1772 198 1824 230 756

224 243 321 271 ᾹΝΙΜΑ.
345 244 373 271 Si
390 243 439 272 abs
461 247 487 271 te
514 250 568 270 non
594 243 731 278 didicero,
757 253 772 274 a
788 254 844 281 quo
873 247 984 275 tandem
997 248 1249 280 Asiti,aﬂlictione
1259 257 1444 283 maceravero,
1454 256 1482 278 et
1491 251 1645 285 laniavero,
1660 253 1682 280 si
1694 257 1733 281 tot
1744 258 1771 281 et
1782 258 1823 281 tot

189 289 245 317 alio
258 288 381 316 discam?
396 289 430 316 Et
443 289 530 324 ipsam
555 288 729 325 Scripturam
740 292 823 320 audio
835 293 980 329 iubentem

190 333 369 369 interrogare.
387 334 594 369 dicentemque,
612 335 685 363 inter
707 344 737 364 se
756 345 880 372 quaerere
896 343 925 366 et
938 346 981 366 ra-

188 380 279 407 tiones
291 380 417 408 conlcrre
432 380 606 410 fructuosum
623 390 696 411 esse.

223 425 306 453 Csao.
325 425 470 458 Quodnam
494 434 565 462 opus
578 427 628 455 tibi
653 435 727 456 cura:
751 434 812 457 est:
829 433 858 457 et
873 430 918 458 cui
937 430 980 458 in-

189 472 279 500 tendis
308 473 444 505 animum,
463 477 493 501 et.
514 474 549 501 ad
578 474 652 509 quod
676 480 776 503 natura
806 483 837 503 es
863 476 981 505 idonea?

186 519 303 554 agedum
315 527 401 547 narra
417 520 497 548 mihi.

221 565 319 591 ANIHA.
338 564 454 592 Certum
477 572 510 596 ac
524 565 623 594 stabile
637 565 705 594 mihi
731 574 802 602 opus
820 572 863 595 est
876 567 981 609 divin/a-

187 619 248 638 rum
258 619 351 638 rerum
360 612 549 645 meditatio;et
561 614 633 640 unde
643 620 658 640 a
668 613 977 648 principioexstiterim,

185 661 213 684 et
228 665 313 692 quam
338 657 374 685 ob
391 665 520 689 causam:
547 663 576 686 et
590 658 653 694 quis
669 659 705 686 sit
730 659 859 687 conditor
874 668 953 688 meus
970 669 976 687 :

184 708 214 730 et
229 704 370 738 quomodo
399 704 423 731 is
444 712 488 732 me
516 704 600 732 rebus
625 706 817 741 creaturisque
841 706 978 734 universis

183 749 408 776 excellentiorem
435 749 603 783 condiderit,
642 751 792 786 omniaque
822 751 850 779 in
879 759 978 779 manus

184 801 258 821 meas
277 794 395 826 dederit,
418 794 553 827 volatilia,
569 796 693 831 reptilia,
714 796 831 830 bestias,
857 797 972 831 coelum,

182 843 211 867 et
223 839 314 867 omnia
337 839 441 872 sidera,
466 845 555 868 terras
574 845 602 868 et
630 841 726 869 maria.
743 841 776 869 Et
789 842 901 870 tandem
921 850 977 878 quo

182 889 264 919 pacto
279 893 322 912 me
336 885 385 912 tibi
405 885 508 915 foetida:
523 886 676 920 incluserit,
687 891 771 922 atque
783 889 973 924 coniunxerit:

183 935 210 957 et
230 937 351 965 quonam
371 938 405 958 ex
418 931 470 958 hoc
484 931 663 960 tabernaculo
679 932 822 961 evolatura
837 934 902 961 sim.

217 975 301 1004 Cano.
325 976 398 1004 Bene
413 984 511 1009 narras
528 985 536 1004 :
555 982 583 1005 et
598 984 649 1012 ego
667 978 719 1006 ista
737 983 764 1006 te
778 978 872 1007 facere
888 987 921 1007 ac
932 979 976 1007 di-

181 1029 245 1050 cere
262 1022 356 1057 cupio,
373 1027 404 1050 ut
430 1030 527 1053 eorum
554 1022 688 1053 rationem
709 1028 891 1060 naturamque
913 1031 976 1060 per-

182 1068 278 1104 spicue
295 1070 525 1104 comprehendas.

214 1114 312 1142 ANIIA.
325 1114 387 1143 Non
402 1116 473 1144 alius
487 1117 554 1144 mihi
566 1125 679 1154 scopus,
691 1125 746 1146 non
760 1117 905 1152 appetitio.
919 1125 975 1145 non

182 1159 353 1187 desiderium
377 1166 430 1193 est,
450 1169 533 1196 quam
548 1171 658 1199 semper
676 1163 857 1193 commentari
884 1167 912 1191 et
928 1163 976 1191 lte-

182 1205 236 1233 tari
247 1205 291 1233 his
306 1214 366 1242 quae
376 1207 442 1234 dixi.
461 1208 496 1235 Et
511 1209 672 1244 gaudeo,-et
686 1210 819 1243 delector,
830 1214 858 1238 et
873 1216 975 1238 sanctas

181 1249 332 1286 Scriptura:
347 1260 418 1280 .sum
435 1253 538 1285 dedita.
556 1255 657 1284 Verum
677 1259 708 1284 ut
718 1264 766 1284 sus
780 1263 809 1285 se
826 1257 853 1284 itt
882 1256 973 1285 lutum

181 1296 277 1333 abiicit
292 1304 320 1326 et
333 1300 513 1332 contaminat,
529 1306 558 1329 et
574 1301 603 1328 in
615 1309 649 1330 eo
661 1310 690 1331 se
708 1302 830 1337 jucunde
842 1302 971 1330 volutat”:

180 1343 309 1371 similiter
330 1349 358 1372 tu
375 1345 476 1373 stolida
493 1346 618 1381 mihique
638 1347 756 1375 exitiosa
769 1347 846 1376 lacis.
859 1347 894 1375 Ut
908 1355 973 1382 por-

180 1396 231 1416 cus
255 1389 355 1424 quippe
370 1390 569 1425 spurcissimus
596 1392 795 1427 cupiditatibus
814 1392 972 1421 carnalibus

179 1434 346 1470 inquinaris,
362 1442 391 1463 et
406 1444 449 1464 mc
462 1437 564 1472 polluis
579 1439 690 1473 penitus
707 1448 714 1466 ε
727 1444 755 1466 et
769 1439 897 1467 deorsum
910 1446 972 1467 ver.

179 1482 231 1516 gis,
246 1487 275 1510 et
291 1488 410 1510 mentem
436 1483 470 1511 ad
487 1483 633 1520 imaginem
649 1485 697 1512 Dei
712 1485 810 1513 tactam
834 1485 972 1513 turbidam

180 1527 283 1561 reddis,
297 1532 339 1562 ut,
350 1529 584 1564 quemadmodum
598 1530 725 1564 deberet,
742 1532 866 1559 cmlestia
883 1531 971 1567 respi-

177 1580 242 1602 cere
258 1579 387 1609 nequeat.
397 1574 484 1608 Quem
495 1584 561 1612 gero
578 1577 690 1604 oculum
706 1578 796 1610 vitias,
809 1583 892 1613 atque
905 1578 970 1606 hinc
984 1586 1006 1617 ρ

177 1620 324 1654 quamdam
345 1621 546 1650 mutilationem
563 1623 770 1658 caecitatemque
783 1624 867 1651 animi
884 1624 968 1652 susti-

176 1673 255 1698 nens,
266 1666 419 1703 intelligere
430 1675 462 1695 ac
474 1668 631 1704 perspicere
641 1669 820 1704 cogitationes
828 1670 929 1704 cordis,
942 1675 971 1698 et

176 1711 337 1740 attectiones
350 1713 524 1741 turbulentas
535 1721 590 1741 non
608 1721 731 1749 possum.

211 1757 292 1785 Cano.
302 1757 357 1785 Cur
370 1759 407 1786 ita
421 1759 556 1794 loqueris,
565 1759 687 1793 domina,
704 1767 766 1788 cum
780 1765 808 1788 tu
823 1761 969 1796 imperium

177 1804 203 1830 in
220 1811 263 1831 me
281 1808 375 1832 teneas
390 1812 398 1832 2
414 1809 443 1832 ιιι
457 1812 508 1832 ceu
534 1813 620 1841 eques
633 1813 736 1842 equum
752 1814 847 1835 versas
861 1814 904 1834 me
916 1814 970 1842 quo

177 1849 264 1877 lubet.
283 1849 324 1877 Tu
350 1857 459 1878 omnem
476 1855 642 1889 potestatem
665 1859 755 1879 meam
777 1852 804 1879 in
822 1860 906 1880 manu
924 1857 970 1880 tua

177 1896 263 1923 habes
280 1905 287 1923 :
309 1896 414 1932 absque
430 1897 509 1932 cuius
532 1901 602 1924 nutu
626 1905 658 1925 ac
674 1898 816 1926 voluntate
830 1906 882 1934 ego
900 1899 970 1926 nihil

175 1942 217 1969 vel
242 1942 306 1969 mali
326 1950 399 1977 queo
416 1942 568 1971 edicere“.
595 1943 630 1970 Et
646 1943 737 1971 tamen
763 1944 915 1977 maledicis,
944 1949 971 1972 et

175 1989 246 2015 irata
261 1989 328 2016 mihi
344 1990 384 2017 sic
397 1989 543 2016 exordiris.

211 2037 311 2063 Alit)“.
328 2035 406 2064 llaud
421 2043 485 2063 vera
496 2035 575 2067 dicis,
602 2043 653 2064 nec
666 2036 739 2071 quod
754 2043 798 2064 res
813 2040 866 2064 est.
884 2036 970 2064 Simi-

173 2083 238 2110 liter
258 2082 334 2110 enim
351 2081 430 2114 lacis,
444 2086 475 2108 ut
484 2089 573 2117 equus
587 2081 675 2116 ferox,
700 2083 893 2116 intractabilis,
917 2084 967 2111 ha-

173 2130 260 2156 benas
271 2136 416 2163 respuens,
428 2128 553 2161 calcitro,
566 2133 594 2155 et
603 2137 759 2163 percussor,
773 2138 834 2157 cum
844 2130 969 2165 lupatum

174 2173 305 2201 mordens
323 2193 330 2205 ,
347 2176 376 2200 'et
398 2181 448 2208 per
476 2173 533 2202 loca
548 2174 701 2209 praecipitia
715 2182 832 2202 currens
846 2175 968 2210 equitem

175 2219 269 2249 trahit.
285 2218 387 2250 hinnit,
410 2219 525 2246 humum
543 2220 644 2255 ungula
657 2219 759 2255 pulsat,
773 2227 966 2256 sessoremque

174 2265 300 2300 quamvis
315 2264 436 2298 lirmum,
459 2270 486 2293 et
501 2265 580 2293 frena
598 2269 749 2298 tenentem,
765 2266 788 2293 si
807 2266 899 2294 t‘urere
907 2274 965 2295 em-
982 2256 1005 2285 ί)

173 2310 256 2345 perit,
273 2310 340 2338 sella
355 2311 471 2343 excutit,
494 2311 567 2346 quod
581 2311 733 2346 pessimum
748 2315 802 2343 est.
820 2316 848 2339 et
863 2312 963 2347 praeci-

173 2358 257 2392 pitem
272 2357 337 2392 agit.
350 2357 455 2385 ibdem
470 2358 553 2385 modo
565 2365 639 2385 nunc
654 2358 766 2393 quidem
778 2357 850 2386 inter
867 2366 918 2387 nos
934 2366 965 2387 se

173 2410 218 2430 res
232 2403 326 2432 habet.
347 2403 385 2431 Os
403 2404 453 2431 tibi
465 2404 600 2439 ligneum,
617 2409 646 2432 et
656 2404 798 2431 frenorum
811 2405 967 2439 impatiens,

173 2454 203 2479 ιιι
217 2457 307 2485 equus
328 2456 426 2479 contra
441 2451 546 2483 hinnis,
562 2459 615 2480 nec
629 2451 693 2479 duci
721 2451 812 2484 facile,
832 2459 884 2479 nec
900 2459 968 2479 con-

172 2495 244 2522 verti
261 2501 342 2530 potes
359 2505 365 2523 :
385 2497 433 2525 sed
447 2504 492 2524 tne
509 2497 605 2532 potius
628 2497 742 2529 ducere,
761 2504 858 2531 rapere
881 2501 909 2524 et
926 2503 968 2532 ty-

173 2542 286 2570 rannice
304 2546 422 2571 tractare
434 2543 544 2571 conaris

208 2588 236 2616 Si
254 2588 338 2624 igitur
357 2589 541 2624 flagellavero,
570 2594 599 2618 et
625 2591 760 2626 punivero
779 2596 816 2626 te,
833 2592 856 2619 si
878 2591 964 2623 fame,

1033 294 1141 322 labores
1152 295 1201 322 tibi
1211 296 1382 330 imposuere,
1394 301 1423 324 et
1432 297 1544 332 frigore,
1555 302 1584 325 et
1592 298 1718 327 nuditate
1727 308 1825 327 terum-

1036 347 1132 367 nosam
1149 344 1175 368 te
1197 340 1300 374 fecero,
1310 346 1426 377 tuosque
1435 343 1532 376 saltus,
1542 348 1570 371 et
1579 344 1713 372 motiones
1722 350 1826 380 proter-

1034 393 1081 413 vas
1092 385 1129 413 ita
1141 394 1345 421 compressere,
1360 395 1410 423 per
1422 396 1491 423 quas
1502 389 1529 416 in
1544 390 1714 424 superiorem
1732 395 1760 418 et
1776 391 1824 418 he-

1034 439 1092 458 ram
1107 436 1181 459 luam
1191 432 1329 465 ealcitras,
1343 437 1371 460 et
1381 438 1407 461 te
1418 441 1528 463 carnem
1541 435 1650 469 spiritui
1664 444 1712 470 pro
1725 437 1824 463 ant-illa

1031 477 1187 513 subiecere,
1203 486 1258 506 non
1274 478 1364 506 habeo
1376 479 1424 514 qui
1442 487 1550 507 mecum
1565 486 1671 512 currat.
1691 481 1737 515 qui
1755 482 1822 508 mihi

1030 522 1193 556 opituletur,
1210 531 1328 557 quemve
1345 524 1372 550 in
1390 524 1575 552 consectanda
1586 525 1690 553 virtute
1715 526 1822 553 socium

1030 566 1190 594 adhibeam.
1211 566 1356 600 Quomodo
1373 576 1438 603 ergo
1453 568 1552 604 fungar
1562 570 1721 597 actionibus
1734 570 1823 598 hone-

1029 613 1158 640 stissimis
1168 613 1179 639 ?
1189 613 1290 641 Contra
1306 614 1329 641 si
1347 618 1373 642 te
1383 615 1455 648 colo,
1469 615 1491 642 si
1504 615 1551 642 tibi
1566 622 1658 649 parco,
1676 617 1699 643 sl
1709 621 1735 644 te
1749 625 1821 648 amo,

1029 657 1214 685 adversariam
1241 663 1277 690 te.
1294 664 1323 686 et
1347 659 1455 688 hostem
1483 660 1622 687 rabiosam
1650 662 1759 696 reperio
1776 666 1824 689 :et

1029 704 1130 737 tradas,
1145 708 1175 732 et
1200 704 1348 733 contundis
1364 713 1420 738 me.
1439 711 1468 733 et
1482 710 1573 734 tecum
1589 706 1719 734 deorsum
1739 708 1822 742 rapis.

1028 750 1063 777 Et
1080 750 1116 777 ita
1133 757 1242 778 rursum
1261 754 1288 778 te
1304 750 1349 778 hic
1364 752 1468 778 sociam
1487 751 1592 779 laboris
1608 756 1636 779 et
1655 752 1819 786 adiutricem

1027 795 1177 831 adipiscor.
1223 796 1442 825 Malevolentiam
1472 803 1547 824 tuam
1584 797 1823 832 rebellionemquc

1031 842 1127 870 timeo.
1150 841 1279 878 Adiutrix
1301 842 1370 870 mihi
1394 851 1434 875 es,
1454 847 1484 871 et
1504 843 1626 871 vicissim
1643 843 1821 872 obluctatrix.

1027 888 1107 916 Nunc
1131 896 1174 916 me
1197 896 1350 924 oppugnas,
1378 897 1451 916 nunc
1473 890 1597 924 adiuvas.
1623 890 1719 917 Mirum
1743 897 1820 921 sane,

1027 933 1167 968 quomodo
1178 938 1328 968 utrumque
1344 935 1443 968 possis.
1458 933 1529 966 Quid
1546 941 1653 969 captent
1670 934 1777 962 consilii
1793 934 1820 960 in

1029 978 1081 1006 hoc
1092 978 1212 1013 negotio,
1227 979 1337 1012 penitus
1347 979 1450 1005 nescio.
1466 979 1492 1004 Si
1507 978 1656 1005 Conditore
1670 979 1822 1013 imperante

1027 1023 1130 1051 absolvi
1146 1030 1162 1050 a
1178 1027 1205 1051 to
1219 1031 1339 1057 possem,
1356 1031 1407 1058 pro
1422 1023 1564 1051 desiderio
1584 1032 1647 1051 meo
1664 1031 1679 1050 e
1695 1022 1820 1050 custodia

1026 1068 1079 1096 hac
1094 1067 1207 1095 sordida
1220 1068 1380 1103 egrederer,
1405 1068 1610 1104 discedensque
1625 1077 1640 1096 a
1657 1069 1741 1096 rebus
1759 1069 1821 1096 istis

1027 1114 1219 1145 interioribus.
1244 1114 1278 1144 ad
1297 1113 1454 1148 Dominum,
1477 1114 1512 1142 ad
1530 1115 1650 1150 patrium
1669 1115 1770 1145 solum.
1786 1113 1820 1140 ad

1029 1168 1122 1188 meum
1150 1161 1214 1187 vitae
1238 1167 1326 1195 genus
1341 1161 1531 1193 ascenderem.
1556 1164 1585 1188 et
1607 1161 1703 1188 relicta
1733 1166 1818 1192 terra,

1026 1207 1112 1235 C(elos
1126 1206 1291 1234 habitarem.

1060 1252 1144 1280 Cano.
1175 1252 1299 1279 Sublime
1314 1256 1408 1280 evecta
1426 1260 1467 1285 es.
1491 1257 1520 1280 et
1545 1260 1626 1288 supra
1653 1260 1696 1280 me
1712 1252 1818 1280 sublata

1025 1299 1129 1334 potius,
1144 1299 1220 1326 velut
1245 1298 1360 1326 materia
1380 1303 1408 1326 et
1419 1306 1536 1333 corpore
1554 1306 1666 1329 vacans.
1682 1299 1756 1326 velut
1771 1307 1819 1326 na-

1025 1349 1088 1372 tura
1103 1344 1227 1380 angelus,
1245 1344 1321 1372 vclut
1347 1345 1453 1373 ratione
1469 1350 1565 1372 ornata
1580 1353 1611 1372 ac
1632 1345 1816 1380 sempiterna,

1025 1391 1171 1420 velutsola
1194 1390 1353 1420 Conditoris
1379 1391 1527 1426 imaginem
1552 1396 1580 1420 et
1606 1391 1816 1421 similitudinem

1024 1443 1183 1466 consecuta.
1213 1437 1331 1467 Mundus
1347 1438 1494 1469 universus
1508 1442 1561 1466 tuae
1578 1438 1744 1472 praestantia:
1758 1444 1814 1464 non

1023 1487 1066 1510 est
1090 1483 1290 1518 comparandus
1383 1482 1439 1518 Ego
1463 1482 1535 1515 vilis,
1564 1487 1593 1509 ct
1618 1488 1716 1510 natura
1742 1482 1819 1517 igno-

1023 1528 1097 1561 bilis,
1127 1536 1178 1564 ego
1211 1529 1333 1564 peccatis
1364 1528 1474 1561 dedita,
1500 1533 1527 1556 et
1558 1536 1640 1557 carne
1665 1529 1757 1560 lutea.
1788 1532 1817 1555 et

1022 1574 1192 1602 exsecrabile
1215 1573 1347 1609 quiddam
1377 1581 1409 1601 ac
1435 1573 1607 1605 detestabile.
1636 1582 1669 1602 ex
1696 1579 1817 1608 quatuor

1023 1620 1168 1647 elementis
1195 1618 1337 1647 commista
1360 1624 1388 1647 et
1416 1619 1578 1654 composita.
1598 1624 1628 1646 ut
1651 1624 1680 1647 tu
1708 1627 1814 1647 censes.

1021 1666 1071 1694 Dic
1085 1665 1165 1698 mihi,
1181 1670 1210 1692 et
1232 1665 1348 1700 impera,
1374 1670 1404 1692 ut
1421 1665 1543 1698 domina,
1566 1665 1639 1700 quod
1663 1665 1813 1693 videbitur.

1021 1711 1125 1739 Tamen
1148 1711 1246 1744 sime,
1271 1718 1354 1746 quam
1381 1715 1411 1738 ut
1433 1711 1586 1746 improbam
1612 1711 1761 1746 vituperas,
1787 1715 1816 1738 et

1021 1761 1129 1792 turpem
1161 1756 1250 1789 ducis,
1288 1764 1342 1784 non
1373 1756 1508 1789 haberes,
1546 1756 1628 1784 nihili
1653 1756 1815 1784 astimanda

1021 1812 1106 1832 esses.

1055 1853 1150 1878 Amm.
1169 1849 1289 1883 Siccine,
1304 1848 1403 1876 ancilla
1417 1848 1611 1881 audacissima,
1629 1848 1747 1876 dominae
1761 1852 1815 1876 tua:

1022 1897 1194 1932 respondes?
1217 1903 1267 1924 cur
1283 1899 1312 1924 tu
1330 1895 1399 1922 adeo
1414 1895 1540 1930 imperite
1572 1899 1601 1923 et
1621 1894 1753 1922 audacter
1773 1895 1814 1922 lo-

1022 1944 1137 1979 queris?

1057 1990 1139 2018 Cano.
1161 1989 1188 2017 Si
1216 1989 1312 2016 audire
1332 1989 1433 2024 placet,
1454 1996 1504 2016 cur
1525 1988 1641 2017 dixerim
1666 1998 1726 2024 qua:
1744 1989 1813 2022 dixi,

1020 2037 1141 2072 primum
1161 2035 1250 2070 posita
1261 2034 1403 2062 iracundia
1420 2034 1556 2069 placidam
1586 2038 1613 2062 te
1629 2035 1739 2063 exhibe.
1756 2036 1813 2071 Ego

1021 2090 1088 2110 vero
1102 2081 1155 2109 etsi
1179 2081 1322 2116 paululum
1348 2088 1363 2108 a
1386 2080 1489 2109 decoro
1505 2080 1613 2114 dellexi,
1631 2089 1813 2116 personaeque

1021 2128 1205 2156 reverentiam
1221 2127 1393 2162 aliquantum
1412 2127 1532 2161 seposui,
1548 2127 1701 2160 veritatem,
1721 2132 1752 2155 ut
1765 2135 1814 2162 par

1020 2179 1074 2207 est,
1089 2174 1173 2201 latius
1187 2173 1238 2201 tibi
1251 2180 1396 2208 exponam.
1410 2172 1450 2200 Tu
1465 2180 1509 2200 me
1524 2177 1629 2200 attente
1640 2173 1715 2204 audi,
1725 2177 1753 2200 et
1764 2181 1812 2201 eo-

1020 2227 1131 2256 gnosce.
1148 2219 1214 2247 Sine
1230 2218 1432 2250 instrumentis,
1446 2224 1474 2246 et
1487 2219 1630 2251 membris,
1645 2223 1674 2246 et
1687 2220 1814 2254 partibus

1019 2266 1091 2293 meis
1109 2264 1289 2293 Conditorem
1301 2263 1409 2291 allicere
1421 2263 1561 2296 laudibus,
1577 2269 1605 2292 et
1620 2266 1758 2298 venerari,
1784 2270 1813 2292 et

1020 2312 1059 2339 illi
1083 2311 1187 2347 gratias
1200 2317 1281 2345 agere
1297 2317 1353 2338 non
1363 2313 1454 2345 potes.
1470 2310 1550 2343 Quod
1562 2311 1680 2339 alterum
1696 2317 1751 2343 est,
1761 2311 1812 2338 de-

1018 2359 1091 2386 lictis
1102 2358 1270 2393 perpetratis
1286 2365 1341 2385 non
1353 2361 1433 2392 potes
1446 2358 1637 2392 paenitentiam
1654 2365 1735 2393 agere
1745 2364 1808 2384 cum

1017 2405 1146 2440 lacrymis
1174 2403 1337 2436 humilibus,
1356 2408 1387 2431 ut
1411 2403 1521 2435 Petrus,
1546 2407 1573 2430 et
1591 2402 1731 2434 meretrix,
1754 2400 1809 2428 nisi

1017 2459 1068 2487 ego
1081 2451 1250 2479 collaborem
1275 2451 1336 2484 tibi,
1354 2455 1383 2478 et
1406 2456 1431 2479 te
1441 2452 1581 2487 adiuvem.
1608 2449 1659 2477 Ubi
1679 2453 1705 2475 te
1728 2456 1744 2475 a
1765 2454 1809 2474 me

1018 2497 1184 2532 seiunxeris,
1204 2501 1262 2524 tum
1283 2504 1326 2524 mc
1339 2505 1435 2525 verum
1451 2497 1553 2525 dixisse
1568 2495 1734 2530 comperies.

1054 2545 1152 2571 ANJIA.
1170 2543 1273 2570 lterum
1295 2543 1426 2576 blateras,
1446 2540 1734 2573 iterumcontradicis,
1755 2539 1809 2568 ite-

1019 2598 1082 2618 rum
1097 2590 1294 2625 impudentius,
1313 2590 1401 2618 hostis
1419 2598 1489 2622 mea,
1504 2587 1656 2623 respondes
1670 2588 1725 2614 "".

919 2647 1057 2679 Scholia.

208 2706 218 2716 ‘
232 2705 427 2744 Eagccllentiant
450 2707 548 2735 animo:
562 2709 688 2737 ostendit.
709 2709 779 2737 Nam
792 2709 834 2736 illi
845 2713 900 2736 tota
914 2717 963 2744 gu-

171 2741 292 2768 bernatio
309 2743 452 2769 commissa
465 2747 513 2770 est.

208 2777 226 2786 “
242 2776 354 2812 Corpori
370 2785 430 2804 cum
449 2779 541 2805 anima
557 2779 640 2813 [cadus
655 2787 709 2806 non
721 2779 870 2811 intercedit,
881 2787 927 2806 nec
939 2783 966 2805 ut

172 2813 292 2849 rapinam
308 2813 443 2849 honorat;
457 2813 643 2849 sedraduersus
661 2823 720 2841 eam
740 2815 907 2849 impudenter
920 2815 964 2841 in-

171 2846 323 2884 surgil_lege
334 2848 444 2884 peccati,
459 2852 485 2884 et
500 2848 554 2882 lege
571 2846 789 2884 concupiscenlidz
806 2857 815 2876 :
840 2854 865 2876 et
889 2849 963 2877 volu-

172 2885 245 2913 ptate
255 2882 282 2907 in
295 2882 435 2909 consilium
452 2883 583 2917 adhibita,
595 2885 623 2912 in
635 2882 736 2912 terram
745 2892 775 2912 sc
787 2885 887 2920 objicit,
904 2893 949 2918 pec
961 2900 964 2901 ν

173 2920 313 2950 ratumque
328 2922 464 2951 operatur.

1051 2709 1083 2720 ’“
1096 2708 1240 2742 Chrysost.
1263 2707 1346 2735 Nosse
1365 2709 1413 2739 vis.
1428 2711 1558 2742 quantum
1580 2706 1689 2733 valeant
1711 2706 1809 2733 anima:

1014 2745 1135 2771 nostrae?
1153 2739 1346 2778 Redemptum;
1370 2751 1414 2770 eas
1434 2739 1568 2773 Christus.
1588 2750 1640 2768 non
1653 2742 1807 2778 “mundum,

1014 2788 1067 2806 non
1083 2779 1186 2810 emtum.
1201 2776 1255 2807 noti
1275 2784 1388 2810 terram,
1408 2786 1459 2805 non
1476 2785 1560 2810 mare,
1587 2778 1634 2804 sed
1649 2776 1726 2804 illum
1748 2784 1810 2812 pre-

1014 2816 1120 2853 tiosum
1127 2816 1286 2853 sanguinem
1302 2820 1381 2853 suum
1396 2813 1477 2853 dedit.
1547 2848 1552 2853 Ι
1601 2849 1606 2853 _
1723 2848 1728 2853 '

1110 2848 1242 2878 Isidorus.
1260 2849 1314 2877 Nec
1328 2849 1444 2876 libertati
1461 2848 1641 2882 impudentia,
1657 2856 1703 2876 nec
1720 2848 1774 2883 imp
1782 2854 1810 2873 ι-

1013 2886 1109 2914 dctttiaz
1123 2886 1248 2914 libertatis
1265 2893 1359 2913 nomen
1379 2884 1575 2920 imponendum.
