4036 6418
326 387 437 449 737

1803 392 2158 457 DlOI‘TRA.

3491 403 3621 464 758'

397 504 565 564 Cano.
629 505 1000 572 Quamobrem
1057 521 1187 564 vero
1235 511 1488 566 taceam?
1542 509 2070 578 QuamobremAin
2139 509 2434 580 lucemque
2503 512 2822 581 protuleris,
2883 514 3232 584 obscuraque
3275 523 3330 570 et
3382 519 3608 573 occulta

325 598 616 654 desinam?
641 597 769 654 Scio
791 613 880 655 me
903 598 1007 654 tibi
1035 598 1294 658 famulam
1317 612 1376 658 et
1401 618 1618 660 servam
1649 605 1910 662 traditam

327 698 386 744 et
419 688 737 759 adjunctam
771 704 917 746 esse.
966 688 1095 746 ideo
1143 697 1326 747 tamen
1356 693 1595 765 elinguis
1619 695 1767 752 facta
1799 713 1909 753 non

327 795 476 843 sum,
531 795 637 835 nec
683 778 918 850 desipis.
965 779 1070 847 Qui
1106 789 1397 854 utramque
1430 797 1678 842 nostrum
1729 789 1908 857 tinxit,

328 872 585 944 spiritum
613 870 751 929 mihi
780 871 1003 937 indidit,
1032 883 1092 928 et
1122 882 1179 930 tu
1204 890 1313 932 non
1332 878 1488 946 prior
1515 894 1600 935 me
1625 891 1808 936 (reatu
1823 897 1906 937 es.

330 963 443 1018 Nec
475 976 562 1017 me
609 961 810 1032 ﬁgulus
840 962 1084 1034 quidam,
1140 975 1192 1020 te
1222 977 1406 1024 autem
1439 967 1586 1026 Deus
1623 969 1904 1039 pmniisit.

331 1054 465 1111 Sine
497 1070 585 1111 me
618 1063 960 1126 ccutempta,
987 1065 1042 1112 et
1069 1056 1315 1123 deserta,
1345 1070 1404 1115 et
1432 1061 1571 1116 nihil
1610 1077 1695 1118 es.
1748 1062 1909 1118 luco-

323 1148 482 1220 gnita
526 1163 610 1212 es,
668 1149 906 1219 spectari
954 1151 1172 1221 nequis,
1219 1153 1420 1220 otiosa,
1474 1164 1528 1211 et
1561 1155 1727 1211 iners.
1773 1156 1912 1224 Quis

327 1237 477 1292 enim
517 1245 570 1292 te
605 1237 780 1302 novit,
808 1238 935 1307 quis
961 1241 1250 1308 spectavit,
1289 1244 1414 1312 quis
1460 1254 1512 1299 te
1540 1245 1622 1300 vel
1655 1246 1910 1315 aliquan-

330 1338 448 1382 tum
488 1329 799 1400 cognoscit,
837 1346 971 1388 num
1022 1333 1272 1402 pulchra,
1327 1351 1459 1393 num
1523 1339 1786 1394 deformis
1836 1341 1912 1396 sis

327 1429 550 1483 natura,
602 1434 734 1474 num
793 1420 1059 1489 prudens,
1091 1439 1225 1478 num
1269 1425 1582 1491 laudabilis,
1635 1445 1705 1486 an
1747 1429 1911 1500 plane

326 1525 492 1564 secus
527 1529 540 1565 :
579 1528 712 1568 num
745 1512 1052 1586 ingeniosa,
1104 1533 1238 1574 num
1303 1518 1512 1590 inepta,
1553 1532 1610 1579 e‘t
1655 1523 1911 1594 imperita

327 1605 595 1674 prorsus?

401 1694 594 1750 ANIIIA.
627 1694 802 1761 Quam
827 1697 899 1751 ob
921 1713 1145 1756 causam
1178 1710 1238 1756 tu
1268 1701 1404 1762 mihi
1438 1704 1541 1762 ista
1582 1709 1907 1780 exprobras,

325 1791 382 1838 et
405 1784 537 1853 quid
564 1786 663 1841 tibi
699 1787 857 1852 velis,
891 1791 1143 1847 ostende.

395 1875 560 1932 Cano.
595 1878 678 1932 En
711 1880 998 1936 veritatem
1016 1885 1308 1954 perspicue
1331 1886 1428 1942 tibi
1467 1890 1724 1957 pandam.
1768 1893 1906 1952 Tota

327 1968 444 2024 haec
463 1970 814 2039 universitas,
833 1975 1030 2042 partim
1052 1991 1240 2046 sensu,
1259 1981 1454 2048 partim
1475 1983 1754 2042 intellectu
1781 2005 1910 2058 per.

326 2063 531 2132 cipitur
555 2082 567 2116 :
591 2066 956 2138 intelligibilia
991 2067 1450 2142 iutell-igibilibus,
1472 2079 1751 2134 sensibilia
1785 2097 1913 2138 sen-

326 2153 605 2212 sibilibus.
630 2156 938 2229 Utrumque
960 2171 1156 2219 natura
1185 2175 1370 2222 nostra
1394 2184 1494 2238 pro
1511 2173 1764 2240 portione
1786 2191 1910 2232 sor-

327 2246 428 2300 tita
455 2257 560 2304 est.
595 2248 726 2314 Quae
772 2252 1016 2321 subjecta
1064 2264 1194 2311 sunt
1219 2261 1495 2326 sensibus,
1521 2280 1622 2333 per
1644 2282 1908 2327 sensuum

328 2342 698 2397 instrumenta
715 2346 1029 2414 cognoscit:
1046 2346 1476 2421 intelligibilim
1491 2361 1912 2428 comprehensio

328 2447 436 2488 non
455 2448 521 2526 ea
547 2434 635 2490 bis
654 2435 808 2506 ipsis,
825 2437 923 2492 sed
940 2454 1006 2494 ex
1027 2441 1141 2496 sola
1156 2457 1420 2501 sensuum
1435 2447 1718 2507 iunctione
1734 2456 1913 2526 gigni-

327 2531 441 2581 tur.
465 2524 755 2583 Hocrnado
775 2539 828 2584 tu
848 2531 1028 2600 qualis
1042 2532 1138 2596 sis,
1162 2540 1528 2607 cognosceris.
1545 2541 1622 2596 Ex
1639 2524 1750 2599 illis
1761 2524 1910 2604 enim

329 2633 452 2686 qua:
486 2619 621 2690 agis,
651 2629 780 2675 nota
802 2622 1010 2679 evadis.
1049 2625 1118 2680 Et
1140 2627 1402 2685 Dominus
1421 2642 1798 2693 creaturarum
1828 2640 1914 2696 his

331 2707 468 2762 solis
487 2710 996 2779 comprehenditur.
1018 2713 1152 2780 Quis
1177 2718 1323 2774 enim
1344 2731 1466 2790 post
1481 2723 1734 2783 homines
1755 2738 1913 2788 natos

337 2796 512 2852 Deum
537 2801 706 2856 vidit?
737 2803 958 2860 Etenim
1008 2816 1209 2864 natura
1255 2822 1341 2868 est
1397 2815 1831 2889 inaspectabilis,
1857 2833 1915 2880 et

343 2905 562 2947 onmem
609 2896 904 2950 essentiam
947 2898 1122 2955 vineit
1157 2918 1170 2955 :
1211 2902 1307 2958 sed
1339 2919 1408 2960 ex
1456 2906 1591 2976 ipsis
1640 2915 1913 2973 creaturis

337 2987 696 3054 preportione
735 2988 998 3046 videtur:
1031 3011 1051 3046 ι
1118 2993 1420 3054 lnvisibilia
1477 3002 1626 3057 enim
1681 3006 1801 3074 Dei,
1850 3018 1912 3064 ut

2012 601 2275 656 omnibus
2329 602 2679 673 patefeceris.
2709 605 2984 676 Prospicis
3035 616 3218 662 autem
3269 622 3366 678 per
3405 609 3601 665 oculos

2013 708 2186 760 meos,
2213 704 2275 749 et
2307 695 2547 752 intueris
2588 714 2712 768 quae
2747 699 2849 754 vis.
2897 698 3164 769 Loqueris
3199 714 3297 769 per
3353 701 3596 770 linguam

2011 801 2192 840 meam
2225 803 2238 842 :
2282 803 2380 852 per
2401 804 2567 845 aures
2613 789 2808 857 audis;
2845 807 2948 861 per.
2976 791 3267 846 odoratum
3299 792 3593 859 odoraris;

2011 894 2113 949 per
2138 895 2335 937 manus
2356 897 2510 938 meas
2530 885 2806 954 operaria,
2837 894 2894 939 et
2913 899 3107 938 omnes
3133 893 3280 940 artes
3305 883 3598 940 scientias-

2011 987 2141 1043 que,
2172 989 2204 1030 ιι
2239 975 2553 1033 trivialihtrs
2593 987 2652 1033 et
2706 979 2938 1033 minutis
2978 995 3157 1049 usque
3197 978 3291 1032 ‘ad
3331 979 3597 1033 maximas

2010 1080 2112 1135 per
2135 1081 2227 1120 me
2258 1082 2511 1124 exerces.
2561 1067 2709 1125 Nihil
2739 1071 2860 1126 sine
2891 1071 2996 1126 hac
3034 1071 3253 1135 ancilla,
3287 1070 3444 1135 nihil,
3477 1071 3596 1126 sive

2012 1157 2066 1213 id
2104 1158 2174 1214 ad
2199 1159 2639 1232 intelligentiam,
2676 1165 2795 1218 sive
2828 1161 2894 1218 ad
2926 1178 3149 1218 sensum
3175 1153 3590 1234 spec~tet,'pr:e-

2006 1260 2158 1306 stare
2202 1253 2370 1309 vales.
2415 1255 2530 1325 Ego
2583 1262 2637 1310 te
2694 1255 3009 1318 manifesto,
3059 1271 3161 1326 ego
3204 1255 3309 1310 tibi
3359 1255 3592 1326 gloriam

2005 1345 2207 1401 alere.
2233 1347 2444 1403 Alienis
2473 1363 2544 1404 ne
2573 1348 2832 1420 gloriare,
2856 1348 3177 1406 adventitiis
3210 1365 3277 1405 ne
3296 1349 3592 1404 insolesee.

2625 1461 2850 1519 CAPUT
2886 1463 2952 1518 Π.

2013 1551 2130 1608 Nisi
2151 1561 2303 1607 artus
2361 1563 2411 1607 et
2457 1553 2691 1608 membra
2746 1556 2978 1624 corporis
3029 1553 3373 1614 decreverint,
3403 1553 3595 1624 anima:

2087 1625 2382 1694 functiones
2413 1641 2518 1678 non
2541 1641 2803 1693 apparere
2821 1622 2847 1689 ;“
2866 1633 2938 1686 et,
2967 1625 3012 1677 ai
3042 1624 3352 1694 membrum
3367 1622 3589 1694 aliquod

2084 1691 2300 1763 perierit
2366 1705 2458 1749 aut
2485 1691 2730 1753 vitiatum
2779 1695 2958 1761 fuerit,
2989 1693 3276 1748 secundum
3313 1691 3446 1746 illud
3462 1691 3597 1746 ani-

2083 1781 2226 1819 mam
2249 1765 2382 1819 nihil
2417 1781 2594 1837 agere.
2652 1767 2768 1829 Qua
2810 1767 2863 1837 iu
2895 1774 3046 1837 parte
3081 1763 3315 1837 corporis
3354 1765 3598 1837 animum

1935 1853 1986 1913 Β
2077 1850 2173 1888 seu
2229 1831 2728 1913 urenteryfﬁabitare
2775 1831 3184 1888 existimandum
3203 1835 3294 1888 sit.
3345 1831 3599 1887 Animam

2085 1915 2135 1959 ct
2163 1921 2355 1976 corpus
2383 1907 2484 1960 sibi
2512 1916 2694 1959 mutuo
2715 1915 2894 1959 creata
2937 1921 3066 1959 esse.

2081 1994 2238 2063 Quod
2261 1997 2306 2052 si
2335 2005 2510 2052 totum
2540 1997 2703 2068 plene
2733 1996 2892 2067 cupis
2931 1996 3172 2059 discere,
3222 1993 3449 2050 attende
3503 1993 3614 2049 hic

2009 2089 2150 2144 mihi
2167 2089 2438 2156 animum,
2459 2099 2516 2146 et
2535 2089 2779 2145 dilucide
2805 2089 3098 2160 percipies.
3117 2087 3258 2143 Nota
3278 2101 3337 2142 es
3357 2085 3572 2141 utmaxi
3591 2115 3608 2124 -

2013 2198 2102 2238 ma
2131 2183 2601 2254 pulchrorumque
2621 2183 3014 2255 pulcherrima.
3031 2181 3114 2237 Ab
3134 2181 3348 2252 origine
3365 2188 3458 2234 tua
3473 2195 3603 2249 per-

2010 2273 2180 2341 fecta,
2204 2288 2302 2346 per
2333 2283 2387 2329 te
2411 2283 2796 2330 consummata
2836 2283 2893 2330 et
2919 2274 3082 2344 plena
3103 2287 3185 2337 es,
3211 2271 3346 2326 mihi
3377 2269 3504 2326 inde
3531 2269 3604 2324 ab

2016 2375 2177 2423 utero
2220 2377 2471 2423 materno
2511 2367 2760 2422 assidens
2794 2374 2849 2421 et
2882 2363 3228 2420 cohabitans.
3269 2363 3384 2434 Ego
3417 2370 3612 2416 autem

2014 2473 2141 2514 cum
2172 2457 2412 2528 primum
2463 2471 2681 2520 nascor,
2715 2457 2894 2511 infans
2940 2469 3086 2521 sum,
3142 2455 3309 2509 fretus
3333 2467 3508 2508 novus
3540 2465 3604 2505 ac

2013 2563 2212 2605 recens
2247 2549 2704 2615 omnino,,omnis
2741 2547 2978 2604 actionis
3006 2547 3299 2616 impotens,
3335 2555 3393 2600 et
3418 2556 3472 2598 ιιι
3505 2559 3606 2614 per

2017 2655 2106 2696 me
2151 2650 2288 2697 tunc
2339 2641 2604 2696 universe
2651 2640 2790 2695 nihil
2823 2641 2960 2708 agis.
2997 2638 3272 2693 Necenim
3313 2637 3606 2692 articulate

2016 2735 2302 2806 quippiam
2363 2733 2628 2804 loqueris,
2655 2747 2760 2787 nec
2787 2731 3037 2786 ambulas
3075 2731 3326 2794 omnino,
3374 2745 3474 2783 nec
3501 2727 3604 2782 ali-

2015 2828 2150 2900 quid
2197 2842 2430 2898 Opernm
2463 2826 2718 2882 manibus
2753 2825 2893 2880 meis
2943 2821 3172 2880 conﬁcis
3210 2840 3224 2878 :
3282 2823 3378 2877 sed
3426 2822 3612 2877 otiosa

2017 2938 2099 2990 es,
2133 2930 2194 2977 ut
2237 2921 2449 2976 dictum
2485 2929 2591 2986 est,
2621 2927 2678 2975 et
2743 2927 2964 2989 tempus
3000 2916 3280 2972 inutiliter
3310 2914 3598 2984 transigis,

2019 3029 2218 3086 meque
2246 3013 2505 3068 famulam
2532 3021 2588 3068 et
2610 3011 2879 3083 abjectam
2906 3018 2988 3076 tu,
3015 3009 3260 3073 domina,
3294 3015 3611 3075 exspectas,

330 3092 566 3172 ,niagnus
607 3078 700 3134 ille
724 3080 929 3172 Paulus
953 3083 1168 3147 scribit,
1199 3102 1269 3142 ex
1291 3089 1380 3144 bis
1409 3106 1532 3160 qua:
1584 3094 1727 3152 facta
1761 3108 1911 3167 sunt,
1940 3092 1983 3150 (Ξ
2017 3078 2195 3163 (longe
2225 3105 2474 3160 membra
2523 3078 2757 3170 meapet
2809 3110 2995 3172 partes
3052 3099 3152 3156 tibi
3211 3099 3604 3170 perﬁciantur,

333 3165 608 3223 intellecta
632 3171 1053 3241 conspiciuntur
1070 3175 1136 3241 ⁸³,
1151 3196 1171 3230 ι
1193 3187 1250 3232 et
1269 3193 1336 3234 ex
1360 3183 1630 3250 sapientia
1653 3165 1914 3258 amplitué

331 3259 573 3331 dineque
590 3277 698 3332 qua
721 3265 988 3334 producta
1010 3276 1158 3335 sunt,
1182 3269 1475 3342 Conditor,
1492 3286 1552 3330 ut
1569 3278 1778 3334 dictum
1804 3293 1912 3350 est,

331 3355 702 3423 cognoscitur.
737 3356 946 3414 Deinde
973 3368 1247 3431 quotquot
1273 3379 1441 3434 opera
1473 3371 1722 3438 quotidie
1751 3371 1913 3441 fiunt,

334 3445 510 3504 instar
558 3463 882 3518 praeconum
944 3453 1206 3510 omnibus
1251 3456 1545 3515 Dominum
1588 3462 1914 3531 praedicant.

334 3539 410 3595 Ex
454 3542 833 3611 magnitudine
876 3546 1048 3612 enim,
1100 3554 1157 3602 et
1185 3548 1603 3617 pulchritudine
1633 3567 1917 3613 creatura-

336 3646 479 3696 rum,
527 3632 736 3703 inquit,
779 3649 971 3690 earum
1007 3653 1213 3707 parens
1236 3647 1294 3695 et
1333 3652 1517 3698 ree-tor
1557 3649 1914 3717 perspicitur.

336 3723 447 3795 Ego
471 3735 687 3782 metum
718 3727 937 3784 vitalem
969 3729 1068 3786 abs
1095 3740 1148 3787 te
1190 3731 1426 3803 accipio,
1462 3743 1520 3791 tu
1553 3738 1797 3797 vicissim
1837 3746 1916 3800 tui

339 3819 846 3878 manifestationem
881 3837 912 3878 a
943 3840 1032 3880 me
1081 3828 1310 3898 accipis,
1353 3845 1454 3900 per
1495 3847 1682 3902 quam,
1727 3845 1786 3892 ut
1819 3855 1920 3909 per

336 3909 769 3967 instrumentum
810 3917 1078 3985 operaria.
1116 3918 1233 3990 Ego
1281 3922 1429 3976 enim
1461 3933 1613 3979 tuum
1653 3927 1918 3986 indicium

337 4012 394 4057 et
415 4011 569 4069 nota,
608 4019 715 4059 nec
749 4004 1073 4078 iprudens
1097 4025 1299 4080 praeco,
1331 4023 1389 4068 et
1422 4017 1580 4073 testis
1618 4018 1921 4077 incircum-

335 4098 544 4165 scripta
596 4112 718 4153 sum
748 4114 983 4170 operum
1027 4112 1087 4158 et
1119 4119 1464 4173 sermonum,
1506 4125 1630 4180 quae
1685 4122 1743 4168 et
1781 4130 1924 4185 quos

338 4199 439 4254 per
475 4202 681 4258 organa
715 4205 835 4246 mea
858 4192 1074 4262 prodis,
1096 4203 1154 4251 et
1188 4213 1289 4266 per
1325 4198 1494 4268 ipsos,
1529 4209 1584 4256 et
1616 4218 1741 4258 cum
1784 4207 1920 4277 ipsis

339 4283 611 4336 terrarum
643 4281 836 4337 orbem
872 4299 1154 4356 peragras.
1186 4287 1256 4343 Et
1285 4290 1432 4360 apud
1472 4307 1559 4347 me
1600 4295 1918 4364 occultaris,

339 4377 396 4425 et
445 4371 548 4426 sub
590 4373 786 4429 umbra
839 4391 958 4432 mea
1001 4379 1169 4444 lates,
1224 4389 1285 4436 ut
1313 4392 1514 4438 natura
1560 4384 1920 4458 intelligentia

339 4469 623 4526 constans,
652 4471 712 4517 et
741 4475 1030 4535 aspectum
1064 4467 1303 4540 fugiens.
1338 4471 1408 4526 Et
1431 4474 1616 4530 omnis
1651 4483 1744 4530 tua
1773 4479 1924 4548 cogi-
1958 4463 2000 4517 ι)

341 4549 498 4614 tatio,
539 4552 858 4621 quaesitum,
893 4556 1157 4626 placitum
1187 4573 1298 4613 non
1333 4561 1469 4627 exit,
1513 4579 1626 4618 non
1671 4567 1924 4636 eli'ertur,

340 4642 484 4711 apud
511 4651 562 4697 te
588 4653 856 4700 remanet.
882 4645 1004 4701 Non
1031 4659 1241 4716 orator,
1267 4666 1377 4707 non
1405 4654 1794 4728 philosophus,
1816 4677 1924 4717 non

340 4745 647 4806 geometra,
695 4753 807 4796 non
874 4751 1045 4808 vates,
1080 4759 1190 4798 non
1268 4762 1462 4818 magus
1534 4750 1756 4822 aliquis,
1814 4770 1927 4812 non

342 4827 492 4883 ullus
528 4828 673 4885 alius
723 4845 788 4886 ea
821 4835 1130 4906 cognoscit,
1167 4835 1346 4894 donec
1378 4855 1410 4894 a
1459 4856 1548 4896 me
1587 4858 1674 4909 os,
1715 4845 1770 4901 id
1816 4856 1924 4914 est,

341 4935 438 4980 sex
479 4923 636 4991 quasi
669 4923 927 4990 chordas,
963 4925 1334 4986 instrumenta
1363 4932 1576 4988 scilicet
1613 4936 1681 4991 ad
1729 4951 1926 4995 sonum

341 5012 498 5068 vocis
543 5014 822 5070 edendum
869 5016 1020 5073 inter
1069 5035 1133 5074 se
1170 5025 1530 5094 congruentia
1573 5032 1925 5100 sumpseris:

347 5113 562 5176 guttur,
590 5105 797 5174 fauces,
836 5110 1062 5177 collum,
1095 5111 1362 5183 linguam,
1395 5116 1572 5184 labra,
1609 5119 1840 5188 dentes;
1873 5131 1931 5178 et

344 5195 436 5252 bis
467 5211 692 5252 sensum
717 5208 872 5255 tuum
909 5201 1228 5267 declararis,
1257 5213 1312 5259 et
1339 5205 1506 5263 dubia
1524 5211 1932 5281 explanaveris,

454 5313 500 5346 ⁸⁸
530 5314 863 5380 Rom.1,20.
947 5315 994 5347 θ’
1040 5316 1274 5385 Luc.xl,
1323 5319 1412 5374 54.

2019 3212 2325 3268 eorumque
2358 3195 2695 3250 conveniens
2727 3193 2828 3250 tibi
2865 3192 3270 3249 incrementum
3305 3189 3598 3260 adipiscar,

2020 3287 2561 3361 plenitudinemque,
2614 3295 2670 3342 et
2711 3299 3031 3341 mensuram
3085 3283 3265 3339 aatatis
3315 3283 3603 3353 attingam.

2022 3382 2163 3437 Tum
2197 3381 2418 3437 demum
2439 3380 2506 3434 ad
2542 3379 2816 3435 actionem
2843 3386 2900 3432 et
2928 3375 3124 3448 praxin
3156 3375 3415 3446 procedis
3439 3377 3478 3428 '.

2091 3474 2250 3542 Quod
2298 3475 2344 3528 si
2391 3473 2526 3528 mihi
2574 3487 2679 3527 nec
2723 3469 2932 3541 opinati
2979 3463 3192 3540 aliquid
3240 3467 3418 3524 morbi
3467 3467 3613 3523 acci-

2027 3567 2193 3630 derit,
2219 3576 2276 3622 et
2305 3567 2447 3622 forte
2484 3565 2737 3620 membro
2767 3564 3019 3618 mutilata
3059 3571 3161 3618 aut
3192 3562 3404 3632 privata
3431 3561 3608 3623 fuero,

2025 3661 2191 3717 etiam
2231 3668 2288 3713 tu
2322 3673 2387 3713 ex
2421 3673 2486 3712 ea
2534 3663 2693 3726 parte
2728 3654 2797 3710 ad
2845 3653 3122 3725 agendum
3156 3650 3622 3723 operandumque-

2027 3750 2298 3806 imbecilla
2342 3759 2397 3804 et
2441 3748 2719 3817 impotens
2763 3744 3216 3815 deprehenderis.
3256 3741 3412 3809 Quod
3464 3742 3511 3797 si
3555 3752 3614 3797 et

2026 3838 2241 3895 cerebri
2297 3834 2784 3891 inflammationem
2847 3833 3047 3903 patiar,
3093 3841 3190 3887 aut
3233 3833 3339 3886 alia
3394 3832 3610 3887 ratione

2026 3928 2169 3983 male
2192 3943 2279 3983 me
2306 3927 2566 3990 habeam,
2589 3923 2776 3980 subito
2806 3936 3024 3978 meeum
3060 3921 3238 3986 doles,
3259 3928 3318 3973 et
3348 3919 3608 3987 attonita,

2027 4031 2082 4078 et
2130 4021 2286 4092 quasi
2323 4018 2636 4090 epileptiea,
2663 4025 2760 4072 aut
2796 4025 2982 4072 mente
3033 4021 3192 4085 capta
3237 4027 3350 4068 non
3385 4011 3612 4082 aspicis,

2028 4129 2140 4169 non
2179 4110 2445 4184 loqueris,
2488 4110 2626 4165 nihil
2665 4109 2887 4179 penitu
2938 4107 3093 4163 facis.
3136 4106 3411 4171 Breviter,
3441 4104 3615 4160 semi-

2033 4217 2272 4269 mortua,
2315 4213 2373 4260 et
2424 4205 2554 4259 vita:
2608 4217 2807 4273 expers
2853 4201 3085 4257 videris.
3111 4198 3270 4256 Sicut
3316 4207 3373 4256 et
3415 4213 3542 4270 ego,
3565 4197 3614 4254 si

2031 4300 2176 4354 oculi
2211 4297 2317 4354 mei
2369 4296 2715 4352 obtenebrati
2750 4295 2979 4360 fuerint,
3011 4305 3068 4350 et
3122 4293 3192 4349 iis
3246 4293 3448 4364 patiar,
3482 4305 3614 4345 mox

2034 4399 2209 4445 totum
2251 4406 2455 4461 corpus
2504 4404 2688 4444 meum
2727 4388 3085 4450 obscuratur,
3116 4392 3179 4441 ut
3232 4387 3287 4441 in
3317 4383 3619 4454 Evangelia

2031 4484 2300 4553 scriptum
2360 4492 2446 4537 est
2479 4482 2526 4514 θ’
2576 4499 2590 4536 :
2647 4481 2865 4536 tametsi
2921 4480 3107 4535 omnia
3152 4478 3400 4534 membra
3464 4477 3622 4531 firma

2031 4591 2096 4630 ac
2145 4576 2375 4631 robusta
2432 4590 2673 4630 servem.
2703 4573 2819 4628 Hoc
2859 4572 3028 4628 etiam
3080 4569 3350 4640 contingit
3408 4569 3530 4633 tibi,
3571 4568 3619 4622 si

2033 4683 2193 4723 mens
2250 4668 2436 4722 minus
2492 4667 2635 4722 belle
2689 4663 3296 4720 babuerit.Cerebrum
3350 4659 3516 4732 igitur
3561 4663 3618 4713 in

2032 4757 2217 4815 medio
2263 4759 2462 4829 capitis
2492 4758 2822 4812 collocatum
2853 4764 2977 4809 est:
3004 4768 3164 4809 mens
3197 4760 3256 4806 ut
3290 4750 3479 4820 regina
3509 4759 3620 4811 est.

2031 4867 2157 4907 cum
2187 4851 2446 4905 facultate
2474 4848 2697 4918 triplici,
2715 4846 3001 4907 memoria,
3024 4841 3434 4914 imaginatione,
3452 4839 3624 4894 ratio-

2032 4945 2330 5001 cinatione.
2383 4942 2478 4998 Vis
2541 4937 2891 5010 irnaginatrix
2945 4931 3197 5007 (διάνοια)
3227 4932 3284 4989 in
3355 4918 3620 4987 anteriori

2036 5036 2156 5105 ejus
2191 5044 2369 5104 parte,
2407 5031 2673 5088 memoria
2713 5031 2768 5085 in
2800 5027 3111 5099 posteriore
3145 5025 3253 5080 sita
3304 5032 3391 5079 est
3417 5039 3431 5077 :
3458 5020 3622 5077 tertia

2039 5127 2096 5181 in
2160 5126 2369 5192 medio,
2420 5124 2661 5193 cerebri,
2712 5125 2960 5194 inquam.
2992 5119 3242 5191 intelligo
3310 5117 3453 5173 bene
3499 5129 3628 5186 qua

2039 5217 2166 5273 dico

1855 5418 2136 5484 Scholia.

418 5514 443 5588 _‘_
462 5512 807 5588 Anastasius.
866 5514 1002 5568 Dum
1056 5531 1244 5586 corpus
1289 5527 1532 5572 nostrum
1583 5519 1831 5588 iufanlile
1885 5532 1938 5575 et

348 5583 521 5655 adhuc
555 5583 917 5655 imperfectum
949 5594 1046 5650 est,
1069 5583 1229 5640 etiam
1261 5587 1556 5642 intellectus
1587 5583 1764 5644 noster
1789 5591 1932 5646 velut

347 5653 550 5732 minus,
580 5653 640 5707 et
659 5653 1094 5732 imperfectus,“
1118 5659 1374 5732 insipiens
1400 5667 1500 5732 est,
1532 5676 1596 5732 ac
1630 5661 1799 5716 nihilo
1825 5662 1934 5732 fere

349 5727 544 5794 magis,
566 5742 728 5795 quam
752 5725 920 5780 bruta!
945 5725 1244 5782 animantes
1269 5728 1537 5783 discernit.
1561 5731 1599 5784 (λ
1609 5725 1932 5787 restantibus

351 5803 531 5850 autem
565 5795 807 5852 membris
836 5799 1127 5852 secundum
1170 5815 1352 5852 eorum
1398 5803 1744 5857 narrationem
1771 5805 1932 5860 etiam

351 5864 649 5922 intellectus
698 5869 884 5939 augeri
926 5877 974 5924 ει
1024 5867 1287 5925 illustrari
1334 5870 1559 5926 videtur.

2110 5522 2404 5578 “Pacilus.
2438 5519 2612 5590 Caput
2660 5537 2780 5574 cum
2831 5521 2899 5575 sit
2928 5537 3038 5576 una
3072 5517 3315 5591 quadarn
3356 5527 3481 5586 pars
3528 5513 3624 5565 Iut-

2039 5592 2189 5647 mani
2211 5589 2627 5662 corporiajejus
2679 5606 2868 5645 nomen
2917 5601 3022 5644 tres
3070 5589 3220 5642 illius
3258 5589 3628 5662 partescum-

2036 5655 2316 5733 Μαρτίων-ξ
2333 5655 2561 5733 quarum
2589 5663 2763 5734 media
2791 5671 2992 5734 verte-1:,
3029 5662 3218 5734 antica
3235 5655 3482 5734 sinciput,
3506 5666 3598 5720 pos
3615 5682 3628 5690 -

2038 5731 2142 5806 lica
2173 5731 2375 5803 occiput
2415 5734 2626 5806 dicitur.
2659 5732 2722 5806 In
2757 5733 2949 5806 harum
2981 5731 3152 5806 inedia
3175 5731 3333 5806 situm
3365 5731 3442 5806 est
3480 5735 3627 5806 cera.-

2038 5805 2212 5867 brum,
2239 5789 2382 5857 récta
2413 5804 2510 5857 sub
2555 5804 2769 5868 vertice,
2801 5803 2890 5854 ubi
2918 5802 3064 5854 sedes
3113 5806 3203 5868 est,
3228 5794 3395 5868 aaiiai
3437 5789 3626 5866 nostri,

2038 5864 2296 5946 tanquam
2325 5876 2480 5946 regis,
2505 5891 2656 5945 qtiem
2687 5864 2928 5947 proxime
2951 5873 3150 5940 stipant
3178 5864 3460 5938 facultates
3486 5864 3634 5933 prin-
