4036 6422
451 356 560 440 '759

1690 379 2031 440 Pl—IILIPI‘I
2071 379 2463 439 SOLI'I‘ARH

3623 394 3739 459 7U!)

520 488 740 559 Triplex
770 502 936 560 porro
969 487 1200 544 facultas
1231 487 1440 559 absque
1474 500 1680 555 mente,
1707 499 1792 546 est
1821 491 2034 546 inutilis
2063 495 2111 550 Λ
2208 489 2373 545 Cano.
2412 491 2672 546 Pet-cellis
2718 510 2800 547 me
2836 497 3020 552 verbis
3051 499 3181 562 tuis,
3210 510 3265 556 et
3292 504 3518 573 premis,
3545 517 3598 560 et
3627 509 3727 560 mi-

437 587 696 649 .or..nino,
718 581 1072 652 quantumvis
1096 582 1352 648 valuerit,
1370 591 1427 637 et
1449 582 1598 637 salva
1615 583 1710 638 tibi
1733 583 1998 638 manserit
2020 601 2033 637 :

451 689 648 744 nempe
691 674 864 738 ratio,‘
892 673 994 739 ira,
1046 674 1344 743 cupiditas,
1398 690 1524 730 cum
1557 674 1761 744 quibus
1795 685 1853 729 et
1904 691 2036 744 pro-

449 774 632 821 creata
665 781 745 829 es,
777 774 834 820 ct
860 781 888 819 a
915 766 1188 836 principio
1215 782 1244 821 a
1274 766 1484 831 lictore,
1512 775 1568 822 et
1592 767 1882 822 conditore
1915 776 2032 832 tuo,

448 858 808 927 «nimiumque
855 857 1122 914 ell'eetore
1170 860 1514 928 processisti.
1546 860 1622 916 De
1665 869 1867 915 caetero
1898 860 1943 915 si
1975 860 2032 914 in

447 949 627 1005 medio
681 950 974 1005 cerebrum
1031 949 1206 1005 fuerit
1255 951 1522 1014 validum,
1577 961 1689 1007 tres
1737 951 2031 1007 facultates

446 1053 552 1095 tua:
609 1049 852 1110 quatuor
911 1041 1148 1096 virtutes
1204 1042 1531 1109 cardinales,
1564 1043 1740 1099 instar
1794 1046 2029 1118 alicuius

443 1133 729 1204 quatkigae
777 1144 1065 1204 generant.
1098 1133 1230 1200 Quae
1265 1135 1479 1190 ratione
1512 1143 1751 1202 constat,
1778 1138 2025 1208 pruden-

445 1221 574 1275 tiam
609 1230 666 1276 et
689 1221 997 1292 justitiam;
1028 1222 1083 1276 in
1116 1238 1224 1292 qua
1248 1224 1454 1280 irarum
1481 1225 1708 1282 ardores
1727 1228 2022 1293 exsistunt,

441 1313 824 1369 fortitudinem
851 1314 979 1378 ;cui
1028 1315 1290 1371 libidines
1333 1316 1544 1385 insunt,
1576 1318 2019 1390 temperantiam.

439 1405 682 1459 tierebro
702 1413 883 1458 autem
899 1404 1123 1472 allecto,
1145 1407 1435 1476 perdidisti
1465 1423 1679 1473 omnes,
1707 1427 1818 1466 non
1843 1413 2021 1468 solum

437 1505 674 1565 quatuor
723 1496 822 1552 has
867 1505 923 1552 et
958 1500 1245 1570 generales
1281 1501 1538 1567 virtutes,
1590 1503 1689 1558 sed
1748 1512 2021 1576 quotquot

439 1591 632 1646 harum
666 1591 956 1660 complexu
988 1599 1342 1660 coercentur,
1376 1596 1701 1650 memoriam
1746 1606 1900 1666 puta,
1929 1613 2018 1652 ra-

436 1680 879 1745 tiocinationem,
901 1683 1269 1753 phantasiam,
1295 1683 1635 1754 opinionem,
1665 1695 1722 1740 et
1755 1685 1866 1739 vim
1893 1701 2019 1741 scn-

439 1773 610 1851 tiendi
645 1784 885 1829 mentem
934 1774 1269 1845 principem,
1298 1783 1355 1830 et
1390 1776 1660 1832 fenestras
1693 1793 1844 1832 meas
1883 1792 2015 1833 sen-

447 1863 619 1919 ticndi
684 1865 950 1934 quinque,
995 1865 1194 1930 visum,
1239 1864 1554 1931 odoratum,
1594 1865 1864 1932 auditum,
1912 1882 2017 1936 gu-

434 1963 660 2022 statum,
714 1967 918 2011 tactum
968 1956 1025 2010 in
1071 1956 1362 2023 manibus;
1420 1958 1604 2012 omnia
1665 1958 1828 2013 simul
1890 1972 2018 2027 per-

434 2057 591 2111 eunt,
616 2061 738 2117 quae
763 2046 960 2101 animze
984 2056 1040 2101 et
1068 2047 1338 2115 corporis,
1364 2062 1486 2115 quae
1518 2047 1732 2102 occulta
1759 2057 1815 2102 et
1844 2049 2020 2102 mani-

432 2140 588 2194 festa.
615 2138 770 2204 Quod
805 2139 850 2194 si
886 2139 1027 2192 bene
1054 2139 1234 2194 valeat
1278 2137 1555 2208 tripartita
1579 2138 1684 2204 vis,
1708 2139 2013 2202 rationalis,

432 2227 744 2292 irascibilis,
774 2227 1242 2298 concupiscibilis,
1273 2226 1630 2282 nihilominus
1663 2243 1773 2282 non
1809 2227 2018 2282 habent

431 2318 582 2387 quod
608 2328 769 2388 agant
796 2318 911 2372 hate
945 2319 1072 2382 tria,
1101 2320 1344 2389 patiente
1377 2320 1630 2383 cerebro,
1658 2318 1804 2389 quod
1839 2320 2017 2374 omni-

432 2410 534 2464 bus
562 2409 802 2464 excellit.
831 2409 949 2466 Jam
983 2411 1029 2464 si
1061 2411 1177 2465 vita
1203 2426 1323 2466 mea
1355 2410 1423 2466 ad
1449 2420 1795 2467 senectutem
1843 2413 2014 2483 majo-

432 2517 548 2557 rem
581 2503 916 2573 pervenerit,
943 2512 998 2557 et
1029 2505 1094 2558 ad
1136 2503 1557 2574 octogesimum,
1583 2509 1677 2559 aut
1705 2519 1770 2558 eo
1804 2502 2015 2559 diutius

431 2595 724 2666 supersim,
754 2595 1122 2666 languidaque
1148 2610 1212 2651 ac
1245 2595 1490 2649 marcida
1543 2595 1791 2649 membra
1823 2609 2013 2670 evasee

429 2688 557 2755 rint,
578 2697 633 2743 et
656 2688 748 2743 alii
775 2703 990 2753 sensus,
1015 2687 1215 2757 quibus
1244 2687 1419 2742 libere
1448 2687 1642 2752 uteris,
1669 2701 1773 2741 nec
1805 2686 1878 2740 ita
1909 2685 2008 2740 tibi

427 2795 583 2836 mens
633 2780 819 2835 damni
873 2795 1070 2848 expers
1115 2779 1246 2835 erit.
1280 2779 1392 2833 Nec
1448 2777 1669 2848 quando
1704 2777 1760 2831 in
1810 2777 2009 2852 febrim

425 2889 607 2929 acrem
635 2881 693 2930 et
723 2874 1101 2944 quotidianam
1164 2872 1436 2928 incidero.
1463 2871 1574 2926 Nec
1605 2887 1730 2927 cutn
1764 2879 2006 2925 mustum

429 2969 618 3023 hibero
667 2969 990 3038 plurimum,
1016 2966 1161 3022 sicut
1190 2966 1324 3022 Noe.
1353 2965 1630 3032 Quantum
1683 2967 1831 3020 enim
1881 2981 2006 3020 cor-

425 3062 571 3132 poris
601 3061 758 3133 vigor
808 3060 1136 3125 remittitur,
1168 3065 1383 3113 tantum
1432 3058 1597 3111 etiam
1646 3056 2006 3127 intelligentia

2145 584 2255 637 rari
2307 583 2476 648 subit,
2509 587 2790 654 quomodo
2823 604 2908 642 me
2945 599 3052 643 tam
3104 591 3357 663 imperite
3391 597 3725 668 interroges,

2141 687 2402 745 tanquam
2454 677 2783 747 simpliciter
2843 692 3230 750 percuncterc.
3285 687 3470 744 Dicam
3542 700 3722 746 tamen

2139 772 2452 826 veritatem.
2481 772 2630 826 Nihil
2672 788 2771 842 per
2819 790 2907 830 me
2940 777 3092 832 novi.
3125 777 3200 842 Ex
3233 795 3344 849 quo
3379 790 3562 836 autem
3597 794 3722 839 nata

2136 875 2280 925 sum,
2313 871 2375 916 et
2423 862 2475 916 in
2513 864 2690 918 lucem
2742 865 2912 932 edita,
2943 877 3180 924 scrutata
3211 885 3357 934 sum,
3391 873 3581 940 didici,
3612 875 3723 929 Deo

2139 953 2454 1023 adjuvante,
2505 955 2887 1012 mediocriter.
2959 958 3096 1014 Cum
3147 960 3463 1021 didicissem
3536 977 3720 1021 autem

2132 1046 2411 1116 quomodo
2445 1063 2705 1118 quaerens
2736 1050 3028 1120 quaesitum
3083 1052 3346 1120 inveniat,
3380 1065 3436 1112 et
3487 1073 3720 1114 convcr-

2132 1139 2322 1194 tisscm
2351 1154 2438 1195 me
2459 1139 2526 1194 ad
2556 1140 2757 1211 ipsum,
2784 1143 2967 1199 inveni
2996 1144 3132 1198 mihi
3161 1144 3372 1214 datum,
3396 1149 3546 1218 quod
3574 1166 3722 1221 qua:-

2130 1229 2317 1284 rebam
2343 1235 2384 1284 ‘.

2199 1319 2529 1376 Aristoteles
2562 1332 2620 1378 et
2666 1321 3030 1394 Hippocrates
3071 1325 3218 1382 Cous
3263 1327 3338 1400 (5)
3368 1329 3569 1384 mentis
3618 1346 3716 1386 seu

2126 1412 2294 1467 animi
2351 1412 2539 1468 sedem
2599 1429 2722 1470 esse
2773 1416 2967 1471 volunt
3025 1421 3080 1476 in
3123 1419 3286 1475 corde
3332 1421 3716 1491 potissimum;

2124 1505 2368 1561 Galenus
2407 1505 2747 1562 dissentiens
2771 1522 2892 1562 eam
2931 1508 2984 1562 in
3031 1511 3264 1566 cerebro
3308 1512 3483 1582 ponit.
3512 1512 3716 1584 Grego-

2126 1597 2246 1653 rius
2300 1598 2580 1668 Nysscnus
2639 1598 2788 1652 aliud
2841 1599 3074 1670 judicat,
3108 1611 3165 1657 et
3219 1603 3464 1674 physicis
3519 1606 3716 1660 horum

2121 1688 2472 1759 dogmatibus
2520 1689 2874 1753 contradicit,
2908 1690 3037 1745 dum
3096 1692 3170 1746 ita
3212 1694 3406 1748 scribit
3439 1712 3452 1749 :
3487 1695 3718 1750 Animus

2121 1791 2184 1838 ut
2214 1798 2302 1838 res
2332 1782 2656 1851 incorporea
2686 1796 2796 1836 non
2827 1790 3004 1851 potest
3033 1784 3438 1850 circumscribi,
3462 1802 3574 1840 non
3608 1787 3718 1841 lue-

2125 1883 2208 1930 ret
2236 1873 2290 1927 in
2317 1873 2458 1927 locis
2485 1887 2610 1926 cum
2640 1883 2948 1937 moveatur,
2974 1888 3075 1926 nec
3099 1874 3348 1928 cohiberi
3379 1885 3545 1944 queat
3571 1893 3584 1939 ;
3613 1890 3716 1930 nec

2123 1967 2178 2022 in
2208 1967 2456 2038 partibus
2498 1965 2748 2034 corporis
2785 1973 2842 2019 et
2881 1965 3145 2020 membris
3178 1976 3380 2022 manet.
3408 1967 3581 2022 Totus
3612 1983 3711 2022 au-

2123 2067 2232 2114 tem
2290 2066 2467 2113 totum
2525 2071 2728 2126 corpus
2781 2057 3110 2124 pervadens,
3143 2074 3264 2128 quze
3328 2058 3412 2112 sui
3463 2059 3713 2112 muneris

2119 2159 2271 2214 sunt,
2304 2157 2364 2204 ut
2401 2157 2598 2204 natura
2646 2163 2745 2202 sua
2800 2147 2925 2214 fert,
2959 2159 3152 2218 suopte
3203 2160 3342 2202 nutu
3387 2150 3521 2220 agit,
3564 2149 3714 2203 sanis

2119 2241 2372 2312 partibus
2411 2256 2511 2311 pro
2556 2239 2938 2294 instrumentis
2980 2249 3161 2293 utens.
3191 2239 3347 2306 Quod
3401 2240 3445 2293 si
3479 2238 3705 2309 aliquod

2119 2335 2316 2388 horum
2353 2332 2632 2387 infirmum
2669 2339 2871 2401 pneter
2907 2341 3158 2386 naturam
3197 2331 3383 2392 fuerit,
3421 2346 3529 2384 non
3564 2346 3700 2399 ope-

2121 2433 2274 2480 ratur
2303 2425 2524 2480 animus
2563 2424 2617 2477 in
2658 2423 2853 2477 atl‘ecta
2886 2431 3063 2492 parte,
3094 2431 3153 2476 ut
3188 2421 3476 2491 superiore
3509 2421 3704 2490 dispu-

2118 2517 2324 2572 tatione
2347 2516 2481 2572 satis
2507 2530 2784 2584 superque
2809 2514 3122 2568 docuimus.
3146 2513 3408 2583 Exemplo
3433 2512 3529 2566 tibi
3557 2513 3704 2582 quod

2117 2609 2246 2664 dico
2280 2607 2580 2664 dilucidius
2615 2606 2832 2661 faciam.
2865 2605 3341 2672 Quemadmodum
3382 2604 3426 2658 si
3463 2604 3589 2672 quis
3619 2603 3704 2657 fa-

2115 2701 2216 2757 ber
2246 2700 2514 2756 ferrarius
2541 2715 2663 2770 qua:
2695 2714 2803 2754 non
2829 2708 2960 2753 sunt
2983 2706 3127 2767 agat,
3155 2697 3458 2777 multisque
3490 2697 3701 2750 instru-

2117 2795 2316 2849 mentis
2347 2793 2414 2848 ad
2445 2808 2585 2863 opus
2616 2808 2646 2846 e
2680 2791 2832 2847 ferro
2861 2789 3267 2845 conficiendum
3303 2804 3432 2844 usus
3465 2788 3557 2849 sit,
3594 2802 3706 2857 prze

2113 2886 2238 2942 aliis
2282 2893 2465 2940 autem
2515 2883 2736 2947 incude,
2768 2883 2988 2946 malleo,
3028 2883 3256 2952 forcipe,
3321 2891 3374 2936 et
3403 2881 3490 2936 his
3543 2880 3709 2934 faciat

2111 2978 2260 3048 quod
2285 2977 2416 3032 facit
2447 2996 2460 3032 :
2491 2976 2632 3032 nihil
2658 2975 2804 3030 enim
2832 2975 2950 3029 sine
2978 2975 3045 3028 iis
3075 2973 3341 3028 fabricare
3384 2980 3598 3044 potest;
3625 2971 3706 3025 sic

2113 3070 2248 3124 mihi
2275 3077 2330 3125 ct
2354 3069 2600 3124 animum
2623 3067 2912 3122 considera
2941 3084 2955 3122 :
2986 3066 3028 3126 si
3055 3082 3163 3121 non
3191 3081 3384 3121 sanum
3411 3081 3525 3128 cor,
3547 3074 3705 3119 etsa-

419 3164 477 3210 et
505 3154 748 3225 cognitio
772 3153 1042 3210 vanescit.
1088 3152 1458 3208 lnveteratnm
1487 3151 1690 3222 quippe
1714 3165 2004 3220 organum,
2033 3187 2078 3252 C
2112 3177 2244 3217 num
2292 3159 2604 3223 cerebrum,
2639 3167 2699 3213 ιη
2739 3158 3360 3221 instrumenta-tractet,
3389 3171 3498 3210 non
3539 3155 3705 3209 habet

420 3260 478 3323 et
508 3265 622 3316 vas,
655 3250 774 3306 sive
804 3249 973 3305 etiam
1003 3263 1230 3318 corpus,
1263 3257 1439 3302 totum
1487 3249 1731 3318 vigorem
1763 3246 2008 3302 etlicicn-

420 3347 664 3416 tiamque
720 3344 1014 3414 pristinam
1043 3358 1154 3397 non
1198 3347 1400 3406 servat,
1426 3356 1548 3410 quae
1589 3355 1698 3394 una
1727 3355 1851 3396 cum
1884 3355 2012 3395 cor-

423 3452 556 3506 pore
586 3436 871 3492 crescitet
902 3434 1262 3499 convalescit,
1295 3440 1350 3488 et
1381 3447 1506 3486 cum
1537 3431 1735 3487 eodem
1783 3446 2006 3486 rursum

421 3527 767 3583 consenescit
788 3535 845 3582 et
866 3524 1140 3581 ﬂaccescit
1166 3543 1178 3579 :
1201 3534 1257 3581 et
1284 3540 1347 3580 ex
1374 3525 1743 3580 instrumento
1770 3523 2007 3590 musico,

422 3634 532 3674 non
556 3619 724 3685 bono,
747 3633 851 3674 nec
881 3633 1080 3675 suaves
1107 3618 1350 3674 eduntur
1369 3618 1512 3673 soni.
1537 3617 1720 3673 Cerno
1743 3632 1845 3689 ego
1869 3632 2003 3672 ocu-

420 3712 512 3779 Lis,
539 3719 596 3765 tu
629 3725 762 3766 vero
791 3710 1019 3782 pupillis
1048 3710 1250 3766 mentis
1277 3727 1290 3764 :
1316 3725 1423 3780 qua
1455 3709 1680 3779 quidem
1709 3724 1816 3763 non
1847 3722 2002 3774 sana,

421 3805 606 3863 omnia
653 3803 966 3875 perdidisti.
997 3801 1347 3866 Intellexisti,
1387 3801 1722 3872 cognovisti,
1752 3801 1998 3866 domina,

420 3897 552 3968 quid
597 3898 890 3962 voluerim,
919 3904 976 3953 et
1014 3911 1124 3966 quo
1158 3904 1321 3966 pacto
1355 3894 1476 3949 sine
1521 3909 1608 3948 me
1654 3893 1864 3947 honore
1896 3891 2000 3946 ali-

419 4004 529 4062 quo
561 3990 838 4060 dignanda
870 4004 982 4044 non.
1010 3989 1135 4044 sis?

489 4081 684 4138 ANlllA.
715 4081 988 4149 Intellexi,
1035 4081 1288 4151 perspexi
1348 4081 1588 4151 penitus,
1615 4084 1668 4132 et
1717 4076 2002 4146 obstupui.

427 4173 497 4228 Ut
544 4173 755 4240 dixisti,
807 4183 866 4228 ut
919 4175 1106 4228 locuta
1152 4189 1234 4238 es,
1274 4183 1339 4228 ut
1377 4171 1719 4236 memorasti,
1778 4174 1853 4225 ita
1896 4178 2003 4225 est.

421 4266 619 4321 Nescio
646 4275 828 4321 autem
863 4264 1009 4319 unde
1046 4264 1145 4319 tibi
1174 4264 1372 4319 horum
1405 4264 1670 4335 cognitio,
1693 4271 1751 4318 et
1779 4261 1925 4318 unde
1949 4270 2007 4321 et

419 4374 448 4412 a
485 4372 596 4426 quo
626 4356 770 4411 hanc
809 4356 1099 4412 scientiam
1149 4357 1512 4426 compararis.
1552 4355 1730 4410 Narra
1763 4355 1899 4410 mihi
1937 4354 2005 4410 de

419 4457 758 4517 praeceptore
797 4457 910 4516 tuo,
945 4449 1069 4519 quis
1097 4457 1154 4504 et
1183 4447 1328 4503 unde
1362 4450 1453 4504 sit.

2113 3251 2396 3325 quomodo
2418 3249 2809 3306 convenientia
2838 3258 3049 3304 natum
3079 3265 3191 3304 suae
3222 3265 3388 3319 opera
3428 3256 3700 3318 capessat.

2111 3344 2270 3412 Quod
2301 3351 2489 3399 autem
2525 3341 2579 3395 in
2617 3341 2705 3396 his
2737 3340 3100 3396 excellentius
3143 3350 3307 3410 atque
3353 3338 3704 3408 praestantius

2111 3451 2174 3492 ac
2208 3436 2384 3506 majus
2436 3443 2540 3500 est,
2565 3434 2745 3488 anima
2799 3432 2919 3488 viva
2965 3442 3020 3488 et
3066 3431 3133 3485 ad
3179 3431 3512 3501 spiraculum
3573 3428 3701 3484 vitte

2114 3525 2337 3582 condita
2357 3535 2462 3580 est.
2489 3523 2822 3579 Admiranda
2845 3539 2937 3579 res
2960 3523 3221 3580 maxime.
3241 3518 3702 3587 immortalis,par

2113 3617 2343 3689 angelis.
2364 3618 2482 3674 Non
2523 3626 2706 3672 tamen
2747 3625 3038 3686 postquam
3077 3615 3344 3686 producta
3374 3628 3434 3668 es
3471 3612 3524 3666 in
3557 3621 3607 3666 te
3641 3619 3704 3665 ut

2116 3712 2453 3766 consisteres
2488 3709 2778 3780 accepisti,
2800 3709 2894 3764 sed
2924 3709 2980 3764 in
3010 3724 3118 3772 me,
3151 3718 3208 3763 et
3236 3705 3379 3777 apud
3415 3721 3524 3768 me,
3550 3702 3700 3774 quod

2113 3819 2372 3873 magnum
2402 3815 2488 3858 est
2508 3803 2858 3858 miraculum.
2878 3803 2991 3872 Ego
3015 3801 3138 3856 ﬁcta
3164 3815 3306 3865 sum,
3325 3807 3380 3853 et
3403 3807 3458 3852 tu
3481 3811 3698 3852 mecum

2109 3895 2354 3950 condita.
2387 3895 2507 3949 Non
2549 3908 2801 3949 seorsum
2853 3903 2934 3958 tu,
2982 3906 3234 3946 seorsum
3293 3905 3415 3961 ego.
3449 3890 3568 3944 Non
3624 3889 3698 3944 ita

2110 3987 2496 4053 est,'domina,
2527 4001 2597 4040 ne
2621 3988 2760 4040 istuc
2799 3985 3007 4056 cogites
3041 4002 3053 4038 :
3083 3983 3258 4038 ambae
3295 3984 3455 4038 simul
3495 3998 3524 4036 a
3555 3982 3699 4036 Con-

2109 4079 2290 4135 (litore
2347 4095 2538 4135 sumus
2604 4078 2862 4133 conditae.
2910 4077 3030 4131 Non
3093 4084 3180 4131 cst
3249 4091 3449 4146 corpus
3511 4074 3696 4129 fictum

2111 4183 2240 4229 ante
2268 4174 2530 4239 animam,
2556 4189 2661 4228 nec
2691 4172 2873 4226 anima
2907 4177 3034 4224 ante
3085 4185 3287 4240 corpus
3314 4169 3578 4232 substitit,
3603 4176 3699 4221 aut

2112 4265 2343 4321 exstitit.
2367 4266 2482 4320 Hoc
2511 4264 2864 4319 verissimum
2882 4270 2987 4318 est.
3028 4261 3202 4317 Simul
3246 4263 3392 4317 enim
3429 4261 3620 4326 ambae,
3641 4267 3697 4312 et

2116 4356 2318 4412 iterum
2353 4370 2628 4412 seorsum.
2665 4356 2786 4410 Non
2830 4355 3064 4408 alterum
3105 4354 3263 4408 alteri
3313 4360 3559 4421 tempore
3595 4367 3697 4406 an-

2119 4447 2347 4513 tecedit,
2378 4456 2864 4517 contemporanea,
2893 4459 3098 4510 coaeva,
3133 4453 3409 4501 coaetanca
3461 4443 3694 4500 vocaris.

1677 4567 1899 4630 Jacobi
1932 4565 2217 4629 Gretseri
2254 4572 2441 4627 noue.

485 4685 563 4762 (5)
598 4686 675 4742 De
727 4687 833 4762 hoc
876 4687 1001 4743 vide
1054 4687 1541 4762 Conimbricences
1590 4687 1644 4740 in
1692 4702 1743 4762 n_
1771 4687 1883 4762 _lib.
1922 4685 2001 4740 De
2033 4705 2078 4762 ι)
2105 4701 2274 4757 prope
2309 4685 2495 4750 tinctu,
2525 4686 2598 4762 ita
2628 4684 2872 4762 loquitur
2898 4684 3146 4762 :__Corpus
3171 4685 3346 4762 priore
3375 4683 3484 4736 loco
3501 4685 3696 4761 format

419 4759 602 4828 anima
635 4773 756 4827 cap.
797 4759 848 4821 l,
881 4768 1074 4828 quast.
1101 4762 1155 4814 9.
1179 4759 1308 4820 Inde
1330 4759 1495 4812 etiam
1528 4756 1831 4826 apparebit,
1858 4772 1999 4828 quo-

421 4827 586 4882 modo
620 4827 941 4897 explicanda
971 4831 1043 4883 sit
1070 4829 1342 4898 sententia
1376 4828 1629 4898 Nysseni,
1667 4842 1832 4898 quam
1867 4827 1998 4880 Dio-

419 4907 552 4968 ptra‘
570 4899 754 4968 statim
787 4899 940 4953 citat.
987 4899 1122 4954 Vide
1154 4897 1382 4953 eosdem
1427 4897 1624 4968 Qumst.
1656 4898 1711 4960 4,
1737 4897 1841 4951 inl
1879 4913 2001 4968 cap.

421 4966 513 5021 lib.
549 4983 586 5022 ll
637 4967 712 5021 De
755 4970 956 5034 anima,
987 4978 1048 5023 ut
1080 4968 1350 5036 intelligas
1383 4967 1658 5036 quomodo
1690 4982 1881 5022 verum
1936 4966 2007 5022 sit

420 5037 553 5091 illud
585 5038 730 5106 quod
756 5037 984 5108 Dioptra
1041 5052 1168 5092 mox
1203 5037 1400 5108 subdit
1422 5054 1435 5090 :
1459 5037 1577 5090 Non
1614 5047 1690 5090 est
1724 5055 1911 5108 corpus
1936 5037 2005 5105 ﬁ-

417 5117 559 5161 ctum
575 5116 700 5162 ante
715 5106 976 5177 animam,
996 5118 1103 5163 etc.
1137 5108 1206 5164 Et
1227 5108 1342 5179 ipsa
1366 5106 1591 5179 Diaptra
1606 5108 1732 5162 eod.
1751 5106 1848 5162 lib.
1875 5124 1925 5163 c.
1950 5108 2006 5172 5,

2105 4753 2168 4810 ea:
2212 4753 2447 4827 quatuor
2498 4753 3058 4827 primis’corporibus,’
3084 4763 3191 4808 etc.
3231 4753 3418 4806 Postea
3457 4753 3694 4827 animum

2103 4819 2310 4898 quoque
2348 4819 2734 4898 inspiranetc.
2803 4825 2913 4879 Nec
2967 4826 3161 4898 anima
3207 4831 3294 4898 est
3325 4837 3402 4898 _cx_
3447 4819 3692 4898 traduce,

2101 4889 2269 4952 etiam
2296 4912 2362 4952 ex
2386 4889 2658 4951 sententia
2679 4897 2936 4966 Dioptrtc.
2967 4894 3102 4966 Vide
3123 4889 3694 4966 conimbricencesjn

2102 4968 2203 5021 lib.
2231 4984 2266 5021 ιι
2310 4968 2384 5020 De
2421 4969 2624 5031 anima,
2651 4957 2857 5036 capfl,
2891 4980 2946 5035 q.
2976 4965 3030 5030 '5,
3085 4971 3140 5017 et
3164 4960 3505 5030 Alphonsum
3529 4973 3560 5012 a
3585 4957 3694 5012 Ca-

2106 5044 2220 5092 stro
2247 5053 2300 5091 v.
2327 5037 2543 5102 Anima,
2569 5051 2758 5091 errore
2788 5051 2841 5088 v.

1913 5224 2193 5289 Scholia.

418 5348 557 5422 cipes
584 5365 598 5401 :
632 5348 836 5415 longius
881 5347 1333 5422 prittcipes_simul
1374 5355 1425 5402 et
1451 5351 1765 5422 naturales,
1795 5351 1994 5422 longis-

413 5421 550 5491 sime
595 5427 774 5491 autent
803 5420 1105 5474 sentientes.
1145 5418 1338 5491 Verum
1369 5420 1488 5472 huic
1523 5421 1632 5491 regi
1677 5418 1937 5491 tyrannus
1969 5438 1996 5475 ε

414 5490 584 5543 uicino
613 5490 878 5560 imminet,
905 5504 1092 5560 corpus
1123 5489 1380 5560 uidelicet,
1437 5499 1486 5542 et
1513 5489 1589 5543 ad
1621 5489 1739 5544 cuin
1772 5491 1995 5560 faculta-

417 5567 491 5631 tes
532 5559 795 5628 quasdam
830 5559 1216 5631 turbatimtibtts
1262 5559 1520 5631 obnoatias
1557 5561 1870 5631 caducisque
1909 5565 1997 5615 in-

416 5629 676 5701 tuerentes
712 5629 1127 5701 oppugnandum
1157 5631 1340 5683 mittit.
1370 5629 1476 5701 Nec
1505 5645 1649 5682 secus
1681 5632 1736 5684 in
1761 5629 1996 5701 corpore,

418 5700 657 5772 qua_m_in
683 5701 805 5772 navi
828 5707 1035 5772 vastum
1061 5700 1194 5753 istuc
1215 5701 1333 5754 vitae
1356 5698 1573 5770 pelagus
1603 5701 1813 5755 animus
1834 5698 1997 5772 purus

419 5767 642 5832 trajicit.
669 5769 832 5838 Aqua:
864 5770 1049 5836 quibus
1091 5767 1454 5839 supervehitur
1481 5767 1712 5838 corpus,
1738 5767 1910 5825 insita:
1943 5773 1999 5825 in

430 5851 488 5890 eo
513 5839 778 5906 passiones
831 5849 978 5909 sum,
1022 5840 1076 5895 in
1123 5841 1308 5913 quibus
1351 5842 1674 5911 frequenter,
1715 5850 2002 5907 antequam

2104 5361 2318 5422 portum
2350 5354 2602 5422 attingat,
2626 5421 2631 5422 ν
2657 5348 3000 5422 naufragium
3031 5344 3189 5410 subit,
3227 5351 3284 5398 et'
3300 5344 3532 5413 corporis
3560 5347 3691 5422 aie-

2102 5417 2358 5476 ctionibus
2385 5425 2474 5491 qui
2490 5417 2634 5475 'naui
2659 5417 3104 5483 insidetanimus,
3123 5430 3444 5470 summersus
3469 5425 3515 5469 et
3532 5418 3693 5487 suffo-

2105 5501 2275 5557 catus,
2305 5495 2459 5547 undis
2490 5493 2680 5556 fertur.

2173 5566 2190 5582 '
2213 5556 2478 5617 Isidorus.
2505 5561 2627 5615 Non
2655 5558 2966 5614 mediocrem
3000 5557 3350 5628 cognitionem
3391 5556 3615 5628 secessio
3635 5557 3697 5609 in

2106 5632 2447 5686 solitudinem
2493 5633 2717 5702 peperit.
2759 5628 2898 5682 Nam
2936 5625 3111 5698 quiin
3156 5629 3339 5702 mediis
3382 5625 3693 5702 tumultibus

2106 5712 2369 5769 versatur,
2395 5711 2444 5755 et
2492 5696 2723 5756 coelestia
2764 5696 3072 5767 cognoscere
3117 5700 3324 5762 nititur,
3369 5703 3578 5770 ignorat
3635 5696 3694 5748 in

2106 5774 2271 5841 spinis
2313 5768 2640 5826 seminatum
2680 5771 2743 5821 ab
2783 5770 2848 5823 iis
2890 5771 3135 5840 suffocari
3167 5787 3184 5834 ;
3217 5778 3266 5824 et
3297 5768 3416 5826 eunt
3456 5768 3545 5840 qui
3587 5780 3696 5818 non

2108 5852 2280 5910 vacat,
2315 5841 2480 5896 Deum
2518 5858 2618 5895 non
2651 5857 2798 5908 posse
2831 5858 3153 5913 cognoscere.
