4036 6416
332 419 438 485 ’161

1761 435 2124 498 DIOPTRA.

3515 440 3622 501 Ἤρ

329 535 447 592 Nec
485 533 634 591 enim
676 535 859 591 anima
893 536 1011 593 sine
1041 552 1227 605 carne,
1264 556 1365 595 nec
1399 557 1526 597 caro
1572 543 1692 600 sine
1745 547 1926 601 anima
1960 551 2000 608 Α
2033 548 2400 619 praecessique
2444 549 2636 620 gloria,
2671 559 2724 603 tu
2778 558 2982 616 autem,
3013 560 3072 604 ut
3135 550 3383 615 inferior,
3434 562 3621 620 postc-

330 630 561 686 omnino
609 629 752 684 facta
807 637 914 696 est,
958 647 1060 686 nec
1127 633 1350 688 condita
1397 645 1616 692 constat
1668 639 1803 693 :sed
1859 656 1926 694 ex

330 723 591 778 animatis
624 724 953 790 animalum,
987 734 1044 779 et
1085 739 1150 780 ex
1193 727 1508 784 viventibus
1559 731 1756 787 vivens
1818 731 1926 786 uti-

331 830 443 886 que
470 830 673 885 corpus
711 815 975 886 gignitur,
1016 816 1232 885 vivens,
1289 820 1619 888 animatum,
1666 825 1922 892 mortale,

329 919 388 960 ct
448 908 797 979 corruptioni
854 909 1152 966 obnoxium
1195 913 1399 968 animal
1456 915 1623 971 homo
1660 957 1677 982 ,
1714 926 1776 992 ut
1834 917 1926 974 di-

330 1000 500 1057 citur.

939 1117 1165 1177 CAPUT
1204 1120 1298 1178 ΙΗ.

331 1208 569 1280 Corpore
595 1227 690 1288 per
715 1215 900 1288 mortis
924 1212 1039 1282 fata
1065 1213 1345 1288 dissoluto_.
1375 1216 1614 1272 animant
1641 1220 1925 1288 haudqua-

405 1298 569 1360 quam
631 1282 844 1336 dissolvi
873 1292 923 1337 et
991 1285 1277 1356 exstingui,
1302 1286 1546 1342 Platonis
1609 1282 1923 1360 argumento

404 1351 803 1419 confirmatum.

406 1469 608 1524 Amm.
640 1469 843 1539 Dogma
877 1469 1025 1540 quod
1058 1486 1167 1525 non
1201 1469 1358 1528 facile
1389 1473 1662 1546 intelligas
1691 1484 1746 1530 et
1767 1491 1922 1531 asse-

329 1577 525 1631 quare.
544 1559 880 1630 Conjunctio.
897 1560 1258 1628 admirabilis,
1279 1563 1464 1620 mistio
1489 1581 1631 1621 nova
1661 1567 1921 1622 maxime.

329 1655 491 1710 Nunc
522 1653 657 1708 mihi
707 1653 1001 1722 responde.
1033 1654 1146 1711 Nos
1173 1654 1443 1712 Conditor
1473 1660 1705 1723 creavit,
1732 1669 1792 1714 ut
1838 1661 1924 1715 di-

330 1748 482 1813 xisti,
525 1746 712 1802 ambas
741 1747 971 1800 omnino
1008 1755 1064 1802 et
1107 1748 1411 1819 colligatas,
1445 1760 1737 1822 utramque
1773 1768 1924 1808 com-

329 1841 574 1905 miscuit,
601 1847 659 1894 ut
685 1839 802 1910 ipse
835 1841 1008 1895 novit.
1034 1840 1119 1896 Tu
1152 1857 1283 1898 vero
1314 1845 1599 1913 quomodo
1630 1845 1845 1900 recedis
1865 1855 1923 1902 et

329 1932 474 2004 fugis
521 1948 552 1985 a
607 1945 694 1986 me
755 1933 1010 2002 putredo,
1048 1941 1104 1988 et
1144 1932 1198 1987 in
1263 1935 1545 2004 pulverem
1608 1945 1920 2006 terramque

328 2024 693 2088 converteris,
716 2039 782 2078 ac
813 2024 1010 2079 interis
1051 2025 1350 2080 funditus?
1376 2027 1489 2097 Ego
1525 2036 1709 2082 autem
1750 2028 1922 2083 etiam

327 2125 452 2185 post
478 2115 904 2188 disjunctionem
928 2133 1210 2187 nunquam
1239 2119 1454 2172 occido.
1484 2118 1547 2172 Et
1571 2135 1673 2190 ego
1696 2120 1918 2190 quidem

326 2213 602 2279 absquete
630 2209 777 2276 vivo,
798 2217 856 2264 tu
883 2210 1003 2265 sine
1031 2225 1118 2266 me
1141 2212 1486 2281 neutiquam.
1509 2212 1644 2283 Ego,
1668 2211 1920 2284 inquam,

327 2301 453 2357 vivo
478 2311 534 2357 et
574 2302 755 2373 vigeo.

396 2392 566 2450 Cum.
598 2395 840 2450 Rursum
901 2394 1031 2450 audi
1085 2395 1231 2451 dicta
1279 2396 1575 2468 elegantia,
1607 2413 1728 2468 qua:
1758 2413 1859 2469 ego
1887 2414 1920 2454 a

326 2485 610 2541 veteribus
655 2486 1003 2556 sapientibus
1053 2487 1236 2542 audivi
1277 2487 1376 2558 (a).
1430 2489 1587 2556 Quod
1633 2490 1918 2561 abzaliquo

327 2587 604 2643 movetur,
634 2578 903 2648 quidquid
942 2580 1078 2635 illud
1133 2579 1319 2646 fuerit,
1354 2597 1464 2636 non
1523 2582 1690 2638 habet
1745 2584 1916 2638 vitam

327 2685 363 2724 ιι
387 2685 467 2734 se,
496 2670 591 2725 sed
616 2671 685 2725 ab
715 2671 824 2726 alio
867 2671 1051 2740 potius
1085 2688 1116 2726 a
1147 2687 1258 2742 quo
1284 2681 1340 2728 et
1374 2673 1522 2744 quod
1569 2675 1826 2730 consistit
1858 2683 1916 2730 et

333 2770 584 2814 movetur
630 2761 816 2815 habet.
843 2759 1080 2816 Tantum
1131 2761 1281 2816 enim
1332 2772 1439 2828 est,
1469 2771 1526 2817 et
1570 2774 1830 2833 apparet.
1860 2775 1915 2820 et

342 2851 536 2919 spirat,
566 2862 826 2922 quantum
863 2852 1021 2908 adest
1073 2853 1152 2908 illi
1187 2870 1215 2907 a
1241 2869 1351 2924 quo
1401 2855 1661 2925 agitatur,
1696 2856 1749 2910 in
1803 2872 1916 2926 quo

336 2948 394 2995 et
434 2957 537 2996 una
569 2945 815 2999 consistit
858 2951 912 2999 et
945 2954 1254 3014 permanet.
1283 2945 1420 3001 Cum
1453 2957 1638 3002 autem
1670 2948 1739 3003 ab
1795 2948 1912 3014 illo,

331 3050 360 3088 a
393 3050 503 3105 quo
552 3037 966 3102 continebatur,
1029 3039 1272 3093 solutum
1300 3040 1487 3106 fuerit,
1515 3040 1722 3096 desinit
1771 3057 1914 3108 esse,

325 3128 476 3198 quod
509 3139 660 3184 motu
702 3130 977 3196 ciebatur,
1012 3147 1138 3186 cum
1172 3131 1318 3188 desit
1353 3133 1504 3203 quod
1532 3143 1742 3188 motum
1778 3134 1915 3189 aﬂ‘c-

326 3212 501 3277 rebat.
531 3221 613 3276 Tu
649 3232 836 3279 autem
872 3231 924 3278 te
962 3224 1134 3294 ipsam
1173 3240 1382 3291 moves,
1413 3236 1468 3282 et
1521 3242 1740 3296 semper
1793 3242 1914 3281 mo—

326 3312 494 3368 veris.
527 3313 610 3368 Ex
672 3330 784 3385 quo
839 3317 1155 3371 necessario
1210 3321 1486 3389 sequitur,
1545 3330 1596 3375 te
1649 3331 1910 3376 mternam

326 3419 450 3458 esse
481 3422 495 3459 :
529 3420 659 3460 nam
713 3408 862 3476 quod
893 3423 951 3463 se
995 3408 1175 3478 ipsum
1231 3420 1436 3478 movet,
1463 3413 1592 3482 quia
1633 3429 1912 3484 nunquam

326 3495 605 3552 deseritur
634 3514 664 3552 a
711 3515 770 3554 se
807 3500 951 3569 ipso,
991 3518 1276 3573 nunquam
1311 3519 1381 3557 ne
1431 3505 1642 3559 moveri
1687 3505 1913 3574 quidem

325 3589 546 3646 desinit.
575 3590 732 3658 Quod
783 3600 968 3649 autem
1007 3609 1225 3665 semper
1275 3604 1548 3661 movetur,
1582 3597 1766 3652 vivere
1802 3613 1912 3652 non

325 3693 503 3739 cessat
535 3703 548 3738 :
583 3685 732 3755 quod
761 3702 870 3741 non
905 3697 1106 3752 cessat,
1140 3705 1242 3746 nec
1267 3689 1490 3752 desiuit,
1512 3699 1569 3745 et
1602 3690 1708 3746 line
1738 3698 1911 3755 caret,

325 3785 519 3845 estque
578 3791 608 3830 a
657 3779 1013 3846 corruptione
1057 3781 1323 3836 alienum.
1374 3780 1505 3837 Tale
1557 3790 1739 3837 autem
1792 3798 1914 3838 esse

329 3864 664 3930 immortale,
698 3868 910 3924 ratione
938 3869 1237 3941 colligitur.
1265 3871 1374 3927 Sed
1420 3870 1523 3927 etsi
1563 3888 1666 3943 ego
1703 3880 1758 3928 et
1787 3888 1915 3928 cor-

325 3957 568 4028 ruptioni
615 3958 854 4014 obnoxia
899 3976 1043 4027 sum,
1074 3972 1131 4017 et
1184 3964 1451 4026 mortalis,
1498 3974 1677 4020 tamen
1722 3963 1822 4020 abs
1862 3971 1914 4020 te

322 4050 435 4104 vim
480 4051 701 4107 vitalem
748 4053 982 4123 accipio,
1015 4063 1071 4109 et
1106 4055 1255 4125 spiro
1299 4064 1354 4110 et
1390 4073 1632 4111 moveor.
1671 4057 1913 4112 Rursum

324 4141 367 4196 si
395 4157 426 4196 a
450 4157 536 4197 me
556 4153 809 4213 separata
842 4144 1034 4210 fueris,
1061 4146 1247 4201 vivere
1269 4147 1508 4216 amplius
1533 4161 1769 4217 nequeo.
1801 4147 1916 4203 Nec

325 4248 468 4302 queo
523 4234 734 4304 spirare
783 4236 828 4290 si
879 4235 978 4291 abs
1033 4248 1084 4292 te
1142 4237 1393 4293 divellar.
1427 4238 1671 4293 Divellor
1729 4247 1914 4294 autem

327 4335 547 4396 propter
578 4343 642 4382 ea
687 4343 758 4384 ex
793 4329 998 4398 quibus
1055 4345 1179 4384 sum
1229 4330 1532 4401 composita
1561 4347 1575 4396 ;
1607 4340 1664 4384 et
1698 4329 1816 4386 sine
1862 4339 1915 4385 te

326 4418 464 4474 nihil
495 4435 640 4489 sum,
673 4420 780 4476 nisi
815 4421 953 4478 odor
987 4423 1322 4480 teterrimus.

941 4537 1169 4596 CAPUT
1202 4538 1293 4594 IV.

2033 642 2206 696 riuse
2249 651 2394 697 terra
2440 642 2674 696 formata
2724 657 2784 697 es
2804 641 2915 696 ?’Et
2969 643 3248 712 quomodo
3297 644 3624 700 immortalis

2030 737 2210 792 anima
2243 751 2367 791 cum
2403 735 2622 790 mortali
2658 751 2824 790 carne
2857 735 3108 805 colligata
3142 735 3303 790 sum‘!

2097 828 2263 884 Csno.
2292 827 2350 884 Si
2402 827 2519 883 haec
2570 829 2656 883 vis
2710 842 3065 898 cognoscere,
3114 827 3362 891 attende,
3415 827 3614 884 disces.

2029 919 2202 974 Totus
2233 919 2325 974 hic
2373 918 2616 973 mundus
2656 918 2852 973 animae
2899 932 3063 973 causa
3100 927 3424 987 procreatus
3479 927 3562 973 est
3600 936 3614 972 :

2028 1010 2288 1066 omnibus
2337 1009 2484 1066 enim
2538 1009 2888 1080 praestantior
2918 1016 3022 1072 est,
3053 1025 3163 1063 non
3221 1009 3339 1079 ipsa
3390 1019 3618 1080 propter

2027 1103 2291 1159 mundum
2321 1104 2566 1160 condita.
2595 1101 2752 1170 Quod
2789 1112 2975 1156 autem
3013 1101 3248 1157 inferius
3285 1112 3386 1166 est,
3423 1102 3614 1157 Domi-

2026 1215 2132 1254 nus
2157 1205 2212 1252 et
2234 1196 2467 1253 Creator
2494 1197 2730 1266 primum
2760 1195 3005 1250 condidit
3038 1213 3053 1250 :
3083 1197 3278 1266 majus,
3309 1206 3367 1250 ut
3394 1195 3614 1262 melius,

2025 1289 2302 1360 posterius
2332 1288 2640 1345 constituit.
2670 1289 2940 1358 Quoniam
2976 1301 3160 1346 autem
3190 1301 3387 1347 natura
3419 1295 3616 1349 animas

2026 1383 2145 1438 sine
2199 1382 2613 1452 comparatione
2662 1382 2861 1437 melior
2912 1392 2967 1438 et
3020 1383 3384 1439 excellentior
3416 1394 3520 1447 est,
3555 1392 3617 1440 ut

2025 1473 2165 1528 dixit
2199 1473 2466 1528 Dominus
2492 1473 2561 1538 9°,
2611 1472 2812 1533 minus.
2847 1489 3044 1543 nempe
3081 1473 3344 1540 mundus,
3379 1475 3617 1531 debebat

2025 1566 2180 1637 prius
2207 1564 2461 1636 produci,
2482 1572 2544 1619 ut
2567 1564 2843 1634 quoddam
2869 1564 3157 1634 palatium,
3180 1565 3380 1620 deinde
3411 1568 3612 1622 anima:

2024 1657 2108 1712 vis
2148 1654 2525 1726 imperatoria.
2552 1655 2832 1724 Dupliccm
2881 1663 3066 1710 autem
3117 1655 3384 1710 mundum
3419 1657 3615 1712 condi-

2025 1747 2128 1811 dit,
2164 1746 2513 1817 superiorem
2548 1754 2604 1800 et
2635 1745 2978 1802 inferiorem.
3013 1746 3190 1818 Supra
3233 1750 3479 1819 angelos,
3513 1751 3617 1804 mi-

2026 1840 2252 1906 nistros,
2301 1839 2503 1895 divina:
2559 1839 2746 1910 gloria;
2797 1849 3155 1910 spectatores,
3185 1852 3397 1898 mentes
3424 1859 3453 1897 a
3481 1859 3614 1898 con-

2023 1934 2269 1988 cretione
2293 1935 2536 1988 materire
2555 1941 2890 2003 segregatas,
2927 1935 3157 2003 spiritus
3195 1943 3406 1990 natura:
3432 1937 3615 1991 tenuis

2023 2041 2078 2085 et
2110 2029 2310 2100 igneae;
2347 2037 2601 2082 naturam
2640 2028 2961 2084 inferiorem
2997 2031 3306 2093 mortalem,
3331 2038 3616 2086 creaturas

2023 2121 2292 2187 diversas,
2325 2120 2580 2175 animalia
2613 2136 2957 2190 quaecunque
3000 2121 3307 2182 terrestria,
3339 2121 3612 2184 volatilia,

2022 2222 2079 2268 et
2111 2211 2400 2284 aquatilia.
2435 2210 2683 2272 Fuerunt
2712 2220 2899 2266 autem
2936 2212 3124 2266 omnia
3166 2212 3308 2266 bona
3347 2213 3531 2278 valde,
3555 2220 3616 2267 ut

2023 2304 2294 2375 scriptum
2352 2303 2527 2359 est".
2576 2303 2976 2358 lntellectualia
3010 2313 3236 2373 propter
3267 2304 3489 2375 cmlum,
3511 2304 3616 2357 mi-

2021 2373 2373 2453 nistratorias
2426 2397 2668 2452 virtutes
2727 2397 2989 2471 scilicet:
3043 2397 3332 2453 sensibilia
3388 2373 3614 2467 priopter

2020 2505 2267 2555 sensum,
2303 2488 2624 2544 inferiorem
2658 2489 2870 2544 scilicet
2909 2489 3060 2543 hunc
3105 2489 3397 2543 mundum.
3436 2489 3612 2543 Natu-

2023 2599 2140 2638 ram
2212 2582 2549 2638 invisibilem
2601 2590 2658 2636 et
2712 2581 3012 2646 visibilem,
3048 2581 3244 2646 solam,
3281 2581 3614 2650 simplicem,

2021 2677 2318 2748 separatim
2382 2683 2692 2744 utramque,
2733 2675 2876 2728 hanc
2936 2674 3162 2744 quidem
3248 2675 3614 2744 corporalem,

2020 2770 2169 2824 illam
2209 2769 2618 2838 incorpoream.
2650 2767 3042 2836 lncorpoream
3095 2765 3232 2821 mihi
3289 2767 3466 2836 cogita
3515 2780 3612 2820 su-

2020 2858 2552 2932 pramundanorum,
2582 2867 2857 2928 quotquot
2894 2858 3281 2912 immaterialis
3313 2867 3370 2912 et
3409 2857 3616 2911 intelli-

2019 2951 2204 3022 gibilis
2252 2948 2572 3005 substantiae
2594 2955 2753 3014 sunt;
2789 2963 3114 3018 corpoream
3159 2957 3344 3002 autem
3387 2947 3615 3002 inferio-

2019 3059 2160 3108 rem,
2189 3051 2246 3098 et
2298 3040 2890 3112 comprehcnsibilium
2932 3055 3122 3096 sensu.
3157 3040 3271 3096 Nec
3312 3039 3480 3110 igitur
3519 3054 3613 3094 su-

2017 3148 2117 3204 pra
2140 3147 2372 3203 corpora
2396 3140 2548 3196 sunt,
2567 3145 2667 3185 uec
2692 3129 2926 3184 materia
2955 3129 3214 3199 expertia
3241 3128 3406 3184 infra.
3434 3128 3612 3182 llomo

2022 3234 2206 3280 autem
2238 3240 2350 3295 prce
2383 3223 2643 3278 omnibus
2698 3223 2850 3278 solus
2896 3238 2964 3276 ex
3013 3222 3221 3292 duplici
3275 3222 3609 3284 substantia,

2022 3334 2091 3373 ex
2121 3317 2478 3388 intelligibili,
2512 3323 2568 3371 et
2599 3315 2875 3380 sensibili,
2901 3315 3253 3386 superiorum
3291 3321 3346 3368 et
3378 3313 3610 3367 inferio-

2018 3427 2164 3474 rum,
2199 3410 2420 3466 fictione
2471 3421 2528 3465 et
2575 3409 2936 3480 inspiratione
2985 3409 3078 3463 Dei
3112 3424 3143 3462 a
3193 3409 3470 3478 principio
3527 3419 3613 3461 εει

2018 3505 2348 3575 productus.
2378 3505 2512 3558 Nam
2548 3518 2754 3573 corpus
2793 3518 2864 3556 ex
2901 3501 3286 3566 inferioribus,
3313 3501 3497 3555 anima
3545 3515 3611 3554 ex

2018 3597 2408 3667 superioribus
2441 3605 2527 3652 est
2553 3600 2592 3653 ·.

2091 3691 2446 3746 Ρτίιξειειιιιίοιν
2483 3707 2612 3762 pars
2645 3691 2712 3747 de
2753 3703 3109 3759 superorum,
3139 3687 3386 3742 deterior
3425 3685 3492 3740 de
3531 3684 3615 3738 in-

2020 3783 2264 3838 ferorum
2325 3797 2558 3837 numero
2587 3791 2692 3838 est.
2733 3782 2950 3836 Animal
2984 3779 3474 3849 sapientissimum,
3512 3777 3616 3830 mi-

2017 3885 2166 3930 stum
2196 3891 2262 3930 ex
2313 3875 2400 3929 his
2456 3874 2746 3938 ambobus,
2772 3874 3012 3927 animam
3067 3872 3135 3926 ad
3176 3871 3468 3941 imaginem
3510 3869 3608 3923 Dei

2017 3968 2330 4023 continens.
2376 3967 2441 4021 Et
2492 3967 2662 4031 hunc,
2702 3981 2960 4037 magnum
2995 3962 3264 4018 mundum
3301 3963 3354 4018 in
3413 3975 3607 4029 parvo,

2017 4069 2073 4114 et
2113 4061 2166 4114 in
2211 4059 2394 4114 medio
2436 4059 2900 4130 intelligibilium,
2925 4055 3301 4118 sensibilium,
3337 4053 3612 4106 animato.

2017 4153 2606 4219 rum,inanimatorum
2637 4151 2929 4206 collocavit
2953 4167 2967 4203 :
2990 4160 3053 4204 ut
3084 4147 3369 4216 utriusque
3420 4143 3611 4199 mundi

2016 4245 2436 4301 oblectamentis
2507 4253 2564 4300 ct
2629 4243 2813 4308 bonis,
2852 4249 3142 4312 tanquam
3228 4246 3612 4308 cognatorum,

2017 4337 2363 4393 abundanter
2413 4337 2612 4393 merito
2649 4336 2967 4400 frueretur;
3008 4331 3208 4386 divinis
3247 4329 3472 4400 quidem
3514 4343 3616 4398 per

2017 4427 2256 4482 animam
2292 4444 2322 4483 a
2361 4429 2475 4483 Deo
2516 4427 2909 4498 suppeditatis,
2960 4423 3199 4478 terrenis
3242 4437 3338 4492 per
3390 4433 3614 4487 corpus,

2017 4528 2080 4574 ut
2112 4518 2180 4573 ab
2211 4519 2348 4590 ipsis
2375 4536 2440 4575 ex
2478 4520 2585 4575 fide
2615 4519 2904 4576 Conditori
2943 4517 3183 4571 fructum
3220 4513 3466 4584 afferret.
3496 4509 3618 4564 Viro

325 4625 498 4691 Quam
527 4628 591 4682 ob
618 4644 728 4683 rem
761 4629 988 4683 mundus
1018 4638 1143 4684 ante
1167 4631 1452 4694 hominem,
1487 4638 1536 4683 et
1565 4645 1754 4698 corpus
1785 4638 1912 4682 ante
1938 4617 1992 4674 Ὁ
2021 4618 2164 4668 ῑυίεε
2195 4627 2367 4681 PONO
2407 4611 2920 4672 administraturum
2953 4603 3367 4698 ordinum,_qui
3398 4596 3610 4654 intelli-

350 4699 627 4820 onliznam
688 4707 1026 4770 procreatum
1097 4701 1188 4755 sit.
1235 4700 1408 4772 Hujus
1467 4699 1736 4768 nobilitas,
1767 4698 1912 4755 illius

390 4784 438 4820 vi
468 4787 480 4820 ι
509 4785 591 4820 as.

390 4784 591 4824 armas.

395 4880 591 4934 ΑΝιὶιΔ.
621 4879 686 4934 Et
710 4881 990 4952 quomodo
1018 4897 1144 4937 cum
1173 4883 1310 4938 adeo
1350 4881 1442 4936 vili
1469 4890 1525 4937 et
1552 4882 1784 4954 ingloria
1817 4897 1912 4936 ca-

326 4971 555 5026 runcula
582 4973 874 5043 conjuncta
903 4989 1025 5030 sum
1049 4991 1063 5040 ;
1086 4985 1144 5030 et
1173 4975 1452 5045 quomodo
1479 4991 1589 5030 non
1621 4976 1774 5046 prior
1802 4975 1904 5042 fui,

395 5133 443 5166 ”
471 5134 664 5192 Matth.
697 5152 811 5202 xvi,
840 5138 931 5193 26.
1007 5141 1050 5172 ⁹¹
1083 5138 1220 5195 Gen.
1251 5154 1288 5204 ι,
1317 5138 1406 5192 51.

396 5279 475 5350 (a)
510 5277 668 5335 Plato
691 5281 746 5334 in
779 5278 1026 5336 Phardro.

1484 5139 1530 5171 θ’
1567 5137 1736 5194 Hebr.
1763 5155 1803 5203 ι,
1829 5138 1917 5194 14.

2021 4703 2208 4777 gentia
2237 4713 2568 4770 cernuntur,
2600 4704 2798 4759 animae
2842 4711 2898 4758 et
2940 4696 3294 4756 tabernaculo
3323 4694 3440 4763 ejus
3471 4704 3613 4758 pra:-

2023 4804 2195 4850 sunt:
2231 4795 2698 4867 quemadmodum
2758 4807 2990 4862 magnus
3044 4797 3100 4844 et
3157 4784 3380 4839 divinus
3435 4795 3616 4849 praeco

2021 4885 2222 4942 Paulus
2259 4885 2548 4941 conﬁrmat
2572 4887 2616 4916 ⁹¹
2651 4905 2664 4938 :
2697 4902 2715 4934 ι
2755 4884 2968 4944 Nonne,
3004 4878 3204 4948 inquit,
3242 4886 3435 4928 omnes
3480 4879 3613 4924 sunt

2020 4977 2478 5032 administratorii
2547 4974 2798 5044 spiritus,
2861 4973 2918 5026 in
3004 4970 3380 5026 ministerium
3459 4961 3613 5020 missi

1828 5393 2112 5459 Scholia.

398 5549 418 5567 ⁶
439 5545 723 5618 Chrysost.
746 5547 903 5604 Solus
934 5551 1088 5604 homo
1117 5564 1181 5602 ea:
1207 5547 1405 5618 duplici
1443 5546 1741 5600 substantia
1775 5563 1904 5601 con-

234 5602 245 5612 ’
325 5625 498 5671 cretus
528 5602 608 5672 sit
629 5637 642 5672 :
665 5602 871 5674 cetera,
885 5602 1072 5674 omnia
1102 5628 1215 5673 tum
1243 5602 1528 5687 superioris
1555 5618 1760 5681 mundi,
1789 5627 1901 5670 tum

327 5689 593 5758 inferioris
641 5691 893 5744 similiter
926 5704 990 5743 ea:
1038 5706 1147 5744 una
1184 5699 1392 5743 tantum
1435 5689 1694 5755 producta
1735 5697 1856 5741 sunt
1881 5703 1900 5742 :

323 5761 611 5830 superioris
650 5761 860 5829 quidem
910 5761 1241 5830 incorporea.
1293 5759 1571 5830 inferioris_
1597 5774 1898 5830 _corporea,

324 5827 618 5892 sensibilia,
663 5827 904 5899 inquam.
956 5841 1004 5883 et
1050 5827 1427 5900 intelligibilia.
1462 5855 1521 5870 --
1554 5827 1900 5900 Idemttlor-

327 5915 450 5969 pus,
486 5902 690 5971 anima,
741 5911 789 5957 et
834 5903 1072 5972 spiritus.
1106 5901 1341 5960 Mentinit
1379 5908 1556 5955 autem
1609 5909 1657 5954 et
1706 5899 1902 5967 Moses,

2005 5547 2240 5616 corporis
2274 5542 2656 5616 quidem,_dum
2682 5543 2778 5604 ait,
2809 5559 2827 5594 ι
2853 5539 3122 5616 Formavit
3145 5548 3326 5616 autem
3352 5537 3608 5616 Dominus

2005 5611 2146 5669 Deus
2174 5611 2437 5686 hominem
2487 5614 2552 5667 de
2610 5613 2736 5686 limo
2761 5620 2918 5686 terra;
2948 5613 3098 5686 (Gen.
3123 5627 3181 5672 ιι,
3212 5611 3300 5676 7);
3330 5627 3354 5686 ρ
3383 5611 3602 5686 ari-imre,

2004 5687 2096 5750 ibi,
2128 5704 2148 5738 ε
2182 5683 2470 5738 Faciamus
2498 5682 2868 5756 Itoniinent_ad
2889 5675 3192 5756 imaginem
3213 5675 3263 5756 et
3295 5675 3605 5756 siniilititdi.

2003 5747 2124 5811 nent
2164 5763 2426 5810 nostram.
2462 5773 2480 5806 ι
2519 5754 2675 5821 (Gen.
2703 5753 2852 5820 1,26)
2879 5747 3108 5821 Spiritus
3157 5749 3245 5811 ibi,
3275 5767 3295 5821 ι
3330 5747 3395 5800 Et
3433 5747 3602 5821 inspi.

2003 5828 2136 5884 ravit
2163 5829 2216 5883 in
2247 5827 2436 5900 [aciem
2469 5817 2580 5896 ejus
2628 5817 2957 5895 spiraculum
3001 5825 3135 5876 oitw.
3181 5837 3210 5870 ι
3234 5819 3386 5883 ((L'en.
3416 5833 3475 5880 ιι,
3509 5817 3600 5887 Ἰ.)
