4036 6416
393 393 499 456 763

1638 373 1984 440 PHILIPPI
2025 372 2419 436 SOLITARII

3559 364 3664 426 7M

397 512 626 580 propter
675 513 771 556 eos
813 497 908 570 qui
970 494 1347 551 haereditatem
1409 495 1630 566 capient
1689 490 1930 549 salutis?
1955 509 1972 541 ι
2014 493 2052 550 Α
2084 500 2150 540 ex
2184 483 2368 540 anima
2423 479 2688 536 nimirum
2722 485 2779 580 et
2815 491 3306 580 corpore,“corpus
3329 476 3511 580 priore
3545 479 3664 531 loco

400 596 471 655 Et
524 594 862 651 Salvatorem
903 590 1194 646 docentem
1235 589 1366 644 audi
1400 606 1414 643 :
1457 608 1474 640 ‹
1505 588 1721 650 Videte,
1777 585 1977 655 inquit,

400 702 473 744 ne
504 683 873 742 contemnatis
902 697 1072 738 unum
1105 683 1173 737 de
1205 683 1424 752 pusillis
1452 681 1594 736 istis.
1621 681 1756 739 Nam
1786 695 1981 735 eorum

407 777 586 847 angeli
618 789 835 843 semper
866 772 1059 827 vident
1085 771 1280 827 faciem
1299 773 1482 828 Patris
1510 771 1617 828 mei
1645 771 1712 835 ⁸³,
1739 771 1827 826 cui
1857 785 1980 826 cum

401 877 638 922 tremore
670 865 937 919 assistunt
964 867 1006 920 '.

476 961 710 1028 Propter
742 959 860 1013 haec
900 956 1170 1014 mundum
1213 957 1362 1010 hunc
1414 955 1572 1025 prius
1618 953 1898 1025 produxit,
1931 962 1987 1008 ct

400 1050 576 1104 veluti
611 1051 881 1119 palatium
923 1047 1146 1118 aliquod
1183 1048 1281 1103 tibi
1333 1046 1590 1115 subjecit.
1622 1045 1858 1100 Mundus
1885 1061 1982 1099 au-

403 1154 512 1199 tem
552 1159 583 1199 e
619 1155 863 1214 quatuor
896 1143 1188 1198 elementis
1223 1140 1563 1210 compositus
1600 1149 1657 1195 et
1695 1155 1989 1211 coagmen-

404 1243 551 1290 tatus
581 1243 686 1299 est,
717 1251 838 1306 quae
889 1235 1004 1304 ipse
1051 1233 1206 1288 ‘Deus
1241 1232 1390 1286 nulla
1451 1232 1694 1303 subjecta
1760 1233 1988 1287 materia

376 1347 378 1350 ·
403 1325 614 1380 creavit
644 1344 656 1379 :
685 1341 750 1378 ex
782 1324 888 1389 his,
916 1323 1162 1392 inquam,
1195 1322 1458 1376 mundum
1488 1323 1659 1377 verbo
1693 1321 1990 1378 fabricatus

403 1421 510 1467 est.
539 1415 784 1468 Primum
829 1421 885 1466 et
934 1427 1210 1466 summum
1261 1413 1600 1469 elementum
1655 1421 1738 1470 est
1795 1413 1987 1480 aether,

405 1506 520 1558 sive
557 1506 716 1576 ignis,
751 1504 837 1560 cui
868 1504 1059 1560 subest
1095 1520 1209 1567 aer,
1243 1512 1300 1560 et
1341 1505 1472 1558 huic
1504 1520 1648 1575 aqua
1689 1521 1705 1560 :
1739 1504 1987 1560 intimum

405 1597 585 1650 locum
640 1607 783 1650 terra
835 1597 1072 1652 obtinet.
1106 1597 1338 1667 Reliqua
1383 1597 1618 1669 singula,
1645 1608 1702 1654 et
1748 1599 1990 1670 particu-

405 1685 564 1752 laria,
599 1697 956 1759 quotcunque
1013 1699 1070 1744 et
1119 1689 1524 1760 qualiacunque
1573 1700 1720 1756 sunt,
1777 1690 1989 1746 minora

407 1784 465 1830 et
499 1777 725 1847 majora,
755 1777 965 1843 bestim,
986 1779 1260 1850 iumenta,
1295 1779 1517 1849 stirpes,
1551 1780 1830 1849 reptilium
1893 1796 1988 1852 ge-

2085 575 2283 632 l‘ormat
2317 590 2382 629 ex
2413 580 2653 644 quatuor
2674 571 2867 642 primis
2881 569 3309 641 corporibus,ex
3339 569 3486 640 igne,
3514 584 3662 633 acre,

2086 678 2230 725 terra
2291 678 2348 722 et
2389 683 2531 739 aqua
2568 681 2582 720 :
2618 681 2685 722 ex
2717 665 2894 720 calido
2926 665 3056 720 item
3095 673 3150 718 ct
3191 663 3410 734 frigido,
3442 663 3666 717 humido

2084 770 2139 814 et
2168 760 2337 820 sicco,
2362 771 2427 811 ex
2455 757 2744 828 sanguine,
2769 755 3103 826 phlegmate,
3130 753 3267 808 ﬂava
3294 762 3349 807 et
3375 763 3493 807 atra
3532 754 3664 817 bile,

2087 864 2294 921 perque
2329 850 2548 909 horum,
2581 857 2634 901 et
2660 862 2728 902 ex
2775 845 2972 900 horum
3033 855 3270 914 quatuor
3301 845 3665 915 quaternione

2086 955 2307 996 carnem
2345 939 2502 994 lictor
2541 937 2630 992 ille
2689 936 2865 1008 ﬁngit.
2924 935 3119 992 Postea
3145 927 3387 990 animam
3439 952 3661 1006 quoque

2089 1031 2340 1101 inSpirat.
2409 1029 2647 1099 lnspirat
2698 1037 2884 1082 autem
2931 1028 3076 1082 unde
3125 1027 3265 1090 vult,
3297 1036 3436 1081 etut
3465 1027 3666 1082 melius

2087 1124 2260 1182 novit.
2299 1137 2406 1176 non
2435 1138 2500 1176 ex
2558 1119 2848 1176 elementis
2902 1127 2963 1174 ut
3011 1129 3210 1175 cetera
3252 1124 3663 1175 cohaerentem:

2090 1215 2206 1276 sed,
2238 1224 2294 1268 ut
2315 1229 2480 1283 supra
2505 1213 2639 1278 dixi,
2662 1213 2730 1267 de
2758 1227 3126 1282 supernorum
3157 1227 3220 1267 ac
3243 1211 3548 1267 cmlestium
3577 1226 3671 1266 or‘

2091 1309 2242 1371 dine,
2279 1307 2734 1378 conditioneque,
2789 1307 3176 1370 immortalem,
3223 1306 3666 1376 incompositam,

2090 1401 2419 1470 simplicem,
2452 1409 2507 1454 et
2535 1399 2802 1460 divinam,
2837 1412 3089 1468 supernae
3131 1397 3435 1451 nobilitatis
3451 1396 3673 1465 angelo-

2093 1509 2213 1547 rum
2249 1492 2594 1563 participem,
2623 1501 2679 1546 ct
2715 1490 2784 1545 ad
2815 1491 2938 1545 illos
2981 1490 3188 1544 amoris
3229 1488 3504 1543 desiderio
3533 1502 3670 1541 con-

2096 1585 2436 1648 tendentem,
2487 1597 2804 1654 quanquam
2855 1583 3009 1638 carni
3067 1582 3224 1644 mihi,
3289 1580 3547 1635 deorsum
3614 1587 3668 1634 te

2095 1676 2334 1730 trahenti
2373 1675 2590 1746 alligata
2615 1691 2695 1730 es.
2731 1675 2804 1731 Ut
2867 1689 2990 1730 cum
3025 1675 3228 1729 luctata
3251 1684 3442 1728 contra
3465 1672 3672 1741 princi-

2094 1784 2191 1839 pes
2220 1768 2596 1830 tenebrarum,
2629 1782 2884 1837 superna:
2926 1767 3113 1839 gloria:
3143 1765 3519 1820 hmreditalem
3548 1777 3673 1816 sor-

406 1884 563 1933 nera,
613 1870 967 1924 arbustorum
1025 1871 1297 1941 germina,
1328 1879 1384 1926 et
1403 1847 1712 1926 herbarum
1752 1847 1984 1937 semina,
2022 1847 2062 1902 Β
2097 1863 2193 1917 lita
2255 1861 2428 1916 fueris
2461 1859 2532 1926 ”.
2571 1859 2812 1930 indeque
2867 1858 3232 1914 certaminum
3266 1854 3554 1924 praemium
3586 1868 3677 1907 ac-

406 1959 688 2029 dcinceps,
742 1970 805 2015 ut
863 1977 1093 2031 magnus
1132 1971 1190 2017 et
1240 1963 1679 2033 sapientissimus
1725 1979 1988 2034 superum

405 2058 462 2104 et
502 2050 742 2106 inferum
778 2053 963 2121 cpifex
1005 2039 1308 2117 m'andavit,
1340 2071 1407 2110 ex
1436 2055 1728 2110 elementis
1755 2051 1988 2111 exstan-

406 2141 558 2197 tibus
609 2145 959 2213 prodierunt.
1005 2143 1301 2216 Postquam
1350 2161 1482 2201 vero
1523 2146 1789 2202 mundum
1843 2146 1992 2200 hunc

407 2233 725 2290 inferiorem
757 2239 1180 2301 consummavit,
1209 2249 1488 2308 postremo
1524 2240 1646 2293 loco
1685 2237 1988 2303 hominem,

412 2333 475 2379 ut
504 2326 655 2381 illius
715 2327 1024 2397 principem
1077 2327 1348 2392 futurum,
1382 2329 1650 2383 condidit.
1691 2327 1802 2381 Nec
1843 2327 1990 2381 enim

411 2417 570 2486 prius
604 2432 792 2490 regem
830 2404 1022 2474 venire
1077 2419 1390 2490 oportebat,
1417 2436 1578 2490 quam
1639 2421 1690 2476 ei
1735 2419 1992 2475 taberna-

406 2510 596 2563 culum
647 2517 704 2564 et
759 2509 1122 2577 domicilium,
1170 2523 1227 2568 et
1288 2513 1493 2583 quibus
1551 2523 1755 2584 egeret,
1808 2519 1994 2568 essent

409 2601 710 2655 constituta
744 2619 759 2655 :
792 2602 888 2656 sed
939 2603 1201 2672 palatium
1253 2604 1664 2673 paratissimum
1702 2621 1826 2660 esse
1861 2620 1993 2660 con-

410 2690 692 2754 veniebat,
723 2699 778 2745 et
817 2692 1002 2746 omnia
1040 2692 1285 2756 demum,
1315 2709 1438 2763 quae
1471 2709 1606 2748 usus
1656 2703 1712 2749 et
1745 2710 1991 2750 commo-

409 2781 558 2836 ditas
593 2783 960 2852 postularent,
993 2793 1049 2839 et
1085 2786 1158 2839 ita
1195 2801 1322 2840 eum
1365 2785 1597 2840 intrare.
1629 2785 1912 2856 Siquidem
1936 2795 1994 2842 et

411 2873 640 2927 herbam
682 2883 810 2929 ante
843 2891 1005 2945 quam
1039 2875 1282 2946 pecudes
1335 2878 1667 2946 procreavit.
1696 2877 1764 2933 Ut
1794 2878 1838 2934 si
1868 2879 1995 2949 quis

413 2965 645 3035 insignis
682 2967 1076 3036 paterfamilias
1126 2969 1305 3023 amico
1342 2977 1399 3023 et
1426 2968 1612 3024 vicino
1642 2985 1744 3025 suo
1785 2971 1996 3041 magni-

414 3059 582 3113 ﬁcum
639 3059 863 3128 epulum
916 3069 1257 3130 appararet:
1293 3075 1358 3114 ac
1391 3060 1665 3130 principio
1715 3061 1890 3116 vitulo
1939 3069 1996 3116 ct

417 3149 590 3203 tauris
652 3149 904 3204 mactatis
957 3151 1240 3205 esculenta
1281 3164 1346 3204 ac
1408 3152 1701 3219 poculenta
1751 3160 1992 3220 pararet,

415 3257 769 3312 mensamque
808 3243 1150 3297 instrueret:
1187 3241 1388 3297 deinde
1425 3244 1664 3296 amicum
1701 3244 1994 3296 convivam

415 3334 817 3397 introduceret,
842 3335 936 3405 qui
986 3335 1312 3390 lautissimis
1336 3335 1446 3389 illis
1465 3335 1645 3404 epulis
1669 3335 1998 3404 deliciisque

415 3439 478 3481 se
534 3425 800 3494 expleret.
829 3425 1040 3495 Itaque,
1104 3423 1247 3479 sicut
1279 3424 1413 3489 dixi,
1440 3423 1515 3477 ita
1571 3423 1772 3476 factum
1813 3435 1917 3487 est,
1945 3432 2003 3477 et

419 3517 780 3572 universitate
842 3517 1089 3582 condita,
1118 3519 1358 3588 primum
1417 3515 1604 3570 ﬁctum
1652 3525 1735 3568 est
1776 3529 1998 3582 corpus,

417 3611 767 3680 postmodum
803 3611 1006 3676 anima,
1039 3624 1168 3679 pars
1188 3607 1430 3662 hominis
1463 3605 1811 3676 praestantior
1845 3593 2000 3658 crea-

417 3714 472 3759 ta
500 3713 602 3760 est.
633 3705 793 3760 Prius
841 3703 1054 3760 exstitit
1093 3701 1241 3772 quod
1276 3699 1471 3763 servit,
1529 3697 1810 3768 posterius
1852 3697 2000 3767 quod

419 3797 656 3870 imperat
676 3800 738 3852 “.

489 3888 832 3958 Sapientium
891 3895 948 3942 et
1001 3887 1354 3955 antiquorum
1415 3885 1801 3955 magistrorum
1853 3881 1999 3936 ratio

417 3981 667 4051 quaedam
703 3996 799 4036 seu
859 3977 1112 4034 doctrina
1147 3989 1251 4044 est,
1287 3978 1432 4048 quod
1463 3987 1688 4048 propter
1721 3975 1870 4030 aliud
1917 3975 1999 4042 ﬁt,

417 4073 691 4145 quidquid
721 4072 858 4127 illud
890 4071 1040 4125 aliud
1089 4070 1311 4126 tandem
1342 4070 1434 4151 sit,
1470 4069 1702 4124 inferius
1733 4083 1852 4123 esse
1882 4067 1998 4132 illo,

417 4172 648 4234 propter
675 4161 826 4233 quod
861 4161 1115 4216 subsistit
1144 4180 1157 4214 :
1195 4163 1362 4232 idque
1408 4171 1535 4215 ante
1577 4162 1714 4216 alios
1741 4160 2000 4215 Salvator

417 4256 584 4310 docet
613 4273 626 4308 :
665 4273 685 4306 ι
713 4255 908 4310 Nonne
938 4255 1141 4323 anima,
1163 4255 1363 4326 inquit,
1390 4257 1516 4325 plus
1543 4263 1627 4311 est
1651 4271 1814 4325 quam
1849 4269 1997 4322 esca,

417 4357 475 4402 et
504 4361 708 4415 corpus
738 4347 860 4415 plus
881 4362 1044 4416 quam
1070 4347 1478 4402 vestimentum.
1499 4346 1591 4400 τ’δῖ
1621 4365 1639 4397 ι
1665 4346 1825 4401 Nullo
1847 4346 1998 4401 enim

418 4436 588 4492 modo
644 4439 823 4493 anima
875 4447 1099 4509 propter
1157 4455 1360 4500 eseam,
1404 4454 1507 4495 nec
1541 4454 1744 4509 corpus
1770 4447 1998 4511 propter

418 4530 810 4587 vestimentum
871 4531 1167 4585 formatum
1224 4540 1306 4586 est
1339 4549 1351 4585 :
1390 4531 1523 4600 quin
1566 4541 1758 4586 contra
1790 4529 1994 4602 potius,

2091 1955 2304 2023 ceperis
2334 1955 2416 2024 (ut
2441 1968 2562 2022 qua:
2589 1952 2796 2006 bonum
2822 1950 2941 2022 ipsa
2974 1948 3228 2019 elegeris,
3267 1957 3322 2002 et
3351 1961 3458 2000 non
3497 1961 3528 1999 a
3557 1946 3672 2000 Deo

2092 2044 2353 2112 tantum),
2405 2043 2727 2113 opitulatrii
2759 2049 2816 2098 et
2869 2039 3107 2112 adiutrix
3147 2039 3362 2094 ancilla:
3407 2047 3514 2093 tua:
3571 2053 3671 2106 ap-

2090 2152 2308 2208 pareas,
2335 2146 2391 2191 et
2420 2136 2508 2191 hic
2560 2135 2703 2190 infra
2748 2142 3078 2198 morantem,
3113 2133 3180 2188 ad
3231 2146 3460 2202 superos
3494 2141 3674 2185 tecum

2093 2230 2319 2294 evehas,
2352 2239 2408 2284 et
2457 2230 2562 2284 hoc
2609 2243 2776 2284 onere
2836 2228 3092 2292 levatam,
3123 2241 3210 2282 me
3245 2240 3543 2295 pauperem
3576 2223 3675 2277 de-

2093 2321 2530 2392 spicabilcmque
2578 2334 2900 2376 conservam
2957 2331 3014 2374 et
3063 2317 3369 2388 σύντροφον
3421 2325 3569 2372 tuam
3606 2316 3675 2371 ad

2092 2415 2265 2471 Deum
2326 2430 2434 2469 una
2485 2412 2828 2477 introducas,
2864 2411 3460 2480 contubernalemque.
3494 2419 3549 2465 et
3591 2411 3677 2463 in-

2095 2509 2377 2565 dividuam
2421 2509 2680 2564 comitem
2737 2523 2846 2572 me,
2873 2515 2932 2561 et
2970 2506 3148 2560 civem
3187 2520 3381 2559 eorum
3421 2502 3514 2572 qui
3566 2503 3680 2557 illic

2094 2615 2271 2655 aevum
2300 2599 2528 2670 agitant,
2567 2598 2819 2669 quamvis
2841 2598 3121 2668 indignam
3149 2595 3374 2650 habeas.
3411 2595 3674 2666 Reginam

2097 2701 2151 2748 te
2203 2692 2356 2756 fecit,
2388 2707 2474 2746 me
2528 2700 2711 2745 autem
2775 2697 2834 2744 ut
2877 2689 3181 2753 subditam,
3211 2689 3545 2752 ministram,
3598 2687 3680 2743 fa-

2097 2784 2300 2838 mulam
2331 2825 2346 2850 ,
2385 2782 2567 2838 alieno
2626 2781 2857 2836 arbitrio
2907 2781 3232 2852 subjecta'm,
3261 2780 3536 2834 ancillam.
3568 2779 3670 2844 En,

2095 2875 2243 2947 quod
2267 2874 2554 2944 quzereb’as
2581 2873 2807 2929 dissolvi
2841 2892 2854 2926 :
2889 2871 3166 2944 quomodo
3200 2887 3419 2940 nempe.
3455 2873 3671 2928 tametsi

2096 2975 2308 3021 natura:
2382 2964 2672 3020 nobilitate
2722 2965 2875 3035 prior
2932 2978 3023 3018 me
3097 2963 3206 3028 sis,
3268 2962 3518 3033 mihique
3573 2963 3674 3018 ho-

2099 3072 2236 3113 nore
2265 3066 2322 3112 et
2355 3057 2685 3113 excellentia
2715 3064 2974 3121 antestes,
3009 3068 3120 3110 non
3156 3063 3338 3110 tamen
3370 3055 3520 3125 prior
3555 3071 3680 3128 pro-

2099 3159 2284 3205 creata
2317 3149 2416 3204 sis.

2729 3262 2958 3319 CAPUT
2990 3263 3059 3319 γ.

2111 3351 2238 3408 Uter
2261 3353 2734 3426 protoplastorum,
2761 3363 2810 3406 et
2833 3363 2954 3408 utra
2985 3371 3112 3425 pars
3149 3354 3342 3410 anima:
3364 3358 3534 3426 potius
3559 3373 3682 3426 pec-

2176 3423 2335 3498 carit.
2375 3423 2645 3496 Superbia:
2690 3423 2992 3492 detestatio,
3017 3426 3166 3493 cujus
3218 3423 3401 3480 auctor
3441 3435 3490 3480 et
3537 3423 3684 3498 origo

2178 3493 2404 3565 Lucifer.

2173 3609 2370 3663 Annua.
2427 3608 2609 3663 Etiam
2672 3609 2779 3664 hoc
2844 3608 3136 3679 quaesitum
3219 3608 3354 3664 satis
3409 3624 3686 3679 superque

2104 3701 2342 3757 solvisti.
2393 3701 2663 3769 Quoniam
2717 3717 2850 3757 vero
2900 3701 3034 3755 mihi
3087 3701 3382 3770 imperium
3444 3701 3688 3756 auctori-

2105 3801 2405 3864 tatemque,
2440 3794 2539 3849 tibi
2589 3793 2989 3863 subiectionem
3023 3803 3078 3847 et
3113 3793 3296 3846 locum
3351 3793 3560 3847 ancillae
3586 3795 3687 3849 tri-

2105 3885 2252 3950 buis,
2294 3884 2426 3940 hinc
2469 3887 2580 3956 jam
2640 3886 2747 3940 hoc
2792 3898 3015 3954 quoque
3070 3891 3268 3952 praeter
3314 3883 3418 3937 alia
3473 3885 3686 3939 dissere

2103 3989 2168 4029 ac
2193 3973 2350 4029 doce.
2377 3975 2572 4032 Utrius
2621 3975 3090 4045 protoplastorum
3126 3974 3179 4027 in
3213 3973 3471 4030 mandato
3504 3984 3683 4032 trans-

2102 4068 2402 4129 grediendo
2471 4068 2731 4123 delictum
2794 4066 2966 4136 magis
3004 4064 3131 4120 fuit.
3183 4064 3253 4119 Et
3323 4073 3445 4121 uter
3504 4067 3690 4138 potius

2103 4162 2372 4229 peccavit,
2411 4161 2642 4232 spiritus
2693 4158 3074 4230 intelligentia:
3132 4173 3378 4228 compos,
3439 4177 3507 4214 an
3558 4175 3688 4230 pars

2105 4253 2161 4306 in
2215 4268 2322 4322 qua
2369 4268 2481 4307 non
2541 4253 2687 4308 inest
2733 4251 2894 4306 ratio.
2932 4249 3302 4305 Vehementer
3361 4250 3502 4304 scire
3549 4252 3692 4307 istuc

2104 4344 2290 4414 cupio.

2177 4435 2344 4491 Cano.
2374 4435 2620 4492 Dimcilis
2660 4442 2746 4491 est
2781 4444 2872 4488 tua
2923 4433 3177 4504 qumstio,
3213 4433 3457 4500 domina,
3483 4449 3688 4488 meam-

2105 4545 2213 4598 que
2272 4529 2673 4598 propemodum
2738 4527 3027 4582 scientiam
3077 4535 3134 4580 et
3183 4535 3400 4594 captum
3448 4526 3688 4580 excedit.

419 4619 530 4675 duo
579 4620 668 4675 illa
727 4621 923 4676 horum
978 4622 1152 4691 gratia
1182 4631 1524 4692 quaeruntur.
1559 4622 1775 4692 Corpus
1811 4632 1996 4678 autem
2031 4615 2080 4671 Β
2104 4620 2519 4684 Verumtamen,
2555 4627 2614 4672 ut
2643 4617 2944 4687 Scriptura
2976 4617 3330 4672 mediocriter
3350 4616 3690 4686 perita,qu.1:

418 4720 479 4765 ut
506 4712 818 4768 vehiculum
852 4713 1050 4768 anima:
1086 4713 1421 4770 honorandae
1452 4723 1510 4769 et
1548 4714 1816 4785 gloriosae
1843 4714 2000 4783 prius

419 4807 622 4862 factum
645 4817 748 4863 est.
785 4807 890 4863 Sed
927 4823 1047 4878 age,
1079 4810 1440 4864 attentionem
1463 4823 1686 4862 renova.
1725 4807 1998 4874 Quoniam

419 4901 696 4957 hominem
730 4903 1012 4972 geminum
1052 4917 1150 4958 seu
1177 4902 1453 4973 duplicem
1480 4903 1661 4956 facere
1684 4901 1996 4966 constituit,

2105 4711 2233 4767 inde
2267 4711 2463 4775 habeo,
2498 4719 2551 4765 et
2581 4711 2771 4774 didici,
2805 4709 3037 4765 ﬁdenter
3074 4711 3173 4764 tibi
3214 4710 3280 4763 de
3309 4726 3366 4762 re
3403 4707 3685 4776 proposita

2103 4805 2426 4861 enuntiabo.
2459 4803 2710 4857 Animam
2769 4803 2983 4858 ratione
3025 4803 3308 4874 praeditam
3337 4807 3486 4853 certo
3519 4797 3687 4862 nosti,

2109 4915 2140 4954 a
2167 4897 2468 4954 Cond‘itore
2500 4898 2568 4952 ab
2595 4895 2754 4951 initio
2773 4897 2943 4950 armis
2970 4895 3139 4965 probe
3177 4891 3441 4945 munitam
3495 4885 3686 4953 fuisse,

487 5019 533 5052 ”
560 5020 727 5075 Matth
774 5037 928 5084 xvm,
950 5021 1004 5076 9.
1080 5020 1126 5053 ”
1154 5019 1346 5074 Matth.
1371 5037 1447 5082 γι,
1469 5017 1560 5074 25.
1637 5018 1900 5088 ⁹⁵Εριιθε.
1920 5032 1994 5080 γι,
2023 5014 2111 5069 12.

1919 5129 2199 5192 Scholia.

490 5261 506 5276 ‘
533 5258 817 5330 Chrysost.
862 5256 1108 5330 C_¢elestes
1140 5257 1306 5330 igitur
1331 5254 1510 5325 angeli
1538 5256 1832 5330 hominibus
1855 5255 2004 5308 bonis

421 5326 729 5383 ministrant
761 5327 928 5381 :mali
956 5335 1132 5380 autem
1161 5327 1422 5380 (immanes
1461 5326 1732 5396 suppliciis
1764 5334 2005 5396 peccato-

423 5401 564 5452 ribus
611 5400 908 5467 inﬂigcndis
962 5399 1273 5467 inserviunt.
1309 5397 1583 5467 (Immisit
1639 5397 1779 5449 enim
1819 5397 1873 5450 in
1923 5411 2008 5449 eos

419 5471 563 5539 iram
627 5466 1011 5539 indignationis
1045 5483 1200 5539 suae.
1243 5466 1691 5539 lndignationem,
1738 5467 1900 5539 iram,
1961 5474 2010 5518 et

421 5534 758 5608 afﬂictioneni
789 5535 1115 5608 pet-angelos
1150 5536 1318 5591 malos
1354 5534 1589 5608 immittit
1611 5534 1787 5608 (Prol.
1808 5552 2011 5600 ωιτη,

421 5606 533 5673 49).
569 5630 588 5661 ι
625 5606 900 5681 Daemones
938 5611 1118 5681 itaque
1167 5609 1282 5662 licet
1312 5606 1898 5681 voluntatefebelleut,
1925 5615 2012 5660 ta-

424 5696 544 5750 men
571 5681 704 5750 jugo
732 5680 950 5749 subjecti
988 5679 1130 5745 sunt,
1159 5691 1206 5734 et
1249 5681 1401 5746 quasi
1429 5679 1703 5746 carniﬁces
1726 5679 2000 5750 unidam,

427 5764 461 5798 ιι
491 5748 593 5801 Deo
614 5748 662 5802 et
690 5748 884 5804 sanctis
905 5753 1166 5820 imperata
1192 5752 1401 5819 exsequi
1420 5750 1697 5817 iubentur.
1717 5749 1832 5820 Non
1863 5750 2002 5802 enim

431 5833 526 5869 sua
572 5822 912 5887 auctoritate,
936 5817 1028 5876 sed
1055 5823 1205 5878 invi-ti
1249 5817 1472 5894 faciunt,
1516 5836 1633 5890 qua:
1689 5817 1794 5878 illis
1845 5836 1999 5873 atan-

2106 5251 2328 5306 dantur.

2181 5327 2220 5346 "
2262 5321 2548 5394 Chrysost.
2596 5322 2781 5394 Cogita
2831 5319 2956 5394 mihi
2982 5311 3328 5394 formati-ouili
3357 5313 3612 5394 ordinem,
3641 5321 3689 5394 et

2108 5383 2408 5456 considera:
2439 5383 2698 5463 quomodo
2744 5383 3274 5463 insuﬂlatio_l)omini
3299 5383 3442 5463 facta
3474 5383 3541 5434 sit
3591 5384 3692 5458 ipsi

2107 5468 2162 5520 in
2241 5453 2570 5532 spiraculum
2658 5453 2950 5534 vitali—et
3023 5457 3192 5534 facta:
3265 5455 3353 5534 sit"
3403 5453 3690 5534 ltpmohin

2112 5522 2350 5590 animum
2425 5537 2680 5588 uirentem
2753 5529 2904 5603 (Cea.
2966 5522 3030 5589 tt,
3077 5527 3251 5603 _7)..r
3313 5522 3449 5603 Quid
3529 5523 3690 5603 igitur

2114 5606 2374 5674 [captatus
2407 5607 2432 5658 .9
2463 5603 2786 5674 Simpliciter
2838 5601 3014 5666 imago
3070 5596 3314 5674 inanima
3346 5612 3358 5647 :
3394 5602 3442 5645 et
3497 5596 3688 5654 otiosa,

2109 5667 2158 5729 et
2231 5675 2434 5730 inutilis
2513 5667 2650 5730 erat.
2721 5673 2902 5736 Quare
2963 5679 3012 5722 et
3084 5667 3232 5736 prius
3301 5680 3490 5732 corpus
3565 5679 3691 5731 pro-

2109 5747 2339 5812 ducitur,
2418 5758 2466 5801 et
2551 5750 2664 5815 post
2753 5742 2973 5806 animo,
3068 5749 3123 5793 ut
3231 5737 3542 5790 honoratior
3642 5742 3690 5784 ct

2110 5816 2351 5872 nobilior.
