4036 6412
257 399 368 464 765

1709 401 2070 470 DIOPTRA.

3431 429 3540 493 766

182 555 184 557 ›
257 525 321 574 et
346 516 616 572 munitam
644 513 710 573 ad
745 513 1013 570 auxilium
1055 513 1396 582 habendum,
1421 526 1478 573 et
1500 520 1857 590 pugnandum
1889 525 1934 581 Α
1964 527 2241 598 superbiae
2299 533 2529 590 morbus
2584 538 2845 602 manavit,
2872 537 2965 609 qui
2999 540 3258 599 omnibus
3283 559 3351 601 eo
3379 545 3537 603 labo-

258 615 530 672 adversus
559 611 930 668 seductorem.
971 611 1134 666 Arma
1162 613 1407 685 intelligo
1439 615 1546 668 vim
1575 617 1848 673 irascendi

257 720 321 766 et
360 705 818 776 concupiscendi.
856 705 1248 761 Verumtamen
1278 723 1402 778 qum
1445 709 1512 764 ad
1549 727 1709 766 suum
1747 729 1846 782 ap-

258 810 517 874 paratum
571 810 628 854 et
671 798 1037 854 munitionem
1105 799 1319 866 habuit,
1355 802 1441 859 his
1487 803 1620 875 ipsis
1655 815 1846 862 contra

258 905 438 952 semet
468 896 638 951 stulte
672 913 767 951 us-u
801 901 950 952 est‘.

331 987 598 1043 Inimicus
615 989 838 1060 quippe,
867 990 1103 1064 improbi
1123 993 1590 1064 serpentisspecie
1611 994 1844 1064 velatus,

254 1079 556 1150 verbisque
591 1081 962 1137 dolosissimis
988 1083 1156 1138 Evam
1175 1083 1469 1151 allocutus,
1495 1085 1844 1142 divinitatem

254 1183 354 1223 eos
384 1178 806 1238 consecuturos,
830 1173 875 1228 si
912 1173 980 1228 de
1012 1174 1166 1245 ligno
1197 1175 1368 1230 vetito
1398 1185 1706 1247 gustarem,
1740 1195 1844 1234 no-

256 1261 530 1315 bilitatem
579 1263 805 1332 spiritus
863 1265 915 1318 in
953 1265 1204 1322 fraudem
1237 1269 1483 1339 pellexit,
1544 1279 1598 1326 et
1625 1271 1677 1326 in
1700 1272 1847 1341 judi-

256 1353 405 1406 cium
440 1354 643 1407 rationi
681 1355 908 1411 minime
961 1369 1390 1416 consentaneum
1436 1363 1576 1418 ratio
1623 1363 1844 1434 delapsa

255 1450 360 1505 est,
417 1441 550 1495 dum
600 1443 808 1514 lignum
859 1455 1104 1517 gustare,
1131 1458 1188 1504 et
1221 1452 1390 1505 Deum
1421 1452 1538 1507 fieri
1565 1455 1669 1509 sibi
1704 1456 1843 1511 utile

256 1533 510 1589 futurum
534 1537 772 1592 censuit.
802 1538 1058 1594 Peccavit
1082 1541 1212 1597 item
1234 1559 1362 1613 pars
1383 1546 1707 1614 cupiditatis
1730 1565 1844 1605 ma—

254 1630 425 1697 xima,
451 1631 582 1686 dum
614 1647 797 1687 escam
841 1633 1010 1701 illam,
1047 1645 1102 1692 et
1145 1637 1455 1696 divinitatis
1491 1643 1840 1716 adeptionem

259 1735 414 1791 teque
473 1722 680 1776 amavit
699 1725 762 1778 “.

327 1813 578 1868 Primum
611 1817 842 1871 tentavit
866 1819 1143 1888 voluptas,
1188 1835 1312 1877 mox
1347 1838 1486 1880 vana
1523 1824 1718 1896 gloria.
1745 1827 1839 1882 illa

257 1901 466 1972 lignum
501 1905 767 1971 ostendit,
794 1905 1005 1962 fallacia
1065 1911 1222 1980 quasi
1276 1912 1407 1967 ﬂatu
1464 1916 1701 1984 quodam
1751 1915 1838 1970 in-

257 2010 444 2059 censa,
471 1996 621 2064 quod
655 2009 884 2068 aspectu
932 2001 1280 2069 delectabile,
1313 2017 1369 2062 ct
1402 2007 1608 2062 bonum
1644 2007 1711 2063 ad
1743 2024 1836 2064 ve-

259 2090 552 2145 scendum.
588 2091 736 2154 Herc,
785 2092 1075 2150 divinitate
1101 2098 1290 2166 potiri,
1330 2101 1505 2173 majus
1529 2117 1650 2157 esse
1677 2105 1842 2160 rebus

258 2182 552 2239 universis.
587 2183 697 2239 Ista
739 2184 873 2251 duo,
911 2186 1156 2255 domina,
1190 2189 1358 2245 Evam
1385 2191 1581 2248 falsum
1612 2209 1843 2265 persua-

258 2275 443 2330 dendo
494 2277 1007 2348 circumvcneruut,
1066 2296 1276 2352 perque
1343 2283 1490 2339 illam
1539 2294 1596 2342 et
1634 2286 1704 2342 ab
1749 2288 1842 2345 illa

255 2366 420 2423 etiam
447 2368 744 2423 Adamum.

330 2478 350 2510 s
388 2461 435 2516 Α
465 2461 701 2517 muliere
738 2463 1015 2532 quondam
1050 2459 1287 2521 ’initium
1335 2469 1582 2538 peccati,
1637 2479 1694 2526 et
1741 2488 1842 2544 per

261 2551 405 2606 illam
428 2568 624 2608 omnes
683 2555 950 2611 morimur
979 2555 1047 2612 “.
1075 2577 1092 2610 ι
1127 2558 1301 2613 Parva
1358 2569 1444 2616 est
1495 2562 1677 2619 omnis
1721 2581 1842 2620 ma-

261 2643 375 2699 litia
409 2645 476 2698 ad
523 2645 773 2700 mulieris
812 2647 1100 2703 malitiam.
1145 2667 1165 2701 t
1221 2651 1415 2706 Melior
1439 2661 1525 2708 est
1578 2654 1841 2726 iniquitas

258 2737 389 2798 viri,
436 2753 597 2804 quam
653 2739 852 2810 mulier
907 2740 1260 2797 benefaciens
1308 2745 1375 2798 ”.
1419 2763 1438 2797 ι
1497 2747 1543 2800 Α
1585 2747 1841 2805 mulieri-

265 2827 372 2881 bus
415 2829 564 2883 enim
614 2831 864 2900 procedit
917 2832 1205 2906 iniquitas,
1242 2837 1387 2892 sicut
1428 2853 1458 2892 a
1506 2840 1840 2899 vestimento

271 2916 417 2972 tinea
448 2917 514 2971 ".

329 3008 445 3064 Nec
494 3025 621 3066 vero
649 3012 919 3084 impostor
963 3016 1142 3072 solum
1188 3018 1402 3077 ratione
1451 3029 1508 3078 et
1537 3022 1840 3093 cupiditate

259 3101 494 3166 affectis,
549 3103 956 3162 fraudulentam
1007 3109 1149 3166 hanc
1181 3111 1314 3167 lusit
1336 3114 1664 3170 comoediam
1699 3135 1714 3172 :
1743 3116 1838 3172 sed

1871 1877 1918 1936 Β

1953 621 2206 677 rantibus
2267 625 2496 680 exitium
2545 628 2662 684 sine
2715 634 3096 689 controversia
3142 637 3306 704 parit,
3339 649 3536 710 estque

1951 716 2229 771 universis
2259 718 2428 772 animi
2460 720 2670 776 morbis
2725 723 2973 779 deterior
3015 741 3081 780 ac
3137 728 3531 796 perniciosior.

1951 809 2092 864 ll-uic
2119 811 2219 880 qui
2276 811 2468 876 servit,
2505 813 2676 868 Deum
2726 815 2893 872 habet
2945 817 3321 872 adversarium
3350 835 3418 881 :e
3448 821 3538 874 di.

1948 916 2134 968 verso,
2178 901 2462 958 inimicum
2501 904 2728 960 humani
2781 908 3003 978 generis
3061 905 3270 965 socium
3306 922 3362 966 ct
3392 913 3540 966 amis

1949 1007 2099 1048 cum.
2137 1012 2155 1045 ι
2188 993 2456 1065 Superbis
2505 997 2677 1061 enim,
2708 999 2786 1053 ait
2843 999 3153 1071 Scriptura,
3192 1003 3334 1058 Dcus
3390 1005 3532 1060 resi-

1947 1085 2134 1152 stit",
2179 1105 2197 1138 ι
2253 1087 2722 1157 quemadmodum
2789 1092 3050 1150 celeriter
3116 1095 3394 1151 seductori
3441 1112 3532 1151 re-

1948 1179 2107 1234 stitit.

2463 1320 2692 1380 CAPUT
2723 1323 2815 1380 VL

1946 1434 2197 1490 Animam
2222 1437 2392 1506 potius
2422 1455 2582 1511 quam
2622 1456 2810 1511 corpus
2848 1440 2910 1496 ob
2959 1443 3128 1496 scelus
3155 1443 3529 1511 primamorum

2018 1516 2300 1582 parentum
2333 1524 2513 1582 pronas
2546 1509 2726 1565 luisse.
2764 1509 2880 1576 Quo
2911 1522 3064 1582 pacto
3089 1509 3362 1580 utriusque
3408 1527 3528 1582 cor:

2023 1594 2120 1648 pus
2149 1577 2522 1648 miserabiliter
2564 1577 2946 1636 commutatum
2988 1585 3076 1636 sit.
3105 1577 3330 1638 Mortem
3364 1581 3530 1635 videri

2015 1645 2223 1716 poenam
2289 1645 2452 1702 levem
2515 1659 2564 1704 et
2643 1649 3040 1706 conducibilem.
3104 1654 3351 1706 Animam
3411 1651 3530 1704 hinc

2017 1726 2311 1783 exeuntem,
2343 1719 2470 1773 bene
2498 1731 2592 1773 aut
2624 1719 2766 1774 male
2783 1722 3113 1776 habituram.

2017 1835 2212 1888 Amm.
2246 1833 2403 1900 Quod
2452 1851 2520 1890 ex
2562 1838 2672 1892 tuis
2700 1837 2884 1896 verbis
2931 1845 3017 1896 est
3058 1837 3338 1905 colligere,
3370 1833 3529 1889 vide-

1948 1935 2037 1981 tur
2065 1941 2194 1980 caro
2217 1941 2374 1994 passa
2404 1928 2685 1999 iniuriam.
2718 1929 2776 1986 Si
2829 1931 2976 1984 enim
3033 1930 3217 1984 anima
3271 1925 3536 1996 deliquit,

1943 2033 2044 2074 cur
2065 2032 2228 2088 pcena
2263 2017 2331 2073 ad
2359 2034 2580 2074 carnem
2596 2019 2848 2091 pervenit
2869 2019 2985 2074 ‘tEa
3024 2019 3321 2090 siquidem,
3345 2027 3406 2072 ut
3422 2032 3520 2086 pa-

1944 2111 2071 2176 tuit,
2089 2121 2269 2167 morte
2286 2113 2542 2168 damnata
2557 2122 2663 2180 est,
2685 2112 2927 2183 atquein
2956 2112 3262 2173 interitum,
3285 2118 3341 2164 et
3357 2109 3526 2164 vitam

1942 2204 2206 2264 aerumnis
2237 2205 2454 2276 plenam
2508 2207 2640 2264 ruit.
2671 2205 2871 2259 Anima
2897 2219 3050 2267 vero,
3099 2213 3261 2260 antea
3296 2202 3528 2254 immor-

1946 2292 2090 2356 talis,
2120 2292 2286 2346 etiam
2315 2300 2440 2362 post
2469 2293 2687 2364 lapsum
2733 2293 3208 2349 immortalitatem
3257 2291 3526 2346 retinuit:

1942 2392 2000 2444 et
2038 2399 2164 2438 cum
2226 2399 2419 2460 pmuas
2456 2385 2592 2442 dare
2651 2384 2853 2441 merito
2899 2384 3152 2449 deberet,
3202 2383 3384 2441 nullas
3426 2381 3528 2436 de-

1944 2474 2027 2530 dit
2047 2477 2137 2533 '“.

2013 2568 2178 2623 Cano.
2212 2567 2329 2624 lmo
2377 2584 2534 2636 vero,
2581 2578 2693 2625 tota
2720 2569 3144 2629 animadversio
3173 2584 3286 2623 non
3310 2565 3377 2621 ad
3403 2582 3537 2622 cor--

1942 2675 2068 2730 pus,
2097 2660 2194 2717 sed
2228 2661 2297 2715 ad
2344 2663 2583 2718 animam
2630 2663 2886 2734 pertinet
2931 2662 3137 2733 potius,
3195 2659 3412 2714 tametsi
3445 2657 3535 2712 vi-

1942 2751 2140 2808 deatur
2195 2754 2332 2808 nihil
2383 2770 2696 2824 ptenarum,
2736 2763 2798 2808 ut
2833 2754 2936 2818 ais,
2972 2752 3324 2826 persolvisse.
3356 2749 3528 2821 Cujus

1941 2846 2022 2900 rei
2049 2846 2428 2917 paradigmate
2470 2846 2708 2916 quodam
2764 2845 2864 2901 tibi
2906 2845 3315 2901 ﬁdem'faciam.
3341 2841 3402 2896 Si
3430 2855 3527 2896 rex

1942 2939 2218 3010 quispiam
2240 2947 2439 2996 natura
2472 2939 2750 2996 humanus
2776 2955 2806 2993 a
2839 2936 3050 2992 crudeli
3097 2945 3341 3008 tyranno
3372 2949 3535 2987 man:-

1943 3032 2150 3103 cipium
2185 3041 2330 3087 emat
2362 3033 2524 3103 longe
2571 3030 3139 3095 calamitosissimum,
3167 3026 3536 3083 aerumnosis-

1943 3125 2164 3190 simum,
2191 3123 2430 3178 maxime
2467 3123 2802 3188 miserabile,
2827 3121 2956 3178 exili
2986 3134 3243 3191 corpore,
3285 3117 3523 3177 nudum,

258 3195 486 3266 insuper
529 3198 688 3252 tertia
717 3199 970 3264 facultas.
1002 3201 1270 3259 irascendi
1309 3204 1590 3271 Videlicet.
1621 3207 1835 3278 plagam
1867 3229 1912 3289 ε
1943 3219 2116 3273 macie
2134 3216 2469 3279 confectum,
2492 3225 2686 3269 natura
2711 3211 3423 3276 morbidum,vehemcntcr
3445 3206 3542 3261 bim

259 3291 450 3346 sensit.
506 3291 622 3358 Qua
686 3309 812 3348 cum
867 3296 1134 3351 adversus
1193 3298 1348 3353 illum
1410 3301 1492 3354 uti
1552 3310 1839 3371 oporteret

255 3383 386 3452 (quo
436 3383 672 3439 consilio
718 3385 984 3441 Dominus
1031 3387 1206 3456 ipsam
1265 3388 1520 3462 dederat)
1568 3391 1678 3448 Eva
1735 3409 1836 3464 po-

259 3479 368 3532 tius
392 3493 520 3534 cum
554 3492 623 3533 eo
672 3478 855 3536 ftedus
886 3479 1068 3548 inivit,
1104 3481 1172 3537 ad
1210 3481 1485 3539 deteriora
1531 3485 1736 3554 illecta,
1781 3497 1845 3547 et,

255 3579 523 3638 mentem,
577 3571 673 3641 qui
729 3581 816 3627 est
867 3573 1063 3630 oculus
1111 3573 1365 3639 interior,
1417 3579 1834 3638 convulnerata.

261 3662 324 3715 Et
353 3661 508 3728 hinc,
541 3663 688 3718 sicut
715 3663 978 3728 diximus.
1021 3679 1120 3736 spe
1159 3666 1467 3724 divinitatis
1500 3671 1836 3738 obtinendae,

257 3756 326 3810 de
360 3757 512 3827 ligno
545 3757 793 3812 scientiae
829 3759 958 3814 boni
988 3768 1045 3815 et
1069 3761 1194 3815 mali
1215 3763 1478 3832 gustavit.
1508 3763 1701 3825 Anima
1737 3765 1840 3838 igi-

258 3856 348 3903 tur
401 3849 589 3904 carnls
619 3863 820 3917 expers
865 3861 1096 3921 peccato
1126 3868 1185 3908 se
1235 3852 1518 3924 obligavit.
1555 3853 1844 3916 Verumta-

255 3956 384 3995 men
417 3955 542 4012 age,
579 3938 824 4008 domina,
847 3943 1093 4007 attende,
1119 3952 1178 3999 et
1200 3944 1328 4001 vide
1354 3946 1698 4022 superbiam,
1720 3964 1842 4004 mo-

255 4046 460 4102 resque
487 4031 669 4088 inanis
699 4033 905 4104 gloriae,
946 4035 1042 4105 qui
1076 4051 1178 4091 nos
1207 4052 1401 4092 omnes
1452 4039 1837 4108 perdiderunt.

253 4124 389 4191 Quae
451 4125 585 4180 olim
630 4125 893 4196 primum,
920 4136 976 4182 et
1020 4129 1383 4203 praecipuum,
1413 4132 1840 4203 cmlestiumque

255 4218 608 4273 exercituum
664 4220 972 4292 principem
1021 4221 1274 4293 angelum
1329 4223 1472 4278 caelo
1501 4225 1841 4292 deturbavit,

255 4323 316 4366 et
348 4321 544 4368 natura
585 4313 855 4380 lucidum,
910 4315 1268 4372 tenebrosum
1315 4317 1560 4373 reddidit
1596 4337 1608 4374 :
1645 4336 1754 4390 qua
1786 4329 1844 4376 et

255 4402 351 4457 ille
382 4403 604 4470 cecidit,
667 4413 724 4460 et
775 4421 966 4463 omnes
1015 4408 1216 4470 cadere
1277 4411 1640 4482 concupiscit,
1669 4429 1699 4468 a
1731 4429 1841 4486 quo

1938 3312 2161 3376 liosum,
2181 3311 2454 3380 petulans,
2472 3307 2971 3379 improbissimum,
2987 3302 3373 3374 vituperabile,
3392 3315 3539 3372 pro-~

1938 3402 2191 3464 brosum,
2224 3399 2510 3472 indignum
2543 3407 2790 3469 aspectu,
2832 3396 2983 3466 lepra
3012 3403 3067 3450 et
3094 3393 3277 3450 scabie
3299 3407 3540 3462 coeper-

1939 3504 2077 3560 tum,
2093 3494 2315 3564 plenum
2333 3491 2636 3558 dedecore;
2658 3491 2726 3555 si,
2745 3489 2992 3560 inquam,
3013 3484 3391 3558 hujuscemodi
3411 3500 3543 3539 εει-ει

1935 3600 2065 3639 vum
2089 3592 2255 3651 emat,
2286 3598 2523 3653 eumque
2567 3580 2799 3656 placidis
2838 3578 3014 3634 oculis
3063 3576 3344 3648 respiciat,
3377 3589 3541 3630 cura}

1941 3694 2006 3740 ac
2053 3676 2352 3749 diligentiae
2425 3690 2588 3745 quam
2657 3674 2958 3744 plurimum
3023 3671 3101 3726 illi
3155 3670 3440 3737 adhibeat,
3471 3676 3528 3724 ct

1941 3770 2214 3843 quidquid
2259 3769 2426 3825 habet
2469 3767 2668 3833 morbi,
2717 3767 2965 3822 sontium
3003 3781 3067 3819 ac
3126 3763 3414 3828 fceditatis,
3454 3760 3525 3817 ab

1942 3865 2037 3920 illo
2064 3864 2328 3934 depellat,
2382 3870 2440 3917 et
2476 3860 2804 3930 destringat,
2839 3867 2992 3912 veste
3023 3855 3398 3926 pulcherrima
3435 3853 3522 3909 in-

1941 3956 2094 4023 duat,
2129 3955 2477 4025 stationeque
2500 3962 2557 4008 et
2586 3952 2709 4008 loco
2742 3951 2922 4022 primo
2944 3947 3201 4004 eumdem
3237 3946 3522 4017 dignetur,

1942 4051 2362 4118 aulicorumque
2417 4044 2757 4116 praecipuum
2818 4041 2979 4096 iaciat
3011 4058 3024 4090 ε
3059 4039 3150 4096 ille
3183 4046 3366 4095 autem
3417 4037 3524 4092 ista

1939 4137 2310 4209 vilipendens,
2336 4143 2546 4191 tantum
2576 4131 2907 4188 beneﬁcium
2935 4131 3088 4187 nullo
3126 4128 3288 4187 modo
3321 4141 3524 4196 capere

1942 4247 2008 4287 ac
2043 4209 2316 4287 siistinere
2357 4233 2544 4300 queat,
2582 4233 2883 4295 contraque
2909 4237 3092 4292 regem
3111 4218 3525 4274 benefactorem

1943 4322 2239 4377 maximum
2271 4329 2328 4376 et
2356 4318 2644 4375 dominum
2676 4317 2945 4374 malevole
2985 4313 3244 4370 manibus
3269 4321 3325 4366 ct
3352 4309 3522 4366 calci-

1941 4415 2046 4471 bus
2075 4415 2342 4484 insurgat,
2373 4414 2510 4472 etin
2551 4411 2709 4465 illum
2749 4407 2960 4480 aliquid
2989 4403 3376 4472 novisceleris
3407 4416 3525 4458 me-

329 4535 570 4596 "Eccli.
598 4542 831 4607 xxv,55.
907 4542 954 4578 ⁸⁷
985 4542 1156 4606 Eecli.
1202 4562 1334 4613 stu,
1364 4548 1454 4606 ut.
1534 4549 1578 4581 ’⁸
1614 4547 1752 4608 lbid.
1796 4550 1840 4605 il

1965 4550 2011 4585 ”
2037 4549 2155 4606 Jac.
2183 4563 2262 4615 ιν,
2295 4547 2352 4604 6.

1777 4663 2056 4726 Scholia.

325 4783 342 4802 ⁶
374 4777 694 4862 Gregorius.
733 4779 926 4862 Anima
957 4780 1255 4862 intelligens
1278 4798 1380 4862 non
1400 4782 1557 4837 habet
1583 4784 1831 4862 subst_an-
1860 4787 1914 4847 D
1939 4785 2095 4862 illam
2125 4785 2297 4862 gloria
2319 4765 2540 4856 fruetur.
2579 4783 2646 4837 Id
2664 4783 2807 4854 quod
2831 4788 2881 4835 et
2901 4779 3030 4862 alibi
3051 4779 3246 4862 factum
3268 4777 3519 4862 invenies.

257 4857 349 4907 tite
392 4846 512 4904 suci
559 4852 729 4924 socias
767 4852 905 4904 iram
952 4859 1000 4924 et
1049 4846 1411 4924 cupiditatem,
1467 4870 1589 4923 qua:
1641 4856 1836 4909 animi:
1867 4846 1880 4847 ί
1938 4855 2086 4911 Nam
2109 4846 2224 4910 cum
2252 4846 2408 4910 homo
2439 4846 2878 4924 peccassehterra
2909 4846 3189 4924 maledicta
3210 4855 3369 4924 estut
3398 4846 3522 4898 Ma-

257 4924 468 4976 rutirme
520 4921 1009 4994 carentispropria
1056 4921 1413 4994 suntal’artes
1457 4921 1672 4994 quidem
1693 4925 1839 4980 illius

256 5001 409 5056 sunt,
446 5000 708 5061 quatenus
727 4991 773 5045 ei
792 5000 1004 5060 agnata:
1019 5001 1166 5046 sunt.
1203 4991 1568 5049 Verumtamen
1592 4997 1840 5050 substan-

255 5067 337 5114 tia
369 5072 416 5114 et
460 5067 681 5121 natura,
711 5062 844 5113 sicut
870 5077 1013 5115 mens
1036 5073 1085 5114 et
1116 5063 1278 5125 ratio,
1303 5079 1421 5116 cum
1459 5080 1521 5118 ea
1559 5081 1663 5120 non
1699 5081 1840 5120 com-

254 5133 536 5200 municant
567 5145 585 5183 :
617 5130 706 5183 sed
735 5140 791 5183 ut
813 5131 1067 5200 adjuncta
1095 5142 1144 5185 et
1177 5132 1487 5187 adventitia.

329 5205 369 5222 “
402 5199 706 5268 Saepissime
739 5217 863 5270 pars
878 5199 1104 5266 animm,
1130 5203 1186 5256 in
1219 5217 1342 5272 qua'
1359 5212 1479 5260 sunt
1495 5204 1835 5272 cupiditates,

255 5279 518 5342 a'grotat,
566 5278 615 5324 et
651 5279 773 5346 tunc
823 5279 1051 5328 mentem
1087 5289 1194 5327 una
1245 5289 1424 5326 secum
1460 5275 1649 5340 trahit,
1677 5283 1836 5346 atque

255 5345 331 5404 ait
365 5357 679 5400 consensum
707 5344 762 5394 in
785 5353 1057 5404 peccatum
1087 5345 1310 5397 inescat.

365 5358 679 5400 consensum
707 5358 762 5394 tn
850 5358 1057 5397 reatum
1087 5358 1310 5397 inescat.

332 5416 393 5434 '“
433 5411 722 5483 Chrysost.
759 5358 899 5478 ἔξω
951 5414 1162 5482 igitur?
1191 5414 1395 5484 injuria
1439 5415 1666 5484 adicitur
1688 5431 1833 5481 cara,

254 5490 476 5557 p_ropt_er
502 5484 742 5542 ani-mam
786 5485 1112 5557 corruptioni
1149 5485 1374 5557 obnoxia
1405 5485 1430 5538 ἱ)
1458 5484 1837 5557 Neguaquam.

254 5502 476 5554 propter
502 5502 742 5542 animum
786 5502 1112 5554 (οι-ηιρηοηι
1149 5502 1374 5541 ocnoxia
1405 5502 1430 5538 τ
1458 5502 1542 5538 ne
1583 5503 1837 5557 unquam.

254 5553 474 5608 Etenim
518 5562 747 5627 ργθριενΔ
771 5555 1010 5607 animam
1063 5572 1211 5621 caro,
1244 5556 1486 5609 dicimus.
1519 5502 1649 5620 (gum
1675 5557 1839 5627 igitur

256 5631 476 5696 propter
511 5624 682 5696 ipsam
723 5624 865 5693 facta
897 5633 993 5688 est,
1029 5631 1287 5695 quomodo
1325 5627 1581 5692 iniuriam
1614 5624 1835 5696 accepit,

255 5695 304 5750 si
328 5695 427 5767 hoc
457 5694 730 5767 adipaius,
767 5694 1182 5767 emendaturum:
1213 5713 1372 5767 passa
1395 5706 1492 5767 est,
1522 5705 1570 5749 et
1600 5713 1694 5765 pro
1722 5694 1838 5762 ipsa

255 5765 463 5836 patitur
479 5765 504 5816 ?
526 5763 664 5817 Nam
687 5767 814 5832 quia
835 5763 933 5817 illa
955 5763 1223 5834 peccarat,
1243 5766 1482 5821 mortalis
1502 5763 1613 5836 ipsa
1633 5767 1796 5822 evasit
1819 5785 1835 5820 :

257 5849 378 5902 φιτ
408 5835 455 5888 ri
494 5850 710 5888 rursum
727 5836 955 5906 justitite
999 5838 1256 5904 servierit,
1307 5835 1706 5908 magna'denuo
1750 5853 1842 5908 per

1939 4926 2133 4982 (edicta
2157 4927 2320 4989 enim,
2354 4915 2543 4994 inquit,
2569 4930 2713 4977 terra
2742 4921 3057 4994 inoperibus
3099 4920 3221 4972 tuis.
3244 4915 3448 4994 ‘Spiuas
3469 4924 3524 4970 et

1936 4996 2158 5072 tribulos
2213 4987 2529 5072 germinabit
2600 4993 2816 5072 tibi‘.ﬂIn
2848 4987 3050 5072 'dolorf
3075 4987 3418 5072 cpmedesnex
3456 5002 3521 5068 ea

1935 5067 2174 5140 omnibus
2193 5058 2380 5140 diebus
2403 5065 2524 5118 vita:
2552 5074 2658 5140 tua’
2679 5062 2830 5140 (_Ge_n.
2858 5077 2937 5140 ut,
2971 5063 3062 5122 l7,
3099 5060 3220 5140 18).Δ
3247 5076 3290 5140 »η
3311 5058 3524 5140 Etenim

1936 5138 2234 5191 maledictio
2256 5137 2311 5188 in
2343 5137 2537 5204 ipsam,
2577 5126 2804 5188 hominis
2827 5126 3154 5204 voluptatem
3171 5137 3220 5182 et
3248 5126 3525 5204 licentiam

1936 5206 2293 5284 (abducta-vit.
2325 5196 2438 5284 Hoc
2462 5196 2588 5260 item
2607 5205 2661 5263 in
2683 5204 2882 5284 diluuia
2904 5196 3204 5284 perspicies.
3235 5196 3381 5284 tyana
3395 5214 3521 5284 eum

1936 5268 2168 5334 homines
2220 5279 2276 5330 in
2318 5275 2521 5331 scelera
2582 5290 2638 5329 se
2678 5268 3034 5345 eﬁ'udisséntf
3061 5268 3327 5345 animalia
3390 5269 3521 5322 bru-

1936 5355 1993 5409 ta
2046 5362 2250 5418 quoque
2316 5363 2434 5400 eum
2489 5346 2643 5418 nihil,
2684 5343 2985 5418 peccassent
3035 5343 3276 5418 eamdem
3340 5351 3524 5394 tamen

1937 5435 2054 5490 cum
2102 5413 2204 5484 ipsi
2267 5432 2474 5490 poenam
2531 5413 2804 5470 subierunt
2856 5415 3008 5490 (Gen.
3063 5430 3163 5476 v11,
3225 5413 3251 5466 1
3295 5425 3520 5490 εειιίιηρο

1940 5489 2162 5562 ξβηιρδτ
2189 5489 2383 5562 quippe
2415 5485 3304 5562 [tcumpeccautepnimmcorpus
3344 5485 3519 5562 punit.

1941 5557 2031 5613 Sic
2057 5552 2105 5610 et
2134 5552 2210 5612 ἐπ’
2245 5552 2378 5611 Cain
2431 5555 2549 5623 fecit
2576 5552 2727 5624 (Cen.
2755 5573 2828 5620 tv,
2856 5556 2882 5611 1
2928 5571 3083 5626 seqq.
3104 5555 3145 5622 ).
3168 5552 3372 5626 Anima,
3396 5561 3520 5626 pee-

1938 5629 2074 5684 caoit
2097 5627 2238 5684 aude
2258 5619 2594 5697 perpetrata,
2615 5633 2666 5678 et
2700 5619 2887 5695 corpus
2925 5619 3520 5701 ᾀεξρξίκοικιριπιηεξτο

1942 5644 2072 5684 caou
2097 5644 2238 5684 me
2258 5644 2583 5697 perpetrata,
2615 5644 2666 5678 es
2700 5644 2887 5695 corpus
2924 5644 3387 5752 gurammuym
3416 5644 3520 5697 cf“:

1942 5715 2152 5768 gemens
2184 5705 2477 5754 attremeus
2507 5712 2664 5765 super
2685 5707 2904 5752 terram.
2972 5694 3341 5771 'mtltteretosn
3366 5686 3519 5742 Osia.

1947 5767 2226 5828 Nouatum
2281 5776 2358 5822 est
2409 5782 2497 5820 car
2547 5767 2753 5835 eius,“
2789 5782 2910 5822 ma:
2937 5768 2992 5822 in
3031 5765 3160 5836 facis
3195 5759 3342 5816 illius
3371 5757 3523 5829 lepra

1949 5840 2195 5912 apparuit
2222 5838 2309 5912 (Η
2341 5837 2532 5894 Paral.
2562 5853 2710 5905 sxvr,
2742 5837 2851 5908 i9).
