4036 6420
463 401 572 461 767

1694 390 1823 449 ΡΗΙ
1836 389 2035 449 LIPPI
2079 388 2475 450 SOLlTARII

3624 382 3733 449 768

464 512 700 576 ditctur,
745 505 1302 579 deprehendaturquc
1357 511 1413 558 et
1466 511 1834 573 cognoscatur
1875 501 2040 557 homo
2072 504 2114 562 Α
2144 499 2390 557 lominus
2414 502 2622 557 clarum
2674 500 2975 575 fulgebant,
3004 510 3060 559 et
3082 502 3272 574 gratim
3297 497 3727 570 splendoresja-

464 604 762 674 pessimus,
791 610 847 655 et
866 600 1188 655 auferantur
1216 595 1286 651 ab
1319 610 1388 650 eo
1430 594 1694 665 pecuniae,
1728 594 2040 662 facultates,

474 699 672 769 gloria,
689 696 943 759 felicitas,
966 694 1273 766 pannisque
1287 692 1703 756 vetustissimis,
1728 691 2039 753 inutilibus.

464 788 686 847 laceris,
715 786 784 840 ad
817 787 988 841 risum
1033 794 1090 840 et
1122 784 1425 839 ludibrium
1478 782 1694 838 tandem
1758 782 2041 849 induatur,

464 888 525 929 nt
556 877 651 947 qui
686 892 883 932 manus
915 876 1184 932 adversus
1223 875 1520 945 benignum
1547 873 1831 930 dominum
1881 884 2045 944 petu-

462 970 641 1044 lanter
697 954 1029 1034 sustulerit;
1060 968 1461 1038 damnatusque
1513 967 1569 1022 in
1611 982 1919 1033 carcerem,
1947 978 2045 1024 aut

472 1062 525 1114 in
576 1060 786 1125 locum,
841 1059 1147 1116 insulamve
1198 1059 1473 1115 desertam
1523 1065 1581 1113 et
1628 1058 2047 1114 inhabitabilem

462 1150 789 1220 projiciatur
836 1170 850 1205 :
904 1159 966 1205 ut
1008 1150 1207 1205 detrita
1250 1164 1316 1205 ac
1364 1150 1544 1204 lacera
1599 1149 1791 1215 vestis,
1825 1164 1948 1219 quae
1977 1149 2048 1204 ad

465 1257 673 1296 annum
740 1242 1034 1313 septimum
1092 1249 1186 1296 aut
1220 1250 1474 1296 octavum
1510 1240 1826 1306 suffecerat,
1854 1251 2049 1311 putre—

467 1333 609 1389 facta
676 1334 945 1400 solvatur,
1005 1333 1245 1405 indeque
1310 1334 1401 1389 ille
1470 1333 1818 1388 miserrimus
1866 1335 2051 1390 nudus

468 1424 808 1489 obambulet,
839 1426 1018 1480 donec
1044 1426 1214 1480 vitam
1241 1438 1612 1480 aerumnosam
1649 1432 1729 1479 tot
1756 1425 1918 1480 malis
1947 1440 2050 1494 op-

466 1531 689 1585 pressus
706 1514 967 1570 decurrat
989 1532 1005 1582 ;
1026 1514 1186 1580 cedo,
1206 1515 1451 1582 domina,
1469 1516 1626 1587 cujus
1640 1525 1725 1571 est
1747 1517 2051 1583 damnatio,

465 1616 520 1661 ιιι
546 1607 670 1675 quis
717 1606 918 1661 delicta
969 1606 1112 1661 luit?
1147 1607 1287 1661 Num
1312 1607 1548 1663 stolidus
1589 1617 1646 1664 et
1683 1609 1941 1678 petulans
1971 1608 2052 1664 fa-

467 1698 673 1761 mulus,
710 1704 770 1752 ut
800 1698 898 1767 qui
944 1713 1142 1753 manus
1176 1699 1292 1770 regi
1337 1700 1637 1755 intulerit?
1669 1699 1763 1756 Ille
1791 1700 2051 1771 proscri—

467 1797 614 1857 ptus,
647 1789 701 1843 in
756 1804 1035 1845 carcerem
1082 1791 1395 1855 conclusus,
1440 1800 1497 1847 et
1540 1793 1688 1864 juste
1740 1792 1881 1847 mala
1920 1807 2052 1862 per-

468 1896 683 1949 pessus,
711 1881 805 1952 qui
848 1891 1043 1937 natura
1076 1882 1404 1954 intelligenti
1448 1890 1505 1939 et
1555 1886 1839 1941 voluntate
1876 1884 2051 1941 libera

468 1971 731 2039 przeditus
779 1983 864 2027 est
910 1991 924 2027 :
971 1988 1041 2028 an
1104 1975 1390 2044 pecuniae,
1440 1973 1772 2042 facultates,
1808 1976 2050 2043 divitiae,

466 2068 522 2112 ιιι
551 2061 745 2130 gloria,
777 2078 900 2133 qum
924 2064 1113 2118 animo
1143 2073 1371 2119 externa
1397 2075 1548 2132 sunt,
1576 2067 1779 2137 quibus
1808 2075 1893 2124 est
1928 2082 2057 2138 spo-

468 2152 683 2211 liatus?

540 2247 735 2302 Anus.
771 2248 960 2304 Potius
993 2254 1164 2306 homo
1190 2253 1326 2321 ipse,
1361 2259 1423 2306 ut
1446 2249 1863 2316 demonstrasti,
1895 2248 2053 2307 dam-

469 2346 656 2404 natur,
687 2348 745 2393 et
797 2355 988 2408 pcnnas
1047 2341 1306 2407 sustinet,
1353 2343 1604 2412 quamvis
1664 2356 1868 2413 corpus
1918 2358 2055 2397 non-

472 2425 605 2480 dum
636 2427 923 2497 suppliciis
950 2430 1262 2500 subjectum
1304 2441 1411 2498 est,
1446 2445 1548 2486 nec
1572 2430 1872 2502 quidquam
1904 2430 2054 2487 aliud

473 2515 775 2573 exitiosum
810 2521 1062 2588 pertulit.

544 2608 712 2665 Cano.
743 2611 840 2665 Dic
864 2613 1018 2678 mihi,
1037 2623 1091 2667 et
1109 2613 1318 2683 judica,
1337 2614 1799 2684 quemadmodum
1815 2615 2053 2687 judicas,

472 2715 605 2753 num
647 2709 809 2769 putas
855 2704 1004 2774 juste
1070 2704 1236 2759 latam
1276 2721 1399 2762 esse
1448 2706 1799 2771 sententiam,
1825 2722 1932 2778 qua
1964 2707 2056 2762 ille

476 2793 819 2863 proscriptus
850 2803 905 2848 et
932 2795 1105 2865 gloria
1127 2812 1226 2852 sua
1257 2798 1465 2868 ejectus
1488 2799 1607 2854 est?

544 2882 737 2937 ANIIA.
774 2882 1108 2952 Justissime,
1159 2886 1509 2957 probissime.
1545 2888 1662 2945 Nisi
1717 2888 1866 2944 enim
1908 2897 2057 2946 esset

482 2974 756 3031 humanus
794 2977 884 3032 ille
925 2993 1039 3044 rex,
1068 2978 1124 3032 in
1160 2979 1406 3034 membra
1461 2982 1713 3050 corporis
1751 2980 2053 3036 vindictam

473 3064 832 3129 exercuisset,
888 3081 998 3121 non
1056 3074 1267 3123 tantum
1316 3068 1561 3123 externis
1619 3068 1798 3139 ipsum
1832 3071 2058 3127 multas-

2145 590 2500 646 culabantur.
2533 591 2602 647 Et
2627 593 2769 649 hanc
2797 592 3025 662 quidem
3064 606 3287 647 carnem
3321 588 3630 645 induuntur
3659 603 3731 642 cx

2146 694 2316 736 causa
2347 697 2511 751 quam
2554 682 2690 739 dixi.
2712 683 2882 738 Fluxa
2934 690 3119 739 autem
3156 690 3215 737 et
3246 680 3599 751 corruptibili
3627 694 3728 732 na-

2146 779 2296 837 tura,
2332 771 2505 827 instar
2532 772 2812 839 foliorum,
2835 773 2907 829 ab
2937 772 3315 829 universitatis
3343 770 3541 840 opiilce
3574 777 3731 840 post-

2148 864 2373 919 modum
2429 865 2765 920 vestiuntur.
2795 866 2917 920 Non
2966 867 3062 937 qui
3117 873 3383 921 mutasset
3418 864 3733 933 pulverem,

2148 966 2247 1012 aut
2294 965 2550 1012 naturam
2604 959 2746 1029 ejus,
2802 958 2900 1014 sed
2928 958 3023 1030 qui
3087 958 3327 1029 priorem
3360 955 3728 1012 subtilitatem

2150 1046 2493 1103 abstulisset.
2529 1047 2600 1102 Et
2619 1047 2688 1103 ab
2718 1046 2872 1103 Eden
2901 1056 2959 1102 et
3001 1047 3219 1103 deliciis
3261 1046 3371 1101 illis
3400 1045 3729 1117 ejiciuntur,

2152 1146 2214 1192 ut
2240 1138 2390 1209 ligno
2449 1138 2576 1194 vita;
2632 1138 2939 1205 orbentur;
2967 1138 3117 1210 quod
3154 1139 3301 1194 Deus
3342 1145 3588 1202 curaret,
3618 1151 3730 1190 non

2152 1239 2333 1287 autem
2362 1231 2531 1302 (quod
2557 1231 2723 1301 absit)
2742 1230 3038 1298 invideret,
3066 1230 3444 1300 impetumque
3469 1226 3733 1297 peccandi

2153 1332 2211 1377 et
2262 1322 2485 1379 errandi
2535 1322 2848 1378 cohiberet.
2880 1321 3029 1378 Mors
3084 1328 3268 1376 autem
3297 1335 3404 1373 non
3438 1326 3524 1372 cst
3563 1333 3735 1381 mors,

2156 1414 2376 1468 tametsi
2397 1413 2646 1485 quaedam
2673 1429 2835 1484 poena
2860 1421 2949 1469 est
2973 1411 3101 1468 :sed
3123 1410 3431 1466 remedium
3456 1407 3733 1479 quoddam

2153 1505 2480 1577 benignum,
2514 1518 2627 1577 quo
2683 1505 2751 1561 ad
2786 1503 3140 1561 conducibile
3192 1502 3356 1558 nobis
3389 1500 3689 1556 transimus
3718 1516 3734 1564 ;

2152 1606 2209 1654 et
2266 1614 2430 1669 poena
2461 1608 2546 1654 est
2576 1599 2739 1669 plena
2776 1595 3155 1660 humanitatis,
3206 1603 3268 1649 ut
3308 1593 3477 1649 etiam
3529 1592 3737 1645 malum

2153 1705 2265 1746 non
2323 1691 2396 1745 sit
2425 1690 2644 1746 tandem
2685 1689 3036 1744 immortale:
3073 1687 3170 1743 sed
3208 1694 3268 1742 ut
3317 1685 3523 1741 mortui
3546 1700 3576 1738 a
3605 1699 3738 1754 pec-

2156 1790 2283 1839 cato
2307 1781 2699 1853 justiﬁcemur.
2723 1780 2908 1836 Servit
2928 1780 3097 1852 igitur
3122 1779 3322 1834 animus
3348 1792 3477 1833 caro
3499 1776 3736 1848 pessima

2159 1874 2216 1928 in
2248 1888 2424 1928 annos
2455 1872 2674 1944 viginti,
2705 1879 2802 1926 aut
2852 1870 3108 1940 amplius,
3145 1867 3231 1924 vel
3272 1876 3492 1923 centum
3515 1867 3681 1921 etiam
3722 1883 3737 1920 :

2158 1981 2477 2036 quanquam
2527 1965 2654 2035 quis
2703 1978 2770 2019 eo
2814 1977 2992 2033 usque
3016 1961 3187 2017 vitam
3222 1959 3529 2031 producit?
3562 1958 3735 2025 Quam

2157 2061 2306 2117 enim
2335 2075 2573 2130 cumque
2629 2059 2723 2115 diu
2771 2058 2988 2114 vincula
3019 2058 3113 2112 illa
3136 2056 3480 2117 duraverint,
3513 2053 3735 2108 tandem

2158 2162 2524 2224 rumpuntur,
2567 2161 2624 2208 et
2653 2167 2856 2222 corpus
2890 2152 2944 2207 in
2967 2166 3033 2207 ea
3062 2150 3387 2214 resolvitur,
3415 2164 3447 2204 e
3473 2148 3679 2217 quibus
3708 2163 3740 2202 a

2157 2245 2436 2316 principio
2508 2254 2594 2300 est
2632 2243 2973 2299 formatum:
3024 2253 3279 2298 terrenus
3347 2250 3633 2313 postremo
3684 2239 3743 2294 in

2159 2344 2363 2391 terram
2422 2335 2584 2390 redit.
2616 2333 2861 2405 Corpore
2893 2342 3080 2389 autem
3140 2334 3482 2397 intereunte,
3518 2332 3744 2401 penitus

2156 2428 2389 2484 nudaris
2440 2436 2499 2483 et
2553 2426 2819 2483 desolaris
2863 2426 3152 2482 manifeste
3184 2439 3281 2496 per
3311 2424 3457 2494 quod
3488 2438 3741 2494 appares,

2159 2521 2422 2591 quodque
2444 2520 2561 2592 ipsa
2588 2518 2862 2591 contines,
2893 2534 2996 2575 nec
3030 2518 3144 2574 ullo
3184 2517 3348 2573 modo
3367 2517 3435 2572 ab
3465 2519 3585 2588 ipso
3610 2530 3744 2572 con-

2160 2613 2357 2669 tineris
2382 2614 2421 2667 ‘.

2233 2705 2424 2761 Soluta
2445 2705 2631 2776 igitur,
2651 2720 2870 2760 sursum
2892 2704 2961 2760 ad
2977 2702 3331 2761 Conditorem
3346 2700 3738 2774 proficisceris.

2159 2798 2549 2855 Verumtamen
2608 2797 2653 2853 si
2681 2797 3013 2853 custodieris
3049 2796 3215 2853 etiam
3266 2792 3506 2849 mentem
3540 2795 3623 2861 (ut
3661 2792 3742 2848 fas

2158 2898 2246 2946 est
2302 2888 2357 2945 id
2410 2888 2557 2959 quod
2609 2888 2679 2944 ad
2733 2888 3152 2943 similitudinem
3196 2886 3291 2942 Dei
3318 2895 3405 2941 est
3433 2882 3744 2953 conditum)

2158 2996 2271 3037 non
2300 2980 2679 3052 dcpravatam,
2711 2996 2740 3036 a
2770 2981 2921 3037 vitiis
2941 2981 3196 3037 liberam.
3229 2979 3626 3045 Proficisceris,
3661 2977 3747 3032 in-

2160 3088 2348 3144 quam,
2414 3072 2729 3145 intelligens
2779 3074 2847 3129 ad
2932 3073 3304 3144 intelligentes
3366 3071 3742 3142 (ducibusan-

474 3162 576 3208 set.
608 3154 797 3227 Itaque
848 3159 1253 3214 contumelioso
1288 3158 1365 3214 illi
1410 3174 1614 3229 corpus
1667 3160 1898 3217 illaesum
1927 3163 2057 3219 rcli-
2084 3178 2130 3241 ρ
2160 3165 2318 3237 gelis)
2390 3166 2721 3236 quibuscum
2783 3164 2881 3221 tibi
2944 3166 3293 3238 cognationis
3333 3174 3390 3221 et
3435 3174 3647 3220 natura:
3690 3172 3748 3219 et

475 3245 618 3316 quit.

547 3338 714 3394 Cano.
748 3339 895 3394 Bene
955 3342 1277 3412 respondes,
1310 3352 1367 3399 et
1417 3353 1478 3401 ut
1516 3360 1575 3400 se
1611 3361 1700 3401 res
1723 3345 1911 3408 habet,
1946 3345 2061 3403 fers

478 3430 835 3485 sententiam.
907 3431 1295 3489 Verumtamen
1349 3450 1517 3507 super
1565 3437 1746 3492 anima
1809 3447 1865 3493 et
1894 3454 2061 3495 carne

481 3521 598 3577 haec
627 3520 852 3577 scienda
888 3532 1036 3578 sunt.
1063 3522 1333 3590 Quoniam
1372 3527 1554 3582 anima
1591 3528 1645 3582 in
1696 3528 1802 3594 liis,
1837 3540 2064 3600 propter

478 3630 601 3683 qua:
631 3624 914 3686 procreata
950 3617 1150 3681 fuerat,
1181 3634 1505 3689 permanere
1542 3622 1742 3684 noluit,
1775 3638 1880 3678 nec
1927 3640 2059 3679 con-

440 3754 443 3755 .
481 3716 631 3761 tenta
665 3722 787 3762 esse
824 3709 1023 3765 illustri
1081 3710 1349 3781 dignitate
1380 3728 1545 3783 quam
1596 3714 1792 3769 sortita
1839 3721 1979 3782 erat,
2005 3722 2063 3771 et

483 3799 901 3869 pulchritudine
933 3802 1120 3858 mundi
1157 3804 1401 3874 legitime
1445 3804 1577 3872 frui,
1609 3816 1668 3861 ut
1695 3815 1923 3877 paterna
1947 3808 2065 3864 hae-

484 3893 742 3960 reditate,
801 3904 995 3950 natura
1051 3906 1109 3952 et
1140 3898 1316 3969 gratia
1343 3897 1447 3953 sibi
1479 3898 1703 3965 tradita,
1736 3908 1793 3955 et
1819 3885 2065 3971 praesens

481 3994 741 4056 tanquam
769 4002 877 4042 non
900 4004 1142 4057 praesens
1157 4005 1352 4059 rapere
1370 3989 1566 4055 voluit,
1588 3993 2062 4062 paremqueillum

480 4093 609 4131 cum
657 4079 892 4135 Domino
930 4081 1197 4137 honorem
1243 4083 1310 4138 ad
1353 4098 1412 4139 se
1443 4083 1692 4140 derivare
1739 4086 2064 4155 insipienter

483 4168 723 4233 studuit,
753 4170 895 4224 elata
917 4172 1112 4241 gloria,
1142 4188 1250 4244 qua
1274 4173 1516 4244 desuper
1548 4174 1703 4232 dives
1729 4184 1868 4243 erat,
1899 4192 2065 4234 carne

423 4310 431 4317 .
484 4275 516 4314 a
556 4260 669 4315 Deo
698 4259 824 4318 ﬁcta
882 4274 1047 4334 atque
1096 4280 1126 4319 a
1169 4265 1447 4336 principio
1486 4268 1874 4332 condecorata,
1908 4270 2066 4339 cujus

485 4349 765 4407 subtilitas
824 4353 1185 4419 incredibilis,
1218 4357 1377 4427 cujus
1423 4357 1782 4427 pulchritudo
1828 4359 2067 4415 admira-

486 4440 640 4505 bilis,
680 4441 896 4512 lapsum
938 4446 1195 4515 privavit,
1232 4462 1299 4502 ne
1346 4448 1546 4503 iterum
1585 4448 1890 4506 laberetur.
1930 4450 2064 4507 Luci

2162 3257 2354 3329 patriae
2400 3260 2639 3313 societas
2684 3257 3014 3324 intercedit;
3063 3258 3131 3313 ad
3180 3256 3415 3321 lucidos,
3463 3270 3745 3318 coruscos,

2159 3361 2219 3405 et
2258 3348 2467 3404 lumina
2517 3350 2687 3405 altera
2727 3353 2791 3402 ".
2835 3350 2979 3406 Pura
3009 3349 3076 3404 ad
3132 3364 3320 3420 puros,
3368 3351 3421 3404 iu
3464 3348 3667 3403 virtute
3715 3364 3745 3399 a

2162 3440 2276 3495 Deo
2320 3439 2469 3507 data,
2518 3450 2575 3496 et
2619 3440 2822 3512 gaudio
2866 3439 3112 3511 impleris
3140 3456 3330 3496 eorum
3357 3456 3479 3510 qua:
3532 3441 3585 3494 in
3631 3454 3746 3494 cce-

2162 3532 2231 3588 lis
2284 3532 2519 3589 invenis.
2577 3531 2734 3600 Quod
2794 3533 2839 3588 si
2891 3542 3084 3589 contra
3134 3532 3314 3604 aliqua
3375 3542 3432 3588 et
3485 3531 3749 3602 operibus

2161 3622 2321 3695 nigra
2374 3632 2431 3679 ct
2487 3625 2786 3696 caliginosa
2847 3623 3035 3692 fuerit,
3088 3640 3119 3680 a
3184 3624 3494 3680 tenebrosis
3547 3624 3604 3678 et
3659 3637 3751 3677 ca-

2162 3714 2416 3786 liginosis
2455 3717 2664 3786 angelis
2711 3715 3026 3771 abducitur.
3064 3715 3129 3770 Et
3166 3715 3293 3784 quia
3349 3714 3589 3769 tenebrae
3641 3724 3746 3778 est,

2164 3823 2292 3865 cum
2345 3808 2434 3863 his
2488 3808 2748 3864 tenebras
2804 3808 3035 3863 sortitur
3097 3808 3180 3878 (ut
3220 3805 3497 3860 illaudatis
3547 3807 3749 3860 motio-

2164 3900 2331 3956 nibus
2377 3899 2661 3971 implicita)
2704 3915 2831 3955 cum
2879 3915 3069 3954 earum
3108 3899 3385 3970 praefectis
3422 3910 3480 3957 et
3521 3909 3747 3955 curato-

2166 3993 2344 4048 ribus.
2399 3992 2536 4048 Nam
2589 4000 2801 4047 naturae
2843 3992 3154 4046 animarum
3200 3992 3537 4062 respondent
3571 3994 3745 4048 actio-

2164 4085 2333 4142 nibus
2384 4084 2520 4150 suis,
2574 4094 2631 4141 ct
2685 4083 3018 4140 omnimodis
3067 4099 3412 4155 unaquaeque
3453 4085 3578 4141 talis
3641 4096 3749 4152 est,

2168 4182 2362 4256 quales
2391 4182 2640 4238 actiones
2696 4181 2817 4252 ejus
2845 4188 3135 4250 apparent.
3166 4178 3223 4235 Si
3256 4193 3426 4251 opera
3457 4179 3598 4234 lucis
3629 4179 3750 4233 fue-

2168 4275 2303 4339 rint,
2341 4273 2729 4329 illuminantur
2773 4280 3005 4337 natura;
3056 4271 3143 4326 sin
3198 4271 3578 4338 tenebrarum,
3622 4286 3753 4342 par-

2170 4366 2367 4436 ticipes
2410 4365 2549 4419 fiunt
2598 4363 2972 4418 tenebrarum.
3028 4362 3226 4417 Anima
3253 4364 3459 4434 quippe
3481 4362 3553 4418 ab
3595 4363 3754 4417 initio

2172 4457 2392 4527 corpori
2425 4455 2691 4521 immissa,
2715 4456 2870 4510 velut
2915 4453 3069 4510 visco
3098 4454 3362 4522 adhaeret,
3389 4462 3446 4510 et
3475 4462 3585 4509 tota
3612 4467 3753 4525 quo-

483 4533 635 4589 cnim
666 4537 968 4605 stellarum,
994 4548 1050 4595 et
1081 4541 1225 4596 lunae
1245 4540 1563 4611 primaavam
1590 4544 2063 4614 protoplastorum
2099 4537 2142 4592 Ι)
2171 4549 2466 4605 dummodo
2496 4548 2575 4605 illi
2594 4546 2819 4615 coaluit,
2840 4556 2898 4605 et
2912 4563 3012 4619 per
3034 4547 3317 4620 speculum
3348 4546 3597 4617 corporis
3621 4547 3757 4602 insi-

486 4627 958 4695 pnlehritudinem
980 4635 1327 4699 assimilavit,
1354 4638 1729 4706 spectaculum
1765 4639 2067 4706 ineffabile,

483 4721 781 4791 singulare,
819 4724 1272 4798 incomparabile,
1310 4729 1431 4785 sine
1451 4738 1624 4794 veste,
1661 4733 1783 4786 sine
1811 4731 2069 4796 artificio,

486 4827 594 4867 non
623 4829 792 4886 egens
813 4820 1164 4888 tegumentis,
1191 4820 1367 4889 gloria
1390 4831 1446 4876 et
1463 4820 1876 4892 pulchritudine
1897 4824 2069 4880 sulem

484 4914 715 4968 onmlno
733 4927 980 4984 aequatis.
1016 4915 1110 4971 Sic
1138 4914 1288 4970 enim
1325 4915 1402 4969 illi
1436 4915 1691 4985 quamvis
1736 4918 1871 4974 nudi
1918 4918 2067 4975 hihi»-

2170 4650 2379 4698 nuatur
2394 4648 2452 4696 et
2482 4640 2731 4710 respicit,
2776 4638 3110 4695 obscurante
3138 4648 3197 4693 et
3246 4638 3542 4706 obtegente
3587 4651 3755 4690 carne

2170 4744 2424 4790 naturam
2455 4733 2926 4804 ineorporeamm
2964 4748 3074 4805 qua
3134 4731 3227 4787 ubi
3284 4736 3535 4799 separata
3559 4725 3751 4790 fuerit,

2173 4827 2378 4883 clarius
2409 4825 2709 4896 perspiciet

2242 4918 2343 4974 Hic.
2364 4918 2680 4990 paradigma
2704 4918 2821 4974 sive
2844 4916 3155 4988 exemplum
3189 4911 3335 4984 quod
3366 4907 3549 4972 attuli,
3582 4907 3747 4964 tinent

2004 5058 2280 5122 Scholia.

559 5203 577 5222 "
609 5201 928 5277 Gregorius.
955 5203 1074 5259 Non
1100 5204 1240 5277 enim
1274 5212 1350 5260 est
1381 5207 1566 5277 anima
1596 5209 1652 5262 in
1674 5223 1895 5277 corpore
1924 5216 1983 5262 ut
2008 5211 2064 5263 in

484 5287 629 5348 uase,
666 5282 759 5348 aut
803 5274 863 5326 in
895 5282 1012 5328 utre
1064 5273 1248 5348 aliqua
1269 5276 1401 5348 καὶ
1455 5287 1641 5332 contra
1680 5273 1853 5348 potius
1878 5294 2065 5346 corpus

484 5344 541 5395 in
589 5343 969 5426 .anima,_.qua:
1004 5360 1110 5398 non
1146 5344 1212 5397 ab
1260 5347 1373 5416 ipso
1414 5343 1734 5415 continetur,
1765 5349 1858 5405 sed
1892 5343 2067 5420 ipsum

490 5422 675 5482 potius
695 5422 945 5467 continet.
1117 5427 1125 5436 '

564 5484 603 5504 "
625 5481 787 5555 Haud
821 5484 963 5535 enim
994 5498 1089 5553 per
1124 5499 1179 5555 se
1204 5486 1387 5540 anima
1413 5487 1483 5541 ad
1504 5489 1668 5543 vitam
1693 5488 1844 5544 illam
1874 5488 2067 5555 evolat,

491 5551 634 5627 quod
664 5567 768 5604 non
800 5561 966 5627 potest
993 5551 1012 5606 ὲ
1041 5554 1133 5605 sed
1157 5571 1188 5606 α
1213 5558 1411 5627 sanctis
1437 5558 1640 5627 angelis
1679 5560 1927 5613 deducta.

565 5621 852 5692 tihrysost.
880 5620 1120 5694 Praesens
1144 5624 1283 5678 enim
1312 5628 1422 5680 vita
1458 5620 1542 5682 via
1570 5629 1814 5694 qumdam
1847 5639 1941 5694 est,
1973 5646 2070 5683 su-

495 5706 663 5767 perna
711 5692 1119 5767 manuductione
1144 5710 1273 5767 opus
1306 5696 1522 5753 habens.
1564 5692 1621 5752 Si
1650 5715 1880 5767 namque
1901 5692 1957 5753 in
1976 5717 2070 5753 ur-

499 5762 615 5811 bem
680 5763 919 5830 aliquam
957 5762 1154 5816 abituri
1178 5762 1515 5838 necessarius
1545 5778 1618 5822 est
1647 5762 1906 5838 nobisqui
1930 5771 2071 5825 uiam

510 5838 783 5899 monstret,
825 5842 1023 5900 quanto
1063 5835 1228 5905 magis
1257 5836 1310 5890 in
1332 5837 1518 5893 caelum
1572 5841 1789 5908 abituri,
1827 5835 2070 5911 superna

2154 5212 2472 5283 (indigemus
2503 5226 2621 5283 0pc,
2654 5206 2773 5279 quae
2792 5217 2855 5283 _e_t
2889 5209 3153 5283 monstret
3185 5202 3307 5283 iter,
3328 5207 3387 5283 ἐι
3437 5214 3530 5281 nos
3560 5198 3755 5283 (tinfir-

2174 5269 2315 5345 met:
2322 5292 2368 5335 et
2401 5269 2749 5336 manuducat.
2784 5277 2969 5334 Multa:
2988 5274 3124 5326 enim
3152 5279 3274 5326 sunt
3291 5272 3388 5325 vita
3416 5272 3563 5324 avita.
3588 5269 3757 5345 (Itale:

2175 5341 2296 5405 runt
2346 5351 2464 5405 duci
2514 5368 2608 5406 nos
2674 5366 2754 5413 eo,
2791 5348 2886 5399 Dei
2930 5357 3124 5398 munus
3173 5350 3249 5395 est
3278 5348 3588 5413 zutianmn
3610 5341 3757 5410 digni

2173 5423 2337 5476 simus
2371 5422 2476 5475 Deo
2520 5432 2567 5475 et
2598 5421 2711 5489 ejus
2739 5410 2902 5489 manu
2922 5423 3214 5489 teneamur,
3241 5411 3401 5489 studii
3422 5410 3588 5463 nostri
3623 5419 3751 5463 esto.

2179 5493 2239 5547 Si
2264 5493 2403 5545 enim
2459 5482 2761 5545 immundus
2808 5486 2994 5556 fueris,
3023 5498 3127 5536 non
3158 5493 3206 5536 te
3237 5482 3384 5537 illius
3416 5496 3605 5535 manus
3630 5494 3756 5532 con-

2179 5562 2381 5616 tinebit.

2358 5651 2375 5682 σ
2419 5630 2572 5685 Facie
2628 5629 2698 5683 ad
2737 5625 2928 5696 faciem
2993 5623 3042 5691 (1
3073 5623 3199 5677 Cor.
3225 5637 3366 5696 χιιι,
3404 5620 3602 5696 12).“:
3638 5617 3757 5672 Non

2178 5703 2317 5773 quod
2361 5702 2496 5773 Deus
2560 5689 2749 5772 facient
2800 5689 3146 5763 habentned
3186 5693 3385 5749 clarius
3409 5689 3666 5755 videlicet,
3707 5696 3760 5741 et

2182 5772 2535 5844 manifestius.
