  <div class='ocr_page' id='page_1' title='image "/cluster/home/n/w/nwhite01/storage/ocr_20150623/127/coo.31924054870328/392.png"; bbox 0 0 4036 6414; ppageno 0'>
   <div class='ocr_carea' id='block_1_1' title="bbox 236 355 348 420">
    <p class='ocr_par' dir='ltr' id='par_1_1' title="bbox 236 355 348 420">
     <span class='ocr_line' id='line_1_1' title="bbox 236 355 348 420; baseline 0.027 -4"><span class='ocrx_word' id='word_1_1' title='bbox 236 355 348 420; x_wconf 68' lang='lat'><strong>769</strong></span> 
     </span>
    </p>
   </div>
   <div class='ocr_carea' id='block_1_2' title="bbox 1697 352 2055 413">
    <p class='ocr_par' dir='ltr' id='par_1_2' title="bbox 1697 352 2055 413">
     <span class='ocr_line' id='line_1_2' title="bbox 1697 352 2055 413; baseline 0.003 -1"><span class='ocrx_word' id='word_1_2' title='bbox 1697 352 2055 413; x_wconf 76' lang='lat' dir='ltr'><strong>DIOPTRA.</strong></span> 
     </span>
    </p>
   </div>
   <div class='ocr_carea' id='block_1_3' title="bbox 3409 338 3518 433">
    <p class='ocr_par' dir='ltr' id='par_1_3' title="bbox 3409 338 3518 433">
     <span class='ocr_line' id='line_1_3' title="bbox 3409 338 3518 433; baseline 0.009 -1"><span class='ocrx_word' id='word_1_3' title='bbox 3409 338 3518 433; x_wconf 65' lang='grc' dir='ltr'><strong>ττο</strong></span> 
     </span>
    </p>
   </div>
   <div class='ocr_carea' id='block_1_4' title="bbox 234 464 3517 545">
    <p class='ocr_par' dir='ltr' id='par_1_4' title="bbox 234 464 3517 545">
     <span class='ocr_line' id='line_1_4' title="bbox 234 464 3517 545; baseline 0.002 -22"><span class='ocrx_word' id='word_1_4' title='bbox 234 467 426 523; x_wconf 85' lang='lat' dir='ltr'><strong>habet.</strong></span> <span class='ocrx_word' id='word_1_5' title='bbox 459 464 516 520; x_wconf 72' lang='lat' dir='ltr'><strong>ltl</strong></span> <span class='ocrx_word' id='word_1_6' title='bbox 548 465 593 520; x_wconf 88' lang='lat' dir='ltr'><strong>si</strong></span> <span class='ocrx_word' id='word_1_7' title='bbox 647 480 756 519; x_wconf 90' lang='lat' dir='ltr'><strong>non</strong></span> <span class='ocrx_word' id='word_1_8' title='bbox 809 464 1015 535; x_wconf 88' lang='lat' dir='ltr'><strong>optime</strong></span> <span class='ocrx_word' id='word_1_9' title='bbox 1066 467 1385 531; x_wconf 89' lang='lat' dir='ltr'><strong>convenire,</strong></span> <span class='ocrx_word' id='word_1_10' title='bbox 1438 484 1542 523; x_wconf 89' lang='lat' dir='ltr'><strong>nec</strong></span> <span class='ocrx_word' id='word_1_11' title='bbox 1576 469 1823 540; x_wconf 85' lang='lat' dir='ltr'><strong>undique</strong></span> <span class='ocrx_word' id='word_1_12' title='bbox 1855 477 1898 533; x_wconf 73' lang='grc' dir='ltr'>Α</span> <span class='ocrx_word' id='word_1_13' title='bbox 1927 468 2076 539; x_wconf 87' lang='lat' dir='ltr'><strong>quod</strong></span> <span class='ocrx_word' id='word_1_14' title='bbox 2129 467 2534 538; x_wconf 73' lang='lat' dir='ltr'><strong>corrumpitur,</strong></span> <span class='ocrx_word' id='word_1_15' title='bbox 2577 466 2859 525; x_wconf 86' lang='lat' dir='ltr'><strong>hominem</strong></span> <span class='ocrx_word' id='word_1_16' title='bbox 2909 473 3244 545; x_wconf 79' lang='lat' dir='ltr'><strong>nuncupari,</strong></span> <span class='ocrx_word' id='word_1_17' title='bbox 3295 475 3517 531; x_wconf 84' lang='lat' dir='ltr'><strong>tametsi</strong></span> 
     </span>
    </p>
   </div>
   <div class='ocr_carea' id='block_1_5' title="bbox 236 558 1832 632">
    <p class='ocr_par' dir='ltr' id='par_1_5' title="bbox 236 558 1832 632">
     <span class='ocr_line' id='line_1_5' title="bbox 236 558 1832 632; baseline 0.002 -18"><span class='ocrx_word' id='word_1_18' title='bbox 236 560 343 629; x_wconf 81' lang='lat' dir='ltr'><strong>ipsi</strong></span> <span class='ocrx_word' id='word_1_19' title='bbox 370 559 450 613; x_wconf 90' lang='lat' dir='ltr'><strong>rei</strong></span> <span class='ocrx_word' id='word_1_20' title='bbox 481 560 782 630; x_wconf 70' lang='lat' dir='ltr'><strong>propositae</strong></span> <span class='ocrx_word' id='word_1_21' title='bbox 835 558 1173 629; x_wconf 89' lang='lat' dir='ltr'><strong>respondere</strong></span> <span class='ocrx_word' id='word_1_22' title='bbox 1199 561 1507 627; x_wconf 73' lang='lat' dir='ltr'><strong>existimas,</strong></span> <span class='ocrx_word' id='word_1_23' title='bbox 1540 562 1832 632; x_wconf 90' lang='lat' dir='ltr'><strong>quodcun-</strong></span> 
     </span>
    </p>
   </div>
   <div class='ocr_carea' id='block_1_6' title="bbox 236 651 1829 725">
    <p class='ocr_par' dir='ltr' id='par_1_6' title="bbox 236 651 1829 725">
     <span class='ocr_line' id='line_1_6' title="bbox 236 651 1829 725; baseline 0.003 -19"><span class='ocrx_word' id='word_1_24' title='bbox 236 667 347 722; x_wconf 86' lang='lat' dir='ltr'><strong>que</strong></span> <span class='ocrx_word' id='word_1_25' title='bbox 402 652 722 723; x_wconf 87' lang='lat' dir='ltr'><strong>paradigma</strong></span> <span class='ocrx_word' id='word_1_26' title='bbox 766 651 1080 718; x_wconf 87' lang='lat' dir='ltr'><strong>considera,</strong></span> <span class='ocrx_word' id='word_1_27' title='bbox 1107 664 1165 709; x_wconf 88' lang='lat' dir='ltr'><strong>et</strong></span> <span class='ocrx_word' id='word_1_28' title='bbox 1208 653 1383 720; x_wconf 82' lang='lat' dir='ltr'><strong>disce,</strong></span> <span class='ocrx_word' id='word_1_29' title='bbox 1439 670 1662 725; x_wconf 80' lang='lat' dir='ltr'><strong>semper</strong></span> <span class='ocrx_word' id='word_1_30' title='bbox 1694 656 1829 711; x_wconf 90' lang='lat' dir='ltr'><strong>illud</strong></span> 
     </span>
    </p>
   </div>
   <div class='ocr_carea' id='block_1_7' title="bbox 236 744 1830 819">
    <p class='ocr_par' dir='ltr' id='par_1_7' title="bbox 236 744 1830 819">
     <span class='ocr_line' id='line_1_7' title="bbox 236 744 1830 819; baseline 0.002 -18"><span class='ocrx_word' id='word_1_31' title='bbox 236 745 438 801; x_wconf 89' lang='lat' dir='ltr'><strong>leviter</strong></span> <span class='ocrx_word' id='word_1_32' title='bbox 487 759 605 799; x_wconf 86' lang='lat' dir='ltr'><strong>rem</strong></span> <span class='ocrx_word' id='word_1_33' title='bbox 665 744 960 814; x_wconf 77' lang='lat' dir='ltr'><strong>attingere,</strong></span> <span class='ocrx_word' id='word_1_34' title='bbox 1017 759 1117 800; x_wconf 89' lang='lat' dir='ltr'><strong>seu</strong></span> <span class='ocrx_word' id='word_1_35' title='bbox 1163 746 1460 818; x_wconf 82' lang='lat' dir='ltr'><strong>stringere.</strong></span> <span class='ocrx_word' id='word_1_36' title='bbox 1522 762 1635 803; x_wconf 92' lang='lat' dir='ltr'><strong>non</strong></span> <span class='ocrx_word' id='word_1_37' title='bbox 1666 749 1830 819; x_wconf 90' lang='lat' dir='ltr'><strong>plane</strong></span> 
     </span>
    </p>
   </div>
   <div class='ocr_carea' id='block_1_8' title="bbox 241 837 1830 910">
    <p class='ocr_par' dir='ltr' id='par_1_8' title="bbox 241 837 1830 910">
     <span class='ocr_line' id='line_1_8' title="bbox 241 837 1830 910; baseline 0.002 -15"><span class='ocrx_word' id='word_1_38' title='bbox 241 849 491 910; x_wconf 85' lang='lat' dir='ltr'><strong>tangere,</strong></span> <span class='ocrx_word' id='word_1_39' title='bbox 551 852 656 893; x_wconf 90' lang='lat' dir='ltr'><strong>nec</strong></span> <span class='ocrx_word' id='word_1_40' title='bbox 711 851 835 893; x_wconf 89' lang='lat' dir='ltr'><strong>esse</strong></span> <span class='ocrx_word' id='word_1_41' title='bbox 889 837 1117 894; x_wconf 87' lang='lat' dir='ltr'><strong>omnino</strong></span> <span class='ocrx_word' id='word_1_42' title='bbox 1164 854 1307 909; x_wconf 87' lang='lat' dir='ltr'><strong>par:</strong></span> <span class='ocrx_word' id='word_1_43' title='bbox 1343 840 1447 896; x_wconf 88' lang='lat' dir='ltr'><strong>hoc</strong></span> <span class='ocrx_word' id='word_1_44' title='bbox 1479 841 1628 897; x_wconf 89' lang='lat' dir='ltr'><strong>enim</strong></span> <span class='ocrx_word' id='word_1_45' title='bbox 1663 842 1830 898; x_wconf 85' lang='lat' dir='ltr'><strong>modo</strong></span> 
     </span>
    </p>
   </div>
   <div class='ocr_carea' id='block_1_9' title="bbox 237 928 1830 1004">
    <p class='ocr_par' dir='ltr' id='par_1_9' title="bbox 237 928 1830 1004">
     <span class='ocr_line' id='line_1_9' title="bbox 237 928 1830 1004; baseline 0.001 -17"><span class='ocrx_word' id='word_1_46' title='bbox 237 939 386 987; x_wconf 84' lang='lat' dir='ltr'><strong>esset</strong></span> <span class='ocrx_word' id='word_1_47' title='bbox 409 929 581 985; x_wconf 87' lang='lat' dir='ltr'><strong>idem.</strong></span> <span class='ocrx_word' id='word_1_48' title='bbox 611 928 770 996; x_wconf 85' lang='lat' dir='ltr'><strong>Quod</strong></span> <span class='ocrx_word' id='word_1_49' title='bbox 810 938 995 985; x_wconf 92' lang='lat' dir='ltr'><strong>autem</strong></span> <span class='ocrx_word' id='word_1_50' title='bbox 1027 930 1175 987; x_wconf 89' lang='lat' dir='ltr'><strong>idem</strong></span> <span class='ocrx_word' id='word_1_51' title='bbox 1200 939 1308 998; x_wconf 90' lang='lat' dir='ltr'><strong>est,</strong></span> <span class='ocrx_word' id='word_1_52' title='bbox 1335 947 1619 1004; x_wconf 87' lang='lat' dir='ltr'><strong>nunquam</strong></span> <span class='ocrx_word' id='word_1_53' title='bbox 1649 933 1830 1004; x_wconf 81' lang='grc' dir='ltr'>παρά-</span> 
     </span>
    </p>
   </div>
   <div class='ocr_carea' id='block_1_10' title="bbox 235 1024 872 1094">
    <p class='ocr_par' dir='ltr' id='par_1_10' title="bbox 235 1024 872 1094">
     <span class='ocr_line' id='line_1_10' title="bbox 235 1024 872 1094; baseline 0 -16"><span class='ocrx_word' id='word_1_54' title='bbox 235 1024 441 1094; x_wconf 79' lang='grc' dir='ltr'><strong>δειγμα</strong></span> <span class='ocrx_word' id='word_1_55' title='bbox 466 1024 654 1079; x_wconf 87' lang='lat' dir='ltr'><strong>vocari</strong></span> <span class='ocrx_word' id='word_1_56' title='bbox 685 1032 872 1094; x_wconf 83' lang='lat' dir='ltr'><strong>queat.</strong></span> 
     </span>
    </p>
   </div>
   <div class='ocr_carea' id='block_1_11' title="bbox 851 1137 1226 1196">
    <p class='ocr_par' dir='ltr' id='par_1_11' title="bbox 851 1137 1226 1196">
     <span class='ocr_line' id='line_1_11' title="bbox 851 1137 1226 1196; baseline -0.003 -2"><span class='ocrx_word' id='word_1_57' title='bbox 851 1137 1079 1196; x_wconf 85' lang='lat' dir='ltr'><strong>CAPUT</strong></span> <span class='ocrx_word' id='word_1_58' title='bbox 1116 1137 1226 1194; x_wconf 84' lang='lat' dir='ltr'><strong>Vl].</strong></span> 
     </span>
    </p>
   </div>
   <div class='ocr_carea' id='block_1_12' title="bbox 239 1230 1825 1302">
    <p class='ocr_par' dir='ltr' id='par_1_12' title="bbox 239 1230 1825 1302">
     <span class='ocr_line' id='line_1_12' title="bbox 239 1230 1825 1302; baseline -0.001 -17"><span class='ocrx_word' id='word_1_59' title='bbox 239 1232 379 1299; x_wconf 64' lang='lat' dir='ltr'><strong>Quid</strong></span> <span class='ocrx_word' id='word_1_60' title='bbox 418 1231 701 1302; x_wconf 76' lang='lat' dir='ltr'><strong>significet,</strong></span> <span class='ocrx_word' id='word_1_61' title='bbox 726 1248 756 1290; x_wconf 76' lang='grc' dir='ltr'><strong>,ι</strong></span> <span class='ocrx_word' id='word_1_62' title='bbox 798 1230 868 1285; x_wconf 81' lang='lat' dir='ltr'><strong>ad</strong></span> <span class='ocrx_word' id='word_1_63' title='bbox 911 1232 1200 1302; x_wconf 76' lang='lat' dir='ltr'><strong>imaginem</strong></span> <span class='ocrx_word' id='word_1_64' title='bbox 1243 1237 1293 1284; x_wconf 86' lang='lat' dir='ltr'><strong>et</strong></span> <span class='ocrx_word' id='word_1_65' title='bbox 1329 1230 1769 1299; x_wconf 80' lang='lat' dir='ltr'><strong>similitudinem;</strong></span> <span class='ocrx_word' id='word_1_66' title='bbox 1804 1252 1825 1284; x_wconf 64' lang='grc' dir='ltr'><strong>ι</strong></span> 
     </span>
    </p>
   </div>
   <div class='ocr_carea' id='block_1_13' title="bbox 308 1302 1828 1360">
    <p class='ocr_par' dir='ltr' id='par_1_13' title="bbox 308 1302 1828 1360">
     <span class='ocr_line' id='line_1_13' title="bbox 308 1302 1828 1360; baseline 0.001 -4"><span class='ocrx_word' id='word_1_67' title='bbox 308 1310 359 1357; x_wconf 86' lang='lat' dir='ltr'><strong>et</strong></span> <span class='ocrx_word' id='word_1_68' title='bbox 397 1303 571 1355; x_wconf 74' lang='lat' dir='ltr'><strong>verius</strong></span> <span class='ocrx_word' id='word_1_69' title='bbox 596 1302 887 1357; x_wconf 70' lang='lat' dir='ltr'><strong>secundum</strong></span> <span class='ocrx_word' id='word_1_70' title='bbox 921 1303 1160 1356; x_wconf 84' lang='lat' dir='ltr'><strong>animam</strong></span> <span class='ocrx_word' id='word_1_71' title='bbox 1190 1316 1284 1355; x_wconf 80' lang='lat' dir='ltr'><strong>nos</strong></span> <span class='ocrx_word' id='word_1_72' title='bbox 1311 1316 1421 1356; x_wconf 78' lang='lat' dir='ltr'><strong>esse</strong></span> <span class='ocrx_word' id='word_1_73' title='bbox 1454 1303 1713 1360; x_wconf 80' lang='lat' dir='ltr'><strong>homines.</strong></span> <span class='ocrx_word' id='word_1_74' title='bbox 1753 1304 1828 1358; x_wconf 85' lang='lat' dir='ltr'><strong>De</strong></span> 
     </span>
    </p>
   </div>
   <div class='ocr_carea' id='block_1_14' title="bbox 307 1371 1259 1428">
    <p class='ocr_par' dir='ltr' id='par_1_14' title="bbox 307 1371 1259 1428">
     <span class='ocr_line' id='line_1_14' title="bbox 307 1371 1259 1428; baseline -0.004 0"><span class='ocrx_word' id='word_1_75' title='bbox 307 1372 582 1428; x_wconf 78' lang='lat' dir='ltr'><strong>celeritate</strong></span> <span class='ocrx_word' id='word_1_76' title='bbox 616 1373 916 1426; x_wconf 86' lang='lat' dir='ltr'><strong>animorum</strong></span> <span class='ocrx_word' id='word_1_77' title='bbox 940 1371 1259 1426; x_wconf 77' lang='lat' dir='ltr'><strong>incredibili.</strong></span> 
     </span>
    </p>
   </div>
   <div class='ocr_carea' id='block_1_15' title="bbox 310 1484 1827 1556">
    <p class='ocr_par' dir='ltr' id='par_1_15' title="bbox 310 1484 1827 1556">
     <span class='ocr_line' id='line_1_15' title="bbox 310 1484 1827 1556; baseline -0.001 -13"><span class='ocrx_word' id='word_1_78' title='bbox 310 1486 515 1543; x_wconf 67' lang='lat' dir='ltr'><strong>Amat.</strong></span> <span class='ocrx_word' id='word_1_79' title='bbox 555 1485 624 1541; x_wconf 89' lang='lat' dir='ltr'><strong>Et</strong></span> <span class='ocrx_word' id='word_1_80' title='bbox 651 1484 872 1556; x_wconf 88' lang='lat' dir='ltr'><strong>qualem</strong></span> <span class='ocrx_word' id='word_1_81' title='bbox 912 1485 1136 1541; x_wconf 83' lang='lat' dir='ltr'><strong>tandem</strong></span> <span class='ocrx_word' id='word_1_82' title='bbox 1166 1486 1454 1543; x_wconf 88' lang='lat' dir='ltr'><strong>arbitraris</strong></span> <span class='ocrx_word' id='word_1_83' title='bbox 1479 1502 1602 1543; x_wconf 88' lang='lat' dir='ltr'><strong>esse</strong></span> <span class='ocrx_word' id='word_1_84' title='bbox 1641 1487 1827 1543; x_wconf 86' lang='lat' dir='ltr'><strong>homi-</strong></span> 
     </span>
    </p>
   </div>
   <div class='ocr_carea' id='block_1_16' title="bbox 238 1576 1828 1650">
    <p class='ocr_par' dir='ltr' id='par_1_16' title="bbox 238 1576 1828 1650">
     <span class='ocr_line' id='line_1_16' title="bbox 238 1576 1828 1650; baseline -0.001 -15"><span class='ocrx_word' id='word_1_85' title='bbox 238 1579 401 1635; x_wconf 85' lang='lat' dir='ltr'><strong>nem?</strong></span> <span class='ocrx_word' id='word_1_86' title='bbox 433 1576 838 1648; x_wconf 74' lang='lat' dir='ltr'><strong>Explicandum</strong></span> <span class='ocrx_word' id='word_1_87' title='bbox 881 1576 1040 1632; x_wconf 90' lang='lat' dir='ltr'><strong>mihi.</strong></span> <span class='ocrx_word' id='word_1_88' title='bbox 1083 1576 1169 1632; x_wconf 82' lang='lat' dir='ltr'><strong>An</strong></span> <span class='ocrx_word' id='word_1_89' title='bbox 1206 1579 1384 1633; x_wconf 88' lang='lat' dir='ltr'><strong>solum</strong></span> <span class='ocrx_word' id='word_1_90' title='bbox 1416 1593 1640 1649; x_wconf 89' lang='lat' dir='ltr'><strong>corpus.</strong></span> <span class='ocrx_word' id='word_1_91' title='bbox 1678 1580 1828 1650; x_wconf 91' lang='lat' dir='ltr'><strong>quod</strong></span> 
     </span>
    </p>
   </div>
   <div class='ocr_carea' id='block_1_17' title="bbox 243 1668 1824 1740">
    <p class='ocr_par' dir='ltr' id='par_1_17' title="bbox 243 1668 1824 1740">
     <span class='ocr_line' id='line_1_17' title="bbox 243 1668 1824 1740; baseline 0 -15"><span class='ocrx_word' id='word_1_92' title='bbox 243 1671 619 1740; x_wconf 77' lang='lat' dir='ltr'><strong>corrumpitur</strong></span> <span class='ocrx_word' id='word_1_93' title='bbox 653 1687 668 1722; x_wconf 89' lang='lat'><strong>:</strong></span> <span class='ocrx_word' id='word_1_94' title='bbox 695 1682 765 1722; x_wconf 89' lang='lat' dir='ltr'><strong>an</strong></span> <span class='ocrx_word' id='word_1_95' title='bbox 801 1674 997 1738; x_wconf 88' lang='lat' dir='ltr'><strong>(penes</strong></span> <span class='ocrx_word' id='word_1_96' title='bbox 1025 1684 1192 1738; x_wconf 90' lang='lat' dir='ltr'><strong>quam</strong></span> <span class='ocrx_word' id='word_1_97' title='bbox 1233 1669 1533 1739; x_wconf 89' lang='lat' dir='ltr'><strong>imperium</strong></span> <span class='ocrx_word' id='word_1_98' title='bbox 1565 1668 1672 1739; x_wconf 88' lang='lat' dir='ltr'><strong>est)</strong></span> <span class='ocrx_word' id='word_1_99' title='bbox 1702 1669 1824 1725; x_wconf 86' lang='lat' dir='ltr'><strong>ani-</strong></span> 
     </span>
    </p>
   </div>
   <div class='ocr_carea' id='block_1_18' title="bbox 242 1758 1820 1830">
    <p class='ocr_par' dir='ltr' id='par_1_18' title="bbox 242 1758 1820 1830">
     <span class='ocr_line' id='line_1_18' title="bbox 242 1758 1820 1830; baseline -0.001 -14"><span class='ocrx_word' id='word_1_100' title='bbox 242 1777 329 1816; x_wconf 83' lang='lat' dir='ltr'><strong>ma</strong></span> <span class='ocrx_word' id='word_1_101' title='bbox 355 1760 517 1825; x_wconf 87' lang='lat' dir='ltr'><strong>illud,</strong></span> <span class='ocrx_word' id='word_1_102' title='bbox 546 1779 566 1811; x_wconf 76' lang='grc' dir='ltr'>ί</span> <span class='ocrx_word' id='word_1_103' title='bbox 589 1759 893 1815; x_wconf 88' lang='lat' dir='ltr'><strong>secundum</strong></span> <span class='ocrx_word' id='word_1_104' title='bbox 925 1758 1219 1830; x_wconf 77' lang='lat' dir='ltr'><strong>imaginem</strong></span> <span class='ocrx_word' id='word_1_105' title='bbox 1250 1770 1306 1815; x_wconf 91' lang='lat' dir='ltr'><strong>et</strong></span> <span class='ocrx_word' id='word_1_106' title='bbox 1329 1760 1771 1827; x_wconf 86' lang='lat' dir='ltr'><strong>similitudinem,</strong></span> <span class='ocrx_word' id='word_1_107' title='bbox 1800 1780 1820 1815; x_wconf 70' lang='grc' dir='ltr'><strong>ι</strong></span> 
     </span>
    </p>
   </div>
   <div class='ocr_carea' id='block_1_19' title="bbox 1936 560 3518 630">
    <p class='ocr_par' dir='ltr' id='par_1_19' title="bbox 1936 560 3518 630">
     <span class='ocr_line' id='line_1_19' title="bbox 1936 560 3518 630; baseline 0.005 -14"><span class='ocrx_word' id='word_1_108' title='bbox 1936 560 2283 630; x_wconf 89' lang='lat' dir='ltr'><strong>Scripturam</strong></span> <span class='ocrx_word' id='word_1_109' title='bbox 2304 560 2583 617; x_wconf 87' lang='lat' dir='ltr'><strong>dicentem</strong></span> <span class='ocrx_word' id='word_1_110' title='bbox 2604 561 2796 617; x_wconf 86' lang='lat' dir='ltr'><strong>audias</strong></span> <span class='ocrx_word' id='word_1_111' title='bbox 2821 580 2834 617; x_wconf 91' lang='lat'>:</span> <span class='ocrx_word' id='word_1_112' title='bbox 2869 582 2889 616; x_wconf 74' lang='grc' dir='ltr'><strong>ι</strong></span> <span class='ocrx_word' id='word_1_113' title='bbox 2916 562 3206 622; x_wconf 85' lang='lat' dir='ltr'><strong>Faciamus</strong></span> <span class='ocrx_word' id='word_1_114' title='bbox 3234 566 3518 624; x_wconf 86' lang='lat' dir='ltr'><strong>hominem</strong></span> 
     </span>
    </p>
   </div>
   <div class='ocr_carea' id='block_1_20' title="bbox 1932 653 3517 725">
    <p class='ocr_par' dir='ltr' id='par_1_20' title="bbox 1932 653 3517 725">
     <span class='ocr_line' id='line_1_20' title="bbox 1932 653 3517 725; baseline 0.003 -15"><span class='ocrx_word' id='word_1_115' title='bbox 1932 653 2002 710; x_wconf 87' lang='lat' dir='ltr'><strong>ad</strong></span> <span class='ocrx_word' id='word_1_116' title='bbox 2058 654 2351 725; x_wconf 76' lang='lat' dir='ltr'><strong>imaginem</strong></span> <span class='ocrx_word' id='word_1_117' title='bbox 2385 661 2442 710; x_wconf 91' lang='lat' dir='ltr'><strong>ct</strong></span> <span class='ocrx_word' id='word_1_118' title='bbox 2470 653 2893 712; x_wconf 85' lang='lat' dir='ltr'><strong>similitudinem</strong></span> <span class='ocrx_word' id='word_1_119' title='bbox 2936 666 3212 723; x_wconf 87' lang='lat' dir='ltr'><strong>nostram;</strong></span> <span class='ocrx_word' id='word_1_120' title='bbox 3245 676 3265 710; x_wconf 73' lang='grc' dir='ltr'><strong>ι</strong></span> <span class='ocrx_word' id='word_1_121' title='bbox 3300 659 3397 715; x_wconf 91' lang='lat' dir='ltr'><strong>sed</strong></span> <span class='ocrx_word' id='word_1_122' title='bbox 3428 660 3517 714; x_wconf 90' lang='lat' dir='ltr'><strong>in-</strong></span> 
     </span>
    </p>
   </div>
   <div class='ocr_carea' id='block_1_21' title="bbox 1937 745 3519 818">
    <p class='ocr_par' dir='ltr' id='par_1_21' title="bbox 1937 745 3519 818">
     <span class='ocr_line' id='line_1_21' title="bbox 1937 745 3519 818; baseline 0.003 -16"><span class='ocrx_word' id='word_1_123' title='bbox 1937 745 2121 818; x_wconf 89' lang='lat' dir='ltr'><strong>tellige</strong></span> <span class='ocrx_word' id='word_1_124' title='bbox 2152 747 2399 802; x_wconf 89' lang='lat' dir='ltr'><strong>animam</strong></span> <span class='ocrx_word' id='word_1_125' title='bbox 2431 747 2621 818; x_wconf 84' lang='lat' dir='ltr'><strong>potius</strong></span> <span class='ocrx_word' id='word_1_126' title='bbox 2654 747 2730 803; x_wconf 85' lang='lat' dir='ltr'><strong>ibi</strong></span> <span class='ocrx_word' id='word_1_127' title='bbox 2765 748 3048 805; x_wconf 87' lang='lat' dir='ltr'><strong>hominem</strong></span> <span class='ocrx_word' id='word_1_128' title='bbox 3094 750 3229 816; x_wconf 91' lang='lat' dir='ltr'><strong>dici,</strong></span> <span class='ocrx_word' id='word_1_129' title='bbox 3264 767 3398 817; x_wconf 91' lang='lat' dir='ltr'><strong>non,</strong></span> <span class='ocrx_word' id='word_1_130' title='bbox 3433 752 3519 807; x_wconf 83' lang='lat' dir='ltr'><strong>in-</strong></span> 
     </span>
    </p>
   </div>
   <div class='ocr_carea' id='block_1_22' title="bbox 1931 837 3520 912">
    <p class='ocr_par' dir='ltr' id='par_1_22' title="bbox 1931 837 3520 912">
     <span class='ocr_line' id='line_1_22' title="bbox 1931 837 3520 912; baseline 0.006 -20"><span class='ocrx_word' id='word_1_131' title='bbox 1931 853 2119 910; x_wconf 89' lang='lat' dir='ltr'><strong>quam,</strong></span> <span class='ocrx_word' id='word_1_132' title='bbox 2151 837 2302 894; x_wconf 89' lang='lat' dir='ltr'><strong>hunc</strong></span> <span class='ocrx_word' id='word_1_133' title='bbox 2331 852 2498 908; x_wconf 85' lang='lat' dir='ltr'><strong>quem</strong></span> <span class='ocrx_word' id='word_1_134' title='bbox 2527 838 2811 906; x_wconf 83' lang='lat' dir='ltr'><strong>videmus,</strong></span> <span class='ocrx_word' id='word_1_135' title='bbox 2876 840 2974 897; x_wconf 87' lang='lat' dir='ltr'><strong>sed</strong></span> <span class='ocrx_word' id='word_1_136' title='bbox 3009 841 3108 912; x_wconf 87' lang='lat' dir='ltr'><strong>qui</strong></span> <span class='ocrx_word' id='word_1_137' title='bbox 3144 841 3297 898; x_wconf 90' lang='lat' dir='ltr'><strong>intus</strong></span> <span class='ocrx_word' id='word_1_138' title='bbox 3325 843 3460 897; x_wconf 84' lang='lat' dir='ltr'><strong>latet</strong></span> <span class='ocrx_word' id='word_1_139' title='bbox 3497 857 3520 902; x_wconf 87' lang='lat'><strong>:</strong></span> 
     </span>
    </p>
   </div>
   <div class='ocr_carea' id='block_1_23' title="bbox 1931 929 3518 1003">
    <p class='ocr_par' dir='ltr' id='par_1_23' title="bbox 1931 929 3518 1003">
     <span class='ocr_line' id='line_1_23' title="bbox 1931 929 3518 1003; baseline 0.004 -19"><span class='ocrx_word' id='word_1_140' title='bbox 1931 938 2187 985; x_wconf 83' lang='lat' dir='ltr'><strong>naturam</strong></span> <span class='ocrx_word' id='word_1_141' title='bbox 2240 929 2454 986; x_wconf 81' lang='lat' dir='ltr'><strong>scilicet</strong></span> <span class='ocrx_word' id='word_1_142' title='bbox 2509 939 2797 1002; x_wconf 87' lang='lat' dir='ltr'><strong>aspectum</strong></span> <span class='ocrx_word' id='word_1_143' title='bbox 2854 930 3184 1003; x_wconf 78' lang='lat' dir='ltr'><strong>fugientem,</strong></span> <span class='ocrx_word' id='word_1_144' title='bbox 3250 933 3518 991; x_wconf 88' lang='lat' dir='ltr'><strong>interitus</strong></span> 
     </span>
    </p>
   </div>
   <div class='ocr_carea' id='block_1_24' title="bbox 1931 1021 3545 1093">
    <p class='ocr_par' dir='ltr' id='par_1_24' title="bbox 1931 1021 3545 1093">
     <span class='ocr_line' id='line_1_24' title="bbox 1931 1021 3545 1093; baseline 0.002 -16"><span class='ocrx_word' id='word_1_145' title='bbox 1931 1029 2238 1091; x_wconf 80' lang='lat' dir='ltr'><strong>expertem,</strong></span> <span class='ocrx_word' id='word_1_146' title='bbox 2263 1029 2320 1076; x_wconf 91' lang='lat' dir='ltr'><strong>et</strong></span> <span class='ocrx_word' id='word_1_147' title='bbox 2344 1021 2812 1091; x_wconf 68' lang='lat' dir='ltr'><strong>praestantiorem.</strong></span> <span class='ocrx_word' id='word_1_148' title='bbox 2841 1022 3016 1078; x_wconf 91' lang='lat' dir='ltr'><strong>Porro</strong></span> <span class='ocrx_word' id='word_1_149' title='bbox 3040 1022 3146 1078; x_wconf 90' lang='lat' dir='ltr'><strong>hoc</strong></span> <span class='ocrx_word' id='word_1_150' title='bbox 3170 1023 3352 1093; x_wconf 90' lang='lat' dir='ltr'><strong>ipsum</strong></span> <span class='ocrx_word' id='word_1_151' title='bbox 3383 1024 3545 1080; x_wconf 56' lang='lat' dir='ltr'><strong>hinc‘</strong></span> 
     </span>
    </p>
   </div>
   <div class='ocr_carea' id='block_1_25' title="bbox 1930 1113 3517 1186">
    <p class='ocr_par' dir='ltr' id='par_1_25' title="bbox 1930 1113 3517 1186">
     <span class='ocr_line' id='line_1_25' title="bbox 1930 1113 3517 1186; baseline 0.003 -18"><span class='ocrx_word' id='word_1_152' title='bbox 1930 1113 2116 1182; x_wconf 85' lang='lat' dir='ltr'><strong>aptius</strong></span> <span class='ocrx_word' id='word_1_153' title='bbox 2143 1113 2437 1184; x_wconf 88' lang='lat' dir='ltr'><strong>percipies.</strong></span> <span class='ocrx_word' id='word_1_154' title='bbox 2475 1113 2594 1184; x_wconf 84' lang='lat' dir='ltr'><strong>Ipsa</strong></span> <span class='ocrx_word' id='word_1_155' title='bbox 2617 1129 2720 1186; x_wconf 85' lang='lat' dir='ltr'><strong>ego</strong></span> <span class='ocrx_word' id='word_1_156' title='bbox 2750 1115 3057 1171; x_wconf 90' lang='lat' dir='ltr'><strong>secundum</strong></span> <span class='ocrx_word' id='word_1_157' title='bbox 3081 1117 3322 1171; x_wconf 90' lang='lat' dir='ltr'><strong>animam</strong></span> <span class='ocrx_word' id='word_1_158' title='bbox 3350 1117 3517 1173; x_wconf 89' lang='lat' dir='ltr'><strong>homo</strong></span> 
     </span>
    </p>
   </div>
   <div class='ocr_carea' id='block_1_26' title="bbox 1932 1205 3515 1279">
    <p class='ocr_par' dir='ltr' id='par_1_26' title="bbox 1932 1205 3515 1279">
     <span class='ocr_line' id='line_1_26' title="bbox 1932 1205 3515 1279; baseline 0.001 -17"><span class='ocrx_word' id='word_1_159' title='bbox 1932 1221 2075 1262; x_wconf 90' lang='lat' dir='ltr'><strong>sum.</strong></span> <span class='ocrx_word' id='word_1_160' title='bbox 2110 1205 2291 1261; x_wconf 79' lang='lat' dir='ltr'><strong>Meum</strong></span> <span class='ocrx_word' id='word_1_161' title='bbox 2322 1206 2472 1262; x_wconf 90' lang='lat' dir='ltr'><strong>enim</strong></span> <span class='ocrx_word' id='word_1_162' title='bbox 2513 1221 2718 1277; x_wconf 91' lang='lat' dir='ltr'><strong>corpus</strong></span> <span class='ocrx_word' id='word_1_163' title='bbox 2748 1208 2954 1263; x_wconf 89' lang='lat' dir='ltr'><strong>dicitur</strong></span> <span class='ocrx_word' id='word_1_164' title='bbox 2988 1227 3000 1263; x_wconf 92' lang='lat'><strong>:</strong></span> <span class='ocrx_word' id='word_1_165' title='bbox 3041 1224 3171 1265; x_wconf 89' lang='lat' dir='ltr'><strong>nam</strong></span> <span class='ocrx_word' id='word_1_166' title='bbox 3199 1225 3404 1279; x_wconf 87' lang='lat' dir='ltr'><strong>corpus</strong></span> <span class='ocrx_word' id='word_1_167' title='bbox 3428 1217 3515 1264; x_wconf 89' lang='lat' dir='ltr'><strong>est</strong></span> 
     </span>
    </p>
   </div>
   <div class='ocr_carea' id='block_1_27' title="bbox 1930 1297 3516 1371">
    <p class='ocr_par' dir='ltr' id='par_1_27' title="bbox 1930 1297 3516 1371">
     <span class='ocr_line' id='line_1_27' title="bbox 1930 1297 3516 1371; baseline 0.001 -18"><span class='ocrx_word' id='word_1_168' title='bbox 1930 1297 2129 1354; x_wconf 64' lang='lat' dir='ltr'><strong>animae</strong></span> <span class='ocrx_word' id='word_1_169' title='bbox 2153 1313 2378 1369; x_wconf 88' lang='lat' dir='ltr'><strong>corpus.</strong></span> <span class='ocrx_word' id='word_1_170' title='bbox 2399 1298 2521 1354; x_wconf 87' lang='lat' dir='ltr'><strong>Non</strong></span> <span class='ocrx_word' id='word_1_171' title='bbox 2546 1299 2696 1355; x_wconf 89' lang='lat' dir='ltr'><strong>enim</strong></span> <span class='ocrx_word' id='word_1_172' title='bbox 2725 1309 2823 1356; x_wconf 91' lang='lat' dir='ltr'><strong>aut</strong></span> <span class='ocrx_word' id='word_1_173' title='bbox 2851 1315 3068 1368; x_wconf 89' lang='lat' dir='ltr'><strong>manus,</strong></span> <span class='ocrx_word' id='word_1_174' title='bbox 3092 1317 3208 1371; x_wconf 86' lang='lat' dir='ltr'><strong>ego,</strong></span> <span class='ocrx_word' id='word_1_175' title='bbox 3229 1300 3388 1367; x_wconf 81' lang='lat' dir='ltr'><strong>dicit,</strong></span> <span class='ocrx_word' id='word_1_176' title='bbox 3419 1313 3516 1355; x_wconf 86' lang='lat' dir='ltr'><strong>aut</strong></span> 
     </span>
    </p>
   </div>
   <div class='ocr_carea' id='block_1_28' title="bbox 1931 1389 3514 1461">
    <p class='ocr_par' dir='ltr' id='par_1_28' title="bbox 1931 1389 3514 1461">
     <span class='ocr_line' id='line_1_28' title="bbox 1931 1389 3514 1461; baseline 0 -17"><span class='ocrx_word' id='word_1_177' title='bbox 1931 1404 2051 1459; x_wconf 83' lang='lat' dir='ltr'><strong>pes,</strong></span> <span class='ocrx_word' id='word_1_178' title='bbox 2078 1395 2174 1444; x_wconf 88' lang='lat' dir='ltr'><strong>aut</strong></span> <span class='ocrx_word' id='word_1_179' title='bbox 2202 1389 2511 1456; x_wconf 86' lang='lat' dir='ltr'><strong>membrum</strong></span> <span class='ocrx_word' id='word_1_180' title='bbox 2542 1389 2695 1444; x_wconf 90' lang='lat' dir='ltr'><strong>aliud</strong></span> <span class='ocrx_word' id='word_1_181' title='bbox 2729 1409 2743 1446; x_wconf 89' lang='lat'><strong>:</strong></span> <span class='ocrx_word' id='word_1_182' title='bbox 2774 1390 2872 1446; x_wconf 87' lang='lat' dir='ltr'><strong>sed</strong></span> <span class='ocrx_word' id='word_1_183' title='bbox 2908 1405 3012 1445; x_wconf 85' lang='lat' dir='ltr'><strong>vox</strong></span> <span class='ocrx_word' id='word_1_184' title='bbox 3043 1390 3167 1455; x_wconf 87' lang='lat' dir='ltr'><strong>ista,</strong></span> <span class='ocrx_word' id='word_1_185' title='bbox 3203 1406 3317 1461; x_wconf 88' lang='lat' dir='ltr'><strong>ego,</strong></span> <span class='ocrx_word' id='word_1_186' title='bbox 3353 1391 3514 1460; x_wconf 88' lang='lat' dir='ltr'><strong>plane</strong></span> 
     </span>
    </p>
   </div>
   <div class='ocr_carea' id='block_1_29' title="bbox 1930 1479 3513 1551">
    <p class='ocr_par' dir='ltr' id='par_1_29' title="bbox 1930 1479 3513 1551">
     <span class='ocr_line' id='line_1_29' title="bbox 1930 1479 3513 1551; baseline 0 -15"><span class='ocrx_word' id='word_1_187' title='bbox 1930 1490 2017 1537; x_wconf 91' lang='lat' dir='ltr'><strong>est</strong></span> <span class='ocrx_word' id='word_1_188' title='bbox 2041 1480 2257 1536; x_wconf 68' lang='lat' dir='ltr'><strong>animm.</strong></span> <span class='ocrx_word' id='word_1_189' title='bbox 2279 1479 2485 1535; x_wconf 67' lang='lat' dir='ltr'><strong>Caetera</strong></span> <span class='ocrx_word' id='word_1_190' title='bbox 2515 1481 2839 1551; x_wconf 73' lang='lat' dir='ltr'><strong>omniaquae</strong></span> <span class='ocrx_word' id='word_1_191' title='bbox 2864 1481 3115 1551; x_wconf 90' lang='lat' dir='ltr'><strong>corporis</strong></span> <span class='ocrx_word' id='word_1_192' title='bbox 3135 1490 3291 1545; x_wconf 88' lang='lat' dir='ltr'><strong>sunt,</strong></span> <span class='ocrx_word' id='word_1_193' title='bbox 3317 1482 3513 1551; x_wconf 86' lang='lat' dir='ltr'><strong>pedes,</strong></span> 
     </span>
    </p>
   </div>
   <div class='ocr_carea' id='block_1_30' title="bbox 1931 1573 3512 1645">
    <p class='ocr_par' dir='ltr' id='par_1_30' title="bbox 1931 1573 3512 1645">
     <span class='ocr_line' id='line_1_30' title="bbox 1931 1573 3512 1645; baseline -0.002 -16"><span class='ocrx_word' id='word_1_194' title='bbox 1931 1589 2152 1640; x_wconf 87' lang='lat' dir='ltr'><strong>manus,</strong></span> <span class='ocrx_word' id='word_1_195' title='bbox 2178 1573 2452 1640; x_wconf 89' lang='lat' dir='ltr'><strong>membra,</strong></span> <span class='ocrx_word' id='word_1_196' title='bbox 2480 1582 2537 1628; x_wconf 91' lang='lat' dir='ltr'><strong>et</strong></span> <span class='ocrx_word' id='word_1_197' title='bbox 2558 1582 2744 1644; x_wconf 89' lang='lat' dir='ltr'><strong>partes</strong></span> <span class='ocrx_word' id='word_1_198' title='bbox 2767 1575 2891 1645; x_wconf 90' lang='lat' dir='ltr'><strong>ejus</strong></span> <span class='ocrx_word' id='word_1_199' title='bbox 2911 1581 3177 1629; x_wconf 86' lang='lat' dir='ltr'><strong>vocantur</strong></span> <span class='ocrx_word' id='word_1_200' title='bbox 3201 1573 3271 1628; x_wconf 92' lang='lat' dir='ltr'><strong>ab</strong></span> <span class='ocrx_word' id='word_1_201' title='bbox 3299 1573 3388 1629; x_wconf 88' lang='lat' dir='ltr'><strong>his</strong></span> <span class='ocrx_word' id='word_1_202' title='bbox 3415 1573 3512 1642; x_wconf 90' lang='lat' dir='ltr'><strong>qui</strong></span> 
     </span>
    </p>
   </div>
   <div class='ocr_carea' id='block_1_31' title="bbox 1932 1662 3511 1732">
    <p class='ocr_par' dir='ltr' id='par_1_31' title="bbox 1932 1662 3511 1732">
     <span class='ocr_line' id='line_1_31' title="bbox 1932 1662 3511 1732; baseline -0.004 -12"><span class='ocrx_word' id='word_1_203' title='bbox 1932 1664 2118 1720; x_wconf 88' lang='lat' dir='ltr'><strong>sciunt</strong></span> <span class='ocrx_word' id='word_1_204' title='bbox 2166 1663 2303 1719; x_wconf 92' lang='lat' dir='ltr'><strong>illud</strong></span> <span class='ocrx_word' id='word_1_205' title='bbox 2351 1678 2382 1717; x_wconf 73' lang='grc' dir='ltr'><strong>ει</strong></span> <span class='ocrx_word' id='word_1_206' title='bbox 2425 1662 2703 1732; x_wconf 89' lang='lat' dir='ltr'><strong>principio</strong></span> <span class='ocrx_word' id='word_1_207' title='bbox 2762 1670 3025 1732; x_wconf 82' lang='lat' dir='ltr'><strong>tanquam</strong></span> <span class='ocrx_word' id='word_1_208' title='bbox 3074 1663 3511 1717; x_wconf 83' lang='lat' dir='ltr'><strong>instrumentum</strong></span> 
     </span>
    </p>
   </div>
   <div class='ocr_carea' id='block_1_32' title="bbox 1932 1750 3512 1824">
    <p class='ocr_par' dir='ltr' id='par_1_32' title="bbox 1932 1750 3512 1824">
     <span class='ocr_line' id='line_1_32' title="bbox 1932 1750 3512 1824; baseline -0.004 -14"><span class='ocrx_word' id='word_1_209' title='bbox 1932 1753 2154 1824; x_wconf 88' lang='lat' dir='ltr'><strong>aliquod</strong></span> <span class='ocrx_word' id='word_1_210' title='bbox 2188 1768 2286 1809; x_wconf 88' lang='lat' dir='ltr'><strong>seu</strong></span> <span class='ocrx_word' id='word_1_211' title='bbox 2327 1752 2647 1808; x_wconf 86' lang='lat' dir='ltr'><strong>vehiculum</strong></span> <span class='ocrx_word' id='word_1_212' title='bbox 2674 1766 2795 1808; x_wconf 89' lang='lat' dir='ltr'><strong>esse</strong></span> <span class='ocrx_word' id='word_1_213' title='bbox 2815 1751 3042 1816; x_wconf 90' lang='lat' dir='ltr'><strong>factum,</strong></span> <span class='ocrx_word' id='word_1_214' title='bbox 3068 1750 3512 1806; x_wconf 82' lang='lat' dir='ltr'><strong>utostcnditnus.</strong></span> 
     </span>
    </p>
   </div>
   <div class='ocr_carea' id='block_1_33' title="bbox 245 1823 3513 1923">
    <p class='ocr_par' dir='ltr' id='par_1_33' title="bbox 245 1823 3513 1923">
     <span class='ocr_line' id='line_1_33' title="bbox 245 1823 3513 1923; baseline -0.004 -17"><span class='ocrx_word' id='word_1_215' title='bbox 245 1858 305 1906; x_wconf 88' lang='lat' dir='ltr'><strong>ut</strong></span> <span class='ocrx_word' id='word_1_216' title='bbox 331 1823 602 1921; x_wconf 84' lang='lat' dir='ltr'><strong>scriptum</strong></span> <span class='ocrx_word' id='word_1_217' title='bbox 627 1858 734 1913; x_wconf 89' lang='lat' dir='ltr'><strong>est,</strong></span> <span class='ocrx_word' id='word_1_218' title='bbox 765 1851 902 1904; x_wconf 89' lang='lat' dir='ltr'><strong>citra</strong></span> <span class='ocrx_word' id='word_1_219' title='bbox 922 1823 1089 1903; x_wconf 77' lang='lat' dir='ltr'><strong>ullam</strong></span> <span class='ocrx_word' id='word_1_220' title='bbox 1112 1850 1476 1905; x_wconf 88' lang='lat' dir='ltr'><strong>mutationem</strong></span> <span class='ocrx_word' id='word_1_221' title='bbox 1499 1862 1682 1906; x_wconf 85' lang='lat' dir='ltr'><strong>servat</strong></span> <span class='ocrx_word' id='word_1_222' title='bbox 1707 1823 1825 1923; x_wconf 58' lang='lat'><strong>(6)?</strong></span> <span class='ocrx_word' id='word_1_223' title='bbox 1860 1823 1898 1879; x_wconf 74' lang='grc' dir='ltr'>Β</span> <span class='ocrx_word' id='word_1_224' title='bbox 1931 1823 2125 1915; x_wconf 80' lang='lat' dir='ltr'><strong>itaque</strong></span> <span class='ocrx_word' id='word_1_225' title='bbox 2153 1852 2211 1900; x_wconf 89' lang='lat' dir='ltr'><strong>et</strong></span> <span class='ocrx_word' id='word_1_226' title='bbox 2251 1844 2384 1900; x_wconf 91' lang='lat' dir='ltr'><strong>hinc</strong></span> <span class='ocrx_word' id='word_1_227' title='bbox 2417 1843 2660 1898; x_wconf 89' lang='lat' dir='ltr'><strong>animam</strong></span> <span class='ocrx_word' id='word_1_228' title='bbox 2689 1843 2875 1914; x_wconf 87' lang='lat' dir='ltr'><strong>potius</strong></span> <span class='ocrx_word' id='word_1_229' title='bbox 2902 1856 3025 1897; x_wconf 84' lang='lat' dir='ltr'><strong>esse</strong></span> <span class='ocrx_word' id='word_1_230' title='bbox 3060 1840 3342 1896; x_wconf 89' lang='lat' dir='ltr'><strong>hominem</strong></span> <span class='ocrx_word' id='word_1_231' title='bbox 3394 1840 3513 1894; x_wconf 85' lang='lat' dir='ltr'><strong>exi-</strong></span> 
     </span>
    </p>
   </div>
   <div class='ocr_carea' id='block_1_34' title="bbox 240 1941 1822 2014">
    <p class='ocr_par' dir='ltr' id='par_1_34' title="bbox 240 1941 1822 2014">
     <span class='ocr_line' id='line_1_34' title="bbox 240 1941 1822 2014; baseline 0 -15"><span class='ocrx_word' id='word_1_232' title='bbox 240 1943 419 1999; x_wconf 74' lang='lat' dir='ltr'><strong>Moses</strong></span> <span class='ocrx_word' id='word_1_233' title='bbox 433 1943 584 1998; x_wconf 90' lang='lat' dir='ltr'><strong>enim</strong></span> <span class='ocrx_word' id='word_1_234' title='bbox 612 1941 815 1999; x_wconf 86' lang='lat' dir='ltr'><strong>litteris</strong></span> <span class='ocrx_word' id='word_1_235' title='bbox 844 1941 1094 2007; x_wconf 90' lang='lat' dir='ltr'><strong>tradidit,</strong></span> <span class='ocrx_word' id='word_1_236' title='bbox 1121 1941 1405 1997; x_wconf 89' lang='lat' dir='ltr'><strong>hominem</strong></span> <span class='ocrx_word' id='word_1_237' title='bbox 1429 1943 1499 1997; x_wconf 89' lang='lat' dir='ltr'><strong>ad</strong></span> <span class='ocrx_word' id='word_1_238' title='bbox 1525 1942 1822 2014; x_wconf 89' lang='lat' dir='ltr'><strong>imaginem</strong></span> 
     </span>
    </p>
   </div>
   <div class='ocr_carea' id='block_1_35' title="bbox 239 2035 1824 2106">
    <p class='ocr_par' dir='ltr' id='par_1_35' title="bbox 239 2035 1824 2106">
     <span class='ocr_line' id='line_1_35' title="bbox 239 2035 1824 2106; baseline 0 -15"><span class='ocrx_word' id='word_1_239' title='bbox 239 2035 332 2091; x_wconf 87' lang='lat' dir='ltr'><strong>Dei</strong></span> <span class='ocrx_word' id='word_1_240' title='bbox 362 2044 719 2106; x_wconf 89' lang='lat' dir='ltr'><strong>procreatum</strong></span> <span class='ocrx_word' id='word_1_241' title='bbox 747 2049 893 2101; x_wconf 90' lang='lat' dir='ltr'><strong>esse,</strong></span> <span class='ocrx_word' id='word_1_242' title='bbox 923 2049 1053 2088; x_wconf 91' lang='lat' dir='ltr'><strong>eum</strong></span> <span class='ocrx_word' id='word_1_243' title='bbox 1086 2049 1254 2105; x_wconf 89' lang='lat' dir='ltr'><strong>quem</strong></span> <span class='ocrx_word' id='word_1_244' title='bbox 1287 2035 1527 2105; x_wconf 90' lang='lat' dir='ltr'><strong>primum</strong></span> <span class='ocrx_word' id='word_1_245' title='bbox 1553 2036 1625 2091; x_wconf 89' lang='lat' dir='ltr'><strong>ab</strong></span> <span class='ocrx_word' id='word_1_246' title='bbox 1660 2036 1824 2091; x_wconf 86' lang='lat' dir='ltr'><strong>initio</strong></span> 
     </span>
    </p>
   </div>
   <div class='ocr_carea' id='block_1_36' title="bbox 241 2126 1822 2198">
    <p class='ocr_par' dir='ltr' id='par_1_36' title="bbox 241 2126 1822 2198">
     <span class='ocr_line' id='line_1_36' title="bbox 241 2126 1822 2198; baseline 0.001 -15"><span class='ocrx_word' id='word_1_247' title='bbox 241 2128 382 2183; x_wconf 80' lang='lat' dir='ltr'><strong>Deus</strong></span> <span class='ocrx_word' id='word_1_248' title='bbox 415 2126 686 2184; x_wconf 87' lang='lat' dir='ltr'><strong>condidit.</strong></span> <span class='ocrx_word' id='word_1_249' title='bbox 721 2126 973 2193; x_wconf 85' lang='lat' dir='ltr'><strong>Quonam</strong></span> <span class='ocrx_word' id='word_1_250' title='bbox 1011 2136 1174 2198; x_wconf 90' lang='lat' dir='ltr'><strong>pacto</strong></span> <span class='ocrx_word' id='word_1_251' title='bbox 1197 2136 1385 2185; x_wconf 90' lang='lat' dir='ltr'><strong>autem</strong></span> <span class='ocrx_word' id='word_1_252' title='bbox 1416 2127 1554 2184; x_wconf 90' lang='lat' dir='ltr'><strong>citra</strong></span> <span class='ocrx_word' id='word_1_253' title='bbox 1582 2129 1822 2185; x_wconf 88' lang='lat' dir='ltr'><strong>animam</strong></span> 
     </span>
    </p>
   </div>
   <div class='ocr_carea' id='block_1_37' title="bbox 238 2219 1823 2291">
    <p class='ocr_par' dir='ltr' id='par_1_37' title="bbox 238 2219 1823 2291">
     <span class='ocr_line' id='line_1_37' title="bbox 238 2219 1823 2291; baseline 0.001 -17"><span class='ocrx_word' id='word_1_254' title='bbox 238 2235 440 2291; x_wconf 86' lang='lat' dir='ltr'><strong>corpus</strong></span> <span class='ocrx_word' id='word_1_255' title='bbox 492 2219 668 2275; x_wconf 88' lang='lat' dir='ltr'><strong>homo</strong></span> <span class='ocrx_word' id='word_1_256' title='bbox 714 2219 972 2274; x_wconf 84' lang='lat' dir='ltr'><strong>vocatur?</strong></span> <span class='ocrx_word' id='word_1_257' title='bbox 1018 2235 1376 2291; x_wconf 86' lang='lat' dir='ltr'><strong>rursumque,</strong></span> <span class='ocrx_word' id='word_1_258' title='bbox 1419 2220 1648 2291; x_wconf 86' lang='lat' dir='ltr'><strong>quinam</strong></span> <span class='ocrx_word' id='word_1_259' title='bbox 1704 2222 1823 2276; x_wconf 89' lang='lat' dir='ltr'><strong>sola</strong></span> 
     </span>
    </p>
   </div>
   <div class='ocr_carea' id='block_1_38' title="bbox 238 2302 1823 2384">
    <p class='ocr_par' dir='ltr' id='par_1_38' title="bbox 238 2302 1823 2384">
     <span class='ocr_line' id='line_1_38' title="bbox 238 2302 1823 2384; baseline 0.001 -16"><span class='ocrx_word' id='word_1_260' title='bbox 238 2314 419 2369; x_wconf 84' lang='lat' dir='ltr'><strong>anima</strong></span> <span class='ocrx_word' id='word_1_261' title='bbox 452 2313 622 2368; x_wconf 89' lang='lat' dir='ltr'><strong>homo</strong></span> <span class='ocrx_word' id='word_1_262' title='bbox 663 2313 995 2382; x_wconf 87' lang='lat' dir='ltr'><strong>appellatur,</strong></span> <span class='ocrx_word' id='word_1_263' title='bbox 1025 2313 1237 2383; x_wconf 88' lang='lat' dir='ltr'><strong>absque</strong></span> <span class='ocrx_word' id='word_1_264' title='bbox 1267 2328 1522 2384; x_wconf 87' lang='lat' dir='ltr'><strong>corpore,</strong></span> <span class='ocrx_word' id='word_1_265' title='bbox 1555 2329 1681 2368; x_wconf 93' lang='lat' dir='ltr'><strong>cum</strong></span> <span class='ocrx_word' id='word_1_266' title='bbox 1710 2302 1823 2384; x_wconf 86' lang='lat' dir='ltr'><strong>quo</strong></span> 
     </span>
    </p>
   </div>
   <div class='ocr_carea' id='block_1_39' title="bbox 237 2404 1825 2478">
    <p class='ocr_par' dir='ltr' id='par_1_39' title="bbox 237 2404 1825 2478">
     <span class='ocr_line' id='line_1_39' title="bbox 237 2404 1825 2478; baseline 0.003 -19"><span class='ocrx_word' id='word_1_267' title='bbox 237 2405 534 2460; x_wconf 84' lang='lat' dir='ltr'><strong>subsistit?</strong></span> <span class='ocrx_word' id='word_1_268' title='bbox 582 2404 800 2460; x_wconf 87' lang='lat' dir='ltr'><strong>Etenim</strong></span> <span class='ocrx_word' id='word_1_269' title='bbox 850 2404 943 2460; x_wconf 90' lang='lat' dir='ltr'><strong>ille</strong></span> <span class='ocrx_word' id='word_1_270' title='bbox 998 2414 1278 2476; x_wconf 87' lang='lat' dir='ltr'><strong>spectator</strong></span> <span class='ocrx_word' id='word_1_271' title='bbox 1332 2406 1429 2461; x_wconf 90' lang='lat' dir='ltr'><strong>Dei</strong></span> <span class='ocrx_word' id='word_1_272' title='bbox 1492 2407 1717 2478; x_wconf 86' lang='lat' dir='ltr'><strong>scripsit</strong></span> <span class='ocrx_word' id='word_1_273' title='bbox 1764 2408 1825 2463; x_wconf 90' lang='lat' dir='ltr'><strong>in</strong></span> 
     </span>
    </p>
   </div>
   <div class='ocr_carea' id='block_1_40' title="bbox 238 2495 1824 2567">
    <p class='ocr_par' dir='ltr' id='par_1_40' title="bbox 238 2495 1824 2567">
     <span class='ocr_line' id='line_1_40' title="bbox 238 2495 1824 2567; baseline 0.001 -15"><span class='ocrx_word' id='word_1_274' title='bbox 238 2496 460 2562; x_wconf 75' lang='lat' dir='ltr'><strong>Genesi,</strong></span> <span class='ocrx_word' id='word_1_275' title='bbox 500 2496 675 2551; x_wconf 87' lang='lat' dir='ltr'><strong>Deum</strong></span> <span class='ocrx_word' id='word_1_276' title='bbox 709 2496 777 2551; x_wconf 89' lang='lat' dir='ltr'><strong>de</strong></span> <span class='ocrx_word' id='word_1_277' title='bbox 810 2495 1037 2567; x_wconf 85' lang='lat' dir='ltr'><strong>pulvere</strong></span> <span class='ocrx_word' id='word_1_278' title='bbox 1070 2505 1235 2552; x_wconf 68' lang='lat' dir='ltr'><strong>terrae</strong></span> <span class='ocrx_word' id='word_1_279' title='bbox 1276 2497 1558 2552; x_wconf 86' lang='lat' dir='ltr'><strong>hominem</strong></span> <span class='ocrx_word' id='word_1_280' title='bbox 1590 2498 1824 2554; x_wconf 89' lang='lat' dir='ltr'><strong>formas-</strong></span> 
     </span>
    </p>
   </div>
   <div class='ocr_carea' id='block_1_41' title="bbox 239 2587 1821 2660">
    <p class='ocr_par' dir='ltr' id='par_1_41' title="bbox 239 2587 1821 2660">
     <span class='ocr_line' id='line_1_41' title="bbox 239 2587 1821 2660; baseline 0.001 -17"><span class='ocrx_word' id='word_1_281' title='bbox 239 2603 299 2643; x_wconf 87' lang='lat' dir='ltr'><strong>se</strong></span> <span class='ocrx_word' id='word_1_282' title='bbox 337 2590 377 2642; x_wconf 73' lang='grc' dir='ltr'>ι.</span> <span class='ocrx_word' id='word_1_283' title='bbox 409 2587 627 2659; x_wconf 87' lang='lat' dir='ltr'><strong>Corpus</strong></span> <span class='ocrx_word' id='word_1_284' title='bbox 665 2588 838 2659; x_wconf 86' lang='lat' dir='ltr'><strong>igitur</strong></span> <span class='ocrx_word' id='word_1_285' title='bbox 875 2588 1155 2657; x_wconf 89' lang='lat' dir='ltr'><strong>quomodo</strong></span> <span class='ocrx_word' id='word_1_286' title='bbox 1183 2597 1292 2644; x_wconf 90' lang='lat' dir='ltr'><strong>tam</strong></span> <span class='ocrx_word' id='word_1_287' title='bbox 1320 2599 1508 2660; x_wconf 90' lang='lat' dir='ltr'><strong>aperte</strong></span> <span class='ocrx_word' id='word_1_288' title='bbox 1539 2591 1821 2646; x_wconf 87' lang='lat' dir='ltr'><strong>hominem</strong></span> 
     </span>
    </p>
   </div>
   <div class='ocr_carea' id='block_1_42' title="bbox 239 2678 1820 2751">
    <p class='ocr_par' dir='ltr' id='par_1_42' title="bbox 239 2678 1820 2751">
     <span class='ocr_line' id='line_1_42' title="bbox 239 2678 1820 2751; baseline 0.001 -18"><span class='ocrx_word' id='word_1_289' title='bbox 239 2680 581 2734; x_wconf 88' lang='lat' dir='ltr'><strong>nominavit?</strong></span> <span class='ocrx_word' id='word_1_290' title='bbox 608 2679 748 2735; x_wconf 87' lang='lat' dir='ltr'><strong>Nam</strong></span> <span class='ocrx_word' id='word_1_291' title='bbox 774 2680 1109 2749; x_wconf 80' lang='lat' dir='ltr'><strong>Spiraculum</strong></span> <span class='ocrx_word' id='word_1_292' title='bbox 1146 2678 1274 2735; x_wconf 65' lang='lat' dir='ltr'><strong>vitae</strong></span> <span class='ocrx_word' id='word_1_293' title='bbox 1295 2690 1511 2750; x_wconf 90' lang='lat' dir='ltr'><strong>postea,</strong></span> <span class='ocrx_word' id='word_1_294' title='bbox 1550 2689 1674 2751; x_wconf 89' lang='lat' dir='ltr'><strong>post</strong></span> <span class='ocrx_word' id='word_1_295' title='bbox 1703 2682 1820 2751; x_wconf 89' lang='lat' dir='ltr'><strong>pri-</strong></span> 
     </span>
    </p>
   </div>
   <div class='ocr_carea' id='block_1_43' title="bbox 243 2767 1824 2837">
    <p class='ocr_par' dir='ltr' id='par_1_43' title="bbox 243 2767 1824 2837">
     <span class='ocr_line' id='line_1_43' title="bbox 243 2767 1824 2837; baseline -0.001 -15"><span class='ocrx_word' id='word_1_296' title='bbox 243 2783 397 2822; x_wconf 87' lang='lat' dir='ltr'><strong>mam</strong></span> <span class='ocrx_word' id='word_1_297' title='bbox 424 2768 631 2823; x_wconf 86' lang='lat' dir='ltr'><strong>scilicet</strong></span> <span class='ocrx_word' id='word_1_298' title='bbox 656 2767 1066 2832; x_wconf 87' lang='lat' dir='ltr'><strong>lormationem,</strong></span> <span class='ocrx_word' id='word_1_299' title='bbox 1102 2768 1159 2823; x_wconf 89' lang='lat' dir='ltr'><strong>in</strong></span> <span class='ocrx_word' id='word_1_300' title='bbox 1190 2768 1388 2823; x_wconf 80' lang='lat' dir='ltr'><strong>faciem</strong></span> <span class='ocrx_word' id='word_1_301' title='bbox 1422 2767 1732 2837; x_wconf 78' lang='lat' dir='ltr'><strong>inapiravit,</strong></span> <span class='ocrx_word' id='word_1_302' title='bbox 1757 2781 1824 2821; x_wconf 88' lang='lat' dir='ltr'><strong>ac</strong></span> 
     </span>
    </p>
   </div>
   <div class='ocr_carea' id='block_1_44' title="bbox 252 2858 1821 2930">
    <p class='ocr_par' dir='ltr' id='par_1_44' title="bbox 252 2858 1821 2930">
     <span class='ocr_line' id='line_1_44' title="bbox 252 2858 1821 2930; baseline -0.001 -16"><span class='ocrx_word' id='word_1_303' title='bbox 252 2859 603 2930; x_wconf 87' lang='lat' dir='ltr'><strong>postmodum</strong></span> <span class='ocrx_word' id='word_1_304' title='bbox 652 2861 706 2914; x_wconf 91' lang='lat' dir='ltr'><strong>in</strong></span> <span class='ocrx_word' id='word_1_305' title='bbox 752 2861 993 2916; x_wconf 84' lang='lat' dir='ltr'><strong>animam</strong></span> <span class='ocrx_word' id='word_1_306' title='bbox 1037 2860 1316 2916; x_wconf 88' lang='lat' dir='ltr'><strong>viventem</strong></span> <span class='ocrx_word' id='word_1_307' title='bbox 1367 2862 1545 2916; x_wconf 86' lang='lat' dir='ltr'><strong>factus</strong></span> <span class='ocrx_word' id='word_1_308' title='bbox 1588 2867 1695 2914; x_wconf 91' lang='lat' dir='ltr'><strong>est.</strong></span> <span class='ocrx_word' id='word_1_309' title='bbox 1738 2858 1821 2913; x_wconf 80' lang='lat' dir='ltr'><strong>Ad</strong></span> 
     </span>
    </p>
   </div>
   <div class='ocr_carea' id='block_1_45' title="bbox 252 2949 1823 3022">
    <p class='ocr_par' dir='ltr' id='par_1_45' title="bbox 252 2949 1823 3022">
     <span class='ocr_line' id='line_1_45' title="bbox 252 2949 1823 3022; baseline -0.001 -17"><span class='ocrx_word' id='word_1_310' title='bbox 252 2958 440 3005; x_wconf 89' lang='lat' dir='ltr'><strong>utrum</strong></span> <span class='ocrx_word' id='word_1_311' title='bbox 475 2950 634 3021; x_wconf 84' lang='lat' dir='ltr'><strong>igitur</strong></span> <span class='ocrx_word' id='word_1_312' title='bbox 678 2951 837 3019; x_wconf 87' lang='lat' dir='ltr'><strong>illud,</strong></span> <span class='ocrx_word' id='word_1_313' title='bbox 880 2971 901 3006; x_wconf 73' lang='grc' dir='ltr'><strong>ι</strong></span> <span class='ocrx_word' id='word_1_314' title='bbox 951 2952 1020 3007; x_wconf 89' lang='lat' dir='ltr'><strong>ad</strong></span> <span class='ocrx_word' id='word_1_315' title='bbox 1056 2951 1349 3022; x_wconf 82' lang='lat' dir='ltr'><strong>imaginem</strong></span> <span class='ocrx_word' id='word_1_316' title='bbox 1405 2960 1462 3006; x_wconf 90' lang='lat' dir='ltr'><strong>et</strong></span> <span class='ocrx_word' id='word_1_317' title='bbox 1504 2949 1823 3006; x_wconf 88' lang='lat' dir='ltr'><strong>similitudi-</strong></span> 
     </span>
    </p>
   </div>
   <div class='ocr_carea' id='block_1_46' title="bbox 243 3036 1881 3115">
    <p class='ocr_par' dir='ltr' id='par_1_46' title="bbox 243 3036 1881 3115">
     <span class='ocr_line' id='line_1_46' title="bbox 243 3036 1881 3115; baseline 0 -16"><span class='ocrx_word' id='word_1_318' title='bbox 243 3060 374 3100; x_wconf 84' lang='lat' dir='ltr'><strong>nem</strong></span> <span class='ocrx_word' id='word_1_319' title='bbox 410 3063 430 3096; x_wconf 77' lang='grc' dir='ltr'><strong>ι</strong></span> <span class='ocrx_word' id='word_1_320' title='bbox 462 3043 758 3115; x_wconf 85' lang='lat' dir='ltr'><strong>pertineat,</strong></span> <span class='ocrx_word' id='word_1_321' title='bbox 792 3045 954 3100; x_wconf 87' lang='lat' dir='ltr'><strong>velim</strong></span> <span class='ocrx_word' id='word_1_322' title='bbox 992 3060 1079 3101; x_wconf 88' lang='lat' dir='ltr'><strong>me</strong></span> <span class='ocrx_word' id='word_1_323' title='bbox 1121 3044 1343 3110; x_wconf 88' lang='lat' dir='ltr'><strong>doceas,</strong></span> <span class='ocrx_word' id='word_1_324' title='bbox 1375 3043 1445 3100; x_wconf 89' lang='lat' dir='ltr'><strong>ad</strong></span> <span class='ocrx_word' id='word_1_325' title='bbox 1484 3042 1819 3110; x_wconf 89' lang='lat' dir='ltr'><strong>animamnc,</strong></span> <span class='ocrx_word' id='word_1_326' title='bbox 1868 3036 1881 3055; x_wconf 86' lang='grc'><strong><em>⁸</em></strong></span> 
     </span>
    </p>
   </div>
   <div class='ocr_carea' id='block_1_47' title="bbox 238 3137 1366 3209">
    <p class='ocr_par' dir='ltr' id='par_1_47' title="bbox 238 3137 1366 3209">
     <span class='ocr_line' id='line_1_47' title="bbox 238 3137 1366 3209; baseline -0.003 -15"><span class='ocrx_word' id='word_1_327' title='bbox 238 3153 308 3194; x_wconf 89' lang='lat' dir='ltr'><strong>an</strong></span> <span class='ocrx_word' id='word_1_328' title='bbox 346 3137 418 3192; x_wconf 90' lang='lat' dir='ltr'><strong>ad</strong></span> <span class='ocrx_word' id='word_1_329' title='bbox 451 3152 678 3193; x_wconf 84' lang='lat' dir='ltr'><strong>servum</strong></span> <span class='ocrx_word' id='word_1_330' title='bbox 702 3147 760 3193; x_wconf 90' lang='lat' dir='ltr'><strong>et</strong></span> <span class='ocrx_word' id='word_1_331' title='bbox 788 3153 1116 3193; x_wconf 89' lang='lat' dir='ltr'><strong>conservum</strong></span> <span class='ocrx_word' id='word_1_332' title='bbox 1143 3153 1366 3209; x_wconf 90' lang='lat' dir='ltr'><strong>corpus.</strong></span> 
     </span>
    </p>
   </div>
   <div class='ocr_carea' id='block_1_48' title="bbox 312 3230 1823 3302">
    <p class='ocr_par' dir='ltr' id='par_1_48' title="bbox 312 3230 1823 3302">
     <span class='ocr_line' id='line_1_48' title="bbox 312 3230 1823 3302; baseline -0.001 -15"><span class='ocrx_word' id='word_1_333' title='bbox 312 3230 482 3288; x_wconf 69' lang='lat' dir='ltr'><strong>Cano.</strong></span> <span class='ocrx_word' id='word_1_334' title='bbox 512 3231 753 3295; x_wconf 84' lang='lat' dir='ltr'><strong>Docebo,</strong></span> <span class='ocrx_word' id='word_1_335' title='bbox 782 3241 840 3287; x_wconf 89' lang='lat' dir='ltr'><strong>et</strong></span> <span class='ocrx_word' id='word_1_336' title='bbox 870 3246 938 3285; x_wconf 78' lang='lat' dir='ltr'><strong>ex</strong></span> <span class='ocrx_word' id='word_1_337' title='bbox 966 3230 1123 3285; x_wconf 87' lang='lat' dir='ltr'><strong>Pauli</strong></span> <span class='ocrx_word' id='word_1_338' title='bbox 1166 3231 1391 3302; x_wconf 88' lang='lat' dir='ltr'><strong>scriptis</strong></span> <span class='ocrx_word' id='word_1_339' title='bbox 1443 3232 1823 3288; x_wconf 87' lang='lat' dir='ltr'><strong>testimonium</strong></span> 
     </span>
    </p>
   </div>
   <div class='ocr_carea' id='block_1_49' title="bbox 246 3312 1823 3401">
    <p class='ocr_par' dir='ltr' id='par_1_49' title="bbox 246 3312 1823 3401">
     <span class='ocr_line' id='line_1_49' title="bbox 246 3312 1823 3401; baseline 0 -21"><span class='ocrx_word' id='word_1_340' title='bbox 246 3324 467 3380; x_wconf 81' lang='lat' dir='ltr'><strong>ﬁrmum</strong></span> <span class='ocrx_word' id='word_1_341' title='bbox 498 3323 805 3390; x_wconf 89' lang='lat' dir='ltr'><strong>desumam,</strong></span> <span class='ocrx_word' id='word_1_342' title='bbox 836 3322 981 3379; x_wconf 91' lang='lat' dir='ltr'><strong>unde</strong></span> <span class='ocrx_word' id='word_1_343' title='bbox 1013 3339 1130 3379; x_wconf 90' lang='lat' dir='ltr'><strong>rem</strong></span> <span class='ocrx_word' id='word_1_344' title='bbox 1158 3312 1478 3396; x_wconf 72' lang='lat' dir='ltr'><strong>cognoscas.</strong></span> <span class='ocrx_word' id='word_1_345' title='bbox 1516 3343 1536 3380; x_wconf 86' lang='grc'><strong>‹</strong></span> <span class='ocrx_word' id='word_1_346' title='bbox 1566 3325 1727 3401; x_wconf 28' lang='grc' dir='ltr'>έιίεει</span> <span class='ocrx_word' id='word_1_347' title='bbox 1757 3325 1823 3391; x_wconf 90' lang='lat' dir='ltr'><strong>is,</strong></span> 
     </span>
    </p>
   </div>
   <div class='ocr_carea' id='block_1_50' title="bbox 242 3414 1822 3488">
    <p class='ocr_par' dir='ltr' id='par_1_50' title="bbox 242 3414 1822 3488">
     <span class='ocr_line' id='line_1_50' title="bbox 242 3414 1822 3488; baseline 0.001 -19"><span class='ocrx_word' id='word_1_348' title='bbox 242 3416 337 3487; x_wconf 92' lang='lat' dir='ltr'><strong>qui</strong></span> <span class='ocrx_word' id='word_1_349' title='bbox 372 3414 512 3470; x_wconf 90' lang='lat' dir='ltr'><strong>foris</strong></span> <span class='ocrx_word' id='word_1_350' title='bbox 547 3424 655 3481; x_wconf 90' lang='lat' dir='ltr'><strong>est,</strong></span> <span class='ocrx_word' id='word_1_351' title='bbox 694 3416 859 3469; x_wconf 90' lang='lat' dir='ltr'><strong>homo</strong></span> <span class='ocrx_word' id='word_1_352' title='bbox 909 3424 1097 3470; x_wconf 89' lang='lat' dir='ltr'><strong>noster</strong></span> <span class='ocrx_word' id='word_1_353' title='bbox 1147 3426 1570 3487; x_wconf 89' lang='lat' dir='ltr'><strong>corrumpatur,</strong></span> <span class='ocrx_word' id='word_1_354' title='bbox 1623 3418 1822 3488; x_wconf 89' lang='lat' dir='ltr'><strong>inquit,</strong></span> 
     </span>
    </p>
   </div>
   <div class='ocr_carea' id='block_1_51' title="bbox 242 3506 1818 3577">
    <p class='ocr_par' dir='ltr' id='par_1_51' title="bbox 242 3506 1818 3577">
     <span class='ocr_line' id='line_1_51' title="bbox 242 3506 1818 3577; baseline -0.003 -14"><span class='ocrx_word' id='word_1_355' title='bbox 242 3517 425 3563; x_wconf 85' lang='lat' dir='ltr'><strong>tamen</strong></span> <span class='ocrx_word' id='word_1_356' title='bbox 447 3506 495 3561; x_wconf 92' lang='lat' dir='ltr'><strong>is</strong></span> <span class='ocrx_word' id='word_1_357' title='bbox 517 3507 612 3577; x_wconf 90' lang='lat' dir='ltr'><strong>qui</strong></span> <span class='ocrx_word' id='word_1_358' title='bbox 632 3506 782 3561; x_wconf 89' lang='lat' dir='ltr'><strong>intus</strong></span> <span class='ocrx_word' id='word_1_359' title='bbox 810 3515 915 3574; x_wconf 90' lang='lat' dir='ltr'><strong>est,</strong></span> <span class='ocrx_word' id='word_1_360' title='bbox 944 3514 1242 3561; x_wconf 89' lang='lat' dir='ltr'><strong>renovatur</strong></span> <span class='ocrx_word' id='word_1_361' title='bbox 1259 3507 1328 3562; x_wconf 92' lang='lat' dir='ltr'><strong>de</strong></span> <span class='ocrx_word' id='word_1_362' title='bbox 1356 3507 1445 3563; x_wconf 91' lang='lat' dir='ltr'><strong>die</strong></span> <span class='ocrx_word' id='word_1_363' title='bbox 1479 3510 1534 3562; x_wconf 89' lang='lat' dir='ltr'><strong>in</strong></span> <span class='ocrx_word' id='word_1_364' title='bbox 1554 3509 1699 3563; x_wconf 89' lang='lat' dir='ltr'><strong>diem</strong></span> <span class='ocrx_word' id='word_1_365' title='bbox 1728 3511 1769 3564; x_wconf 78' lang='grc'><strong>⁸.</strong></span> <span class='ocrx_word' id='word_1_366' title='bbox 1799 3527 1818 3559; x_wconf 79' lang='grc' dir='ltr'><strong>ι</strong></span> 
     </span>
    </p>
   </div>
   <div class='ocr_carea' id='block_1_52' title="bbox 248 3598 1826 3671">
    <p class='ocr_par' dir='ltr' id='par_1_52' title="bbox 248 3598 1826 3671">
     <span class='ocr_line' id='line_1_52' title="bbox 248 3598 1826 3671; baseline -0.001 -17"><span class='ocrx_word' id='word_1_367' title='bbox 248 3600 514 3656; x_wconf 83' lang='lat' dir='ltr'><strong>Homines</strong></span> <span class='ocrx_word' id='word_1_368' title='bbox 559 3599 728 3671; x_wconf 83' lang='lat' dir='ltr'><strong>igitur</strong></span> <span class='ocrx_word' id='word_1_369' title='bbox 778 3599 899 3655; x_wconf 64' lang='lat' dir='ltr'><strong>hate</strong></span> <span class='ocrx_word' id='word_1_370' title='bbox 950 3598 1115 3655; x_wconf 87' lang='lat' dir='ltr'><strong>ambo</strong></span> <span class='ocrx_word' id='word_1_371' title='bbox 1163 3599 1490 3665; x_wconf 89' lang='lat' dir='ltr'><strong>nominavit,</strong></span> <span class='ocrx_word' id='word_1_372' title='bbox 1544 3601 1826 3655; x_wconf 89' lang='lat' dir='ltr'><strong>internum</strong></span> 
     </span>
    </p>
   </div>
   <div class='ocr_carea' id='block_1_53' title="bbox 248 3690 1832 3762">
    <p class='ocr_par' dir='ltr' id='par_1_53' title="bbox 248 3690 1832 3762">
     <span class='ocr_line' id='line_1_53' title="bbox 248 3690 1832 3762; baseline -0.001 -16"><span class='ocrx_word' id='word_1_373' title='bbox 248 3700 304 3746; x_wconf 85' lang='lat' dir='ltr'><strong>et</strong></span> <span class='ocrx_word' id='word_1_374' title='bbox 318 3703 610 3747; x_wconf 78' lang='lat' dir='ltr'><strong>externum</strong></span> <span class='ocrx_word' id='word_1_375' title='bbox 639 3708 654 3744; x_wconf 87' lang='lat'><strong>:</strong></span> <span class='ocrx_word' id='word_1_376' title='bbox 680 3699 975 3762; x_wconf 87' lang='lat' dir='ltr'><strong>utrumque</strong></span> <span class='ocrx_word' id='word_1_377' title='bbox 996 3690 1597 3762; x_wconf 84' lang='lat' dir='ltr'><strong>scparatim,qu0uiam</strong></span> <span class='ocrx_word' id='word_1_378' title='bbox 1615 3699 1801 3748; x_wconf 87' lang='lat' dir='ltr'><strong>utrum</strong></span> <span class='ocrx_word' id='word_1_379' title='bbox 1816 3720 1832 3732; x_wconf 88' lang='lat'><strong>-</strong></span> 
     </span>
    </p>
   </div>
   <div class='ocr_carea' id='block_1_54' title="bbox 246 3781 1827 3855">
    <p class='ocr_par' dir='ltr' id='par_1_54' title="bbox 246 3781 1827 3855">
     <span class='ocr_line' id='line_1_54' title="bbox 246 3781 1827 3855; baseline 0.001 -18"><span class='ocrx_word' id='word_1_380' title='bbox 246 3798 351 3854; x_wconf 89' lang='lat' dir='ltr'><strong>que</strong></span> <span class='ocrx_word' id='word_1_381' title='bbox 378 3783 622 3838; x_wconf 88' lang='lat' dir='ltr'><strong>animam</strong></span> <span class='ocrx_word' id='word_1_382' title='bbox 646 3781 814 3837; x_wconf 83' lang='lat' dir='ltr'><strong>habet</strong></span> <span class='ocrx_word' id='word_1_383' title='bbox 837 3790 891 3837; x_wconf 91' lang='lat' dir='ltr'><strong>et</strong></span> <span class='ocrx_word' id='word_1_384' title='bbox 912 3797 1133 3853; x_wconf 90' lang='lat' dir='ltr'><strong>corpus.</strong></span> <span class='ocrx_word' id='word_1_385' title='bbox 1180 3781 1571 3838; x_wconf 84' lang='lat' dir='ltr'><strong>Verumtamen</strong></span> <span class='ocrx_word' id='word_1_386' title='bbox 1602 3784 1827 3855; x_wconf 90' lang='lat' dir='ltr'><strong>proprie</strong></span> 
     </span>
    </p>
   </div>
   <div class='ocr_carea' id='block_1_55' title="bbox 244 3859 1828 3945">
    <p class='ocr_par' dir='ltr' id='par_1_55' title="bbox 244 3859 1828 3945">
     <span class='ocr_line' id='line_1_55' title="bbox 244 3859 1828 3945; baseline -0.003 -12"><span class='ocrx_word' id='word_1_387' title='bbox 244 3873 555 3933; x_wconf 88' lang='lat' dir='ltr'><strong>secundum</strong></span> <span class='ocrx_word' id='word_1_388' title='bbox 586 3873 825 3930; x_wconf 86' lang='lat' dir='ltr'><strong>animam</strong></span> <span class='ocrx_word' id='word_1_389' title='bbox 850 3859 1016 3930; x_wconf 84' lang='lat' dir='ltr'><strong>homo</strong></span> <span class='ocrx_word' id='word_1_390' title='bbox 1046 3873 1237 3931; x_wconf 90' lang='lat' dir='ltr'><strong>vocari</strong></span> <span class='ocrx_word' id='word_1_391' title='bbox 1261 3883 1463 3945; x_wconf 85' lang='lat' dir='ltr'><strong>potest.</strong></span> <span class='ocrx_word' id='word_1_392' title='bbox 1492 3875 1573 3931; x_wconf 88' lang='lat' dir='ltr'><strong>Ne</strong></span> <span class='ocrx_word' id='word_1_393' title='bbox 1601 3884 1658 3931; x_wconf 92' lang='lat' dir='ltr'><strong>tu</strong></span> <span class='ocrx_word' id='word_1_394' title='bbox 1690 3875 1828 3930; x_wconf 89' lang='lat' dir='ltr'><strong>mihi</strong></span> 
     </span>
    </p>
   </div>
   <div class='ocr_carea' id='block_1_56' title="bbox 243 3964 1826 4036">
    <p class='ocr_par' dir='ltr' id='par_1_56' title="bbox 243 3964 1826 4036">
     <span class='ocr_line' id='line_1_56' title="bbox 243 3964 1826 4036; baseline -0.001 -14"><span class='ocrx_word' id='word_1_395' title='bbox 243 3976 501 4031; x_wconf 78' lang='lat' dir='ltr'><strong>externa,</strong></span> <span class='ocrx_word' id='word_1_396' title='bbox 548 3974 608 4020; x_wconf 90' lang='lat' dir='ltr'><strong>et</strong></span> <span class='ocrx_word' id='word_1_397' title='bbox 633 3980 756 4036; x_wconf 69' lang='lat' dir='ltr'><strong>qum</strong></span> <span class='ocrx_word' id='word_1_398' title='bbox 794 3965 851 4020; x_wconf 91' lang='lat' dir='ltr'><strong>in</strong></span> <span class='ocrx_word' id='word_1_399' title='bbox 899 3964 1094 4020; x_wconf 87' lang='lat' dir='ltr'><strong>oculos</strong></span> <span class='ocrx_word' id='word_1_400' title='bbox 1141 3965 1460 4031; x_wconf 89' lang='lat' dir='ltr'><strong>incurrunt,</strong></span> <span class='ocrx_word' id='word_1_401' title='bbox 1510 3965 1826 4032; x_wconf 88' lang='lat' dir='ltr'><strong>considera,</strong></span> 
     </span>
    </p>
   </div>
   <div class='ocr_carea' id='block_1_57' title="bbox 246 4054 1826 4127">
    <p class='ocr_par' dir='ltr' id='par_1_57' title="bbox 246 4054 1826 4127">
     <span class='ocr_line' id='line_1_57' title="bbox 246 4054 1826 4127; baseline -0.001 -16"><span class='ocrx_word' id='word_1_402' title='bbox 246 4072 428 4127; x_wconf 84' lang='lat' dir='ltr'><strong>neque</strong></span> <span class='ocrx_word' id='word_1_403' title='bbox 469 4055 619 4109; x_wconf 86' lang='lat' dir='ltr'><strong>illam</strong></span> <span class='ocrx_word' id='word_1_404' title='bbox 668 4054 920 4125; x_wconf 90' lang='lat' dir='ltr'><strong>corporis</strong></span> <span class='ocrx_word' id='word_1_405' title='bbox 954 4054 1342 4110; x_wconf 81' lang='lat' dir='ltr'><strong>formationem</strong></span> <span class='ocrx_word' id='word_1_406' title='bbox 1388 4064 1571 4110; x_wconf 76' lang='lat' dir='ltr'><strong>tecum</strong></span> <span class='ocrx_word' id='word_1_407' title='bbox 1613 4064 1826 4127; x_wconf 91' lang='lat' dir='ltr'><strong>reputa.</strong></span> 
     </span>
    </p>
   </div>
   <div class='ocr_carea' id='block_1_58' title="bbox 244 4148 1826 4220">
    <p class='ocr_par' dir='ltr' id='par_1_58' title="bbox 244 4148 1826 4220">
     <span class='ocr_line' id='line_1_58' title="bbox 244 4148 1826 4220; baseline -0.003 -13"><span class='ocrx_word' id='word_1_408' title='bbox 244 4149 391 4208; x_wconf 84' lang='lat' dir='ltr'><strong>Caro</strong></span> <span class='ocrx_word' id='word_1_409' title='bbox 453 4149 601 4204; x_wconf 88' lang='lat' dir='ltr'><strong>enim</strong></span> <span class='ocrx_word' id='word_1_410' title='bbox 663 4148 815 4204; x_wconf 90' lang='lat' dir='ltr'><strong>velut</strong></span> <span class='ocrx_word' id='word_1_411' title='bbox 874 4148 1262 4204; x_wconf 84' lang='lat' dir='ltr'><strong>indumentum</strong></span> <span class='ocrx_word' id='word_1_412' title='bbox 1327 4159 1386 4204; x_wconf 90' lang='lat' dir='ltr'><strong>et</strong></span> <span class='ocrx_word' id='word_1_413' title='bbox 1448 4158 1826 4220; x_wconf 81' lang='lat' dir='ltr'><strong>tegumentum</strong></span> 
     </span>
    </p>
   </div>
   <div class='ocr_carea' id='block_1_59' title="bbox 246 4241 1829 4315">
    <p class='ocr_par' dir='ltr' id='par_1_59' title="bbox 246 4241 1829 4315">
     <span class='ocr_line' id='line_1_59' title="bbox 246 4241 1829 4315; baseline -0.001 -17"><span class='ocrx_word' id='word_1_414' title='bbox 246 4243 528 4315; x_wconf 87' lang='lat' dir='ltr'><strong>quoddam</strong></span> <span class='ocrx_word' id='word_1_415' title='bbox 558 4241 922 4313; x_wconf 86' lang='lat' dir='ltr'><strong>concipienda</strong></span> <span class='ocrx_word' id='word_1_416' title='bbox 953 4249 1058 4296; x_wconf 87' lang='lat' dir='ltr'><strong>est.</strong></span> <span class='ocrx_word' id='word_1_417' title='bbox 1097 4241 1261 4308; x_wconf 86' lang='lat' dir='ltr'><strong>Illud,</strong></span> <span class='ocrx_word' id='word_1_418' title='bbox 1293 4259 1314 4293; x_wconf 72' lang='grc' dir='ltr'><strong>ε</strong></span> <span class='ocrx_word' id='word_1_419' title='bbox 1350 4241 1656 4297; x_wconf 87' lang='lat' dir='ltr'><strong>secundum</strong></span> <span class='ocrx_word' id='word_1_420' title='bbox 1689 4244 1829 4299; x_wconf 87' lang='lat' dir='ltr'><strong>ima-</strong></span> 
     </span>
    </p>
   </div>
   <div class='ocr_carea' id='block_1_60' title="bbox 244 4332 1830 4409">
    <p class='ocr_par' dir='ltr' id='par_1_60' title="bbox 244 4332 1830 4409">
     <span class='ocr_line' id='line_1_60' title="bbox 244 4332 1830 4409; baseline 0.001 -20"><span class='ocrx_word' id='word_1_421' title='bbox 244 4339 456 4409; x_wconf 78' lang='lat' dir='ltr'><strong>ginem,</strong></span> <span class='ocrx_word' id='word_1_422' title='bbox 499 4353 518 4386; x_wconf 78' lang='grc' dir='ltr'><strong>ι</strong></span> <span class='ocrx_word' id='word_1_423' title='bbox 576 4345 636 4391; x_wconf 89' lang='lat' dir='ltr'><strong>ut</strong></span> <span class='ocrx_word' id='word_1_424' title='bbox 675 4334 866 4406; x_wconf 83' lang='lat' dir='ltr'><strong>paucis</strong></span> <span class='ocrx_word' id='word_1_425' title='bbox 922 4333 1126 4401; x_wconf 87' lang='lat' dir='ltr'><strong>dicam,</strong></span> <span class='ocrx_word' id='word_1_426' title='bbox 1175 4332 1356 4388; x_wconf 89' lang='lat' dir='ltr'><strong>anima</strong></span> <span class='ocrx_word' id='word_1_427' title='bbox 1401 4341 1508 4389; x_wconf 91' lang='lat' dir='ltr'><strong>est.</strong></span> <span class='ocrx_word' id='word_1_428' title='bbox 1554 4334 1627 4388; x_wconf 87' lang='lat' dir='ltr'><strong>At</strong></span> <span class='ocrx_word' id='word_1_429' title='bbox 1678 4335 1830 4391; x_wconf 89' lang='lat' dir='ltr'><strong>enim</strong></span> 
     </span>
    </p>
   </div>
   <div class='ocr_carea' id='block_1_61' title="bbox 246 4423 1830 4496">
    <p class='ocr_par' dir='ltr' id='par_1_61' title="bbox 246 4423 1830 4496">
     <span class='ocr_line' id='line_1_61' title="bbox 246 4423 1830 4496; baseline 0.001 -14"><span class='ocrx_word' id='word_1_430' title='bbox 246 4426 556 4482; x_wconf 83' lang='lat' dir='ltr'><strong>secundum</strong></span> <span class='ocrx_word' id='word_1_431' title='bbox 600 4426 832 4496; x_wconf 82' lang='lat' dir='ltr'><strong>gratiam</strong></span> <span class='ocrx_word' id='word_1_432' title='bbox 872 4423 1038 4491; x_wconf 90' lang='lat' dir='ltr'><strong>istuc,</strong></span> <span class='ocrx_word' id='word_1_433' title='bbox 1080 4440 1191 4479; x_wconf 90' lang='lat' dir='ltr'><strong>non</strong></span> <span class='ocrx_word' id='word_1_434' title='bbox 1221 4423 1528 4481; x_wconf 82' lang='lat' dir='ltr'><strong>secundum</strong></span> <span class='ocrx_word' id='word_1_435' title='bbox 1571 4434 1830 4483; x_wconf 86' lang='lat' dir='ltr'><strong>naturam</strong></span> 
     </span>
    </p>
   </div>
   <div class='ocr_carea' id='block_1_62' title="bbox 1932 1928 3516 2004">
    <p class='ocr_par' dir='ltr' id='par_1_62' title="bbox 1932 1928 3516 2004">
     <span class='ocr_line' id='line_1_62' title="bbox 1932 1928 3516 2004; baseline -0.006 -12"><span class='ocrx_word' id='word_1_436' title='bbox 1932 1935 2266 1992; x_wconf 89' lang='lat' dir='ltr'><strong>stimandum</strong></span> <span class='ocrx_word' id='word_1_437' title='bbox 2287 1944 2391 1991; x_wconf 91' lang='lat' dir='ltr'><strong>cst.</strong></span> <span class='ocrx_word' id='word_1_438' title='bbox 2413 1934 2576 1990; x_wconf 82' lang='lat' dir='ltr'><strong>Ratio</strong></span> <span class='ocrx_word' id='word_1_439' title='bbox 2597 1948 2765 2004; x_wconf 89' lang='lat' dir='ltr'><strong>porro</strong></span> <span class='ocrx_word' id='word_1_440' title='bbox 2783 1934 2971 2003; x_wconf 85' lang='lat' dir='ltr'><strong>regina</strong></span> <span class='ocrx_word' id='word_1_441' title='bbox 2998 1932 3054 1986; x_wconf 92' lang='lat' dir='ltr'><strong>in</strong></span> <span class='ocrx_word' id='word_1_442' title='bbox 3069 1928 3516 2000; x_wconf 88' lang='lat' dir='ltr'><strong>perturbationes</strong></span> 
     </span>
    </p>
   </div>
   <div class='ocr_carea' id='block_1_63' title="bbox 1933 2021 3515 2098">
    <p class='ocr_par' dir='ltr' id='par_1_63' title="bbox 1933 2021 3515 2098">
     <span class='ocr_line' id='line_1_63' title="bbox 1933 2021 3515 2098; baseline -0.007 -15"><span class='ocrx_word' id='word_1_443' title='bbox 1933 2027 2229 2098; x_wconf 90' lang='lat' dir='ltr'><strong>imperium</strong></span> <span class='ocrx_word' id='word_1_444' title='bbox 2259 2025 2475 2090; x_wconf 88' lang='lat' dir='ltr'><strong>habuit,</strong></span> <span class='ocrx_word' id='word_1_445' title='bbox 2511 2032 2570 2080; x_wconf 90' lang='lat' dir='ltr'><strong>et</strong></span> <span class='ocrx_word' id='word_1_446' title='bbox 2604 2024 2775 2080; x_wconf 89' lang='lat' dir='ltr'><strong>homo</strong></span> <span class='ocrx_word' id='word_1_447' title='bbox 2808 2021 3105 2094; x_wconf 89' lang='lat' dir='ltr'><strong>imperium</strong></span> <span class='ocrx_word' id='word_1_448' title='bbox 3136 2021 3192 2077; x_wconf 89' lang='lat' dir='ltr'><strong>in</strong></span> <span class='ocrx_word' id='word_1_449' title='bbox 3228 2031 3515 2075; x_wconf 85' lang='lat' dir='ltr'><strong>creaturas</strong></span> 
     </span>
    </p>
   </div>
   <div class='ocr_carea' id='block_1_64' title="bbox 1892 2110 3515 2187">
    <p class='ocr_par' dir='ltr' id='par_1_64' title="bbox 1892 2110 3515 2187">
     <span class='ocr_line' id='line_1_64' title="bbox 1892 2110 3515 2187; baseline -0.007 -12"><span class='ocrx_word' id='word_1_450' title='bbox 1892 2146 1895 2151; x_wconf 86' lang='lat'><em>-</em></span> <span class='ocrx_word' id='word_1_451' title='bbox 1933 2120 2103 2174; x_wconf 90' lang='lat' dir='ltr'><strong>totius</strong></span> <span class='ocrx_word' id='word_1_452' title='bbox 2124 2118 2296 2174; x_wconf 88' lang='lat' dir='ltr'><strong>orbis.</strong></span> <span class='ocrx_word' id='word_1_453' title='bbox 2325 2116 2612 2184; x_wconf 83' lang='lat' dir='ltr'><strong>Quatenus</strong></span> <span class='ocrx_word' id='word_1_454' title='bbox 2640 2123 2841 2187; x_wconf 84' lang='lat' dir='ltr'><strong>praeest</strong></span> <span class='ocrx_word' id='word_1_455' title='bbox 2863 2124 2923 2170; x_wconf 90' lang='lat' dir='ltr'><strong>ut</strong></span> <span class='ocrx_word' id='word_1_456' title='bbox 2942 2114 3201 2185; x_wconf 89' lang='lat' dir='ltr'><strong>princeps</strong></span> <span class='ocrx_word' id='word_1_457' title='bbox 3228 2120 3284 2169; x_wconf 90' lang='lat' dir='ltr'><strong>et</strong></span> <span class='ocrx_word' id='word_1_458' title='bbox 3338 2110 3515 2167; x_wconf 86' lang='lat' dir='ltr'><strong>domi-</strong></span> 
     </span>
    </p>
   </div>
   <div class='ocr_carea' id='block_1_65' title="bbox 1932 2207 3156 2279">
    <p class='ocr_par' dir='ltr' id='par_1_65' title="bbox 1932 2207 3156 2279">
     <span class='ocr_line' id='line_1_65' title="bbox 1932 2207 3156 2279; baseline -0.005 -12"><span class='ocrx_word' id='word_1_459' title='bbox 1932 2225 2057 2278; x_wconf 86' lang='lat' dir='ltr'><strong>nus,</strong></span> <span class='ocrx_word' id='word_1_460' title='bbox 2094 2210 2259 2265; x_wconf 90' lang='lat' dir='ltr'><strong>homo</strong></span> <span class='ocrx_word' id='word_1_461' title='bbox 2298 2208 2478 2279; x_wconf 87' lang='lat' dir='ltr'><strong>imago</strong></span> <span class='ocrx_word' id='word_1_462' title='bbox 2511 2208 2607 2263; x_wconf 87' lang='lat' dir='ltr'><strong>D.-i</strong></span> <span class='ocrx_word' id='word_1_463' title='bbox 2636 2215 2742 2274; x_wconf 88' lang='lat' dir='ltr'><strong>est,</strong></span> <span class='ocrx_word' id='word_1_464' title='bbox 2779 2217 2838 2262; x_wconf 90' lang='lat' dir='ltr'><strong>et</strong></span> <span class='ocrx_word' id='word_1_465' title='bbox 2871 2207 3156 2261; x_wconf 81' lang='lat' dir='ltr'><strong>vocatur‘.</strong></span> 
     </span>
    </p>
   </div>
   <div class='ocr_carea' id='block_1_66' title="bbox 2001 2318 3514 2392">
    <p class='ocr_par' dir='ltr' id='par_1_66' title="bbox 2001 2318 3514 2392">
     <span class='ocr_line' id='line_1_66' title="bbox 2001 2318 3514 2392; baseline -0.005 -12"><span class='ocrx_word' id='word_1_466' title='bbox 2001 2324 2532 2381; x_wconf 81' lang='lat' dir='ltr'><strong>Praestantissimum</strong></span> <span class='ocrx_word' id='word_1_467' title='bbox 2572 2322 2924 2391; x_wconf 79' lang='lat' dir='ltr'><strong>maximeque</strong></span> <span class='ocrx_word' id='word_1_468' title='bbox 2955 2322 3200 2392; x_wconf 90' lang='lat' dir='ltr'><strong>primum</strong></span> <span class='ocrx_word' id='word_1_469' title='bbox 3239 2320 3299 2375; x_wconf 89' lang='lat' dir='ltr'><strong>in</strong></span> <span class='ocrx_word' id='word_1_470' title='bbox 3328 2318 3514 2376; x_wconf 86' lang='lat' dir='ltr'><strong>anima</strong></span> 
     </span>
    </p>
   </div>
   <div class='ocr_carea' id='block_1_67' title="bbox 1930 2411 3517 2480">
    <p class='ocr_par' dir='ltr' id='par_1_67' title="bbox 1930 2411 3517 2480">
     <span class='ocr_line' id='line_1_67' title="bbox 1930 2411 3517 2480; baseline -0.004 -8"><span class='ocrx_word' id='word_1_471' title='bbox 1930 2426 2147 2472; x_wconf 89' lang='lat' dir='ltr'><strong>certum</strong></span> <span class='ocrx_word' id='word_1_472' title='bbox 2176 2425 2264 2472; x_wconf 87' lang='lat' dir='ltr'><strong>est</strong></span> <span class='ocrx_word' id='word_1_473' title='bbox 2296 2423 2538 2471; x_wconf 87' lang='lat' dir='ltr'><strong>mentem</strong></span> <span class='ocrx_word' id='word_1_474' title='bbox 2564 2429 2711 2480; x_wconf 82' lang='lat' dir='ltr'><strong>esse,</strong></span> <span class='ocrx_word' id='word_1_475' title='bbox 2745 2415 2835 2470; x_wconf 88' lang='lat' dir='ltr'><strong>cui</strong></span> <span class='ocrx_word' id='word_1_476' title='bbox 2872 2413 3105 2468; x_wconf 82' lang='lat' dir='ltr'><strong>facultas</strong></span> <span class='ocrx_word' id='word_1_477' title='bbox 3133 2411 3428 2469; x_wconf 89' lang='lat' dir='ltr'><strong>celerrima</strong></span> <span class='ocrx_word' id='word_1_478' title='bbox 3459 2421 3517 2466; x_wconf 90' lang='lat' dir='ltr'><strong>et</strong></span> 
     </span>
    </p>
   </div>
   <div class='ocr_carea' id='block_1_68' title="bbox 1932 2503 3512 2577">
    <p class='ocr_par' dir='ltr' id='par_1_68' title="bbox 1932 2503 3512 2577">
     <span class='ocr_line' id='line_1_68' title="bbox 1932 2503 3512 2577; baseline -0.003 -14"><span class='ocrx_word' id='word_1_479' title='bbox 1932 2506 2383 2577; x_wconf 88' lang='lat' dir='ltr'><strong>incomparabilis</strong></span> <span class='ocrx_word' id='word_1_480' title='bbox 2405 2506 2533 2561; x_wconf 84' lang='lat' dir='ltr'><strong>data</strong></span> <span class='ocrx_word' id='word_1_481' title='bbox 2562 2514 2667 2561; x_wconf 87' lang='lat' dir='ltr'><strong>est.</strong></span> <span class='ocrx_word' id='word_1_482' title='bbox 2701 2504 2925 2560; x_wconf 84' lang='lat' dir='ltr'><strong>Habitat</strong></span> <span class='ocrx_word' id='word_1_483' title='bbox 2950 2505 3178 2574; x_wconf 89' lang='lat' dir='ltr'><strong>quidem</strong></span> <span class='ocrx_word' id='word_1_484' title='bbox 3210 2504 3269 2559; x_wconf 89' lang='lat' dir='ltr'><strong>in</strong></span> <span class='ocrx_word' id='word_1_485' title='bbox 3299 2503 3512 2569; x_wconf 85' lang='lat' dir='ltr'><strong>anima,</strong></span> 
     </span>
    </p>
   </div>
   <div class='ocr_carea' id='block_1_69' title="bbox 1929 2593 3513 2664">
    <p class='ocr_par' dir='ltr' id='par_1_69' title="bbox 1929 2593 3513 2664">
     <span class='ocr_line' id='line_1_69' title="bbox 1929 2593 3513 2664; baseline -0.001 -16"><span class='ocrx_word' id='word_1_486' title='bbox 1929 2602 1987 2649; x_wconf 89' lang='lat' dir='ltr'><strong>et</strong></span> <span class='ocrx_word' id='word_1_487' title='bbox 2010 2601 2220 2663; x_wconf 89' lang='lat' dir='ltr'><strong>puncto</strong></span> <span class='ocrx_word' id='word_1_488' title='bbox 2254 2593 2520 2663; x_wconf 90' lang='lat' dir='ltr'><strong>temporis</strong></span> <span class='ocrx_word' id='word_1_489' title='bbox 2549 2593 2873 2651; x_wconf 87' lang='lat' dir='ltr'><strong>universum</strong></span> <span class='ocrx_word' id='word_1_490' title='bbox 2919 2594 3187 2649; x_wconf 90' lang='lat' dir='ltr'><strong>mundum</strong></span> <span class='ocrx_word' id='word_1_491' title='bbox 3234 2604 3513 2664; x_wconf 83' lang='lat' dir='ltr'><strong>peragrat,</strong></span> 
     </span>
    </p>
   </div>
   <div class='ocr_carea' id='block_1_70' title="bbox 1930 2685 3515 2757">
    <p class='ocr_par' dir='ltr' id='par_1_70' title="bbox 1930 2685 3515 2757">
     <span class='ocr_line' id='line_1_70' title="bbox 1930 2685 3515 2757; baseline -0.001 -17"><span class='ocrx_word' id='word_1_492' title='bbox 1930 2700 1996 2740; x_wconf 90' lang='lat' dir='ltr'><strong>ac</strong></span> <span class='ocrx_word' id='word_1_493' title='bbox 2026 2686 2164 2742; x_wconf 91' lang='lat' dir='ltr'><strong>citra</strong></span> <span class='ocrx_word' id='word_1_494' title='bbox 2193 2685 2667 2757; x_wconf 87' lang='lat' dir='ltr'><strong>defatigationem,</strong></span> <span class='ocrx_word' id='word_1_495' title='bbox 2697 2686 2889 2741; x_wconf 64' lang='lat' dir='ltr'><strong>Boreae</strong></span> <span class='ocrx_word' id='word_1_496' title='bbox 2916 2695 2974 2742; x_wconf 89' lang='lat' dir='ltr'><strong>et</strong></span> <span class='ocrx_word' id='word_1_497' title='bbox 3020 2687 3234 2752; x_wconf 84' lang='lat' dir='ltr'><strong>Austri,</strong></span> <span class='ocrx_word' id='word_1_498' title='bbox 3270 2685 3515 2742; x_wconf 83' lang='lat' dir='ltr'><strong>Orientis</strong></span> 
     </span>
    </p>
   </div>
   <div class='ocr_carea' id='block_1_71' title="bbox 1930 2776 3511 2848">
    <p class='ocr_par' dir='ltr' id='par_1_71' title="bbox 1930 2776 3511 2848">
     <span class='ocr_line' id='line_1_71' title="bbox 1930 2776 3511 2848; baseline -0.001 -16"><span class='ocrx_word' id='word_1_499' title='bbox 1930 2776 2359 2847; x_wconf 79' lang='lat' dir='ltr'><strong>Occidentisqpe</strong></span> <span class='ocrx_word' id='word_1_500' title='bbox 2393 2778 2617 2833; x_wconf 87' lang='lat' dir='ltr'><strong>climata</strong></span> <span class='ocrx_word' id='word_1_501' title='bbox 2660 2776 2939 2848; x_wconf 91' lang='lat' dir='ltr'><strong>percurrit</strong></span> <span class='ocrx_word' id='word_1_502' title='bbox 2967 2795 2981 2832; x_wconf 91' lang='lat'><strong>:</strong></span> <span class='ocrx_word' id='word_1_503' title='bbox 3014 2793 3185 2844; x_wconf 86' lang='lat' dir='ltr'><strong>mare,</strong></span> <span class='ocrx_word' id='word_1_504' title='bbox 3216 2779 3511 2834; x_wconf 86' lang='lat' dir='ltr'><strong>continen-</strong></span> 
     </span>
    </p>
   </div>
   <div class='ocr_carea' id='block_1_72' title="bbox 1933 2867 3514 2938">
    <p class='ocr_par' dir='ltr' id='par_1_72' title="bbox 1933 2867 3514 2938">
     <span class='ocr_line' id='line_1_72' title="bbox 1933 2867 3514 2938; baseline 0.001 -17"><span class='ocrx_word' id='word_1_505' title='bbox 1933 2876 2066 2934; x_wconf 90' lang='lat' dir='ltr'><strong>tem,</strong></span> <span class='ocrx_word' id='word_1_506' title='bbox 2108 2867 2316 2923; x_wconf 86' lang='lat' dir='ltr'><strong>insulas</strong></span> <span class='ocrx_word' id='word_1_507' title='bbox 2358 2868 2630 2937; x_wconf 88' lang='lat' dir='ltr'><strong>pervadit,</strong></span> <span class='ocrx_word' id='word_1_508' title='bbox 2680 2868 2930 2924; x_wconf 72' lang='lat' dir='ltr'><strong>coslestia</strong></span> <span class='ocrx_word' id='word_1_509' title='bbox 2987 2878 3045 2923; x_wconf 92' lang='lat' dir='ltr'><strong>et</strong></span> <span class='ocrx_word' id='word_1_510' title='bbox 3096 2868 3514 2938; x_wconf 73' lang='lat' dir='ltr'><strong>supercmlestia</strong></span> 
     </span>
    </p>
   </div>
   <div class='ocr_carea' id='block_1_73' title="bbox 1931 2959 3512 3031">
    <p class='ocr_par' dir='ltr' id='par_1_73' title="bbox 1931 2959 3512 3031">
     <span class='ocr_line' id='line_1_73' title="bbox 1931 2959 3512 3031; baseline 0.003 -18"><span class='ocrx_word' id='word_1_511' title='bbox 1931 2959 2175 3031; x_wconf 89' lang='lat' dir='ltr'><strong>attingit.</strong></span> <span class='ocrx_word' id='word_1_512' title='bbox 2205 2959 2458 3014; x_wconf 88' lang='lat' dir='ltr'><strong>Essentia</strong></span> <span class='ocrx_word' id='word_1_513' title='bbox 2484 2959 2710 3029; x_wconf 88' lang='lat' dir='ltr'><strong>quidem</strong></span> <span class='ocrx_word' id='word_1_514' title='bbox 2733 2959 2989 3024; x_wconf 90' lang='lat' dir='ltr'><strong>minime,</strong></span> <span class='ocrx_word' id='word_1_515' title='bbox 3017 2975 3087 3015; x_wconf 91' lang='lat' dir='ltr'><strong>nc</strong></span> <span class='ocrx_word' id='word_1_516' title='bbox 3112 2960 3256 3016; x_wconf 87' lang='lat' dir='ltr'><strong>istuc</strong></span> <span class='ocrx_word' id='word_1_517' title='bbox 3280 2961 3512 3031; x_wconf 85' lang='lat' dir='ltr'><strong>cogites.</strong></span> 
     </span>
    </p>
   </div>
   <div class='ocr_carea' id='block_1_74' title="bbox 1929 3052 3514 3125">
    <p class='ocr_par' dir='ltr' id='par_1_74' title="bbox 1929 3052 3514 3125">
     <span class='ocr_line' id='line_1_74' title="bbox 1929 3052 3514 3125; baseline 0.001 -17"><span class='ocrx_word' id='word_1_518' title='bbox 1929 3068 2070 3108; x_wconf 86' lang='lat' dir='ltr'><strong>neve</strong></span> <span class='ocrx_word' id='word_1_519' title='bbox 2090 3052 2244 3108; x_wconf 89' lang='lat' dir='ltr'><strong>dicas</strong></span> <span class='ocrx_word' id='word_1_520' title='bbox 2267 3067 2283 3108; x_wconf 86' lang='lat'><strong>:</strong></span> <span class='ocrx_word' id='word_1_521' title='bbox 2302 3052 2399 3107; x_wconf 90' lang='lat' dir='ltr'><strong>sed</strong></span> <span class='ocrx_word' id='word_1_522' title='bbox 2417 3053 2471 3108; x_wconf 92' lang='lat' dir='ltr'><strong>vi</strong></span> <span class='ocrx_word' id='word_1_523' title='bbox 2494 3053 2920 3125; x_wconf 81' lang='lat' dir='ltr'><strong>cogitationum,</strong></span> <span class='ocrx_word' id='word_1_524' title='bbox 2942 3061 3000 3109; x_wconf 86' lang='lat' dir='ltr'><strong>et</strong></span> <span class='ocrx_word' id='word_1_525' title='bbox 3021 3053 3514 3124; x_wconf 84' lang='lat' dir='ltr'><strong>imaginationibus</strong></span> 
     </span>
    </p>
   </div>
   <div class='ocr_carea' id='block_1_75' title="bbox 1932 3147 3514 3219">
    <p class='ocr_par' dir='ltr' id='par_1_75' title="bbox 1932 3147 3514 3219">
     <span class='ocr_line' id='line_1_75' title="bbox 1932 3147 3514 3219; baseline 0.001 -18"><span class='ocrx_word' id='word_1_526' title='bbox 1932 3147 2086 3203; x_wconf 87' lang='lat' dir='ltr'><strong>solis.</strong></span> <span class='ocrx_word' id='word_1_527' title='bbox 2139 3147 2267 3204; x_wconf 91' lang='lat' dir='ltr'><strong>Sola</strong></span> <span class='ocrx_word' id='word_1_528' title='bbox 2311 3147 2579 3204; x_wconf 86' lang='lat' dir='ltr'><strong>divinitas</strong></span> <span class='ocrx_word' id='word_1_529' title='bbox 2620 3148 2885 3203; x_wconf 89' lang='lat' dir='ltr'><strong>omnibus</strong></span> <span class='ocrx_word' id='word_1_530' title='bbox 2925 3155 2984 3203; x_wconf 89' lang='lat' dir='ltr'><strong>et</strong></span> <span class='ocrx_word' id='word_1_531' title='bbox 3024 3147 3229 3218; x_wconf 89' lang='lat' dir='ltr'><strong>ubique</strong></span> <span class='ocrx_word' id='word_1_532' title='bbox 3268 3162 3514 3219; x_wconf 72' lang='lat' dir='ltr'><strong>praesens</strong></span> 
     </span>
    </p>
   </div>
   <div class='ocr_carea' id='block_1_76' title="bbox 1932 3239 3514 3316">
    <p class='ocr_par' dir='ltr' id='par_1_76' title="bbox 1932 3239 3514 3316">
     <span class='ocr_line' id='line_1_76' title="bbox 1932 3239 3514 3316; baseline 0.001 -23"><span class='ocrx_word' id='word_1_533' title='bbox 1932 3239 2557 3305; x_wconf 87' lang='lat' dir='ltr'><strong>adest,substantialiter</strong></span> <span class='ocrx_word' id='word_1_534' title='bbox 2578 3250 2637 3296; x_wconf 92' lang='lat' dir='ltr'><strong>et</strong></span> <span class='ocrx_word' id='word_1_535' title='bbox 2662 3240 3011 3307; x_wconf 89' lang='lat' dir='ltr'><strong>naturaliter,</strong></span> <span class='ocrx_word' id='word_1_536' title='bbox 3030 3251 3091 3296; x_wconf 90' lang='lat' dir='ltr'><strong>ut</strong></span> <span class='ocrx_word' id='word_1_537' title='bbox 3119 3248 3318 3316; x_wconf 88' lang='lat' dir='ltr'><strong>natura</strong></span> <span class='ocrx_word' id='word_1_538' title='bbox 3346 3255 3514 3311; x_wconf 82' lang='lat' dir='ltr'><strong>supra</strong></span> 
     </span>
    </p>
   </div>
   <div class='ocr_carea' id='block_1_77' title="bbox 1928 3331 3511 3402">
    <p class='ocr_par' dir='ltr' id='par_1_77' title="bbox 1928 3331 3511 3402">
     <span class='ocr_line' id='line_1_77' title="bbox 1928 3331 3511 3402; baseline -0.001 -16"><span class='ocrx_word' id='word_1_539' title='bbox 1928 3341 2206 3398; x_wconf 90' lang='lat' dir='ltr'><strong>naturam,</strong></span> <span class='ocrx_word' id='word_1_540' title='bbox 2244 3342 2304 3388; x_wconf 91' lang='lat' dir='ltr'><strong>ut</strong></span> <span class='ocrx_word' id='word_1_541' title='bbox 2343 3333 2461 3388; x_wconf 89' lang='lat' dir='ltr'><strong>sola</strong></span> <span class='ocrx_word' id='word_1_542' title='bbox 2492 3331 3069 3402; x_wconf 89' lang='lat' dir='ltr'><strong>supersubstantialis,</strong></span> <span class='ocrx_word' id='word_1_543' title='bbox 3112 3343 3174 3388; x_wconf 90' lang='lat' dir='ltr'><strong>ut</strong></span> <span class='ocrx_word' id='word_1_544' title='bbox 3202 3331 3319 3387; x_wconf 89' lang='lat' dir='ltr'><strong>sola</strong></span> <span class='ocrx_word' id='word_1_545' title='bbox 3356 3331 3511 3386; x_wconf 79' lang='lat' dir='ltr'><strong>inex-</strong></span> 
     </span>
    </p>
   </div>
   <div class='ocr_carea' id='block_1_78' title="bbox 1929 3423 3512 3496">
    <p class='ocr_par' dir='ltr' id='par_1_78' title="bbox 1929 3423 3512 3496">
     <span class='ocr_line' id='line_1_78' title="bbox 1929 3423 3512 3496; baseline -0.001 -18"><span class='ocrx_word' id='word_1_546' title='bbox 1929 3425 2226 3494; x_wconf 85' lang='lat' dir='ltr'><strong>plicabilis.</strong></span> <span class='ocrx_word' id='word_1_547' title='bbox 2263 3426 2455 3496; x_wconf 89' lang='lat' dir='ltr'><strong>Itaque</strong></span> <span class='ocrx_word' id='word_1_548' title='bbox 2496 3426 2786 3480; x_wconf 83' lang='lat' dir='ltr'><strong>secundum</strong></span> <span class='ocrx_word' id='word_1_549' title='bbox 2827 3425 3113 3496; x_wconf 84' lang='lat' dir='ltr'><strong>imaginem</strong></span> <span class='ocrx_word' id='word_1_550' title='bbox 3141 3423 3512 3496; x_wconf 88' lang='lat' dir='ltr'><strong>principatum</strong></span> 
     </span>
    </p>
   </div>
   <div class='ocr_carea' id='block_1_79' title="bbox 1929 3516 3513 3589">
    <p class='ocr_par' dir='ltr' id='par_1_79' title="bbox 1929 3516 3513 3589">
     <span class='ocr_line' id='line_1_79' title="bbox 1929 3516 3513 3589; baseline -0.003 -15"><span class='ocrx_word' id='word_1_551' title='bbox 1929 3517 2175 3574; x_wconf 83' lang='lat' dir='ltr'><strong>dilucide</strong></span> <span class='ocrx_word' id='word_1_552' title='bbox 2230 3517 2524 3589; x_wconf 87' lang='lat' dir='ltr'><strong>signiﬁcat.</strong></span> <span class='ocrx_word' id='word_1_553' title='bbox 2567 3518 2770 3573; x_wconf 87' lang='lat' dir='ltr'><strong>Verum</strong></span> <span class='ocrx_word' id='word_1_554' title='bbox 2816 3516 3285 3588; x_wconf 85' lang='lat' dir='ltr'><strong>quemadmodum</strong></span> <span class='ocrx_word' id='word_1_555' title='bbox 3348 3531 3513 3571; x_wconf 83' lang='lat' dir='ltr'><strong>nemo</strong></span> 
     </span>
    </p>
   </div>
   <div class='ocr_carea' id='block_1_80' title="bbox 1928 3607 3515 3682">
    <p class='ocr_par' dir='ltr' id='par_1_80' title="bbox 1928 3607 3515 3682">
     <span class='ocr_line' id='line_1_80' title="bbox 1928 3607 3515 3682; baseline -0.003 -17"><span class='ocrx_word' id='word_1_556' title='bbox 1928 3617 2016 3665; x_wconf 86' lang='lat' dir='ltr'><strong>est</strong></span> <span class='ocrx_word' id='word_1_557' title='bbox 2052 3608 2335 3679; x_wconf 88' lang='lat' dir='ltr'><strong>superior,</strong></span> <span class='ocrx_word' id='word_1_558' title='bbox 2385 3624 2490 3664; x_wconf 91' lang='lat' dir='ltr'><strong>nec</strong></span> <span class='ocrx_word' id='word_1_559' title='bbox 2539 3610 2769 3679; x_wconf 68' lang='lat' dir='ltr'><strong>aequalis</strong></span> <span class='ocrx_word' id='word_1_560' title='bbox 2799 3608 3037 3665; x_wconf 87' lang='lat' dir='ltr'><strong>Domino</strong></span> <span class='ocrx_word' id='word_1_561' title='bbox 3067 3608 3274 3682; x_wconf 86' lang='lat' dir='ltr'><strong>(omnia</strong></span> <span class='ocrx_word' id='word_1_562' title='bbox 3309 3607 3515 3678; x_wconf 83' lang='lat' dir='ltr'><strong>quippe</strong></span> 
     </span>
    </p>
   </div>
   <div class='ocr_carea' id='block_1_81' title="bbox 1930 3698 3516 3771">
    <p class='ocr_par' dir='ltr' id='par_1_81' title="bbox 1930 3698 3516 3771">
     <span class='ocr_line' id='line_1_81' title="bbox 1930 3698 3516 3771; baseline -0.003 -15"><span class='ocrx_word' id='word_1_563' title='bbox 1930 3699 2177 3757; x_wconf 91' lang='lat' dir='ltr'><strong>omnium</strong></span> <span class='ocrx_word' id='word_1_564' title='bbox 2219 3698 2507 3756; x_wconf 86' lang='lat' dir='ltr'><strong>Conditori</strong></span> <span class='ocrx_word' id='word_1_565' title='bbox 2543 3700 2793 3771; x_wconf 89' lang='lat' dir='ltr'><strong>cedunt),</strong></span> <span class='ocrx_word' id='word_1_566' title='bbox 2844 3700 2919 3756; x_wconf 91' lang='lat' dir='ltr'><strong>ita</strong></span> <span class='ocrx_word' id='word_1_567' title='bbox 2945 3700 3003 3756; x_wconf 91' lang='lat' dir='ltr'><strong>in</strong></span> <span class='ocrx_word' id='word_1_568' title='bbox 3047 3701 3212 3755; x_wconf 87' lang='lat' dir='ltr'><strong>terris</strong></span> <span class='ocrx_word' id='word_1_569' title='bbox 3252 3700 3392 3754; x_wconf 89' lang='lat' dir='ltr'><strong>nihil</strong></span> <span class='ocrx_word' id='word_1_570' title='bbox 3429 3709 3516 3755; x_wconf 88' lang='lat' dir='ltr'><strong>est</strong></span> 
     </span>
    </p>
   </div>
   <div class='ocr_carea' id='block_1_82' title="bbox 1928 3789 3518 3861">
    <p class='ocr_par' dir='ltr' id='par_1_82' title="bbox 1928 3789 3518 3861">
     <span class='ocr_line' id='line_1_82' title="bbox 1928 3789 3518 3861; baseline -0.003 -12"><span class='ocrx_word' id='word_1_571' title='bbox 1928 3789 2158 3849; x_wconf 82' lang='lat' dir='ltr'><strong>homine</strong></span> <span class='ocrx_word' id='word_1_572' title='bbox 2188 3792 2448 3861; x_wconf 89' lang='lat' dir='ltr'><strong>superius</strong></span> <span class='ocrx_word' id='word_1_573' title='bbox 2487 3806 2551 3846; x_wconf 89' lang='lat' dir='ltr'><strong>ac</strong></span> <span class='ocrx_word' id='word_1_574' title='bbox 2591 3793 2792 3861; x_wconf 86' lang='lat' dir='ltr'><strong>majus.</strong></span> <span class='ocrx_word' id='word_1_575' title='bbox 2827 3790 2927 3846; x_wconf 86' lang='lat' dir='ltr'><strong>Ille</strong></span> <span class='ocrx_word' id='word_1_576' title='bbox 2970 3790 3117 3846; x_wconf 90' lang='lat' dir='ltr'><strong>enim</strong></span> <span class='ocrx_word' id='word_1_577' title='bbox 3150 3790 3418 3844; x_wconf 88' lang='lat' dir='ltr'><strong>Dominus</strong></span> <span class='ocrx_word' id='word_1_578' title='bbox 3458 3800 3518 3844; x_wconf 92' lang='lat' dir='ltr'><strong>ct</strong></span> 
     </span>
    </p>
   </div>
   <div class='ocr_carea' id='block_1_83' title="bbox 1930 3880 3512 3950">
    <p class='ocr_par' dir='ltr' id='par_1_83' title="bbox 1930 3880 3512 3950">
     <span class='ocr_line' id='line_1_83' title="bbox 1930 3880 3512 3950; baseline -0.003 -13"><span class='ocrx_word' id='word_1_579' title='bbox 1930 3880 2163 3937; x_wconf 81' lang='lat' dir='ltr'><strong>Greater</strong></span> <span class='ocrx_word' id='word_1_580' title='bbox 2196 3890 2282 3936; x_wconf 89' lang='lat' dir='ltr'><strong>est</strong></span> <span class='ocrx_word' id='word_1_581' title='bbox 2309 3881 2561 3936; x_wconf 86' lang='lat' dir='ltr'><strong>omnium</strong></span> <span class='ocrx_word' id='word_1_582' title='bbox 2591 3881 2758 3935; x_wconf 87' lang='lat' dir='ltr'><strong>simul</strong></span> <span class='ocrx_word' id='word_1_583' title='bbox 2796 3896 2812 3935; x_wconf 85' lang='lat'><strong>:</strong></span> <span class='ocrx_word' id='word_1_584' title='bbox 2843 3888 2896 3936; x_wconf 90' lang='lat' dir='ltr'><strong>te</strong></span> <span class='ocrx_word' id='word_1_585' title='bbox 2933 3889 3121 3936; x_wconf 88' lang='lat' dir='ltr'><strong>autem</strong></span> <span class='ocrx_word' id='word_1_586' title='bbox 3149 3892 3249 3950; x_wconf 87' lang='lat' dir='ltr'><strong>per</strong></span> <span class='ocrx_word' id='word_1_587' title='bbox 3279 3883 3512 3949; x_wconf 87' lang='lat' dir='ltr'><strong>gratiam</strong></span> 
     </span>
    </p>
   </div>
   <div class='ocr_carea' id='block_1_84' title="bbox 1931 3970 3509 4043">
    <p class='ocr_par' dir='ltr' id='par_1_84' title="bbox 1931 3970 3509 4043">
     <span class='ocr_line' id='line_1_84' title="bbox 1931 3970 3509 4043; baseline -0.001 -16"><span class='ocrx_word' id='word_1_588' title='bbox 1931 3987 2088 4028; x_wconf 89' lang='lat' dir='ltr'><strong>suam</strong></span> <span class='ocrx_word' id='word_1_589' title='bbox 2118 3971 2425 4043; x_wconf 86' lang='lat' dir='ltr'><strong>principem</strong></span> <span class='ocrx_word' id='word_1_590' title='bbox 2461 3973 2710 4028; x_wconf 90' lang='lat' dir='ltr'><strong>omnium</strong></span> <span class='ocrx_word' id='word_1_591' title='bbox 2737 3987 2859 4043; x_wconf 80' lang='lat' dir='ltr'><strong>quae</strong></span> <span class='ocrx_word' id='word_1_592' title='bbox 2889 3972 2944 4027; x_wconf 92' lang='lat' dir='ltr'><strong>in</strong></span> <span class='ocrx_word' id='word_1_593' title='bbox 2978 3971 3139 4027; x_wconf 87' lang='lat' dir='ltr'><strong>terris</strong></span> <span class='ocrx_word' id='word_1_594' title='bbox 3173 3979 3323 4038; x_wconf 90' lang='lat' dir='ltr'><strong>sunt,</strong></span> <span class='ocrx_word' id='word_1_595' title='bbox 3357 3970 3509 4026; x_wconf 88' lang='lat' dir='ltr'><strong>facit.</strong></span> 
     </span>
    </p>
   </div>
   <div class='ocr_carea' id='block_1_85' title="bbox 1931 4063 3519 4139">
    <p class='ocr_par' dir='ltr' id='par_1_85' title="bbox 1931 4063 3519 4139">
     <span class='ocr_line' id='line_1_85' title="bbox 1931 4063 3519 4139; baseline -0.002 -18"><span class='ocrx_word' id='word_1_596' title='bbox 1931 4064 2202 4121; x_wconf 87' lang='lat' dir='ltr'><strong>Omnibus</strong></span> <span class='ocrx_word' id='word_1_597' title='bbox 2228 4065 2496 4137; x_wconf 77' lang='lat' dir='ltr'><strong>jumentis</strong></span> <span class='ocrx_word' id='word_1_598' title='bbox 2522 4080 2854 4137; x_wconf 68' lang='lat' dir='ltr'><strong>praesumus,</strong></span> <span class='ocrx_word' id='word_1_599' title='bbox 2877 4065 3140 4121; x_wconf 90' lang='lat' dir='ltr'><strong>omnibus</strong></span> <span class='ocrx_word' id='word_1_600' title='bbox 3161 4063 3519 4139; x_wconf 77' lang='lat' dir='ltr'><strong>natantibus,</strong></span> 
     </span>
    </p>
   </div>
   <div class='ocr_carea' id='block_1_86' title="bbox 1932 4157 3517 4227">
    <p class='ocr_par' dir='ltr' id='par_1_86' title="bbox 1932 4157 3517 4227">
     <span class='ocr_line' id='line_1_86' title="bbox 1932 4157 3517 4227; baseline -0.004 -11"><span class='ocrx_word' id='word_1_601' title='bbox 1932 4170 1990 4216; x_wconf 88' lang='lat' dir='ltr'><strong>et</strong></span> <span class='ocrx_word' id='word_1_602' title='bbox 2016 4160 2276 4226; x_wconf 86' lang='lat' dir='ltr'><strong>terrenis,</strong></span> <span class='ocrx_word' id='word_1_603' title='bbox 2314 4158 2605 4225; x_wconf 85' lang='lat' dir='ltr'><strong>universis,</strong></span> <span class='ocrx_word' id='word_1_604' title='bbox 2646 4168 2708 4213; x_wconf 90' lang='lat' dir='ltr'><strong>ut</strong></span> <span class='ocrx_word' id='word_1_605' title='bbox 2740 4159 2986 4214; x_wconf 80' lang='lat' dir='ltr'><strong>breviter</strong></span> <span class='ocrx_word' id='word_1_606' title='bbox 3029 4157 3231 4225; x_wconf 89' lang='lat' dir='ltr'><strong>dicam,</strong></span> <span class='ocrx_word' id='word_1_607' title='bbox 3274 4157 3517 4227; x_wconf 84' lang='lat' dir='ltr'><strong>impera-</strong></span> 
     </span>
    </p>
   </div>
   <div class='ocr_carea' id='block_1_87' title="bbox 1933 4249 3516 4323">
    <p class='ocr_par' dir='ltr' id='par_1_87' title="bbox 1933 4249 3516 4323">
     <span class='ocr_line' id='line_1_87' title="bbox 1933 4249 3516 4323; baseline -0.001 -18"><span class='ocrx_word' id='word_1_608' title='bbox 1933 4267 2080 4318; x_wconf 88' lang='lat' dir='ltr'><strong>mus,</strong></span> <span class='ocrx_word' id='word_1_609' title='bbox 2128 4251 2443 4323; x_wconf 89' lang='lat' dir='ltr'><strong>reptilibus,</strong></span> <span class='ocrx_word' id='word_1_610' title='bbox 2484 4250 2821 4317; x_wconf 84' lang='lat' dir='ltr'><strong>volatilibus,</strong></span> <span class='ocrx_word' id='word_1_611' title='bbox 2872 4250 3144 4322; x_wconf 90' lang='lat' dir='ltr'><strong>piscibus,</strong></span> <span class='ocrx_word' id='word_1_612' title='bbox 3191 4249 3409 4313; x_wconf 86' lang='lat' dir='ltr'><strong>bestiis,</strong></span> <span class='ocrx_word' id='word_1_613' title='bbox 3459 4261 3516 4305; x_wconf 91' lang='lat' dir='ltr'><strong>et</strong></span> 
     </span>
    </p>
   </div>
   <div class='ocr_carea' id='block_1_88' title="bbox 1934 4339 3520 4418">
    <p class='ocr_par' dir='ltr' id='par_1_88' title="bbox 1934 4339 3520 4418">
     <span class='ocr_line' id='line_1_88' title="bbox 1934 4339 3520 4418; baseline -0.001 -23"><span class='ocrx_word' id='word_1_614' title='bbox 1934 4347 2209 4412; x_wconf 87' lang='lat' dir='ltr'><strong>quotquot</strong></span> <span class='ocrx_word' id='word_1_615' title='bbox 2245 4342 2467 4396; x_wconf 82' lang='lat' dir='ltr'><strong>tandem</strong></span> <span class='ocrx_word' id='word_1_616' title='bbox 2508 4340 2811 4418; x_wconf 84' lang='lat' dir='ltr'><strong>animantia</strong></span> <span class='ocrx_word' id='word_1_617' title='bbox 2858 4341 3073 4396; x_wconf 87' lang='lat' dir='ltr'><strong>ratione</strong></span> <span class='ocrx_word' id='word_1_618' title='bbox 3106 4340 3348 4395; x_wconf 88' lang='lat' dir='ltr'><strong>carentia</strong></span> <span class='ocrx_word' id='word_1_619' title='bbox 3373 4339 3520 4394; x_wconf 89' lang='lat' dir='ltr'><strong>Deus</strong></span> 
     </span>
    </p>
   </div>
   <div class='ocr_carea' id='block_1_89' title="bbox 1936 4432 3523 4505">
    <p class='ocr_par' dir='ltr' id='par_1_89' title="bbox 1936 4432 3523 4505">
     <span class='ocr_line' id='line_1_89' title="bbox 1936 4432 3523 4505; baseline -0.002 -17"><span class='ocrx_word' id='word_1_620' title='bbox 1936 4432 2167 4488; x_wconf 89' lang='lat' dir='ltr'><strong>creavit.</strong></span> <span class='ocrx_word' id='word_1_621' title='bbox 2193 4432 2313 4488; x_wconf 85' lang='lat' dir='ltr'><strong>Jam</strong></span> <span class='ocrx_word' id='word_1_622' title='bbox 2342 4433 2514 4504; x_wconf 88' lang='lat' dir='ltr'><strong>igitur</strong></span> <span class='ocrx_word' id='word_1_623' title='bbox 2542 4434 2703 4505; x_wconf 86' lang='lat' dir='ltr'><strong>cujus</strong></span> <span class='ocrx_word' id='word_1_624' title='bbox 2727 4442 2785 4489; x_wconf 91' lang='lat' dir='ltr'><strong>et</strong></span> <span class='ocrx_word' id='word_1_625' title='bbox 2827 4434 2991 4504; x_wconf 91' lang='lat' dir='ltr'><strong>quale</strong></span> <span class='ocrx_word' id='word_1_626' title='bbox 3013 4434 3089 4489; x_wconf 86' lang='lat' dir='ltr'><strong>sit</strong></span> <span class='ocrx_word' id='word_1_627' title='bbox 3107 4432 3241 4488; x_wconf 91' lang='lat' dir='ltr'><strong>illud</strong></span> <span class='ocrx_word' id='word_1_628' title='bbox 3273 4451 3293 4484; x_wconf 72' lang='grc' dir='ltr'><strong>ι</strong></span> <span class='ocrx_word' id='word_1_629' title='bbox 3321 4446 3523 4487; x_wconf 84' lang='lat' dir='ltr'><strong>secun-</strong></span> 
     </span>
    </p>
   </div>
   <div class='ocr_carea' id='block_1_90' title="bbox 245 4517 1828 4602">
    <p class='ocr_par' dir='ltr' id='par_1_90' title="bbox 245 4517 1828 4591">
     <span class='ocr_line' id='line_1_90' title="bbox 245 4517 1828 4591; baseline 0.001 -15"><span class='ocrx_word' id='word_1_630' title='bbox 245 4520 519 4591; x_wconf 86' lang='lat' dir='ltr'><strong>intellige.</strong></span> <span class='ocrx_word' id='word_1_631' title='bbox 549 4517 670 4574; x_wconf 81' lang='lat' dir='ltr'><strong>Noli</strong></span> <span class='ocrx_word' id='word_1_632' title='bbox 686 4518 837 4574; x_wconf 88' lang='lat' dir='ltr'><strong>enim</strong></span> <span class='ocrx_word' id='word_1_633' title='bbox 856 4517 1195 4583; x_wconf 72' lang='lat' dir='ltr'><strong>existimare,</strong></span> <span class='ocrx_word' id='word_1_634' title='bbox 1221 4517 1465 4585; x_wconf 88' lang='lat' dir='ltr'><strong>domina,</strong></span> <span class='ocrx_word' id='word_1_635' title='bbox 1496 4532 1698 4589; x_wconf 89' lang='lat' dir='ltr'><strong>corpus</strong></span> <span class='ocrx_word' id='word_1_636' title='bbox 1725 4519 1828 4577; x_wconf 85' lang='lat' dir='ltr'><strong>hoc</strong></span> 
     </span>
    </p>
   </div>
   <div class='ocr_carea' id='block_1_91' title="bbox 1931 4517 3523 4602">
    <p class='ocr_par' dir='ltr' id='par_1_91' title="bbox 1938 4522 3523 4602">
     <span class='ocr_line' id='line_1_91' title="bbox 1938 4522 3523 4602; baseline -0.001 -23"><span class='ocrx_word' id='word_1_637' title='bbox 1938 4522 2071 4580; x_wconf 89' lang='lat' dir='ltr'><strong>dum</strong></span> <span class='ocrx_word' id='word_1_638' title='bbox 2092 4525 2408 4596; x_wconf 82' lang='lat' dir='ltr'><strong>imaginem,</strong></span> <span class='ocrx_word' id='word_1_639' title='bbox 2435 4546 2453 4579; x_wconf 77' lang='grc' dir='ltr'><strong>ι</strong></span> <span class='ocrx_word' id='word_1_640' title='bbox 2483 4527 2809 4602; x_wconf 78' lang='lat' dir='ltr'><strong>cognovisti.</strong></span> <span class='ocrx_word' id='word_1_641' title='bbox 2831 4526 3070 4583; x_wconf 74' lang='lat' dir='ltr'><strong>Rursum</strong></span> <span class='ocrx_word' id='word_1_642' title='bbox 3094 4525 3250 4589; x_wconf 89' lang='lat' dir='ltr'><strong>illud,</strong></span> <span class='ocrx_word' id='word_1_643' title='bbox 3280 4543 3299 4578; x_wconf 71' lang='grc' dir='ltr'><strong>ι</strong></span> <span class='ocrx_word' id='word_1_644' title='bbox 3324 4539 3523 4580; x_wconf 87' lang='lat' dir='ltr'><strong>secun-</strong></span> 
     </span>
    </p>
   </div>
   <div class='ocr_carea' id='block_1_92' title="bbox 329 4626 1284 4698">
    <p class='ocr_par' dir='ltr' id='par_1_92' title="bbox 329 4626 1284 4698">
     <span class='ocr_line' id='line_1_92' title="bbox 329 4626 1284 4698; baseline -0.003 -10"><span class='ocrx_word' id='word_1_645' title='bbox 329 4629 514 4688; x_wconf 77' lang='lat' dir='ltr'><strong>‘Gen.</strong></span> <span class='ocrx_word' id='word_1_646' title='bbox 543 4646 603 4698; x_wconf 81' lang='grc' dir='ltr'><strong>ιι,</strong></span> <span class='ocrx_word' id='word_1_647' title='bbox 649 4630 705 4683; x_wconf 87' lang='grc'><strong>7.</strong></span> <span class='ocrx_word' id='word_1_648' title='bbox 802 4627 897 4684; x_wconf 73' lang='lat' dir='ltr'><strong>‘ll</strong></span> <span class='ocrx_word' id='word_1_649' title='bbox 919 4626 1048 4684; x_wconf 85' lang='lat' dir='ltr'><strong>Cor.</strong></span> <span class='ocrx_word' id='word_1_650' title='bbox 1073 4644 1151 4695; x_wconf 88' lang='lat' dir='ltr'><strong>tv,</strong></span> <span class='ocrx_word' id='word_1_651' title='bbox 1197 4630 1284 4687; x_wconf 83' lang='grc'><strong>16.</strong></span> 
     </span>
    </p>
   </div>
   <div class='ocr_carea' id='block_1_93' title="bbox 1518 4725 2266 4796">
    <p class='ocr_par' dir='ltr' id='par_1_93' title="bbox 1518 4725 2266 4796">
     <span class='ocr_line' id='line_1_93' title="bbox 1518 4725 2266 4796; baseline 0.011 -10"><span class='ocrx_word' id='word_1_652' title='bbox 1518 4725 1740 4789; x_wconf 83' lang='lat' dir='ltr'><strong>Jacobi</strong></span> <span class='ocrx_word' id='word_1_653' title='bbox 1765 4728 2051 4792; x_wconf 85' lang='lat' dir='ltr'><strong>Gretseri</strong></span> <span class='ocrx_word' id='word_1_654' title='bbox 2078 4739 2266 4796; x_wconf 81' lang='lat' dir='ltr'><strong>notae.</strong></span> 
     </span>
    </p>
   </div>
   <div class='ocr_carea' id='block_1_94' title="bbox 322 4828 1828 4902">
    <p class='ocr_par' dir='ltr' id='par_1_94' title="bbox 322 4828 1828 4902">
     <span class='ocr_line' id='line_1_94' title="bbox 322 4828 1828 4902; baseline -0.002 -18"><span class='ocrx_word' id='word_1_655' title='bbox 322 4828 401 4901; x_wconf 87' lang='lat'><strong>(6)</strong></span> <span class='ocrx_word' id='word_1_656' title='bbox 414 4828 545 4902; x_wconf 67' lang='lat' dir='ltr'><strong>Qum</strong></span> <span class='ocrx_word' id='word_1_657' title='bbox 561 4828 629 4885; x_wconf 88' lang='lat' dir='ltr'><strong>de</strong></span> <span class='ocrx_word' id='word_1_658' title='bbox 640 4830 825 4884; x_wconf 87' lang='lat' dir='ltr'><strong>anima</strong></span> <span class='ocrx_word' id='word_1_659' title='bbox 838 4838 896 4902; x_wconf 90' lang='lat' dir='ltr'><strong>et</strong></span> <span class='ocrx_word' id='word_1_660' title='bbox 908 4843 1139 4900; x_wconf 88' lang='lat' dir='ltr'><strong>corpore</strong></span> <span class='ocrx_word' id='word_1_661' title='bbox 1149 4828 1372 4884; x_wconf 84' lang='lat' dir='ltr'><strong>disserit</strong></span> <span class='ocrx_word' id='word_1_662' title='bbox 1387 4837 1604 4902; x_wconf 80' lang='lat' dir='ltr'><strong>auctor,</strong></span> <span class='ocrx_word' id='word_1_663' title='bbox 1627 4828 1828 4902; x_wconf 64' lang='grc' dir='ltr'>ᾁρίστη</span> 
     </span>
    </p>
   </div>
   <div class='ocr_carea' id='block_1_95' title="bbox 248 4899 1834 4972">
    <p class='ocr_par' dir='ltr' id='par_1_95' title="bbox 248 4899 1834 4972">
     <span class='ocr_line' id='line_1_95' title="bbox 248 4899 1834 4972; baseline -0.003 -15"><span class='ocrx_word' id='word_1_664' title='bbox 248 4899 451 4972; x_wconf 75' lang='grc' dir='ltr'><strong>γνώμῃ</strong></span> <span class='ocrx_word' id='word_1_665' title='bbox 476 4900 893 4972; x_wconf 85' lang='lat' dir='ltr'><strong>interpretanda</strong></span> <span class='ocrx_word' id='word_1_666' title='bbox 927 4908 1091 4972; x_wconf 81' lang='lat' dir='ltr'><strong>sunt;</strong></span> <span class='ocrx_word' id='word_1_667' title='bbox 1125 4912 1304 4968; x_wconf 88' lang='lat' dir='ltr'><strong>neque</strong></span> <span class='ocrx_word' id='word_1_668' title='bbox 1333 4899 1481 4972; x_wconf 80' lang='lat' dir='ltr'><strong>enim</strong></span> <span class='ocrx_word' id='word_1_669' title='bbox 1512 4900 1629 4953; x_wconf 87' lang='lat' dir='ltr'><strong>vult</strong></span> <span class='ocrx_word' id='word_1_670' title='bbox 1654 4899 1834 4972; x_wconf 57' lang='lat' dir='ltr'><strong>humi?</strong></span> 
     </span>
    </p>
   </div>
   <div class='ocr_carea' id='block_1_96' title="bbox 249 4970 1831 5040">
    <p class='ocr_par' dir='ltr' id='par_1_96' title="bbox 249 4970 1831 5040">
     <span class='ocr_line' id='line_1_96' title="bbox 249 4970 1831 5040; baseline -0.001 -13"><span class='ocrx_word' id='word_1_671' title='bbox 249 4970 379 5028; x_wconf 81' lang='lat' dir='ltr'><strong>nem</strong></span> <span class='ocrx_word' id='word_1_672' title='bbox 416 4970 636 5040; x_wconf 83' lang='lat' dir='ltr'><strong>proprie</strong></span> <span class='ocrx_word' id='word_1_673' title='bbox 657 4986 778 5025; x_wconf 88' lang='lat' dir='ltr'><strong>esse</strong></span> <span class='ocrx_word' id='word_1_674' title='bbox 800 4970 970 5025; x_wconf 88' lang='lat' dir='ltr'><strong>solam</strong></span> <span class='ocrx_word' id='word_1_675' title='bbox 997 4971 1261 5032; x_wconf 87' lang='lat' dir='ltr'><strong>animam,</strong></span> <span class='ocrx_word' id='word_1_676' title='bbox 1284 4979 1344 5024; x_wconf 91' lang='lat' dir='ltr'><strong>ut</strong></span> <span class='ocrx_word' id='word_1_677' title='bbox 1365 4971 1517 5024; x_wconf 87' lang='lat' dir='ltr'><strong>Plato</strong></span> <span class='ocrx_word' id='word_1_678' title='bbox 1548 4971 1831 5026; x_wconf 89' lang='lat' dir='ltr'><strong>censuisse</strong></span> 
     </span>
    </p>
   </div>
   <div class='ocr_carea' id='block_1_97' title="bbox 249 5040 1829 5110">
    <p class='ocr_par' dir='ltr' id='par_1_97' title="bbox 249 5040 1829 5110">
     <span class='ocr_line' id='line_1_97' title="bbox 249 5040 1829 5110; baseline -0.003 -12"><span class='ocrx_word' id='word_1_679' title='bbox 249 5044 478 5104; x_wconf 87' lang='lat' dir='ltr'><strong>fertur,</strong></span> <span class='ocrx_word' id='word_1_680' title='bbox 550 5048 646 5094; x_wconf 88' lang='lat' dir='ltr'><strong>aut</strong></span> <span class='ocrx_word' id='word_1_681' title='bbox 701 5056 922 5096; x_wconf 88' lang='lat' dir='ltr'><strong>carnem</strong></span> <span class='ocrx_word' id='word_1_682' title='bbox 972 5040 1196 5110; x_wconf 90' lang='lat' dir='ltr'><strong>proprie</strong></span> <span class='ocrx_word' id='word_1_683' title='bbox 1264 5054 1383 5110; x_wconf 85' lang='lat' dir='ltr'><strong>non</strong></span> <span class='ocrx_word' id='word_1_684' title='bbox 1446 5041 1607 5094; x_wconf 90' lang='lat' dir='ltr'><strong>aliter</strong></span> <span class='ocrx_word' id='word_1_685' title='bbox 1678 5041 1829 5094; x_wconf 88' lang='lat' dir='ltr'><strong>ttniri</strong></span> 
     </span>
    </p>
   </div>
   <div class='ocr_carea' id='block_1_98' title="bbox 249 5109 1829 5180">
    <p class='ocr_par' dir='ltr' id='par_1_98' title="bbox 249 5109 1829 5180">
     <span class='ocr_line' id='line_1_98' title="bbox 249 5109 1829 5180; baseline -0.002 -11"><span class='ocrx_word' id='word_1_686' title='bbox 249 5113 451 5169; x_wconf 71' lang='lat' dir='ltr'><strong>animm</strong></span> <span class='ocrx_word' id='word_1_687' title='bbox 466 5127 633 5180; x_wconf 89' lang='lat' dir='ltr'><strong>quam</strong></span> <span class='ocrx_word' id='word_1_688' title='bbox 652 5109 1038 5165; x_wconf 85' lang='lat' dir='ltr'><strong>indumentum</strong></span> <span class='ocrx_word' id='word_1_689' title='bbox 1056 5109 1297 5178; x_wconf 90' lang='lat' dir='ltr'><strong>corpori,</strong></span> <span class='ocrx_word' id='word_1_690' title='bbox 1315 5110 1605 5163; x_wconf 86' lang='lat' dir='ltr'><strong>autnavim</strong></span> <span class='ocrx_word' id='word_1_691' title='bbox 1624 5121 1829 5174; x_wconf 71' lang='lat' dir='ltr'><strong>nautae,</strong></span> 
     </span>
    </p>
   </div>
   <div class='ocr_carea' id='block_1_99' title="bbox 250 5180 1832 5238">
    <p class='ocr_par' dir='ltr' id='par_1_99' title="bbox 250 5180 1832 5238">
     <span class='ocr_line' id='line_1_99' title="bbox 250 5180 1832 5238; baseline -0.001 0"><span class='ocrx_word' id='word_1_692' title='bbox 250 5192 349 5238; x_wconf 84' lang='lat' dir='ltr'><strong>aut</strong></span> <span class='ocrx_word' id='word_1_693' title='bbox 374 5183 692 5236; x_wconf 77' lang='lat' dir='ltr'><strong>vehiculum</strong></span> <span class='ocrx_word' id='word_1_694' title='bbox 730 5183 954 5236; x_wconf 80' lang='lat' dir='ltr'><strong>sessuri.</strong></span> <span class='ocrx_word' id='word_1_695' title='bbox 988 5180 1302 5235; x_wconf 85' lang='lat' dir='ltr'><strong>Meminerit</strong></span> <span class='ocrx_word' id='word_1_696' title='bbox 1335 5181 1511 5234; x_wconf 86' lang='lat' dir='ltr'><strong>lector</strong></span> <span class='ocrx_word' id='word_1_697' title='bbox 1549 5188 1606 5233; x_wconf 92' lang='lat' dir='ltr'><strong>et</strong></span> <span class='ocrx_word' id='word_1_698' title='bbox 1645 5180 1736 5235; x_wconf 91' lang='lat' dir='ltr'><strong>hic</strong></span> <span class='ocrx_word' id='word_1_699' title='bbox 1774 5192 1832 5236; x_wconf 91' lang='lat' dir='ltr'><strong>et</strong></span> 
     </span>
    </p>
   </div>
   <div class='ocr_carea' id='block_1_100' title="bbox 251 5250 1831 5323">
    <p class='ocr_par' dir='ltr' id='par_1_100' title="bbox 251 5250 1831 5323">
     <span class='ocr_line' id='line_1_100' title="bbox 251 5250 1831 5323; baseline -0.003 -14"><span class='ocrx_word' id='word_1_700' title='bbox 251 5253 389 5309; x_wconf 81' lang='lat' dir='ltr'><strong>alibi</strong></span> <span class='ocrx_word' id='word_1_701' title='bbox 413 5252 551 5323; x_wconf 82' lang='lat' dir='ltr'><strong>legis</strong></span> <span class='ocrx_word' id='word_1_702' title='bbox 580 5252 729 5307; x_wconf 76' lang='lat' dir='ltr'><strong>iilitrs</strong></span> <span class='ocrx_word' id='word_1_703' title='bbox 756 5252 899 5320; x_wconf 83' lang='lat' dir='ltr'><strong>apud</strong></span> <span class='ocrx_word' id='word_1_704' title='bbox 920 5250 1335 5323; x_wconf 83' lang='lat' dir='ltr'><strong>jureconsultos</strong></span> <span class='ocrx_word' id='word_1_705' title='bbox 1354 5250 1653 5304; x_wconf 84' lang='lat' dir='ltr'><strong>admodum</strong></span> <span class='ocrx_word' id='word_1_706' title='bbox 1685 5250 1831 5323; x_wconf 77' lang='lat' dir='ltr'><strong>cele-</strong></span> 
     </span>
    </p>
   </div>
   <div class='ocr_carea' id='block_1_101' title="bbox 252 5320 1835 5392">
    <p class='ocr_par' dir='ltr' id='par_1_101' title="bbox 252 5320 1835 5392">
     <span class='ocr_line' id='line_1_101' title="bbox 252 5320 1835 5392; baseline -0.002 -14"><span class='ocrx_word' id='word_1_707' title='bbox 252 5320 771 5391; x_wconf 69' lang='lat' dir='ltr'><strong>brataezBeiiignius</strong></span> <span class='ocrx_word' id='word_1_708' title='bbox 797 5320 936 5392; x_wconf 71' lang='lat' dir='ltr'><strong>leges</strong></span> <span class='ocrx_word' id='word_1_709' title='bbox 957 5320 1371 5391; x_wconf 68' lang='lat' dir='ltr'><strong>interpretanda:</strong></span> <span class='ocrx_word' id='word_1_710' title='bbox 1390 5330 1628 5389; x_wconf 74' lang='lat' dir='ltr'><strong>suntque</strong></span> <span class='ocrx_word' id='word_1_711' title='bbox 1651 5321 1835 5392; x_wconf 75' lang='lat' dir='ltr'><strong>uolun-</strong></span> 
     </span>
    </p>
   </div>
   <div class='ocr_carea' id='block_1_102' title="bbox 250 5390 1836 5466">
    <p class='ocr_par' dir='ltr' id='par_1_102' title="bbox 250 5390 1836 5466">
     <span class='ocr_line' id='line_1_102' title="bbox 250 5390 1836 5466; baseline -0.003 -15"><span class='ocrx_word' id='word_1_712' title='bbox 250 5406 339 5466; x_wconf 61' lang='lat' dir='ltr'><strong>tas</strong></span> <span class='ocrx_word' id='word_1_713' title='bbox 383 5408 567 5447; x_wconf 84' lang='lat' dir='ltr'><strong>earum</strong></span> <span class='ocrx_word' id='word_1_714' title='bbox 603 5390 973 5457; x_wconf 65' lang='lat' dir='ltr'><strong>Conservetar;</strong></span> <span class='ocrx_word' id='word_1_715' title='bbox 1013 5390 1320 5460; x_wconf 83' lang='lat' dir='ltr'><strong>sensusque</strong></span> <span class='ocrx_word' id='word_1_716' title='bbox 1363 5390 1731 5459; x_wconf 83' lang='lat' dir='ltr'><strong>metaphoriei</strong></span> <span class='ocrx_word' id='word_1_717' title='bbox 1779 5402 1836 5446; x_wconf 85' lang='lat' dir='ltr'><strong>et</strong></span> 
     </span>
    </p>
   </div>
   <div class='ocr_carea' id='block_1_103' title="bbox 1933 4833 3516 4909">
    <p class='ocr_par' dir='ltr' id='par_1_103' title="bbox 1933 4833 3516 4909">
     <span class='ocr_line' id='line_1_103' title="bbox 1933 4833 3516 4909; baseline 0.001 -21"><span class='ocrx_word' id='word_1_718' title='bbox 1933 4833 2242 4906; x_wconf 90' lang='lat' dir='ltr'><strong>improprii,</strong></span> <span class='ocrx_word' id='word_1_719' title='bbox 2271 4852 2413 4908; x_wconf 92' lang='lat' dir='ltr'><strong>quos</strong></span> <span class='ocrx_word' id='word_1_720' title='bbox 2465 4838 2765 4909; x_wconf 88' lang='lat' dir='ltr'><strong>aliquando</strong></span> <span class='ocrx_word' id='word_1_721' title='bbox 2783 4839 3083 4909; x_wconf 86' lang='lat' dir='ltr'><strong>scriptores</strong></span> <span class='ocrx_word' id='word_1_722' title='bbox 3104 4845 3516 4900; x_wconf 88' lang='lat' dir='ltr'><strong>consectantur,</strong></span> 
     </span>
    </p>
   </div>
   <div class='ocr_carea' id='block_1_104' title="bbox 1931 4908 3519 4976">
    <p class='ocr_par' dir='ltr' id='par_1_104' title="bbox 1931 4908 3519 4976">
     <span class='ocr_line' id='line_1_104' title="bbox 1931 4908 3519 4976; baseline 0.002 -18"><span class='ocrx_word' id='word_1_723' title='bbox 1931 4920 2281 4976; x_wconf 84' lang='lat' dir='ltr'><strong>nequaquam</strong></span> <span class='ocrx_word' id='word_1_724' title='bbox 2308 4908 2567 4976; x_wconf 85' lang='lat' dir='ltr'><strong>proprias</strong></span> <span class='ocrx_word' id='word_1_725' title='bbox 2592 4924 2775 4962; x_wconf 90' lang='lat' dir='ltr'><strong>rerum</strong></span> <span class='ocrx_word' id='word_1_726' title='bbox 2814 4908 3059 4964; x_wconf 83' lang='lat' dir='ltr'><strong>rationes</strong></span> <span class='ocrx_word' id='word_1_727' title='bbox 3081 4915 3381 4973; x_wconf 86' lang='lat' dir='ltr'><strong>evertunt;</strong></span> <span class='ocrx_word' id='word_1_728' title='bbox 3410 4910 3519 4969; x_wconf 83' lang='lat' dir='ltr'><strong>nisi</strong></span> 
     </span>
    </p>
   </div>
   <div class='ocr_carea' id='block_1_105' title="bbox 1931 4975 3521 5048">
    <p class='ocr_par' dir='ltr' id='par_1_105' title="bbox 1931 4975 3521 5048">
     <span class='ocr_line' id='line_1_105' title="bbox 1931 4975 3521 5048; baseline 0.003 -21"><span class='ocrx_word' id='word_1_729' title='bbox 1931 4975 2046 5048; x_wconf 75' lang='lat' dir='ltr'><strong>sint</strong></span> <span class='ocrx_word' id='word_1_730' title='bbox 2067 4975 2342 5048; x_wconf 83' lang='lat' dir='ltr'><strong>ejusmodi</strong></span> <span class='ocrx_word' id='word_1_731' title='bbox 2365 4975 2460 5046; x_wconf 82' lang='lat' dir='ltr'><strong>qui</strong></span> <span class='ocrx_word' id='word_1_732' title='bbox 2483 4993 2609 5032; x_wconf 88' lang='lat' dir='ltr'><strong>cum</strong></span> <span class='ocrx_word' id='word_1_733' title='bbox 2640 4980 2875 5033; x_wconf 88' lang='lat' dir='ltr'><strong>veritate</strong></span> <span class='ocrx_word' id='word_1_734' title='bbox 2897 4979 3201 5034; x_wconf 91' lang='lat' dir='ltr'><strong>consistere</strong></span> <span class='ocrx_word' id='word_1_735' title='bbox 3219 4987 3521 5048; x_wconf 83' lang='lat' dir='ltr'><strong>nequeant.</strong></span> 
     </span>
    </p>
   </div>
   <div class='ocr_carea' id='block_1_106' title="bbox 1934 5044 3520 5119">
    <p class='ocr_par' dir='ltr' id='par_1_106' title="bbox 1934 5044 3520 5119">
     <span class='ocr_line' id='line_1_106' title="bbox 1934 5044 3520 5119; baseline 0.001 -20"><span class='ocrx_word' id='word_1_736' title='bbox 1934 5044 2138 5119; x_wconf 53' lang='lat' dir='ltr'><strong>Verum</strong></span> <span class='ocrx_word' id='word_1_737' title='bbox 2170 5047 2241 5102; x_wconf 91' lang='lat' dir='ltr'><strong>de</strong></span> <span class='ocrx_word' id='word_1_738' title='bbox 2277 5044 2483 5119; x_wconf 84' lang='lat' dir='ltr'><strong>anima,</strong></span> <span class='ocrx_word' id='word_1_739' title='bbox 2519 5057 2672 5119; x_wconf 80' lang='lat' dir='ltr'><strong>utse</strong></span> <span class='ocrx_word' id='word_1_740' title='bbox 2706 5049 2904 5104; x_wconf 85' lang='lat' dir='ltr'><strong>habeat</strong></span> <span class='ocrx_word' id='word_1_741' title='bbox 2944 5059 3200 5119; x_wconf 88' lang='lat' dir='ltr'><strong>respectu</strong></span> <span class='ocrx_word' id='word_1_742' title='bbox 3240 5044 3520 5119; x_wconf 72' lang='lat' dir='ltr'><strong>corporis,</strong></span> 
     </span>
    </p>
   </div>
   <div class='ocr_carea' id='block_1_107' title="bbox 1933 5114 3523 5190">
    <p class='ocr_par' dir='ltr' id='par_1_107' title="bbox 1933 5114 3523 5190">
     <span class='ocr_line' id='line_1_107' title="bbox 1933 5114 3523 5190; baseline 0.003 -23"><span class='ocrx_word' id='word_1_743' title='bbox 1933 5114 2054 5190; x_wconf 81' lang='lat' dir='ltr'><strong>lege</strong></span> <span class='ocrx_word' id='word_1_744' title='bbox 2095 5116 2420 5187; x_wconf 81' lang='lat' dir='ltr'><strong>Gregorium</strong></span> <span class='ocrx_word' id='word_1_745' title='bbox 2452 5118 2521 5190; x_wconf 84' lang='lat' dir='ltr'><strong>de</strong></span> <span class='ocrx_word' id='word_1_746' title='bbox 2555 5118 2799 5173; x_wconf 85' lang='lat' dir='ltr'><strong>Valentia</strong></span> <span class='ocrx_word' id='word_1_747' title='bbox 2831 5136 2866 5173; x_wconf 91' lang='lat' dir='ltr'><strong>I.</strong></span> <span class='ocrx_word' id='word_1_748' title='bbox 2905 5136 2987 5190; x_wconf 92' lang='lat' dir='ltr'><strong>p.,</strong></span> <span class='ocrx_word' id='word_1_749' title='bbox 3019 5114 3077 5176; x_wconf 86' lang='lat' dir='ltr'><strong>S.</strong></span> <span class='ocrx_word' id='word_1_750' title='bbox 3121 5119 3320 5175; x_wconf 85' lang='lat' dir='ltr'><strong>Thom.</strong></span> <span class='ocrx_word' id='word_1_751' title='bbox 3344 5114 3426 5174; x_wconf 57' lang='lat' dir='ltr'><strong>&#39;d.</strong></span> <span class='ocrx_word' id='word_1_752' title='bbox 3463 5117 3523 5182; x_wconf 86' lang='lat'><strong>6,</strong></span> 
     </span>
    </p>
   </div>
   <div class='ocr_carea' id='block_1_108' title="bbox 1935 5185 3522 5262">
    <p class='ocr_par' dir='ltr' id='par_1_108' title="bbox 1935 5185 3522 5262">
     <span class='ocr_line' id='line_1_108' title="bbox 1935 5185 3522 5262; baseline 0.005 -24"><span class='ocrx_word' id='word_1_753' title='bbox 1935 5200 1988 5253; x_wconf 82' lang='grc' dir='ltr'><strong>(ι.</strong></span> <span class='ocrx_word' id='word_1_754' title='bbox 2026 5185 2082 5248; x_wconf 77' lang='lat'><strong>2,</strong></span> <span class='ocrx_word' id='word_1_755' title='bbox 2117 5185 2262 5256; x_wconf 77' lang='lat' dir='ltr'><strong>part.</strong></span> <span class='ocrx_word' id='word_1_756' title='bbox 2306 5202 2347 5252; x_wconf 85' lang='grc' dir='ltr'><strong>ι,</strong></span> <span class='ocrx_word' id='word_1_757' title='bbox 2389 5188 2485 5259; x_wconf 90' lang='lat' dir='ltr'><strong>qui</strong></span> <span class='ocrx_word' id='word_1_758' title='bbox 2526 5190 2692 5262; x_wconf 83' lang='lat' dir='ltr'><strong>etiam</strong></span> <span class='ocrx_word' id='word_1_759' title='bbox 2735 5189 2879 5261; x_wconf 89' lang='lat' dir='ltr'><strong>disp.</strong></span> <span class='ocrx_word' id='word_1_760' title='bbox 2905 5185 2999 5257; x_wconf 58' lang='lat'><strong>&#39;7,</strong></span> <span class='ocrx_word' id='word_1_761' title='bbox 3031 5190 3175 5262; x_wconf 48' lang='grc' dir='ltr'>ψει,</span> <span class='ocrx_word' id='word_1_762' title='bbox 3215 5206 3272 5262; x_wconf 94' lang='lat' dir='ltr'><strong>p.</strong></span> <span class='ocrx_word' id='word_1_763' title='bbox 3316 5207 3355 5257; x_wconf 87' lang='grc' dir='ltr'><strong>ι,</strong></span> <span class='ocrx_word' id='word_1_764' title='bbox 3399 5191 3522 5247; x_wconf 81' lang='lat' dir='ltr'><strong>fuse</strong></span> 
     </span>
    </p>
   </div>
   <div class='ocr_carea' id='block_1_109' title="bbox 1940 5259 3525 5334">
    <p class='ocr_par' dir='ltr' id='par_1_109' title="bbox 1940 5259 3525 5334">
     <span class='ocr_line' id='line_1_109' title="bbox 1940 5259 3525 5334; baseline 0.006 -27"><span class='ocrx_word' id='word_1_765' title='bbox 1940 5262 2124 5334; x_wconf 75' lang='lat' dir='ltr'><strong>docet,</strong></span> <span class='ocrx_word' id='word_1_766' title='bbox 2159 5273 2228 5334; x_wconf 74' lang='lat' dir='ltr'><strong>an</strong></span> <span class='ocrx_word' id='word_1_767' title='bbox 2255 5267 2313 5312; x_wconf 90' lang='lat' dir='ltr'><strong>et</strong></span> <span class='ocrx_word' id='word_1_768' title='bbox 2345 5259 2624 5334; x_wconf 66' lang='lat' dir='ltr'><strong>quomodo</strong></span> <span class='ocrx_word' id='word_1_769' title='bbox 2654 5259 3013 5317; x_wconf 40' lang='lat' dir='ltr'><strong>homo’t’uerit</strong></span> <span class='ocrx_word' id='word_1_770' title='bbox 3040 5259 3108 5316; x_wconf 79' lang='lat' dir='ltr'><strong>ad</strong></span> <span class='ocrx_word' id='word_1_771' title='bbox 3142 5259 3437 5334; x_wconf 77' lang='lat' dir='ltr'><strong>imaginem</strong></span> <span class='ocrx_word' id='word_1_772' title='bbox 3466 5272 3525 5316; x_wconf 90' lang='lat' dir='ltr'><strong>ct</strong></span> 
     </span>
    </p>
   </div>
   <div class='ocr_carea' id='block_1_110' title="bbox 1941 5327 3261 5411">
    <p class='ocr_par' dir='ltr' id='par_1_110' title="bbox 1941 5327 3261 5411">
     <span class='ocr_line' id='line_1_110' title="bbox 1941 5327 3261 5411; baseline -0.003 -34"><span class='ocrx_word' id='word_1_773' title='bbox 1941 5327 2361 5382; x_wconf 73' lang='lat' dir='ltr'><strong>similitudinem</strong></span> <span class='ocrx_word' id='word_1_774' title='bbox 2392 5328 2492 5384; x_wconf 88' lang='lat' dir='ltr'><strong>Dei</strong></span> <span class='ocrx_word' id='word_1_775' title='bbox 2515 5339 2788 5411; x_wconf 33' lang='lat' dir='ltr'><strong>creatus.‘</strong></span> <span class='ocrx_word' id='word_1_776' title='bbox 3255 5327 3261 5355; x_wconf 79' lang='grc' dir='ltr'>ῖ</span> 
     </span>
    </p>
   </div>
   <div class='ocr_carea' id='block_1_111' title="bbox 1769 5487 2044 5553">
    <p class='ocr_par' dir='ltr' id='par_1_111' title="bbox 1769 5487 2044 5553">
     <span class='ocr_line' id='line_1_111' title="bbox 1769 5487 2044 5553; baseline 0.015 -4"><span class='ocrx_word' id='word_1_777' title='bbox 1769 5487 2044 5553; x_wconf 83' lang='lat' dir='ltr'><strong>Scholia.</strong></span> 
     </span>
    </p>
   </div>
   <div class='ocr_carea' id='block_1_112' title="bbox 329 5588 1828 5661">
    <p class='ocr_par' dir='ltr' id='par_1_112' title="bbox 329 5588 1828 5661">
     <span class='ocr_line' id='line_1_112' title="bbox 329 5588 1828 5661; baseline -0.004 -11"><span class='ocrx_word' id='word_1_778' title='bbox 329 5600 345 5617; x_wconf 87' lang='lat'><strong><em>‘</em></strong></span> <span class='ocrx_word' id='word_1_779' title='bbox 391 5594 797 5649; x_wconf 87' lang='lat' dir='ltr'><strong>Thcodoretus.</strong></span> <span class='ocrx_word' id='word_1_780' title='bbox 845 5589 1015 5646; x_wconf 81' lang='lat' dir='ltr'><strong>Homo</strong></span> <span class='ocrx_word' id='word_1_781' title='bbox 1061 5606 1228 5661; x_wconf 85' lang='lat' dir='ltr'><strong>neque</strong></span> <span class='ocrx_word' id='word_1_782' title='bbox 1278 5588 1567 5661; x_wconf 63' lang='lat' dir='ltr'><strong>«eundum</strong></span> <span class='ocrx_word' id='word_1_783' title='bbox 1616 5605 1828 5660; x_wconf 79' lang='lat' dir='ltr'><strong>corpus,</strong></span> 
     </span>
    </p>
   </div>
   <div class='ocr_carea' id='block_1_113' title="bbox 253 5658 1826 5734">
    <p class='ocr_par' dir='ltr' id='par_1_113' title="bbox 253 5658 1826 5734">
     <span class='ocr_line' id='line_1_113' title="bbox 253 5658 1826 5734; baseline -0.004 -14"><span class='ocrx_word' id='word_1_784' title='bbox 253 5682 422 5734; x_wconf 82' lang='lat' dir='ltr'><strong>neque</strong></span> <span class='ocrx_word' id='word_1_785' title='bbox 450 5667 738 5720; x_wconf 79' lang='lat' dir='ltr'><strong>secundum</strong></span> <span class='ocrx_word' id='word_1_786' title='bbox 767 5665 1026 5734; x_wconf 84' lang='lat' dir='ltr'><strong>animam,</strong></span> <span class='ocrx_word' id='word_1_787' title='bbox 1048 5658 1678 5734; x_wconf 32' lang='lat' dir='ltr'><strong>sed—secundumimperii</strong></span> <span class='ocrx_word' id='word_1_788' title='bbox 1711 5658 1826 5734; x_wconf 68' lang='lat' dir='ltr'><strong>ina-</strong></span> 
     </span>
    </p>
   </div>
   <div class='ocr_carea' id='block_1_114' title="bbox 242 5730 1831 5806">
    <p class='ocr_par' dir='ltr' id='par_1_114' title="bbox 242 5730 1831 5806">
     <span class='ocr_line' id='line_1_114' title="bbox 242 5730 1831 5806; baseline -0.004 -17"><span class='ocrx_word' id='word_1_789' title='bbox 242 5730 503 5806; x_wconf 36' lang='lat' dir='ltr'><strong>fee-tatem</strong></span> <span class='ocrx_word' id='word_1_790' title='bbox 531 5740 797 5788; x_wconf 74' lang='lat' dir='ltr'><strong>duntaxat</strong></span> <span class='ocrx_word' id='word_1_791' title='bbox 826 5733 918 5787; x_wconf 86' lang='lat' dir='ltr'><strong>Dei</strong></span> <span class='ocrx_word' id='word_1_792' title='bbox 956 5734 1128 5801; x_wconf 86' lang='lat' dir='ltr'><strong>imago</strong></span> <span class='ocrx_word' id='word_1_793' title='bbox 1152 5742 1246 5806; x_wconf 79' lang='lat' dir='ltr'><strong>est.</strong></span> <span class='ocrx_word' id='word_1_794' title='bbox 1285 5733 1350 5806; x_wconf 61' lang='lat' dir='ltr'><strong>lit</strong></span> <span class='ocrx_word' id='word_1_795' title='bbox 1378 5730 1571 5806; x_wconf 54' lang='lat' dir='ltr'><strong>igitur;</strong></span> <span class='ocrx_word' id='word_1_796' title='bbox 1595 5731 1831 5806; x_wconf 74' lang='lat' dir='ltr'><strong>omnium</strong></span> 
     </span>
    </p>
   </div>
   <div class='ocr_carea' id='block_1_115' title="bbox 250 5798 1831 5879">
    <p class='ocr_par' dir='ltr' id='par_1_115' title="bbox 250 5798 1831 5879">
     <span class='ocr_line' id='line_1_115' title="bbox 250 5798 1831 5879; baseline -0.006 -17"><span class='ocrx_word' id='word_1_797' title='bbox 250 5798 372 5879; x_wconf 54' lang='lat' dir='ltr'><strong>qua:</strong></span> <span class='ocrx_word' id='word_1_798' title='bbox 411 5809 463 5862; x_wconf 87' lang='lat' dir='ltr'><strong>in</strong></span> <span class='ocrx_word' id='word_1_799' title='bbox 505 5810 661 5860; x_wconf 64' lang='lat' dir='ltr'><strong>terris</strong></span> <span class='ocrx_word' id='word_1_800' title='bbox 704 5814 825 5858; x_wconf 80' lang='lat' dir='ltr'><strong>sunt</strong></span> <span class='ocrx_word' id='word_1_801' title='bbox 855 5798 1157 5873; x_wconf 59' lang='lat' dir='ltr'><strong>principatu</strong></span> <span class='ocrx_word' id='word_1_802' title='bbox 1192 5802 1496 5872; x_wconf 74' lang='lat' dir='ltr'><strong>insignitus,</strong></span> <span class='ocrx_word' id='word_1_803' title='bbox 1534 5798 1625 5853; x_wconf 85' lang='lat' dir='ltr'><strong>Dei</strong></span> <span class='ocrx_word' id='word_1_804' title='bbox 1656 5799 1831 5868; x_wconf 87' lang='lat' dir='ltr'><strong>imago</strong></span> 
     </span>
    </p>
   </div>
   <div class='ocr_carea' id='block_1_116' title="bbox 1941 5590 3520 5665">
    <p class='ocr_par' dir='ltr' id='par_1_116' title="bbox 1941 5590 3520 5665">
     <span class='ocr_line' id='line_1_116' title="bbox 1941 5590 3520 5665; baseline 0.001 -19"><span class='ocrx_word' id='word_1_805' title='bbox 1941 5590 2271 5662; x_wconf 74' lang='lat' dir='ltr'><strong>appellatur.</strong></span> <span class='ocrx_word' id='word_1_806' title='bbox 2313 5592 2507 5649; x_wconf 75' lang='lat' dir='ltr'><strong>Mulier</strong></span> <span class='ocrx_word' id='word_1_807' title='bbox 2532 5604 2711 5650; x_wconf 83' lang='lat' dir='ltr'><strong>autem</strong></span> <span class='ocrx_word' id='word_1_808' title='bbox 2746 5603 2804 5648; x_wconf 81' lang='lat' dir='ltr'><strong>ut</strong></span> <span class='ocrx_word' id='word_1_809' title='bbox 2836 5595 2933 5648; x_wconf 77' lang='lat' dir='ltr'><strong>sub</strong></span> <span class='ocrx_word' id='word_1_810' title='bbox 2971 5596 3071 5650; x_wconf 73' lang='lat' dir='ltr'><strong>viri</strong></span> <span class='ocrx_word' id='word_1_811' title='bbox 3099 5604 3360 5665; x_wconf 80' lang='lat' dir='ltr'><strong>potestate</strong></span> <span class='ocrx_word' id='word_1_812' title='bbox 3390 5608 3520 5648; x_wconf 82' lang='lat' dir='ltr'><strong>con-</strong></span> 
     </span>
    </p>
   </div>
   <div class='ocr_carea' id='block_1_117' title="bbox 1937 5664 3520 5737">
    <p class='ocr_par' dir='ltr' id='par_1_117' title="bbox 1937 5664 3520 5737">
     <span class='ocr_line' id='line_1_117' title="bbox 1937 5664 3520 5737; baseline 0.002 -24"><span class='ocrx_word' id='word_1_813' title='bbox 1937 5670 2151 5737; x_wconf 70' lang='lat' dir='ltr'><strong>stituta,</strong></span> <span class='ocrx_word' id='word_1_814' title='bbox 2188 5665 2363 5737; x_wconf 80' lang='lat' dir='ltr'><strong>gloria</strong></span> <span class='ocrx_word' id='word_1_815' title='bbox 2395 5674 2471 5737; x_wconf 72' lang='lat' dir='ltr'><strong>est</strong></span> <span class='ocrx_word' id='word_1_816' title='bbox 2496 5669 2615 5734; x_wconf 82' lang='lat' dir='ltr'><strong>viri,</strong></span> <span class='ocrx_word' id='word_1_817' title='bbox 2646 5676 2700 5721; x_wconf 86' lang='lat' dir='ltr'><strong>et</strong></span> <span class='ocrx_word' id='word_1_818' title='bbox 2734 5665 2877 5731; x_wconf 72' lang='lat' dir='ltr'><strong>velut</strong></span> <span class='ocrx_word' id='word_1_819' title='bbox 2917 5664 3164 5737; x_wconf 75' lang='lat' dir='ltr'><strong>imaginis</strong></span> <span class='ocrx_word' id='word_1_820' title='bbox 3199 5668 3392 5737; x_wconf 84' lang='lat' dir='ltr'><strong>imago.</strong></span> <span class='ocrx_word' id='word_1_821' title='bbox 3425 5664 3520 5716; x_wconf 77' lang='lat' dir='ltr'><strong>Est</strong></span> 
     </span>
    </p>
   </div>
   <div class='ocr_carea' id='block_1_118' title="bbox 1941 5734 3520 5807">
    <p class='ocr_par' dir='ltr' id='par_1_118' title="bbox 1941 5734 3520 5807">
     <span class='ocr_line' id='line_1_118' title="bbox 1941 5734 3520 5807; baseline 0.004 -23"><span class='ocrx_word' id='word_1_822' title='bbox 1941 5734 2230 5807; x_wconf 71' lang='lat' dir='ltr'><strong>qaidemet</strong></span> <span class='ocrx_word' id='word_1_823' title='bbox 2255 5736 2369 5805; x_wconf 76' lang='lat' dir='ltr'><strong>ipsa</strong></span> <span class='ocrx_word' id='word_1_824' title='bbox 2404 5736 2634 5791; x_wconf 72' lang='lat' dir='ltr'><strong>aliarum</strong></span> <span class='ocrx_word' id='word_1_825' title='bbox 2665 5752 2840 5792; x_wconf 77' lang='lat' dir='ltr'><strong>rerum</strong></span> <span class='ocrx_word' id='word_1_826' title='bbox 2872 5734 3134 5807; x_wconf 77' lang='lat' dir='ltr'><strong>princeps,</strong></span> <span class='ocrx_word' id='word_1_827' title='bbox 3160 5734 3520 5793; x_wconf 74' lang='lat' dir='ltr'><strong>verumtamen</strong></span> 
     </span>
    </p>
   </div>
   <div class='ocr_carea' id='block_1_119' title="bbox 1943 5803 2949 5877">
    <p class='ocr_par' dir='ltr' id='par_1_119' title="bbox 1943 5803 2949 5877">
     <span class='ocr_line' id='line_1_119' title="bbox 1943 5803 2949 5877; baseline 0.008 -21"><span class='ocrx_word' id='word_1_828' title='bbox 1943 5805 2057 5856; x_wconf 86' lang='lat' dir='ltr'><strong>viro</strong></span> <span class='ocrx_word' id='word_1_829' title='bbox 2089 5803 2295 5859; x_wconf 75' lang='lat' dir='ltr'><strong>subesse</strong></span> <span class='ocrx_word' id='word_1_830' title='bbox 2315 5810 2473 5877; x_wconf 78' lang='lat' dir='ltr'><strong>jtma</strong></span> <span class='ocrx_word' id='word_1_831' title='bbox 2519 5817 2615 5861; x_wconf 80' lang='lat' dir='ltr'><strong>est.</strong></span> <span class='ocrx_word' id='word_1_832' title='bbox 2873 5803 2880 5806; x_wconf 57' lang='grc'><strong>⁷</strong></span> <span class='ocrx_word' id='word_1_833' title='bbox 2944 5822 2949 5828; x_wconf 87' lang='lat'><strong>‘</strong></span> 
     </span>
    </p>
   </div>
  </div>
