2018 3211
161 197 218 229 773
893 191 1072 224 moerus.
1497 175 1501 180 ’
1745 191 1804 225 774‘

159 255 193 283 ad
208 254 263 283 alia
285 255 460 288 transeundi,
483 262 545 290 qua:
558 256 592 283 ab
617 255 696 283 initio
717 254 861 290 proposui,
876 261 910 280 ne
927 253 954 279 in
969 252 993 281 Λ
1008 259 1071 278 ncm
1088 250 1180 278 saeculi
1209 255 1236 277 et
1252 250 1388 286 judicium
1405 254 1545 285 exspecta.
1568 249 1659 278 Testis
1678 255 1706 277 et
1730 233 1798 278 (-i’tra

158 300 328 328 oblivionem
342 301 467 329 veniam.
486 302 516 329 ln
533 302 664 329 omnibus
680 305 772 328 autem
793 299 954 335 quaestioni-

159 346 223 378 bus,
239 350 304 381 peto
323 351 355 374 ιιι
369 347 436 374 mihi
459 347 596 382 ignoscas.

191 391 278 421 Cano.
290 393 428 429 Eloquere
439 394 506 429 quid
516 383 623 429 qlia:sz
633 402 640 420 :
652 392 725 421 haud
738 393 811 420 enim
827 392 951 420 metnini.

193 440 292 467 Attin.
307 439 376 467 illud
390 444 450 467 erat
465 440 539 476 quod
558 440 769 475 percunctabar,
787 439 952 475 quibusnam

158 485 188 513 in
208 485 288 520 locis,
316 490 345 513 et
368 486 472 521 quibus
490 486 649 522 regionibus
662 487 801 522 justorum
820 490 951 520 peccato-

156 539 278 566 rumque
288 532 405 567 spiritus
423 537 485 567 post
500 532 653 560 discessum
671 540 704 560 ex
715 532 766 559 hac
778 532 851 564 luce,
865 539 953 566 usque

154 578 193 606 ad
203 577 311 606 ‘Christi
327 579 477 606 adventum
496 580 591 606 vivere
605 578 783 606 statuendum
795 582 880 605 esset.

193 623 279 651 Cano.
295 622 324 652 Si
340 630 456 652 noscere
475 624 528 657 vis,
550 624 690 659 quomodo
706 631 735 651 se
751 624 863 656 habeat,
879 623 953 658 quod

154 670 326 704 interrogas,
340 669 454 697 adverte
465 670 590 698 animum
604 670 647 697 his
660 677 721 705 quae
732 670 832 701 dicam,
843 674 871 696 et
881 669 953 697 veri-

156 717 245 759 t'atetn
267 714 416 759 percipies.
432 714 587 750 Scriptura:
604 714 716 747 docent,
732 714 952 742 excelsissimum

157 755 220 788 esse
235 755 348 792 'locuui,
371 760 399 787 in
423 768 479 796 quo
495 761 594 788 anima:
605 760 744 794 justorum
767 761 952 795 requiescant.

158 806 213 835 llic
239 810 332 835 autem
358 807 436 835 locus
462 807 580 835 diversis
605 807 763 834 nominibus
789 807 951 842 appellatur.

158 850 264 888 Hempe
278 853 356 888 regio
371 853 537 886 viventium,
555 857 629 880 terra
648 853 769 883 mitium,
787 852 951 880 tabernacu-

158 900 216 927 lum
233 907 248 927 a
261 899 318 927 Deo
329 899 443 932 factum,
459 900 556 928 civitas
570 900 715 931 altissima,
733 904 841 926 torrens
852 898 952 926 odora-

1005 297 1195 331 exceptioncm
1214 297 1326 329 Paulus,
1344 297 1391 332 qui
1409 297 1532 324 omnium
1546 302 1630 332 caput
1650 301 1678 324 et
1697 298 1799 332 princi-

1005 351 1066 378 pem
1077 342 1229 375 Christum,
1241 347 1388 378 postquam
1404 342 1568 375 resurreait,
1579 343 1796 378 primogenitum

1005 394 1179 416 mortuorum
1200 389 1222 422 ",
1243 393 1271 416 et
1295 389 1507 424 primogenitum
1532 389 1560 417 in
1585 390 1680 417 multis
1706 390 1800 418 fratri-

1004 434 1056 461 bus
1074 434 1096 466 “,
1125 438 1153 461 et
1177 434 1310 461 Adamum
1338 435 1489 462 secundum
1515 435 1659 462 nominat’
1681 435 1724 462 "‘.
1745 435 1799 468 Qui

1003 485 1032 508 et
1053 481 1143 515 pritno
1166 481 1252 515 prior,
1283 485 1312 508 et
1341 481 1506 529 prpdromus
1526 482 1606 509 nobis
1624 482 1658 509 ad
1689 483 1798 510 Patrem

1005 527 1122 561 pneivil,
1151 532 1179 554 et
1197 527 1224 553 in
1247 527 1306 562 ejus
1329 527 1429 554 thrOuo
1454 527 1574 562 glorioso
1599 529 1632 556 ad
1655 530 1797 557 dexteram

1003 573 1140 606 consedit,
1158 573 1239 600 simul
1252 574 1378 600 omnium
1390 579 1484 609 caput,
1501 579 1530 602 ut
1543 580 1571 602 et
1582 577 1681 610 capitis
1695 584 1798 611 corpus

1004 619 1136 654 paulatim
1155 627 1188 646 eo
1206 624 1401 654 congregetur,
1421 624 1450 647 et
1477 626 1664 656 congruenter
1687 627 1798 656 aptetur

1004 669 1032 692 et
1045 670 1264 700 coagmentetur.
1300 666 1357 692 Nec
1380 665 1454 692 enim
1483 673 1585 701 corpus
1601 667 1648 699 sit,
1684 668 1799 695 absente

1004 712 1105 745 capite,
1119 718 1170 738 nee
1183 719 1290 737 rursum
1303 716 1396 745 caput,
1411 712 1433 738 si
1454 711 1526 739 absit
1538 720 1639 747 corpus
1655 713 1709 740 "“.

1039 756 1176 783 Caeterum
1193 756 1292 782 anima:
1307 756 1443 783 bonorum
1457 756 1521 783 sola:
1542 763 1616 783 nunc
1629 757 1797 789 evehuntur,

1005 811 1055 838 per
1065 810 1105 835 se,
1124 806 1154 828 ut
1174 806 1299 835 possunt,
1317 801 1392 828 omni
1409 809 1481 829 nexu
1497 803 1604 834 solutae,
1622 803 1655 829 ad
1673 803 1797 829 omnium

1004 853 1087 884 caput
1102 853 1130 875 et
1146 849 1291 875 Dominum
1310 848 1442 874 vadentes
1463 856 1469 874 :
1484 853 1546 882 post
1564 849 1796 876 resurrectionem

1004 904 1080 929 vero,
1092 895 1256 923 etiamicum
1273 895 1341 930 ipsis
1352 895 1517 929 corporibus
1532 895 1683 922 evehentur

159 945 294 977 tissimus,
306 944 414 973 sonitus
430 945 531 973 festum
545 945 755 972 celebrantium.
772 944 807 971 Et
820 944 877 972 haec
891 944 952 980 qui-
968 933 990 963 Β
1040 941 1134 976 Papae!
1165 945 1268 976 quanta
1298 941 1399 976 gloria,
1428 945 1550 976 quantus
1578 941 1681 968 honor!
1700 942 1795 976 Papae!

157 991 221 1019 dem
233 997 268 1018 ex
283 991 415 1026 Epistolis
429 991 506 1018 Pauli
530 991 563 1018 ad
580 990 740 1018 Corinthios
752 995 779 1018 et
791 990 952 1025 Philippen-

158 1043 203 1063 ωε
215 1040 353 1063 constant.
370 1034 488 1063 Inferior
499 1040 592 1063 autem
610 1036 757 1068 incolatus,
769 1040 797 1063 et
812 1040 951 1071 tempora-

157 1087 238 1111 neus,
273 1084 302 1108 et
340 1080 451 1108 servilis
478 1085 531 1113 est,
568 1081 740 1108 tabernaculi
771 1081 865 1116 hujus,
896 1088 951 1115 quo

157 1125 305 1159 dissoluto,
318 1125 430 1153 domum
447 1126 530 1153 aliam
546 1127 573 1153 in
587 1128 696 1162 superis
710 1127 854 1158 habemus,
872 1127 952 1162 cujus

157 1170 310 1199 aediﬁcator
320 1172 466 1205 Dominus,
482 1173 562 1208 cujus
576 1172 669 1208 opifex
687 1173 759 1199 Deus
777 1174 796 1198 '.

194 1217 284 1245 Soluti
306 1217 392 1253 igitur
417 1219 593 1254 corporibus,
622 1222 783 1246 constanter
812 1218 952 1245 credimus

160 1263 311 1292 abductum
327 1270 378 1291 nos
397 1263 430 1290 iri
447 1264 480 1291 ad
496 1265 654 1296 Dominum,
671 1265 782 1299 quicum
795 1272 856 1291 esse
882 1272 951 1298 pra:-

159 1312 223 1337 stat.
234 1308 328 1343 Quare
341 1313 369 1336 et
380 1309 525 1337 amabilem
540 1309 612 1336 illam
624 1317 719 1336 vocem
732 1310 844 1342 emittit,
863 1309 952 1343 Cupio

161 1354 287 1389 dissolvi,
306 1359 335 1382 et
354 1355 420 1382 hinc
439 1355 555 1387 absolvi,
585 1359 615 1382 ut
637 1363 698 1382 eum
719 1355 829 1383 Christo
848 1355 949 1386 vivam,

164 1400 344 1435 quintum
358 1401 488 1429 desidero
508 1403 526 1412 "
540 1401 561 1428 ⁵.

203 1445 237 1473 Et
248 1446 373 1475 Salomon
395 1456 455 1480 rex,
479 1453 510 1475 ut
524 1447 621 1475 videns
643 1448 739 1483 (futuri
762 1446 905 1482 providus,
923 1453 952 1475 ut

163 1491 316 1528 prophetae,
338 1493 386 1529 qui
411 1493 539 1521 videntes
563 1493 739 1529 dicebantur)
765 1495 802 1521 ita
826 1494 924 1521 scribit
944 1502 951 1521 :

165 1547 175 1564 α
193 1538 335 1566 Justorum
352 1539 449 1566 animae
465 1540 492 1567 in
504 1547 586 1567 manu
600 1541 798 1575 omnipotentis
812 1540 860 1568 Dei
876 1544 952 1573 sunt,

157 1588 256 1612 etnon
275 1590 368 1621 tanget
390 1585 451 1613 illos
465 1590 633 1613 tormentum
651 1587 747 1613 mortis
761 1587 782 1613 ⁸.
801 1596 810 1612 ι
832 1586 952 1613 Joannes

158 1634 252 1659 autem
278 1631 475 1664 Damascenus,
495 1631 538 1658 vir
553 1631 786 1666 sapientissimus,
809 1640 873 1660 vere
893 1632 951 1667 ipsa

158 1678 258 1713 gratia,
270 1676 345 1713 quod
357 1678 418 1713 ejus
438 1685 539 1705 nomen
557 1681 639 1705 sonat
660 1686 667 1705 :
684 1687 692 1703 I
711 1678 824 1705 Animas
839 1677 951 1713 quidem

159 1724 269 1752 habetis
281 1723 419 1759 (inquitin
428 1723 538 1760 hymnis
548 1725 711 1760 martyrum)
728 1725 756 1752 in
772 1725 883 1752 civitate
895 1732 952 1752 σω·

159 1770 233 1803 testi,
249 1770 278 1798 in
292 1778 346 1805 qua
362 1769 530 1802 habitantes,
551 1777 613 1797 cum
630 1769 748 1797 Domino
773 1770 877 1802 vivitis,
901 1778 952 1805 pro

160 1824 216 1852 quo
238 1820 267 1844 et
283 1815 466 1844 occubuistis.
487 1826 496 1842 ι
512 1816 546 1843 Ει
560 1816 695 1851 plurimos
720 1816 790 1843 alios
810 1820 904 1848 testes,
924 1819 952 1843 et

160 1862 281 1899 majores
293 1861 366 1890 inter
382 1866 492 1889 sanctos
505 1862 588 1889 dictis
599 1863 668 1889 meis
680 1861 863 1897 astipulantes
880 1869 952 1897 pro-

160 1909 261 1936 ducam
287 1908 349 1940 tibi,
367 1906 541 1943 Gregorium,
560 1907 708 1941 Basiliutn,
726 1915 849 1935 summos
866 1908 951 1944 magi-

159 1957 251 1987 stros;
266 1951 429 1989 Gregorium
444 1953 609 1989 Nyssenum,
627 1953 764 1980 Andream
779 1952 950 1985 Cretensem,

159 2003 189 2027 et
213 1997 284 2026 illud
304 2004 420 2026 aureum
447 1997 628 2032 divinumque
655 1997 714 2025 Os:
744 2005 841 2026 omnes
869 1999 951 2026 simul

158 2042 339 2072 concorditer
350 2048 377 2071 et
393 2043 516 2070 unanimi
532 2050 684 2074 consensu,
698 2044 821 2071 omnium
842 2048 951 2071 sancto-

159 2096 224 2118 rum
248 2089 355 2117 animas
374 2089 403 2116 in
428 2089 498 2116 coelo
521 2096 584 2116 esse
605 2088 812 2116 conﬁrmantes.
838 2086 951 2123 Oportet

159 2135 235 2164 enim
256 2134 390 2162 mundum
410 2140 564 2168 supernum
585 2133 695 2169 impleri
716 2134 885 2161 omnimodis
911 2134 953 2170 (ut

160 2187 261 2216 magna
276 2179 323 2206 illa
344 2183 372 2206 et
391 2178 456 2214 vigil
476 2186 555 2205 mens
573 2178 722 2214 Gregorius
738 2179 845 2215 scribit)
866 2187 881 2207 e
897 2187 953 2214 quo

160 2227 292 2260 delapsus
312 2224 439 2256 Satanas,
465 2228 496 2251 ut
516 2223 609 2259 fulgur
621 2224 655 2251 de
678 2225 749 2252 ctelo
767 2231 828 2252 cum
847 2225 952 2261 angelis

1005 991 1138 1022 quantum
1160 987 1340 1022 mysterium!
1373 986 1461 1019 Quam
1489 987 1575 1014 multa
1606 987 1688 1020 dona,
1714 994 1796 1022 quam

1004 1034 1089 1061 multa
1104 1033 1249 1065 beneﬁcia,
1265 1033 1291 1060 in
1307 1033 1408 1067 quibus
1424 1040 1439 1060 a
1458 1033 1597 1067 principio
1611 1041 1674 1060 cum
1691 1032 1796 1061 Condi-

1005 1084 1064 1106 tore
1086 1078 1364 1110 communicavimus,
1386 1083 1414 1105 et
1425 1085 1486 1112 quae
1507 1085 1522 1104 a
1539 1077 1687 1105 Conditore
1710 1085 1797 1112 usque

1004 1126 1031 1152 in
1047 1126 1128 1152 linetn
1150 1130 1177 1152 et
1199 1125 1226 1151 in
1242 1124 1442 1159 sempiternum
1456 1123 1632 1151 obtinemus!
1646 1124 1687 1150 Tu
1703 1124 1796 1157 crede,

1003 1176 1031 1198 et
1044 1171 1125 1198 ﬁdem
1141 1170 1211 1198 habe
1227 1171 1286 1198 haec
1301 1170 1470 1202 dicentibus,
1487 1174 1517 1196 ut
1531 1177 1595 1196 vera
1609 1170 1643 1196 de
1657 1169 1796 1196 bonorum

1003 1217 1149 1244 animabus
1172 1216 1357 1244 sentientibus
1391 1222 1424 1242 ac
1456 1215 1634 1242 docentibus.
1663 1214 1743 1248 Quod
1773 1215 1797 1242 si

1003 1263 1086 1290 etiam
1109 1269 1278 1297 cognoscere
1303 1261 1391 1293 lubet,
1425 1260 1471 1287 ubi
1496 1265 1676 1295 peccatorum
1697 1260 1796 1288 animae

1003 1308 1191 1340 inveniantur,
1213 1312 1241 1335 et
1256 1313 1311 1342 (pio
1329 1307 1487 1339 deveniant,
1504 1306 1538 1334 de
1561 1306 1613 1333 hoc
1628 1314 1738 1341 quoque
1752 1307 1796 1334 di-

1002 1362 1073 1382 cam.
1100 1356 1129 1381 ln
1153 1359 1246 1389 partes
1261 1359 1342 1381 terrae
1361 1353 1471 1381 intimas
1491 1357 1519 1380 et
1536 1353 1627 1380 locum
1641 1353 1753 1386 abeunt,
1767 1353 1795 1380 in

1002 1405 1121 1428 mortetu
1140 1400 1347 1435 lcaliginosam.
1379 1398 1509 1431 Attende,
1538 1403 1566 1426 et
1603 1398 1792 1426 conditionem

1003 1447 1076 1474 illam
1104 1445 1185 1473 deﬂe.
1206 1445 1291 1472 David
1308 1444 1451 1479 psallendo
1477 1444 1580 1479 gratias
1605 1445 1662 1480 agit
1688 1445 1721 1477 κ,
1747 1445 1795 1480 qui

1002 1491 1131 1520 eduxerit
1147 1491 1181 1518 ab
1193 1491 1302 1518 inferno
1313 1490 1433 1517 animam
1449 1489 1548 1524 ipsius,
1564 1494 1594 1516 ut
1606 1490 1794 1525 omnipotens,

1002 1545 1054 1565 nec
1068 1537 1172 1568 siverit,
1187 1541 1217 1563 ut
1235 1536 1404 1568 misericors,
1417 1535 1524 1562 diutius
1535 1535 1709 1569 tyrannidem
1726 1536 1792 1570 pati.

1003 1583 1074 1617 Quin
1099 1587 1127 1610 et
1148 1581 1314 1610 Jobinferni
1341 1581 1401 1608 loca
1431 1581 1599 1608 lamentatur
1631 1581 1663 1613 “,
1694 1588 1796 1609 vocans

1005 1634 1105 1657 terram
1119 1628 1296 1656 tenebrarum
1315 1631 1342 1655 et
1357 1627 1491 1662 caliginis,
1513 1627 1559 1653 ubi
1575 1628 1674 1654 horror
1691 1627 1793 1661 sempi—

1004 1680 1100 1703 ternus
1113 1675 1251 1702 inhabitet
1266 1684 1272 1701 :
1290 1674 1337 1701 ubi
1359 1681 1410 1701 nee
1425 1673 1500 1700 videt
1512 1674 1669 1708 quisquam,
1688 1680 1738 1699 nec
1754 1673 1796 1698 vi-

1002 1722 1061 1749 deri
1080 1726 1180 1757 potest.
1202 1721 1249 1748 Est
1272 1721 1346 1748 enim
1366 1720 1444 1747 locus
1469 1719 1643 1751 tenebrosus,
1670 1723 1698 1745 et
1718 1718 1796 1745 vallis

1002 1768 1164 1803 caliginosa,
1181 1767 1261 1801 plena
1283 1766 1480 1800 lacrymarutn,
1497 1769 1525 1792 et
1546 1765 1684 1797 dolorum,
1703 1764 1798 1799 longe-

1002 1822 1055 1848 que
1071 1813 1297 1848 prol‘undissitna.
1310 1811 1371 1845 Quo
1384 1819 1446 1838 cum
1460 1810 1649 1838 descendisset
1663 1809 1711 1838 Dei
1728 1810 1797 1837 Ver-

1002 1860 1079 1892 bum,
1098 1859 1215 1889 animas,
1230 1862 1367 1893 quotquot
1389 1857 1457 1884 illud
1477 1856 1561 1883 etiam
1579 1855 1617 1882 ibi
1632 1855 1795 1889 adorabunt,

1002 1911 1030 1934 et
1045 1905 1177 1933 violentia
1200 1905 1311 1940 tyranni
1339 1902 1546 1936 detinebantur,
1564 1901 1670 1935 eduxit,
1694 1908 1721 1930 et
1738 1908 1796 1930 tro-

1002 1958 1091 1985 pzeum
1104 1949 1228 1977 victoria:
1241 1948 1340 1976 erexit.

1327 2005 1440 2035 CAPUT
1459 2005 1493 2034 X.

1003 2054 1041 2081 De
1054 2054 1245 2081 resurrectione
1264 2052 1400 2079 hominum
1421 2061 1544 2087 supremo
1564 2051 1612 2079 illo
1627 2051 1668 2078 dia
1684 2060 1693 2078 :
1710 2055 1733 2077 et
1747 2059 1794 2078 cu—

1033 2089 1152 2124 jusmodi
1165 2092 1221 2115 tum
1238 2088 1387 2119 beatorum,
1404 2091 1461 2114 tum
1479 2088 1668 2114 damnatorum
1683 2095 1796 2122 corpora

1039 2125 1129 2159 futura
1143 2124 1207 2151 sint.

1039 2180 1092 2208 Sed
1114 2180 1188 2215 quod
1209 2179 1333 2208 futurum
1350 2184 1392 2208 est
1411 2180 1488 2212 audi,
1511 2183 1539 2207 et
1560 2179 1754 2210 contremisce,
1770 2183 1799 2205 et

1004 2227 1135 2254 horresce
1146 2227 1178 2254 ad
1189 2227 1307 2255 alterum
1320 2226 1398 2255 illum
1415 2231 1626 2261 extremumque
1637 2226 1796 2256 adventum.

159 2272 232 2304 suis.
252 2271 370 2299 θοιηίηο
391 2275 460 2298 ῑθθῑθ
477 2271 498 2303 ⁸»
515 2271 656 2306 ProieClus
669 2275 723 2298 est.
740 2271 889 2306 Postquam
903 2279 951 2298 au-
967 2278 1035 2312 Det
1056 2274 1251 2301 universorum
1275 2281 1450 2301 communem
1471 2273 1713 2301 resurrectionem.
1733 2272 1798 2299 Inde

161 2324 218 2348 tem
227 2319 305 2346 locus
314 2317 359 2345 ille
376 2324 480 2345 vacuus
491 2317 621 2352 impletus
631 2317 725 2349 fuerit,
735 2318 950 2346 consummatio-

197 2376 210 2392 ⁸
226 2376 346 2412 Philipp.
359 2383 379 2408 t,
481 2375 499 2412 '_
520 2374 585 2412 _Sap.
600 2373 696 2412 t_tt,l_._
719 2373 729 2389 ⁸
749 2373 818 2402 Luc.
832 2382 861 2406 ι,
884 2374 928 2402 18.

1007 2375 1103 2403 Ioloss.
1119 2383 1140 2409 t,
1160 2375 1204 2402 18.

162 2412 188 2428 ¹⁰·
200 2408 356 2443 Psal.xiix,
374 2412 402 2439 4.
441 2411 462 2426 ⁵·
485 2409 550 2437 Job.
562 2408 646 2441 ωδ,
663 2408 712 2435 28.

1005 2319 1156 2354 prodibunt
1177 2319 1292 2355 singula:
1306 2320 1405 2347 animte
1426 2326 1488 2347 eum
1507 2326 1634 2354 corpore,
1658 2326 1719 2345 cum
1742 2325 1798 2352 quo

1259 2376 1270 2391 ⁸
1287 2376 1367 2403 Rom.
1383 2383 1443 2408 vnt,
1456 2374 1500 2402 29.
1558 2374 1568 2389 ⁹
1585 2372 1594 2399 l
1611 2372 1674 2400 Cor,
1688 2380 1735 2406 xv,
1750 2373 1796 2400 45.

903 2443 1044 2474 Scholia.

197 2496 206 2506 ‘
221 2495 366 2523 Terrenum
378 2499 466 2521 autem
483 2493 591 2520 domum
606 2492 743 2528 presenti:
768 2493 829 2528 vitta
846 2499 954 2528 cursum

161 2535 186 2558 et
203 2531 367 2561 institutum.
389 2527 592 2557 tabernaculum
606 2526 700 2563 corpus
716 2526 847 2562 appellat.
860 2526 889 2553 Si
903 2528 953 2562 igi-

161 2565 322 2601 ιιιν,ἰιιᾳηιίιἓ
336 2565 510 2601 ρτωεεηευῄα
522 2563 645 2601 ﬁniatur,
661 2571 671 2589 ‹
686 2563 792 2601 domum
805 2569 857 2601 non
872 2570 954 2601 manu

160 2597 402 2636 factam'ltalte'mua
415 2599 455 2635 (11
467 2597 534 2636 Cor.»
547 2606 576 2629 v,
594 2598 631 2633 1),
647 2607 656 2624 ›
672 2598 800 2625 εωιειιεηι
816 2597 954 2631 nimirum,

161 2634 257 2670 nempe
273 2640 301 2665 ut
316 2643 376 2663 cum
391 2636 495 2663 Christo
511 2634 603 2661 simus.

199 2666 354 2707 “Propter
376 2670 571 2707 perfectionem
591 2667 789 2707 dissolutionem
810 2666 953 2707 desiderat.

161 2705 222 2734 Non
243 2703 314 2733 enirn
334 2703 491 2741 simpliciter
513 2710 545 2731 ea:
561 2704 610 2730 hac
626 2705 679 2730 vita
702 2703 842 2741 discedere
854 2703 950 2728 bonum

160 2741 276 2768 dicimus
285 2749 294 2767 :
304 2742 349 2767 scd
361 2737 455 2767 bonam
469 2740 571 2775 faniam
579 2742 746 2775 consecutum
755 2737 896 2775 diuellere.

198 2775 384 2811 "'_Chrysost.
399 2771 486 2803 Adam
495 2774 628 2803 Christum
642 2772 827 2811 adumbrabat.
838 2771 951 2811 Namgi—

162 2814 208 2839 rut
218 2809 263 2838 ille
271 2807 381 2846 posteris
387 2811 454 2842 suis,
470 2816 623 2846 quanquam
638 2807 669 2846 de
682 2808 753 2846 ligno
760 2815 816 2846 non
826 2808 953 2846 comedis-

160 2851 231 2876 sent.
241 2842 324 2873 causa
339 2846 412 2873 exitii
423 2853 469 2880 per
476 2842 739 2880 csum'illuntinducti
754 2842 839 2880 [actus
850 2846 887 2869 est
896 2849 904 2868 :
914 2843 951 2869 ita

162 2885 187 2907 et
197 2880 317 2921 Christus
368 2889 396 2907 se
403 2878 859 2921 credentibus,quunqttamjustitiw
872 2885 953 2921 opera

161 2924 216 2945 non
229 2915 395 2949 habentibus,
417 2923 498 2943 causa
512 2914 626 2950 justitia:
645 2914 729 2949 factus
742 2917 791 2947 est,
808 2920 886 2948 quam
905 2920 952 2948 per

1002 2499 1106 2519 crucem
1122 2493 1243 2519 omnibus
1262 2492 1334 2519 nobis
1345 2492 1462 2519 donavit.

1040 2528 1082 2563 '_"‘
1097 2527 1241 2563 Cbrysost.
1254 2527 1313 2554 Non
1326 2529 1395 2562 quod
1417 2535 1447 2560 ea
1459 2526 1516 2554 sola
1532 2526 1644 2562 (anima)
1658 2527 1797 2555 salvetur:

1003 2561 1050 2589 sed
1065 2562 1105 2593 (ut
1120 2561 1199 2598 estin
1219 2561 1346 2597 confesso,
1362 2568 1386 2589 et
1405 2563 1447 2589 cui
1469 2561 1601 2598 refragari
1615 2571 1690 2589 nemo
1704 2565 1800 2598 potest)

1003 2599 1074 2632 quod
1096 2596 1201 2624 saluata
1222 2596 1323 2630 anima,
1344 2598 1424 2624 etiam
1443 2596 1584 2632 corpus‘in
1606 2596 1800 2625 resurrectione

1002 2631 1098 2659 salutis
1113 2633 1243 2667 particeps
1253 2633 1372 2667 futurum
1389 2634 1433 2660 sit.

1100 2667 1424 2704 Climacus._Quisapiunt
1433 2678 1491 2704 qua:
1501 2669 1548 2696 Dei
1556 2674 1631 2701 sunt,
1640 2669 1801 2703 emigrantet

1005 2701 1037 2728 ab
1057 2702 1096 2728 his
1109 2702 1184 2739 rebus
1209 2702 1326 2739 caducis,
1344 2701 1420 2738 parte
1432 2701 1474 2732 iui
1496 2712 1612 2739 superna
1641 2701 1773 2739 scandunt
1791 2711 1799 2729 :

1005 2738 1168 2774 contra,_qui
1182 2745 1222 2764 res
1234 2737 1324 2774 ﬂuxas
1333 2737 1357 2764 et
1367 2738 1470 2773 inferne
1482 2737 1593 2774 positas,
1606 2738 1680 2773 infra
1691 2737 1801 2774 deus)?

1006 2773 1083 2798 dunt.
1098 2772 1167 2799 Nam
1181 2773 1249 2808 quod
1263 2772 1417 2807 sejunctunt
1434 2772 1487 2807 est,
1504 2775 1607 2805 anima,
1624 2772 1745 2808 inquam,
1767 2772 1801 2798 de

1004 2811 1098 2834 cetera
1121 2808 1148 2834 in
1162 2808 1247 2835 medio
1265 2816 1317 2834 non
1334 2812 1422 2835 manet
1436 2817 1445 2836 :
1466 2810 1511 2843 qui
1528 2808 1657 2839 calcata,
1676 2807 1805 2841 inquam,

1004 2843 1124 2877 sapiunt,
1145 2843 1183 2869 ita
1201 2843 1228 2870 in
1248 2851 1363 2877 superna
1385 2843 1502 2876 evolant,
1521 2844 1587 2870 utin
1608 2847 1681 2877 terra
1703 2847 1801 2877 corpus

1004 2851 1124 2903 sartum,
1145 2851 1183 2869 ua
1201 2851 1228 2870 ιιι
1248 2851 1363 2877 superna
1385 2851 1502 2876 evotant,
1521 2851 1547 2870 ut
1561 2852 1587 2870 HI
1608 2851 1681 2869 terra
1703 2851 1801 2874 ευνριιι

1004 2885 1033 2903 re
1045 2877 1166 2912 inquam.
1190 2878 1242 2910 Qui
1264 2883 1352 2905 autem
1375 2883 1480 2906 terrena
1502 2883 1526 2905 et
1541 2876 1662 2905 carnalia
1676 2875 1802 2912 sapiunt,

1004 2917 1061 2946 post
1079 2918 1187 2940 mortem
1203 2915 1236 2940 (ul
1251 2914 1349 2949 inferos
1360 2913 1541 2941 devolvuntur.
