4036 6418
404 361 520 424 1⁸15

1644 348 1744 408 ΡΗ
1757 349 1856 409 lLl
1866 349 1989 411 PPI
2032 348 2435 411 SOLITARII

3573 353 3681 419 776

414 476 686 537 vixerant,
718 478 776 524 et
817 465 968 521 illinc
996 475 1237 524 rursum,
1278 459 1386 514 heu
1414 458 1426 512 !
1471 457 1539 512 ad
1589 457 1866 515 infernum
1908 475 1998 516 re-
2026 469 2072 524 Α
2103 460 2315 517 Adamo
2344 462 2523 532 primo
2551 471 2784 533 parente
2813 476 2987 534 usque
3029 462 3098 518 ad
3132 463 3322 528 linem,
3356 475 3412 522 et
3445 466 3677 538 inspice.

414 566 616 623 dibunt
648 566 688 615 ‘.

493 657 608 711 Hoc
641 654 821 722 magni
850 647 1070 703 Davidis
1094 645 1261 702 verba
1289 644 1489 701 ducent
1522 644 1647 714 quia
1676 652 1996 714 peccatores

416 749 484 804 ad
520 746 725 801 inferos
752 755 1075 796 reversuros
1099 740 1331 793 allirmat
1358 755 1373 804 ;
1401 737 1477 792 ait
1496 738 1653 791 enim
1692 754 1705 788 :
1736 753 1754 786 ι
1792 734 1998 789 Rever-

424 847 609 894 tentur
637 836 784 891 unde
813 834 1125 889 exiverunt.
1171 850 1189 883 ι
1242 830 1324 885 lbi
1362 830 1566 884 atrocia
1603 837 1658 883 et
1686 828 1809 898 plus
1830 840 1994 897 quam

422 930 632 987 atrocia
692 927 993 998 patientur,
1036 923 1324 987 dolebunt,
1386 928 1627 992 gement,
1696 918 2029 997 plorabunt-

414 1035 621 1085 amare,
650 1028 707 1074 et
735 1018 1015 1086 plangent,
1060 1023 1115 1069 et
1150 1012 1394 1078 ﬂebunt;
1447 1018 1826 1075 verumtamen
1881 1006 1997 1062 fru-

413 1124 529 1170 stra
553 1122 608 1167 et
639 1109 902 1165 inaniter.
954 1106 1103 1161 Nihil
1151 1104 1300 1160 enim
1348 1103 1659 1173 proficient,
1716 1101 1996 1157 incassum

413 1205 691 1275 lugentes.
713 1201 883 1255 Parce
908 1196 1043 1252 mihi
1072 1208 1224 1259 tunc,
1250 1195 1482 1250 Domine
1508 1212 1521 1248 :
1548 1194 1621 1249 ita
1647 1209 1809 1265 parce
1836 1192 1993 1259 mihi,

417 1296 651 1352 obsecro
680 1302 750 1347 te.
799 1289 953 1357 Quod
982 1288 1211 1359 paulum
1239 1287 1505 1359 ell‘ugisti,
1534 1287 1739 1342 iterum
1773 1299 1994 1350 cernes,

415 1401 473 1442 et
508 1385 738 1441 accedas
765 1394 923 1438 vetus
956 1390 1109 1435 tuum
1142 1377 1582 1443 tabernaculum,
1636 1377 1804 1447 proh!
1832 1390 1996 1446 quam

421 1476 694 1531 horribile
728 1472 1100 1544 quiddamlet
1128 1471 1283 1526 voles
1315 1470 1381 1524 ad
1412 1468 1639 1539 angelos
1666 1466 1989 1538 confugere,

414 1566 512 1623 sed
549 1566 618 1620 ab
647 1565 717 1619 iis
738 1564 1028 1633 repellere.
1052 1560 1305 1632 Aspicies
1348 1569 1536 1614 autem
1565 1557 1996 1613 abominandum

404 1669 471 1716 et
499 1659 746 1716 deforme
777 1656 1145 1721 domicilium,
1178 1662 1235 1709 et
1268 1653 1614 1723 impuritate,
1656 1660 1714 1707 et
1741 1650 1992 1716 maculis,

414 1761 474 1805 et
504 1749 773 1820 stigmatis
803 1748 1050 1818 plenum,
1090 1754 1149 1801 et
1173 1743 1522 1799 formidabile
1554 1743 1797 1809 intuens,
1831 1757 1992 1796 aver-

419 1849 539 1897 sata
575 1841 770 1911 fugies.
827 1838 934 1895 Sed
971 1836 1354 1891 minitantibus
1382 1834 1593 1905 angelis
1626 1848 1692 1888 ac
1739 1831 1994 1887 terrenti-

412 1932 544 1997 bus,
576 1942 631 1985 et
662 1929 729 1984 ad
760 1930 936 2000 ipsum
965 1928 1151 1997 flagris
1181 1936 1234 1981 te
1255 1925 1529 1980 violenter
1557 1923 1990 1994 impellentibus,

404 2036 733 2093 quanquam
771 2020 986 2085 nolens,
1022 2026 1178 2072 tuum
1216 2031 1419 2086 corpus
1472 2015 1671 2069 iterum
1715 2013 1993 2086 ingredie-

412 2114 516 2168 ris.
549 2116 617 2168 Et
662 2113 779 2168 haec
830 2110 1055 2183 quidem
1110 2107 1451 2179 bujusmodi.
1487 2106 1771 2162 Justorum
1807 2115 1991 2160 autem

415 2221 647 2275 corpora
675 2213 736 2258 ιιι
767 2203 1073 2274 margarita:
1097 2201 1363 2264 nitentes,
1408 2209 1468 2253 ut
1503 2199 1899 2263 carbunculus,
1931 2205 1992 2251 ut

416 2300 719 2369 lampades,
782 2307 843 2352 ut
897 2298 978 2351 sol
1023 2293 1513 2365 splendidissimus
1575 2291 1994 2362 pulchritudine

408 2388 628 2458 gloriae.
660 2387 816 2453 Quod
850 2385 895 2439 si
923 2385 1039 2440 haec
1065 2384 1318 2438 doctrina
1349 2383 1447 2437 tibi
1470 2382 1726 2453 ambigua
1749 2381 1990 2449 videtur,

407 2493 575 2550 agam
605 2475 945 2549 argumentis
995 2473 1291 2530 admodum
1320 2472 1723 2543 probabilibus.

487 2568 685 2622 Aulus.
723 2566 1021 2635 Cujusnam
1071 2564 1446 2635 argumentis?
1490 2572 1546 2618 et
1606 2562 1753 2618 unde
1786 2561 1994 2619 habes?

487 2657 655 2712 Cano.
684 2657 878 2714 Unde?
904 2673 969 2712 ex
1000 2655 1386 2720 sanctissimis,
1447 2662 1503 2709 et
1537 2653 1814 2726 plurimis,
1849 2668 1991 2723 quo-

412 2764 540 2805 rum
563 2750 775 2820 primus
800 2756 882 2803 est
910 2748 1186 2811 Ezechiel,
1217 2746 1357 2801 alter
1386 2746 1573 2812 Isaias,
1603 2745 1796 2800 tertius
1822 2743 1993 2799 David

411 2841 679 2913 inclytus,
710 2850 766 2897 et
813 2858 936 2897 cum
970 2857 1036 2896 eo
1072 2855 1266 2895 omnes
1317 2839 1412 2910 qui
1451 2848 1578 2894 ante
1623 2838 1903 2894 Christum
1939 2848 1997 2895 et

414 2943 547 3005 post
570 2950 697 2990 cum
732 2934 974 3006 insignes
1005 2934 1359 2989 exstiterunt.
1392 2931 1646 2986 Christus
1669 2940 1853 2986 autem
1877 2947 1995 2985 am-

414 3025 564 3097 plius
586 3026 685 3079 tibi
736 3025 900 3096 hujus
932 3024 1148 3095 qitmsiti
1209 3023 1372 3078 fidem
1427 3021 1577 3087 facit,
1610 3021 1704 3093 qui
1729 3030 1993 3092 tropaeum

420 3117 723 3173 maximum
755 3118 1023 3181 adversus
1051 3124 1286 3170 mortem
1318 3114 1609 3170 constituit
1640 3131 1654 3167 :
1680 3130 1879 3185 nempe
1909 3115 1997 3170 his

416 3225 542 3279 quae
582 3210 636 3264 in
671 3209 971 3279 Evangelio
1005 3207 1165 3260 dixit.
1200 3205 1429 3275 Magnus
1476 3214 1662 3259 autem
1697 3203 1902 3260 Paulus
1928 3203 1997 3260 de

418 3302 832 3357 resurrectione
858 3299 925 3353 ad
955 3298 1277 3353 Corinthios
1297 3296 1568 3362 scribens,
1592 3312 1815 3351 carnem
1846 3296 1997 3351 velut

421 3392 708 3463 ingloriam
736 3392 790 3446 in
825 3401 1027 3446 terram
1060 3390 1268 3459 lapsam
1308 3390 1579 3456 consumi,
1615 3399 1677 3444 ut
1700 3389 1997 3453 infirmam,

420 3491 485 3538 ut
511 3482 824 3546 animalem,
863 3490 1111 3536 testatur.
1152 3481 1386 3536 Condita
1420 3481 1566 3535 enim
1597 3480 1851 3551 sepulcro
1889 3494 1996 3546 pu-

422 3575 634 3641 trescit,
699 3584 755 3630 et
789 3573 1141 3636 dissolvitur,
1186 3581 1241 3628 et
1282 3573 1705 3644 corrumpitur:
1760 3573 1998 3643 resurgit

410 3678 606 3722 autem
645 3666 961 3736 incorrupta
991 3665 1045 3721 in
1070 3666 1291 3736 spiritu,
1316 3674 1372 3720 et
1406 3664 1601 3737 gloria,
1644 3664 1994 3732 immortalis,

412 3774 641 3828 semper
665 3759 877 3821 vivens,
928 3757 1088 3828 plena
1110 3757 1440 3828 gratiarum.
1497 3756 1774 3812 Continuo
1806 3756 1999 3829 hujus-

413 3849 571 3904 modi
617 3849 927 3917 exemplum
976 3848 1224 3919 apponit.
1262 3846 1733 3914 Quemadmodum
1767 3864 1997 3920 granum

420 3938 660 4009 primum
689 3939 914 4008 quidem
965 3937 1176 3992 nudum
1212 3937 1266 3991 in
1326 3949 1526 3993 terram
1562 3938 1711 3993 cadit
1745 3957 1758 3993 :
1806 3948 1999 4010 postea

417 4032 909 4102 computrelactum
952 4046 1063 4086 non
1120 4031 1332 4085 nudum
1363 4031 1496 4101 quid
1544 4032 1843 4100 germinat,
1899 4031 1996 4087 sed

422 4138 548 4176 cum
592 4122 859 4188 tunicula,
895 4133 949 4177 et
982 4121 1086 4175 alia
1115 4121 1277 4176 simul
1326 4121 1620 4189 calamum,
1651 4122 1873 4188 aristas,
1899 4138 1999 4194 ge-

425 4212 633 4276 nieula,
666 4212 818 4276 folia,
855 4222 913 4267 et
939 4208 1352 4267 multitudinem
1388 4213 1748 4283 compositam
1788 4228 1997 4284 grano-

424 4319 548 4359 rum
584 4303 651 4358 ad
682 4304 857 4357 visum
892 4306 1269 4374 speciosorum
1307 4306 1515 4376 profert
1546 4305 1585 4327 ⁴’⁵
1617 4307 1686 4361 ".

493 4394 761 4450 Similiter
791 4395 927 4449 mihi
978 4397 1156 4468 wgita
1200 4398 1269 4453 de
1313 4400 1723 4454 resurrectione
1755 4396 1823 4453 ab
1874 4398 1994 4469 ipso

496 4532 542 4563 ⁸³
564 4530 589 4584 l
612 4530 739 4586 Cor.
765 4548 852 4596 sv,
879 4532 949 4586 55
976 4546 1131 4602 seqq.
1216 4534 1260 4565 ³³
1284 4532 1481 4587 Matth.
1531 4549 1662 4596 ms,
1704 4533 1795 4588 50.

2098 564 2155 610 et
2183 554 2458 610 admirare
2481 555 2804 613 altissimam
2830 554 3255 626 providentiam.
3281 559 3526 628 Repente
3552 570 3684 615 tunc

2097 645 2280 700 omnis
2309 655 2566 701 creatura
2601 646 2929 700 mutabitur.
2961 646 3080 701 Non
3105 646 3256 701 enim
3292 655 3425 702 tunc
3454 665 3679 719 parvus,

2098 753 2200 794 nec
2231 753 2484 809 magnus,
2531 752 2634 792 nec
2666 738 2844 808 niger,
2896 752 2999 793 nec
3053 738 3239 801 albus.
3276 754 3380 794 nec
3428 740 3673 811 gracilis.

2098 845 2202 885 nec
2228 844 2417 884 crasso
2445 843 2699 900 corpore,
2739 844 2843 884 nec
2902 829 3080 896 rufus,
3114 846 3216 888 nec
3241 830 3436 899 flavus,
3470 848 3572 888 nec
3596 834 3681 887 ai-

2097 937 2196 993 gro
2227 922 2459 992 capillo;
2488 937 2600 976 non
2633 938 2861 988 curvus,
2889 939 3000 979 non
3030 923 3285 989 claudus,
3309 939 3420 979 non
3456 934 3675 994 turpem

2097 1014 2354 1069 allectum
2392 1014 2621 1080 habens,
2656 1029 2767 1069 non
2800 1014 3087 1080 deformis,
3138 1030 3252 1072 non
3276 1031 3477 1073 carens
3512 1032 3679 1072 manu

2096 1115 2193 1160 aut
2222 1106 2385 1177 pede,
2409 1116 2504 1161 aut
2528 1107 2868 1173 claudicans,
2892 1125 3003 1164 non
3020 1109 3311 1176 gibhosus,
3340 1125 3452 1165 non
3474 1125 3674 1177 caecus,

2098 1199 2456 1266 nonbalbus,
2492 1216 2606 1255 non
2656 1202 2902 1272 sapiens,
2935 1217 3048 1257 non
3076 1203 3302 1267 stultus,
3338 1219 3447 1258 non
3484 1219 3675 1267 senex,

2097 1308 2208 1348 non
2241 1292 2528 1362 puerulus,
2579 1307 2690 1347 non
2730 1307 2946 1359 servus,
2982 1309 3094 1349 non
3131 1294 3295 1359 liber,
3331 1311 3442 1349 non
3475 1295 3678 1351 barba-

2098 1399 2216 1446 rus,
2260 1397 2375 1438 non
2428 1382 2652 1454 Scytha.
2700 1383 2813 1439 Nec
2843 1386 2993 1440 enim
3036 1393 3095 1439 ut
3134 1387 3376 1441 moritur
3418 1386 3568 1456 quis,
3601 1386 3677 1440 ita

2096 1468 2263 1524 etiam
2298 1480 2553 1540 resurget
2588 1485 2604 1524 :
2646 1471 2745 1526 sed
2796 1474 2978 1542 qualis
3016 1476 3197 1545 primo
3227 1475 3486 1531 conditus
3510 1476 3693 1531 homo

2098 1559 2224 1625 fuit,
2256 1568 2312 1615 et
2333 1560 2513 1630 qualis
2540 1571 2659 1617 erat
2677 1571 2980 1634 antequam
3013 1565 3082 1621 de
3110 1566 3261 1637 ligno
3293 1569 3465 1623 vetito
3494 1582 3679 1623 come-

2098 1650 2257 1718 dens,
2305 1652 2624 1708 mandatum
2667 1656 3174 1726 transgrederetur.
3223 1658 3343 1713 Non
3391 1659 3541 1714 enim
3571 1659 3678 1714 hoc

2098 1757 2301 1813 corpus
2330 1753 2463 1800 tunc
2513 1746 2822 1801 crassitiem
2876 1747 3128 1816 habebit,
3151 1749 3247 1804 sed
3278 1750 3425 1804 idem
3453 1749 3676 1820 quidem

2061 1835 2208 1913 ierit
2234 1854 2247 1889 :
2278 1836 2570 1891 character
2617 1845 2674 1891 et
2714 1836 2941 1893 habitus
2984 1848 3171 1894 autem
3225 1839 3499 1894 diversus.
3555 1840 3675 1894 Non

2099 1926 2383 1997 generatio
2411 1926 2535 1995 (nec
2583 1929 2733 1981 enim
2777 1928 3025 1981 virorum
3078 1929 3482 1998 mulierumque
3508 1937 3677 1983 natu~

2102 2018 2238 2073 ralia
2284 2018 2351 2072 ad
2382 2018 2721 2083 mistionem,
2784 2017 2852 2073 ad
2885 2019 3317 2089 copulationem,
3347 2020 3670 2074 libidinem-

2099 2122 2209 2178 que
2261 2121 2559 2178 corporum
2611 2106 2922 2176 servient),
2981 2109 3077 2164 sed
3114 2109 3223 2164 erit
3287 2107 3434 2164 alius
3475 2118 3675 2176 status,

2100 2209 2266 2264 quem
2301 2193 2572 2250 Conditor
2609 2194 2763 2249 solus
2802 2196 2977 2262 novit,
3016 2212 3123 2251 non
3175 2198 3354 2252 solum
3395 2208 3455 2253 ut
3483 2208 3676 2255 osten-

2101 2303 2225 2343 sum
2259 2298 2365 2355 est,
2401 2289 2472 2344 ad
2518 2290 2794 2346 rationem
2832 2291 3268 2362 incorruptionis
3314 2311 3327 2347 :
3385 2292 3481 2349 sed
3510 2294 3675 2349 etiam

2100 2388 2256 2435 extra
2281 2396 2497 2436 omnem
2529 2398 2742 2449 curam,
2783 2391 2839 2438 et
2882 2385 3341 2453 sollicitudinem,
3377 2395 3434 2442 et
3491 2387 3675 2443 studia

2100 2469 2385 2525 mundana
2418 2483 2781 2544 conatusque.
2823 2472 3135 2530 Cessabunt
3167 2486 3290 2547 post
3319 2479 3679 2534 resurrectio-

2101 2578 2226 2617 nem
2254 2564 2493 2633 nuptiaa;
2526 2564 2741 2620 desinet
2763 2580 2917 2620 amor
2942 2567 3214 2633 carnalis;
3248 2569 3398 2624 nulla
3425 2569 3531 2624 erit
3554 2584 3673 2625 cor-

2101 2669 2299 2725 porum
2334 2670 2571 2710 venerea
2613 2657 2948 2726 conjunctio.
2989 2656 3109 2711 Non
3145 2658 3294 2714 enim
3341 2659 3574 2728 nubent,
3615 2671 3675 2715 ut

2101 2746 2355 2803 Christus
2388 2747 2465 2801 ait
2528 2747 2593 2813 ",
2651 2762 2753 2803 nec
2805 2748 3174 2815 adulteramli,
3224 2759 3319 2806 aut
3366 2751 3672 2808 fornicandi

2102 2835 2413 2894 sentiantur
2444 2836 2718 2906 impetus;
2763 2852 2873 2890 non
2908 2835 3139 2903 bellum,
3183 2854 3293 2893 non
3345 2838 3675 2910 irrUptiones

2102 2936 2159 2983 et
2184 2928 2366 2993 luctas,
2396 2927 2493 2983 sed
2531 2936 2727 2983 natura
2777 2928 3063 2985 hominum
3107 2929 3303 2986 similis
3342 2940 3552 2986 natura!
3580 2947 3675 2986 an-

2102 3021 2353 3091 gelorum
2385 3019 2570 3075 futura
2597 3026 2717 3088 est;
2761 3018 2910 3091 quod
2966 3031 3023 3077 et
3071 3021 3339 3077 Dominus
3382 3021 3672 3093 perspicue

2103 3111 2383 3182 docet,‘“.

2170 3204 2241 3261 Et
2269 3202 2474 3261 Paulus
2499 3206 2718 3274 scribit,
2740 3221 2837 3263 eos
2868 3205 2964 3277 qui
3004 3204 3408 3275 relinquentur,
3437 3204 3672 3260 necdum

2100 3309 2276 3355 morte
2309 3298 2481 3366 obita,
2506 3298 2854 3354 immutatum
2900 3298 2991 3364 iri,
3033 3312 3158 3353 cum
3193 3298 3247 3350 in
3282 3307 3582 3361 momento,
3620 3296 3672 3349 in

2099 3392 2210 3447 ictu
2243 3393 2388 3447 oculi
2420 3392 2598 3448 Judex
2627 3393 2824 3448 aderit.
2852 3388 3059 3447 Deinde
3101 3388 3392 3443 universos
3417 3403 3672 3443 resurre-

2099 3491 2288 3538 cturos
2314 3482 2376 3548 ιδ,
2397 3484 2564 3539 etiam
2596 3485 2947 3539 immutatos:
2978 3495 3169 3536 omnes
3188 3478 3458 3550 siquidem
3481 3478 3673 3534 eadem

2099 3584 2461 3632 crunttetate.
2498 3576 2699 3632 'Nudos
2748 3583 2956 3639 autem,
3009 3572 3542 3644 τετραχηλισμένους
3586 3586 3673 3625 re-

2099 3677 2473 3725 surrecturos.
2505 3668 2743 3730 Nudum,
2767 3677 2823 3723 et
2848 3665 3350 3738 τετραχηλισμένον
3376 3662 3445 3718 ab
3472 3662 3673 3719 ovibus

2102 3761 2331 3814 rationis
2370 3759 2715 3830 expertibus.
2742 3767 2799 3812 et
2821 3757 3109 3812 sacrificiis
3133 3755 3343 3811 dictum
3378 3764 3483 3822 est,
3516 3754 3671 3825 quasi

2099 3851 2271 3917 dicas,
2302 3852 2619 3920 resupinata
2658 3849 2797 3905 facie
2830 3848 3078 3904 omnium
3120 3849 3299 3904 oculis
3335 3847 3670 3919 expositum.

2097 3940 2234 3996 Nam
2265 3942 2552 4011 antiquius
2584 3941 2667 3997 lex
2712 3956 2747 3996 a
2791 3941 2937 3995 Mose
2976 3941 3086 3995 lata
3135 3939 3257 4001 fuit,
3310 3947 3371 3994 ut
3419 3938 3677 4010 hujusce-

2100 4031 2247 4088 modi
2279 4031 2476 4086 hostiis
2507 4032 2882 4088 sacriﬁcandis
2915 4031 3089 4102 pelles
3125 4031 3575 4094 detraherentur,
3613 4040 3674 4084 ut

2100 4123 2349 4180 membra
2382 4123 2629 4194 undique
2666 4123 2852 4178 rimari
2903 4124 3115 4190 liceret,
3148 4140 3217 4178 ne
3246 4123 3449 4178 alicubi
3483 4123 3670 4178 laesum

2100 4217 2407 4287 quippiam,
2440 4225 2534 4270 aut
2568 4231 2822 4273 mancum
2854 4217 3104 4272 subesset
3152 4234 3166 4271 :
3217 4214 3671 4285 quandoquidem

2104 4316 2233 4363 tunc
2254 4308 2417 4361 etiam
2443 4315 2554 4362 tota
2578 4322 2665 4363 res
2690 4307 2990 4362 nudabitur

2171 4396 2307 4453 Illud
2354 4406 2558 4465 autem,
2609 4416 2627 4449 ι
2684 4397 2888 4454 mortui
2946 4408 3232 4470 resurgent
3285 4397 3608 4468 incorrupti,
3642 4416 3663 4447 ι

1875 4533 1918 4565 ιδ
1957 4534 1979 4588 l
2006 4533 2135 4589 Cor.
2165 4546 2252 4595 xv,
2274 4535 2364 4589 52.

1891 4670 2168 4735 Scholia.

496 4803 522 4871 Ἀ
564 4795 829 4871 Isidorus.
875 4798 1009 4852 Cum
1035 4797 1142 4851 vita
1177 4810 1428 4871 praesens,
1451 4782 1558 4871 sive
1583 4792 1834 4871 saeculum
1858 4812 1993 4871 pau-
2026 4801 2073 4858 D
2101 4799 2176 4852 vis
2203 4813 2396 4871 omnes
2422 4807 2720 4868 peccatores
2752 4800 2809 4854 in
2851 4801 3089 4871 gehenna
3124 4802 3297 4871 erunt,
3324 4808 3443 4871 non
3491 4801 3665 4871 tamen

421 4868 578 4921 satim
602 4865 831 4937 deﬁciat,
856 4877 1058 4937 tempus
1094 4864 1488 4937 resurrectionis
1529 4864 1743 4932 propius
1774 4867 1991 4920 accedit.

421 4936 576 5001 Quod
611 4937 655 4988 si
682 4935 820 4989 Deus
847 4953 910 4990 ex
937 4934 1040 4989 non
1080 4944 1317 4989 exstante
1340 4934 1623 5005 producere
1660 4943 1826 5003 potest
1851 4950 1996 5005 quieo

419 5020 625 5074 cunque
652 5005 782 5070 uult,
812 5015 1010 5075 quanto
1044 5007 1217 5079 magis
1254 5001 1413 5079 egeo
1437 5001 1573 5069 quod
1611 5001 1800 5079 exstat,
1828 5001 1998 5076 potest

426 5073 681 5129 renovare
710 5073 950 5145 corpora,
980 5090 1094 5145 qua?
1117 5073 1235 5143 jam
1267 5073 1499 5145 fuerunt,
1528 5080 1578 5125 et
1604 5073 1657 5125 in
1685 5073 1884 5145 terram
1908 5080 1996 5129 're-

421 5145 675 5197 dierunt?
711 5142 846 5197 Fore
873 5142 1052 5197 autem
1078 5142 1536 5213 resurrectionem,
1565 5152 1615 5194 et
1645 5143 1819 5210 qualis
1856 5147 1998 5213 {utu-

424 5230 490 5266 ra
522 5216 682 5284 sit.pet
722 5217 1026 5284 mysterium
1048 5212 1203 5275 illud,
1225 5214 1715 5284 guwsemiuanlur,
1739 5216 1999 5267 manium-

424 5300 526 5354 que
571 5282 884 5353 plantarum
931 5293 1101 5336 motus
1139 5293 1187 5335 te
1220 5282 1414 5354 docebit
1461 5296 1479 5335 :
1521 5297 1637 5350 qua:
1678 5299 1795 5336 cum
1832 5284 1999 5338 hieme

424 5352 743 5417 moriantur,
773 5369 933 5407 verno
961 5362 1190 5421 tempore
1215 5352 1547 5406 reviviscunt.

498 5422 539 5444 “
576 5422 772 5493 Chrys.
814 5421 897 5493 Ne
921 5431 974 5473 tu
1004 5423 1223 5491 perinde
1250 5423 1305 5475 in
1340 5421 1720 5475 resurrectione
1744 5422 1866 5490 ﬁeri
1888 5425 1995 5477 exi-

421 5493 605 5556 stima,
636 5490 706 5544 ut’
721 5507 839 5544 cum
869 5490 1188 5559 frumentum
1221 5493 1434 5556 seritur,
1466 5497 1516 5542 et
1558 5493 1715 5561 spica:
1749 5509 1925 5546 onanes
1966 5507 1993 5544 e

426 5562 609 5630 granis
641 5570 946 5629 assurgunt,
997 5565 1286 5629 pra'sertim
1335 5576 1455 5613 cum
1488 5575 1582 5630 nec
1621 5562 1674 5614 in
1711 5563 1996 5615 seminibus

421 5628 494 5684 sit
523 5628 824 5700 wqualitas,
847 5630 938 5682 sed
974 5628 1082 5701 alia
1117 5632 1236 5684 aliis
1268 5632 1496 5701 potiora.
1539 5628 1689 5684 Unzle
1724 5632 1994 5701 discimus,

422 5697 733 5766 quanquam
770 5715 947 5753 omnes
979 5699 1099 5752 boni
1122 5702 1173 5753 in
1208 5697 1366 5770 regno
1398 5697 1646 5770 cwlorum
1671 5698 1836 5770 futuri
1866 5704 1994 5764 sint,

426 5782 537 5826 non
566 5777 741 5825 tamen
776 5786 951 5828 omnes
975 5772 1153 5826 iisdem
1177 5768 1383 5842 gaudiis
1405 5768 1679 5839 fruituros.
1707 5771 1773 5823 Et
1812 5786 1998 5823 mmm-

2098 4883 2277 4921 omnes
2298 4860 2479 4922 eadem
2499 4876 2760 4921 tormenta
2780 4860 3107 4924 sus'tinebunt
3128 4882 3145 4919 :
3169 4864 3260 4917 sed
3276 4863 3483 4927 utrique
3502 4860 3664 4911 multo

2099 4937 2422 5000 discrimine,
2453 4948 2500 4991 et
2532 4938 2614 4991 illi
2648 4936 2993 5003 (relabuntur,
3009 4945 3057 4990 et
3083 4937 3135 4989 lii
3158 4930 3554 5003 crucialguntur.

2171 5008 2236 5028 “'
2262 4999 2582 5076 GregOrius.
2612 5007 2755 5061 Tunc
2784 4999 3313 5078 pelliccamtunicam
3327 4999 3662 5078 deponemus.

2101 5092 2205 5145 qua
2244 5084 2358 5149 post
2373 5069 2877 5147 ‘transgression'em
2925 5093 2952 5131 e
2999 5072 3219 5149 pellibus
3243 5069 3517 5149 brutarum
3551 5071 3667 5149 anis

2103 5140 2363 5217 mentium
2401 5140 2643 5217 coape'rti
2672 5163 2875 5211 sumus,
2909 5155 2957 5199 et
2986 5140 3146 5197 simul
3164 5140 3349 5193 omnia
3395 5151 3512 5208 quae
3545 5148 3666 5191 sunt

2102 5215 2271 5269 bruta:
2304 5215 2452 5284 pellis
2474 5215 2525 5269 in
2554 5216 2721 5280 nobis,
2741 5228 3011 5284 exuemus.

2164 5278 2428 5340 Basilius.
2462 5285 2682 5360 Linguae
2709 5278 2901 5360 Vsieculi
2924 5278 3265 5360 lmjushetiam
3293 5284 3405 5360 post
3430 5292 3666 5360 resurre-

2094 5355 2318 5407 ctionem
2354 5347 2717 5423 exspectanda:
2738 5355 2882 5408 haud
2902 5347 3047 5407 sunt.
3075 5347 3479 5423 Sed‘sciendu-nt,
3497 5347 3672 5423 pitam

2097 5423 2417 5493 angelicam,
2445 5415 2583 5479 citra
2622 5422 2792 5479 ullam
2839 5428 3125 5494 egestatem
3168 5418 3436 5472 iuswculo
3488 5415 3667 5486 futurr

2094 5502 2269 5547 actum
2300 5495 2387 5548 iri.

2166 5562 2208 5616 Τ
2215 5564 2569 5619 hcodoretus.
2612 5562 2740 5618 Vide
2764 5562 2899 5632 quid
2928 5561 2996 5615 sit
3017 5556 3534 5632 τετραχηλισμένςιν.
3561 5555 3667 5609 Lex

2084 5632 2329 5699 jubebat,
2360 5650 2478 5702 quin
2506 5636 2560 5688 in
2598 5627 2921 5699 sacriﬁcium
2960 5627 3293 5702 oﬂerr'entur,
3345 5627 3577 5702 perfeda
3601 5635 3666 5702 _et

2091 5694 2298 5770 integra
2318 5694 2426 5755 esse
2446 5694 2807 5773 undequaque,
2833 5717 2936 5753 non
2954 5694 3080 5773 aure
3097 5694 3429 5773 mutilu,non
3448 5694 3662 5773 clauda,

2081 5764 2406 5848 .non't'itium
2439 5764 2655 5841 aliquod
2675 5764 2941 5826 habentia.
2970 5770 3221 5828 Alvslrahi
3256 5771 3411 5823 etiam
3440 5764 3681 5837 pellam.
