4036 6450
266 416 378 481 ΤΠ

1703 415 2054 475 DIOPTllA.

3424 421 3529 482 778

272 534 422 589 hunc
451 544 672 586 sensum
698 528 909 582 habet:
970 543 1079 582 non
1128 528 1236 582 erit
1281 526 1460 597 aliqua
1528 527 1848 584 substantiae
1881 544 1921 596 Α
1959 530 2198 587 Verbum
2250 530 2319 586 ad
2373 531 2601 596 inferos,
2658 533 2724 587 ab
2764 534 2855 593 illo
2918 533 3202 589 dominatu
3237 549 3431 590 omnes
3474 534 3532 591 in

269 624 508 682 carnalis
528 622 880 691 consumplio
921 620 1044 675 Sola
1066 619 1267 689 quippe
1296 634 1447 674 mors
1464 621 1850 675 mortalitatem

270 717 454 780 solvit,
485 724 785 770 ctnatura'
817 712 1087 783 pereundi
1152 712 1314 765 finem
1377 710 1560 776 adert,
1598 724 1653 767 et
1712 714 1851 767 mori

270 823 434 881 posse
469 806 634 871 tollit,
673 815 927 860 naturam
979 819 1087 857 non
1138 802 1300 857 tollit.
1348 802 1673 873 Quanquam
1700 806 1849 859 enim

272 916 473 970 corpus
505 898 807 960 evanescit,
842 892 1027 951 manet
1082 894 1464 957 nihilominus,
1526 904 1581 949 et
1623 896 1717 950 illo
1756 897 1850 951 die

271 991 464 1061 gloriae
488 990 714 1060 plenum
742 987 988 1058 resurgit
1015 989 1052 1041 '.

345 1080 738 1135 Verumtamen
765 1078 870 1132 hoc
896 1092 1006 1133 non
1037 1077 1105 1132 de
1134 1080 1398 1135 omnibus
1428 1081 1743 1137 hominibus
1770 1083 1851 1135 in-

274 1170 631 1241 telligendum
667 1178 770 1223 est.
804 1168 1157 1224 Resurrectio
1178 1171 1382 1240 quippe
1412 1173 1723 1226 communis
1767 1184 1851 1227 est

269 1263 539 1317 omnium.
571 1264 669 1316 Ast
700 1259 852 1330 quod
889 1260 957 1314 ad
1009 1260 1241 1330 gloriam
1298 1272 1355 1317 et
1397 1265 1848 1320 communicatio.

265 1368 395 1408 nem
424 1352 615 1422 gloria:
650 1352 869 1415 attinet,
903 1352 1095 1421 procul
1128 1350 1300 1407 dubio
1348 1355 1458 1408 nisi
1490 1369 1679 1410 eorum
1705 1358 1847 1418 erit,

267 1444 361 1513 qui
397 1444 451 1498 in
480 1443 703 1499 Christo
744 1443 913 1497 vitam
955 1451 1278 1514 exegerunt.
1309 1444 1445 1498 Nam
1503 1465 1520 1495 ι
1580 1446 1672 1515 qui
1706 1447 1846 1502 bona

269 1536 542 1597 fecerunt,
585 1535 640 1588 in
674 1534 838 1590 vitam
887 1546 1180 1605 resurgent
1212 1553 1225 1596 ;
1293 1536 1385 1606 qui
1428 1552 1560 1591 vero
1596 1538 1759 1601 mala,
1791 1539 1846 1592 in

267 1622 557 1693 judicium,
591 1641 611 1672 ι
647 1631 706 1677 ut
732 1623 1000 1692 scriptum
1029 1634 1113 1678 est
1145 1623 1209 1676 ι’.

865 1758 1090 1815 CAPUT
1147 1757 1238 1815 XI.

273 1867 476 1939 Ecquid
495 1868 733 1923 Christus
761 1868 1016 1941 descensu
1046 1869 1119 1922 ad
1146 1870 1354 1941 inferos
1393 1870 1491 1941 (8),
1517 1888 1695 1926 omnes
1725 1875 1844 1926 ani-

763 1954 877 1992 mas
919 1938 1044 1992 inde
1076 1938 1350 2010 eripuerit.

340 2075 533 2128 Astu.
563 2072 752 2128 Oratio
781 2081 876 2126 tua
899 2071 1036 2127 nihil
1068 2073 1435 2131 dubitationis
1462 2076 1651 2140 habet,
1678 2079 1844 2132 mihi-

265 2180 372 2234 que
395 2180 495 2234 per
517 2164 701 2218 omnia
740 2178 1090 2233 summopere
1118 2166 1315 2234 placet.
1364 2166 1633 2237 Equidem
1676 2169 1841 2223 credo

267 2255 387 2317 ista,
414 2265 471 2311 et
503 2255 664 2309 ﬁdem
700 2256 898 2314 habeo,
930 2266 1084 2309 extra
1121 2257 1223 2311 hoc
1252 2258 1453 2312 solum.
1480 2248 1661 2314 Audio
1685 2263 1834 2316 enim

266 2348 606 2418 Scripturam
660 2357 848 2418 aperte
895 2347 1195 2411 dicentem,
1260 2364 1386 2403 cum
1462 2350 1840 2407 descendisset

338 2492 382 2521 "
412 2490 573 2545 Joan.
628 2507 681 2552 v,
729 2488 820 2543 29.

1956 623 2269 678 libertatem
2297 624 2621 679 asseruisse.
2661 624 2741 678 Tu
2774 641 2909 680 vero
2937 626 3102 696 paulo
3131 635 3260 682 ante
3288 626 3528 682 docuisti

1956 722 2306 785 peccatorum
2340 714 2555 769 animas
2588 714 2641 768 in
2686 715 2920 770 Tartaro
2951 715 3220 781 detineri,
3273 730 3531 772 manere-

1953 823 2060 877 que
2095 805 2480 870 nihilominus,
2545 816 2605 861 ut
2659 817 2840 863 antea.
2899 807 2955 863 Si
3005 809 3152 862 enim
3202 808 3530 878 simpliciter

1954 905 2146 946 omnes
2174 906 2204 944 a
2230 904 2464 961 tyranno
2494 890 2819 955 vindicavit,
2883 908 2993 961 quo
3033 902 3195 962 pacto
3247 901 3303 947 tu
3333 901 3527 947 contra

1952 982 2215 1043 adirmas.
2256 983 2469 1038 animas
2536 983 2647 1038 illic
2694 985 2949 1050 retineri,
2996 997 3052 1042 et
3096 986 3209 1055 pali
3253 1002 3377 1056 quae
3430 1002 3528 1056 pa—

1955 1072 2166 1128 tiuntur
2228 1073 2322 1143 qui
2369 1089 2559 1145 poenas
2606 1076 2974 1144 persolvunt?
3006 1075 3136 1130 Mihi
3170 1075 3393 1146 quidem
3438 1091 3529 1130 sa-

1952 1163 2064 1218 cris
2090 1163 2316 1220 Litteris
2346 1181 2539 1235 parum
2586 1176 2985 1234 consentanea,
3014 1167 3385 1237 falsitatisqne
3411 1182 3531 1223 sus-

1954 1266 2109 1324 pecta
2132 1257 2336 1313 videris
2359 1258 2654 1315 disserere.

2028 1346 2194 1404 Cano.
2227 1350 2466 1405 Advorte
2496 1352 2762 1415 animum,
2810 1351 3058 1417 domina,
3089 1353 3192 1413 hoc
3236 1352 3525 1421 quaesitum

1956 1439 2052 1491 tibi
2082 1438 2398 1493 dissolvam.
2458 1440 2675 1495 Etenim
2722 1450 2778 1496 et
2810 1456 2937 1496 vera
2967 1441 3064 1497 tibi
3103 1443 3250 1508 dico,
3286 1450 3342 1495 et
3375 1442 3526 1496 Scri-

1953 1537 2126 1597 ptura:
2180 1530 2562 1600 congruentia.
2608 1532 2930 1603 Paradigma
2977 1548 3092 1587 rem
3150 1532 3523 1588 confirmabit.

1953 1620 2226 1674 Ponamus
2256 1621 2498 1690 aliquem
2542 1636 2665 1676 esse
2709 1623 3080 1678 facinorosum
3104 1633 3161 1678 et
3199 1623 3516 1695 fugitivum,

1952 1712 2247 1783 ingratum.
2305 1729 2527 1771 servum
2584 1717 2945 1771 vernaculum
2995 1717 3211 1772 Domini
3261 1732 3327 1771 ac
3363 1717 3528 1788 Regis

1953 1805 2061 1866 sui,
2095 1807 2188 1873 qui
2221 1823 2280 1862 se
2321 1808 2442 1864 loco
2495 1808 2891 1876 munitissimo,
2923 1816 3352 1881 expugnatuque
3383 1810 3528 1864 difli-

1878 1884 1921 1943 Β
1954 1897 2159 1953 cillimo
2194 1908 2411 1966 teneat;
2445 1916 2555 1970 quo
2587 1903 2642 1957 in
2669 1902 2791 1956 loco
2832 1901 3025 1957 urbem
3079 1901 3333 1964 aediﬁcet,
3361 1917 3528 1972 quam

1953 1987 2163 2042 crebris
2194 1998 2250 2045 et
2276 1991 2508 2045 excelsis
2557 1991 2805 2044 turribus
2859 1990 3220 2046 communiat.
3270 1992 3326 2044 In
3357 1990 3528 2061 hujus

1955 2078 2108 2133 urbis
2148 2080 2330 2135 medio
2381 2079 2607 2136 effodiat
2663 2082 2842 2136 lacum
2878 2082 3398 2153 profundissimam,
3431 2082 3529 2153 qui

1953 2170 2101 2240 ipsos
2141 2179 2300 2226 terrae
2336 2169 2475 2226 fines
2511 2186 2576 2226 ac
2606 2172 2870 2227 terminos
2918 2171 3061 2227 infra
3116 2174 3368 2243 attingat,
3432 2190 3529 2227 cu-

1950 2263 2038 2331 jus
2067 2264 2303 2318 latitudo
2334 2264 2614 2319 altitudini
2674 2265 3027 2335 respondeat,
3058 2266 3235 2320 lacum
3269 2265 3530 2321 tenebro~

1949 2370 2070 2408 sum
2109 2366 2163 2410 et
2195 2357 2522 2421 obscurum,
2559 2358 2739 2410 lacum
2774 2356 2986 2411 umbrae
3046 2359 3239 2411 mortis
3284 2377 3293 2408 ε
3328 2367 3383 2412 et
3410 2373 3531 2412 car-

1540 2608 1754 2667 Jacobi
1793 2607 2072 2671 Gretseri
2104 2618 2290 2667 no‘m.

344 2738 422 2809 {8)
452 2737 585 2809 Quae
607 2735 1094 2809 disputat‘auctor
1126 2734 1217 2809 hic
1243 2743 1299 2789 et
1323 2749 1596 2809 cap._s_eq.
1654 2734 1731 2809 de_
1754 2736 1851 2790 de-

267 2803 469 2867 scensu
490 2806 692 2863 Christi
713 2803 782 2859 ad
806 2803 1108 2865 infernum,
1135 2805 1241 2858 hoc
1268 2814 1372 2867 est,
1392 2803 1466 2858 ad
1497 2805 1676 2859 locum
1699 2806 1851 2859 dam-

277 2876 559 2937 natorum,
614 2876 788 2944 deque
842 2873 1133 2944 animabus
1196 2873 1326 2928 inde
1381 2875 1618 2939 eductis,
1686 2886 1851 2930 caute

276 2945 507 3017 legenda
539 2956 681 2999 sunt.
704 2943 829 3017 Nec
880 2943 1068 3017 refert,
1100 2944 1247 3017 quod
1283 2944 1652 3017 assertionem
1690 2960 1849 3017 suam

272 3013 562 3072 conﬁrmat
582 3013 906 3069 auctoritate
927 3013 1247 3068 Damasceni
1270 3031 1284 3079 ;
1311 3030 1435 3067 nam
1461 3014 1669 3067 librum
1693 3013 1847 3068 illum

269 3102 368 3144 seu
409 3086 712 3139 orationem
749 3083 817 3136 de
846 3081 1143 3144 defunctis,
1189 3098 1300 3137 non
1336 3099 1458 3139 esse
1507 3084 1850 3146 Damasceni,

269 3157 430 3212 facile
458 3155 682 3221 probari
718 3160 920 3221 potest,
953 3152 1134 3221 inquit
1159 3154 1457 3208 cardinalis
1487 3153 1852 3208 Bellarminus

269 3171 430 3212 tacite
497 3171 682 3209 rooan
718 3171 920 3221 poresr,
954 3171 1134 3221 inquit
1159 3171 1457 3208 carolnaus
1487 3171 1852 3208 ueuarmtnus

269 3229 367 3281 lib.
395 3241 431 3279 tt
458 3171 537 3277 ἳὶε
587 3222 916 3294 ρμτθαρτῐρ,
943 3235 1065 3290 cap.
1093 3223 1302 3294 8,quia
1333 3224 1385 3294 in
1403 3238 1471 3294 eo
1492 3223 1640 3294 libro
1660 3233 1852 3294 auctor

270 3312 376 3350 non
399 3291 738 3348 solum'dicit
757 3291 1052 3361 Traianum
1080 3300 1135 3344 et
1159 3291 1510 3346 Falconillam
1541 3293 1609 3346 ab
1632 3292 1849 3348 inferno

270 3368 656 3422 damnatorum
688 3363 756 3415 ad
796 3360 1028 3430 regnum
1062 3360 1333 3415 cmlorum
1367 3362 1717 3424 transivisse,
1752 3362 1847 3417 sed

266 3439 433 3490 etiam
474 3434 679 3487 multos
711 3430 850 3487 alios
883 3431 974 3497 qui
1012 3432 1067 3485 in
1108 3430 1385 3485 infernum
1420 3432 1848 3491 descenderant.

271 3504 401 3576 quia
436 3503 543 3557 title
583 3502 768 3576 divina
802 3511 1126 3576 caruerunt,
1157 3515 1188 3576 a
1221 3499 1444 3576 Christo
1469 3516 1767 3576 conversos
1791 3510 1850 3557 et

270 3569 528 3635 salvatos,
560 3570 781 3641 quando
813 3570 880 3623 ad
909 3569 1117 3624 inferos
1144 3570 1467 3641 descendit;
1502 3569 1651 3641 quod
1676 3579 1730 3625 et
1756 3586 1854 3639 per

270 3661 327 3699 se
367 3640 664 3698 erroneum
699 3648 785 3695 est
816 3647 873 3694 et
920 3640 1264 3694 contrarium
1303 3640 1492 3694 verbis
1530 3640 1853 3695 Damasccni

270 3715 365 3769 lib.
397 3730 437 3767 ιι
477 3712 554 3765 De
575 3711 702 3779 ﬁde,
737 3710 950 3779 cap..t.
989 3708 1082 3779 ubi
1117 3709 1253 3763 dicit
1282 3709 1614 3779 hominibus
1647 3709 1699 3764 id
1731 3724 1853 3766 esse

272 3793 507 3839 mortem
538 3778 685 3850 quod
725 3778 829 3850 fuit
862 3778 1076 3850 angelis
1101 3794 1281 3850 casus.
1310 3778 1435 3833 Haec
1467 3778 1850 3850 B¢llarminus.

268 3854 326 3909 S.
349 3847 695 3918 Augustinus
720 3848 816 3905 lib.
843 3849 920 3903 De
947 3847 1226 3914 llwresib.,
1251 3863 1372 3918 cap.
1402 3849 1490 3915 79,
1515 3849 1659 3904 inter
1681 3850 1855 3905 haere-

268 3939 357 3979 ses
395 3922 567 3976 refert
613 3919 783 3989 quod,
824 3918 1198 3989 descendente
1251 3917 1331 3989 ad
1352 3918 1564 3989 inferos
1596 3920 1845 3983 Christo,

266 3993 612 4048 crediderint
632 3986 918 4044 increduli
940 3996 999 4043 et
1014 3986 1218 4043 fuerint
1234 3988 1476 4059 liberati.
1499 3988 1571 4059 Et
1586 4001 1854 4059 repugnat

165 4088 176 4098 -
270 4064 323 4117 id
363 4061 663 4118 ordinariae
695 4060 790 4113 Dei
829 4060 933 4128 legi
968 4059 1257 4128 explicare
1318 4058 1375 4113 in
1411 4058 1522 4113 illis
1555 4058 1853 4128 Scriptura:

267 4134 425 4197 locis,
462 4133 481 4185 l
517 4128 771 4185 Corinth.
817 4145 848 4181 ν
886 4125 913 4181 Ξ
947 4125 1139 4183 Omnes
1180 4129 1318 4182 enim
1360 4144 1454 4181 nos
1506 4125 1845 4197 manifestari

264 4212 472 4271 oportet
507 4208 633 4254 ante
665 4197 903 4252 tribunal
929 4197 1145 4271 Christi,
1177 4207 1233 4271 ut
1264 4197 1463 4271 referat
1494 4199 1852 4271 unusquisque

267 4267 487 4343 propria
514 4271 749 4343 corporis
773 4277 928 4343 prout
972 4268 1151 4343 gessit,
1183 4269 1308 4343 sive
1336 4267 1559 4343 bonum,
1585 4269 1696 4320 sive
1732 4284 1851 4343 ma-

267 4336 416 4405 lum;
447 4351 503 4395 et
527 4336 703 4395 Galat.
736 4336 820 4393 vi:
851 4336 980 4403 Quae
1014 4339 1153 4391 enim
1179 4339 1512 4393 seminaverit
1540 4340 1714 4401 homo,
1744 4341 1854 4390 hate

266 4421 317 4466 et
365 4420 567 4475 metet;
622 4418 678 4463 et
714 4407 894 4478 infra:
940 4409 1081 4474 Ergo
1139 4408 1268 4460 dum
1313 4417 1531 4478 tempus
1581 4407 1852 4478 habemus,

267 4497 550 4551 operemur
575 4483 791 4551 bonum.
815 4477 916 4551 _Ex_
934 4478 1138 4551 quibus
1163 4486 1221 4532 et
1254 4477 1382 4531 aliis
1404 4476 1687 4532 similibus
1713 4476 1852 4529 locis

265 4547 511 4610 constat.
547 4564 654 4605 non
676 4548 783 4602 nisi
814 4548 870 4601 in
903 4547 1007 4601 hac
1040 4547 1153 4616 vita
1184 4561 1307 4602 esse
1344 4557 1566 4616 tempus
1621 4560 1851 4616 compa-

266 4622 427 4676 randi
465 4622 722 4675 salutem.
753 4619 933 4686 Atque
973 4615 1169 4671 eadem
1201 4625 1290 4687 est
1323 4617 1466 4687 ratio
1490 4617 1573 4687 de
1606 4615 1853 4687 parvulis

266 4690 547 4745 damnatis
564 4690 799 4758 quicum
820 4688 938 4758 solo
954 4694 1178 4758 peccato
1194 4686 1848 4758 originalidecesserunt.

270 4762 399 4815 lliec
430 4754 732 4829 Gregorius
764 4756 835 4811 de
870 4754 1117 4829 Valentia
1152 4754 1406 4829 tom_._'IV,
1440 4756 1584 4829 disp.
1619 4756 1676 4818 ‘2,
1706 4771 1763 4829 q.
1794 4756 1848 4818 It,

268 4847 325 4899 p.
358 4833 412 4885 5.
451 4830 527 4883 De
549 4825 757 4899 quare
784 4826 1208 4899 copiose_eti_a_m
1245 4825 1492 4899 disputat
1526 4825 1851 4899 lf'ranciscus

267 4892 475 4954 Suarez
494 4892 627 4952 tum.
655 4898 720 4955 II,
748 4898 803 4949 in
823 4892 898 4949 οὐι
935 4911 990 4963 p.
1020 4892 1350 4964 S.fl‘liom;e,_
1367 4895 1505 4964 disp.
1526 4897 1616 4962 45,
1637 4902 1773 4949 sect.
1794 4894 1848 4947 5.

269 4971 480 5024 Locum
515 4968 667 5021 illum
705 4968 722 5020 l
755 4968 902 5020 l’ctr.
937 4962 995 5016 in
1037 4979 1051 5016 :
1081 4962 1145 5017 In
1170 4981 1273 5034 quo
1301 4966 1401 5028 his,
1435 4962 1525 5036 qui
1552 4967 1605 5020 in
1636 4979 1855 5019 carcere

266 5050 447 5103 erant,
489 5037 757 5105 spiritibus
821 5035 1402 5105 veniensprwdicavit,
1454 5044 1589 5097 etc.,
1635 5051 1701 5089 ex
1745 5048 1856 5105 quo

266 5109 498 5163 errandi
519 5103 741 5161 occasio
767 5113 986 5173 sumpta
1012 5103 1256 5168 videtur,
1289 5103 1409 5158 fuse
1433 5113 1492 5158 et
1517 5114 1663 5160 recte
1684 5103 1857 5171 expli-

262 5190 357 5233 cat
408 5178 772 5233 Bellarminus
824 5172 919 5228 lib.
956 5188 1007 5225 tv
1044 5172 1117 5227 De
1172 5173 1398 5241 Christo,
1456 5190 1579 5244 cap.
1637 5175 1744 5237 13;
1800 5180 1856 5226 et

269 5248 533 5303 Pcrcrius
555 5249 607 5300 in
630 5246 891 5302 Genesim.

2021 2737 2132 2791 Nec
2170 2736 2605 2805 iprmtercundus
2658 2735 2745 2805 ille
2792 2734 3026 2805 Dioptra:
3067 2750 3225 2789 error
3284 2751 3403 2805 cap.
3437 2738 3526 2805 Η,

1952 2821 2123 2874 prope
2156 2802 2341 2867 ﬁnem,
2380 2805 2435 2858 in
2469 2804 2553 2859 his
2576 2803 2796 2859 verbis:
2827 2802 3071 2872 Si'igitur
3097 2807 3308 2859 animas
3352 2802 3530 2862 adhuc

1948 2878 2006 2930 in
2069 2876 2277 2945 inferno
2335 2889 2553 2929 manere
2614 2874 2767 2928 audis
2796 2913 2810 2935 ,
2875 2875 3004 2945 scito
3052 2876 3357 2944 neutiquam
3416 2885 3521 2930 tor-

1952 2956 2129 3000 menta
2162 2946 2443 3007 sustinere,
2470 2954 2525 2999 ut
2580 2946 2746 3012 prius,
2792 2960 2887 2996 nec
2921 2944 3082 2997 etiam
3115 2945 3336 2999 vinculis
3365 2950 3532 3001 teneri

1951 3016 2164 3085 ferreis,
2225 3026 2402 3085 utpote
2455 3033 2487 3069 a
2520 3014 3176 3085 tyrannideuvindicatas.
3222 3015 3372 3069 Nihil
3425 3019 3529 3071 mi-

1952 3083 2110 3150 nus;
2167 3083 2298 3154 quia
2348 3084 2404 3138 in
2452 3083 2679 3155 inferno
2738 3083 2883 3155 nulla
2918 3092 3001 3155 est
3060 3085 3528 3155 aut‘redemptio,

1951 3166 2056 3235 aut
2088 3152 2370 3235 remissio;
2404 3163 2462 3208 et
2486 3153 3102 3235 singulisdamnatione
3131 3152 3330 3223 dignis,
3359 3152 3528 3235 etiam

1951 3227 2006 3279 in
2043 3226 2178 3280 hora
2206 3225 2404 3278 mortis
2423 3222 2698 3278 accipitur
2729 3223 2890 3277 triste
2918 3222 3050 3277 illud
3084 3222 3346 3280 carmen:
3377 3225 3453 3279 Ite
3473 3228 3531 3280 in

1949 3293 2634 3365 iguammernunyQuat-e
2658 3293 2754 3365 qui
2780 3292 2982 3365 inferni
3015 3295 3304 3350 tormentis
3325 3295 3527 3365 addicti

1949 3362 2171 3419 fuerant
2204 3372 2334 3419 ante
2387 3363 2592 3417 Christi
2622 3362 2688 3416 ad
2714 3362 2921 3417 inferos
2943 3362 3296 3427 descensum,
3333 3364 3530 3421 iisdem

1949 3435 2134 3512 adhuc
2167 3434 2372 3488 addicti
2402 3443 2626 3512 manent
2649 3433 3144 3512 manebuntqnenin
3179 3446 3530 3512 perpetuum.

1956 3504 2031 3559 Ea
2059 3506 2127 3559 de
2151 3520 2315 3558 causa
2340 3504 2526 3573 negari
2553 3518 2662 3557 non
2687 3510 2871 3571 potest
2893 3501 3037 3573 quin
3053 3501 3532 3569 Dioptra'nimiutn

1957 3589 1986 3628 a
2031 3590 2162 3629 vero
2207 3575 2390 3634 abeat.
2419 3571 2703 3626 'asserens
2748 3587 2875 3627 cum
2930 3571 3124 3627 (ictitio
3172 3573 3532 3634 Damasceno.

1957 3643 2223 3713 quosdam
2252 3644 2472 3713 penitus
2499 3657 2566 3695 ex
2590 3640 2806 3713 inferno
2832 3640 3096 3713 liberatos
3120 3652 3348 3713 propter
3371 3643 3533 3699 ﬁdem

1957 3709 2010 3767 in
2027 3709 2332 3778 Christum,
2358 3726 2520 3782 quam
2547 3719 2678 3782 tunc
2703 3712 2962 3782 primum,
2986 3709 3211 3766 Christo
3224 3709 3302 3769 'ad
3326 3715 3535 3769 inferos

1955 3784 2342 3845 descendente,
2376 3781 2560 3850 adepti
2588 3782 2699 3835 sint
2722 3798 2737 3844 ;
2766 3781 2889 3834 illos
2913 3795 3065 3844 vero,
3093 3782 3187 3850 qui
3215 3798 3323 3836 non
3348 3786 3535 3839 credi-

1956 3852 2191 3916 derunt,
2239 3855 2343 3907 hoc
2395 3852 2588 3906 saltem
2642 3850 2998 3904 relaxationis
3054 3863 3421 3917 consecutos,
3472 3866 3536 3909 ut

1955 3937 2114 3992 pugna
2137 3937 2310 3993 usque
2335 3921 2402 3976 ad
2421 3931 2725 3993 extremum
2745 3919 2889 3993 diem
2918 3919 3117 3993 iudicii
3145 3920 3312 3976 dilata
3343 3921 3532 3978 fuerit.

1953 3989 2100 4047 Nihil
2128 3989 2321 4048 horum
2352 4007 2480 4047 cum
2509 3990 2830 4044 orthodoxis
2857 3989 3208 4059 dogmatibus
3239 4002 3529 4047 consonat.

1954 4063 2180 4118 Veniam
2209 4069 2663 4132 tamenmeretur
2686 4059 2911 4128 Dioptra
2936 4058 3008 4113 ου
3037 4060 3137 4113 hos
3162 4074 3366 4132 naevos,
3390 4077 3535 4132 quos

1954 4143 2048 4188 aut
2079 4133 2291 4188 incuria
2321 4130 2485 4193 ludit,
2514 4139 2609 4184 aut
2634 4130 2871 4184 humana
2908 4144 3101 4198 parum
3132 4131 3279 4184 cavit
3308 4130 3527 4195 natura,

1956 4203 2260 4271 praesertim
2310 4216 2434 4256 cum
2487 4200 3041 4271 Damascenumiscse
3087 4200 3295 4270 putarit
3340 4202 3528 4271 sequi,

1955 4270 2112 4342 cujus
2162 4286 2272 4324 non
2324 4280 2409 4342 est
2446 4270 2642 4342 exigua
2687 4270 3325 4342 auctoritas,_cumque
3363 4270 3529 4326 etiam

1955 4338 2712 4423 ἐςΕῙθδςιιιίιιιξΙῚδῑίειηῑρηιιε
2732 4348 2873 4394 orat.
2901 4339 2925 4391 l
2946 4340 3006 4423 in
3029 4338 3260 4423 Pascha,
3283 4342 3532 4423 agensde

1952 4408 2155 4467 Christi
2200 4411 2266 4464 ad
2300 4411 2507 4466 inferos
2554 4409 2847 4481 descensu,
2880 4408 2983 4463 sub
3016 4409 3187 4464 dubio
3220 4408 3531 4481 reliquerit,

1957 4490 2140 4536 utrum
2154 4481 2409 4536 Christus
2421 4494 2616 4534 omnes
2639 4479 2757 4534 sine
2775 4480 2885 4534 ulla
2909 4481 3236 4549 exceptione
3258 4479 3530 4537 descensu

1955 4566 2056 4605 suo
2076 4552 2255 4606 salvos
2278 4550 2492 4612 fecerit,
2520 4564 2589 4603 an
2607 4562 2703 4604 eos
2726 4549 2993 4603 duntaxat
3017 4550 3112 4618 qui
3139 4552 3529 4616 crediderunt;

1955 4621 2229 4690 quamvis,
2256 4633 2317 4674 ut
2351 4629 2504 4674 notat
2529 4620 2755 4682 Snarez,
2786 4618 3165 4690 Nazianzenus
3194 4636 3301 4674 non
3339 4621 3529 4675 videa-

1958 4688 2048 4745 t'ur
2078 4692 2364 4761 scripsisse
2391 4691 2481 4744 illa
2508 4690 2672 4743 verba
2696 4688 2851 4761 quod
2872 4690 3203 4761 de‘veritate
3226 4691 3528 4761 dubitaret.

1957 4761 2053 4816 sed
2089 4756 2263 4816 solum
2306 4771 2364 4815 ut
2395 4769 2729 4828 proponeret
2761 4756 2892 4828 quid
2929 4757 2996 4811 de
3042 4758 3142 4812 hac
3173 4761 3407 4812 veritate
3443 4759 3531 4812 in-

1958 4833 2181 4899 quirere
2208 4848 2271 4884 ac
2313 4832 2456 4899 scire
2481 4827 2751 4899 oporteat.
2781 4827 2961 4880 Locus
2989 4828 3213 4899 quidam
3253 4828 3310 4882 S.
3342 4828 3530 4899 Augu-

1887 4884 1929 4938 Ῐ)
1959 4884 2285 4976 s'tiniepist.
2342 4898 2434 4960 99,
2476 4884 2547 4950 ait
2584 4896 2863 4976 Evodiunt,
2901 4884 3292 4976 perobscurus,
3328 4884 3534 4976 Graecis

1959 4971 2080 5025 istis
2102 4966 2263 5024 nutus
2288 4985 2410 5024 esse
2439 4982 2548 5021 non
2581 4969 2782 5034 potuit.
2811 4966 2915 5036 Qui
2945 4975 3125 5021 tamen
3154 4977 3304 5023 recte
3331 4968 3533 5036 accipi.

1957 5049 2045 5093 tur
2076 5041 2143 5093 de
2175 5039 2501 5093 liberatione
2528 5052 2595 5091 ex
2632 5035 2978 5106 Purgatorio,
3016 5046 3076 5091 ut
3115 5049 3300 5092 monet
3326 5035 3533 5092 Suarez

1954 5110 2075 5233 loci
2092 5110 2187 5165 cit.
2238 5120 2293 5163 et
2333 5109 2497 5178 Grcg.
2530 5107 2596 5160 dc
2646 5105 2765 5161 Val.
2802 5116 2936 5159 tom.
2970 5105 3060 5170 1V,
3102 5106 3245 5177 disp.
3281 5109 3369 5171 ll,
3401 5123 3454 5177 q.
3490 5122 3530 5171 ι,

1954 5195 2005 5233 n.
2081 5218 2095 5230 .

1951 5195 2005 5250 p.
2042 5195 2095 5233 ξ).

1754 5358 2029 5421 Schoha.

266 5495 317 5539 et
349 5484 394 5537 si
422 5480 548 5552 quid
571 5480 881 5552 reperiretur
914 5476 1175 5552 ηιαεᾳιαῑἈ
1200 5479 1616 5552 autdenigratio
1666 5481 1848 5549 aliqua

267 5575 298 5609 a
333 5549 492 5624 parte
546 5551 797 5622 quapiam
848 5551 1104 5618 corporis,
1143 5549 1252 5601 Deo
1287 5549 1512 5602 hostiam
1546 5551 1696 5605 illaut
1749 5570 1850 5606 non

267 5624 587 5691 sacriﬁcari.

342 5700 360 5716 '
411 5688 682 5759 'Diﬂ'erunt
738 5690 846 5742 ha'c
902 5688 1069 5759 tria:
1111 5689 1304 5757 φθορὰ,
1359 5688 1650 5757 διαφθορὰ,
1689 5708 1858 5743 κατα-

267 5765 473 5834 φθυρὰ.
508 5762 719 5814 Etenim
752 5758 926 5834 φθορά
947 5758 1211 5834 interitus,
1238 5767 1313 5811 est
1345 5761 1537 5834 animle
1566 5777 1617 5834 Διι
1643 5776 1860 5826 corpore

268 5829 565 5899 g'epnratio,
601 5839 648 5882 et
681 5829 908 5893 corporis
952 5830 1094 5895 quies
1134 5837 1290 5896 atque
1326 5830 1390 5880 ab
1432 5830 1574 5881 onmi
1632 5835 1860 5883 motione

603 5922 873 5982 Punon.
915 5923 1031 5979 Gn.
1078 5920 1359 5978 CXXVII.

1952 5483 2196 5542 cessatio.
2211 5497 2370 5552 quam
2383 5489 2431 5534 et
2448 5481 3050 5536 immaculatumChristi
3060 5499 3247 5552 corpus
3265 5489 3529 5542 sustinuit.

1956 5555 2242 5624 Διαφθορὰ
2275 5553 2566 5624 corruptio,
2618 5560 2693 5605 est
2740 5552 3077 5624 putrefactio,
3118 5566 3167 5624 et
3209 5558 3375 5618 pastio
3413 5558 3531 5624 ipsa

1955 5620 2210 5676 vermium
2238 5663 2254 5687 ,
2306 5638 2467 5694 quam
2521 5620 3072 5694 immaculatissimum
3112 5623 3304 5677 Christi
3344 5620 3530 5694 corpus

1960 5695 2193 5745 nescivit.
2230 5693 2590 5759 Καταφοορὰ,
2644 5692 2919 5758 pernicies,
2962 5700 3036 5744 est
3074 5692 3441 5745 consummata
3481 5704 3531 5747 et

1961 5763 2191 5830 perfecta
2229 5761 2471 5829 perditio,
2497 5764 2602 5814 sive
2629 5761 2867 5814 exitium.
2894 5761 3007 5823 Quo
3035 5777 3189 5814 sensu
3230 5762 3428 5815 dictum
3454 5772 3531 5817 est

1963 5832 2093 5883 illud
2117 5847 2133 5883 :
2161 5851 2177 5883 ‹
2210 5833 2455 5899 Disperiit
2490 5832 2708 5900 populus
2734 5832 2830 5883 istc
2849 5840 3065 5899 propter
3084 5839 3373 5898 peccatum.
3413 5852 3430 5884 ι

3139 5920 3214 5981 25
