4036 6416
468 344 583 409 ’Π9

1716 333 1813 392 PII
1830 332 2057 392 ILIPPl
2092 330 2411 390 SOLITAR
2424 329 2479 390 ῘῙ

3632 322 3743 386 780

478 472 637 515 ceres
664 455 719 510 in
753 467 819 509 eo
846 459 1131 523 angustos,
1168 445 1680 519 caliginosissimos,
1718 454 1772 499 et
1807 445 1873 499 ad
1923 460 2054 499 cru-
2092 456 2130 506 Α
2163 453 2482 514 potuerunt,
2513 458 2636 497 cum
2677 457 2786 497 non
2815 450 2963 497 esset
2994 449 3181 495 custos
3210 439 3470 504 carceris,
3496 453 3603 493 non
3639 455 3743 508 pn.

480 553 682 605 ciatum
731 543 1062 616 aptissimos.
1118 540 1196 594 Ad
1240 541 1355 593 haec
1402 537 1563 592 aliam
1616 534 2055 590 malevolentiam

482 639 785 697 considera.
854 637 1147 704 Postquam
1197 632 1386 686 infelix
1429 640 1695 702 tyrannus
1724 629 1928 684 bestias
1962 642 2058 683 ve-

484 742 730 795 nenatas,
770 740 825 785 et
888 729 1097 791 leones,
1131 734 1188 779 et
1250 726 1540 785 dracones.
1602 723 1722 776 visu
1773 721 2056 775 deformes

483 821 754 894 pardales,
797 817 1039 887 aspides,
1071 814 1321 879 rubetas,
1368 820 1672 883 serpentes,
1729 809 2059 879 scorpiones

480 911 790 967 exitiabiles
814 906 1192 977 congregavit,
1221 904 1321 958 has
1356 902 1520 959 simul
1576 902 1695 956 lacu
1755 898 2059 969 caliginoso

480 1004 549 1059 ad
577 1002 797 1057 dolores
824 1010 879 1054 et
904 1014 1096 1067 poenas
1133 1013 1324 1051 eorum
1356 997 1578 1055 retinet,
1613 1000 1888 1063 quotquot
1926 996 2050 1049 sub-

480 1107 632 1153 actos
658 1095 732 1149 ibi
786 1094 1090 1149 incluserit.
1140 1089 1250 1146 Nec
1282 1090 1335 1142 iu
1386 1087 1491 1142 hoc
1535 1088 1680 1151 lacu,
1722 1102 1825 1140 nec
1874 1088 1929 1141 in
1959 1087 2061 1143 hac

484 1190 621 1243 urbe
657 1189 738 1243 vel
766 1187 898 1242 solis
930 1186 1010 1239 vel
1066 1185 1206 1238 lunae
1235 1183 1423 1236 lumen
1468 1178 1719 1233 cernitur
1762 1195 1774 1230 :
1804 1187 1935 1233 sunt
1965 1195 2061 1233 au-

485 1294 594 1338 tem
630 1280 870 1335 tenebra:
911 1276 1237 1347 palpabiles,
1261 1282 1318 1329 et
1360 1272 1607 1327 tcnebra:
1637 1271 1743 1325 illa:
1769 1270 2058 1343 Egyptian,

484 1372 741 1427 omnibus
791 1369 1110 1424 uotissimw.
1143 1367 1306 1421 Juxta
1339 1365 1532 1419 urbem
1583 1371 1704 1417 csto
1737 1362 1823 1416 via
1857 1361 2028 1416 milita

486 1466 581 1531 ris,
620 1464 733 1517 sive
765 1461 1006 1531 publica,
1054 1475 1218 1530 quam
1243 1472 1437 1513 omnes
1466 1455 1758 1509 hominum
1796 1453 2054 1508 nationes

484 1563 909 1625 pertranseunt:
948 1562 1004 1605 et
1029 1533 1119 1605 alii
1162 1549 1387 1619 quidem
1430 1546 1593 1601 amici
1631 1546 1810 1616 regis,
1844 1545 1936 1599 alii
1966 1543 2060 1597 ad-

482 1648 734 1713 versarii,
763 1658 820 1701 et
850 1644 1083 1709 inimici,
1122 1642 1218 1712 qui
1243 1656 1455 1706 omnes,
1498 1640 1642 1694 alius
1671 1638 1894 1692 aliunde
1923 1653 1952 1691 a
1977 1653 2062 1692 sc-

483 1742 713 1795 ductore
746 1739 1066 1807 capiuntur,
1122 1749 1225 1788 nec
1251 1734 1359 1788 alio
1385 1748 1611 1786 currere
1666 1730 1859 1785 salutis
1890 1745 2054 1783 causa

2167 536 2395 592 nitores'
2418 536 2624 591 acerbi.
2654 536 2708 590 Si
2740 535 2905 606 igitur
2931 535 3146 590 animas
3181 534 3365 589 adhuc
3416 534 3470 587 in
3528 532 3746 587 iul‘cruo

2166 646 2392 685 manere
2441 629 2623 692 audis,
2682 629 2824 683 scito
2876 627 3199 698 neutiquam
3254 636 3529 681 tormenta
3574 627 3746 681 susti-

2164 738 2316 789 nere,
2358 723 2614 793 utprius,
2650 737 2754 777 nec
2805 722 2971 776 etiam
3014 721 3252 777 vinculis
3307 721 3487 775 teneri
3549 720 3749 775 ferreis

2165 826 2354 887 utpote
2381 833 2411 871 a
2446 815 2733 887 tyrannide
2779 811 3106 869 vindicatas.
3139 813 3206 867 Et
3253 813 3359 868 hoc
3408 828 3612 867 munus
3657 822 3748 867 est

2165 907 2464 961 maximum
2500 913 2666 973 atque
2707 904 3131 973 amplissimum.
3180 901 3261 955 Ad
3304 902 3420 957 haec
3462 899 3659 969 dicito,
3695 900 3742 956 si

2162 1000 2295 1071 quid
2322 1000 2421 1054 tibi
2445 999 2500 1053 in
2531 1005 2772 1052 mentem
2810 995 2982 1050 venit.

2234 1094 2430 1146 Arum.
2455 1090 2729 1157 Quorsum
2748 1095 2963 1156 spectet
2988 1087 3091 1141 hoc
3112 1086 3452 1157 paradigma,
3475 1085 3744 1155 intelligo.

2164 1184 2323 1240 Justo
2339 1181 2550 1254 judicio
2584 1195 2782 1236 omnes
2811 1178 2960 1250 quod
3012 1179 3240 1243 debent,
3274 1178 3437 1233 amici
3483 1179 3747 1241 maxima,

2169 1276 2377 1330 inimici
2427 1277 2641 1328 minora
2693 1272 2999 1344 accipiunt.
3073 1272 3466 1327 Verumtamen
3523 1286 3749 1341 prepor-

2170 1368 2319 1423 tione
2349 1368 2579 1437 gratiam
2615 1381 2812 1420 omnes
2837 1365 3065 1420 debent.

2237 1458 2400 1512 Cano.
2438 1458 2558 1525 Quo
2598 1457 2818 1511 tandem
2855 1457 3022 1511 modo
3066 1456 3385 1512 intellexisti
3437 1456 3747 1525 problema,

2168 1565 2264 1603 seu
2299 1549 2482 1619 potius
2509 1566 2619 1619 quo
2673 1549 2781 1603 line
2814 1549 2920 1603 hoc
2961 1548 3283 1619 paradigma
3327 1548 3555 1602 allatum
3615 1564 3749 1603 ceu-

2167 1640 2299 1695 ses?
2331 1640 2466 1707 Quis
2491 1640 2563 1693 sit
2588 1640 2677 1695 hic
2721 1650 2848 1697 tuus
2879 1654 3097 1705 sensus,
3144 1654 3308 1694 nosse
3342 1639 3635 1709 pervelim.

2232 1734 2428 1789 ANIIA.
2492 1733 3011 1803 lnterpretationem
3068 1732 3305 1787 maxime
3369 1733 3530 1786 talem
3592 1742 3749 1801 puto.

485 1835 736 1898 possunt.
769 1825 998 1879 Duravit
1025 1822 1335 1878 dominatio
1378 1821 1593 1891 tyranni
1632 1821 1796 1891 hujus
1857 1819 2059 1873 diutis—
2089 1809 2136 1868 B
2166 1823 2454 1895 Tyrannus
2485 1823 2629 1878 idem
2649 1832 2731 1880 ρει
2753 1824 2845 1893 qui
2873 1825 3048 1893 prius,
3077 1822 3316 1878 Lucifer,
3352 1823 3527 1889 Quam
3557 1822 3751 1876 urbem

485 1922 621 1975 sime
653 1939 665 1974 :
702 1933 895 1974 omnes
929 1916 1195 1987 paulatim
1239 1917 1291 1969 in
1337 1929 1492 1969 suam
1526 1921 1856 1982 potestatem
1900 1911 2061 1967 rede-

486 2015 585 2084 git,
618 2009 880 2066 violentia
907 2009 985 2063 illi
1034 2023 1132 2079 pro
1162 2007 1287 2078 jure
1318 2016 1426 2071 est,
1456 2005 1741 2077 tyrannice
1797 2004 2059 2076 insurgit,

476 2103 649 2174 capit,
698 2100 1026 2156 verberibus
1092 2098 1315 2169 indigne
1363 2098 1567 2167 pulsat,
1615 2097 1840 2167 premit,
1871 2096 2064 2166 aﬂligit

484 2194 748 2265 insignes,
791 2192 1054 2262 abiectos,
1080 2205 1294 2253 omnes,
1321 2189 1499 2243 bonos
1546 2196 1603 2243 et
1652 2187 1825 2242 malos
1862 2185 2061 2242 ferreis

488 2283 854 2354 compedibus
883 2283 937 2336 in
966 2282 1085 2336 lacu
1121 2280 1453 2335 constrictos
1478 2298 1491 2333 :
1527 2279 1581 2333 in
1610 2294 1719 2348 quo
1764 2278 1919 2332 locus
1944 2279 2060 2333 nul-

488 2378 576 2431 lus
608 2376 944 2447 ejuscemodi
974 2372 1297 2445 indignitate
1329 2382 1503 2427 vacat.
1522 2373 1694 2439 Quam
1718 2371 2063 2442 tyrannidem

480 2484 586 2524 rex
618 2465 855 2537 amplius
884 2483 992 2521 non
1026 2467 1228 2527 ferens,
1268 2464 1363 2518 sed
1387 2464 1621 2534 benigne
1651 2463 1973 2532 respiciens.
2008 2470 2064 2516 et

480 2562 755 2632 populum
789 2560 1077 2626 miserans,
1133 2557 1521 2614 charissimam
1571 2565 1621 2611 et
1659 2572 1822 2625 quem
1873 2556 2068 2610 habuit

490 2653 712 2707 unicum
738 2651 907 2706 (ilium
943 2652 1009 2706 ad
1036 2651 1255 2720 generis
1286 2650 1511 2703 humani
1562 2648 1948 2703 liberationem
2013 2658 2063 2703 el

489 2743 756 2798 auxilium
791 2743 959 2798 misit.
993 2741 1097 2808 Qui
1127 2757 1252 2797 cum
1280 2739 1613 2803 advenisset,
1659 2748 1715 2793 et
1744 2755 1869 2794 cum
1903 2738 2068 2793 scdu-

490 2845 641 2890 ctore
682 2851 877 2889 manus
910 2833 1307 2896 conseruisset,
1362 2848 1603 2901 eutnque
1656 2831 1967 2902 dejccisset,
2013 2840 2069 2885 et

488 2926 929 2989 constrinxisset,
954 2935 1011 2978 et
1045 2926 1097 2978 vi
1132 2924 1310 2978 valida
1356 2934 1700 2984 enervasset,
1745 2922 2065 2975 victoriam-

489 3033 597 3088 que
619 3017 885 3073 adversus
909 3023 1115 3081 hostes,
1145 3024 1204 3070 ut
1232 3022 1427 3084 potens
1455 3015 1508 3067 in
1547 3014 1767 3083 pra'lio,
1803 3014 2071 3068 obtinuis-

487 3119 591 3177 set,
626 3110 818 3164 urbem
847 3106 1205 3179 pcrvaSLavit,
1253 3115 1436 3160 turres
1482 3105 1676 3167 diruit,
1715 3105 1878 3159 simul
1904 3105 2066 3175 quid-

488 3199 622 3273 quid
652 3200 1005 3256 inimicorum
1042 3198 1168 3263 l'uit,
1222 3197 1488 3266 perdidit,
1537 3196 1768 3259 occidit,
1820 3196 1967 3250 elisit
2012 3207 2067 3250 et

489 3292 677 3350 omnia
703 3306 833 3348 vasa
866 3290 1049 3360 rapuit
1078 3304 1144 3343 ac
1168 3288 1418 3358 diripuit.
1449 3289 1515 3343 Et
1538 3289 1724 3342 infima
1767 3288 1871 3342 loci
1902 3288 2070 3342 illius

470 3391 809 3454 penetrans,
838 3381 1023 3436 omnia
1053 3381 1320 3444 claustra,
1354 3391 1578 3435 catenas
1617 3389 1671 3434 et
1714 3389 1903 3450 portas
1932 3396 2034 3434 con
2055 3412 2067 3419 -

492 3476 761 3545 fringens.
808 3488 1004 3528 omnes
1033 3473 1252 3542 penitus
1296 3472 1351 3526 in
1409 3471 1680 3528 custodiis
1722 3473 1827 3527 illis
1858 3472 2074 3527 vinctos

496 3567 769 3632 liberavit,
798 3565 851 3619 in
897 3566 1078 3619 lucem
1113 3564 1324 3627 eduxit,
1350 3564 1650 3634 multisque
1683 3563 1951 3617 videndos
1973 3578 2070 3616 ex-

494 3658 698 3717 hibuit.
731 3656 837 3714 Sed
867 3656 1245 3712 animadverte
1275 3657 1424 3727 quod
1476 3666 1834 3712 consecutum
1874 3662 1959 3711 est
1988 3672 2075 3710 ar-

494 3751 719 3805 bitrium
746 3760 803 3804 ct
852 3749 1144 3820 judicium.
1180 3748 1401 3803 Amicos
1451 3750 1676 3819 quidem
1712 3761 1974 3820 paternos
2004 3751 2074 3805 ab

494 3843 619 3900 aliis
642 3851 903 3907 secretos,
936 3844 1284 3911 maximaque
1331 3842 1505 3912 gloria
1533 3851 1588 3897 et
1622 3843 1833 3899 honore
1879 3843 2074 3914 digna-

496 3946 603 3997 tus,
643 3937 752 4005 regi
783 3943 838 3989 et
874 3936 1016 4005 patri
1047 3936 1341 3990 universos
1372 3934 1619 4002 adducit,
1665 3945 1725 3991 ut
1753 3937 1864 3991 sint
1899 3937 2073 4006 impc-

494 4027 563 4083 rii
592 4042 719 4084 cum
754 4028 985 4082 Domino
1005 4027 1303 4098 participes
1331 4045 1343 4081 :
1373 4042 1483 4081 non
1507 4029 1715 4084 amicos
1742 4038 1947 4093 autem,
1978 4028 2076 4084 scd

498 4120 686 4174 hostes
712 4117 852 4173 inira
883 4119 1131 4187 reliquit,
1169 4118 1349 4187 quoad
1379 4117 1500 4174 dies
1518 4119 1776 4185 extremi,
1818 4128 1877 4176 et
1906 4134 2077 4191 gene-

497 4210 630 4264 ralis
655 4208 850 4279 judicii
884 4209 1186 4273 illucescat,
1217 4218 1273 4263 et
1296 4209 1365 4263 dc
1387 4210 1647 4265 omnibus
1665 4211 1812 4282 jusm
1848 4219 2073 4267 senten-

501 4304 574 4356 tia
610 4301 1022 4371 pronuntietur.
1056 4302 1276 4372 Alioqui
1305 4310 1361 4357 et
1397 4313 1477 4366 tu,
1510 4303 1760 4367 domina,
1796 4305 1956 4374 plane
2000 4303 2082 4356 in-

496 4393 706 4462 justum
733 4391 968 4462 judicas,
1003 4391 1049 4446 si
1077 4393 1282 4463 impios
1304 4403 1361 4457 et
1382 4394 1638 4449 inimicos
1666 4394 1788 4449 illos
1816 4395 2078 4463 potentis,

2164 1915 2478 1980 aediﬁcavit,
2510 1916 2785 1970 infernum
2808 1931 2931 1971 esse
2979 1915 3236 1986 conjicio.
3273 1914 3754 1969 Profundissimns

2165 2010 2339 2073 lacus,
2392 2018 2449 2064 et
2506 2009 2750 2064 carceris
2813 2008 3073 2071 tenebrae,
3195 2005 3447 2062 infernus
3503 2016 3652 2070 sunt,
3698 2015 3756 2060 et

2168 2116 2339 2165 mors,
2367 2100 2767 2169 amborutnque
2795 2099 3113 2169 imperium.
3173 2099 3273 2153 Via
3310 2098 3461 2167 regia
3503 2114 3601 2153 seu
3651 2115 3753 2167 pu-

2168 2194 2311 2249 blica
2344 2194 2466 2248 sine
2497 2192 2669 2247 dubio
2699 2192 2861 2261 hujus
2898 2192 3023 2246 vitae
3067 2207 3286 2247 cursus.
3322 2192 3538 2245 Insidiae
3578 2206 3754 2260 prope

2168 2287 2312 2341 hanc
2333 2286 2475 2342 viam
2508 2284 2785 2355 publicam
2821 2300 2991 2349 mors,
3028 2294 3089 2338 ut
3110 2284 3355 2350 videtur,
3403 2300 3527 2354 qua:
3561 2298 3758 2339 omnes

2171 2379 2332 2448 rapit,
2364 2387 2420 2432 et
2446 2378 2512 2433 ad
2550 2377 2752 2432 inferni
2799 2386 3048 2432 ventrem
3078 2377 3340 2432 demittit.
3373 2377 3613 2447 Reptilia
3648 2393 3750 2430 au-

2172 2477 2301 2531 tem,
2332 2477 2388 2522 et
2429 2483 2628 2538 genera
2691 2475 3089 2522 venenatorum
3121 2468 3383 2538 pessima.
3446 2467 3755 2522 cruciatum

2172 2561 2322 2615 illum
2374 2559 2780 2615 intolerabilem
2837 2559 3193 2630 interpretari
3243 2569 3512 2630 oportet:
3550 2561 3661 2614 Rex
3700 2570 3756 2613 et

2173 2652 2460 2718 Dominus,
2494 2660 2550 2707 et
2580 2643 2752 2707 Filius
2774 2651 2939 2723 regis,
2970 2659 3055 2707 est
3083 2652 3334 2706 omnium
3386 2650 3675 2713 Conditor,
3700 2661 3756 2705 ct

2173 2743 2425 2799 Salvator
2469 2745 2759 2800 hominum
2812 2745 3088 2800 Christus.
3149 2746 3324 2800 Amici
3389 2753 3519 2800 sunt
3566 2745 3753 2815 justi:

2173 2845 2387 2904 contra,
2415 2838 2622 2893 inimici
2653 2846 2777 2893 sunt
2830 2838 2984 2909 impii
3032 2846 3353 2908 peccatores
3386 2855 3400 2891 :
3436 2853 3575 2907 quos
3607 2822 3758 2890 enim

2173 2926 2309 2980 alios
2336 2941 2456 2980 csse
2497 2925 2865 2993 dieam?Quo
2906 2936 3093 2981 autem
3142 2934 3406 2995 paternos
3442 2926 3651 2980 amicos
3680 2924 3759 2978 in~

2174 3017 2415 3081 duxerit,
2485 3034 2712 3089 regnum
2769 3019 2993 3074 cmleste
3061 3017 3338 3087 quispiam
3404 3034 3515 3073 non
3573 3018 3761 3087 inepte

2176 3109 2397 3163 dixerit.

2245 3200 2410 3254 Cano.
2444 3201 2783 3256 Dextcrrimc
2820 3199 3160 3265 intellexisti,
3184 3207 3241 3254 et
3266 3199 3376 3269 puli
3396 3198 3637 3253 herrime
3664 3198 3761 3253 de-

2174 3297 2416 3352 clarasti.
2445 3297 2633 3352 Gratia
2678 3297 2924 3361 Christo,
2983 3296 3079 3366 qui
3145 3296 3250 3351 hoc
3295 3294 3392 3350 tibi
3444 3294 3760 3363 inspiravit.

2176 3389 2565 3444 Verumtamen
2630 3390 2772 3443 scito
2831 3388 3149 3458 paradigma
3194 3403 3304 3442 non
3364 3401 3764 3455 usquequaque

2178 3484 2253 3538 illi
2285 3484 2582 3554 quadrare.
2614 3484 2774 3553 cujus
2796 3492 2881 3537 est
2914 3483 3253 3553 paradigma.
3298 3482 3417 3538 Non
3465 3482 3613 3536 enim
3642 3482 3757 3551 jam

2179 3575 2515 3645 paradigma,
2541 3575 2637 3630 sed
2670 3575 3004 3630 omnimodis
3037 3575 3183 3631 idem
3217 3577 3383 3631 foret.
3422 3576 3497 3629 De
3526 3573 3758 3630 Christo

2180 3667 2488 3723 vaticinans
2537 3666 2710 3722 Jacob
2744 3669 3079 3736 patriarcha,
3121 3686 3140 3719 ι
3177 3666 3528 3724 Recumbens
3556 3667 3765 3721 dormi-

2182 3757 2259 3813 vit
2294 3759 2466 3812 utleo
2500 3759 2563 3820 ⁸⁸,
2599 3779 2617 3810 ι
2658 3758 2855 3828 inquit.
2892 3760 3135 3815 Rursum
3168 3760 3301 3815 alibi
3342 3775 3504 3813 ursus
3541 3775 3571 3814 a
3609 3759 3760 3814 Scri-

2180 3859 2340 3920 ptura
2375 3850 2581 3904 dicitur
2620 3850 2687 3901 ".
2729 3850 2974 3906 Dillicilia
3017 3851 3174 3920 plane
3207 3861 3265 3906 et
3293 3851 3621 3922 symbolica,
3648 3866 3760 3905 non

2185 3954 2365 3998 tamen
2394 3958 2463 3997 ex
2491 3941 2580 3996 his
2623 3941 2854 3997 audebit
2881 3943 3157 4013 quispiam
3203 3944 3470 3998 rationem
3520 3942 3767 3996 ferarum

2184 4034 2361 4091 Verbo
2391 4048 2456 4089 ac
2488 4034 2722 4087 Domino
2757 4048 2991 4103 prorsus
3044 4033 3373 4088 attribuere.
3431 4032 3590 4101 Quod
3628 4034 3765 4088 utile

2182 4134 2288 4189 est,
2311 4133 2367 4179 et
2403 4124 2472 4179 ad
2502 4141 2616 4179 rem
2670 4124 2822 4192 facit,
2858 4124 2911 4179 id
2948 4125 3220 4179 duntaxat
3263 4140 3294 4179 a
3335 4123 3469 4181 feris
3506 4134 3768 4179 mutuan-

2184 4216 2314 4271 dum
2340 4226 2464 4272 est:
2508 4217 2656 4286 quod
2712 4217 3099 4287 blasphemum
3136 4225 3194 4271 et
3242 4216 3554 4282 rancidum,
3602 4217 3769 4270 relin-

2187 4309 2489 4378 quendum.
2522 4310 2653 4373 Leo,
2696 4319 2969 4379 quatenus
3011 4308 3329 4362 animalium
3367 4323 3463 4362 rex
3504 4317 3561 4363 et
3608 4306 3767 4363 terri-

2186 4400 2338 4465 bilis,
2388 4401 2517 4456 huic
2553 4401 2949 4472 comparationi
3003 4401 3200 4456 servit.
3252 4400 3426 4456 Ursus
3469 4408 3677 4459 autem.
3710 4407 3770 4452 ut

503 4483 617 4553 pari
655 4483 759 4538 frui
816 4486 1107 4565 voluptate,
1145 4500 1273 4541 cum
1329 4485 1525 4542 amicis
1553 4486 1697 4558 ejus,
1756 4494 1850 4540 aut
1889 4488 2079 4541 eadem
2120 4494 2157 4545 Β
2190 4495 2450 4564 quiddam
2486 4504 2679 4550 natura
2700 4496 2933 4565 justum,
2966 4503 3023 4549 et
3054 4493 3285 4550 ultionis
3314 4501 3602 4563 expetens.
3636 4491 3771 4546 Tale

499 4591 624 4630 cum
659 4576 792 4645 ipsis
812 4576 1042 4646 praemia
1067 4564 1343 4646 consequi
1374 4576 1580 4633 debere
1621 4577 1927 4633 exiStimas.
1958 4578 2076 4632 Non

501 4675 728 4720 autumo
760 4674 811 4722 te
838 4667 981 4722 istuc
1019 4667 1303 4723 arbitrari.
1339 4665 1405 4722 Et
1435 4667 1541 4724 hoc
1581 4667 1689 4723 illis
1732 4667 1800 4721 ad
1852 4669 2079 4723 miseri-

499 4757 744 4812 cordiam
770 4759 1068 4813 maximum
1109 4773 1331 4823 censeo,
1361 4758 1511 4830 quod
1534 4759 1793 4814 eamdem
1825 4762 2081 4817 universe

501 4848 815 4904 libertatem
842 4860 972 4906 sunt
1004 4850 1213 4921 adepti,
1245 4857 1521 4919 prostrato
1553 4850 1647 4920 qui
1696 4866 1852 4921 atque
1881 4853 1934 4907 in
1961 4870 2078 4907 om-

504 4956 606 4999 nes
637 4941 1029 4998 crudelitatem
1074 4941 1379 4998 exercebat
1447 4955 1642 5008 suam,
1708 4946 2081 4999 communiter

504 5033 756 5087 custodia
790 5034 954 5088 levati
989 5033 1173 5105 plane,
1204 5030 1442 5086 vinculis
1473 5033 1664 5099 soluti,
1711 5043 1768 5089 et
1806 5037 2068 5102 absoluti,

500 5140 559 5183 et
609 5146 640 5183 a
699 5129 1390 5197 belluistruculeutisque
1449 5130 1803 5186 carniﬁcibus
1868 5134 2073 5199 liberi;

505 5223 765 5293 quodque
796 5222 1034 5293 amplius
1079 5229 1134 5274 et
1183 5220 1471 5290 pulchrius
1518 5233 1624 5287 est,
1661 5225 1807 5293 quod
1843 5228 2083 5279 transire

582 5364 629 5397 “
684 5363 825 5420 Gen.
875 5376 1020 5426 χιιι,
1059 5360 1114 5414 9.
1188 5362 1228 5392 ”
1260 5360 1426 5414 Amos
1457 5361 1607 5445 v,‘l9

2183 4596 2269 4643 est
2297 4587 2644 4658 paradigma,
2674 4602 2787 4641 non
2843 4586 3025 4641 simile
3063 4595 3120 4641 et
3164 4597 3352 4656 aptum
3409 4582 3767 4639 omnimodis.

2181 4680 2312 4746 Quae
2372 4689 2555 4733 autem
2618 4678 2751 4731 mihi
2804 4677 3041 4732 dicenda
3102 4686 3311 4732 restant
3371 4690 3436 4729 ea
3489 4672 3771 4743 posterius

2184 4772 2384 4826 dicam.
2448 4770 2606 4823 Nunc
2654 4769 2801 4838 quod
2847 4769 2913 4824 ad
2989 4770 3281 4823 utilitatem
3353 4773 3500 4819 tuam
3538 4760 3765 4826 addam,

2184 4862 2359 4917 sancti
2395 4862 2717 4916 Damasccni
2774 4870 2882 4915 est.
2944 4859 3315 4920 Docetenim,
3368 4863 3427 4908 et
3478 4851 3769 4921 perspicue

2188 4953 2551 5016 demonstrat,
2592 4952 2645 5005 in
2677 4952 2899 5007 Christo
2936 4950 3250 5005 viventibus
3302 4947 3444 5000 hanc
3500 4945 3767 5000 rationem

2192 5045 2364 5099 multo
2410 5044 2776 5100 verissimam.
2842 5045 3011 5099 Docet
3065 5056 3194 5095 vero
3228 5053 3326 5108 per
3361 5038 3590 5101 iambos,
3635 5053 3768 5092 num

2192 5136 2519 5204 simpliciter
2542 5152 2739 5189 onines
2763 5134 3019 5188 Christus
3040 5128 3184 5199 apud
3210 5129 3418 5183 inferos
3442 5129 3764 5191 salvaverit,

2196 5242 2263 5279 an
2291 5227 2385 5295 qui
2421 5226 2493 5279 ibi
2522 5226 2895 5286 crediderant,
2924 5222 3072 5291 quod
3108 5219 3494 5288 recipiendum
3529 5220 3631 5291 (α).

570 5534 657 5605 -(a)
695 5534 1019 5605 Sermonem
1056 5532 1208 5605 hunc
1233 5548 1341 5587 non
1367 5548 1489 5605 esse
1532 5532 1880 5605 Damasceni,
1912 5545 2141 5605 propter
2177 5535 2551 5605 characterem
2581 5527 3047 5605 ia‘n_rborum,__hoc
3076 5538 3160 5605 est
3184 5569 3223 5605 ,_
3249 5530 3381 5605 quia
3421 5530 3618 5605 iambis
3639 5545 3771 5605 conf

514 5597 756 5674 scriptus
811 5602 903 5674 sit,
931 5602 1167 5674 allirmat
1198 5602 1249 5655 in
1309 5604 1555 5674 margine
1598 5604 1846 5658 scholion
1878 5597 2256 5673 {quanquam
2291 5604 2342 5655 in
2374 5601 2482 5655 illis
2511 5600 2708 5674 iambis
2748 5612 2856 5674 non
2891 5597 3643 5674 dimensionis—syllabarum,
3676 5601 3770 5674 scil

510 5668 712 5743 pedum
755 5672 894 5743 ratio
930 5672 1114 5725 habita
1147 5681 1232 5727 est
1262 5668 1465 5742 potius.
1515 5673 1609 5727 Est
1648 5686 1830 5727 autem
1869 5668 2055 5727 sermo
2099 5668 2195 5727 seu
2230 5677 2408 5725 oratio
2442 5685 2540 5743 pro
2570 5668 2851 5743 defunctis
2877 5682 3003 5743 cum
3031 5669 3132 5722 hac
3162 5668 3524 5741 inscriptione
3557 5689 3569 5724 :
3618 5672 3772 5735 Quod

508 5736 545 5800 ii
580 5747 670 5815 qui
697 5758 815 5797 cum
841 5740 946 5809 ﬁde
971 5758 1033 5797 ea:
1067 5743 1167 5795 hac
1186 5736 1291 5795 vita
1329 5753 1677 5804 excesserunt,
1716 5746 1950 5797 virorum
1981 5745 2149 5795 missis
2175 5752 2222 5794 et
2266 5736 2530 5807 (utne/ibus
2552 5740 2833 5807 juvantur.
2881 5736 3179 5794 PONTANUS.
