4036 6432
218 375 322 442 78f

146 504 149 513 ·
206 474 211 477 ’
837 482 1065 542 CAPUT
1101 484 1215 539 xu.

226 582 285 639 S.
329 581 552 638 Joannis
589 580 905 634 Damasceni
943 578 1107 641 locus.
1139 579 1202 631 de
1227 577 1293 631 iis
1317 593 1445 647 quos
1470 575 1706 631 Christus
1751 574 1815 627 ab

774 651 960 718 inferis
1007 649 1268 702 liberarit.

311 767 393 822 Ac
420 765 672 820 nonnulli
702 764 927 834 quidem
960 780 1061 835 per
1083 779 1201 828 eos,
1253 763 1348 834 qui
1383 771 1512 818 ante
1561 762 1816 818 credide-

233 868 390 923 runt,
425 859 616 913 Patres
641 868 697 913 et
730 857 1048 928 prophetas,
1104 865 1160 912 et
1199 856 1439 928 iudices,
1469 864 1526 911 et
1558 871 1734 927 reges,
1761 865 1818 909 ct

225 952 510 1023 principes
541 950 880 1020 intelligunt,
917 949 1168 1020 aliosque
1208 948 1527 1013 nonnullos,
1560 947 1813 1003 llebraiei

226 1044 439 1114 populi,
472 1043 566 1113 qui
617 1043 775 1096 facile
832 1042 1112 1098 recenseri
1144 1050 1398 1112 possunt,
1441 1041 1818 1110 omnibusque

224 1136 342 1190 noti
369 1150 434 1190 ac
468 1134 744 1205 perspicui
774 1144 924 1189 sunt.
966 1134 1077 1189 Nos
1105 1149 1240 1188 vero
1274 1134 1544 1189 adversus
1573 1149 1673 1189 eos
1717 1133 1811 1204 qui

224 1229 300 1283 ita
331 1229 603 1289 sentiunt,
637 1226 704 1281 ad
739 1226 886 1281 bune
916 1225 1141 1281 modum
1172 1226 1515 1282 disseremus
1543 1242 1557 1277 :
1581 1225 1695 1280 Nec
1720 1225 1820 1281 be-

224 1320 409 1375 neficii
444 1320 570 1374 loco
604 1319 944 1383 ducendum,
981 1333 1081 1374 nec
1116 1334 1319 1373 novum
1368 1333 1433 1373 ac
1472 1319 1673 1373 mirum
1711 1317 1819 1372 hoc

225 1412 567 1468 censendum
597 1421 702 1472 cst.
738 1411 806 1466 iis
841 1411 1105 1466 nimirum
1162 1411 1257 1482 qui
1289 1410 1635 1466 crediderim
1666 1411 1817 1466 salu-

228 1515 336 1560 tem
370 1521 400 1560 a
429 1504 655 1560 Christo
694 1505 914 1559 allatam
943 1520 1065 1559 esse
1097 1524 1111 1560 :
1152 1505 1356 1575 quippe
1373 1519 1496 1559 cum
1524 1503 1674 1559 solus
1704 1504 1821 1574 ipse

227 1597 402 1652 Judex
432 1598 692 1666 tequitate
716 1606 960 1666 praestet,
988 1611 1092 1652 nec
1114 1597 1399 1666 periturus
1429 1597 1526 1663 sit,
1564 1594 1822 1666 quisquis

229 1692 403 1762 ipsius
437 1693 623 1747 verbis
660 1690 822 1747 ﬁdem
860 1691 1204 1747 adhibuerit.
1247 1689 1518 1758 Quocirca
1553 1705 1651 1746 eos
1701 1704 1820 1745 om-

227 1805 326 1843 nes
360 1788 595 1843 salutem
632 1785 930 1856 consequi,
963 1792 1129 1855 alque
1163 1783 1229 1838 ad
1257 1782 1354 1838 Dei
1386 1799 1450 1838 ac
1481 1781 1701 1837 Domini
1725 1782 1822 1837 de-

234 1892 496 1933 scensum
536 1875 739 1930 inferni
768 1875 1004 1930 vinculis
1037 1874 1199 1940 solvi,
1220 1888 1447 1928 necesse
1469 1881 1609 1927 erat.
1647 1872 1820 1942 quue

229 1975 284 2022 et
314 1967 492 2037 ipsius
542 1965 889 2037 providentia
941 1964 1192 2035 conligit.
1235 1963 1302 2018 At
1334 1978 1466 2017 vero
1496 1962 1681 2018 cuncti
1716 1962 1817 2026 illi,

226 2076 346 2118 mea
390 2061 618 2130 quidem
673 2058 968 2121 sententia,
1016 2058 1134 2113 sola
1165 2057 1339 2127 ipsius
1380 2055 1723 2127 benignitate
1755 2071 1820 2109 ac

228 2152 610 2208 misericordia
647 2152 881 2206 salutem
914 2161 1272 2220 acceperunt,
1309 2148 1406 2220 qui
1437 2148 1653 2204 etiamsi
1677 2147 1819 2203 alio-

228 2244 321 2315 qui
348 2246 477 2300 vitae
500 2245 740 2314 puritate
771 2243 1189 2304 excelluissent,
1242 2252 1412 2311 atque
1454 2243 1678 2312 optimis
1701 2242 1821 2313 qui-

227 2338 441 2409 busque
474 2337 787 2392 actionibus
836 2337 1112 2406 perfuncti
1173 2334 1430 2399 fuissent,
1485 2337 1726 2390 tenuiter
1758 2350 1822 2390 ac

230 2437 625 2499 temperanter,
660 2437 717 2482 et
746 2436 895 2482 caste
947 2426 1237 2489 vixissent,
1267 2435 1451 2480 tamen
1509 2441 1706 2496 puram
1753 2441 1817 2479 ac

230 2521 475 2576 divinam
515 2520 681 2575 fidem
708 2518 1137 2589 haudquaquam
1195 2528 1590 2589 perceperunt,
1628 2528 1689 2573 ut
1724 2523 1819 2589 qui

230 2616 380 2669 nulla
410 2614 639 2669 omnino
678 2612 996 2681 disciplina,
1041 2619 1135 2664 aut
1167 2611 1497 2682 cujusquam
1559 2613 1822 2683 magiste-

231 2710 314 2762 rio
342 2707 547 2761 eruditi
609 2704 927 2775 excultique
987 2703 1244 2758 fuissent.
1295 2701 1406 2759 Hos
1465 2704 1673 2775 quippe
1727 2706 1819 2761 ille

232 2800 487 2855 omnium
516 2798 832 2854 moderator
861 2812 927 2852 ac
962 2796 1231 2851 Dominus
1261 2794 1479 2850 retibus
1503 2795 1706 2851 divinis
1738 2796 1821 2851 in-

237 2892 431 2946 clusos
456 2889 686 2945 sublime
736 2888 924 2954 traxit,
967 2888 1162 2959 eisque
1192 2903 1321 2944 cum
1378 2886 1696 2943 divinorum
1726 2904 1819 2943 ra-

234 2984 460 3039 diorum
492 2982 837 3054 splendorem
885 2981 1187 3052 iniecisset,
1233 2997 1299 3036 ac
1351 2979 1604 3037 veritatis
1629 2981 1816 3036 lumen

231 3073 591 3140 ostendisset,
624 3073 697 3127 ita
727 3086 921 3128 eorum
966 3071 1183 3127 animos
1236 3069 1468 3136 inﬂexit,
1505 3080 1569 3125 ut
1600 3070 1658 3125 in
1689 3086 1818 3127 eum

231 3167 549 3223 crederent.
584 3164 771 3236 Neque
806 3165 956 3219 enim
996 3164 1091 3218 illa
1139 3172 1334 3217 natura
1385 3162 1706 3218 misericors
1739 3169 1818 3218 tot

229 3257 453 3314 labores
482 3256 685 3311 frustra
713 3266 883 3326 atque
914 3254 1192 3308 incassum
1239 3253 1310 3308 ab
1357 3253 1492 3323 ipsis
1519 3263 1815 3325 susceptos

231 3350 404 3406 fuisse
438 3347 772 3404 sustinebat.
806 3345 1193 3402 Perditlicilem
1219 3346 1393 3413 enim,
1441 3356 1498 3402 et
1537 3362 1818 3401 aerumno-

232 3455 371 3506 sam,
408 3457 495 3503 ac.
527 3455 693 3510 supra
725 3454 891 3509 quam
944 3438 1055 3493 dici
1097 3447 1281 3508 queat,
1326 3446 1616 3510 angustam
1647 3439 1817 3494 vitam

232 3534 523 3589 duxerant.
555 3532 693 3587 Nam
719 3539 777 3586 et
818 3529 985 3585 animi
1009 3529 1525 3598 perturbationibus
1577 3531 1820 3600 impera-

233 3634 448 3690 verant,
477 3633 535 3679 et
581 3623 899 3693 voluptates
944 3628 1292 3691 respuerant,
1328 3630 1386 3675 et
1434 3630 1817 3691 paupertatem

232 3736 296 3776 ac
319 3719 721 3775 continentiam
754 3717 822 3771 ad
849 3724 1160 3772 extremum
1207 3730 1383 3785 usque
1416 3715 1726 3780 eoluerant,
1764 3724 1822 3769 et

236 3812 440 3881 vigiliis
465 3825 590 3865 sese
613 3807 970 3864 confecerant
1012 3825 1025 3861 :
1063 3817 1228 3876 atque
1259 3814 1319 3861 ut
1345 3807 1538 3877 paucis
1577 3806 1821 3876 comple-

233 3913 372 3964 ctar,
407 3901 595 3956 omnia
617 3901 843 3955 virtutis
879 3899 1077 3970 gratia,
1135 3898 1284 3953 haud
1321 3897 1407 3968 pie
1453 3897 1535 3952 illi
1568 3898 1817 3968 quidem,

232 3993 328 4047 sed
355 4003 538 4049 tamen
562 3991 939 4060 expleverant,
965 4004 1307 4057 summaeque
1342 3987 1709 4043 Providentia:
1737 3990 1823 4059 (ut

232 4085 459 4157 quidem
497 4083 633 4154 ipsis
678 4082 994 4151 videbatur)
1067 4081 1541 4152 praestantissime,
1601 4082 1819 4137 tametsi

233 4194 344 4233 non
374 4177 497 4232 sine
522 4176 728 4232 erroris
762 4175 908 4239 labe,
937 4174 1148 4230 cultum
1184 4183 1242 4229 et
1272 4175 1690 4231 venerationem
1720 4174 1821 4228 ad~

234 4270 557 4323 bibuerant.
585 4267 728 4334 Quin
758 4254 984 4322 fuerunt
1012 4265 1181 4322 etiam
1234 4266 1511 4332 nonnulli,
1546 4266 1644 4336 qui
1673 4265 1821 4320 divi-

232 4378 368 4418 nam
430 4361 826 4433 omnipotentis
887 4359 1180 4416 Trinitatis
1230 4358 1419 4421 fidem.
1464 4358 1685 4414 exiliter
1743 4358 1821 4412 illi

230 4453 460 4524 quidem
510 4467 576 4507 ac
613 4453 977 4522 perobscure,
1034 4451 1132 4507 sed
1173 4460 1356 4507 tamen
1428 4458 1818 4521 perceperunt.

1646 363 1998 426 DlOPTRA.

1852 485 1900 545 Α
1931 482 2156 537 rhoisszc
2192 481 2453 552 denique,
2488 491 2546 538 et
2574 496 2756 537 curvae
2779 496 3010 553 prorsus
3044 482 3387 536 muliercula:
3427 498 3519 537 sa-

3400 322 3511 426 752

1925 576 2204 630 nationem
2238 591 2344 630 una
2371 590 2495 630 cum
2527 575 2956 646 quamplurimis
3015 576 3138 631 aliis
3171 576 3337 631 rebus
3368 593 3514 646 pra:-

1927 668 2198 724 dicentes.
2223 668 2358 735 Hos,
2380 668 2630 739 inquam,
2651 668 3025 735 divinaNerbi
3048 671 3295 739 potentia
3319 671 3501 739 perire

1926 761 2377 832 optimarumque
2400 762 2684 819 actionum
2704 764 2887 819 fructu
2911 779 3122 828 carere,
3138 765 3365 818 minimc
3390 780 3515 819 sus-

1929 854 2117 909 tinuit.
2168 854 2462 926 Tcmporis
2508 857 2656 913 enim
2718 873 2849 927 pars
2902 856 3054 928 ipsis,
3114 869 3175 912 ut
3253 858 3516 920 diximus.

1928 945 2298 1011 commodata,
2359 948 2414 1001 in
2447 948 2845 1003 obscuritatem
2877 948 3305 1019 haudquaquam
3337 949 3455 1003 abit
3496 968 3509 1003 :

1929 1051 2119 1090 verum
2143 1037 2325 1092 omnis
2364 1038 2431 1093 iis
2457 1040 2550 1109 qui
2575 1039 2700 1094 vita:
2738 1038 3080 1094 curriculum
3120 1039 3353 1095 honeste
3382 1055 3521 1096 con-

1929 1127 2188 1195 fecerint,
2252 1139 2492 1199 servata,
2554 1132 2923 1188 cumulatiore
2981 1142 3174 1204 postea
3254 1148 3517 1189 mensura

1929 1219 2190 1276 refertur.
2222 1222 2428 1279 Contra
2465 1224 2559 1294 qui
2586 1226 2824 1296 turpiter
2850 1241 2915 1282 ac
2941 1226 3208 1282 scelerate
3236 1226 3516 1286 vixerunt.

1930 1313 2180 1385 nihilque
2211 1317 2469 1383 omnino,
2520 1319 2665 1388 quod
2715 1334 2843 1375 cum
2904 1319 3109 1375 virtute
3157 1320 3518 1391 coniunctum

1928 1414 2099 1473 esset,
2125 1421 2387 1479 egerunt,
2416 1426 2518 1468 nec
2545 1428 2733 1468 semen
2768 1414 2971 1479 ullum,
3000 1421 3099 1468 aut
3142 1414 3386 1469 fructum
3418 1414 3519 1467 ha—

1930 1500 2214 1567 buerunt;
2265 1519 2462 1559 verum
2492 1515 2548 1561 et
2582 1507 2718 1569 vita,
2744 1515 2800 1563 et
2826 1522 3104 1573 sermone,
3139 1517 3195 1563 et
3227 1508 3334 1563 fide
3363 1523 3521 1578 pror-

1930 1609 2025 1649 sus
2058 1594 2414 1662 aberrarunt,
2450 1614 2553 1654 nec
2599 1600 2788 1669 pluvia
2826 1600 3016 1656 divina
3064 1601 3287 1656 ccelitus
3320 1602 3373 1657 in
3421 1617 3521 1656 eos

1931 1682 2072 1749 fusa,
2096 1686 2269 1741 ullum
2292 1704 2518 1759 germen
2552 1690 2849 1747 ediderunt.
2878 1692 3081 1763 (neque
3126 1692 3273 1748 enim
3305 1703 3365 1747 ut
3404 1694 3519 1764 jam

1931 1790 2071 1830 ame
2103 1776 2314 1833 dictum
2366 1788 2471 1844 est,
2514 1791 2821 1838 sementem
2851 1784 3018 1839 ullam
3072 1785 3348 1858 fecerunt)
3393 1801 3518 1850 nec,

1849 1844 1899 1905 Β
1929 1874 1989 1920 ut
2023 1876 2251 1936 prorSus
2286 1871 2526 1937 steriles,
2553 1873 2815 1931 illucente
2848 1877 3038 1947 gloriae
3081 1878 3198 1934 sole
3233 1844 3523 1934 maiurue;

1927 1968 2059 2012 runt
2084 1978 2097 2013 :
2123 1960 2209 2015 bis
2223 1961 2474 2031 profecto
2504 1966 2660 2019 nullo
2687 1966 2852 2021 modo
2876 1967 3133 2025 Christus
3158 1970 3388 2040 profuit,
3416 1987 3521 2027 nec

1925 2048 2131 2119 lapsos,
2160 2058 2222 2106 ut
2252 2053 2476 2122 opinor,
2507 2070 2697 2112 secum
2729 2058 3026 2125 excitavit,
3087 2068 3148 2116 ut
3199 2062 3295 2132 qui
3342 2064 3523 2119 salute.

1926 2144 2146 2210 penitus
2178 2144 2392 2218 indigni
2419 2159 2629 2205 essent.
2663 2150 2808 2217 Quin
2855 2168 2924 2207 ne
2964 2152 3021 2208 in
3057 2153 3240 2224 ipsum
3291 2156 3518 2226 quidem

1924 2249 2023 2290 eos
2044 2237 2350 2296 credidisse
2386 2240 2665 2298 existimo.
2704 2243 2927 2300 Primus
2965 2246 3170 2301 etenim
3202 2248 3291 2302 ille
3324 2264 3392 2303 ex
3425 2264 3520 2304 su-

1926 2328 2121 2396 perbia
2148 2329 2203 2384 in
2262 2332 2525 2389 tenebras
2594 2335 2784 2405 lapsus
2826 2336 3019 2404 draco,
3052 2354 3219 2409 quem
3250 2339 3302 2393 in
3340 2341 3521 2410 prima

1925 2426 2087 2473 aetate
2117 2420 2435 2486 coluerunt,
2456 2432 2674 2481 mentes
2707 2441 2928 2492 eorum,
2959 2443 3024 2483 ac
3053 2429 3371 2500 spirituales
3393 2447 3524 2487 cor-

1924 2507 2010 2563 dis
2034 2511 2229 2566 oculos
2250 2515 2499 2578 caecavit,
2525 2523 2586 2569 ut
2609 2515 2863 2573 videntes
2882 2534 2995 2574 non
3018 2520 3299 2584 viderent,
3331 2539 3520 2592 quem-

1922 2600 2223 2673 admodum
2255 2605 2525 2675 scriptum
2581 2616 2665 2662 est
2680 2604 2733 2641 ’¹⁹
2756 2648 2769 2670 .
2791 2618 2848 2665 et
2881 2610 3252 2683 intelligentes
3270 2614 3507 2670 omnino

1924 2707 2037 2747 non
2071 2693 2465 2766 intelligerent.
2503 2699 2720 2771 Reliqui
2742 2713 2926 2759 autem
2954 2720 3170 2772 omnes,
3211 2707 3303 2777 qui
3329 2722 3521 2765 semen

1924 2797 2312 2854 susceperunt,
2365 2788 2559 2859 illapsa
2614 2793 2802 2861 pluvia
2855 2809 3083 2865 germen
3136 2798 3515 2866 protulerunt,

1924 2883 2090 2945 atque
2122 2888 2318 2964 exorto
2345 2880 2462 2936 sole
2484 2885 2868 2941 maturitatem
2910 2896 3332 2945 contraxerunt.

2528 3019 2755 3077 CAPUT
2784 3019 2921 3084 xut.

1925 3134 2044 3202 Qua
2070 3138 2282 3191 demum
2311 3141 2518 3193 ratione
2538 3138 2790 3215 _qureli_bet
2820 3141 3004 3194 anima
3027 3159 3181 3197 suum
3213 3146 3375 3215 ipsius
3404 3164 3523 3202 corn

2171 3224 2269 3278 pus
2294 3226 2328 3262 a
2354 3210 2575 3262 mortuis
2605 3212 2861 3265 exsistens
2914 3210 3265 3283 recognoscat.

1991 3347 2189 3403 ANIHA.
2241 3345 2460 3417 Optime
2511 3362 2641 3402 vero
2694 3363 2811 3402 rem
2873 3349 3202 3419 explanasti,
3273 3353 3521 3424 mihique

1925 3439 2223 3496 tradidisti.
2260 3439 2519 3494 Divinum
2551 3439 2660 3495 hoc
2691 3441 3070 3496 testimonium
3113 3444 3438 3513 amplector,
3464 3458 3524 3503 et

1921 3550 1989 3589 eo
2009 3549 2130 3589 sum
2154 3541 2435 3589 contenta.
2461 3531 2566 3587 Sed
2588 3532 2739 3586 enim
2756 3532 2906 3588 aliud
2935 3534 3114 3589 habeo
3135 3536 3524 3605 quaerendum,

1923 3632 2089 3694 atque
2123 3623 2200 3690 id,
2227 3631 2286 3676 ut
2313 3622 2532 3691 opinor,
2558 3621 2799 3677 difficile.
2830 3622 2945 3677 lloe
2979 3625 3144 3678 etiam
3174 3641 3274 3695 pro
3308 3627 3525 3683 viribus

1879 3776 1883 3781 ,
1926 3717 2035 3772 tuis
2064 3716 2278 3771 solvere
2306 3715 2461 3769 velis.
2492 3712 2629 3769 Cum
2664 3714 2810 3769 enim
2839 3716 3068 3770 mortale
3097 3732 3299 3787 corpus
3330 3720 3519 3776 anima

1928 3808 2252 3864 immortalis
2282 3807 2612 3872 deseruerit,
2635 3822 2874 3875 quonam
2905 3808 3070 3864 modo
3093 3810 3147 3863 id
3179 3812 3327 3881 quod
3355 3823 3518 3869 teter-

1924 3914 2057 3952 num
2087 3908 2193 3962 est,
2216 3898 2327 3967 jam
2351 3904 2673 3965 corruptum
2699 3912 2763 3951 ac
2794 3896 3037 3952 deletum
3068 3898 3319 3955 invenire
3348 3912 3518 3972 atque

1924 4003 2254 4060 cognoscere
2275 3985 2522 4042 valebit?
2549 3987 2613 4040 Et
2637 3987 2742 4042 alia
2768 3986 2992 4058 reliquit
3015 4004 3216 4058 corpus
3238 3991 3518 4057 mutilum,

1925 4081 2029 4135 alia
2060 4081 2312 4145 surdum,
2367 4079 2474 4135 alia
2532 4078 2901 4142 surdastrum,
2960 4081 3064 4137 alia
3122 4089 3358 4148 mutum,
3413 4084 3522 4141 alia

1924 4175 2186 4229 virilitate
2216 4174 2533 4243 spoliatum,
2572 4174 2676 4229 alia
2731 4188 2999 4239 macrum,
3036 4175 3141 4229 alia
3174 4176 3264 4229 vix
3299 4176 3521 4232 ossibus

1925 4266 2163 4330 haerens,
2189 4265 2293 4318 alia
2316 4265 2537 4335 pingue,
2559 4265 2806 4334 plenum,
2833 4280 3151 4329 carnosum,
3176 4282 3363 4337 grave,
3398 4269 3524 4322 inu—

1927 4357 2042 4423 tile,
2075 4357 2439 4423 ventriosum,
2466 4358 2818 4428 putredinem
2857 4374 3067 4414 meram
3103 4371 3158 4415 et
3190 4376 3520 4417 marcorem.

1931 4448 2048 4503 Alia
2069 4448 2337 4520 juvenile,
2366 4447 2639 4503 imberbe.
2664 4449 2785 4503 Alia
2807 4459 2968 4506 aetate
2989 4451 3369 4522 languescens.
3400 4456 3527 4510 Alia

232 4546 346 4601 Alii
417 4546 585 4602 Verbi
637 4546 1099 4611 incarnationem,
1157 4544 1611 4613 venerandosque
1644 4542 1819 4611 ipsius
1852 4528 1903 4585 Ῑ)
1925 4539 2130 4610 pedum
2152 4548 2210 4593 et
2258 4554 2520 4592 manuum
2546 4554 2648 4593 usu
2679 4538 3027 4603 destitutum,
3076 4542 3197 4595 Alia
3241 4543 3517 4609 infantile,

233 4638 540 4698 cruciatus.
578 4636 931 4706 reditumque
959 4636 1024 4689 ad
1064 4637 1236 4689 vitam
1286 4632 1681 4703 prwdicarunt.
1713 4631 1821 4685 Alii

232 4740 422 4788 ortum
456 4747 522 4785 ex
550 4726 790 4802 Virgine,
816 4740 981 4800 atque
1028 4729 1167 4783 adeo
1205 4744 1402 4783 nomen
1430 4727 1606 4798 ipsius
1640 4743 1824 4782 enuno

236 4825 539 4880 tiaverunt.
604 4842 622 4874 ι
665 4823 856 4886 Maria,
927 4822 1124 4892 inquit,
1193 4837 1393 4875 nomen
1457 4821 1744 4890 puellm".
1800 4838 1818 4869 ι

236 4915 343 4968 Aiii
383 4928 575 4968 rursus
601 4912 800 4968 eximia
827 4913 915 4965 illa
939 4911 1149 4972 omnia,
1176 4919 1499 4978 naturaeque
1525 4909 1637 4963 vim
1661 4923 1825 4962 exce-

231 5005 449 5070 dentia,
496 5020 528 5058 a
554 5003 778 5060 Christo
817 5005 969 5059 edita
1005 5002 1274 5056 miracula
1334 5001 1623 5056 vaticinati
1668 5011 1821 5065 sunt,

233 5102 345 5155 hoc
378 5107 485 5163 est,
523 5106 870 5153 mortuorum
918 5095 1334 5158 excitationem,
1375 5110 1670 5156 caecorum,
1707 5110 1828 5148 mu-

237 5204 446 5256 torutn,
509 5190 893 5259 leprosorum,
951 5186 1294 5251 surdorum,
1365 5185 1823 5249 febricitantium,

234 5283 696 5355 hydropicorum,
746 5296 810 5335 ac
881 5295 1080 5333 manus
1125 5278 1379 5333 siccitate
1433 5279 1824 5343 laborantium,

230 5375 691 5448 paralyticorum,
731 5384 896 5442 atque
921 5386 1112 5426 eorum
1143 5370 1239 5440 qui
1274 5369 1584 5424 daamonum
1626 5371 1817 5425 intem-

235 5469 411 5539 periis
467 5467 834 5526 vexabantur,
891 5464 1264 5527 curationem,
1318 5462 1825 5516 obambulationem

232 5563 370 5619 item
400 5561 454 5614 in
479 5561 637 5624 mari,
670 5568 728 5614 et
759 5573 960 5627 panum
991 5572 1056 5611 ac
1086 5558 1323 5627 piscium
1354 5555 1825 5619 benedictionem,

234 5668 547 5723 rursusque
568 5666 724 5722 aquae
753 5651 806 5703 in
830 5649 1020 5702 vinum
1049 5647 1564 5711 commutationem,
1590 5647 1826 5700 inemor-

314 5837 357 5868 "
425 5835 562 5892 Luc.
600 5836 744 5903 1,27.
817 5838 861 5868 ’ν
907 5836 1012 5890 lsa.
1051 5848 1124 5895 τι,
1152 5830 1237 5885 l0.

1925 4646 2103 4701 nuper
2129 4640 2343 4695 natum,
2386 4629 2442 4684 in
2473 4631 2634 4685 cunis
2672 4630 2855 4685 adhuc
2903 4632 3151 4702 vagiens.
3203 4633 3321 4688 Alia
3381 4649 3522 4690 con-

1922 4725 2128 4780 fectum
2160 4725 2338 4789 senio,
2369 4733 2425 4779 et
2451 4725 2603 4795 rugis
2635 4733 2942 4779 exaratum.
2986 4724 3108 4779 Alia
3139 4740 3295 4781 coma
3341 4728 3518 4797 nigra,

1923 4817 2028 4870 alia
2053 4816 2435 4887 subargentea,
2465 4831 2560 4871 seu
2586 4814 2999 4872 candidissima.
3048 4816 3128 4870 Tu
3156 4825 3335 4870 tamen
3368 4831 3521 4873 asse-

1924 4913 2002 4968 ris
2030 4911 2085 4966 in
2116 4911 2395 4967 communi
2422 4910 2829 4967 resurrectione
2871 4911 3195 4975 excitatum,
3222 4920 3279 4965 et
3332 4919 3516 4968 muta-

1927 5017 2043 5061 tum
2085 5005 2174 5068 iri,
2199 5013 2256 5059 et
2291 5004 2397 5058 tale
2434 5002 2706 5070 futurum,
2739 5005 2901 5074 quale
2937 5005 3102 5075 primi
3157 5004 3400 5074 parentis
3446 5006 3519 5062 ab
3558 5055 3566 5062 .

1927 5099 2087 5152 initio
2143 5097 2249 5152 fuit
2299 5094 2611 5158 conditum,
2679 5110 2878 5165 expers
2932 5097 3152 5153 habitus
3198 5097 3416 5168 pristini
3464 5110 3522 5154 ct

1926 5199 2203 5257 notarum,
2238 5189 2442 5261 quibus
2474 5198 2635 5242 antea
2676 5188 2964 5257 prmditum
3012 5189 3135 5244 fuit.

1994 5283 2161 5339 Cano.
2200 5285 2395 5337 lllirum
2425 5282 2684 5352 quiddam
2717 5290 2773 5335 et
2804 5280 3111 5336 inauditum
3156 5284 3304 5337 audi.
3342 5284 3422 5338 Nc
3463 5292 3523 5338 tu

1938 5378 2049 5433 illic
2084 5386 2296 5431 natura:
2351 5375 2741 5446 proprietatem
2792 5381 2847 5428 et
2879 5373 3074 5427 faciem
3132 5392 3383 5444 quaeras;
3423 5378 3523 5430 sed

1935 5470 2119 5524 omnia
2152 5484 2318 5536 supra
2352 5477 2608 5521 naturam
2648 5465 2765 5520 fore
2792 5466 2955 5519 crede
2987 5473 3044 5519 et
3088 5465 3407 5534 imaginare.
3462 5463 3523 5517 In

1937 5560 2041 5615 hac
2073 5560 2222 5613 enim
2251 5558 2370 5610 'vita
2404 5555 2718 5626 huiusmodi
2754 5554 3083 5609 differentiae
3132 5570 3197 5608 ac
3230 5563 3392 5615 notae,
3432 5552 3524 5609 hic

1935 5653 2166 5707 aﬂ’ectus
2194 5650 2302 5718 isti,
2330 5648 2738 5717 aliectuumqne
2772 5648 3025 5714 miseriae,
3058 5662 3193 5715 quas
3228 5647 3280 5700 in
3322 5660 3521 5714 corpo-
