4036 6428
492 291 604 357 Ἶ83

500 497 627 551 culo
647 494 782 549 nihil
807 492 1002 546 horum
1026 497 1306 553 cernatur,
1336 486 1429 542 sed
1458 487 1602 541 sicut
1622 486 1887 542 Dominus
1904 487 2078 552 norit,

499 585 787 659 ctjudicio
821 581 966 654 quod
1001 582 1114 651 ipse
1140 581 1266 643 scit,
1299 578 1565 634 inelIabili
1602 579 1764 633 modo
1793 578 2083 648 spiritibus

502 681 654 750 signa
689 674 985 739 dabuntur,
1031 672 1233 743 quibus
1265 670 1644 741 unusquisque
1685 684 1886 740 corpus
1922 685 2083 725 suum

501 776 893 840 recognoscat:
927 764 1393 835 quemadmodum
1418 778 1549 818 oves
1560 776 1688 817 suos
1705 777 1875 832 agnos
1890 761 1945 815 in
1964 760 2083 815 ovi-

500 860 668 924 libus,
692 857 1048 927 vicissimque
1069 855 1193 928 agni
1221 865 1455 912 malrum
1473 868 1697 908 suarum
1726 852 1896 906 ubera
1922 867 2087 923 agno-

496 962 676 1009 scunt.
717 951 838 1006 Non
884 949 1033 1005 enim
1070 962 1138 1003 ex
1172 947 1351 1019 signa,
1407 952 1505 1001 aut
1536 961 1602 1000 ex
1656 945 1843 1014 aliquo
1879 943 2085 998 indicio

497 1040 862 1113 aspcctabili;
894 1040 988 1095 sed
1024 1055 1087 1095 ex
1138 1038 1310 1093 odore
1342 1037 1578 1107 quodam
1608 1050 1784 1104 eaque
1816 1035 1934 1090 solo
1963 1050 2086 1088 mu-

495 1144 652 1188 tuum
683 1139 1040 1203 cognoscunt,
1069 1140 1131 1184 ut
1171 1142 1513 1197 unaquaeque
1544 1125 1739 1196 procul
1795 1123 1863 1178 ad
1922 1140 2084 1179 suum

497 1232 773 1280 accurrat.
807 1223 1149 1293 Frequenter
1180 1234 1283 1291 ego
1323 1219 1472 1274 mille
1500 1232 1633 1273 oves
1658 1216 1770 1270 vidi
1790 1216 1859 1270 ab
1889 1215 2087 1279 herba,

496 1325 550 1371 et
587 1315 807 1387 pascuis
836 1314 890 1367 in
916 1312 1079 1367 ovilia
1117 1312 1437 1374 redeuntes,
1468 1319 1525 1363 et
1564 1317 1736 1363 matre
1771 1308 1937 1363 etiam
1968 1306 2090 1359 lon-

494 1410 616 1479 gius
643 1423 841 1479 agnum
872 1406 1208 1477 requirente,
1231 1402 1501 1459 accedere
1530 1403 1690 1464 alios,
1723 1401 1955 1455 aliarum
1984 1398 2089 1453 fua-

498 1510 604 1556 tus.
652 1500 854 1554 Verum
903 1499 993 1553 illa
1045 1497 1268 1569 penitus
1319 1496 1555 1567 negabat
1588 1493 1781 1555 ubera,
1839 1501 1895 1547 et
1931 1491 2091 1547 lactis

495 1592 919 1655 nutrimentum,
946 1605 1052 1645 nec
1093 1604 1189 1644 eos
1216 1587 1565 1650 admittebat,
1601 1592 1830 1655 prapter
1856 1582 2087 1637 odorem

497 1685 788 1738 alienum:
840 1698 1001 1737 suum
1061 1691 1269 1749 autem,
1301 1693 1466 1750 quem
1515 1693 1583 1732 ex
1618 1676 1790 1731 odore
1842 1674 2089 1729 interno-

1734 286 2079 345 PIIILIPPI
2123 284 2514 345 SOLITARII

498 405 655 460 ribus
686 396 1027 463 enumeravi,
1061 402 1362 451 cernuntur
1395 411 1410 452 :
1454 392 1507 449 in
1556 392 1742 448 futuro
1768 407 1950 450 autem
1979 410 2078 450 εω-
2112 400 2155 457 Α

3657 291 3772 354 πει

2259 397 2448 450 Λκιιιι.
2488 394 2755 449 Dominus
2787 394 2931 449 inter
2957 411 3171 461 omnes,
3204 406 3258 451 et
3287 407 3416 454 ante
3447 415 3641 455 omnes
3678 405 3787 460 fore

2186 489 2585 561 dignissimus;
2630 489 2673 541 si
2703 489 2853 543 aliud
2895 489 3271 546 testimonium
3314 493 3653 563 suppeditat,
3703 495 3788 550 di-

2184 582 2287 634 ctis
2322 580 2419 635 abs
2446 590 2496 635 te.
2535 588 2722 648 aptum
2758 587 2815 634 et
2844 580 3206 643 conveniens,
3237 582 3408 636 addas
3447 583 3600 638 licet.

2254 672 2419 727 Cano.
2445 671 2688 725 Plurima
2721 684 2852 724 vero
2885 671 3262 740 suppeditant.
3292 672 3686 729 Verumtamen
3716 691 3787 730 ex

2189 774 2340 819 tanto
2379 779 2615 818 numero
2646 779 2756 818 non
2787 762 2893 818 nisi
2929 763 3055 827 tria,
3088 773 3331 833 quatuor
3386 776 3482 819 aut
3513 767 3784 837 quinque,

2186 872 2362 926 eaque
2400 871 2429 909 a
2477 854 2812 925 primoribus
2857 854 3116 910 Ecclesia:
3150 857 3425 926 magistris
3460 858 3628 927 petita
3664 875 3791 929 pru-

2188 953 2383 1008 l‘eram.
2409 948 2487 1003 Ne
2510 949 2669 1019 longe
2702 948 2917 1014 abeam,
2954 947 3383 1020 Chrysostomus
3415 951 3561 1005 inter
3590 952 3785 1007 Patres

2189 1039 2442 1099 eximius,
2478 1038 2897 1108 praeclarissime
2921 1039 3002 1094 sic
3039 1039 3234 1094 docet:
3262 1058 3280 1091 ι
3307 1040 3426 1095 Non
3447 1041 3626 1096 solum
3648 1058 3788 1111 quos

2189 1131 2447 1186 novimus
2481 1130 2778 1185 familiares
2803 1145 3190 1201 agnoseemus,
3232 1134 3324 1186 sed
3373 1133 3542 1186 etiam
3582 1133 3788 1202 quibus

2191 1239 2472 1294 nunquam
2524 1223 2625 1277 visi
2684 1238 2896 1285 sumus,
2952 1231 3048 1277 aut
3095 1238 3234 1293 quos
3286 1234 3446 1278 antea
3502 1239 3785 1293 nunquam

2192 1318 2447 1373 novimus
2471 1316 2769 1380 Abraham,
2804 1315 2977 1380 lsaac,
3011 1315 3206 1381 Iacob,
3250 1330 3445 1371 omnes
3483 1324 3633 1371 retro
3689 1332 3784 1385 pa—

2193 1408 2467 1463 triarchas
2503 1423 2674 1477 usque
2728 1407 2796 1462 ab
2826 1407 3063 1477 origine,
3116 1407 3434 1476 praphetas,
3491 1416 3783 1478 martyres,

2197 1499 2406 1561 Patres,
2436 1498 2731 1567 apostolos,
2761 1513 2954 1553 omnes
2978 1498 3071 1567 qui
3096 1499 3163 1552 ab
3192 1498 3420 1563 Atlamo,
3451 1498 3578 1554 inde
3608 1516 3785 1569 usque.

2196 1608 2224 1646 a
2266 1592 2569 1663 primordio
2617 1594 2684 1647 ad
2738 1595 2899 1648 linem
2951 1592 3236 1664 propagati
3287 1600 3437 1657 sunt,
3467 1592 3672 1646 viritim
3728 1605 3786 1647 et

2196 1686 2491 1756 separatim
2522 1685 2922 1756 perfectissime
2957 1701 3278 1757 csgnosces.
3310 1685 3524 1741 Similia
3550 1686 3788 1742 Basilius

498 1776 708 1840 scebat,
732 1791 843 1829 non
865 1773 1216 1829 excludebat.
1247 1771 1340 1827 Sic
1362 1770 1608 1824 omnium
1640 1781 1932 1845 corporum
1960 1772 2089 1818 tunc

2199 1778 2251 1832 in
2277 1777 2528 1833 oratione
2553 1786 2745 1832 contra
2775 1777 2975 1834 divites
3006 1792 3222 1832 avaros.
3247 1776 3533 1844 Quomodo
3561 1792 3783 1832 causam

498 1884 719 1939 quoque
758 1868 850 1922 lict
894 1866 1123 1937 agnitio,
1177 1880 1276 1935 per
1314 1863 1602 1927 indicium,
1634 1859 1780 1931 quod
1823 1856 2093 1914 divinitus

498 1961 742 2026 dabitur,
770 1974 895 2014 cum
934 1958 1000 2012 ad
1031 1957 1175 2012 tubae
1211 1955 1453 2012 caelestis
1491 1955 1733 2009 sonitum
1786 1951 2034 2006 rediviva
2061 1964 2092 2004 e

498 2051 764 2124 sepulcris
822 2050 1146 2121 prodibant.
1206 2049 1440 2120 Signum
1495 2046 1633 2102 illud
1706 2060 1809 2118 ego
1866 2043 2090 2114 quidem

496 2149 712 2216 ignoro,
746 2145 845 2200 soli
876 2142 1165 2200 Conditori
1193 2152 1407 2197 natum.
1446 2140 1564 2196 Non
1592 2139 1740 2194 enim
1771 2138 1875 2193 sub
1898 2151 2094 2193 sensus

496 2237 646 2293 cadit
669 2252 772 2292 nec
799 2246 882 2291 est
912 2243 1265 2304 corporatum
1299 2250 1312 2286 :
1344 2218 1448 2289 sed.
1485 2231 1847 2302 intelligentia
1881 2238 2091 2283 tantum

498 2330 709 2400 percipi
742 2336 943 2398 potest.

1103 2438 1325 2496 CAPUT
1355 2438 1494 2495 XIV.

510 2561 815 2617 Generatim
868 2576 1048 2614 omnes
1076 2560 1216 2614 inter
1242 2573 1299 2610 se
1326 2558 1622 2627 agnituras,
1673 2554 1836 2627 donec
1887 2552 1983 2609 atii
2025 2555 2094 2607 ad

575 2635 873 2690 dexteram.
930 2630 1025 2685 alii
1078 2629 1148 2683 ad
1206 2625 1480 2684 sinistram
1510 2625 1719 2680 Iudicis
1754 2632 2089 2691 separentur.

570 2699 707 2757 Inde
732 2701 907 2771 justas
934 2702 987 2771 in
1011 2715 1216 2753 omnem
1258 2697 1632 2771 mternitatﬁem,
1663 2704 1959 2761 peccatores
1989 2709 2090 2746 au-

566 2780 677 2827 tem
704 2769 810 2827 non
835 2769 1065 2849 ainalius
1117 2778 1355 2824 mutuum
1392 2770 1700 2821 nasciturus.

572 2885 694 2939 Non
718 2883 894 2939 solum
924 2882 1158 2952 quisque
1193 2894 1395 2950 corpus
1447 2893 1630 2944 suum,
1658 2887 1718 2931 ut
1746 2877 1906 2931 allata
1938 2874 2091 2929 simi-

496 2975 731 3031 litudine
770 2972 1193 3038 declaravimus,
1225 2971 1323 3027 sed
1360 2970 1524 3025 etiam
1557 2966 1774 3038 cognati
1829 2974 2093 3037 cognatos

499 3077 554 3125 et
586 3067 813 3133 amicos,
853 3073 907 3121 et
940 3079 1133 3121 omnes
1163 3063 1254 3117 alii
1299 3062 1443 3117 inter
1473 3075 1533 3115 se
1568 3067 1888 3141 agnoscent.
1944 3057 2090 3113 Neu-

505 3163 713 3234 tiquam
749 3159 896 3215 enim
939 3156 1269 3228 putandum,
1305 3152 1626 3221 neutiquam
1664 3147 2093 3203 existimandum

502 3270 617 3310 non
653 3252 899 3323 singulos
928 3248 1163 3318 singulis
1187 3247 1241 3301 in
1277 3246 1367 3300 illa
1393 3242 1673 3299 communi
1725 3240 1973 3295 omnium
2005 3254 2095 3293 re-

507 3346 856 3402 surrectione
903 3348 961 3395 et
1007 3338 1218 3410 judicio
1267 3347 1430 3389 notos
1478 3335 1618 3388 fore.
1664 3333 1840 3386 Erunt
1881 3329 2097 3399 utique,

504 3438 601 3494 sed
631 3451 700 3492 eo
727 3433 895 3489 modo
915 3445 1025 3502 quo
1044 3429 1183 3494 dixi,
1211 3443 1321 3483 non
1352 3442 1451 3499 per
1483 3428 1711 3496 figuram
1740 3433 1797 3477 et
1830 3420 2095 3476 indicium

503 3528 787 3601 signorum
846 3522 1238 3593 corporalium,
1293 3519 1387 3575 sed
1449 3517 1620 3589 signis
1685 3513 2019 3587 quibusdam
2067 3529 2098 3566 a

504 3623 733 3681 materia
770 3630 1081 3689 etcarpore
1123 3618 1408 3689 seiunctis.

576 3719 771 3773 Amm.
798 3715 867 3769 Et
899 3712 1044 3768 unde
1075 3721 1294 3768 constat
1321 3709 1507 3765 istud?
1526 3711 1655 3779 quis
1682 3708 1849 3778 hujus
1876 3715 2096 3761 senten-

504 3812 596 3866 tite
621 3807 816 3865 testis?
845 3806 901 3862 Si
928 3805 1075 3862 enim
1106 3812 1273 3860 testes
1304 3803 1536 3858 idoneos
1571 3800 1813 3866 dederis,
1856 3799 2101 3861 credam,

503 3912 559 3958 et
596 3898 844 3973 probabo
879 3919 893 3954 :
938 3898 1149 3953 interea
1182 3894 1344 3951 fidem
1371 3910 1480 3950 non
1516 3894 1778 3965 adiungo.

576 3996 743 4049 Cano.
780 3992 1025 4047 Primum
1061 3988 1190 4043 audi
1222 3986 1506 4043 Christum
1552 3988 1607 4040 in
1657 3984 1973 4056 Evangelia,
2006 3983 2098 4037 ubi

505 4089 573 4142 de
610 4088 715 4141 hoc
739 4086 993 4157 dogmate
1046 4083 1337 4153 perspicue
1397 4080 1664 4150 loquitur,
1726 4077 1914 4146 aitque
1963 4073 2100 4129 divi-

506 4190 617 4235 tem
651 4178 805 4233 illum
833 4175 1122 4247 agnovisse
1166 4173 1433 4228 Lazarum
1472 4171 1531 4225 in
1574 4172 1697 4224 sinu
1736 4167 1971 4223 Abrahae
2009 4180 2099 4220 re-

512 4271 895 4343 quiescentem
930 4270 998 4321 ²⁰.
1056 4267 1202 4323 Alibi
1250 4280 1442 4320 rursus
1488 4263 1555 4317 ad
1608 4262 1828 4317 Judazos
1876 4258 2099 4329 inquit:

2193 1868 2463 1931 dicturus,
2494 1867 2692 1938 inquit,
2720 1883 2911 1923 coram
2936 1867 3086 1938 justo
3115 1867 3308 1921 Iudice
3337 1876 3389 1920 te
3425 1866 3685 1922 defendes
3716 1869 3790 1919 ab

2194 1960 2263 2016 iis
2286 1961 2379 2032 qui
2408 1962 2507 2016 abs
2531 1972 2582 2016 te
2613 1961 2856 2016 lacessiri
2887 1961 3091 2015 acriter
3123 1959 3446 2014 instabant?
3478 1958 3612 2013 Nam
3646 1973 3786 2029 quo-

2194 2069 2410 2126 cunque
2440 2055 2633 2109 oculos
2663 2053 3045 2120 circumferas,
3078 2055 3302 2108 umbras
3331 2051 3536 2122 ubique
3558 2051 3787 2106 simula-

2195 2163 2396 2218 eraque
2432 2148 2699 2202 malorum
2730 2146 2987 2218 aspicies.
3033 2147 3172 2202 llinc
3197 2146 3574 2215 orphanorum
3603 2145 3749 2216 laeiy
3771 2173 3784 2184 -

2194 2255 2314 2303 mre,
2354 2240 2504 2295 illinc
2538 2239 2829 2294 viduarum
2878 2240 3140 2311 gemitus,
3179 2239 3404 2294 aliunde
3459 2239 3557 2293 abs
3587 2247 3638 2292 te
3680 2254 3784 2308 op-

2195 2333 2370 2404 pressi
2396 2334 2879 2404 pauperes:servi
2935 2350 3075 2404 quos
3128 2331 3786 2399 laccrasti,vulneribus-

2194 2438 2303 2495 que
2356 2423 2588 2478 alfeeisti
2648 2440 2661 2477 :
2721 2423 2887 2478 vicini
2950 2440 3090 2493 quos
3133 2424 3199 2480 ad
3242 2424 3380 2478 iram
3431 2424 3781 2494 provocasti:

2194 2526 2393 2573 cuncta
2421 2515 2513 2571 hic
2536 2515 2802 2571 adversus
2826 2526 2879 2571 te
2911 2517 3237 2571 consistent.
3268 2516 3472 2571 Scribit
3499 2524 3554 2572 et
3577 2515 3787 2593 Grego-

2195 2610 2311 2664 rius
2340 2608 2653 2679 Theologus
2679 2609 2732 2664 in
2756 2610 2904 2664 hunc
2931 2608 3154 2663 modum
3179 2626 3192 2662 :
3216 2608 3371 2665 Tunc
3401 2617 3457 2664 et
3490 2609 3787 2665 Caesarium

2194 2701 2317 2755 luce
2368 2700 2673 2755 clarissima
2717 2700 3114 2757 circumfusum
3162 2701 3379 2766 videbo,
3414 2700 3592 2771 qualis
3650 2701 3786 2755 mihi

2194 2808 2292 2864 per
2309 2794 2559 2865 quietem
2585 2793 2903 2865 frequenter
2929 2794 3204 2866 apparuit.
3233 2793 3373 2862 Quid
3401 2809 3534 2850 vero
3569 2794 3783 2857 beatus,

2194 2894 2251 2940 et
2289 2884 2543 2956 lacrymis
2595 2885 2849 2941 addictus
2907 2886 2998 2942 ille
3051 2885 3290 2956 Ephrem
3348 2885 3563 2957 Syrus?
3605 2886 3785 2953 Tune,

2197 2978 2399 3048 inquit,
2427 2978 2590 3033 liberi
2629 2989 2888 3048 parentes
2922 2994 3053 3034 suos
3085 2978 3445 3052 redarguerit,
3476 2979 3621 3050 quod
3650 2978 3789 3034 nihil

2197 3086 2427 3143 operum
2458 3072 2833 3145 legitimorum
2868 3073 3121 3129 fecerint.
3158 3074 3226 3129 Et
3256 3075 3370 3137 alii,
3404 3091 3527 3130 cum
3553 3075 3793 3130 viderint

2202 3170 2365 3218 notos
2395 3179 2459 3218 ac
2494 3163 2796 3220 familiares
2855 3180 2983 3221 cum
3025 3165 3244 3226 ovibus.
3298 3175 3357 3221 ut
3405 3168 3694 3237 aptabant,
3724 3169 3793 3221 ad

2200 3256 2480 3311 dexteram
2510 3257 2827 3323 collocatos,
2868 3259 3319 3315 lamentabantur
3364 3260 3435 3315 ob
3465 3260 3793 3331 disiunctio-

2201 3362 2349 3413 nem,
2378 3345 2609 3413 ﬂebunt,
2630 3347 2921 3407 dalebunt.
2949 3348 3176 3420 Magnus
3198 3349 3531 3406 Athanasius
3563 3351 3794 3406 Alexan-

2199 3436 2485 3492 drinorum
2509 3439 2822 3509 episcopus,
2852 3440 3113 3498 doctrina:
3137 3442 3453 3497 orthodoxa:
3480 3436 3791 3513 propugna-

2203 3538 2309 3592 tor,
2335 3527 2753 3584 fundamentum
2771 3538 2826 3584 et
2857 3530 3031 3596 basis,
3056 3531 3136 3587 sic
3161 3532 3237 3587 ait
3261 3550 3273 3586 :
3303 3532 3371 3587 Et
3390 3532 3496 3589 hoc
3516 3535 3790 3603 iustorum

2199 3620 2491 3676 animabus
2521 3624 2803 3691 praemium
2832 3638 3157 3680 concessum
3199 3633 3306 3687 est.
3351 3634 3412 3680 ut
3442 3640 3566 3681 cum
3604 3641 3789 3681 resur-

2202 3712 2463 3774 rexerint,
2500 3726 2693 3766 ornnes
2737 3724 3153 3784 recognoscant,
3199 3730 3414 3785 unaque
3452 3714 3585 3781 sint,
3625 3717 3786 3771 simul

2202 3801 2412 3865 vivant,
2459 3801 2621 3856 simul
2670 3802 2946 3869 habitent,
3000 3803 3247 3860 fruentes
3285 3806 3481 3877 gloria,
3538 3813 3596 3862 et
3657 3822 3785 3861 cum

2199 3893 2421 3949 Christo
2450 3909 2628 3949 aevum
2685 3894 2971 3950 ducentes.
3026 3897 3350 3954 Peccatorcs
3382 3879 3565 3953 autem
3621 3900 3792 3956 etiam

2202 3986 2328 4050 hoc,
2357 3996 2554 4057 praeter
2599 3986 2706 4041 alia
2751 3987 3063 4058 privantur,
3094 4004 3205 4044 non
3247 3990 3517 4047 habentes
3549 3992 3787 4064 agnitio-

2203 4095 2351 4143 nem,
2393 4078 2534 4133 sieut
2560 4094 2663 4134 nec
2695 4077 2855 4133 aliam
2879 4078 3321 4145 delectationem,
3347 4097 3413 4136 et
3436 4098 3545 4153 quo
3566 4100 3598 4140 a
3629 4083 3797 4155 justis

2202 4168 2439 4239 separati
2485 4167 2716 4225 fuerint.
2749 4167 2904 4224 Sicut
2960 4169 3127 4232 igitur
3178 4171 3468 4238 actiones,
3500 4183 3557 4228 et
3608 4174 3793 4228 omnia

2204 4270 2335 4316 tunc
2382 4261 2669 4317 manifesta
2712 4269 2898 4326 erunt,
2927 4263 2999 4315 ita
3032 4261 3197 4317 etiam
3233 4264 3494 4319 omnibus
3542 4266 3792 4321 omnium

514 4382 533 4415 ι
573 4362 711 4418 Cum
750 4360 1004 4416 videritis
1049 4358 1350 4423 Abraham,
1387 4364 1444 4412 et
1499 4356 1671 4420 Isaac,
1725 4360 1782 4409 et
1813 4351 2004 4416 Iacob,
2046 4359 2101 4405 et
2202 4352 2372 4407 facies
2417 4361 2560 4406 notae
2598 4368 2610 4403 :
2643 4351 2840 4416 donec,
2879 4362 2939 4407 ut
2991 4352 3128 4417 dixi,
3182 4356 3564 4426 segregatione
3627 4357 3795 4421 facta,

505 4467 701 4508 omnes
732 4451 1028 4523 prophetas
1053 4451 1110 4506 in
1142 4465 1312 4521 regno
1360 4447 1483 4511 Dei,
1524 4462 1621 4501 vos
1669 4456 1855 4500 autem
1910 4443 2100 4512 expel-
2138 4473 2178 4526 ο
2206 4446 2440 4516 quisque
2471 4446 2537 4499 ad
2563 4446 2744 4500 locum
2772 4461 2935 4516 quem
2962 4448 3192 4503 sortitus
3216 4451 3342 4515 erit,
3376 4452 3576 4505 missus
3602 4450 3791 4505 fuerit.

508 4545 639 4602 li".
682 4563 701 4596 ι
738 4544 840 4599 llic
878 4545 1028 4599 clara
1054 4543 1284 4614 agnitio,
1316 4542 1623 4611 notitiaque
1647 4538 1998 4609 exprimitur.
2034 4535 2102 4588 Et
2197 4540 2277 4600 Ad
2311 4539 2483 4594 Deum
2522 4538 2749 4608 quidem
2805 4539 2963 4611 justi,
3000 4550 3057 4596 et
3101 4542 3324 4598 ordines
3370 4553 3725 4598 sanctorum:
3760 4557 3794 4598 e

504 4638 760 4707 quamvis
790 4636 903 4690 haec
930 4636 1033 4691 sub
1059 4636 1321 4705 parabola
1351 4632 1630 4697 dicantur,
1653 4639 1833 4686 tamen
1862 4638 1917 4682 tu
1951 4627 2103 4683 nulla
2196 4636 2416 4690 diverso
2440 4642 2759 4703 peccatores
2783 4632 2850 4688 ad
2874 4635 2995 4689 loca
3024 4634 3249 4690 horrida
3269 4635 3592 4691 catervatim
3620 4634 3794 4688 abdu-

507 4728 670 4783 modo
700 4727 914 4782 dubita.
948 4726 1229 4783 Parabolas
1264 4728 1411 4781 enim
1449 4739 1632 4778 rerum
1666 4723 1980 4808 futurarum
2007 4736 2099 4776 so-
2198 4734 2418 4788 cantur,
2472 4735 2991 4795 cognoscenturque
3041 4725 3110 4781 ab
3160 4725 3325 4793 aliis;
3378 4724 3482 4796 ipsi
3541 4724 3684 4778 inter
3732 4737 3792 4776 se

505 4822 620 4875 ient
649 4836 770 4875 esse
804 4820 1091 4892 imagines,
1115 4830 1172 4876 et
1217 4821 1323 4875 illae
1373 4817 1648 4887 inprimis,
1702 4831 1822 4885 qua:
1873 4815 1941 4869 ab
1989 4814 2101 4884 ipsa
2203 4818 2431 4872 minime
2466 4826 2851 4886 agnoscentes,
2904 4817 3044 4872 alios
3064 4814 3132 4873 ad
3180 4815 3445 4887 majorem
3481 4813 3788 4867 cruciatum

509 4913 771 4978 Veritate,
795 4911 1036 4977 Christo,
1064 4913 1310 4982 inquam,
1330 4909 1518 4963 futura
1535 4908 1864 4979 praelicente
1882 4908 2106 4976 prolatae
2201 4924 2362 4965 suum
2388 4916 2688 4978 agnoscent
2715 4907 2811 4979 t9).
2845 4907 2980 4962 Nam
3004 4907 3048 4963 si
3071 4918 3203 4961 tunc
3239 4903 3308 4959 ab
3330 4902 3453 4958 aliis
3493 4918 3602 4956 non
3625 4918 3793 4974 agno-

506 5006 678 5062 sunt'.
1570 5054 1573 5057 .
2206 5010 2517 5065 sectentur,
2551 5015 2788 5070 quanam
2843 4998 3139 5070 ignominia
3178 4993 3435 5048 scelerati
3465 4993 3541 5047 illi
3581 4995 3793 5063 plecte-

581 5103 627 5133 ὀ
687 5102 817 5159 Luc.
854 5120 966 5167 xw,
990 5102 1083 5157 29..
1153 5101 1194 5132 "
1223 5099 1359 5152 Luc.
1389 5113 1505 5161 xm,
1528 5097 1620 5153 28.

1788 5192 2006 5255 Jacobi
2042 5192 2318 5254 Gretseri
2359 5200 2545 5252 nota).

2204 5311 2296 5359 iv,
2341 5311 2462 5365 cap.
2525 5294 2681 5365 ult.;r
2725 5307 2852 5365 nam
2907 5303 3075 5359 quem
3120 5295 3411 5365 damnatus
3462 5287 3687 5365 videbit
3734 5290 3793 5344 in

578 5299 656 5368 (9)
689 5298 843 5365 Quod
878 5295 1122 5368 damnati
1157 5311 1215 5351 se
1246 5305 1580 5368 mutuoinon
1617 5304 1939 5368 agnoscant,
1979 5311 2088 5368 non

2204 5358 2481 5421 infernum
2513 5408 2527 5431 ,
2593 5358 2804 5435 judicio
2848 5358 3100 5431 peracto,
3162 5358 3421 5422 detrudi,
3470 5371 3565 5415 aut
3612 5360 3792 5430 reipsa

508 5366 731 5424 videtur
760 5368 896 5424 satis
919 5366 1206 5422 conforme
1232 5380 1387 5431 vero,
1414 5366 1674 5437 idemque
1694 5369 1961 5423 asseritur
1987 5367 2087 5421 lib.

1981 5475 2256 5541 Scholia.

574 5590 597 5613 ⁶
621 5586 945 5643 Theodorus
968 5584 1203 5641 Studita.
1238 5586 1509 5643 Parabala
1536 5597 1611 5642 est
1634 5590 1828 5654 oratio,
1859 5576 1923 5641 ea:
1951 5601 2093 5655 prte-
2204 5585 2305 5637 cies
2360 5583 2715 5655 respondens:
2761 5577 3020 5655 siquidem
3077 5594 3508 5655 nemaunquam
3550 5579 3665 5647 ejus
3717 5580 3798 5634 rei

508 5658 741 5715 sentibus
783 5655 931 5710 rebus
964 5655 1175 5727 futuras
1223 5658 1491 5724 indicans,
1536 5676 1648 5724 seu,
1695 5650 1871 5727 imago
1919 5650 2096 5709 rerum
2206 5655 2395 5723 afferre
2431 5650 2744 5723 parabolam
2771 5650 2963 5719 potuit,
2992 5664 3108 5716 qua:
3138 5650 3256 5716 ﬁeri
3283 5652 3614 5721 nequiuisset.

512 5734 837 5800 luturarum,
883 5740 975 5781 seu
1003 5726 1309 5796 futurarum
1344 5745 1521 5785 rerum
1548 5726 1858 5795 similitudo,
1903 5736 1950 5780 et
1980 5741 2097 5795 spe-
