4036 6434
220 462 329 528 l185

1669 477 2030 539 DlOPTRA.

3389 491 3503 555 785

221 575 460 634 rentur?
492 592 613 647 qua:
648 588 781 633 tunc
830 579 1026 635 acerba
1072 590 1127 635 et
1170 581 1514 638 intoleranda
1558 593 1664 650 est,
1700 601 1825 639 cum
1863 592 1897 645 Α
1932 587 2245 641 absolutum
2277 588 2486 659 utique.
2525 589 2647 646 Etsi
2672 591 2938 663 bipertito
2969 595 3208 662 dividar,
3232 603 3518 669 quomodo

219 669 348 739 quis
381 666 593 722 alienos
636 669 809 732 novit,
844 680 897 726 et
937 670 1006 724 ab
1058 670 1126 725 iis
1173 672 1440 727 noscitur.
1491 671 1819 743 Quicunque

218 761 370 815 enim
400 758 664 812 multatur
691 774 787 813 seu
821 758 1137 825 damnatur,
1168 779 1279 817 non
1306 780 1491 820 coram
1517 766 1587 820 iis
1616 766 1821 835 quibus

222 853 467 923 ignotus.
497 852 590 905 sed
620 852 826 920 quibus
861 862 1027 909 notus
1051 864 1136 910 est
1159 857 1458 912 erubescit.
1495 858 1628 912 Nam
1654 872 1819 928 quem

222 958 387 998 nemo
414 943 592 1005 novit,
625 959 725 998 cur
757 944 966 1014 pudore
1007 947 1402 1003 suffundatur?
1426 958 1482 1003 at
1517 957 1680 1004 notus
1700 950 1817 1005 sut-

223 1032 495 1086 [elidatur
526 1047 752 1087 necesse
783 1043 886 1089 est.
924 1034 993 1089 Et
1028 1036 1129 1092 hoc
1166 1037 1388 1106 quidem
1422 1038 1739 1108 hujusmodi
1765 1049 1822 1095 et

223 1132 329 1186 est,
363 1134 422 1176 et
451 1122 702 1177 dicitur:
754 1133 810 1179 et
859 1140 1052 1181 omnes
1101 1127 1368 1198 (exceptis
1412 1145 1553 1200 quos
1603 1132 1819 1201 excepi)

224 1214 469 1270 vicissim
519 1225 838 1286 agnoscent.
892 1217 974 1274 Tu
1014 1235 1147 1275 vero
1194 1222 1326 1292 quid
1360 1222 1429 1278 de
1471 1223 1591 1279 istis
1620 1225 1820 1296 proba-

224 1306 473 1362 tionibus
523 1307 742 1362 sentis?
781 1306 995 1370 Credis.
1060 1327 1129 1366 an
1161 1327 1272 1367 non
1317 1313 1541 1371 credis?
1576 1324 1635 1370 ut
1685 1317 1818 1370 mihi

223 1399 465 1454 videtur.

834 1541 1062 1599 CAPUT
1100 1543 1212 1600 XV.

227 1652 419 1722 Magno
463 1663 515 1707 et
579 1656 861 1710 novissimo
901 1656 986 1711 die
1026 1660 1327 1713 universam
1374 1670 1680 1714 creaturam
1749 1662 1820 1713 ad

293 1727 520 1800 speciem
550 1724 951 1796 elegantiorem,
975 1736 1024 1781 et
1047 1730 1516 1800 incorruptionem,
1546 1730 1819 1785 similiter-

301 1812 402 1864 que
427 1797 681 1866 humana
707 1813 929 1866 corpora
963 1808 1012 1852 et
1044 1797 1339 1855 animasin
1388 1801 1573 1856 melius
1622 1802 1818 1855 immuv

295 1875 465 1942 talum
487 1867 553 1920 iri
576 1864 728 1942 (πως
753 1864 999 1942 ειξᾳαηιηι
1028 1878 1202 1942 partes
1222 1870 1353 1925 duas
1374 1873 1448 1937 (in
1471 1873 1657 1942 quibus
1677 1870 1819 1925 scili-

292 1945 372 2009 cet
402 1938 537 1990 inest
568 1938 834 2009 irascendi
884 1948 931 1990 ct
974 1937 1369 2009 concupiscendi
1400 1937 1498 2009 vis)
1531 1942 1815 2002 desituras,
1850 1937 1893 1993 Β

291 2007 355 2060 τὸ
379 2010 502 2060 κατ’
525 2007 709 2061 εἰκόνα
733 2023 854 2061 cum
889 2007 1174 2080 archetypo
1196 2007 1568 2081 comparatur.

294 2141 846 2213 Aa:u.t.Neutiquam
876 2142 964 2198 bis
1010 2142 1175 2200 ﬁdem
1219 2144 1472 2218 denego;
1516 2148 1612 2217 qui
1669 2148 1818 2204 enim

224 2236 449 2305 possim,
491 2249 618 2288 cum
655 2245 711 2289 tu
753 2235 860 2290 ista
907 2242 1017 2290 tam
1067 2242 1191 2292 vere
1221 2253 1286 2293 ac
1320 2240 1516 2294 merito
1540 2240 1823 2296 disserue-

225 2329 300 2384 ris
344 2335 404 2384 et
438 2326 741 2382 docueris?
777 2327 963 2398 potius
997 2327 1094 2383 tibi
1143 2328 1211 2383 de
1255 2331 1539 2399 persoluto
1588 2333 1819 2402 quaesito

223 2432 347 2473 meo
364 2417 566 2489 gratias
581 2416 780 2483 habeo,
797 2416 1016 2488 quando
1033 2434 1101 2472 ex
1116 2417 1319 2475 Christi
1339 2437 1434 2475 ore
1451 2421 1640 2481 didici.
1656 2440 1818 2479 omne

222 2510 455 2565 verbum
492 2509 611 2564 ﬁeri
634 2508 924 2577 credibile,
955 2510 1001 2566 si
1031 2526 1063 2566 a
1084 2510 1302 2567 duobus
1331 2521 1427 2567 aut
1458 2514 1636 2570 tribus
1662 2516 1819 2570 testi~

223 2603 328 2658 bus
357 2601 525 2658 fuerit
546 2600 951 2657 conﬁrmatum.
982 2602 1187 2658 Verum
1217 2612 1387 2659 restat
1415 2604 1642 2677 insuper
1669 2607 1817 2663 a‘iud

222 2697 468 2767 ζήτημα,
509 2695 666 2767 cujus
704 2694 1077 2766 cognitionem
1130 2698 1506 2769 maximopere
1537 2699 1817 2755 desidero.

224 2790 497 2844 Existimo
522 2789 669 2844 enim
691 2787 859 2861 (sicut
884 2799 1001 2845 tute
1032 2805 1199 2860 supra
1219 2790 1481 2860 docuisti)
1509 2802 1564 2847 et
1592 2794 1814 2860 coelum,

224 2892 286 2936 et
312 2891 539 2945 terram,
560 2891 613 2936 et
636 2897 853 2938 omnem
874 2880 1113 2952 denique
1134 2894 1441 2939 creaturam
1476 2884 1530 2939 in
1560 2900 1818 2940 consum-

223 2974 476 3029 matione
505 2974 684 3029 saeculi
726 2974 795 3030 ad
846 2984 1096 3030 naturam
1128 2977 1579 3033 excellentiorem
1648 2979 1810 3034 reda-

220 3074 378 3120 ctum
407 3063 473 3118 iri
500 3066 678 3121 :sicut
708 3077 763 3121 et
788 3082 1021 3136 corpora
1047 3067 1330 3123 hominum
1364 3068 1419 3124 in
1447 3070 1610 3125 vitam
1636 3087 1808 3126 rever-

222 3170 446 3218 somm,
481 3157 842 3212 mutationem
871 3167 1083 3213 natura:
1116 3159 1170 3213 in
1191 3159 1387 3216 melius
1418 3161 1812 3231 adipiscentur.

1927 679 2211 736 immutata
2246 694 2301 737 et
2337 694 2588 740 truncata
2623 688 3020 758 plenitudinem
3062 693 3319 751 habebo?
3371 696 3517 751 Rur-

1924 787 2065 833 sum,
2093 789 2203 842 quo
2236 784 2395 844 pacto
2428 786 2650 832 secetur
2682 794 3081 852 separeturque
3121 784 3267 853 quod
3317 795 3513 841 natura

1922 873 2007 916 est
2041 862 2337 920 insecabile
2364 876 2421 921 et
2448 867 2856 939 inseparabile?
2894 872 3181 938 Quomodo
3230 887 3519 945 separetur

1922 964 2345 1025 separatumque
2374 962 2728 1027 permaneat?
2751 960 2808 1016 Si
2829 962 2998 1026 enim,
3025 973 3086 1017 ut
3104 963 3317 1028 dixisti,
3340 975 3517 1021 totum

1923 1046 2119 1100 anima:
2141 1048 2314 1117 gratia
2342 1047 2544 1123 factum
2572 1058 2676 1114 est,
2701 1052 2971 1124 quidquid
2991 1054 3259 1111 Conditor
3288 1066 3343 1111 et
3369 1058 3514 1113 Cou—

1925 1143 2171 1190 servator
2213 1136 2492 1206 produxit,
2536 1141 2776 1199 mundus
2816 1152 2999 1200 autem
3046 1145 3147 1202 istc
3188 1148 3410 1203 decreto
3452 1166 3516 1203 ac

1926 1232 2061 1278 nutu
2089 1224 2404 1283 Conditoris
2451 1246 2516 1286 ac
2566 1231 2783 1288 Domini
2833 1236 2888 1290 in
2940 1246 3146 1293 statum
3189 1226 3511 1294 nobiliorem

1924 1316 2198 1386 migrabit,
2225 1328 2282 1374 et
2330 1321 2725 1392 elegantiorem
2769 1325 3002 1383 formam
3038 1330 3297 1400 accipiet,
3349 1347 3520 1402 quam

1923 1426 2030 1477 qua
2075 1426 2222 1467 nunc
2247 1415 2516 1484 superbit,
2569 1417 2929 1490 habitumque
2978 1422 3410 1492 splendidiorem
3454 1442 3519 1479 ac

1923 1502 2249 1559 diviniorem
2268 1518 2658 1578 consequetur,
2681 1510 2916 1567 emcitur
2933 1514 3061 1568 hinc
3084 1516 3217 1569 mihi
3261 1517 3518 1587 injuriam

1924 1593 2176 1665 irrogari.
2211 1596 2350 1664 Quid
2382 1607 2438 1653 tu
2479 1600 2543 1655 ad
2572 1602 2687 1657 haec
2715 1620 2728 1657 ε
2757 1602 2812 1658 Si
2840 1606 3205 1674 perseverabo
3227 1623 3347 1662 esse
3370 1609 3514 1673 talis,

1920 1688 2102 1757 qualis
2133 1688 2297 1746 hodie
2322 1707 2466 1758 sum,
2499 1709 2603 1750 nec
2634 1695 2703 1749 ad
2733 1694 2903 1752 decus
2931 1708 2988 1752 et
3014 1699 3242 1769 gloriam
3280 1702 3512 1770 amplio-

1924 1794 2039 1834 rem
2099 1783 2393 1851 provehar,
2462 1786 2692 1855 perinde
2738 1798 2799 1844 ut
2851 1800 3049 1845 caetera
3098 1792 3304 1857 omnia,
3352 1788 3519 1863 atque

1922 1878 2087 1932 etiam
2118 1888 2201 1946 tu,
2226 1891 2293 1947 et.
2319 1888 2431 1935 tota
2468 1883 2708 1937 universi
2738 1885 2972 1954 species,
3006 1887 3251 1940 novitate
3281 1887 3514 1956 quadam

1924 1966 2294 2025 condecorata
2346 1980 2403 2026 et
2434 1971 2728 2039 illustrala,
2760 1983 2815 2028 et
2859 1976 3025 2030 rebus
3055 1977 3223 2031 alium
3265 1979 3514 2033 ordinem

1921 2067 2086 2130 atque
2115 2061 2337 2115 modum
2358 2066 2792 2132 prmstantiorem
2815 2066 3090 2134 videlicet,
3114 2080 3169 2122 et
3188 2069 3240 2122 in
3265 2072 3513 2125 omnium

1922 2151 2097 2218 spatia
2156 2154 2481 2208 saeculorum
2541 2162 3340 2226 permansurum-tenentibus
3392 2180 3404 2216 :
3469 2166 3515 2217 si

1918 2240 2148 2297 Greater
2194 2259 2413 2298 carnem
2469 2245 2922 2304 contubernalem
2978 2265 3042 2304 ac
3082 2252 3287 2306 sociam
3338 2268 3514 2308 meam

1922 2331 2229 2387 immolarit
2278 2342 2332 2389 et
2384 2334 2695 2401 honorarit,
2725 2346 2783 2390 ut
2819 2335 3069 2393 decrevit.
3127 2350 3183 2394 et
3214 2341 3394 2407 decet,
3431 2356 3517 2397 me

1919 2434 2102 2480 autem
2131 2424 2413 2482 dominam
2439 2426 2557 2483 sine
2586 2427 3008 2484 honestamento
3042 2430 3350 2503 reliquerit,
3383 2434 3517 2504 quid

1894 2516 2211 2572 ,dicemus?
2256 2518 2441 2573 inﬁma
2488 2521 2738 2585 summis,
2783 2536 2996 2576 summa
3045 2522 3248 2579 inlimis
3289 2527 3518 2580 omnino

1918 2607 2318 2662 miscebantur.
2353 2608 2640 2665 lmmutata
2683 2601 2831 2666 enim
2880 2613 3141 2669 inferiore
3185 2615 3515 2682 substantia,

1919 2715 2025 2765 me,
2063 2716 2186 2771 quae
2216 2701 2283 2755 de
2308 2703 2657 2771 superiorum
2686 2704 2881 2760 ordine
2924 2722 3068 2771 sum,
3113 2708 3263 2762 nulla
3304 2708 3519 2763 ratione

1918 2791 1997 2848 fas
2021 2804 2106 2848 est
2139 2794 2413 2864 negligere
2449 2813 2460 2848 :
2490 2796 2584 2850 sed
2615 2811 2741 2851 cum
2771 2797 3112 2854 honorabilis
3165 2807 3223 2853 et
3258 2800 3515 2863 illustris,

1915 2893 1973 2938 et
2024 2893 2218 2937 natura
2268 2882 2371 2938 sim
2425 2884 2784 2947 admirabilis,
2828 2886 3059 2956 :cquitas
3119 2889 3362 2958 postulat
3429 2905 3520 2943 me

1916 2974 2165 3046 dignitati
2190 2992 2323 3031 mea:
2348 2992 2535 3047 parem
2561 2978 2919 3033 mutationem
2944 2979 3197 3049 adipisci,
3221 2996 3342 3050 qua:
3370 2996 3513 3050 prae-

1908 3072 2127 3127 sentem
2170 3065 2314 3121 hanc
2353 3064 2731 3120 conditionem
2786 3080 2962 3120 meam
3023 3066 3318 3121 excellenti
3368 3082 3514 3135 prze‘

1916 3157 2116 3213 stantia
2145 3157 2335 3213 multis
2370 3157 2625 3228 partibus
2656 3165 2779 3227 post
2807 3171 2866 3211 se
2891 3156 3189 3228 relinquat.
3213 3155 3429 3212 Etenim
3466 3156 3515 3215 si

221 3244 328 3299 Sed
360 3245 416 3300 in
458 3262 566 3311 me,
598 3256 655 3301 et
686 3249 822 3302 meis
857 3248 1047 3313 rebus,
1081 3247 1191 3311 die,
1242 3249 1496 3315 obsecro,
1534 3252 1812 3320 quomodo
1840 3279 1885 3336 ρ
1916 3257 1973 3302 ct
2007 3248 2303 3302 inanimem
2332 3256 2584 3304 naturam
2607 3250 3000 3304 immutaturus
3024 3260 3129 3308 est.
3161 3259 3217 3304 et
3240 3245 3513 3318 quidquid

224 3347 357 3393 tunc
387 3354 476 3392 res
502 3354 563 3393 se
596 3338 862 3394 habebit?
893 3339 1078 3411 Egone
1122 3340 1247 3394 talis
1295 3340 1462 3397 etiam
1511 3350 1641 3398 tunc
1690 3359 1810 3411 ero,

222 3430 405 3500 qualis
462 3430 628 3485 modo
681 3431 838 3486 sum?
903 3448 1119 3502 nempe,
1181 3433 1486 3488 secundum
1543 3435 1813 3505 triplicem

222 3521 563 3586 facultatem,
623 3533 679 3579 et
724 3524 829 3579 alia
879 3541 1001 3596 qum
1050 3527 1119 3581 de
1169 3541 1255 3582 me
1298 3526 1610 3593 traduntur,
1663 3539 1719 3585 et
1755 3531 1813 3585 in

222 3619 313 3672 bis
343 3616 709 3673 immutabilis
746 3617 967 3690 penitus
1004 3634 1202 3674 cernar
1238 3630 1295 3676 et
1337 3621 1392 3674 in
1444 3636 1607 3677 omne
1638 3639 1812 3678 arvum

223 3712 308 3765 sic
350 3709 629 3781 tripartita
687 3712 889 3775 vivam,
941 3727 1272 3782 unaquaque
1321 3721 1503 3782 parte.
1555 3713 1814 3768 nimirum

223 3801 463 3869 ratione,
527 3802 630 3864 ira,
697 3811 754 3857 et
811 3803 1114 3872 cupiditate
1167 3803 1448 3858 definitam
1520 3804 1625 3859 sibi
1687 3804 1815 3860 l‘un-

222 3896 465 3951 ctionem
510 3895 851 3952 exercente?
888 3896 1023 3952 Nam
1055 3898 1100 3952 si
1147 3908 1201 3951 et
1256 3897 1310 3951 in
1370 3896 1555 3952 futuro
1615 3899 1815 3954 saeculo

222 3988 540 4059 huiusmodi
568 3997 772 4044 statum
810 3988 1032 4056 tenebo,
1061 3989 1261 4043 iterum
1302 3989 1816 4060 perturbationibus

221 4082 498 4152 subjecta,
528 4088 586 4136 et
623 4081 1015 4148 contaminata,
1044 4090 1099 4136 et
1128 4081 1349 4148 vitiosa,
1385 4080 1518 4136 dum
1552 4081 1637 4137 vis
1665 4081 1817 4138 istaec

221 4175 506 4244 tripartita
553 4174 620 4229 ad
660 4175 848 4230 illicita
896 4190 983 4231 me
1023 4175 1311 4245 pertrahit,
1353 4173 1536 4229 anima
1568 4174 1815 4245 profecto

221 4267 278 4322 in
307 4276 454 4321 statu
487 4267 743 4334 puritatis
769 4276 824 4324 et
857 4267 1184 4323 innocentia:
1215 4267 1538 4337 neutiquam
1566 4267 1814 4323 versabi-

218 4366 339 4409 tur.
372 4355 530 4420 Quod
565 4356 612 4411 si
650 4355 885 4413 lortasse
914 4372 983 4412 ex
1032 4357 1117 4411 bis
1150 4355 1327 4413 tribus
1362 4357 1500 4412 duas
1555 4357 1811 4423 amisere,

215 4447 506 4519 quomodo
557 4448 625 4502 iis
675 4447 977 4519 deperditis
1024 4448 1289 4519 perfectio
1337 4463 1458 4504 mea
1510 4450 1819 4505 constabit?

220 4540 362 4596 Nam
395 4539 485 4594 cui
521 4541 680 4611 plane
714 4541 870 4598 deest
901 4540 1133 4611 aliquid,
1169 4555 1280 4596 non
1316 4551 1400 4597 est
1427 4539 1733 4612 perlectum
1760 4553 1816 4597 et

1919 3339 2062 3394 inter
2101 3337 2354 3395 homines
2386 3341 2683 3406 ministrat,
2719 3356 2780 3396 ac
2807 3342 3000 3407 servit,
3039 3356 3124 3395 me
3158 3354 3321 3394 unam
3355 3354 3513 3393 men-

1923 3433 1992 3486 tis
2019 3440 2075 3487 et
2119 3430 2337 3487 consilii
2382 3431 2730 3503 participem,
2761 3444 2817 3487 et
2859 3432 2924 3487 ad
2969 3432 3259 3504 imaginem
3288 3430 3384 3486 Dei
3430 3431 3511 3485 la-

1914 3533 2083 3588 etam,
2114 3540 2182 3578 an
2223 3541 2333 3579 non
2375 3541 2642 3581 exornare
2676 3564 2691 3588 ,
2717 3540 2785 3580 an
2841 3541 2948 3579 non
2975 3525 3141 3580 etiam
3179 3525 3300 3594 plus
3332 3540 3500 3594 quam

1920 3617 2188 3671 mundum
2213 3616 2573 3671 cuboncslare
2617 3616 3062 3672 convenitHam
3113 3628 3168 3672 tu
3218 3634 3305 3671 me
3349 3616 3513 3683 doce,

1918 3709 2050 3779 quid
2088 3716 2405 3781 exspectare
2436 3718 2868 3762 consentaneum
2902 3708 2995 3763 sit.

1988 3797 2152 3854 Cano.
2184 3799 2245 3854 in
2301 3798 2470 3852 altum
2517 3797 2793 3866 quoddam
2854 3796 3081 3866 pelagus
3113 3795 3515 3863 cogitationum

1919 3909 1982 3947 ac
2018 3908 2276 3948 sensuum
2310 3907 2395 3946 me
2433 3890 2669 3945 inducis.
2697 3888 2853 3956 Quod
2889 3889 3038 3944 enim
3068 3890 3294 3959 (utaris,
3352 3887 3511 3941 labo-

1920 3989 2125 4042 riosum
2156 3994 2243 4041 est
2274 3994 2331 4041 et
2351 3984 2659 4054 copiosum,
2694 3998 2796 4037 uec
2825 3982 2985 4037 facile
3007 3983 3126 4053 ejus
3153 3982 3333 4037 exitus
3360 3980 3515 4035 inve-

1919 4079 2026 4133 niri
2054 4085 2254 4148 potest,
2293 4094 2393 4133 nec
2436 4086 2521 4132 est
2553 4086 2611 4130 ut
2637 4076 2930 4147 quisquam
2972 4073 3027 4129 id
3077 4088 3249 4145 parvo
3293 4072 3514 4142 negotio

1918 4181 2243 4242 assequatur
2271 4179 2326 4225 et
2364 4168 2652 4241 intelligat.
2680 4168 2894 4233 Haereo,
2924 4167 3111 4233 timeo,
3139 4166 3515 4221 obscuritates

1919 4264 2283 4334 eta-nigmata
2321 4261 2582 4332 loqueris.
2627 4261 2941 4317 Doctiorem
2988 4272 3337 4332 percontare,
3377 4257 3515 4312 mihi

1921 4368 1981 4413 ut
2013 4356 2343 4428 imperitiori
2378 4355 2620 4427 ignosce.

1989 4452 2184 4506 ANIHA.
2224 4450 2405 4504 Alium
2452 4449 2646 4505 audire
2713 4457 2769 4504 et
2823 4447 2893 4503 ab
2945 4448 3052 4503 alio
3099 4447 3311 4501 discere
3362 4445 3511 4499 nolo.

1920 4545 2055 4600 Nam
2091 4542 2239 4613 quod
2263 4542 2361 4599 tibi
2394 4541 2570 4609 adest,
2598 4558 2698 4598 cur
2729 4540 2781 4595 id
2826 4540 3047 4595 aliunde
3090 4540 3322 4610 petitum
3351 4535 3516 4592 eauti?

1506 4666 1725 4728 Jacobi
1760 4668 2036 4731 Gretseri
2074 4675 2266 4730 notae.

223 4797 284 4850 in
325 4791 528 4848 inferni
570 4807 792 4848 carcere
827 4793 1061 4866 versari,
1096 4807 1224 4866 eum
1266 4792 1458 4866 utique
1486 4793 1813 4866 damnatum
1850 4800 1892 4855 D
1925 4798 1996 4851 ad
2050 4803 2417 4866 augmentum
2444 4791 2711 4861 supplicii.
2752 4786 2888 4866 llaec
2934 4784 3247 4866 purandns.
3286 4782 3509 4866 Dioptra

220 4880 353 4935 esse
380 4870 538 4919 certo
565 4874 885 4935 cognoscet,
918 4863 1134 4918 etiamsi
1165 4863 1380 4918 nesciat
1404 4864 1531 4934 quis
1565 4865 1816 4935 qualisve

225 4938 304 5014 sit
342 4934 396 4988 in
429 4934 827 5014 Specie.n(_1_uod
878 4942 1064 4989 autem
1096 4935 1224 5003 quis
1263 4948 1585 5014 eumnquem
1620 4936 1677 4989 in
1696 4936 1818 5014 ‘hac

220 5008 344 5060 vita
370 5003 545 5065 norit.
571 5014 631 5058 ut
653 5004 800 5059 ﬁlius
823 5014 1131 5074 parentem,
1161 5018 1359 5073 parens
1383 5003 1578 5069 lilium,
1603 5006 1817 5062 amicus

225 5075 498 5135 amicum.
540 5076 705 5145 etiam
742 5076 798 5129 in
835 5075 932 5128 illo
973 5075 1296 5128 calamitose
1330 5082 1477 5129 statu
1529 5074 1817 5145 agniturus

220 5146 322 5211 sit,
364 5145 418 5198 id
456 5144 720 5214 theologi,
749 5161 824 5210 tv,
858 5145 914 5200 d.
936 5145 1061 5208 ult.,
1095 5153 1489 5214 tanquamper
1526 5144 1586 5199 se
1620 5154 1817 5201 notum

221 5229 549 5284 supponere
581 5213 858 5269 videntur.
889 5215 1079 5283 Neque
1114 5213 1381 5284 agnitioni
1417 5214 1549 5269 huic
1597 5214 1821 5271 obstant

223 5284 477 5340 tenebrat
510 5286 616 5340 illa:
646 5286 955 5341 exteriores
1000 5285 1054 5338 in
1087 5300 1226 5354 quas
1258 5284 1502 5339 damnati
1551 5285 1820 5340 dicuntur

220 5355 458 5421 conjici,
502 5356 655 5425 quia,
695 5365 754 5409 ut
791 5364 942 5410 recte
979 5354 1299 5419 Durandus,
1338 5370 1411 5418 IV,
1446 5355 1500 5408 d.
1538 5355 1629 5419 50,
1662 5370 1718 5424 q.
1767 5359 1818 5421 l,

220 5426 493 5494 explicat,
555 5427 783 5480 tenebrae
847 5425 956 5479 illae
1003 5440 1106 5479 non
1155 5434 1277 5478 sunt
1323 5425 1682 5494 intelligenda?
1727 5443 1821 5493 per

223 5497 532 5549 carentium
563 5498 924 5551 omnimoaam
968 5495 1203 5553 luminis.
1244 5496 1335 5548 sed
1377 5511 1471 5565 per
1501 5496 1818 5559 carentium,

220 5576 281 5620 ut
319 5567 453 5620 visio
483 5568 599 5635 ejus
622 5576 699 5622 eat
724 5565 1074 5626 deiectabiiia,
1097 5565 1234 5618 unde
1255 5565 1389 5618 tales
1414 5566 1641 5620 tenebris
1665 5575 1818 5635 erunt

220 5638 279 5690 in
317 5634 553 5704 inferno.
587 5639 713 5706 quia
742 5636 872 5691 nihil
898 5636 1168 5706 perspicue
1194 5635 1486 5706 videbitur;
1507 5637 1599 5689 sed
1621 5634 1821 5690 solum-

228 5707 393 5761 modo
425 5704 672 5762 videbunt
692 5708 762 5762 ibi
777 5707 872 5760 sub
900 5704 1133 5776 quadam
1160 5705 1532 5760 teuebrositate
1554 5706 1673 5768 illa,
1702 5723 1822 5776 qam:

223 5778 570 5847 afﬂictiouem
629 5777 774 5832 cordi
802 5786 1051 5847 possunt”
1075 5777 1332 5847 ingerere.
1369 5776 1536 5840 Unde,
1576 5779 1821 5847 «(armati

221 5843 481 5918 videbunt
527 5866 706 5918 prenas
728 5843 875 5911 suas,
906 5858 954 5900 et
988 5843 1107 5900 illos
1131 5843 1258 5915 quos
1298 5864 1473 5900 secum
1498 5865 1590 5916 per
1617 5845 1817 5901 malum

226 5915 535 5987 exemplum
567 5929 842 5973 traxerunt
870 5919 931 5971 de
963 5923 1189 5971 annulo:
1222 5918 1360 5988 quod
1387 5915 1553 5973 totum
1580 5919 1719 5973 cedet
1748 5919 1816 5971 eis

1926 4851 2230 4923 arbitratur
2284 4864 2422 4918 nihil
2455 4851 2701 4936 prorsus
2751 4856 2980 4936 luminis
3019 4857 3087 4936 .in
3132 4854 3348 4908 inferno
3390 4851 3509 4936 fore

1925 4947 2051 5008 post
2092 4945 2402 5008 extremum
2448 4926 2742 5002 judicium.
2782 4926 2949 5008 Quod.
2988 4926 3280 5008 siqyerqm
3334 4933 3504 5008 esset,

1916 4993 2192 5064 sententia
2228 4993 2466 5072 Dio'traE
2512 5009 2792 5074 utcunque
2814 4993 3152 5074 probabilis
3167 4993 3504 5074 obiceretur,

1916 5077 2134 5133 tametsi
2186 5065 2342 5129 visus
2375 5087 2483 5125 non
2518 5070 2591 5125 sit
2623 5065 2788 5122 unica
2818 5065 3153 5136 agnoscendi
3177 5065 3504 5136 quempiam

1921 5148 2097 5203 ratio:
2122 5160 2248 5199 nam
2270 5153 2326 5199 et
2348 5141 2563 5207 auditu,
2581 5150 2638 5194 et
2663 5138 2717 5192 in
2737 5134 2983 5192 tenebris
3011 5134 3296 5207 constituti
3339 5149 3510 5207 agno-

1918 5215 2406 5297 scere_quempiam
2431 5204 2721 5282 possumus
2741 5225 2756 5275 ;
2777 5207 3079 5279 praisertim
3099 5206 3144 5261 si
3166 5213 3325 5261 antea
3345 5204 3510 5261 nobis

1920 5304 2033 5358 non
2062 5286 2235 5358 luerit
2268 5286 2505 5353 ignotus.
2756 5350 2792 5358 __
2923 5348 2934 5358 _

1993 5356 2105 5426 (l0)
2149 5354 2256 5410 Per
2288 5346 2481 5409 "totum
2531 5359 2699 5426 caput
2740 5348 2966 5426 disserit
3004 5355 3199 5402 auctor
3240 5346 3308 5401 de
3356 5354 3502 5426 statu

1920 5418 2118 5484 animae
2140 5435 2264 5496 post
2287 5418 2746 5496 resurrectionem
2769 5420 2834 5496 ad
2858 5434 3060 5496 co_r_pns
3086 5431 3367 5496 regressae.
3395 5418 3504 5470 Pro

1919 5499 2126 5567 quibus
2140 5485 2360 5551 'rectius
2379 5491 2752 5567 intelligendis
2775 5490 2904 5567 lege
2920 5485 3275 5567 Franciscum
3298 5485 3502 5567 S_uarea

1923 5554 2058 5625 tom.
2090 5567 2159 5632 ll,
2194 5567 2251 5620 in
2288 5581 2346 5638 ut
2403 5580 2458 5634 p.
2497 5554 2924 5638 B.'Thomze,'d.
2969 5560 3088 5638 47.,
3122 5565 3259 5638 sect:
3312 5556 3377 5638 7_,_
3404 5554 3499 5634 ubi

1924 5631 2181 5696 accurate
2204 5631 2456 5705 explicat.
2486 5647 2618 5705 quze
2635 5634 2881 5686 actiones
2905 5631 3101 5705 anima:
3117 5631 3498 5705 sentientisin

1925 5693 2158 5779 corpore
2184 5693 2423 5778 glorioso
2458 5693 2568 5779 sint
2596 5701 2828 5779 futurae;
2854 5715 2990 5779 nam
3018 5699 3087 5779 de
3116 5694 3248 5766 ipsis
3271 5693 3503 5779 faculta:

1927 5768 2094 5844 tibus,
2154 5768 2250 5833 sua
2299 5775 2560 5847 potentiis
2618 5770 2915 5847 sentiendi2
2961 5768 3358 5847 dabin-mntiou
3418 5771 3504 5847 est

1924 5835 2055 5921 quin
2073 5835 2166 5905 eas
2193 5835 2383 5904 onnics
2397 5846 2578 5901 anima
2604 5841 2853 5913 corporis
2869 5839 3095 5911 gloriosi
3122 5835 3381 5891 habitura
3407 5835 3511 5889 sit..
