4036 6418
538 410 645 476 737
900 420 909 447 ‘

1764 410 1895 468 PH!
1910 410 1983 469 LI
1999 410 2113 469 PPl
2157 409 2553 469 SOLITARII

3690 408 3796 472 788

541 522 774 591 Quinam
822 520 984 573 alium
1043 517 1287 591 nondum
1328 516 1464 570 mihi
1515 515 1840 571 familiarem
1889 517 2124 571 interro-
2156 526 2194 578 Α
2228 518 2403 581 adest,
2428 518 2649 589 propria
2680 533 2747 572 ex
2771 516 3031 570 omnibus
3058 531 3181 585 quae
3206 515 3497 578 habemus,
3528 526 3585 571 ct
3616 530 3804 573 comes

542 613 821 685 gabo?’l‘u
862 612 1069 669 intima.
1111 617 1167 663 et
1210 589 1465 678 tanquam
1512 607 1817 662 eonvietrix
1871 624 2014 668 mea.
2071 619 2129 661 ιιι

544 703 676 757 mihi
708 696 1094 774 l‘CSp0llth.,Si
1141 696 1555 761 detrectaveris,
1616 697 1757 751 scias
1797 697 1983 762 velim,
2019 714 2128 751 non

544 806 596 849 te
624 793 761 846 alam
785 792 1144 861 imposterum
1172 808 1186 857 ;
1210 804 1318 845 non
1341 789 1548 853 cibum,
1565 804 1672 843 non
1697 797 1887 859 potum
1911 803 2127 843 mecum

540 889 717 942 sinam
761 900 978 954 capere.
1468 881 1509 929 Ἃ

608 982 775 1036 Cano.
807 980 1016 1035 Tamen
1052 978 1204 1035 canis
1230 979 1407 1034 lorum
1437 992 1547 1031 non
1577 976 1837 1040 comedit,
1868 985 1928 1029 ut
1963 977 2127 1033 nosti.

540 1074 678 1141 Quia
716 1090 845 1128 vero
876 1089 961 1128 me
1001 1089 1182 1145 urges,
1219 1070 1514 1127 dicendum
1549 1080 1634 1124 est
1667 1085 1769 1139 pro
1793 1068 2031 1124 viribus.
2063 1070 2131 1123 Et

541 1176 704 1220 antea
747 1166 842 1220 tibi
880 1165 1166 1228 afﬁrmavi,
1194 1174 1250 1220 et
1275 1165 1473 1220 iterum
1497 1162 1734 1229 afﬁrmo,
1758 1162 2130 1217 architectum

545 1258 919 1313 universitatis
948 1258 1112 1328 hujus
1146 1268 1237 1311 tua
1262 1272 1428 1312 causa
1461 1255 1725 1311 mundum
1760 1254 1910 1309 hunc
1942 1253 2133 1324 dupli—

542 1367 684 1417 cem,
719 1351 1057 1421 superiorem
1110 1364 1166 1405 et
1196 1348 1540 1413 inferiorem,
1577 1355 1681 1405 sub
1709 1348 1903 1403 oculos
1923 1346 2127 1402 caden-

541 1455 651 1499 tem
682 1453 737 1498 et
764 1460 869 1497 non
901 1443 1213 1508 cadentem,
1248 1443 1508 1513 quodque
1538 1442 1592 1495 in
1624 1440 1807 1495 medio
1833 1439 2126 1494 amborum

541 1536 761 1590 mistum
808 1546 864 1591 et
907 1544 1351 1605 coagmentatum
1398 1543 1501 1598 cst,
1530 1532 1931 1589 construxisse.
1957 1531 2130 1598 Quem

540 1642 665 1682 cum
702 1641 894 1680 rursus
923 1625 1233 1680 immutabit
1277 1634 1333 1678 et
1369 1623 1676 1687 innovabit,
1706 1622 1875 1677 etiam
1906 1628 2131 1691 propter

540 1730 596 1775 t'e
646 1730 911 1789 tuumque
973 1716 1323 1787 splendorem
1400 1724 1457 1769 et
1506 1713 1735 1782 gloriam
1786 1710 2127 1767 innovabit:

539 1825 662 1865 mea
691 1822 913 1879 quoque
944 1806 1267 1862 reformatio
1304 1814 1361 1861 et
1398 1804 1612 1859 refictio
1644 1814 1797 1858 tuum
1826 1811 1912 1859 εει
1935 1801 2128 1869 decus,

2233 609 2538 664 individua.
2570 608 2694 663 Ha-c
2713 608 2876 661 ambo
2896 618 3080 662 autem
3113 606 3388 677 principio
3414 622 3523 661 non
3558 608 3813 663 habuisse

2235 710 2285 754 te
2344 700 2505 762 scias,
2540 700 2649 752 vim
2714 697 3141 768 coneupiscendi
3223 708 3279 752 et
3338 697 3606 753 irascendi
3661 708 3811 767 puta,

2233 806 2392 850 erant
2422 794 2568 849 enim
2612 793 2845 847 rationis
2877 793 3163 861 expertia;
3196 790 3294 845 sed
3336 791 3614 861 posterius
3644 791 3814 844 indita

2236 883 2359 944 tibi,
2391 892 2447 937 et
2481 882 2729 952 apposita
2771 890 2901 936 sunt
2930 886 2989 945 ",
3024 891 3283 950 tanquam
3314 896 3464 934 arma
3490 880 3557 935 ad
3589 881 3813 950 propul-

2233 976 2466 1031 sandum
2522 974 3041 1044 devinccndumque
3078 974 3483 1037 adversarium,
3546 984 3607 1027 ut
3636 989 3815 1042 neque

2233 1070 2551 1124 vulneraret
2578 1079 2650 1131 te,
2681 1066 2882 1120 nudam
2909 1067 3157 1131 intuens,
3192 1080 3373 1134 neque
3389 1064 3587 1135 jaculis
3618 1064 3814 1134 igneis,

2233 1171 2290 1217 et
2321 1162 2499 1217 acutis
2520 1160 2731 1214 feriret.
2769 1146 2951 1212 Finito
2986 1167 3168 1212 autem
3214 1156 3381 1220 bello,
3414 1156 3816 1226 prostratisque

2239 1252 2502 1316 inimicis,
2535 1259 2590 1305 et
2639 1264 2774 1320 pace
2822 1246 3277 1316 tranquillissima
3340 1255 3659 1310 consecuta,
3718 1246 3818 1300 im-

2235 1343 2652 1414 pressioneque,
2673 1341 2841 1406 lucta,
2860 1347 2915 1394 et
2932 1352 3113 1408 pugna
3132 1335 3422 1400 confectis,
3453 1336 3819 1405 hostibusque

2236 1434 2434 1489 robore
2480 1442 2536 1487 et
2587 1430 2817 1486 audacia
2874 1428 3143 1498 spoliatis,
3186 1437 3243 1483 et
3281 1428 3443 1497 longe
3471 1428 3527 1481 in
3553 1427 3819 1497 gehennm

2237 1525 2416 1595 ignem
2462 1522 2742 1593 projectis,
2775 1520 2906 1590 quid
2941 1519 3045 1574 ista
3100 1518 3254 1573 velut
3285 1533 3438 1573 arma
3485 1517 3555 1572 de
3616 1527 3819 1571 caetero

2236 1616 2336 1672 tibi
2398 1614 2722 1685 proderunt,
2787 1611 2998 1665 videnti
3060 1618 3117 1665 et
3171 1608 3374 1664 ridenti
3438 1607 3819 1662 adversarium

2231 1711 2342 1779 jam
2358 1705 2689 1761 exstinctum
2712 1702 2951 1757 iAderat
2976 1709 3160 1755 autem
3185 1700 3283 1755 tibi
3316 1714 3440 1754 cum
3460 1707 3643 1753 mente
3674 1698 3820 1752 ratio

2238 1814 2373 1871 pura
2395 1809 2547 1868 puta,
2587 1796 2913 1858 castissima,
2950 1792 3269 1849 sinceritate
3296 1791 3530 1861 fulgens.
3562 1789 3647 1844 vis
3682 1803 3812 1842 con-

543 1875 764 1970 quando
792 1875 970 1952 honor
1001 1897 1249 1966 corporis
1282 1895 1348 1950 ad
1392 1895 1468 1960 id,
1518 1894 1667 1966 quod
1711 1893 1779 1948 ad
1837 1893 2130 1964 imaginem
2165 1875 2205 1931 Β
2239 1889 2562 1961 templandi,
2609 1887 2915 1960 iudicandi,
2947 1895 3005 1941 et
3043 1887 3163 1956 ejus
3197 1884 3333 1939 idea:
3361 1881 3654 1946 divinitas;
3680 1881 3819 1935 sim-

542 1991 637 2046 Dei
664 1990 866 2045 factum
901 1998 1002 2052 est,
1039 1988 1348 2044 redundat:
1385 1987 1529 2042 sicut
1559 1995 1773 2049 contra,
1803 1985 1851 2040 si
1878 1992 2129 2039 contem-

538 2097 643 2137 nor
667 2091 724 2137 et
744 2080 1067 2144 dedecoror,
1101 2079 1155 2134 id
1185 2080 1364 2152 ipsum
1392 2092 1612 2147 quoque
1641 2086 1735 2131 tua
1761 2075 1955 2131 refert.
1985 2075 2134 2129 Deus

540 2174 645 2229 sibi
683 2172 899 2237 sufﬁcit,
925 2153 1075 2226 nullo
1102 2171 1301 2226 horum
1324 2168 1556 2240 indiget,
1582 2184 1694 2223 non
1726 2168 1938 2222 lumine
1989 2166 2122 2221 solis

540 2273 598 2318 et
630 2264 793 2328 lunae,
846 2276 956 2317 non
1010 2261 1239 2316 orbibus
1294 2259 1636 2324 coelestibus,
1686 2273 1801 2313 non
1853 2267 2127 2312 terrarum

543 2353 755 2425 spoliis,
787 2369 897 2408 non
922 2363 1163 2423 quatuor
1197 2350 1503 2407 elementis.
1548 2350 1695 2405 Nulli
1747 2364 1973 2420 prorsus
2002 2362 2133 2419 ege-

543 2444 672 2499 stati
708 2442 955 2498 divinum
994 2441 1206 2498 Numen
1237 2441 1569 2512 subjicitur:
1615 2442 1710 2511 qui
1742 2441 1887 2495 enim
1922 2439 2029 2494 ulla
2073 2454 2133 2492 re

542 2534 775 2606 egeret?
814 2533 929 2604 (sed
969 2533 1066 2588 tibi
1102 2533 1285 2589 omnia
1314 2542 1371 2588 et
1419 2548 1566 2587 nunc
1599 2530 1923 2602 impertivit,
1973 2538 2029 2584 et
2076 2529 2131 2582 in

540 2624 732 2678 tuturo
763 2623 1086 2694 impertiet).
1128 2623 1185 2678 Si
1208 2638 1340 2694 ergo
1382 2624 1470 2678 his
1504 2638 1623 2693 qua!
1654 2630 1747 2677 tua
1792 2635 1955 2676 causa
1998 2636 2128 2690 pro-

540 2716 707 2771 ducta
757 2723 1258 2782 sunt,ornamenta
1302 2716 1513 2786 majora
1564 2714 1816 2784 quaedam
1862 2712 2130 2775 conferet,

540 2806 633 2860 illa
661 2821 876 2876 quoque.
912 2813 1136 2875 propter
1187 2814 1260 2868 te,
1292 2816 1349 2861 et
1391 2816 1483 2861 tua
1530 2821 1696 2866 causa
1746 2803 2129 2861 conferentur.

540 2899 752 2955 Ablatis
777 2908 957 2955 autem
998 2899 1095 2954 abs
1129 2907 1179 2953 te
1211 2898 1361 2955 hisce
1393 2897 1609 2954 duabus
1658 2898 2033 2963 facultatibus,
2075 2898 2131 2953 in

542 2995 743 3064 quibus
768 2993 1070 3063 cupidines,
1100 3002 1155 3046 et
1192 2993 1393 3047 irarum
1426 2992 1655 3047 ardores
1684 2992 1978 3057 exsistunt,
2003 2991 2129 3061 qui-

543 3086 776 3141 buscum
810 3095 936 3139 nata
966 3098 1023 3139 et
1052 3084 1237 3139 adulta
1269 3099 1352 3152 es,
1379 3083 1544 3140 simul
1579 3095 1729 3139 certe
1758 3100 1788 3139 a
1811 3095 2011 3139 natura
2035 3092 2128 3139 tua

2243 1983 2483 2054 plieitas,
2525 1996 2650 2037 cum
2707 1995 2815 2049 qua
2855 1978 3140 2034 conditum
3185 1986 3291 2041 est,
3327 1974 3474 2044 quod
3509 1982 3595 2027 est
3620 1987 3823 2027 secun-

2241 2075 2373 2129 dum
2427 2073 2716 2143 imaginem
2758 2071 2873 2125 Dei.
2923 2068 3094 2135 Quale
3142 2066 3391 2121 divinum
3449 2063 3817 2133 spiraculum,

2242 2184 2340 2238 per
2389 2166 2535 2235 quod
2568 2163 2846 2222 subsistis,
2876 2177 2906 2216 a
2949 2158 3221 2231 principio
3251 2157 3516 2221 habuisti,
3578 2155 3683 2209 tale
3732 2171 3824 2209 re-

2240 2258 2432 2327 cipies,
2469 2266 2633 2326 atque
2673 2254 2805 2308 hinc
2871 2251 3238 2312 nobilissima,
3270 2258 3327 2305 et
3398 2247 3820 2312 formosissima,

2240 2358 2296 2403 et
2336 2363 2502 2417 supra
2547 2362 2740 2401 omnes
2769 2344 2993 2399 ordines
3020 2341 3329 2397 cmlestium
3364 2337 3675 2409 apparebis.
3708 2338 3822 2391 Au-

2242 2440 2361 2495 ditu
2420 2455 2646 2501 novum,
2675 2447 2732 2493 et
2782 2438 2901 2493 visu
2935 2433 3282 2490 tremendum
3316 2432 3445 2496 erit,
3475 2429 3756 2501 quomodo
3791 2444 3822 2482 a

2239 2531 2414 2602 gloria
2441 2531 2495 2584 in
2518 2529 2897 2583 sublimiorem
2922 2525 3151 2595 gloriam
3174 2523 3462 2578 ascendes.
3496 2521 3610 2575 Hoc
3633 2529 3820 2573 tamen

2243 2626 2363 2679 κατ’
2390 2625 2576 2677 εἰκόνα
2616 2621 2685 2675 ad
2706 2621 2991 2689 imaginem
3024 2616 3137 2677 Dei,
3172 2629 3333 2669 nosse
3364 2622 3584 2683 oportet
3617 2611 3822 2666 arche-

2244 2725 2374 2788 typo
2401 2728 2524 2769 esse
2547 2711 2747 2774 simile,
2778 2718 2835 2764 et
2866 2706 2932 2761 ad
2965 2704 3098 2761 illud
3127 2702 3433 2758 imitatione
3459 2698 3822 2760 contendere,

2241 2825 2309 2864 eo
2344 2806 2621 2877 respicere
2652 2822 2665 2858 :
2699 2802 2911 2872 etquod
2935 2807 3119 2854 mente
3148 2803 3357 2851 tantum
3380 2802 3436 2848 et
3460 2791 3825 2861 intelligentia

2243 2902 2583 2964 continetur,
2607 2894 2748 2950 velle
2773 2892 2855 2947 illi
2887 2890 3059 2948 menti
3104 2888 3302 2946 divina:
3351 2883 3585 2942 evadere
3613 2881 3821 2939 simile.

2242 2992 2361 3046 Non
2417 2997 2673 3059 apportat
2728 2985 2950 3049 molem,
2990 2998 3094 3036 nec
3148 2978 3524 3041 latitudinem,
3565 2990 3668 3030 nec
3696 2990 3827 3043 pro-

2246 3087 2576 3143 funditatem
2604 3101 2617 3137 :
2643 3098 2755 3137 non
2814 3078 3190 3143 intervallum,
3227 3090 3337 3130 non
3389 3071 3824 3135 dimensioncm,

544 3179 755 3233 vitiosae
798 3178 1139 3242 affectiones,
1173 3192 1294 3247 quae
1340 3191 1406 3231 ex
1453 3177 1605 3231 hisce
1636 3176 1705 3231 ad
1738 3177 2133 3233 detrimentum
2163 3214 2208 3273 ο
2246 3195 2354 3234 non
2387 3188 2702 3232 mensuram
2736 3191 2750 3228 :
2779 3171 2847 3225 ab
2873 3171 3027 3225 hisce
3048 3166 3304 3223 omnibus
3334 3163 3561 3218 omnino
3583 3161 3825 3215 liberum

846 3271 856 3273 μ
1124 3269 1138 3273 -
1420 3268 1489 3273 φ-
1725 3270 1735 3273 -
2480 3269 2491 3273 -
2557 3270 2568 3273 _
2624 3266 2636 3273 .
2865 3265 2876 3273 .
2976 3261 3033 3273 ν.
3183 3259 3194 3271 .
3370 3257 3404 3273 ..
3470 3253 3818 3273 ,ωεηημμ

544 3284 701 3328 tuum
726 3271 1018 3341 prodeunt,
1042 3269 1384 3325 auferentur.
1411 3268 1491 3340 (Si
1518 3279 1700 3327 tamen
1724 3270 1799 3325 ita
1820 3285 1915 3326 eas
1935 3285 2130 3325 vocare

542 3366 695 3430 licet,
734 3363 881 3418 unde
924 3368 1302 3432 saepenumero
1329 3362 1558 3432 optima,
1607 3371 1663 3417 et
1718 3362 1956 3433 plurima
1999 3378 2132 3418 sane

548 3466 896 3526 promanant.
931 3455 1064 3509 Nam
1117 3455 1161 3509 si
1214 3470 1389 3520 mens,
1428 3454 1891 3524 quemadmodum
1943 3454 2130 3521 debet,

550 3549 808 3604 omnibus
856 3548 1143 3619 praesideat
1206 3556 1371 3619 atque
1440 3548 1713 3619 imperet!
1774 3549 2131 3604 all‘ectionum

553 3658 712 3698 usum
749 3641 943 3695 rationi
971 3641 1424 3708 convenientem;
1466 3642 1550 3696 sin
1581 3649 1785 3703 autem,
1812 3640 2131 3695 earumdem

556 3748 714 3788 usum
745 3747 774 3786 a
810 3732 1022 3787 ratione
1053 3747 1328 3794 aversum,
1354 3738 1410 3786 et
1433 3732 1627 3786 vitium
1654 3730 1941 3786 nominare
1969 3746 2136 3800 oper-

550 3827 672 3893 tet.)
707 3823 920 3893 E3enim
961 3822 1006 3877 si
1060 3822 1167 3877 illis
1193 3837 1401 3887 careas,
1434 3822 1598 3877 simul
1632 3837 1787 3877 cares
1842 3821 1970 3884 bile,
2033 3821 2133 3887 ira,

551 3905 836 3971 iracundia
881 3924 937 3968 et
971 3915 1295 3986 injuriarum
1336 3913 1622 3978 memoria,
1661 3913 1878 3980 timore,
1929 3913 2137 3967 timidi-

552 4018 703 4074 tate;
738 4022 841 4062 nec
869 4015 953 4060 est
992 4006 1101 4060 ulla
1130 4005 1274 4076 apud
1310 4014 1362 4060 te
1420 4004 1668 4073 audacia,
1707 4022 1815 4060 non
1858 4005 2137 4061 aemulatio

551 4100 921 4157 contentionis
967 4112 1194 4163 amans,
1236 4113 1342 4151 non
1377 4098 1630 4167 voluptas
1677 4097 1858 4168 aliqua
1909 4096 2139 4152 rationis

553 4204 774 4260 expers,
803 4205 926 4259 quae
957 4189 1199 4242 animum
1254 4188 1397 4245 fmdc
1438 4189 1679 4244 concitet
1707 4206 1721 4242 :
1746 4189 1841 4244 sed
1884 4197 1945 4241 ut
1974 4188 2136 4243 simul

556 4283 817 4352 ingressae
869 4289 1015 4341 sunt,
1059 4281 1141 4335 sic
1189 4280 1351 4335 simul
1404 4280 1630 4334 abeunt.
1662 4280 2031 4349 Supereilium
2084 4287 2139 4334 et

560 4375 855 4430 ostentatio
898 4374 1211 4438 cessabunt,
1237 4373 1282 4428 si
1325 4371 1405 4426 ira
1449 4372 1611 4427 desit.
1653 4372 1776 4426 Non
1819 4370 1925 4426 erit
1979 4369 2135 4434 ﬁdes,

558 4482 670 4521 non
705 4480 848 4536 spes,
878 4466 923 4521 si
951 4480 1060 4519 non
1095 4465 1170 4522 sit
1198 4464 1490 4534 cupiditas.
1522 4464 1783 4519 Memoria
1820 4470 2133 4517 evanescet.

2240 3280 2345 3338 est,
2374 3269 2493 3325 κατ’
2521 3266 2706 3337 εἰκόνα
2734 3265 2877 3334 quod
2903 3272 2990 3318 est
3020 3261 3074 3315 in
3107 3259 3311 3321 anima,
3336 3255 3486 3311 aliud
3509 3253 3824 3325 quidduam

2242 3374 2348 3430 est,
2385 3361 2535 3434 quod
2571 3377 2639 3416 ex
2655 3354 3068 3428 comparatione
3108 3350 3175 3405 ad
3207 3348 3545 3418 archetypon
3571 3344 3824 3399 omnium

2245 3454 2696 3526 antiquissimum
2756 3458 2813 3505 et
2872 3446 3197 3507 maximum,
3221 3450 3277 3497 et
3311 3439 3458 3512 quod
3513 3435 3826 3493 secundum

2245 3558 2457 3603 natura:
2485 3560 2597 3601 suae
2628 3541 3018 3613 preprietatem
3073 3534 3236 3590 simul
3270 3541 3328 3587 et
3373 3528 3543 3586 semel
3577 3528 3681 3583 tale
3712 3538 3825 3591 est,

2246 3638 2623 3710 intelligimus.
2653 3633 2790 3689 lllud
2825 3630 3062 3702 primum
3094 3637 3151 3682 et
3177 3625 3507 3687 increatum,
3535 3620 3641 3674 hoc
3666 3634 3828 3673 crea-

2248 3743 2362 3788 tum
2386 3739 2491 3786 est.
2516 3727 2656 3783 Illud
2686 3733 2883 3780 natura
2909 3731 2997 3777 est
3024 3732 3224 3788 expers
3256 3713 3538 3787 principii,
3573 3711 3824 3764 omnium

2245 3839 2428 3879 rerum
2455 3821 2730 3891 princeps,
2762 3825 2819 3871 et
2838 3814 2995 3884 plena
3015 3823 3179 3866 causa
3212 3826 3225 3862 :
3256 3807 3363 3861 hoc
3392 3812 3574 3859 autem
3592 3802 3825 3856 omnino

2248 3916 2456 3986 cmpit:
2488 3921 2574 3967 est
2622 3906 2896 3978 siquidem
2964 3918 3056 3957 res
3106 3898 3327 3955 condita
3355 3897 3479 3968 (nec
3524 3896 3668 3950 enim
3705 3894 3821 3963 jam

2250 4011 2425 4078 imago
2453 4003 2562 4060 dici
2606 4009 2807 4072 potest,
2846 3997 2893 4052 si
2934 4010 3151 4064 semper
3176 3989 3281 4060 est)
3313 3987 3613 4058 exemplari
3644 3986 3827 4056 primo

2244 4102 2452 4171 absque
2473 4093 2775 4152 mutatione
2792 4106 2957 4162 quam
2980 4086 3343 4143 simillimum.
3372 4083 3487 4137 lloc
3507 4082 3674 4152 igitur
3705 4095 3825 4135 ma-

2247 4193 2444 4249 nifeste
2478 4196 2664 4246 creata
2709 4194 2929 4247 natura,
2984 4188 3041 4236 et
3073 4178 3355 4235 conditum
3401 4173 3683 4245 quippiam
3714 4179 3821 4227 est.

2248 4285 2455 4341 Natura
2475 4290 2658 4335 autem
2682 4284 2739 4331 et
2766 4273 2909 4328 ratio
2937 4268 3310 4331 conditorum,
3334 4265 3464 4334 quid
3486 4262 3703 4316 tandem
3728 4261 3823 4320 sit,

2245 4376 2380 4431 satis
2434 4373 2628 4430 claret.
2658 4364 2817 4435 Quod
2851 4364 2896 4419 si
2948 4375 3139 4418 verum
3181 4367 3266 4415 est
3303 4356 3450 4428 quod
3490 4355 3715 4414 dicitur,
3746 4351 3826 4406 si-

2246 4467 2361 4523 cuti
2421 4464 2584 4534 plane
2643 4468 2747 4523 est,
2774 4470 2938 4527 quam
2988 4463 3048 4508 tu
3082 4452 3341 4522 majorem
3395 4450 3537 4501 hanc
3566 4443 3823 4515 gloriam,

559 4558 694 4624 QUiS
723 4558 868 4613 enim
890 4558 1007 4628 ejus
1038 4556 1211 4612 usus?
1242 4558 1420 4626 Atque
1455 4556 1571 4611 haec
1608 4556 1854 4625 quinque
1890 4564 2018 4608 sunt
2052 4570 2109 4607 ra
2173 4551 2215 4604 ῐ)
2246 4568 2341 4614 aut
2366 4571 2530 4627 quem
2591 4553 2757 4608 alium
2800 4550 3094 4611 honorem,
3120 4544 3311 4600 divino
3360 4538 3822 4611 praestantioren‘t,

557 4650 747 4714 tionis,
776 4660 838 4705 ut
872 4649 945 4704 ita
978 4649 1181 4714 dicam,
1213 4648 1458 4717 germina
1481 4652 1518 4701 °.

631 4742 861 4799 Vacabis
883 4742 1048 4812 igitur
1070 4742 1149 4796 ira
1171 4753 1226 4797 et
1254 4740 1580 4810 cupiditate,
1621 4754 1715 4793 seu
1743 4739 2147 4809 concupiscen-

560 4836 660 4891 tia.
689 4834 826 4889 Cum
861 4834 1011 4888 enim
1049 4833 1117 4888 ad
1158 4833 1337 4901 ipsum
1389 4831 1550 4885 linem
1594 4839 1651 4884 et
1711 4842 2017 4884 extremum
2048 4845 2146 4885 eo-

561 4941 709 4992 rum,
744 4927 799 4979 in
827 4941 950 4995 quae
984 4924 1262 4995 appetitus
1285 4924 1461 4977 fertur
1508 4921 1845 4991 perveneris,
1872 4922 2023 4975 nullo
2055 4922 2149 4976 ho-

561 5033 685 5071 rum
704 5018 802 5072 tibi
827 5033 966 5087 opus
985 5018 1094 5073 erit
1129 5035 1141 5070 :
1168 5016 1326 5083 longe
1351 5014 1629 5069 recedent.
1662 5016 1913 5070 Veterem
1934 5015 2137 5085 quippe

564 5108 849 5163 hominem
890 5110 1109 5178 penitus
1138 5122 1369 5169 exuens,
1410 5122 1516 5159 una
1546 5121 1673 5161 cum
1712 5106 1831 5175 ipso
1864 5106 2136 5175 quidquid

565 5199 732 5253 habet
785 5199 962 5262 cxuis,
1017 5200 1327 5266 iterumque
1368 5196 1436 5250 ad
1490 5198 1655 5251 vitam
1683 5197 2139 5252 omnidoloreli-

566 5295 754 5349 beram
808 5292 1069 5347 recurris.
1126 5291 1253 5345 Sola
1308 5290 1550 5347 charitas
1590 5292 1642 5346 in
1670 5301 2001 5362 perpetuum
2041 5291 2137 5345 tibi

2249 4651 2348 4705 tibi
2382 4625 2774 4714 concupiscis?
2808 4642 2932 4696 Haec
2965 4655 2997 4693 a
3027 4653 3113 4692 me
3159 4636 3436 4704 disputata
3477 4625 3826 4687 intellexisti,

2249 4753 2309 4799 ut
2365 4742 2582 4812 Opinor.
2622 4738 2801 4794 Unum
2851 4750 2915 4789 ea
2962 4732 3103 4787 citra
3149 4724 3551 4812 dubitationem
3602 4714 3826 4812 credas,

2245 4841 2302 4887 et
2330 4803 2549 4900 probes,
2573 4835 2631 4881 et
2666 4824 2945 4885 admittas,
2980 4836 3048 4874 an
3078 4816 3234 4873 nihili
3282 4807 3549 4869 facienda,
3583 4814 3638 4900 et
3663 4803 3828 4900 falsa,

2246 4934 2302 4976 et
2330 4892 2519 4990 aperte
2549 4916 2806 4978 ridicula,
2841 4924 2899 4967 et
2940 4924 3114 4977 nugas
3148 4905 3424 4990 arbitrere
3455 4895 3631 4990 A(quod
3667 4892 3832 4962 equi-

2252 4987 2380 5069 dem
2439 5026 2545 5065 non
2580 5009 2734 5079 puto)
2780 5019 2943 5059 nosse
2989 4998 3171 5069 cupio.
3201 4994 3299 5049 Dic
3340 4988 3471 5059 quid
3499 4987 3741 5049 tandem,
3770 4992 3833 5039 et

2254 5101 2532 5174 quomodo
2565 5101 2632 5153 de
2668 5097 2753 5151 his
2787 5094 3014 5151 sentias.

2320 5194 2518 5252 Annua,
2554 5190 2673 5245 Non
2723 5201 2824 5256 ego
2855 5183 2957 5239 ista
3010 5177 3168 5232 nihili
3231 5171 3396 5231 facio.
3463 5170 3625 5234 absit,
3678 5168 3831 5222 Deus

2249 5286 2477 5341 meliora
2515 5301 2527 5337 :
2569 5281 2663 5337 sed
2715 5278 2960 5335 delector
2998 5269 3160 5327 dictis
3221 5266 3347 5327 tuis,
3383 5263 3667 5317 verissime
3701 5274 3826 5314 am-

2028 5432 2305 5497 SchOHa.

642 5574 656 5587 ⁵
690 5567 1009 5634 Gregorius.
1072 5563 1375 5616 Memoriam
1435 5565 1653 5617 dicimus
1696 5565 1756 5615 de
1805 5565 1865 5634 iis
1911 5579 2024 5626 qua!
2071 5560 2143 5612 ad

568 5640 734 5692 Deum
773 5633 824 5688 ct
872 5635 1048 5689 divina
1077 5642 1336 5702 spei-tant.
1382 5634 1518 5689 Nunt
1546 5634 1680 5697 quod
1715 5633 1875 5686 oculis
1908 5650 2136 5698 usurpa-

571 5720 676 5766 tur,
720 5706 973 5760 memoria
1024 5721 1126 5756 non
1149 5704 1364 5773 indiget.
1394 5704 1653 5757 Similiter
1683 5714 1729 5755 et
1769 5704 1919 5769 ﬁdes,
1948 5712 1994 5773 et
2026 5716 2138 5773 spes

571 5786 695 5829 tunc
729 5793 833 5829 non
873 5776 1095 5827 aderunt
1119 5790 1132 5826 .'
1158 5771 1277 5827 sold
1297 5776 1527 5827 Charitas
1570 5790 1733 5837 neque
1761 5789 1899 5825 nunc
1931 5771 2139 5833 desinit,

576 5860 665 5898 nec
694 5848 747 5900 in
788 5845 963 5916 futuro
994 5845 1212 5913 desinet,
1252 5846 1342 5899 sed
1372 5853 1608 5916 angesret
1633 5842 1879 5911 aiiiplius.

2320 5560 2359 5578 “
2387 5554 2705 5624 Gregorius.
2729 5544 2964 5624 δὶηψιςιςιῖ
2987 5554 3034 5596 et
3066 5541 3341 5610 unifonnis
3372 5539 3435 5591 ab
3467 5538 3613 5591 initio
3642 5533 3829 5587 anima

2252 5614 2528 5696 procreata
2574 5632 2669 5686 est,
2709 5614 3047 5696 ρτόιόριαδιὶἶ
3078 5614 3479 5696 ξνιᾳααιιξΞΙειξνιι
3534 5614 3710 5696 mente,
3728 5617 3829 5654 sua

2252 5671 2776 5761 iiivihiiBiIe,"'dqu
2828 5671 3231 5761 eratnivinitm
3280 5679 3414 5761 illud
3478 5671 3828 5761 spirac'ttlum.

2254 5744 2661 5821 Ilieiit-il'e-villi'
2688 5762 2769 5812 ira
2794 5764 2841 5807 ct
2863 5754 3120 5825 cupiditas
3154 5762 3347 5806 natura
3379 5744 3678 5801 irrationnli
3700 5756 3826 5795 cou-

2250 5847 2448 5892 stnntcs
2486 5831 2742 5904 copulata:
2764 5835 2902 5883 sunt
