4036 6460
274 432 381 497 789

1698 423 2029 488 DIOPTRA
2042 473 2057 487 .

3432 420 3548 486 790

274 550 502 620 plector,
535 545 804 616 suscipio,
830 546 1146 617 acquiesco,
1173 542 1442 608 admiror,
1467 540 1683 604 solutis,
1727 557 1850 611 quae
1886 545 1925 600 Α
1957 541 2061 593 vim
2116 541 2537 613 roncupiscendi.
2590 550 2646 596 et
2714 540 2774 595 τδ
2804 538 3111 611 θυμοειδὲς,
3173 537 3226 595 id
3287 550 3391 601 est,
3436 541 3543 593 vim

271 639 617 702 dubitabant,
644 647 917 708 quantum
950 638 1085 692 satis
1118 644 1224 691 est.
1252 634 1309 691 Si
1357 633 1518 689 ﬁdem
1561 634 1851 703 denegem,

274 728 473 785 merito
499 728 898 797 reprehendar.
928 727 1038 783 Nec
1057 737 1144 783 est
1171 726 1514 780 orthodoxus
1537 740 1638 779 nec
1688 724 1854 778 habet

273 830 485 890 partem
521 832 651 874 eum
684 818 866 872 Verbo
889 833 955 872 ac
984 817 1236 879 Domino,
1267 816 1363 886 qui
1392 815 1479 870 his
1502 815 1852 880 adversatur,

271 923 374 965 nec
400 908 602 979 dignus
627 908 776 963 illius
800 907 1012 978 nuptiis
1041 915 1098 962 et
1140 907 1382 962 thalamo
1410 905 1543 961 :scd
1592 905 1852 965 inﬁdelis.

269 1001 654 1072 blasphemus,
705 1000 1025 1056 Sadduearis
1075 999 1321 1054 deterior
1367 1003 1697 1054 censendus.
1742 999 1857 1066 Ego

270 1111 424 1158 vero,
450 1094 627 1165 gratia
654 1093 881 1158 Christi,
917 1092 1013 1147 abs
1059 1103 1110 1147 te
1154 1092 1357 1147 auditis
1395 1091 1555 1146 ﬁdem
1592 1090 1853 1161 adjungo,

267 1197 321 1240 et
349 1186 424 1239 ita
470 1185 612 1240 facta
655 1199 777 1239 esse
835 1185 972 1248 haec,
1007 1194 1068 1239 ut
1094 1193 1151 1238 tu
1202 1183 1392 1249 doces,
1447 1199 1553 1237 non
1586 1198 1854 1253 repugno.

269 1277 435 1331 Nullo
462 1277 626 1331 modo
650 1276 995 1337 contradico.
1030 1276 1196 1332 crede
1226 1275 1386 1338 mihi,
1416 1284 1471 1331 et
1499 1276 1572 1330 ita
1596 1275 1692 1329 tibi
1731 1291 1857 1345 per.

266 1368 465 1423 suade.
499 1369 637 1422 Ill-ad
660 1368 1047 1423 tantummodo
1080 1377 1133 1423 te
1162 1368 1419 1433 obsecro,
1439 1377 1501 1423 ut
1527 1367 1689 1423 dictis
1715 1382 1856 1438 quo-

266 1477 376 1530 que
404 1460 891 1515 conﬁrmationem
908 1460 1195 1516 adhibeas.
1214 1459 1389 1527 Quam
1421 1459 1466 1513 si
1493 1475 1595 1530 pro
1621 1460 1859 1529 quaesito

267 1567 561 1622 accepero,
607 1552 952 1607 satisfactum
998 1552 1135 1606 mihi
1181 1551 1389 1622 putabo
1435 1551 1491 1605 in
1546 1551 1855 1607 omnibus:

268 1661 322 1699 et
371 1646 481 1699 hoc
535 1660 652 1715 pra:
690 1646 813 1699 aliis
862 1647 1177 1711 immotum,
1218 1645 1633 1710 inconcussum,
1666 1653 1722 1700 et
1753 1646 1859 1700 alla

272 1737 459 1793 radice
495 1737 662 1793 ﬁxum
719 1754 785 1794 ac
831 1738 1049 1793 ﬁrmum
1112 1738 1168 1792 in
1208 1748 1436 1808 pectore
1495 1740 1856 1793 conservabo.

270 1829 510 1885 Tantum
525 1846 677 1889 cave.
693 1846 762 1886 ne
776 1832 964 1902 aliquo
986 1831 1149 1886 modo
1166 1845 1331 1886 voces
1350 1831 1499 1901 ipsas
1515 1840 1854 1896 commutes;

268 1921 365 1977 sed
395 1930 455 1977 ut
482 1930 632 1987 sunt,
674 1924 747 1979 ita
773 1923 1000 1986 referas.
1030 1934 1089 1978 et
1121 1923 1186 1977 ad
1232 1928 1464 1978 verbum
1515 1922 1708 1979 recita.

876 2014 1110 2071 CAPUT
1139 2015 1279 2070 XVI.

271 2116 334 2169 Β.
383 2111 628 2183 Gregorii
655 2109 880 2183 Ngssem'
911 2109 1083 2183 Aloeus
1119 2108 1182 2162 de
1226 2109 1417 2183 animo
1469 2111 1864 2183 tripartita_,_e:r

337 2179 1013 2254 dispu'tatione‘deanimo
1032 2189 1083 2234 et
1136 2179 1549 2243 resurrectione,
1576 2197 1694 2234 cum
1730 2179 1849 2234 Ma-

336 2249 493 2310 crino
518 2267 703 2307 sorore
736 2251 919 2306 habita
945 2249 1048 2320 (α).

337 2372 754 2426 Inreaaocnto.
782 2369 1043 2425 Animum
1069 2369 1227 2425 aiunt
1266 2385 1389 2426 esse
1426 2370 1858 2428 intellectualem

272 2473 551 2530 naturam,
581 2473 640 2519 et
688 2465 1144 2519 instrumentario
1194 2465 1413 2534 corpori
1462 2466 1688 2520 vitalem
1749 2468 1859 2521 vim

272 2558 339 2612 ad
366 2572 630 2613 sensuum
647 2557 1001 2613 eﬂicientiam
1017 2566 1186 2627 atque
1207 2557 1482 2612 actionem
1508 2559 1861 2628 ingenerare.

194 2668 203 2673 ·
278 2650 411 2704 Nam
444 2664 559 2704 non
610 2649 789 2704 solum
818 2649 965 2705 circa
995 2665 1118 2704 eam
1151 2651 1355 2704 mentis
1382 2659 1583 2705 nostrae
1604 2651 1863 2721 agitatio-

278 2760 428 2806 nem.
481 2761 591 2813 qua
652 2743 915 2800 scientias
965 2745 1308 2815 percipimus
1371 2759 1436 2798 ae
1486 2746 1861 2815 speculamur,

282 2836 475 2892 etiicax
527 2846 584 2892 et
610 2846 838 2893 actuosa
896 2837 1079 2892 anima
1112 2846 1301 2891 nostra
1329 2845 1436 2903 est,
1460 2853 1558 2907 per
1586 2853 1708 2892 eam
1743 2855 1865 2908 quae

288 2937 475 3000 tuente
497 2938 723 2994 constat,
742 2939 798 2986 et
826 2930 1193 2999 intelligentia
1226 2945 1339 2985 sua!
1365 2939 1577 2985 natura:
1601 2930 1710 2984 vim
1736 2931 1862 2985 talia

284 3019 544 3084 efﬁciens,
580 3036 756 3092 neque
775 3021 1025 3077 sensoria
1053 3036 1205 3082 vasa.
1238 3020 1714 3091 instrumentaque
1748 3022 1861 3077 sola

280 3113 349 3167 ad
384 3114 694 3169 naturalem
726 3114 1100 3175 efﬁcientiam.
1136 3115 1628 3185 operationemque
1662 3116 1862 3186 guber-

1960 636 2056 688 ἕνα»
2084 634 2499 699 concitatricem,
2551 634 2713 689 simul
2741 650 2807 689 ne
2831 633 2995 689 insita
3017 632 3072 687 in
3094 630 3293 695 animm
3325 641 3542 689 natura.

1960 736 2015 781 et
2043 728 2197 798 quasi
2223 729 2613 794 coesscntiata,
2637 737 2801 797 atque
2821 725 3330 789 consubstantiata,
3365 734 3423 778 et
3473 722 3544 776 ab

1963 820 2124 874 initio
2170 835 2296 875 cum
2350 835 2412 874 ea
2462 820 2597 887 sint,
2628 828 2793 889 atque
2831 835 2862 873 a
2890 818 3162 889 principio
3221 816 3406 871 statim
3438 830 3545 868 una

1962 928 2089 967 cum
2120 912 2404 968 creatione
2462 922 2518 967 et
2557 911 2959 967 constitutione
3008 911 3129 981 ejus
3174 907 3494 962 exstiterint
3527 920 3542 957 :

1959 1022 2027 1058 an
2060 1005 2224 1060 etiam
2264 1004 2473 1075 aliquid
2498 1004 2670 1069 aliud,
2705 1015 2870 1074 atque
2910 1003 3027 1073 ipsa
3084 1003 3221 1062 sint,
3250 1007 3302 1053 et
3354 1006 3545 1067 poste-

1963 1099 2078 1152 rius
2109 1096 2271 1152 nobis
2305 1098 2666 1153 accesserint.
2718 1095 2857 1151 Nam
2894 1094 3040 1165 quod
3085 1094 3203 1149 hate
3228 1091 3451 1161 quidem
3489 1089 3547 1144 in

1960 1190 2142 1243 anima
2170 1199 2492 1255 cernantur,
2549 1206 2617 1245 ex
2666 1204 2830 1260 atque
2881 1195 3103 1243 constat
3152 1187 3295 1240 inter
3331 1198 3545 1238 uutnes.

1960 1284 2102 1351 Quid
2138 1293 2321 1341 autem
2369 1285 2438 1340 de
2481 1285 2566 1341 eis
2610 1284 2932 1340 existimare
2970 1290 3250 1352 oporteat,
3304 1279 3548 1335 nondum

1963 1377 2122 1448 plene
2156 1384 2322 1446 atque
2358 1376 2602 1447 perfecte
2627 1378 2768 1431 ratio
2790 1384 3047 1432 assecuta
3069 1382 3176 1439 est,
3231 1382 3294 1427 ut
3335 1371 3550 1426 ﬁrmant

1963 1468 2031 1523 de
2065 1468 2155 1523 his
2183 1468 2383 1523 habeat
2433 1467 2754 1539 Opinionem
2792 1485 2806 1522 :
2854 1467 2950 1524 sed
2997 1467 3198 1537 vulgus
3245 1465 3551 1520 etianmum

1962 1559 2113 1632 vagis
2161 1561 2444 1630 falsisque,
2517 1576 2583 1616 ac
2627 1560 2868 1615 diversis
2923 1558 3286 1630 Opinionibus
3341 1557 3410 1611 de
3463 1556 3554 1611 bis

1963 1651 2216 1723 ambigit.
2270 1651 2383 1707 Nos
2440 1668 2598 1718 vero,
2639 1662 2849 1707 aeterna
2902 1650 3254 1722 philosOpbia
3332 1647 3550 1711 relicta,

1966 1753 2159 1799 testem
2190 1742 2439 1799 divinam
2484 1742 2830 1814 Scripturam
2871 1742 3235 1804 asciscamus,
3261 1754 3387 1810 quae
3441 1748 3556 1793 sta~

1963 1836 2089 1900 tuit,
2141 1843 2201 1890 ut
2260 1835 2397 1891 nihil
2455 1836 2509 1890 in
2549 1835 2735 1890 anima
2798 1845 3059 1905 putemus
3083 1831 3347 1888 eximium
3388 1829 3557 1884 etin:-

1963 1928 2139 1998 sigue,
2189 1927 2336 1998 quod
2376 1943 2484 1982 non
2521 1927 2688 1982 etiam
2750 1925 2954 1982 divina:
3000 1932 3213 1980 natura:
3270 1921 3556 1994 proprium

1965 2020 2054 2077 sit.
2081 2020 2184 2087 Qui
2218 2021 2365 2075 enim
2395 2019 2819 2103 similitudinem
2851 2016 2945 2074 Dei
2978 2018 3219 2073 animam
3246 2031 3370 2071 esse
3390 2014 3554 2080 dixit,

1966 2113 2288 2184 quidquida
2330 2115 2442 2169 Deo
2500 2114 2740 2170 alienum
2795 2122 2903 2177 est,
2956 2120 3112 2166 extra
3166 2109 3555 2165 deﬁnitiouctn

1966 2209 2165 2262 animae
2214 2222 2336 2262 esse
2398 2206 2721 2262 declaravit.
2781 2205 2927 2275 Ergo
2986 2202 3248 2274 quoniam
3282 2198 3554 2271 ejusmodi

1944 2296 2105 2356 rnihil
2146 2314 2271 2356 cum
2296 2298 2485 2354 divina
2528 2299 2785 2353 cernitur
2818 2307 3040 2362 natura,
3074 2311 3145 2351 ne
3196 2294 3393 2359 animae
3432 2292 3568 2362 quia

1966 2394 2092 2450 dem
2126 2394 2246 2449 haec
2282 2391 2472 2454 insita,
2498 2402 2555 2446 et
2584 2391 2742 2461 quasi
2804 2387 3174 2445 coesscntiata
3212 2401 3358 2451 esse,
3407 2393 3560 2440 recte

1967 2485 2093 2554 quis
2120 2482 2546 2539 existimaverit.
2574 2481 2716 2547 Quid
2751 2480 2921 2551 igitur
2964 2488 3050 2533 est
3079 2476 3229 2547 quod
3278 2475 3562 2531 dicimus?

1966 2576 2122 2641 Quod
2160 2575 2267 2630 hoc
2320 2574 2553 2628 rationis
2603 2572 2888 2644 particeps
2932 2568 3162 2635 animal,
3200 2569 3369 2624 homo
3397 2568 3563 2622 uimi-

1968 2684 2113 2729 rum,
2171 2665 2551 2736 intelligentia:
2609 2671 2776 2733 atque
2830 2662 3080 2718 scientia:
3113 2676 3285 2730 capax
3335 2660 3428 2723 sit,
3472 2659 3560 2714 vel

1966 2774 2160 2814 eorum
2188 2757 2286 2829 qui
2319 2776 2348 2813 a
2384 2757 2601 2812 ratione
2633 2765 2835 2811 nostra:
2880 2754 3009 2809 ﬁdei
3066 2764 3234 2824 atque
3279 2752 3561 2823 reiigionis

1970 2850 2313 2925 alienisunt,
2342 2848 2665 2905 testimonio
2691 2845 3116 2917 comprobatum
3168 2854 3254 2900 est
3299 2862 3312 2897 :
3354 2843 3565 2914 quippe

1971 2960 2080 2999 non
2112 2942 2187 2999 ita
2213 2951 2470 2998 naturam
2492 2951 2743 2996 nostram
2784 2938 3158 3007 descriptura,
3201 2951 3265 2991 ac
3305 2936 3564 3005 designa-

1975 3044 2100 3091 tura
2130 3032 2384 3089 deﬁnitio
2414 3031 2633 3098 fuisset,
2657 3030 2721 3099 {si
2756 3028 2978 3100 quidem
3020 3037 3077 3083 et
3110 3026 3472 3092 iracundiam,
3504 3032 3563 3081 et

1974 3125 2505 3196 concupiscentiam,
2538 3133 2595 3178 et
2628 3119 2949 3195 bujusmodi
2980 3119 3165 3173 omnia
3199 3134 3325 3174 cum
3368 3128 3560 3173 nostra

279 3216 414 3262 nat:
443 3206 541 3261 sed
575 3209 782 3261 multus
834 3206 1057 3277 quidem
1099 3207 1441 3276 cupiditatis,
1494 3208 1703 3262 multus
1734 3206 1864 3262 item

1976 3219 2150 3285 unita,
2181 3228 2238 3272 et
2263 3216 2421 3287 quasi
2459 3214 2849 3279 coessentiata,
2888 3220 3051 3283 atque
3086 3210 3563 3267 consubstantiata

278 3300 583 3356 iracundia:
621 3316 844 3372 quoque
871 3309 1057 3355 motus
1101 3301 1156 3354 in
1188 3301 1309 3373 ejus
1354 3309 1551 3355 natura
1597 3301 1866 3357 cernitur.

275 3392 414 3447 Cum
450 3405 637 3448 autem
671 3394 868 3448 borum
906 3404 1208 3462 utrumque
1257 3392 1589 3463 generaliter
1625 3395 1677 3447 in
1709 3394 1869 3449 nobis

281 3485 436 3547 insit,
455 3487 512 3541 in
542 3487 713 3541 multa
740 3485 968 3555 pariter,
1006 3500 1070 3539 ac
1092 3486 1266 3547 Varia,
1293 3485 1610 3541 actionibus
1628 3486 1870 3541 eilicicn-

281 3578 484 3649 tiisque
517 3579 788 3633 malorum
833 3577 1092 3648 progredi
1164 3585 1376 3632 motum
1422 3577 1695 3634 videmus.
1731 3579 1866 3633 Nam

283 3671 456 3725 multa
484 3671 709 3741 quidem
732 3670 921 3726 videre
954 3670 1106 3733 licet,
1149 3685 1388 3741 quorum
1439 3671 1870 3741 concupiscendi

282 3761 367 3817 vis
397 3770 594 3817 auctor
648 3777 714 3817 ac
742 3762 852 3817 dux
880 3772 962 3817 est
998 3777 1234 3817 :rursus
1258 3762 1390 3817 item
1426 3763 1598 3817 multa
1634 3779 1661 3817 a
1708 3780 1874 3819 causa

279 3855 381 3910 ire
414 3855 774 3910 concitatrice
799 3863 1125 3916 nascuntur,
1161 3870 1224 3911 ae
1259 3855 1473 3911 nullum
1510 3857 1709 3911 horum
1746 3874 1872 3912 cor-

279 3964 390 4019 pus
420 3956 525 4003 est.
558 3946 716 4015 Quod
747 3958 936 4003 autem
955 3949 1347 4018 incorporeum
1372 3958 1477 4013 est,
1501 3949 1873 4005 intellectuale

279 4056 519 4111 prorsus
571 4049 678 4106 est,
711 4041 938 4110 solaque
969 4050 1157 4096 mente
1197 4048 1438 4097 constat.
1486 4039 1664 4097 Porro
1713 4042 1876 4098 intel-

277 4131 579 4187 lectualem
605 4131 1165 4202 quamdam,solaqne
1204 4142 1391 4187 mente
1424 4141 1792 4197 constantem,
1821 4142 1877 4189 et

281 4223 849 4294 cemprebensibilem
909 4239 1025 4279 rem
1053 4238 1175 4279 esse
1204 4224 1467 4289 animam,
1492 4222 1743 4279 deﬁnitio
1778 4225 1877 4281 de-

282 4320 540 4376 claravit.
577 4319 650 4376 Ut
696 4318 932 4393 duorum
982 4318 1348 4373 absurdorum
1375 4317 1610 4372 alterum
1643 4332 1710 4373 ex
1740 4333 1873 4373 con-

282 4412 580 4482 sequentia
612 4411 878 4465 orationis
914 4411 1139 4465 exsistat
1171 4419 1337 4480 atque
1377 4419 1646 4481 emergat,
1681 4419 1778 4466 aut
1813 4419 1876 4466 ut

1971 3329 2092 3367 esse
2127 3311 2363 3366 videret.
2393 3309 2530 3365 Nam
2566 3324 2671 3364 nec
2704 3308 2761 3363 in
2796 3307 2907 3361 ulla
2937 3304 3164 3377 quidem
3193 3304 3298 3359 alia
3321 3319 3404 3369 re,
3435 3302 3562 3357 loco

1972 3405 2180 3476 proprii
2217 3418 2512 3460 commune
2549 3416 2785 3473 ponens,
2822 3398 3060 3470 subjecti
3096 3398 3388 3469 quisquam
3438 3396 3562 3451 edi-

1974 3497 2120 3551 derit
2144 3495 2542 3550 deﬁnitionem.
2564 3492 2835 3560 Quoniam
2855 3491 3022 3561 igitur
3040 3498 3094 3545 et
3109 3487 3562 3560 concupiscendi,

1974 3598 2030 3644 et
2067 3586 2345 3643 irascendi
2385 3586 2469 3640 vis
2502 3585 2791 3654 aequaliter
2829 3598 3054 3654 quoque
3100 3591 3210 3637 tam
3240 3581 3298 3636 in
3331 3580 3567 3636 rationis

1975 3687 2227 3750 experte,
2270 3692 2435 3750 quam
2469 3674 2704 3731 rationis
2744 3684 2999 3744 compote
3040 3682 3238 3727 natura
3286 3672 3564 3736 cernitur,

1980 3772 2132 3827 nulla
2162 3770 2401 3835 ratione,
2439 3782 2542 3822 nec
2578 3776 2727 3822 recte
2758 3766 2886 3836 quis
2918 3781 3015 3836 per
3053 3780 3412 3820 communem
3461 3780 3567 3819 no-

1980 3875 2090 3919 tam
2137 3862 2192 3918 id
2224 3861 2372 3934 quod
2406 3858 2690 3931 proprium
2721 3867 2807 3913 est
2835 3856 3232 3927 designaverit.
3262 3855 3422 3923 Quod
3464 3872 3564 3911 au-

1978 3969 2087 4013 tent
2121 3956 2188 4012 ad
2237 3964 2450 4011 naturae
2512 3950 2950 4024 designationem
3006 3962 3438 4018 supervacuum,
3502 3962 3571 4002 ac

1972 4047 2338 4123 rejiciendum
2365 4054 2470 4111 est,
2496 4060 2607 4115 quo
2629 4050 2818 4115 pacto,
2857 4051 3125 4111 tanquam
3168 4054 3299 4110 pars
3330 4047 3566 4103 naturae,

1978 4151 2160 4214 potest
2193 4140 2261 4196 ad
2317 4138 2665 4195 eversionem
2713 4133 3057 4190 deﬁnitionis
3116 4133 3269 4188 vires
3326 4131 3570 4188 habere?

1983 4234 2170 4292 Omnis
2208 4232 2354 4288 enim
2399 4228 2650 4286 deﬁnitio
2699 4226 3045 4292 substantias,
3098 4226 3387 4297 proprium
3434 4224 3567 4279 sub-

1975 4327 2105 4398 j'ceti
2141 4332 2374 4396 spectat.
2406 4321 2685 4395 Quidquid
2712 4329 2897 4377 autem
2939 4327 3097 4374 extra
3128 4317 3589 4388 peculiaritatem.

1980 4437 2045 4477 ac
2072 4419 2470 4492 proprietatem
2496 4416 2686 4479 fuerit,
2718 4422 2977 4486 tanquam
3025 4428 3054 4467 a
3090 4410 3415 4468 deﬁnitione
3438 4411 3575 4467 alie-

284 4503 582 4560 iracundia
635 4519 858 4575 quoque
914 4511 1081 4573 atque
1140 4504 1417 4574 cupiditas
1471 4504 1592 4559 alia:
1623 4504 1676 4558 in
1717 4504 1878 4560 nobis
1912 4531 2114 4600 unum
2180 4512 2483 4584 despicitur
2551 4520 2719 4581 atque
2776 4506 3175 4565 contemnitur.
3234 4506 3405 4576 Atqui
3460 4510 3573 4560 tam

281 4598 493 4653 anima:
513 4596 645 4661 sint,
671 4607 728 4653 et
749 4611 851 4667 pro
874 4611 984 4651 una
1013 4595 1310 4651 multitudo
1340 4595 1652 4650 animarum
1688 4595 1881 4666 depre-

284 4691 575 4749 hendatur
620 4700 786 4762 atque
837 4690 1305 4745 animadvertatur
1341 4707 1356 4744 :
1391 4698 1487 4745 aut
1555 4705 1623 4745 ne
1680 4690 1882 4747 mentis

282 4784 521 4855 quidem
546 4783 827 4855 agitatrix,
861 4791 918 4838 et
944 4782 1287 4855 intelligendi
1311 4783 1398 4839 vis
1422 4785 1477 4838 in
1497 4783 1680 4849 nobis,
1701 4783 1883 4839 anima

282 4893 417 4934 esse
467 4886 716 4947 putetur.
768 4876 906 4931 Nam
972 4875 1345 4931 intellectuale
1406 4876 1635 4946 solaque
1696 4885 1882 4931 mente

284 4977 581 5033 constans,
634 4976 689 5023 et
731 4966 1256 5039 eomprehensibile,
1305 4968 1591 5039 mqnaliter
1628 4968 1886 5024 omnibus

284 5063 806 5127 accommodatum,
855 5071 952 5117 aut
992 5060 1178 5117 omnia
1225 5061 1341 5116 haec
1390 5063 1605 5117 animas
1635 5076 1755 5117 esse
1785 5060 1889 5118 de-

288 5156 653 5223 monstrabit,
704 5164 801 5210 aut
868 5153 1306 5224 unumquodque
1362 5153 1562 5209 horum
1620 5169 1687 5209 ex
1726 5168 1886 5224 teque

285 5251 506 5307 eximet
535 5257 702 5319 atque
738 5248 980 5319 excipiet
1023 5262 1090 5303 ex
1134 5246 1242 5301 hac
1289 5244 1487 5301 animae
1520 5245 1885 5316 preprietate.

369 5346 694 5400 Rescousro.
714 5342 885 5407 Hanc,
908 5342 1088 5413 inquit
1116 5342 1295 5412 (soror
1315 5337 1601 5410 Macrina),
1617 5340 1889 5395 rationem
1950 5408 1951 5411 η

286 5439 409 5509 jam
458 5453 487 5491 a
520 5437 712 5491 multis
764 5434 932 5491 etiam
962 5434 1088 5489 aliis
1136 5431 1446 5504 quaesitam,
1489 5441 1892 5502 consequenter

295 5531 424 5600 ipse
472 5543 697 5600 quoque
752 5525 1122 5598 requisivisti,
1180 5524 1443 5597 quidnam
1495 5524 1717 5580 tandem
1774 5525 1890 5581 haec

288 5637 423 5680 esse
475 5630 737 5691 oporteat
776 5619 1118 5685 existimare,
1156 5618 1219 5673 τὸ
1247 5616 1675 5689 ἐπιθυμητικὸν,
1704 5616 1756 5671 id
1781 5629 1886 5686 est,

377 5760 459 5827 (α)
485 5758 617 5838 Qua:
648 5767 984 5829 sequuntur,
1007 5756 1357 5838 apud’ipsutn
1390 5754 1709 5838 Gregorium
1737 5771 1845 5835 non
1874 5755 2319 5828 continuantur:

1983 4605 2283 4670 irascendi,
2310 4619 2478 4673 quam
2513 4598 2950 4671 eoucupiscendi
2984 4598 3096 4652 vim
3122 4607 3289 4668 atque
3327 4594 3574 4651 cﬁicien-

1980 4698 2112 4753 tiam
2156 4710 2284 4751 eum
2321 4693 2471 4750 omni
2512 4701 2734 4757 natura,
2781 4700 2890 4744 tam
2942 4688 3196 4744 rationali
3225 4702 3395 4757 quam
3433 4685 3574 4740 irra-

1982 4783 2195 4850 tionali,
2238 4797 2589 4839 communem
2620 4794 2742 4835 esse
2776 4785 3014 4833 constat.
3062 4776 3341 4847 Quidquid
3387 4784 3574 4832 autem

1982 4892 2278 4933 commune
2308 4884 2415 4941 est,
2453 4889 2563 4928 non
2602 4872 2745 4943 idem
2775 4886 2900 4925 eum
2929 4868 3194 4940 peculiari
3225 4877 3330 4923 est.
3362 4868 3569 4923 Neces-

1982 4971 2133 5028 sario
2168 4968 2335 5039 igitur
2365 4982 2462 5037 per
2495 4965 2611 5019 haec
2642 4962 2916 5033 sequitur,
2970 4968 3029 5014 ut
3069 4960 3184 5015 haec
3234 4959 3289 5014 in
3315 4958 3425 5015 illis
3456 4974 3603 5015 non,

1986 5078 2110 5119 esse
2140 5058 2545 5123 existimemus,
2601 5072 2701 5127 per
2743 5070 2865 5126 quae
2905 5053 3185 5123 przecipue
3211 5052 3449 5107 humana
3486 5067 3580 5109 na.-
3667 5114 3677 5125 ,

1994 5165 2115 5210 tura
2152 5152 2494 5222 designatur.
2528 5148 2635 5204 Sed
2662 5144 3131 5219 quemadmodum
3166 5145 3212 5201 si
3262 5144 3391 5215 quis
3448 5160 3589 5201 sen-

1988 5244 2184 5310 tiendi,
2219 5241 2523 5307 nutriendi,
2567 5248 2625 5296 et
2660 5238 2896 5311 augendi
2931 5237 3043 5292 vim
3074 5238 3130 5292 in
3156 5237 3578 5308 nobisconspi-

1986 5345 2165 5401 catus,
2189 5350 2288 5405 per
2326 5333 2443 5388 haec
2473 5348 2584 5386 non
2620 5330 2850 5387 resolvit
2891 5330 3096 5387 anima:
3143 5329 3585 5385 demonstratam

1988 5425 2521 5496 deﬁuitionem(non
2543 5425 2715 5490 enim,
2738 5423 3000 5494 quoniam
3031 5421 3137 5478 hoc
3162 5432 3244 5477 est
3280 5421 3334 5476 in
3367 5421 3575 5487 anima,

1989 5518 2124 5575 illud
2160 5534 2269 5572 non
2301 5514 2406 5585 est)
2441 5514 2636 5570 eodem
2666 5514 2851 5579 modo,
2878 5514 2924 5567 si
2971 5512 3098 5583 quis
3142 5523 3353 5568 natura;
3376 5517 3581 5567 nostra

1986 5616 2133 5673 circa
2166 5600 2609 5674 iracundiam,et
2645 5605 3151 5677 concupiscentiam
3176 5613 3357 5657 motus
3394 5600 3576 5656 anim-

2360 5748 2452 5803 scd
2491 5762 2552 5799 ea
2592 5745 2887 5813 Philippus
2919 5752 3107 5797 uoster
3137 5739 3322 5813 multis
3371 5736 3575 5813 identi-

296 5810 1322 5900 acii;’vEFsib11;";Eﬁéténhigsis‘(qfeoa
1348 5810 1426 5881 etc
1455 5810 1545 5900 res
1578 5825 1643 5879 ad
1674 5825 1989 5882 institutum
2022 5840 2184 5881 suum
2223 5822 2404 5875 minus
2431 5810 2797 5888 pertinerent)
2830 5814 2903 5869 ita
2931 5811 3207 5883 congessit
3239 5820 3295 5864 et
3338 5810 3600 5872 consuit,‘

278 5912 366 5965 Aut
396 5902 705 5969 orationem
732 5897 1109 5957 continentem
1148 5898 1409 5954 ediceret.
1453 5897 1752 5953 PONTASL‘S.
