  <div class='ocr_page' id='page_1' title='image "/cluster/home/n/w/nwhite01/storage/ocr_20150623/127/coo.31924054870328/403.png"; bbox 0 0 4036 6416; ppageno 0'>
   <div class='ocr_carea' id='block_1_1' title="bbox 462 306 568 373">
    <p class='ocr_par' dir='ltr' id='par_1_1' title="bbox 462 306 568 373">
     <span class='ocr_line' id='line_1_1' title="bbox 462 306 568 373; baseline 0.038 -4"><span class='ocrx_word' id='word_1_1' title='bbox 462 306 568 373; x_wconf 82' lang='lat'><strong>791</strong></span> 
     </span>
    </p>
   </div>
   <div class='ocr_carea' id='block_1_2' title="bbox 462 423 723 490">
    <p class='ocr_par' dir='ltr' id='par_1_2' title="bbox 462 423 723 490">
     <span class='ocr_line' id='line_1_2' title="bbox 462 423 723 490; baseline 0.011 -13"><span class='ocrx_word' id='word_1_2' title='bbox 462 423 723 490; x_wconf 85' lang='lat' dir='ltr'><strong>advertit,</strong></span> 
     </span>
    </p>
   </div>
   <div class='ocr_carea' id='block_1_3' title="bbox 464 521 2045 606">
    <p class='ocr_par' dir='ltr' id='par_1_3' title="bbox 464 521 2045 606">
     <span class='ocr_line' id='line_1_3' title="bbox 464 521 2045 606; baseline 0.026 -40"><span class='ocrx_word' id='word_1_3' title='bbox 464 525 526 570; x_wconf 91' lang='lat' dir='ltr'><strong>ut</strong></span> <span class='ocrx_word' id='word_1_4' title='bbox 580 533 703 587; x_wconf 72' lang='lat' dir='ltr'><strong>qum</strong></span> <span class='ocrx_word' id='word_1_5' title='bbox 747 521 932 576; x_wconf 90' lang='lat' dir='ltr'><strong>minus</strong></span> <span class='ocrx_word' id='word_1_6' title='bbox 982 525 1320 588; x_wconf 82' lang='lat' dir='ltr'><strong>suﬁicienter</strong></span> <span class='ocrx_word' id='word_1_7' title='bbox 1395 546 1649 595; x_wconf 88' lang='lat' dir='ltr'><strong>naturam</strong></span> <span class='ocrx_word' id='word_1_8' title='bbox 1713 521 2045 606; x_wconf 82' lang='lat' dir='ltr'><strong>ostenderit.</strong></span> 
     </span>
    </p>
   </div>
   <div class='ocr_carea' id='block_1_4' title="bbox 464 702 2049 803">
    <p class='ocr_par' dir='ltr' id='par_1_4' title="bbox 464 702 2049 803">
     <span class='ocr_line' id='line_1_4' title="bbox 464 702 2049 803; baseline 0.025 -50"><span class='ocrx_word' id='word_1_9' title='bbox 464 702 632 756; x_wconf 85' lang='lat' dir='ltr'><strong>rebus</strong></span> <span class='ocrx_word' id='word_1_10' title='bbox 662 706 1104 778; x_wconf 75' lang='lat' dir='ltr'><strong>considerantur,</strong></span> <span class='ocrx_word' id='word_1_11' title='bbox 1139 715 1254 772; x_wconf 70' lang='lat' dir='ltr'><strong>haec</strong></span> <span class='ocrx_word' id='word_1_12' title='bbox 1317 722 1427 778; x_wconf 85' lang='lat' dir='ltr'><strong>sint</strong></span> <span class='ocrx_word' id='word_1_13' title='bbox 1469 725 1703 785; x_wconf 79' lang='lat' dir='ltr'><strong>affectus</strong></span> <span class='ocrx_word' id='word_1_14' title='bbox 1736 741 1793 787; x_wconf 91' lang='lat' dir='ltr'><strong>et</strong></span> <span class='ocrx_word' id='word_1_15' title='bbox 1830 743 2049 803; x_wconf 84' lang='lat' dir='ltr'><strong>pertur-</strong></span> 
     </span>
    </p>
   </div>
   <div class='ocr_carea' id='block_1_5' title="bbox 462 795 2042 898">
    <p class='ocr_par' dir='ltr' id='par_1_5' title="bbox 462 795 2042 898">
     <span class='ocr_line' id='line_1_5' title="bbox 462 795 2042 898; baseline 0.027 -54"><span class='ocrx_word' id='word_1_16' title='bbox 462 795 711 850; x_wconf 87' lang='lat' dir='ltr'><strong>bationes</strong></span> <span class='ocrx_word' id='word_1_17' title='bbox 734 808 964 866; x_wconf 63' lang='lat' dir='ltr'><strong>natura,</strong></span> <span class='ocrx_word' id='word_1_18' title='bbox 999 815 1052 862; x_wconf 92' lang='lat' dir='ltr'><strong>et</strong></span> <span class='ocrx_word' id='word_1_19' title='bbox 1090 824 1200 864; x_wconf 90' lang='lat' dir='ltr'><strong>non</strong></span> <span class='ocrx_word' id='word_1_20' title='bbox 1248 823 1466 871; x_wconf 92' lang='lat' dir='ltr'><strong>natura.</strong></span> <span class='ocrx_word' id='word_1_21' title='bbox 1494 818 1627 875; x_wconf 87' lang='lat' dir='ltr'><strong>Nam</strong></span> <span class='ocrx_word' id='word_1_22' title='bbox 1661 823 1779 880; x_wconf 68' lang='lat' dir='ltr'><strong>haec</strong></span> <span class='ocrx_word' id='word_1_23' title='bbox 1819 795 2042 898; x_wconf 79' lang='lat' dir='ltr'><strong>quidem</strong></span> 
     </span>
    </p>
   </div>
   <div class='ocr_carea' id='block_1_6' title="bbox 458 892 2046 985">
    <p class='ocr_par' dir='ltr' id='par_1_6' title="bbox 458 892 2046 985">
     <span class='ocr_line' id='line_1_6' title="bbox 458 892 2046 985; baseline 0.024 -45"><span class='ocrx_word' id='word_1_24' title='bbox 458 896 561 951; x_wconf 91' lang='lat' dir='ltr'><strong>est,</strong></span> <span class='ocrx_word' id='word_1_25' title='bbox 592 892 739 958; x_wconf 88' lang='lat' dir='ltr'><strong>quod</strong></span> <span class='ocrx_word' id='word_1_26' title='bbox 774 903 857 948; x_wconf 89' lang='lat' dir='ltr'><strong>est</strong></span> <span class='ocrx_word' id='word_1_27' title='bbox 889 913 902 949; x_wconf 90' lang='lat'><strong>:</strong></span> <span class='ocrx_word' id='word_1_28' title='bbox 936 897 1217 958; x_wconf 85' lang='lat' dir='ltr'><strong>iracundia</strong></span> <span class='ocrx_word' id='word_1_29' title='bbox 1253 917 1435 963; x_wconf 86' lang='lat' dir='ltr'><strong>autem</strong></span> <span class='ocrx_word' id='word_1_30' title='bbox 1490 915 1653 985; x_wconf 83' lang='lat' dir='ltr'><strong>vulgo</strong></span> <span class='ocrx_word' id='word_1_31' title='bbox 1679 917 1866 975; x_wconf 79' lang='lat' dir='ltr'><strong>fervor</strong></span> <span class='ocrx_word' id='word_1_32' title='bbox 1906 939 2002 978; x_wconf 84' lang='lat' dir='ltr'><strong>san</strong></span> <span class='ocrx_word' id='word_1_33' title='bbox 2028 955 2046 964; x_wconf 73' lang='grc' dir='ltr'><strong>ο</strong></span> 
     </span>
    </p>
   </div>
   <div class='ocr_carea' id='block_1_7' title="bbox 457 982 2041 1081">
    <p class='ocr_par' dir='ltr' id='par_1_7' title="bbox 457 982 2041 1081">
     <span class='ocr_line' id='line_1_7' title="bbox 457 982 2041 1081; baseline 0.025 -49"><span class='ocrx_word' id='word_1_34' title='bbox 457 982 661 1049; x_wconf 80' lang='lat' dir='ltr'><strong>guinis,</strong></span> <span class='ocrx_word' id='word_1_35' title='bbox 694 987 787 1054; x_wconf 87' lang='lat' dir='ltr'><strong>qui</strong></span> <span class='ocrx_word' id='word_1_36' title='bbox 831 989 977 1046; x_wconf 80' lang='lat' dir='ltr'><strong>circa</strong></span> <span class='ocrx_word' id='word_1_37' title='bbox 1012 1009 1108 1049; x_wconf 90' lang='lat' dir='ltr'><strong>cor</strong></span> <span class='ocrx_word' id='word_1_38' title='bbox 1128 986 1250 1064; x_wconf 50' lang='lat' dir='ltr'><strong>&quot;est,</strong></span> <span class='ocrx_word' id='word_1_39' title='bbox 1276 1015 1407 1065; x_wconf 7' lang='lat' dir='ltr'><strong>(esse</strong></span> <span class='ocrx_word' id='word_1_40' title='bbox 1456 1005 1737 1079; x_wconf 85' lang='lat' dir='ltr'><strong>plerisque</strong></span> <span class='ocrx_word' id='word_1_41' title='bbox 1774 1013 1995 1069; x_wconf 88' lang='lat' dir='ltr'><strong>videtur</strong></span> <span class='ocrx_word' id='word_1_42' title='bbox 2027 1035 2041 1081; x_wconf 89' lang='lat'><strong>;</strong></span> 
     </span>
    </p>
   </div>
   <div class='ocr_carea' id='block_1_8' title="bbox 457 1070 2043 1172">
    <p class='ocr_par' dir='ltr' id='par_1_8' title="bbox 457 1070 2043 1172">
     <span class='ocr_line' id='line_1_8' title="bbox 457 1070 2043 1172; baseline 0.026 -49"><span class='ocrx_word' id='word_1_43' title='bbox 457 1070 583 1127; x_wconf 87' lang='lat' dir='ltr'><strong>aliis</strong></span> <span class='ocrx_word' id='word_1_44' title='bbox 625 1090 780 1140; x_wconf 90' lang='lat' dir='ltr'><strong>vero,</strong></span> <span class='ocrx_word' id='word_1_45' title='bbox 813 1082 1079 1150; x_wconf 86' lang='lat' dir='ltr'><strong>appetitio</strong></span> <span class='ocrx_word' id='word_1_46' title='bbox 1115 1088 1413 1148; x_wconf 87' lang='lat' dir='ltr'><strong>ulciscendi</strong></span> <span class='ocrx_word' id='word_1_47' title='bbox 1459 1112 1609 1163; x_wconf 90' lang='lat' dir='ltr'><strong>eum,</strong></span> <span class='ocrx_word' id='word_1_48' title='bbox 1653 1118 1683 1156; x_wconf 87' lang='lat' dir='ltr'><strong>a</strong></span> <span class='ocrx_word' id='word_1_49' title='bbox 1724 1119 1836 1172; x_wconf 90' lang='lat' dir='ltr'><strong>quo</strong></span> <span class='ocrx_word' id='word_1_50' title='bbox 1866 1107 2043 1164; x_wconf 86' lang='lat' dir='ltr'><strong>laces-</strong></span> 
     </span>
    </p>
   </div>
   <div class='ocr_carea' id='block_1_9' title="bbox 457 1161 2043 1261">
    <p class='ocr_par' dir='ltr' id='par_1_9' title="bbox 457 1161 2043 1261">
     <span class='ocr_line' id='line_1_9' title="bbox 457 1161 2043 1261; baseline 0.023 -47"><span class='ocrx_word' id='word_1_51' title='bbox 457 1161 617 1228; x_wconf 84' lang='lat' dir='ltr'><strong>situs,</strong></span> <span class='ocrx_word' id='word_1_52' title='bbox 648 1175 703 1219; x_wconf 92' lang='lat' dir='ltr'><strong>et</strong></span> <span class='ocrx_word' id='word_1_53' title='bbox 750 1178 879 1224; x_wconf 84' lang='lat' dir='ltr'><strong>ante</strong></span> <span class='ocrx_word' id='word_1_54' title='bbox 911 1178 1074 1228; x_wconf 72' lang='lat' dir='ltr'><strong>lzesus</strong></span> <span class='ocrx_word' id='word_1_55' title='bbox 1106 1178 1201 1230; x_wconf 88' lang='lat' dir='ltr'><strong>sis.</strong></span> <span class='ocrx_word' id='word_1_56' title='bbox 1252 1180 1358 1235; x_wconf 86' lang='lat' dir='ltr'><strong>Sed</strong></span> <span class='ocrx_word' id='word_1_57' title='bbox 1414 1194 1470 1238; x_wconf 91' lang='lat' dir='ltr'><strong>ut</strong></span> <span class='ocrx_word' id='word_1_58' title='bbox 1525 1161 1626 1243; x_wconf 85' lang='lat' dir='ltr'><strong>nos</strong></span> <span class='ocrx_word' id='word_1_59' title='bbox 1679 1161 2043 1261; x_wconf 80' lang='lat' dir='ltr'><strong>arbitramur,</strong></span> 
     </span>
    </p>
   </div>
   <div class='ocr_carea' id='block_1_10' title="bbox 454 1253 2046 1350">
    <p class='ocr_par' dir='ltr' id='par_1_10' title="bbox 454 1253 2046 1350">
     <span class='ocr_line' id='line_1_10' title="bbox 454 1253 2046 1350; baseline 0.024 -44"><span class='ocrx_word' id='word_1_60' title='bbox 454 1253 742 1314; x_wconf 85' lang='lat' dir='ltr'><strong>iracundia</strong></span> <span class='ocrx_word' id='word_1_61' title='bbox 773 1272 859 1317; x_wconf 87' lang='lat' dir='ltr'><strong>est</strong></span> <span class='ocrx_word' id='word_1_62' title='bbox 888 1268 1155 1337; x_wconf 75' lang='lat' dir='ltr'><strong>appetitio</strong></span> <span class='ocrx_word' id='word_1_63' title='bbox 1194 1274 1431 1331; x_wconf 87' lang='lat' dir='ltr'><strong>nocendi</strong></span> <span class='ocrx_word' id='word_1_64' title='bbox 1475 1278 1525 1332; x_wconf 90' lang='lat' dir='ltr'><strong>ei</strong></span> <span class='ocrx_word' id='word_1_65' title='bbox 1560 1282 1654 1350; x_wconf 91' lang='lat' dir='ltr'><strong>qui</strong></span> <span class='ocrx_word' id='word_1_66' title='bbox 1681 1286 2046 1345; x_wconf 84' lang='lat' dir='ltr'><strong>concitaverit</strong></span> 
     </span>
    </p>
   </div>
   <div class='ocr_carea' id='block_1_11' title="bbox 456 1348 2044 1435">
    <p class='ocr_par' dir='ltr' id='par_1_11' title="bbox 456 1348 2044 1435">
     <span class='ocr_line' id='line_1_11' title="bbox 456 1348 2044 1435; baseline 0.024 -36"><span class='ocrx_word' id='word_1_67' title='bbox 456 1356 514 1400; x_wconf 91' lang='lat' dir='ltr'><strong>et</strong></span> <span class='ocrx_word' id='word_1_68' title='bbox 550 1348 618 1402; x_wconf 84' lang='lat' dir='ltr'><strong>ad</strong></span> <span class='ocrx_word' id='word_1_69' title='bbox 650 1349 790 1407; x_wconf 89' lang='lat' dir='ltr'><strong>iram</strong></span> <span class='ocrx_word' id='word_1_70' title='bbox 814 1362 1223 1424; x_wconf 85' lang='lat' dir='ltr'><strong>provocaverit.</strong></span> <span class='ocrx_word' id='word_1_71' title='bbox 1257 1364 1468 1423; x_wconf 89' lang='lat' dir='ltr'><strong>[lorum</strong></span> <span class='ocrx_word' id='word_1_72' title='bbox 1513 1381 1699 1428; x_wconf 90' lang='lat' dir='ltr'><strong>autem</strong></span> <span class='ocrx_word' id='word_1_73' title='bbox 1737 1378 1877 1433; x_wconf 84' lang='lat' dir='ltr'><strong>nihil</strong></span> <span class='ocrx_word' id='word_1_74' title='bbox 1912 1396 2044 1435; x_wconf 90' lang='lat' dir='ltr'><strong>con-</strong></span> 
     </span>
    </p>
   </div>
   <div class='ocr_carea' id='block_1_12' title="bbox 454 1439 2045 1529">
    <p class='ocr_par' dir='ltr' id='par_1_12' title="bbox 454 1439 2045 1529">
     <span class='ocr_line' id='line_1_12' title="bbox 454 1439 2045 1529; baseline 0.025 -41"><span class='ocrx_word' id='word_1_75' title='bbox 454 1439 607 1493; x_wconf 85' lang='lat' dir='ltr'><strong>venit</strong></span> <span class='ocrx_word' id='word_1_76' title='bbox 643 1443 839 1499; x_wconf 71' lang='lat' dir='ltr'><strong>anima:</strong></span> <span class='ocrx_word' id='word_1_77' title='bbox 867 1446 1203 1509; x_wconf 85' lang='lat' dir='ltr'><strong>definitioni.</strong></span> <span class='ocrx_word' id='word_1_78' title='bbox 1242 1454 1493 1528; x_wconf 85' lang='lat' dir='ltr'><strong>Itemque</strong></span> <span class='ocrx_word' id='word_1_79' title='bbox 1524 1461 1570 1516; x_wconf 87' lang='lat' dir='ltr'><strong>si</strong></span> <span class='ocrx_word' id='word_1_80' title='bbox 1605 1480 1703 1529; x_wconf 90' lang='lat' dir='ltr'><strong>per</strong></span> <span class='ocrx_word' id='word_1_81' title='bbox 1744 1482 1804 1523; x_wconf 89' lang='lat' dir='ltr'><strong>se</strong></span> <span class='ocrx_word' id='word_1_82' title='bbox 1841 1485 2045 1526; x_wconf 90' lang='lat' dir='ltr'><strong>concu-</strong></span> 
     </span>
    </p>
   </div>
   <div class='ocr_carea' id='block_1_13' title="bbox 451 1528 2044 1618">
    <p class='ocr_par' dir='ltr' id='par_1_13' title="bbox 451 1528 2044 1618">
     <span class='ocr_line' id='line_1_13' title="bbox 451 1528 2044 1618; baseline 0.024 -39"><span class='ocrx_word' id='word_1_83' title='bbox 451 1528 778 1595; x_wconf 87' lang='lat' dir='ltr'><strong>piscentiam</strong></span> <span class='ocrx_word' id='word_1_84' title='bbox 815 1535 1167 1610; x_wconf 88' lang='lat' dir='ltr'><strong>deﬁniamus,</strong></span> <span class='ocrx_word' id='word_1_85' title='bbox 1198 1548 1601 1616; x_wconf 88' lang='lat' dir='ltr'><strong>appetitionem</strong></span> <span class='ocrx_word' id='word_1_86' title='bbox 1634 1570 1756 1611; x_wconf 86' lang='lat' dir='ltr'><strong>esse</strong></span> <span class='ocrx_word' id='word_1_87' title='bbox 1793 1559 2044 1618; x_wconf 83' lang='lat' dir='ltr'><strong>dicemus</strong></span> 
     </span>
    </p>
   </div>
   <div class='ocr_carea' id='block_1_14' title="bbox 450 1619 2043 1721">
    <p class='ocr_par' dir='ltr' id='par_1_14' title="bbox 450 1619 2043 1721">
     <span class='ocr_line' id='line_1_14' title="bbox 450 1619 2043 1721; baseline 0.024 -51"><span class='ocrx_word' id='word_1_88' title='bbox 450 1619 592 1688; x_wconf 86' lang='lat' dir='ltr'><strong>ejus,</strong></span> <span class='ocrx_word' id='word_1_89' title='bbox 624 1623 771 1691; x_wconf 85' lang='lat' dir='ltr'><strong>quod</strong></span> <span class='ocrx_word' id='word_1_90' title='bbox 804 1625 962 1684; x_wconf 81' lang='lat' dir='ltr'><strong>deest</strong></span> <span class='ocrx_word' id='word_1_91' title='bbox 991 1633 1113 1687; x_wconf 89' lang='lat' dir='ltr'><strong>:vel</strong></span> <span class='ocrx_word' id='word_1_92' title='bbox 1143 1635 1485 1695; x_wconf 85' lang='lat' dir='ltr'><strong>desiderium</strong></span> <span class='ocrx_word' id='word_1_93' title='bbox 1515 1642 1761 1703; x_wconf 66' lang='lat' dir='ltr'><strong>fruenda:</strong></span> <span class='ocrx_word' id='word_1_94' title='bbox 1792 1652 2043 1721; x_wconf 86' lang='lat' dir='ltr'><strong>volupta-</strong></span> 
     </span>
    </p>
   </div>
   <div class='ocr_carea' id='block_1_15' title="bbox 450 1712 2038 1814">
    <p class='ocr_par' dir='ltr' id='par_1_15' title="bbox 450 1712 2038 1814">
     <span class='ocr_line' id='line_1_15' title="bbox 450 1712 2038 1814; baseline 0.023 -51"><span class='ocrx_word' id='word_1_95' title='bbox 450 1712 523 1766; x_wconf 87' lang='lat' dir='ltr'><strong>tis</strong></span> <span class='ocrx_word' id='word_1_96' title='bbox 546 1753 562 1776; x_wconf 91' lang='lat'><strong>,</strong></span> <span class='ocrx_word' id='word_1_97' title='bbox 603 1717 687 1769; x_wconf 87' lang='lat' dir='ltr'><strong>vel</strong></span> <span class='ocrx_word' id='word_1_98' title='bbox 713 1719 960 1776; x_wconf 87' lang='lat' dir='ltr'><strong>dolorem</strong></span> <span class='ocrx_word' id='word_1_99' title='bbox 985 1723 1059 1778; x_wconf 90' lang='lat' dir='ltr'><strong>ob</strong></span> <span class='ocrx_word' id='word_1_100' title='bbox 1101 1726 1155 1780; x_wconf 89' lang='lat' dir='ltr'><strong>id</strong></span> <span class='ocrx_word' id='word_1_101' title='bbox 1188 1730 1335 1797; x_wconf 92' lang='lat' dir='ltr'><strong>quod</strong></span> <span class='ocrx_word' id='word_1_102' title='bbox 1364 1748 1471 1787; x_wconf 92' lang='lat' dir='ltr'><strong>non</strong></span> <span class='ocrx_word' id='word_1_103' title='bbox 1506 1737 1751 1805; x_wconf 85' lang='lat' dir='ltr'><strong>petimur</strong></span> <span class='ocrx_word' id='word_1_104' title='bbox 1796 1757 1862 1795; x_wconf 88' lang='lat' dir='ltr'><strong>eo</strong></span> <span class='ocrx_word' id='word_1_105' title='bbox 1893 1712 2038 1814; x_wconf 73' lang='lat' dir='ltr'><strong>quod</strong></span> 
     </span>
    </p>
   </div>
   <div class='ocr_carea' id='block_1_16' title="bbox 450 1803 2118 1900">
    <p class='ocr_par' dir='ltr' id='par_1_16' title="bbox 450 1803 2118 1900">
     <span class='ocr_line' id='line_1_16' title="bbox 450 1803 2118 1900; baseline 0.022 -44"><span class='ocrx_word' id='word_1_106' title='bbox 450 1803 606 1857; x_wconf 86' lang='lat' dir='ltr'><strong>cordi</strong></span> <span class='ocrx_word' id='word_1_107' title='bbox 631 1815 738 1873; x_wconf 86' lang='lat' dir='ltr'><strong>est,</strong></span> <span class='ocrx_word' id='word_1_108' title='bbox 775 1817 945 1880; x_wconf 86' lang='lat' dir='ltr'><strong>atque</strong></span> <span class='ocrx_word' id='word_1_109' title='bbox 970 1815 1159 1871; x_wconf 90' lang='lat' dir='ltr'><strong>animo</strong></span> <span class='ocrx_word' id='word_1_110' title='bbox 1212 1830 1428 1889; x_wconf 81' lang='lat' dir='ltr'><strong>gratum</strong></span> <span class='ocrx_word' id='word_1_111' title='bbox 1469 1803 1526 1877; x_wconf 83' lang='lat' dir='ltr'><strong>et</strong></span> <span class='ocrx_word' id='word_1_112' title='bbox 1577 1840 1864 1900; x_wconf 89' lang='lat' dir='ltr'><strong>acceptum</strong></span> <span class='ocrx_word' id='word_1_113' title='bbox 1894 1803 1926 1888; x_wconf 52' lang='grc' dir='ltr'><strong>τ’</strong></span> <span class='ocrx_word' id='word_1_114' title='bbox 1948 1846 2041 1891; x_wconf 89' lang='lat' dir='ltr'><strong>aut</strong></span> <span class='ocrx_word' id='word_1_115' title='bbox 2076 1817 2118 1873; x_wconf 73' lang='grc' dir='ltr'><strong><em>Β</em></strong></span> 
     </span>
    </p>
   </div>
   <div class='ocr_carea' id='block_1_17' title="bbox 449 1894 2040 1994">
    <p class='ocr_par' dir='ltr' id='par_1_17' title="bbox 449 1894 2040 1994">
     <span class='ocr_line' id='line_1_17' title="bbox 449 1894 2040 1994; baseline 0.024 -48"><span class='ocrx_word' id='word_1_116' title='bbox 449 1894 690 1965; x_wconf 87' lang='lat' dir='ltr'><strong>aliquam</strong></span> <span class='ocrx_word' id='word_1_117' title='bbox 717 1899 1067 1961; x_wconf 70' lang='lat' dir='ltr'><strong>affectionem</strong></span> <span class='ocrx_word' id='word_1_118' title='bbox 1098 1909 1163 1963; x_wconf 92' lang='lat' dir='ltr'><strong>ad</strong></span> <span class='ocrx_word' id='word_1_119' title='bbox 1190 1911 1242 1965; x_wconf 86' lang='lat' dir='ltr'><strong>id</strong></span> <span class='ocrx_word' id='word_1_120' title='bbox 1266 1914 1414 1981; x_wconf 89' lang='lat' dir='ltr'><strong>quod</strong></span> <span class='ocrx_word' id='word_1_121' title='bbox 1445 1927 1529 1972; x_wconf 86' lang='lat' dir='ltr'><strong>est</strong></span> <span class='ocrx_word' id='word_1_122' title='bbox 1560 1894 1729 1976; x_wconf 77' lang='lat' dir='ltr'><strong>suave</strong></span> <span class='ocrx_word' id='word_1_123' title='bbox 1756 1934 1812 1978; x_wconf 89' lang='lat' dir='ltr'><strong>et</strong></span> <span class='ocrx_word' id='word_1_124' title='bbox 1837 1924 2040 1994; x_wconf 90' lang='lat' dir='ltr'><strong>jucun-</strong></span> 
     </span>
    </p>
   </div>
   <div class='ocr_carea' id='block_1_18' title="bbox 446 1987 2038 2088">
    <p class='ocr_par' dir='ltr' id='par_1_18' title="bbox 446 1987 2038 2088">
     <span class='ocr_line' id='line_1_18' title="bbox 446 1987 2038 2088; baseline 0.023 -49"><span class='ocrx_word' id='word_1_125' title='bbox 446 1987 602 2049; x_wconf 86' lang='lat' dir='ltr'><strong>dum.</strong></span> <span class='ocrx_word' id='word_1_126' title='bbox 641 2006 750 2060; x_wconf 91' lang='lat' dir='ltr'><strong>quo</strong></span> <span class='ocrx_word' id='word_1_127' title='bbox 792 1994 900 2050; x_wconf 91' lang='lat' dir='ltr'><strong>frui</strong></span> <span class='ocrx_word' id='word_1_128' title='bbox 935 2013 1047 2054; x_wconf 89' lang='lat' dir='ltr'><strong>non</strong></span> <span class='ocrx_word' id='word_1_129' title='bbox 1078 2001 1227 2058; x_wconf 91' lang='lat' dir='ltr'><strong>licet.</strong></span> <span class='ocrx_word' id='word_1_130' title='bbox 1282 2004 1407 2062; x_wconf 67' lang='lat' dir='ltr'><strong>Haec</strong></span> <span class='ocrx_word' id='word_1_131' title='bbox 1459 2011 1607 2065; x_wconf 89' lang='lat' dir='ltr'><strong>enim</strong></span> <span class='ocrx_word' id='word_1_132' title='bbox 1655 2024 1711 2069; x_wconf 90' lang='lat' dir='ltr'><strong>et</strong></span> <span class='ocrx_word' id='word_1_133' title='bbox 1763 1987 2038 2088; x_wconf 73' lang='lat' dir='ltr'><strong>ejdsmodi</strong></span> 
     </span>
    </p>
   </div>
   <div class='ocr_carea' id='block_1_19' title="bbox 445 2082 2036 2169">
    <p class='ocr_par' dir='ltr' id='par_1_19' title="bbox 445 2082 2036 2169">
     <span class='ocr_line' id='line_1_19' title="bbox 445 2082 2036 2169; baseline 0.025 -38"><span class='ocrx_word' id='word_1_134' title='bbox 445 2082 628 2135; x_wconf 87' lang='lat' dir='ltr'><strong>omnia</strong></span> <span class='ocrx_word' id='word_1_135' title='bbox 661 2086 1024 2154; x_wconf 85' lang='lat' dir='ltr'><strong>cupiditatem</strong></span> <span class='ocrx_word' id='word_1_136' title='bbox 1088 2096 1315 2163; x_wconf 84' lang='lat' dir='ltr'><strong>quidem</strong></span> <span class='ocrx_word' id='word_1_137' title='bbox 1375 2106 1702 2169; x_wconf 88' lang='lat' dir='ltr'><strong>ostendunt,</strong></span> <span class='ocrx_word' id='word_1_138' title='bbox 1738 2082 1809 2164; x_wconf 77' lang='lat' dir='ltr'><strong>ad</strong></span> <span class='ocrx_word' id='word_1_139' title='bbox 1835 2112 2036 2169; x_wconf 83' lang='lat' dir='ltr'><strong>deﬁni-</strong></span> 
     </span>
    </p>
   </div>
   <div class='ocr_carea' id='block_1_20' title="bbox 444 2171 2035 2268">
    <p class='ocr_par' dir='ltr' id='par_1_20' title="bbox 444 2171 2035 2268">
     <span class='ocr_line' id='line_1_20' title="bbox 444 2171 2035 2268; baseline 0.024 -44"><span class='ocrx_word' id='word_1_140' title='bbox 444 2171 652 2228; x_wconf 89' lang='lat' dir='ltr'><strong>tionem</strong></span> <span class='ocrx_word' id='word_1_141' title='bbox 692 2186 876 2233; x_wconf 87' lang='lat' dir='ltr'><strong>autem</strong></span> <span class='ocrx_word' id='word_1_142' title='bbox 935 2186 1133 2241; x_wconf 70' lang='lat' dir='ltr'><strong>animae</strong></span> <span class='ocrx_word' id='word_1_143' title='bbox 1184 2205 1293 2244; x_wconf 87' lang='lat' dir='ltr'><strong>non</strong></span> <span class='ocrx_word' id='word_1_144' title='bbox 1359 2197 1658 2263; x_wconf 87' lang='lat' dir='ltr'><strong>pertinent.</strong></span> <span class='ocrx_word' id='word_1_145' title='bbox 1685 2200 1829 2268; x_wconf 92' lang='lat' dir='ltr'><strong>Quin</strong></span> <span class='ocrx_word' id='word_1_146' title='bbox 1868 2206 2035 2262; x_wconf 80' lang='lat' dir='ltr'><strong>etiam</strong></span> 
     </span>
    </p>
   </div>
   <div class='ocr_carea' id='block_1_21' title="bbox 445 2262 2036 2365">
    <p class='ocr_par' dir='ltr' id='par_1_21' title="bbox 445 2262 2036 2365">
     <span class='ocr_line' id='line_1_21' title="bbox 445 2262 2036 2365; baseline 0.025 -50"><span class='ocrx_word' id='word_1_147' title='bbox 445 2262 539 2317; x_wconf 89' lang='lat' dir='ltr'><strong>alii</strong></span> <span class='ocrx_word' id='word_1_148' title='bbox 564 2279 806 2337; x_wconf 87' lang='lat' dir='ltr'><strong>quoque,</strong></span> <span class='ocrx_word' id='word_1_149' title='bbox 872 2287 996 2342; x_wconf 56' lang='lat' dir='ltr'><strong>quas</strong></span> <span class='ocrx_word' id='word_1_150' title='bbox 1036 2278 1183 2333; x_wconf 91' lang='lat' dir='ltr'><strong>circa</strong></span> <span class='ocrx_word' id='word_1_151' title='bbox 1245 2284 1483 2341; x_wconf 83' lang='lat' dir='ltr'><strong>animam</strong></span> <span class='ocrx_word' id='word_1_152' title='bbox 1545 2304 1877 2360; x_wconf 90' lang='lat' dir='ltr'><strong>cernuntur,</strong></span> <span class='ocrx_word' id='word_1_153' title='bbox 1915 2316 2036 2365; x_wconf 78' lang='lat' dir='ltr'><strong>qua:</strong></span> 
     </span>
    </p>
   </div>
   <div class='ocr_carea' id='block_1_22' title="bbox 445 2354 2034 2453">
    <p class='ocr_par' dir='ltr' id='par_1_22' title="bbox 445 2354 2034 2453">
     <span class='ocr_line' id='line_1_22' title="bbox 445 2354 2034 2453; baseline 0.025 -45"><span class='ocrx_word' id='word_1_154' title='bbox 445 2354 551 2410; x_wconf 86' lang='lat' dir='ltr'><strong>sibi</strong></span> <span class='ocrx_word' id='word_1_155' title='bbox 583 2357 817 2415; x_wconf 86' lang='lat' dir='ltr'><strong>invicem</strong></span> <span class='ocrx_word' id='word_1_156' title='bbox 848 2379 915 2419; x_wconf 84' lang='lat' dir='ltr'><strong>ex</strong></span> <span class='ocrx_word' id='word_1_157' title='bbox 947 2367 1184 2427; x_wconf 88' lang='lat' dir='ltr'><strong>adverso</strong></span> <span class='ocrx_word' id='word_1_158' title='bbox 1237 2376 1414 2444; x_wconf 89' lang='lat' dir='ltr'><strong>posita</strong></span> <span class='ocrx_word' id='word_1_159' title='bbox 1476 2381 1757 2453; x_wconf 89' lang='lat' dir='ltr'><strong>videntur,</strong></span> <span class='ocrx_word' id='word_1_160' title='bbox 1785 2389 1936 2444; x_wconf 90' lang='lat' dir='ltr'><strong>velut</strong></span> <span class='ocrx_word' id='word_1_161' title='bbox 1968 2392 2034 2446; x_wconf 89' lang='lat' dir='ltr'><strong>ti-</strong></span> 
     </span>
    </p>
   </div>
   <div class='ocr_carea' id='block_1_23' title="bbox 441 2446 2034 2544">
    <p class='ocr_par' dir='ltr' id='par_1_23' title="bbox 441 2446 2034 2544">
     <span class='ocr_line' id='line_1_23' title="bbox 441 2446 2034 2544; baseline 0.024 -44"><span class='ocrx_word' id='word_1_162' title='bbox 441 2446 670 2504; x_wconf 88' lang='lat' dir='ltr'><strong>miditas</strong></span> <span class='ocrx_word' id='word_1_163' title='bbox 725 2463 781 2507; x_wconf 88' lang='lat' dir='ltr'><strong>et</strong></span> <span class='ocrx_word' id='word_1_164' title='bbox 823 2458 1074 2525; x_wconf 87' lang='lat' dir='ltr'><strong>audacia,</strong></span> <span class='ocrx_word' id='word_1_165' title='bbox 1134 2463 1290 2521; x_wconf 89' lang='lat' dir='ltr'><strong>dolor</strong></span> <span class='ocrx_word' id='word_1_166' title='bbox 1336 2480 1391 2527; x_wconf 89' lang='lat' dir='ltr'><strong>ct</strong></span> <span class='ocrx_word' id='word_1_167' title='bbox 1428 2474 1702 2544; x_wconf 87' lang='lat' dir='ltr'><strong>voluptas,</strong></span> <span class='ocrx_word' id='word_1_168' title='bbox 1752 2491 1932 2537; x_wconf 90' lang='lat' dir='ltr'><strong>metus</strong></span> <span class='ocrx_word' id='word_1_169' title='bbox 1979 2496 2034 2539; x_wconf 90' lang='lat' dir='ltr'><strong>et</strong></span> 
     </span>
    </p>
   </div>
   <div class='ocr_carea' id='block_1_24' title="bbox 442 2547 2030 2640">
    <p class='ocr_par' dir='ltr' id='par_1_24' title="bbox 442 2547 2030 2640">
     <span class='ocr_line' id='line_1_24' title="bbox 442 2547 2030 2640; baseline 0.023 -49"><span class='ocrx_word' id='word_1_170' title='bbox 442 2547 815 2612; x_wconf 83' lang='lat' dir='ltr'><strong>contemptus,</strong></span> <span class='ocrx_word' id='word_1_171' title='bbox 862 2557 918 2602; x_wconf 92' lang='lat' dir='ltr'><strong>et</strong></span> <span class='ocrx_word' id='word_1_172' title='bbox 969 2567 1313 2626; x_wconf 55' lang='lat' dir='ltr'><strong>quaecunque</strong></span> <span class='ocrx_word' id='word_1_173' title='bbox 1368 2563 1495 2618; x_wconf 85' lang='lat' dir='ltr'><strong>talia</strong></span> <span class='ocrx_word' id='word_1_174' title='bbox 1544 2577 1695 2632; x_wconf 92' lang='lat' dir='ltr'><strong>sunt,</strong></span> <span class='ocrx_word' id='word_1_175' title='bbox 1794 2586 2030 2640; x_wconf 90' lang='lat' dir='ltr'><strong>quorum</strong></span> 
     </span>
    </p>
   </div>
   <div class='ocr_carea' id='block_1_25' title="bbox 441 2639 2029 2722">
    <p class='ocr_par' dir='ltr' id='par_1_25' title="bbox 441 2639 2029 2722">
     <span class='ocr_line' id='line_1_25' title="bbox 441 2639 2029 2722; baseline 0.023 -38"><span class='ocrx_word' id='word_1_176' title='bbox 441 2639 877 2709; x_wconf 86' lang='lat' dir='ltr'><strong>unumquodque</strong></span> <span class='ocrx_word' id='word_1_177' title='bbox 901 2657 1190 2715; x_wconf 80' lang='lat' dir='ltr'><strong>cognatum</strong></span> <span class='ocrx_word' id='word_1_178' title='bbox 1221 2653 1447 2722; x_wconf 78' lang='lat' dir='ltr'><strong>quidem</strong></span> <span class='ocrx_word' id='word_1_179' title='bbox 1492 2673 1616 2715; x_wconf 87' lang='lat' dir='ltr'><strong>esse</strong></span> <span class='ocrx_word' id='word_1_180' title='bbox 1649 2639 1872 2719; x_wconf 88' lang='lat' dir='ltr'><strong>videtur</strong></span> <span class='ocrx_word' id='word_1_181' title='bbox 1902 2682 2029 2722; x_wconf 91' lang='lat' dir='ltr'><strong>cum</strong></span> 
     </span>
    </p>
   </div>
   <div class='ocr_carea' id='block_1_26' title="bbox 440 2726 2029 2819">
    <p class='ocr_par' dir='ltr' id='par_1_26' title="bbox 440 2726 2029 2819">
     <span class='ocr_line' id='line_1_26' title="bbox 440 2726 2029 2819; baseline 0.023 -41"><span class='ocrx_word' id='word_1_182' title='bbox 440 2726 713 2785; x_wconf 86' lang='lat' dir='ltr'><strong>irascendi</strong></span> <span class='ocrx_word' id='word_1_183' title='bbox 745 2745 801 2787; x_wconf 92' lang='lat' dir='ltr'><strong>et</strong></span> <span class='ocrx_word' id='word_1_184' title='bbox 833 2739 1264 2809; x_wconf 84' lang='lat' dir='ltr'><strong>concupiscendi</strong></span> <span class='ocrx_word' id='word_1_185' title='bbox 1296 2747 1369 2810; x_wconf 79' lang='lat' dir='ltr'><strong>vi,</strong></span> <span class='ocrx_word' id='word_1_186' title='bbox 1414 2751 1684 2819; x_wconf 79' lang='lat' dir='ltr'><strong>peculiari</strong></span> <span class='ocrx_word' id='word_1_187' title='bbox 1712 2767 1899 2813; x_wconf 91' lang='lat' dir='ltr'><strong>autem</strong></span> <span class='ocrx_word' id='word_1_188' title='bbox 1932 2759 2029 2813; x_wconf 83' lang='lat' dir='ltr'><strong>de-</strong></span> 
     </span>
    </p>
   </div>
   <div class='ocr_carea' id='block_1_27' title="bbox 438 2818 2028 2918">
    <p class='ocr_par' dir='ltr' id='par_1_27' title="bbox 438 2818 2028 2918">
     <span class='ocr_line' id='line_1_27' title="bbox 438 2818 2028 2918; baseline 0.023 -47"><span class='ocrx_word' id='word_1_189' title='bbox 438 2818 690 2876; x_wconf 85' lang='lat' dir='ltr'><strong>ﬁnitione</strong></span> <span class='ocrx_word' id='word_1_190' title='bbox 721 2839 876 2881; x_wconf 86' lang='lat' dir='ltr'><strong>suam</strong></span> <span class='ocrx_word' id='word_1_191' title='bbox 909 2829 1203 2902; x_wconf 85' lang='lat' dir='ltr'><strong>designant</strong></span> <span class='ocrx_word' id='word_1_192' title='bbox 1231 2847 1509 2895; x_wconf 91' lang='lat' dir='ltr'><strong>naturam.</strong></span> <span class='ocrx_word' id='word_1_193' title='bbox 1557 2843 1911 2918; x_wconf 84' lang='lat' dir='ltr'><strong>Quaecunque</strong></span> <span class='ocrx_word' id='word_1_194' title='bbox 1946 2860 2028 2905; x_wconf 84' lang='lat' dir='ltr'><strong>ta-</strong></span> 
     </span>
    </p>
   </div>
   <div class='ocr_carea' id='block_1_28' title="bbox 435 2906 2024 2997">
    <p class='ocr_par' dir='ltr' id='par_1_28' title="bbox 435 2906 2024 2997">
     <span class='ocr_line' id='line_1_28' title="bbox 435 2906 2024 2997; baseline 0.022 -35"><span class='ocrx_word' id='word_1_195' title='bbox 435 2906 512 2962; x_wconf 84' lang='lat' dir='ltr'><strong>lia</strong></span> <span class='ocrx_word' id='word_1_196' title='bbox 534 2908 679 2965; x_wconf 81' lang='lat' dir='ltr'><strong>circa</strong></span> <span class='ocrx_word' id='word_1_197' title='bbox 713 2916 952 2973; x_wconf 90' lang='lat' dir='ltr'><strong>animam</strong></span> <span class='ocrx_word' id='word_1_198' title='bbox 980 2934 1132 2986; x_wconf 92' lang='lat' dir='ltr'><strong>sunt,</strong></span> <span class='ocrx_word' id='word_1_199' title='bbox 1156 2926 1341 2981; x_wconf 86' lang='lat' dir='ltr'><strong>anima</strong></span> <span class='ocrx_word' id='word_1_200' title='bbox 1366 2946 1473 2985; x_wconf 75' lang='lat' dir='ltr'><strong>non</strong></span> <span class='ocrx_word' id='word_1_201' title='bbox 1504 2945 1634 2989; x_wconf 89' lang='lat' dir='ltr'><strong>sunt</strong></span> <span class='ocrx_word' id='word_1_202' title='bbox 1679 2952 1692 2989; x_wconf 90' lang='lat'><strong>:</strong></span> <span class='ocrx_word' id='word_1_203' title='bbox 1730 2939 1827 2993; x_wconf 87' lang='lat' dir='ltr'><strong>sed</strong></span> <span class='ocrx_word' id='word_1_204' title='bbox 1856 2942 2024 2997; x_wconf 88' lang='lat' dir='ltr'><strong>veluti</strong></span> 
     </span>
    </p>
   </div>
   <div class='ocr_carea' id='block_1_29' title="bbox 434 3002 2031 3093">
    <p class='ocr_par' dir='ltr' id='par_1_29' title="bbox 434 3002 2031 3093">
     <span class='ocr_line' id='line_1_29' title="bbox 434 3002 2031 3093; baseline 0.024 -41"><span class='ocrx_word' id='word_1_205' title='bbox 434 3002 685 3069; x_wconf 64' lang='lat' dir='ltr'><strong>quadam</strong></span> <span class='ocrx_word' id='word_1_206' title='bbox 719 3023 963 3067; x_wconf 65' lang='lat' dir='ltr'><strong>verruca:</strong></span> <span class='ocrx_word' id='word_1_207' title='bbox 990 3030 1055 3069; x_wconf 84' lang='lat' dir='ltr'><strong>ex</strong></span> <span class='ocrx_word' id='word_1_208' title='bbox 1082 3018 1404 3089; x_wconf 86' lang='lat' dir='ltr'><strong>cogitatrice</strong></span> <span class='ocrx_word' id='word_1_209' title='bbox 1438 3036 1591 3093; x_wconf 83' lang='lat' dir='ltr'><strong>parte</strong></span> <span class='ocrx_word' id='word_1_210' title='bbox 1639 3032 1834 3087; x_wconf 70' lang='lat' dir='ltr'><strong>anima:</strong></span> <span class='ocrx_word' id='word_1_211' title='bbox 1890 3050 2031 3089; x_wconf 68' lang='lat' dir='ltr'><strong>ena~</strong></span> 
     </span>
    </p>
   </div>
   <div class='ocr_carea' id='block_1_30' title="bbox 433 3368 2023 3471">
    <p class='ocr_par' dir='ltr' id='par_1_30' title="bbox 433 3368 2023 3471">
     <span class='ocr_line' id='line_1_30' title="bbox 433 3368 2023 3471; baseline 0.025 -49"><span class='ocrx_word' id='word_1_212' title='bbox 433 3368 583 3425; x_wconf 88' lang='lat' dir='ltr'><strong>enim</strong></span> <span class='ocrx_word' id='word_1_213' title='bbox 613 3375 811 3430; x_wconf 67' lang='lat' dir='ltr'><strong>anima:</strong></span> <span class='ocrx_word' id='word_1_214' title='bbox 835 3379 1060 3447; x_wconf 90' lang='lat' dir='ltr'><strong>quidem</strong></span> <span class='ocrx_word' id='word_1_215' title='bbox 1106 3390 1530 3455; x_wconf 86' lang='lat' dir='ltr'><strong>speculatricem</strong></span> <span class='ocrx_word' id='word_1_216' title='bbox 1570 3408 1625 3452; x_wconf 90' lang='lat' dir='ltr'><strong>et</strong></span> <span class='ocrx_word' id='word_1_217' title='bbox 1675 3401 2023 3471; x_wconf 85' lang='lat' dir='ltr'><strong>dijudicatri-</strong></span> 
     </span>
    </p>
   </div>
   <div class='ocr_carea' id='block_1_31' title="bbox 432 3473 2022 3566">
    <p class='ocr_par' dir='ltr' id='par_1_31' title="bbox 432 3473 2022 3566">
     <span class='ocr_line' id='line_1_31' title="bbox 432 3473 2022 3566; baseline 0.025 -52"><span class='ocrx_word' id='word_1_218' title='bbox 432 3474 577 3528; x_wconf 88' lang='lat' dir='ltr'><strong>cem,</strong></span> <span class='ocrx_word' id='word_1_219' title='bbox 610 3478 911 3538; x_wconf 86' lang='lat' dir='ltr'><strong>rerumque</strong></span> <span class='ocrx_word' id='word_1_220' title='bbox 956 3473 1341 3545; x_wconf 88' lang='lat' dir='ltr'><strong>inspectricem</strong></span> <span class='ocrx_word' id='word_1_221' title='bbox 1401 3487 1510 3541; x_wconf 86' lang='lat' dir='ltr'><strong>vim</strong></span> <span class='ocrx_word' id='word_1_222' title='bbox 1573 3492 1693 3562; x_wconf 88' lang='lat' dir='ltr'><strong>ejus</strong></span> <span class='ocrx_word' id='word_1_223' title='bbox 1748 3498 2022 3566; x_wconf 86' lang='lat' dir='ltr'><strong>propriam</strong></span> 
     </span>
    </p>
   </div>
   <div class='ocr_carea' id='block_1_32' title="bbox 431 3561 2014 3651">
    <p class='ocr_par' dir='ltr' id='par_1_32' title="bbox 431 3561 2014 3651">
     <span class='ocr_line' id='line_1_32' title="bbox 431 3561 2014 3651; baseline 0.024 -47"><span class='ocrx_word' id='word_1_224' title='bbox 431 3565 558 3607; x_wconf 79' lang='lat' dir='ltr'><strong>esse</strong></span> <span class='ocrx_word' id='word_1_225' title='bbox 586 3568 653 3609; x_wconf 89' lang='lat' dir='ltr'><strong>ac</strong></span> <span class='ocrx_word' id='word_1_226' title='bbox 683 3561 990 3618; x_wconf 89' lang='lat' dir='ltr'><strong>naturalem</strong></span> <span class='ocrx_word' id='word_1_227' title='bbox 1027 3582 1040 3618; x_wconf 94' lang='lat'><strong>:</strong></span> <span class='ocrx_word' id='word_1_228' title='bbox 1078 3569 1309 3641; x_wconf 81' lang='lat' dir='ltr'><strong>ejusque</strong></span> <span class='ocrx_word' id='word_1_229' title='bbox 1344 3579 1530 3647; x_wconf 73' lang='lat' dir='ltr'><strong>grati-.e</strong></span> <span class='ocrx_word' id='word_1_230' title='bbox 1576 3561 1683 3651; x_wconf 83' lang='lat' dir='ltr'><strong>qua</strong></span> <span class='ocrx_word' id='word_1_231' title='bbox 1717 3561 1829 3641; x_wconf 88' lang='lat' dir='ltr'><strong>Deo</strong></span> <span class='ocrx_word' id='word_1_232' title='bbox 1857 3586 2014 3641; x_wconf 88' lang='lat' dir='ltr'><strong>sitni-</strong></span> 
     </span>
    </p>
   </div>
   <div class='ocr_carea' id='block_1_33' title="bbox 429 3641 2016 3734">
    <p class='ocr_par' dir='ltr' id='par_1_33' title="bbox 429 3641 2016 3734">
     <span class='ocr_line' id='line_1_33' title="bbox 429 3641 2016 3734; baseline 0.025 -40"><span class='ocrx_word' id='word_1_233' title='bbox 429 3641 504 3697; x_wconf 90' lang='lat' dir='ltr'><strong>lis</strong></span> <span class='ocrx_word' id='word_1_234' title='bbox 536 3652 643 3713; x_wconf 86' lang='lat' dir='ltr'><strong>est,</strong></span> <span class='ocrx_word' id='word_1_235' title='bbox 674 3662 774 3717; x_wconf 88' lang='lat' dir='ltr'><strong>per</strong></span> <span class='ocrx_word' id='word_1_236' title='bbox 806 3650 927 3708; x_wconf 73' lang='lat' dir='ltr'><strong>baac</strong></span> <span class='ocrx_word' id='word_1_237' title='bbox 966 3656 1112 3713; x_wconf 85' lang='lat' dir='ltr'><strong>illam</strong></span> <span class='ocrx_word' id='word_1_238' title='bbox 1150 3662 1442 3734; x_wconf 86' lang='lat' dir='ltr'><strong>imaginem</strong></span> <span class='ocrx_word' id='word_1_239' title='bbox 1496 3685 1617 3727; x_wconf 91' lang='lat' dir='ltr'><strong>sese</strong></span> <span class='ocrx_word' id='word_1_240' title='bbox 1658 3689 2016 3734; x_wconf 87' lang='lat' dir='ltr'><strong>conservare.</strong></span> 
     </span>
    </p>
   </div>
   <div class='ocr_carea' id='block_1_34' title="bbox 431 3734 2017 3839">
    <p class='ocr_par' dir='ltr' id='par_1_34' title="bbox 431 3734 2017 3839">
     <span class='ocr_line' id='line_1_34' title="bbox 431 3734 2017 3839; baseline 0.025 -50"><span class='ocrx_word' id='word_1_241' title='bbox 431 3734 705 3802; x_wconf 85' lang='lat' dir='ltr'><strong>Quoniam</strong></span> <span class='ocrx_word' id='word_1_242' title='bbox 768 3746 1190 3811; x_wconf 87' lang='lat' dir='ltr'><strong>ratiocinatione</strong></span> <span class='ocrx_word' id='word_1_243' title='bbox 1239 3769 1294 3813; x_wconf 92' lang='lat' dir='ltr'><strong>et</strong></span> <span class='ocrx_word' id='word_1_244' title='bbox 1346 3766 1665 3834; x_wconf 88' lang='lat' dir='ltr'><strong>conjectura</strong></span> <span class='ocrx_word' id='word_1_245' title='bbox 1711 3771 2017 3839; x_wconf 71' lang='lat' dir='ltr'><strong>colligitur,</strong></span> 
     </span>
    </p>
   </div>
   <div class='ocr_carea' id='block_1_35' title="bbox 428 3827 2018 3923">
    <p class='ocr_par' dir='ltr' id='par_1_35' title="bbox 428 3827 2018 3923">
     <span class='ocr_line' id='line_1_35' title="bbox 428 3827 2018 3923; baseline 0.023 -43"><span class='ocrx_word' id='word_1_246' title='bbox 428 3827 679 3886; x_wconf 88' lang='lat' dir='ltr'><strong>divinum</strong></span> <span class='ocrx_word' id='word_1_247' title='bbox 708 3848 929 3906; x_wconf 87' lang='lat' dir='ltr'><strong>quoque</strong></span> <span class='ocrx_word' id='word_1_248' title='bbox 948 3840 1164 3899; x_wconf 78' lang='lat' dir='ltr'><strong>Numen</strong></span> <span class='ocrx_word' id='word_1_249' title='bbox 1198 3827 1596 3923; x_wconf 76' lang='lat' dir='ltr'><strong>(quodcunque</strong></span> <span class='ocrx_word' id='word_1_250' title='bbox 1625 3827 1923 3914; x_wconf 45' lang='lat' dir='ltr'><strong>tandemuitl</strong></span> <span class='ocrx_word' id='word_1_251' title='bbox 1951 3827 2018 3915; x_wconf 58' lang='grc' dir='ltr'><strong>δέ</strong></span> 
     </span>
    </p>
   </div>
   <div class='ocr_carea' id='block_1_36' title="bbox 427 3921 2014 4021">
    <p class='ocr_par' dir='ltr' id='par_1_36' title="bbox 427 3921 2014 4021">
     <span class='ocr_line' id='line_1_36' title="bbox 427 3921 2014 4021; baseline 0.022 -47"><span class='ocrx_word' id='word_1_252' title='bbox 427 3921 515 3976; x_wconf 85' lang='lat' dir='ltr'><strong>sui</strong></span> <span class='ocrx_word' id='word_1_253' title='bbox 549 3934 745 3983; x_wconf 88' lang='lat' dir='ltr'><strong>natura</strong></span> <span class='ocrx_word' id='word_1_254' title='bbox 765 3932 873 4000; x_wconf 89' lang='lat' dir='ltr'><strong>est)</strong></span> <span class='ocrx_word' id='word_1_255' title='bbox 901 3930 955 3986; x_wconf 90' lang='lat' dir='ltr'><strong>in</strong></span> <span class='ocrx_word' id='word_1_256' title='bbox 978 3932 1067 3990; x_wconf 87' lang='lat' dir='ltr'><strong>his</strong></span> <span class='ocrx_word' id='word_1_257' title='bbox 1097 3950 1430 4012; x_wconf 87' lang='lat' dir='ltr'><strong>occupatum</strong></span> <span class='ocrx_word' id='word_1_258' title='bbox 1458 3921 1581 4001; x_wconf 83' lang='lat' dir='ltr'><strong>esse</strong></span> <span class='ocrx_word' id='word_1_259' title='bbox 1622 3964 1635 4001; x_wconf 89' lang='lat'><strong>:</strong></span> <span class='ocrx_word' id='word_1_260' title='bbox 1672 3963 1869 4021; x_wconf 89' lang='lat' dir='ltr'><strong>nempe</strong></span> <span class='ocrx_word' id='word_1_261' title='bbox 1902 3962 2014 4009; x_wconf 92' lang='lat' dir='ltr'><strong>tum</strong></span> 
     </span>
    </p>
   </div>
   <div class='ocr_carea' id='block_1_37' title="bbox 424 4012 2015 4102">
    <p class='ocr_par' dir='ltr' id='par_1_37' title="bbox 424 4012 2015 4102">
     <span class='ocr_line' id='line_1_37' title="bbox 424 4012 2015 4102; baseline 0.022 -34"><span class='ocrx_word' id='word_1_262' title='bbox 424 4012 486 4069; x_wconf 84' lang='lat' dir='ltr'><strong>in</strong></span> <span class='ocrx_word' id='word_1_263' title='bbox 515 4015 863 4089; x_wconf 85' lang='lat' dir='ltr'><strong>inspiciendo</strong></span> <span class='ocrx_word' id='word_1_264' title='bbox 894 4029 1100 4093; x_wconf 88' lang='lat' dir='ltr'><strong>omnia,</strong></span> <span class='ocrx_word' id='word_1_265' title='bbox 1133 4038 1248 4087; x_wconf 86' lang='lat' dir='ltr'><strong>tum</strong></span> <span class='ocrx_word' id='word_1_266' title='bbox 1283 4032 1338 4089; x_wconf 92' lang='lat' dir='ltr'><strong>in</strong></span> <span class='ocrx_word' id='word_1_267' title='bbox 1388 4036 1760 4097; x_wconf 90' lang='lat' dir='ltr'><strong>discernendo</strong></span> <span class='ocrx_word' id='word_1_268' title='bbox 1809 4043 2015 4102; x_wconf 90' lang='lat' dir='ltr'><strong>bonum</strong></span> 
     </span>
    </p>
   </div>
   <div class='ocr_carea' id='block_1_38' title="bbox 425 4200 2013 4299">
    <p class='ocr_par' dir='ltr' id='par_1_38' title="bbox 425 4200 2013 4299">
     <span class='ocr_line' id='line_1_38' title="bbox 425 4200 2013 4299; baseline 0.021 -47"><span class='ocrx_word' id='word_1_269' title='bbox 425 4200 532 4258; x_wconf 84' lang='lat' dir='ltr'><strong>sita</strong></span> <span class='ocrx_word' id='word_1_270' title='bbox 561 4216 713 4270; x_wconf 89' lang='lat' dir='ltr'><strong>sunt,</strong></span> <span class='ocrx_word' id='word_1_271' title='bbox 750 4208 817 4263; x_wconf 89' lang='lat' dir='ltr'><strong>ad</strong></span> <span class='ocrx_word' id='word_1_272' title='bbox 861 4212 1191 4270; x_wconf 89' lang='lat' dir='ltr'><strong>alterutrum</strong></span> <span class='ocrx_word' id='word_1_273' title='bbox 1240 4235 1309 4272; x_wconf 85' lang='lat' dir='ltr'><strong>ex</strong></span> <span class='ocrx_word' id='word_1_274' title='bbox 1347 4226 1647 4282; x_wconf 88' lang='lat' dir='ltr'><strong>contrariis</strong></span> <span class='ocrx_word' id='word_1_275' title='bbox 1681 4231 2013 4299; x_wconf 90' lang='lat' dir='ltr'><strong>propensio-</strong></span> 
     </span>
    </p>
   </div>
   <div class='ocr_carea' id='block_1_39' title="bbox 422 4298 2014 4391">
    <p class='ocr_par' dir='ltr' id='par_1_39' title="bbox 422 4298 2014 4391">
     <span class='ocr_line' id='line_1_39' title="bbox 422 4298 2014 4391; baseline 0.018 -42"><span class='ocrx_word' id='word_1_276' title='bbox 422 4308 552 4350; x_wconf 86' lang='lat' dir='ltr'><strong>nem</strong></span> <span class='ocrx_word' id='word_1_277' title='bbox 577 4306 637 4352; x_wconf 90' lang='lat' dir='ltr'><strong>et</strong></span> <span class='ocrx_word' id='word_1_278' title='bbox 657 4298 1068 4361; x_wconf 89' lang='lat' dir='ltr'><strong>inclinationem</strong></span> <span class='ocrx_word' id='word_1_279' title='bbox 1115 4311 1270 4380; x_wconf 79' lang='lat' dir='ltr'><strong>juxta</strong></span> <span class='ocrx_word' id='word_1_280' title='bbox 1312 4314 1397 4367; x_wconf 91' lang='lat' dir='ltr'><strong>sui</strong></span> <span class='ocrx_word' id='word_1_281' title='bbox 1451 4324 1709 4374; x_wconf 90' lang='lat' dir='ltr'><strong>naturam</strong></span> <span class='ocrx_word' id='word_1_282' title='bbox 1758 4320 2014 4391; x_wconf 86' lang='lat' dir='ltr'><strong>habent;</strong></span> 
     </span>
    </p>
   </div>
   <div class='ocr_carea' id='block_1_40' title="bbox 423 4398 2011 4482">
    <p class='ocr_par' dir='ltr' id='par_1_40' title="bbox 423 4398 2011 4482">
     <span class='ocr_line' id='line_1_40' title="bbox 423 4398 2011 4482; baseline 0.018 -42"><span class='ocrx_word' id='word_1_283' title='bbox 423 4400 660 4456; x_wconf 85' lang='lat' dir='ltr'><strong>quorum</strong></span> <span class='ocrx_word' id='word_1_284' title='bbox 688 4400 873 4449; x_wconf 80' lang='lat' dir='ltr'><strong>certus</strong></span> <span class='ocrx_word' id='word_1_285' title='bbox 892 4398 1115 4465; x_wconf 85' lang='lat' dir='ltr'><strong>quidam</strong></span> <span class='ocrx_word' id='word_1_286' title='bbox 1142 4417 1275 4458; x_wconf 86' lang='lat' dir='ltr'><strong>usus</strong></span> <span class='ocrx_word' id='word_1_287' title='bbox 1302 4406 1386 4460; x_wconf 89' lang='lat' dir='ltr'><strong>vel</strong></span> <span class='ocrx_word' id='word_1_288' title='bbox 1419 4407 1487 4461; x_wconf 93' lang='lat' dir='ltr'><strong>ad</strong></span> <span class='ocrx_word' id='word_1_289' title='bbox 1518 4408 1571 4464; x_wconf 89' lang='lat' dir='ltr'><strong>id</strong></span> <span class='ocrx_word' id='word_1_290' title='bbox 1597 4413 1744 4482; x_wconf 89' lang='lat' dir='ltr'><strong>quod</strong></span> <span class='ocrx_word' id='word_1_291' title='bbox 1779 4413 2011 4481; x_wconf 89' lang='lat' dir='ltr'><strong>bonum,</strong></span> 
     </span>
    </p>
   </div>
   <div class='ocr_carea' id='block_1_41' title="bbox 420 4479 2085 4562">
    <p class='ocr_par' dir='ltr' id='par_1_41' title="bbox 420 4479 2085 4562">
     <span class='ocr_line' id='line_1_41' title="bbox 420 4479 2085 4562; baseline 0.017 -28"><span class='ocrx_word' id='word_1_292' title='bbox 420 4479 512 4535; x_wconf 82' lang='lat' dir='ltr'><strong>vel</strong></span> <span class='ocrx_word' id='word_1_293' title='bbox 550 4479 697 4537; x_wconf 89' lang='lat' dir='ltr'><strong>bono</strong></span> <span class='ocrx_word' id='word_1_294' title='bbox 743 4492 1083 4545; x_wconf 89' lang='lat' dir='ltr'><strong>contrarium</strong></span> <span class='ocrx_word' id='word_1_295' title='bbox 1132 4504 1237 4562; x_wconf 87' lang='lat' dir='ltr'><strong>est,</strong></span> <span class='ocrx_word' id='word_1_296' title='bbox 1293 4498 1449 4555; x_wconf 88' lang='lat' dir='ltr'><strong>ducit</strong></span> <span class='ocrx_word' id='word_1_297' title='bbox 1482 4479 1743 4558; x_wconf 43' lang='lat' dir='ltr'><strong>even—tum</strong></span> <span class='ocrx_word' id='word_1_298' title='bbox 1780 4523 1792 4559; x_wconf 91' lang='lat'>:</span> <span class='ocrx_word' id='word_1_299' title='bbox 1833 4506 2006 4561; x_wconf 90' lang='lat' dir='ltr'><strong>veluti</strong></span> <span class='ocrx_word' id='word_1_300' title='bbox 2039 4496 2085 4549; x_wconf 77' lang='grc' dir='ltr'><strong>ῐ)</strong></span> 
     </span>
    </p>
   </div>
   <div class='ocr_carea' id='block_1_42' title="bbox 422 4570 2055 4662">
    <p class='ocr_par' dir='ltr' id='par_1_42' title="bbox 422 4570 2055 4662">
     <span class='ocr_line' id='line_1_42' title="bbox 422 4570 2055 4662; baseline 0.017 -37"><span class='ocrx_word' id='word_1_301' title='bbox 422 4570 506 4627; x_wconf 86' lang='lat' dir='ltr'><strong>ira</strong></span> <span class='ocrx_word' id='word_1_302' title='bbox 524 4573 612 4628; x_wconf 88' lang='lat' dir='ltr'><strong>vel</strong></span> <span class='ocrx_word' id='word_1_303' title='bbox 641 4585 840 4641; x_wconf 90' lang='lat' dir='ltr'><strong>metus,</strong></span> <span class='ocrx_word' id='word_1_304' title='bbox 871 4596 935 4635; x_wconf 89' lang='lat' dir='ltr'><strong>ac</strong></span> <span class='ocrx_word' id='word_1_305' title='bbox 978 4584 1023 4637; x_wconf 91' lang='lat' dir='ltr'><strong>si</strong></span> <span class='ocrx_word' id='word_1_306' title='bbox 1063 4585 1197 4654; x_wconf 88' lang='lat' dir='ltr'><strong>quid</strong></span> <span class='ocrx_word' id='word_1_307' title='bbox 1233 4599 1537 4657; x_wconf 87' lang='lat' dir='ltr'><strong>mortuum,</strong></span> <span class='ocrx_word' id='word_1_308' title='bbox 1571 4593 1667 4662; x_wconf 89' lang='lat' dir='ltr'><strong>qui</strong></span> <span class='ocrx_word' id='word_1_309' title='bbox 1711 4595 1767 4648; x_wconf 92' lang='lat' dir='ltr'><strong>in</strong></span> <span class='ocrx_word' id='word_1_310' title='bbox 1820 4597 2003 4652; x_wconf 88' lang='lat' dir='ltr'><strong>anima</strong></span> <span class='ocrx_word' id='word_1_311' title='bbox 2054 4624 2055 4627; x_wconf 54' lang='grc' dir='ltr'><strong>η</strong></span> 
     </span>
    </p>
   </div>
   <div class='ocr_carea' id='block_1_43' title="bbox 416 4673 2006 4754">
    <p class='ocr_par' dir='ltr' id='par_1_43' title="bbox 416 4673 2006 4754">
     <span class='ocr_line' id='line_1_43' title="bbox 416 4673 2006 4754; baseline 0.016 -31"><span class='ocrx_word' id='word_1_312' title='bbox 416 4677 569 4735; x_wconf 82' lang='lat' dir='ltr'><strong>sunt,</strong></span> <span class='ocrx_word' id='word_1_313' title='bbox 623 4673 895 4744; x_wconf 88' lang='lat' dir='ltr'><strong>ejusmodi</strong></span> <span class='ocrx_word' id='word_1_314' title='bbox 934 4690 1041 4745; x_wconf 90' lang='lat' dir='ltr'><strong>est,</strong></span> <span class='ocrx_word' id='word_1_315' title='bbox 1081 4682 1201 4738; x_wconf 90' lang='lat' dir='ltr'><strong>sine</strong></span> <span class='ocrx_word' id='word_1_316' title='bbox 1253 4685 1460 4754; x_wconf 86' lang='lat' dir='ltr'><strong>quibus</strong></span> <span class='ocrx_word' id='word_1_317' title='bbox 1500 4688 1741 4746; x_wconf 87' lang='lat' dir='ltr'><strong>humana</strong></span> <span class='ocrx_word' id='word_1_318' title='bbox 1807 4702 2006 4749; x_wconf 89' lang='lat' dir='ltr'><strong>natura</strong></span> 
     </span>
    </p>
   </div>
   <div class='ocr_carea' id='block_1_44' title="bbox 419 4766 2005 4844">
    <p class='ocr_par' dir='ltr' id='par_1_44' title="bbox 419 4766 2005 4844">
     <span class='ocr_line' id='line_1_44' title="bbox 419 4766 2005 4844; baseline 0.015 -23"><span class='ocrx_word' id='word_1_319' title='bbox 419 4766 758 4824; x_wconf 85' lang='lat' dir='ltr'><strong>considerari</strong></span> <span class='ocrx_word' id='word_1_320' title='bbox 790 4787 903 4827; x_wconf 89' lang='lat' dir='ltr'><strong>non</strong></span> <span class='ocrx_word' id='word_1_321' title='bbox 933 4784 1137 4843; x_wconf 82' lang='lat' dir='ltr'><strong>potest,</strong></span> <span class='ocrx_word' id='word_1_322' title='bbox 1171 4777 1223 4832; x_wconf 89' lang='lat' dir='ltr'><strong>id</strong></span> <span class='ocrx_word' id='word_1_323' title='bbox 1252 4780 1603 4837; x_wconf 80' lang='lat' dir='ltr'><strong>extrinsecus</strong></span> <span class='ocrx_word' id='word_1_324' title='bbox 1624 4782 1674 4838; x_wconf 91' lang='lat' dir='ltr'><strong>ei</strong></span> <span class='ocrx_word' id='word_1_325' title='bbox 1700 4786 2005 4844; x_wconf 90' lang='lat' dir='ltr'><strong>accessisse</strong></span> 
     </span>
    </p>
   </div>
   <div class='ocr_carea' id='block_1_45' title="bbox 417 4860 2006 4947">
    <p class='ocr_par' dir='ltr' id='par_1_45' title="bbox 417 4860 2006 4947">
     <span class='ocr_line' id='line_1_45' title="bbox 417 4860 2006 4947; baseline 0.014 -35"><span class='ocrx_word' id='word_1_326' title='bbox 417 4860 817 4927; x_wconf 85' lang='lat' dir='ltr'><strong>existimamus,</strong></span> <span class='ocrx_word' id='word_1_327' title='bbox 847 4878 1141 4936; x_wconf 86' lang='lat' dir='ltr'><strong>prepterea</strong></span> <span class='ocrx_word' id='word_1_328' title='bbox 1179 4872 1331 4939; x_wconf 89' lang='lat' dir='ltr'><strong>quod</strong></span> <span class='ocrx_word' id='word_1_329' title='bbox 1387 4873 1442 4927; x_wconf 91' lang='lat' dir='ltr'><strong>in</strong></span> <span class='ocrx_word' id='word_1_330' title='bbox 1481 4875 1776 4947; x_wconf 89' lang='lat' dir='ltr'><strong>principali</strong></span> <span class='ocrx_word' id='word_1_331' title='bbox 1801 4885 1859 4934; x_wconf 90' lang='lat' dir='ltr'><strong>et</strong></span> <span class='ocrx_word' id='word_1_332' title='bbox 1891 4880 2006 4934; x_wconf 87' lang='lat' dir='ltr'><strong>ori-</strong></span> 
     </span>
    </p>
   </div>
   <div class='ocr_carea' id='block_1_46' title="bbox 416 4952 2001 5040">
    <p class='ocr_par' dir='ltr' id='par_1_46' title="bbox 416 4952 2001 5040">
     <span class='ocr_line' id='line_1_46' title="bbox 416 4952 2001 5040; baseline 0.014 -35"><span class='ocrx_word' id='word_1_333' title='bbox 416 4952 583 5021; x_wconf 75' lang='lat' dir='ltr'><strong>ginali</strong></span> <span class='ocrx_word' id='word_1_334' title='bbox 618 4955 1035 5023; x_wconf 85' lang='lat' dir='ltr'><strong>pulchritudine</strong></span> <span class='ocrx_word' id='word_1_335' title='bbox 1068 4961 1282 5017; x_wconf 92' lang='lat' dir='ltr'><strong>nullum</strong></span> <span class='ocrx_word' id='word_1_336' title='bbox 1310 4964 1582 5034; x_wconf 89' lang='lat' dir='ltr'><strong>ejusmodi</strong></span> <span class='ocrx_word' id='word_1_337' title='bbox 1619 4968 1839 5040; x_wconf 87' lang='lat' dir='ltr'><strong>signum</strong></span> <span class='ocrx_word' id='word_1_338' title='bbox 1874 4986 2001 5026; x_wconf 84' lang='lat' dir='ltr'><strong>cer-</strong></span> 
     </span>
    </p>
   </div>
   <div class='ocr_carea' id='block_1_47' title="bbox 414 5045 2006 5133">
    <p class='ocr_par' dir='ltr' id='par_1_47' title="bbox 414 5045 2006 5133">
     <span class='ocr_line' id='line_1_47' title="bbox 414 5045 2006 5133; baseline 0.014 -36"><span class='ocrx_word' id='word_1_339' title='bbox 414 5052 604 5099; x_wconf 83' lang='lat' dir='ltr'><strong>natur.</strong></span> <span class='ocrx_word' id='word_1_340' title='bbox 660 5045 792 5113; x_wconf 85' lang='lat' dir='ltr'><strong>Quae</strong></span> <span class='ocrx_word' id='word_1_341' title='bbox 852 5064 963 5103; x_wconf 88' lang='lat' dir='ltr'><strong>non</strong></span> <span class='ocrx_word' id='word_1_342' title='bbox 1056 5053 1283 5110; x_wconf 86' lang='lat' dir='ltr'><strong>omnino</strong></span> <span class='ocrx_word' id='word_1_343' title='bbox 1334 5058 1461 5111; x_wconf 90' lang='lat' dir='ltr'><strong>mali</strong></span> <span class='ocrx_word' id='word_1_344' title='bbox 1533 5060 1767 5133; x_wconf 91' lang='lat' dir='ltr'><strong>alicujus</strong></span> <span class='ocrx_word' id='word_1_345' title='bbox 1826 5078 2006 5118; x_wconf 81' lang='lat' dir='ltr'><strong>causae</strong></span> 
     </span>
    </p>
   </div>
   <div class='ocr_carea' id='block_1_48' title="bbox 413 5134 2006 5222">
    <p class='ocr_par' dir='ltr' id='par_1_48' title="bbox 413 5134 2006 5222">
     <span class='ocr_line' id='line_1_48' title="bbox 413 5134 2006 5222; baseline 0.015 -35"><span class='ocrx_word' id='word_1_346' title='bbox 413 5134 669 5190; x_wconf 83' lang='lat' dir='ltr'><strong>humanae</strong></span> <span class='ocrx_word' id='word_1_347' title='bbox 693 5140 1007 5195; x_wconf 84' lang='lat' dir='ltr'><strong>contributa</strong></span> <span class='ocrx_word' id='word_1_348' title='bbox 1041 5151 1251 5199; x_wconf 65' lang='lat' dir='ltr'><strong>natura:</strong></span> <span class='ocrx_word' id='word_1_349' title='bbox 1275 5157 1408 5202; x_wconf 91' lang='lat' dir='ltr'><strong>sunt</strong></span> <span class='ocrx_word' id='word_1_350' title='bbox 1438 5150 1587 5217; x_wconf 89' lang='lat' dir='ltr'><strong>(nam</strong></span> <span class='ocrx_word' id='word_1_351' title='bbox 1610 5152 1820 5222; x_wconf 85' lang='lat' dir='ltr'><strong>alioqui</strong></span> <span class='ocrx_word' id='word_1_352' title='bbox 1843 5152 2006 5210; x_wconf 87' lang='lat' dir='ltr'><strong>Crea-</strong></span> 
     </span>
    </p>
   </div>
   <div class='ocr_carea' id='block_1_49' title="bbox 414 5225 2001 5316">
    <p class='ocr_par' dir='ltr' id='par_1_49' title="bbox 414 5225 2001 5316">
     <span class='ocr_line' id='line_1_49' title="bbox 414 5225 2001 5316; baseline 0.015 -37"><span class='ocrx_word' id='word_1_353' title='bbox 414 5225 524 5281; x_wconf 87' lang='lat' dir='ltr'><strong>tori</strong></span> <span class='ocrx_word' id='word_1_354' title='bbox 555 5242 720 5284; x_wconf 89' lang='lat' dir='ltr'><strong>causa</strong></span> <span class='ocrx_word' id='word_1_355' title='bbox 742 5232 1011 5287; x_wconf 82' lang='lat' dir='ltr'><strong>malorqu</strong></span> <span class='ocrx_word' id='word_1_356' title='bbox 1047 5235 1316 5305; x_wconf 82' lang='lat' dir='ltr'><strong>assignari</strong></span> <span class='ocrx_word' id='word_1_357' title='bbox 1347 5249 1556 5310; x_wconf 83' lang='lat' dir='ltr'><strong>potest,</strong></span> <span class='ocrx_word' id='word_1_358' title='bbox 1602 5244 1648 5298; x_wconf 90' lang='lat' dir='ltr'><strong>si</strong></span> <span class='ocrx_word' id='word_1_359' title='bbox 1694 5245 1845 5300; x_wconf 89' lang='lat' dir='ltr'><strong>illinc</strong></span> <span class='ocrx_word' id='word_1_360' title='bbox 1868 5263 2001 5316; x_wconf 88' lang='lat' dir='ltr'><strong>pec-</strong></span> 
     </span>
    </p>
   </div>
   <div class='ocr_carea' id='block_1_50' title="bbox 415 5329 2000 5397">
    <p class='ocr_par' dir='ltr' id='par_1_50' title="bbox 415 5329 2000 5397">
     <span class='ocr_line' id='line_1_50' title="bbox 415 5329 2000 5397; baseline 0.015 -24"><span class='ocrx_word' id='word_1_361' title='bbox 415 5329 663 5375; x_wconf 84' lang='lat' dir='ltr'><strong>catorum</strong></span> <span class='ocrx_word' id='word_1_362' title='bbox 689 5329 1015 5383; x_wconf 68' lang='lat' dir='ltr'><strong>necessariae</strong></span> <span class='ocrx_word' id='word_1_363' title='bbox 1035 5344 1215 5384; x_wconf 61' lang='lat' dir='ltr'><strong>causae</strong></span> <span class='ocrx_word' id='word_1_364' title='bbox 1244 5331 1407 5386; x_wconf 87' lang='lat' dir='ltr'><strong>simul</strong></span> <span class='ocrx_word' id='word_1_365' title='bbox 1428 5334 1484 5388; x_wconf 88' lang='lat' dir='ltr'><strong>in</strong></span> <span class='ocrx_word' id='word_1_366' title='bbox 1503 5344 1756 5392; x_wconf 89' lang='lat' dir='ltr'><strong>naturam</strong></span> <span class='ocrx_word' id='word_1_367' title='bbox 1786 5340 2000 5397; x_wconf 67' lang='lat' dir='ltr'><strong>collatae</strong></span> 
     </span>
    </p>
   </div>
   <div class='ocr_carea' id='block_1_51' title="bbox 413 5414 1999 5490">
    <p class='ocr_par' dir='ltr' id='par_1_51' title="bbox 413 5414 1999 5490">
     <span class='ocr_line' id='line_1_51' title="bbox 413 5414 1999 5490; baseline 0.015 -24"><span class='ocrx_word' id='word_1_368' title='bbox 413 5414 644 5484; x_wconf 79' lang='lat' dir='ltr'><strong>essent),</strong></span> <span class='ocrx_word' id='word_1_369' title='bbox 674 5416 771 5471; x_wconf 90' lang='lat' dir='ltr'><strong>sed</strong></span> <span class='ocrx_word' id='word_1_370' title='bbox 797 5429 951 5474; x_wconf 88' lang='lat' dir='ltr'><strong>certo</strong></span> <span class='ocrx_word' id='word_1_371' title='bbox 992 5422 1232 5490; x_wconf 90' lang='lat' dir='ltr'><strong>quodam</strong></span> <span class='ocrx_word' id='word_1_372' title='bbox 1287 5441 1392 5481; x_wconf 90' lang='lat' dir='ltr'><strong>usu</strong></span> <span class='ocrx_word' id='word_1_373' title='bbox 1427 5428 1730 5487; x_wconf 85' lang='lat' dir='ltr'><strong>voluntatis</strong></span> <span class='ocrx_word' id='word_1_374' title='bbox 1758 5441 1813 5487; x_wconf 90' lang='lat' dir='ltr'><strong>et</strong></span> <span class='ocrx_word' id='word_1_375' title='bbox 1849 5434 1999 5488; x_wconf 79' lang='lat' dir='ltr'><strong>arbi-</strong></span> 
     </span>
    </p>
   </div>
   <div class='ocr_carea' id='block_1_52' title="bbox 415 5501 1995 5580">
    <p class='ocr_par' dir='ltr' id='par_1_52' title="bbox 415 5501 1995 5580">
     <span class='ocr_line' id='line_1_52' title="bbox 415 5501 1995 5580; baseline 0.015 -24"><span class='ocrx_word' id='word_1_376' title='bbox 415 5501 508 5557; x_wconf 86' lang='lat' dir='ltr'><strong>trii</strong></span> <span class='ocrx_word' id='word_1_377' title='bbox 540 5505 627 5558; x_wconf 78' lang='lat' dir='ltr'><strong>vel</strong></span> <span class='ocrx_word' id='word_1_378' title='bbox 662 5506 907 5574; x_wconf 84' lang='lat' dir='ltr'><strong>virtutis,</strong></span> <span class='ocrx_word' id='word_1_379' title='bbox 960 5511 1041 5567; x_wconf 89' lang='lat' dir='ltr'><strong>vel</strong></span> <span class='ocrx_word' id='word_1_380' title='bbox 1081 5512 1202 5568; x_wconf 86' lang='lat' dir='ltr'><strong>vitii</strong></span> <span class='ocrx_word' id='word_1_381' title='bbox 1245 5515 1615 5576; x_wconf 86' lang='lat' dir='ltr'><strong>instrumenta</strong></span> <span class='ocrx_word' id='word_1_382' title='bbox 1667 5522 1792 5579; x_wconf 89' lang='lat' dir='ltr'><strong>talis</strong></span> <span class='ocrx_word' id='word_1_383' title='bbox 1823 5524 1995 5580; x_wconf 89' lang='lat' dir='ltr'><strong>animi</strong></span> 
     </span>
    </p>
   </div>
   <div class='ocr_carea' id='block_1_53' title="bbox 414 5600 1996 5683">
    <p class='ocr_par' dir='ltr' id='par_1_53' title="bbox 414 5600 1996 5683">
     <span class='ocr_line' id='line_1_53' title="bbox 414 5600 1996 5683; baseline 0.016 -35"><span class='ocrx_word' id='word_1_384' title='bbox 414 5603 597 5653; x_wconf 86' lang='lat' dir='ltr'><strong>motus</strong></span> <span class='ocrx_word' id='word_1_385' title='bbox 630 5600 926 5657; x_wconf 88' lang='lat' dir='ltr'><strong>exsistunt.</strong></span> <span class='ocrx_word' id='word_1_386' title='bbox 967 5603 1440 5671; x_wconf 82' lang='lat' dir='ltr'><strong>Quemadmodum</strong></span> <span class='ocrx_word' id='word_1_387' title='bbox 1503 5613 1737 5683; x_wconf 91' lang='lat' dir='ltr'><strong>ferrum,</strong></span> <span class='ocrx_word' id='word_1_388' title='bbox 1769 5617 1900 5672; x_wconf 88' lang='lat' dir='ltr'><strong>dum</strong></span> <span class='ocrx_word' id='word_1_389' title='bbox 1928 5635 1996 5674; x_wconf 83' lang='lat' dir='ltr'><strong>ex</strong></span> 
     </span>
    </p>
   </div>
   <div class='ocr_carea' id='block_1_54' title="bbox 414 5689 1990 5779">
    <p class='ocr_par' dir='ltr' id='par_1_54' title="bbox 414 5689 1990 5779">
     <span class='ocr_line' id='line_1_54' title="bbox 414 5689 1990 5779; baseline 0.02 -42"><span class='ocrx_word' id='word_1_390' title='bbox 414 5689 684 5743; x_wconf 86' lang='lat' dir='ltr'><strong>sententia</strong></span> <span class='ocrx_word' id='word_1_391' title='bbox 712 5693 942 5751; x_wconf 88' lang='lat' dir='ltr'><strong>artiﬁcis</strong></span> <span class='ocrx_word' id='word_1_392' title='bbox 968 5697 1210 5770; x_wconf 90' lang='lat' dir='ltr'><strong>cuditur,</strong></span> <span class='ocrx_word' id='word_1_393' title='bbox 1263 5705 1636 5779; x_wconf 88' lang='lat' dir='ltr'><strong>quodcunque</strong></span> <span class='ocrx_word' id='word_1_394' title='bbox 1681 5708 1990 5767; x_wconf 81' lang='lat' dir='ltr'><strong>ferramen-</strong></span> 
     </span>
    </p>
   </div>
   <div class='ocr_carea' id='block_1_55' title="bbox 485 5774 948 5851">
    <p class='ocr_par' dir='ltr' id='par_1_55' title="bbox 485 5774 948 5851">
     <span class='ocr_line' id='line_1_55' title="bbox 485 5774 948 5851; baseline 0.032 -23"><span class='ocrx_word' id='word_1_395' title='bbox 485 5774 529 5804; x_wconf 84' lang='lat'><strong>&quot;</strong></span> <span class='ocrx_word' id='word_1_396' title='bbox 558 5774 693 5834; x_wconf 76' lang='lat' dir='ltr'><strong>Rom</strong></span> <span class='ocrx_word' id='word_1_397' title='bbox 722 5797 836 5851; x_wconf 79' lang='lat' dir='ltr'><strong>vin,</strong></span> <span class='ocrx_word' id='word_1_398' title='bbox 862 5787 948 5843; x_wconf 70' lang='lat' dir='ltr'><strong>2i.</strong></span> 
     </span>
    </p>
   </div>
   <div class='ocr_carea' id='block_1_56' title="bbox 1696 336 2469 413">
    <p class='ocr_par' dir='ltr' id='par_1_56' title="bbox 1696 336 2469 413">
     <span class='ocr_line' id='line_1_56' title="bbox 1696 336 2469 413; baseline 0.027 -20"><span class='ocrx_word' id='word_1_399' title='bbox 1696 336 2037 401; x_wconf 80' lang='lat' dir='ltr'><strong>PHILIPPI</strong></span> <span class='ocrx_word' id='word_1_400' title='bbox 2078 343 2469 413; x_wconf 71' lang='lat' dir='ltr'><strong>SOLITARII</strong></span> 
     </span>
    </p>
   </div>
   <div class='ocr_carea' id='block_1_57' title="bbox 775 431 3097 539">
    <p class='ocr_par' dir='ltr' id='par_1_57' title="bbox 775 431 3097 539">
     <span class='ocr_line' id='line_1_57' title="bbox 775 431 3097 539; baseline 0.026 -59"><span class='ocrx_word' id='word_1_401' title='bbox 775 444 885 482; x_wconf 89' lang='lat' dir='ltr'><strong>non</strong></span> <span class='ocrx_word' id='word_1_402' title='bbox 924 431 1092 486; x_wconf 87' lang='lat' dir='ltr'><strong>etiam</strong></span> <span class='ocrx_word' id='word_1_403' title='bbox 1147 447 1298 493; x_wconf 87' lang='lat' dir='ltr'><strong>recte</strong></span> <span class='ocrx_word' id='word_1_404' title='bbox 1332 438 1715 503; x_wconf 88' lang='lat' dir='ltr'><strong>deﬁnitionem</strong></span> <span class='ocrx_word' id='word_1_405' title='bbox 1743 467 2044 525; x_wconf 89' lang='lat' dir='ltr'><strong>oppugnet,</strong></span> <span class='ocrx_word' id='word_1_406' title='bbox 2080 466 2120 518; x_wconf 73' lang='grc' dir='ltr'>Α</span> <span class='ocrx_word' id='word_1_407' title='bbox 2156 473 2269 519; x_wconf 88' lang='lat' dir='ltr'><strong>tum</strong></span> <span class='ocrx_word' id='word_1_408' title='bbox 2302 471 2530 528; x_wconf 87' lang='lat' dir='ltr'><strong>artiﬁcis</strong></span> <span class='ocrx_word' id='word_1_409' title='bbox 2590 475 2778 530; x_wconf 84' lang='lat' dir='ltr'><strong>animo</strong></span> <span class='ocrx_word' id='word_1_410' title='bbox 2841 482 3097 539; x_wconf 79' lang='lat' dir='ltr'><strong>voluntas</strong></span> 
     </span>
    </p>
   </div>
   <div class='ocr_carea' id='block_1_58' title="bbox 3626 380 3743 447">
    <p class='ocr_par' dir='ltr' id='par_1_58' title="bbox 3626 380 3743 447">
     <span class='ocr_line' id='line_1_58' title="bbox 3626 380 3743 447; baseline 0.043 -4"><span class='ocrx_word' id='word_1_411' title='bbox 3626 380 3743 447; x_wconf 78' lang='lat'><strong>792</strong></span> 
     </span>
    </p>
   </div>
   <div class='ocr_carea' id='block_1_59' title="bbox 3139 486 3739 560">
    <p class='ocr_par' dir='ltr' id='par_1_59' title="bbox 3139 486 3739 560">
     <span class='ocr_line' id='line_1_59' title="bbox 3139 486 3739 560; baseline 0.028 -20"><span class='ocrx_word' id='word_1_412' title='bbox 3139 486 3528 560; x_wconf 80' lang='lat' dir='ltr'><strong>destinaverit,</strong></span> <span class='ocrx_word' id='word_1_413' title='bbox 3567 498 3637 553; x_wconf 81' lang='lat' dir='ltr'><strong>ad</strong></span> <span class='ocrx_word' id='word_1_414' title='bbox 3684 500 3739 556; x_wconf 89' lang='lat' dir='ltr'><strong>id</strong></span> 
     </span>
    </p>
   </div>
   <div class='ocr_carea' id='block_1_60' title="bbox 2156 558 3741 659">
    <p class='ocr_par' dir='ltr' id='par_1_60' title="bbox 2156 558 3741 659">
     <span class='ocr_line' id='line_1_60' title="bbox 2156 558 3741 659; baseline 0.021 -48"><span class='ocrx_word' id='word_1_415' title='bbox 2156 558 2321 611; x_wconf 83' lang='lat' dir='ltr'><strong>etiam</strong></span> <span class='ocrx_word' id='word_1_416' title='bbox 2353 560 2624 619; x_wconf 77' lang='lat' dir='ltr'><strong>formatur</strong></span> <span class='ocrx_word' id='word_1_417' title='bbox 2653 584 2665 620; x_wconf 94' lang='lat'>:</span> <span class='ocrx_word' id='word_1_418' title='bbox 2705 577 2761 622; x_wconf 88' lang='lat' dir='ltr'><strong>et</strong></span> <span class='ocrx_word' id='word_1_419' title='bbox 2784 570 2869 624; x_wconf 87' lang='lat' dir='ltr'><strong>vel</strong></span> <span class='ocrx_word' id='word_1_420' title='bbox 2894 572 3132 642; x_wconf 80' lang='lat' dir='ltr'><strong>gladius,</strong></span> <span class='ocrx_word' id='word_1_421' title='bbox 3163 579 3248 632; x_wconf 86' lang='lat' dir='ltr'><strong>vel</strong></span> <span class='ocrx_word' id='word_1_422' title='bbox 3276 582 3472 638; x_wconf 89' lang='lat' dir='ltr'><strong>rustici</strong></span> <span class='ocrx_word' id='word_1_423' title='bbox 3503 558 3741 659; x_wconf 78' lang='lat' dir='ltr'><strong>alicujus</strong></span> 
     </span>
    </p>
   </div>
   <div class='ocr_carea' id='block_1_61' title="bbox 2154 652 3736 746">
    <p class='ocr_par' dir='ltr' id='par_1_61' title="bbox 2154 652 3736 746">
     <span class='ocr_line' id='line_1_61' title="bbox 2154 652 3736 746; baseline 0.02 -44"><span class='ocrx_word' id='word_1_424' title='bbox 2154 653 2341 718; x_wconf 88' lang='lat' dir='ltr'><strong>operis</strong></span> <span class='ocrx_word' id='word_1_425' title='bbox 2362 652 2793 715; x_wconf 86' lang='lat' dir='ltr'><strong>instrumentum</strong></span> <span class='ocrx_word' id='word_1_426' title='bbox 2816 660 2898 726; x_wconf 87' lang='lat' dir='ltr'><strong>lit,</strong></span> <span class='ocrx_word' id='word_1_427' title='bbox 2926 672 3075 720; x_wconf 86' lang='lat' dir='ltr'><strong>metu</strong></span> <span class='ocrx_word' id='word_1_428' title='bbox 3092 668 3314 736; x_wconf 85' lang='lat' dir='ltr'><strong>quidem</strong></span> <span class='ocrx_word' id='word_1_429' title='bbox 3333 652 3736 746; x_wconf 67' lang='lat' dir='ltr'><strong>obedientiam,</strong></span> 
     </span>
    </p>
   </div>
   <div class='ocr_carea' id='block_1_62' title="bbox 2155 741 3736 839">
    <p class='ocr_par' dir='ltr' id='par_1_62' title="bbox 2155 741 3736 839">
     <span class='ocr_line' id='line_1_62' title="bbox 2155 741 3736 839; baseline 0.02 -45"><span class='ocrx_word' id='word_1_430' title='bbox 2155 741 2237 795; x_wconf 87' lang='lat' dir='ltr'><strong>ira</strong></span> <span class='ocrx_word' id='word_1_431' title='bbox 2276 758 2409 799; x_wconf 90' lang='lat' dir='ltr'><strong>vero</strong></span> <span class='ocrx_word' id='word_1_432' title='bbox 2448 745 2859 817; x_wconf 86' lang='lat' dir='ltr'><strong>fortitudinem,</strong></span> <span class='ocrx_word' id='word_1_433' title='bbox 2890 755 3185 813; x_wconf 87' lang='lat' dir='ltr'><strong>timiditate</strong></span> <span class='ocrx_word' id='word_1_434' title='bbox 3219 764 3534 821; x_wconf 82' lang='lat' dir='ltr'><strong>cautionem</strong></span> <span class='ocrx_word' id='word_1_435' title='bbox 3567 782 3736 839; x_wconf 89' lang='lat' dir='ltr'><strong>atque</strong></span> 
     </span>
    </p>
   </div>
   <div class='ocr_carea' id='block_1_63' title="bbox 2152 834 3738 928">
    <p class='ocr_par' dir='ltr' id='par_1_63' title="bbox 2152 834 3738 928">
     <span class='ocr_line' id='line_1_63' title="bbox 2152 834 3738 928; baseline 0.018 -43"><span class='ocrx_word' id='word_1_436' title='bbox 2152 834 2507 889; x_wconf 85' lang='lat' dir='ltr'><strong>securitatem</strong></span> <span class='ocrx_word' id='word_1_437' title='bbox 2544 838 2899 909; x_wconf 86' lang='lat' dir='ltr'><strong>ingenerante</strong></span> <span class='ocrx_word' id='word_1_438' title='bbox 2952 865 2960 896; x_wconf 91' lang='lat'><strong>:</strong></span> <span class='ocrx_word' id='word_1_439' title='bbox 3002 849 3323 918; x_wconf 88' lang='lat' dir='ltr'><strong>cupiditatis</strong></span> <span class='ocrx_word' id='word_1_440' title='bbox 3355 853 3486 909; x_wconf 89' lang='lat' dir='ltr'><strong>item</strong></span> <span class='ocrx_word' id='word_1_441' title='bbox 3527 834 3738 928; x_wconf 79' lang='lat' dir='ltr'><strong>impetu</strong></span> 
     </span>
    </p>
   </div>
   <div class='ocr_carea' id='block_1_64' title="bbox 2151 923 3736 1019">
    <p class='ocr_par' dir='ltr' id='par_1_64' title="bbox 2151 923 3736 1019">
     <span class='ocr_line' id='line_1_64' title="bbox 2151 923 3736 1019; baseline 0.019 -42"><span class='ocrx_word' id='word_1_442' title='bbox 2151 923 2396 981; x_wconf 86' lang='lat' dir='ltr'><strong>divinam</strong></span> <span class='ocrx_word' id='word_1_443' title='bbox 2423 929 2610 996; x_wconf 87' lang='lat' dir='ltr'><strong>simul,</strong></span> <span class='ocrx_word' id='word_1_444' title='bbox 2662 941 2719 988; x_wconf 91' lang='lat' dir='ltr'><strong>et</strong></span> <span class='ocrx_word' id='word_1_445' title='bbox 2778 935 3148 995; x_wconf 81' lang='lat' dir='ltr'><strong>immortalem</strong></span> <span class='ocrx_word' id='word_1_446' title='bbox 3179 945 3343 1000; x_wconf 91' lang='lat' dir='ltr'><strong>nobis</strong></span> <span class='ocrx_word' id='word_1_447' title='bbox 3394 923 3736 1019; x_wconf 74' lang='lat' dir='ltr'><strong>voluptatem</strong></span> 
     </span>
    </p>
   </div>
   <div class='ocr_carea' id='block_1_65' title="bbox 2152 1018 3738 1104">
    <p class='ocr_par' dir='ltr' id='par_1_65' title="bbox 2152 1018 3738 1104">
     <span class='ocr_line' id='line_1_65' title="bbox 2152 1018 3738 1104; baseline 0.02 -35"><span class='ocrx_word' id='word_1_448' title='bbox 2152 1018 2508 1076; x_wconf 86' lang='lat' dir='ltr'><strong>conciliante.</strong></span> <span class='ocrx_word' id='word_1_449' title='bbox 2550 1021 2647 1078; x_wconf 89' lang='lat' dir='ltr'><strong>Sin</strong></span> <span class='ocrx_word' id='word_1_450' title='bbox 2699 1036 2885 1082; x_wconf 89' lang='lat' dir='ltr'><strong>autem</strong></span> <span class='ocrx_word' id='word_1_451' title='bbox 2932 1031 3076 1086; x_wconf 90' lang='lat' dir='ltr'><strong>ratio</strong></span> <span class='ocrx_word' id='word_1_452' title='bbox 3114 1032 3360 1092; x_wconf 86' lang='lat' dir='ltr'><strong>habenas</strong></span> <span class='ocrx_word' id='word_1_453' title='bbox 3407 1018 3638 1104; x_wconf 81' lang='lat' dir='ltr'><strong>amittit.</strong></span> <span class='ocrx_word' id='word_1_454' title='bbox 3680 1057 3738 1101; x_wconf 91' lang='lat' dir='ltr'><strong>et</strong></span> 
     </span>
    </p>
   </div>
   <div class='ocr_carea' id='block_1_66' title="bbox 2153 1113 3737 1192">
    <p class='ocr_par' dir='ltr' id='par_1_66' title="bbox 2153 1113 3737 1192">
     <span class='ocr_line' id='line_1_66' title="bbox 2153 1113 3737 1192; baseline 0.021 -33"><span class='ocrx_word' id='word_1_455' title='bbox 2153 1114 2414 1177; x_wconf 89' lang='lat' dir='ltr'><strong>tanquam</strong></span> <span class='ocrx_word' id='word_1_456' title='bbox 2442 1113 2633 1184; x_wconf 81' lang='lat' dir='ltr'><strong>auriga</strong></span> <span class='ocrx_word' id='word_1_457' title='bbox 2656 1115 2859 1187; x_wconf 89' lang='lat' dir='ltr'><strong>aliquis</strong></span> <span class='ocrx_word' id='word_1_458' title='bbox 2892 1121 3200 1190; x_wconf 87' lang='lat' dir='ltr'><strong>implicitus</strong></span> <span class='ocrx_word' id='word_1_459' title='bbox 3241 1130 3432 1184; x_wconf 90' lang='lat' dir='ltr'><strong>currui</strong></span> <span class='ocrx_word' id='word_1_460' title='bbox 3488 1143 3640 1190; x_wconf 91' lang='lat' dir='ltr'><strong>retro</strong></span> <span class='ocrx_word' id='word_1_461' title='bbox 3666 1140 3737 1192; x_wconf 89' lang='lat' dir='ltr'><strong>ab</strong></span> 
     </span>
    </p>
   </div>
   <div class='ocr_carea' id='block_1_67' title="bbox 2150 1201 3717 1297">
    <p class='ocr_par' dir='ltr' id='par_1_67' title="bbox 2150 1201 3717 1297">
     <span class='ocr_line' id='line_1_67' title="bbox 2150 1201 3717 1297; baseline 0.021 -44"><span class='ocrx_word' id='word_1_462' title='bbox 2150 1214 2218 1253; x_wconf 90' lang='lat' dir='ltr'><strong>eo</strong></span> <span class='ocrx_word' id='word_1_463' title='bbox 2263 1201 2538 1271; x_wconf 85' lang='lat' dir='ltr'><strong>trahatur,</strong></span> <span class='ocrx_word' id='word_1_464' title='bbox 2586 1206 2795 1278; x_wconf 87' lang='lat' dir='ltr'><strong>illoque</strong></span> <span class='ocrx_word' id='word_1_465' title='bbox 2835 1212 3169 1284; x_wconf 89' lang='lat' dir='ltr'><strong>abripiatur,</strong></span> <span class='ocrx_word' id='word_1_466' title='bbox 3202 1236 3540 1297; x_wconf 89' lang='lat' dir='ltr'><strong>quocunque</strong></span> <span class='ocrx_word' id='word_1_467' title='bbox 3588 1246 3717 1285; x_wconf 90' lang='lat' dir='ltr'><strong>eum</strong></span> 
     </span>
    </p>
   </div>
   <div class='ocr_carea' id='block_1_68' title="bbox 2151 1294 3732 1383">
    <p class='ocr_par' dir='ltr' id='par_1_68' title="bbox 2151 1294 3732 1383">
     <span class='ocr_line' id='line_1_68' title="bbox 2151 1294 3732 1383; baseline 0.022 -38"><span class='ocrx_word' id='word_1_468' title='bbox 2151 1294 2384 1349; x_wconf 89' lang='lat' dir='ltr'><strong>rationis</strong></span> <span class='ocrx_word' id='word_1_469' title='bbox 2414 1311 2614 1367; x_wconf 81' lang='lat' dir='ltr'><strong>expers</strong></span> <span class='ocrx_word' id='word_1_470' title='bbox 2641 1313 2827 1358; x_wconf 83' lang='lat' dir='ltr'><strong>motus</strong></span> <span class='ocrx_word' id='word_1_471' title='bbox 2841 1305 3225 1373; x_wconf 85' lang='lat' dir='ltr'><strong>jumentorum</strong></span> <span class='ocrx_word' id='word_1_472' title='bbox 3249 1316 3484 1383; x_wconf 83' lang='lat' dir='ltr'><strong>auferat.</strong></span> <span class='ocrx_word' id='word_1_473' title='bbox 3513 1330 3645 1378; x_wconf 89' lang='lat' dir='ltr'><strong>tunc</strong></span> <span class='ocrx_word' id='word_1_474' title='bbox 3675 1324 3732 1379; x_wconf 91' lang='lat' dir='ltr'><strong>in</strong></span> 
     </span>
    </p>
   </div>
   <div class='ocr_carea' id='block_1_69' title="bbox 2149 1386 3735 1482">
    <p class='ocr_par' dir='ltr' id='par_1_69' title="bbox 2149 1386 3735 1482">
     <span class='ocr_line' id='line_1_69' title="bbox 2149 1386 3735 1482; baseline 0.021 -46"><span class='ocrx_word' id='word_1_475' title='bbox 2149 1386 2627 1453; x_wconf 89' lang='lat' dir='ltr'><strong>perturbationem</strong></span> <span class='ocrx_word' id='word_1_476' title='bbox 2673 1394 3051 1463; x_wconf 87' lang='lat' dir='ltr'><strong>appetitiones</strong></span> <span class='ocrx_word' id='word_1_477' title='bbox 3098 1416 3503 1464; x_wconf 88' lang='lat' dir='ltr'><strong>convertuntur</strong></span> <span class='ocrx_word' id='word_1_478' title='bbox 3547 1412 3735 1482; x_wconf 84' lang='lat' dir='ltr'><strong>(quale</strong></span> 
     </span>
    </p>
   </div>
   <div class='ocr_carea' id='block_1_70' title="bbox 2149 1477 3734 1570">
    <p class='ocr_par' dir='ltr' id='par_1_70' title="bbox 2149 1477 3734 1570">
     <span class='ocr_line' id='line_1_70' title="bbox 2149 1477 3734 1570; baseline 0.02 -41"><span class='ocrx_word' id='word_1_479' title='bbox 2149 1477 2413 1532; x_wconf 90' lang='lat' dir='ltr'><strong>nimirum</strong></span> <span class='ocrx_word' id='word_1_480' title='bbox 2438 1481 2605 1535; x_wconf 87' lang='lat' dir='ltr'><strong>etiam</strong></span> <span class='ocrx_word' id='word_1_481' title='bbox 2635 1484 2688 1536; x_wconf 93' lang='lat' dir='ltr'><strong>in</strong></span> <span class='ocrx_word' id='word_1_482' title='bbox 2727 1486 2908 1543; x_wconf 87' lang='lat' dir='ltr'><strong>brutis</strong></span> <span class='ocrx_word' id='word_1_483' title='bbox 2945 1490 3138 1548; x_wconf 84' lang='lat' dir='ltr'><strong>videre</strong></span> <span class='ocrx_word' id='word_1_484' title='bbox 3160 1495 3314 1563; x_wconf 89' lang='lat' dir='ltr'><strong>licet,</strong></span> <span class='ocrx_word' id='word_1_485' title='bbox 3348 1502 3615 1570; x_wconf 87' lang='lat' dir='ltr'><strong>quoniam</strong></span> <span class='ocrx_word' id='word_1_486' title='bbox 3650 1522 3734 1560; x_wconf 89' lang='lat' dir='ltr'><strong>ra-</strong></span> 
     </span>
    </p>
   </div>
   <div class='ocr_carea' id='block_1_71' title="bbox 2150 1570 3733 1663">
    <p class='ocr_par' dir='ltr' id='par_1_71' title="bbox 2150 1570 3733 1663">
     <span class='ocr_line' id='line_1_71' title="bbox 2150 1570 3733 1663; baseline 0.021 -43"><span class='ocrx_word' id='word_1_487' title='bbox 2150 1570 2225 1621; x_wconf 90' lang='lat' dir='ltr'><strong>tio</strong></span> <span class='ocrx_word' id='word_1_488' title='bbox 2254 1573 2585 1629; x_wconf 85' lang='lat' dir='ltr'><strong>naturaliter</strong></span> <span class='ocrx_word' id='word_1_489' title='bbox 2614 1578 2697 1632; x_wconf 88' lang='lat' dir='ltr'><strong>eis</strong></span> <span class='ocrx_word' id='word_1_490' title='bbox 2728 1578 2908 1636; x_wconf 63' lang='lat' dir='ltr'><strong>insitae</strong></span> <span class='ocrx_word' id='word_1_491' title='bbox 2932 1586 3164 1640; x_wconf 90' lang='lat' dir='ltr'><strong>motioni</strong></span> <span class='ocrx_word' id='word_1_492' title='bbox 3201 1604 3312 1644; x_wconf 90' lang='lat' dir='ltr'><strong>non</strong></span> <span class='ocrx_word' id='word_1_493' title='bbox 3346 1595 3591 1663; x_wconf 66' lang='lat' dir='ltr'><strong>praeest),</strong></span> <span class='ocrx_word' id='word_1_494' title='bbox 3634 1601 3733 1653; x_wconf 80' lang='lat' dir='ltr'><strong>sel</strong></span> 
     </span>
    </p>
   </div>
   <div class='ocr_carea' id='block_1_72' title="bbox 2147 1663 3737 1752">
    <p class='ocr_par' dir='ltr' id='par_1_72' title="bbox 2147 1663 3737 1752">
     <span class='ocr_line' id='line_1_72' title="bbox 2147 1663 3737 1752; baseline 0.021 -39"><span class='ocrx_word' id='word_1_495' title='bbox 2147 1663 2371 1729; x_wconf 87' lang='lat' dir='ltr'><strong>quando</strong></span> <span class='ocrx_word' id='word_1_496' title='bbox 2422 1675 2608 1723; x_wconf 90' lang='lat' dir='ltr'><strong>motus</strong></span> <span class='ocrx_word' id='word_1_497' title='bbox 2659 1684 2857 1729; x_wconf 85' lang='lat' dir='ltr'><strong>eorum</strong></span> <span class='ocrx_word' id='word_1_498' title='bbox 2901 1675 2967 1729; x_wconf 91' lang='lat' dir='ltr'><strong>ad</strong></span> <span class='ocrx_word' id='word_1_499' title='bbox 3012 1676 3222 1734; x_wconf 87' lang='lat' dir='ltr'><strong>bonum</strong></span> <span class='ocrx_word' id='word_1_500' title='bbox 3267 1682 3519 1752; x_wconf 89' lang='lat' dir='ltr'><strong>inclinat,</strong></span> <span class='ocrx_word' id='word_1_501' title='bbox 3555 1688 3737 1747; x_wconf 87' lang='lat' dir='ltr'><strong>laudis</strong></span> 
     </span>
    </p>
   </div>
   <div class='ocr_carea' id='block_1_73' title="bbox 2149 1753 3733 1841">
    <p class='ocr_par' dir='ltr' id='par_1_73' title="bbox 2149 1753 3733 1841">
     <span class='ocr_line' id='line_1_73' title="bbox 2149 1753 3733 1841; baseline 0.021 -36"><span class='ocrx_word' id='word_1_502' title='bbox 2149 1755 2377 1809; x_wconf 86' lang='lat' dir='ltr'><strong>materia</strong></span> <span class='ocrx_word' id='word_1_503' title='bbox 2402 1753 2563 1823; x_wconf 90' lang='lat' dir='ltr'><strong>ﬁunt,</strong></span> <span class='ocrx_word' id='word_1_504' title='bbox 2600 1768 2662 1815; x_wconf 92' lang='lat' dir='ltr'><strong>ut</strong></span> <span class='ocrx_word' id='word_1_505' title='bbox 2686 1761 2897 1818; x_wconf 85' lang='lat' dir='ltr'><strong>Danieli</strong></span> <span class='ocrx_word' id='word_1_506' title='bbox 2929 1769 3230 1837; x_wconf 87' lang='lat' dir='ltr'><strong>cupiditas,</strong></span> <span class='ocrx_word' id='word_1_507' title='bbox 3272 1788 3339 1841; x_wconf 87' lang='lat' dir='ltr'><strong>ac</strong></span> <span class='ocrx_word' id='word_1_508' title='bbox 3387 1775 3733 1837; x_wconf 88' lang='lat' dir='ltr'><strong>desiderium</strong></span> 
     </span>
    </p>
   </div>
   <div class='ocr_carea' id='block_1_74' title="bbox 2145 1843 3729 1929">
    <p class='ocr_par' dir='ltr' id='par_1_74' title="bbox 2145 1843 3729 1929">
     <span class='ocr_line' id='line_1_74' title="bbox 2145 1843 3729 1929; baseline 0.02 -33"><span class='ocrx_word' id='word_1_509' title='bbox 2145 1852 2200 1896; x_wconf 90' lang='lat' dir='ltr'><strong>et</strong></span> <span class='ocrx_word' id='word_1_510' title='bbox 2226 1843 2443 1903; x_wconf 67' lang='lat' dir='ltr'><strong>Phinea:</strong></span> <span class='ocrx_word' id='word_1_511' title='bbox 2478 1849 2651 1916; x_wconf 88' lang='lat' dir='ltr'><strong>zelus,</strong></span> <span class='ocrx_word' id='word_1_512' title='bbox 2689 1866 2747 1907; x_wconf 93' lang='lat' dir='ltr'><strong>et</strong></span> <span class='ocrx_word' id='word_1_513' title='bbox 2781 1854 2921 1910; x_wconf 86' lang='lat' dir='ltr'><strong>bene</strong></span> <span class='ocrx_word' id='word_1_514' title='bbox 2956 1857 3168 1929; x_wconf 83' lang='lat' dir='ltr'><strong>lugenti</strong></span> <span class='ocrx_word' id='word_1_515' title='bbox 3206 1863 3386 1919; x_wconf 87' lang='lat' dir='ltr'><strong>dolor.</strong></span> <span class='ocrx_word' id='word_1_516' title='bbox 3410 1866 3507 1924; x_wconf 90' lang='lat' dir='ltr'><strong>Sin</strong></span> <span class='ocrx_word' id='word_1_517' title='bbox 3539 1881 3729 1927; x_wconf 90' lang='lat' dir='ltr'><strong>autem</strong></span> 
     </span>
    </p>
   </div>
   <div class='ocr_carea' id='block_1_75' title="bbox 2144 1936 3731 2034">
    <p class='ocr_par' dir='ltr' id='par_1_75' title="bbox 2144 1936 3731 2034">
     <span class='ocr_line' id='line_1_75' title="bbox 2144 1936 3731 2034; baseline 0.021 -45"><span class='ocrx_word' id='word_1_518' title='bbox 2144 1936 2212 1990; x_wconf 88' lang='lat' dir='ltr'><strong>ad</strong></span> <span class='ocrx_word' id='word_1_519' title='bbox 2239 1936 2483 1995; x_wconf 88' lang='lat' dir='ltr'><strong>deterius</strong></span> <span class='ocrx_word' id='word_1_520' title='bbox 2512 1947 2878 2014; x_wconf 82' lang='lat' dir='ltr'><strong>pr0pen-Jent,</strong></span> <span class='ocrx_word' id='word_1_521' title='bbox 2915 1958 3047 2007; x_wconf 85' lang='lat' dir='ltr'><strong>tunc</strong></span> <span class='ocrx_word' id='word_1_522' title='bbox 3076 1954 3194 2010; x_wconf 58' lang='lat' dir='ltr'><strong>haec</strong></span> <span class='ocrx_word' id='word_1_523' title='bbox 3229 1956 3462 2017; x_wconf 72' lang='lat' dir='ltr'><strong>allectus</strong></span> <span class='ocrx_word' id='word_1_524' title='bbox 3494 1978 3560 2017; x_wconf 90' lang='lat' dir='ltr'><strong>ac</strong></span> <span class='ocrx_word' id='word_1_525' title='bbox 3602 1981 3731 2034; x_wconf 87' lang='lat' dir='ltr'><strong>per-</strong></span> 
     </span>
    </p>
   </div>
   <div class='ocr_carea' id='block_1_76' title="bbox 2146 2030 3732 2122">
    <p class='ocr_par' dir='ltr' id='par_1_76' title="bbox 2146 2030 3732 2122">
     <span class='ocr_line' id='line_1_76' title="bbox 2146 2030 3732 2122; baseline 0.018 -38"><span class='ocrx_word' id='word_1_526' title='bbox 2146 2030 2487 2090; x_wconf 89' lang='lat' dir='ltr'><strong>turbationes</strong></span> <span class='ocrx_word' id='word_1_527' title='bbox 2532 2045 2589 2091; x_wconf 83' lang='lat' dir='ltr'><strong>et</strong></span> <span class='ocrx_word' id='word_1_528' title='bbox 2634 2050 2786 2106; x_wconf 89' lang='lat' dir='ltr'><strong>sunt,</strong></span> <span class='ocrx_word' id='word_1_529' title='bbox 2844 2051 2902 2096; x_wconf 92' lang='lat' dir='ltr'><strong>et</strong></span> <span class='ocrx_word' id='word_1_530' title='bbox 2947 2046 3329 2106; x_wconf 86' lang='lat' dir='ltr'><strong>nominantur.</strong></span> <span class='ocrx_word' id='word_1_531' title='bbox 3374 2030 3732 2122; x_wconf 36' lang='lat' dir='ltr'><strong>Specula&#39;udi,</strong></span> 
     </span>
    </p>
   </div>
   <div class='ocr_carea' id='block_1_77' title="bbox 2142 2122 3726 2215">
    <p class='ocr_par' dir='ltr' id='par_1_77' title="bbox 2142 2122 3726 2215">
     <span class='ocr_line' id='line_1_77' title="bbox 2142 2122 3726 2215; baseline 0.018 -40"><span class='ocrx_word' id='word_1_532' title='bbox 2142 2138 2205 2177; x_wconf 90' lang='lat' dir='ltr'><strong>ac</strong></span> <span class='ocrx_word' id='word_1_533' title='bbox 2228 2122 2571 2193; x_wconf 87' lang='lat' dir='ltr'><strong>dijudicandi</strong></span> <span class='ocrx_word' id='word_1_534' title='bbox 2615 2129 2698 2184; x_wconf 86' lang='lat' dir='ltr'><strong>vis</strong></span> <span class='ocrx_word' id='word_1_535' title='bbox 2747 2133 2970 2202; x_wconf 86' lang='lat' dir='ltr'><strong>propria</strong></span> <span class='ocrx_word' id='word_1_536' title='bbox 3000 2147 3087 2191; x_wconf 89' lang='lat' dir='ltr'><strong>est</strong></span> <span class='ocrx_word' id='word_1_537' title='bbox 3133 2140 3254 2208; x_wconf 87' lang='lat' dir='ltr'><strong>ejus</strong></span> <span class='ocrx_word' id='word_1_538' title='bbox 3289 2144 3488 2198; x_wconf 68' lang='lat' dir='ltr'><strong>anima:</strong></span> <span class='ocrx_word' id='word_1_539' title='bbox 3533 2148 3726 2215; x_wconf 89' lang='lat' dir='ltr'><strong>partis,</strong></span> 
     </span>
    </p>
   </div>
   <div class='ocr_carea' id='block_1_78' title="bbox 2141 2216 3731 2295">
    <p class='ocr_par' dir='ltr' id='par_1_78' title="bbox 2141 2216 3731 2295">
     <span class='ocr_line' id='line_1_78' title="bbox 2141 2216 3731 2295; baseline 0.018 -28"><span class='ocrx_word' id='word_1_540' title='bbox 2141 2231 2263 2285; x_wconf 70' lang='lat' dir='ltr'><strong>quae</strong></span> <span class='ocrx_word' id='word_1_541' title='bbox 2286 2216 2398 2271; x_wconf 90' lang='lat' dir='ltr'><strong>Deo</strong></span> <span class='ocrx_word' id='word_1_542' title='bbox 2428 2218 2627 2276; x_wconf 86' lang='lat' dir='ltr'><strong>similis</strong></span> <span class='ocrx_word' id='word_1_543' title='bbox 2661 2233 2767 2286; x_wconf 90' lang='lat' dir='ltr'><strong>est,</strong></span> <span class='ocrx_word' id='word_1_544' title='bbox 2792 2228 3057 2294; x_wconf 89' lang='lat' dir='ltr'><strong>quoniam</strong></span> <span class='ocrx_word' id='word_1_545' title='bbox 3091 2231 3257 2286; x_wconf 89' lang='lat' dir='ltr'><strong>etiam</strong></span> <span class='ocrx_word' id='word_1_546' title='bbox 3314 2233 3566 2292; x_wconf 87' lang='lat' dir='ltr'><strong>divinum</strong></span> <span class='ocrx_word' id='word_1_547' title='bbox 3624 2256 3731 2295; x_wconf 88' lang='lat' dir='ltr'><strong>nu-</strong></span> 
     </span>
    </p>
   </div>
   <div class='ocr_carea' id='block_1_79' title="bbox 2142 2311 3725 2398">
    <p class='ocr_par' dir='ltr' id='par_1_79' title="bbox 2142 2311 3725 2398">
     <span class='ocr_line' id='line_1_79' title="bbox 2142 2311 3725 2398; baseline 0.018 -38"><span class='ocrx_word' id='word_1_548' title='bbox 2142 2324 2266 2362; x_wconf 90' lang='lat' dir='ltr'><strong>men</strong></span> <span class='ocrx_word' id='word_1_549' title='bbox 2306 2325 2408 2379; x_wconf 91' lang='lat' dir='ltr'><strong>per</strong></span> <span class='ocrx_word' id='word_1_550' title='bbox 2470 2311 2587 2368; x_wconf 63' lang='lat' dir='ltr'><strong>haec</strong></span> <span class='ocrx_word' id='word_1_551' title='bbox 2634 2318 3179 2386; x_wconf 83' lang='lat' dir='ltr'><strong>comprehendimus.</strong></span> <span class='ocrx_word' id='word_1_552' title='bbox 3224 2325 3281 2379; x_wconf 86' lang='lat' dir='ltr'><strong>Si</strong></span> <span class='ocrx_word' id='word_1_553' title='bbox 3341 2327 3507 2398; x_wconf 90' lang='lat' dir='ltr'><strong>igitur</strong></span> <span class='ocrx_word' id='word_1_554' title='bbox 3540 2332 3725 2388; x_wconf 73' lang='lat' dir='ltr'><strong>attima</strong></span> 
     </span>
    </p>
   </div>
   <div class='ocr_carea' id='block_1_80' title="bbox 2139 2400 3728 2481">
    <p class='ocr_par' dir='ltr' id='par_1_80' title="bbox 2139 2400 3728 2481">
     <span class='ocr_line' id='line_1_80' title="bbox 2139 2400 3728 2481; baseline 0.018 -28"><span class='ocrx_word' id='word_1_555' title='bbox 2139 2400 2209 2453; x_wconf 90' lang='lat' dir='ltr'><strong>ab</strong></span> <span class='ocrx_word' id='word_1_556' title='bbox 2254 2403 2402 2455; x_wconf 88' lang='lat' dir='ltr'><strong>omni</strong></span> <span class='ocrx_word' id='word_1_557' title='bbox 2435 2404 2733 2463; x_wconf 87' lang='lat' dir='ltr'><strong>vitiositate</strong></span> <span class='ocrx_word' id='word_1_558' title='bbox 2762 2425 2898 2478; x_wconf 87' lang='lat' dir='ltr'><strong>pura</strong></span> <span class='ocrx_word' id='word_1_559' title='bbox 2924 2411 3110 2477; x_wconf 89' lang='lat' dir='ltr'><strong>fuerit,</strong></span> <span class='ocrx_word' id='word_1_560' title='bbox 3142 2418 3195 2470; x_wconf 90' lang='lat' dir='ltr'><strong>in</strong></span> <span class='ocrx_word' id='word_1_561' title='bbox 3228 2419 3374 2473; x_wconf 88' lang='lat' dir='ltr'><strong>bono</strong></span> <span class='ocrx_word' id='word_1_562' title='bbox 3398 2430 3455 2475; x_wconf 88' lang='lat' dir='ltr'><strong>et</strong></span> <span class='ocrx_word' id='word_1_563' title='bbox 3490 2423 3728 2481; x_wconf 88' lang='lat' dir='ltr'><strong>honesto</strong></span> 
     </span>
    </p>
   </div>
   <div class='ocr_carea' id='block_1_81' title="bbox 2138 2495 3728 2571">
    <p class='ocr_par' dir='ltr' id='par_1_81' title="bbox 2138 2495 3728 2571">
     <span class='ocr_line' id='line_1_81' title="bbox 2138 2495 3728 2571; baseline 0.019 -29"><span class='ocrx_word' id='word_1_564' title='bbox 2138 2507 2365 2560; x_wconf 78' lang='lat' dir='ltr'><strong>prorsus</strong></span> <span class='ocrx_word' id='word_1_565' title='bbox 2389 2495 2517 2549; x_wconf 90' lang='lat' dir='ltr'><strong>erit.</strong></span> <span class='ocrx_word' id='word_1_566' title='bbox 2547 2496 2758 2552; x_wconf 90' lang='lat' dir='ltr'><strong>Bonum</strong></span> <span class='ocrx_word' id='word_1_567' title='bbox 2785 2511 3054 2559; x_wconf 89' lang='lat' dir='ltr'><strong>autemet</strong></span> <span class='ocrx_word' id='word_1_568' title='bbox 3077 2506 3371 2564; x_wconf 85' lang='lat' dir='ltr'><strong>honestum</strong></span> <span class='ocrx_word' id='word_1_569' title='bbox 3405 2529 3472 2568; x_wconf 81' lang='lat' dir='ltr'><strong>ex</strong></span> <span class='ocrx_word' id='word_1_570' title='bbox 3506 2516 3591 2569; x_wconf 90' lang='lat' dir='ltr'><strong>sui</strong></span> <span class='ocrx_word' id='word_1_571' title='bbox 3631 2532 3728 2571; x_wconf 85' lang='lat' dir='ltr'><strong>na-</strong></span> 
     </span>
    </p>
   </div>
   <div class='ocr_carea' id='block_1_82' title="bbox 2141 2587 3723 2674">
    <p class='ocr_par' dir='ltr' id='par_1_82' title="bbox 2141 2587 3723 2674">
     <span class='ocr_line' id='line_1_82' title="bbox 2141 2587 3723 2674; baseline 0.017 -40"><span class='ocrx_word' id='word_1_572' title='bbox 2141 2591 2263 2636; x_wconf 85' lang='lat' dir='ltr'><strong>tura</strong></span> <span class='ocrx_word' id='word_1_573' title='bbox 2305 2600 2510 2640; x_wconf 90' lang='lat' dir='ltr'><strong>numen</strong></span> <span class='ocrx_word' id='word_1_574' title='bbox 2550 2587 2799 2643; x_wconf 88' lang='lat' dir='ltr'><strong>divinum</strong></span> <span class='ocrx_word' id='word_1_575' title='bbox 2832 2600 2939 2655; x_wconf 87' lang='lat' dir='ltr'><strong>est,</strong></span> <span class='ocrx_word' id='word_1_576' title='bbox 2971 2607 3099 2649; x_wconf 89' lang='lat' dir='ltr'><strong>cum</strong></span> <span class='ocrx_word' id='word_1_577' title='bbox 3132 2614 3246 2667; x_wconf 91' lang='lat' dir='ltr'><strong>quo</strong></span> <span class='ocrx_word' id='word_1_578' title='bbox 3283 2616 3380 2668; x_wconf 90' lang='lat' dir='ltr'><strong>per</strong></span> <span class='ocrx_word' id='word_1_579' title='bbox 3428 2605 3723 2674; x_wconf 84' lang='lat' dir='ltr'><strong>puritatem</strong></span> 
     </span>
    </p>
   </div>
   <div class='ocr_carea' id='block_1_83' title="bbox 2137 2674 3725 2767">
    <p class='ocr_par' dir='ltr' id='par_1_83' title="bbox 2137 2674 3725 2767">
     <span class='ocr_line' id='line_1_83' title="bbox 2137 2674 3725 2767; baseline 0.016 -41"><span class='ocrx_word' id='word_1_580' title='bbox 2137 2674 2320 2730; x_wconf 85' lang='lat' dir='ltr'><strong>anima</strong></span> <span class='ocrx_word' id='word_1_581' title='bbox 2350 2679 2801 2747; x_wconf 89' lang='lat' dir='ltr'><strong>conjunctionem</strong></span> <span class='ocrx_word' id='word_1_582' title='bbox 2852 2683 3101 2753; x_wconf 87' lang='lat' dir='ltr'><strong>habebit,</strong></span> <span class='ocrx_word' id='word_1_583' title='bbox 3158 2691 3366 2762; x_wconf 88' lang='lat' dir='ltr'><strong>quippe</strong></span> <span class='ocrx_word' id='word_1_584' title='bbox 3417 2710 3544 2750; x_wconf 91' lang='lat' dir='ltr'><strong>cum</strong></span> <span class='ocrx_word' id='word_1_585' title='bbox 3591 2714 3725 2767; x_wconf 88' lang='lat' dir='ltr'><strong>pro-</strong></span> 
     </span>
    </p>
   </div>
   <div class='ocr_carea' id='block_1_84' title="bbox 2136 2768 3719 2855">
    <p class='ocr_par' dir='ltr' id='par_1_84' title="bbox 2136 2768 3719 2855">
     <span class='ocr_line' id='line_1_84' title="bbox 2136 2768 3719 2855; baseline 0.016 -36"><span class='ocrx_word' id='word_1_586' title='bbox 2136 2768 2254 2835; x_wconf 92' lang='lat' dir='ltr'><strong>prio</strong></span> <span class='ocrx_word' id='word_1_587' title='bbox 2286 2768 2576 2825; x_wconf 71' lang='lat' dir='ltr'><strong>cohaerens</strong></span> <span class='ocrx_word' id='word_1_588' title='bbox 2605 2781 2771 2841; x_wconf 89' lang='lat' dir='ltr'><strong>atque</strong></span> <span class='ocrx_word' id='word_1_589' title='bbox 2808 2777 3148 2835; x_wconf 85' lang='lat' dir='ltr'><strong>coalescens.</strong></span> <span class='ocrx_word' id='word_1_590' title='bbox 3194 2780 3250 2837; x_wconf 90' lang='lat' dir='ltr'><strong>Si</strong></span> <span class='ocrx_word' id='word_1_591' title='bbox 3287 2783 3457 2855; x_wconf 86' lang='lat' dir='ltr'><strong>igitur</strong></span> <span class='ocrx_word' id='word_1_592' title='bbox 3493 2787 3599 2843; x_wconf 87' lang='lat' dir='ltr'><strong>hoc</strong></span> <span class='ocrx_word' id='word_1_593' title='bbox 3626 2804 3719 2843; x_wconf 88' lang='lat' dir='ltr'><strong>ae-</strong></span> 
     </span>
    </p>
   </div>
   <div class='ocr_carea' id='block_1_85' title="bbox 2132 2860 3719 2951">
    <p class='ocr_par' dir='ltr' id='par_1_85' title="bbox 2132 2860 3719 2951">
     <span class='ocr_line' id='line_1_85' title="bbox 2132 2860 3719 2951; baseline 0.014 -38"><span class='ocrx_word' id='word_1_594' title='bbox 2132 2860 2352 2925; x_wconf 87' lang='lat' dir='ltr'><strong>ciderit,</strong></span> <span class='ocrx_word' id='word_1_595' title='bbox 2377 2877 2485 2917; x_wconf 91' lang='lat' dir='ltr'><strong>non</strong></span> <span class='ocrx_word' id='word_1_596' title='bbox 2510 2864 2749 2934; x_wconf 87' lang='lat' dir='ltr'><strong>amplius</strong></span> <span class='ocrx_word' id='word_1_597' title='bbox 2772 2870 3094 2938; x_wconf 85' lang='lat' dir='ltr'><strong>cupiditatis</strong></span> <span class='ocrx_word' id='word_1_598' title='bbox 3117 2883 3271 2930; x_wconf 90' lang='lat' dir='ltr'><strong>motu</strong></span> <span class='ocrx_word' id='word_1_599' title='bbox 3300 2892 3440 2947; x_wconf 87' lang='lat' dir='ltr'><strong>opus</strong></span> <span class='ocrx_word' id='word_1_600' title='bbox 3460 2880 3593 2946; x_wconf 92' lang='lat' dir='ltr'><strong>erit,</strong></span> <span class='ocrx_word' id='word_1_601' title='bbox 3622 2881 3719 2951; x_wconf 87' lang='lat' dir='ltr'><strong>qui</strong></span> 
     </span>
    </p>
   </div>
   <div class='ocr_carea' id='block_1_86' title="bbox 2132 2950 3721 3034">
    <p class='ocr_par' dir='ltr' id='par_1_86' title="bbox 2132 2950 3721 3034">
     <span class='ocr_line' id='line_1_86' title="bbox 2132 2950 3721 3034; baseline 0.015 -31"><span class='ocrx_word' id='word_1_602' title='bbox 2132 2950 2295 3005; x_wconf 91' lang='lat' dir='ltr'><strong>nobis</strong></span> <span class='ocrx_word' id='word_1_603' title='bbox 2330 2963 2533 3021; x_wconf 67' lang='lat' dir='ltr'><strong>prateat</strong></span> <span class='ocrx_word' id='word_1_604' title='bbox 2557 2969 2622 3010; x_wconf 88' lang='lat' dir='ltr'><strong>ac</strong></span> <span class='ocrx_word' id='word_1_605' title='bbox 2651 2956 2759 3010; x_wconf 82' lang='lat' dir='ltr'><strong>dux</strong></span> <span class='ocrx_word' id='word_1_606' title='bbox 2781 2958 2856 3013; x_wconf 91' lang='lat' dir='ltr'><strong>sit</strong></span> <span class='ocrx_word' id='word_1_607' title='bbox 2879 2960 2945 3015; x_wconf 89' lang='lat' dir='ltr'><strong>ad</strong></span> <span class='ocrx_word' id='word_1_608' title='bbox 2972 2961 3026 3017; x_wconf 91' lang='lat' dir='ltr'><strong>id</strong></span> <span class='ocrx_word' id='word_1_609' title='bbox 3052 2965 3202 3034; x_wconf 89' lang='lat' dir='ltr'><strong>quod</strong></span> <span class='ocrx_word' id='word_1_610' title='bbox 3234 2966 3442 3023; x_wconf 91' lang='lat' dir='ltr'><strong>bonum</strong></span> <span class='ocrx_word' id='word_1_611' title='bbox 3474 2981 3529 3025; x_wconf 90' lang='lat' dir='ltr'><strong>et</strong></span> <span class='ocrx_word' id='word_1_612' title='bbox 3547 2950 3721 3027; x_wconf 86' lang='lat' dir='ltr'><strong>hone-</strong></span> 
     </span>
    </p>
   </div>
   <div class='ocr_carea' id='block_1_87' title="bbox 2132 3046 3719 3133">
    <p class='ocr_par' dir='ltr' id='par_1_87' title="bbox 2132 3046 3719 3133">
     <span class='ocr_line' id='line_1_87' title="bbox 2132 3046 3719 3133; baseline 0.014 -36"><span class='ocrx_word' id='word_1_613' title='bbox 2132 3054 2278 3099; x_wconf 89' lang='lat' dir='ltr'><strong>stum</strong></span> <span class='ocrx_word' id='word_1_614' title='bbox 2308 3056 2413 3101; x_wconf 89' lang='lat' dir='ltr'><strong>est.</strong></span> <span class='ocrx_word' id='word_1_615' title='bbox 2448 3046 2585 3101; x_wconf 87' lang='lat' dir='ltr'><strong>Nam</strong></span> <span class='ocrx_word' id='word_1_616' title='bbox 2633 3051 2728 3119; x_wconf 90' lang='lat' dir='ltr'><strong>qui</strong></span> <span class='ocrx_word' id='word_1_617' title='bbox 2766 3052 2821 3106; x_wconf 87' lang='lat' dir='ltr'><strong>in</strong></span> <span class='ocrx_word' id='word_1_618' title='bbox 2862 3055 3110 3112; x_wconf 84' lang='lat' dir='ltr'><strong>tenebris</strong></span> <span class='ocrx_word' id='word_1_619' title='bbox 3146 3059 3315 3114; x_wconf 85' lang='lat' dir='ltr'><strong>vitam</strong></span> <span class='ocrx_word' id='word_1_620' title='bbox 3363 3061 3593 3133; x_wconf 83' lang='lat' dir='ltr'><strong>degens,</strong></span> <span class='ocrx_word' id='word_1_621' title='bbox 3625 3064 3719 3118; x_wconf 84' lang='lat' dir='ltr'><strong>lu—</strong></span> 
     </span>
    </p>
   </div>
   <div class='ocr_carea' id='block_1_88' title="bbox 2127 3230 3721 3314">
    <p class='ocr_par' dir='ltr' id='par_1_88' title="bbox 2127 3230 3721 3314">
     <span class='ocr_line' id='line_1_88' title="bbox 2127 3230 3721 3314; baseline 0.013 -29"><span class='ocrx_word' id='word_1_622' title='bbox 2127 3245 2235 3300; x_wconf 90' lang='lat' dir='ltr'><strong>que</strong></span> <span class='ocrx_word' id='word_1_623' title='bbox 2263 3230 2371 3286; x_wconf 88' lang='lat' dir='ltr'><strong>frui</strong></span> <span class='ocrx_word' id='word_1_624' title='bbox 2422 3234 2674 3301; x_wconf 60' lang='lat' dir='ltr'><strong>coeperit,</strong></span> <span class='ocrx_word' id='word_1_625' title='bbox 2727 3238 3121 3309; x_wconf 85' lang='lat' dir='ltr'><strong>concupiscere</strong></span> <span class='ocrx_word' id='word_1_626' title='bbox 3182 3251 3348 3314; x_wconf 87' lang='lat' dir='ltr'><strong>atque</strong></span> <span class='ocrx_word' id='word_1_627' title='bbox 3400 3246 3721 3305; x_wconf 81' lang='lat' dir='ltr'><strong>desiderare</strong></span> 
     </span>
    </p>
   </div>
   <div class='ocr_carea' id='block_1_89' title="bbox 2124 3320 3716 3405">
    <p class='ocr_par' dir='ltr' id='par_1_89' title="bbox 2124 3320 3716 3405">
     <span class='ocr_line' id='line_1_89' title="bbox 2124 3320 3716 3405; baseline 0.013 -31"><span class='ocrx_word' id='word_1_628' title='bbox 2124 3320 2366 3377; x_wconf 84' lang='lat' dir='ltr'><strong>desinet.</strong></span> <span class='ocrx_word' id='word_1_629' title='bbox 2400 3321 2656 3378; x_wconf 85' lang='lat' dir='ltr'><strong>Facultas</strong></span> <span class='ocrx_word' id='word_1_630' title='bbox 2682 3325 2831 3380; x_wconf 89' lang='lat' dir='ltr'><strong>enim</strong></span> <span class='ocrx_word' id='word_1_631' title='bbox 2856 3338 3025 3397; x_wconf 87' lang='lat' dir='ltr'><strong>atque</strong></span> <span class='ocrx_word' id='word_1_632' title='bbox 3056 3341 3301 3401; x_wconf 89' lang='lat' dir='ltr'><strong>potestas</strong></span> <span class='ocrx_word' id='word_1_633' title='bbox 3345 3336 3593 3405; x_wconf 89' lang='lat' dir='ltr'><strong>potiendi</strong></span> <span class='ocrx_word' id='word_1_634' title='bbox 3628 3348 3716 3394; x_wconf 83' lang='lat' dir='ltr'><strong>at-</strong></span> 
     </span>
    </p>
   </div>
   <div class='ocr_carea' id='block_1_90' title="bbox 2124 3412 3715 3497">
    <p class='ocr_par' dir='ltr' id='par_1_90' title="bbox 2124 3412 3715 3497">
     <span class='ocr_line' id='line_1_90' title="bbox 2124 3412 3715 3497; baseline 0.013 -31"><span class='ocrx_word' id='word_1_635' title='bbox 2124 3429 2233 3484; x_wconf 89' lang='lat' dir='ltr'><strong>que</strong></span> <span class='ocrx_word' id='word_1_636' title='bbox 2267 3412 2509 3480; x_wconf 87' lang='lat' dir='ltr'><strong>fruendi,</strong></span> <span class='ocrx_word' id='word_1_637' title='bbox 2546 3431 2742 3472; x_wconf 85' lang='lat' dir='ltr'><strong>vanam</strong></span> <span class='ocrx_word' id='word_1_638' title='bbox 2763 3427 2821 3473; x_wconf 90' lang='lat' dir='ltr'><strong>et</strong></span> <span class='ocrx_word' id='word_1_639' title='bbox 2844 3419 3097 3477; x_wconf 89' lang='lat' dir='ltr'><strong>inutilem</strong></span> <span class='ocrx_word' id='word_1_640' title='bbox 3116 3422 3284 3480; x_wconf 71' lang='lat' dir='ltr'><strong>edicit</strong></span> <span class='ocrx_word' id='word_1_641' title='bbox 3304 3429 3665 3497; x_wconf 86' lang='lat' dir='ltr'><strong>cupiditatem</strong></span> <span class='ocrx_word' id='word_1_642' title='bbox 3700 3449 3715 3486; x_wconf 86' lang='lat'><strong>:</strong></span> 
     </span>
    </p>
   </div>
   <div class='ocr_carea' id='block_1_91' title="bbox 2122 3500 3716 3591">
    <p class='ocr_par' dir='ltr' id='par_1_91' title="bbox 2122 3500 3716 3591">
     <span class='ocr_line' id='line_1_91' title="bbox 2122 3500 3716 3591; baseline 0.011 -30"><span class='ocrx_word' id='word_1_643' title='bbox 2122 3505 2218 3561; x_wconf 86' lang='lat' dir='ltr'><strong>sed</strong></span> <span class='ocrx_word' id='word_1_644' title='bbox 2252 3506 2410 3563; x_wconf 89' lang='lat' dir='ltr'><strong>nobis</strong></span> <span class='ocrx_word' id='word_1_645' title='bbox 2431 3500 2678 3578; x_wconf 69' lang='lat' dir='ltr'><strong>quidem;</strong></span> <span class='ocrx_word' id='word_1_646' title='bbox 2707 3521 2998 3583; x_wconf 87' lang='lat' dir='ltr'><strong>propterea</strong></span> <span class='ocrx_word' id='word_1_647' title='bbox 3050 3517 3199 3586; x_wconf 92' lang='lat' dir='ltr'><strong>quod</strong></span> <span class='ocrx_word' id='word_1_648' title='bbox 3241 3518 3371 3573; x_wconf 83' lang='lat' dir='ltr'><strong>boni</strong></span> <span class='ocrx_word' id='word_1_649' title='bbox 3402 3536 3574 3591; x_wconf 86' lang='lat' dir='ltr'><strong>egena</strong></span> <span class='ocrx_word' id='word_1_650' title='bbox 3606 3534 3716 3588; x_wconf 89' lang='lat' dir='ltr'><strong>est,</strong></span> 
     </span>
    </p>
   </div>
   <div class='ocr_carea' id='block_1_92' title="bbox 2122 3603 3711 3685">
    <p class='ocr_par' dir='ltr' id='par_1_92' title="bbox 2122 3603 3711 3685">
     <span class='ocr_line' id='line_1_92' title="bbox 2122 3603 3711 3685; baseline 0.012 -32"><span class='ocrx_word' id='word_1_651' title='bbox 2122 3608 2321 3655; x_wconf 82' lang='lat' dir='ltr'><strong>natura</strong></span> <span class='ocrx_word' id='word_1_652' title='bbox 2357 3615 2575 3672; x_wconf 91' lang='lat' dir='ltr'><strong>semper</strong></span> <span class='ocrx_word' id='word_1_653' title='bbox 2610 3603 2808 3671; x_wconf 88' lang='lat' dir='ltr'><strong>fertur,</strong></span> <span class='ocrx_word' id='word_1_654' title='bbox 2837 3616 3005 3678; x_wconf 87' lang='lat' dir='ltr'><strong>atque</strong></span> <span class='ocrx_word' id='word_1_655' title='bbox 3054 3612 3343 3668; x_wconf 90' lang='lat' dir='ltr'><strong>contendit</strong></span> <span class='ocrx_word' id='word_1_656' title='bbox 3375 3615 3443 3669; x_wconf 93' lang='lat' dir='ltr'><strong>ad</strong></span> <span class='ocrx_word' id='word_1_657' title='bbox 3484 3614 3539 3669; x_wconf 89' lang='lat' dir='ltr'><strong>id</strong></span> <span class='ocrx_word' id='word_1_658' title='bbox 3563 3617 3711 3685; x_wconf 89' lang='lat' dir='ltr'><strong>quod</strong></span> 
     </span>
    </p>
   </div>
   <div class='ocr_carea' id='block_1_93' title="bbox 2122 3689 3712 3774">
    <p class='ocr_par' dir='ltr' id='par_1_93' title="bbox 2122 3689 3712 3774">
     <span class='ocr_line' id='line_1_93' title="bbox 2122 3689 3712 3774; baseline 0.011 -29"><span class='ocrx_word' id='word_1_659' title='bbox 2122 3689 2299 3757; x_wconf 87' lang='lat' dir='ltr'><strong>deest,</strong></span> <span class='ocrx_word' id='word_1_660' title='bbox 2331 3707 2395 3747; x_wconf 86' lang='lat' dir='ltr'><strong>ac</strong></span> <span class='ocrx_word' id='word_1_661' title='bbox 2416 3692 2755 3751; x_wconf 86' lang='lat' dir='ltr'><strong>desiderium</strong></span> <span class='ocrx_word' id='word_1_662' title='bbox 2786 3698 2908 3769; x_wconf 90' lang='lat' dir='ltr'><strong>ejus</strong></span> <span class='ocrx_word' id='word_1_663' title='bbox 2927 3702 3076 3769; x_wconf 89' lang='lat' dir='ltr'><strong>quod</strong></span> <span class='ocrx_word' id='word_1_664' title='bbox 3099 3701 3308 3768; x_wconf 91' lang='lat' dir='ltr'><strong>deﬁcit,</strong></span> <span class='ocrx_word' id='word_1_665' title='bbox 3347 3705 3464 3774; x_wconf 88' lang='lat' dir='ltr'><strong>ipse</strong></span> <span class='ocrx_word' id='word_1_666' title='bbox 3497 3717 3712 3762; x_wconf 64' lang='lat' dir='ltr'><strong>natura:</strong></span> 
     </span>
    </p>
   </div>
   <div class='ocr_carea' id='block_1_94' title="bbox 2121 3786 3712 3864">
    <p class='ocr_par' dir='ltr' id='par_1_94' title="bbox 2121 3786 3712 3864">
     <span class='ocr_line' id='line_1_94' title="bbox 2121 3786 3712 3864; baseline 0.011 -29"><span class='ocrx_word' id='word_1_667' title='bbox 2121 3794 2325 3837; x_wconf 70' lang='lat' dir='ltr'><strong>nostra:</strong></span> <span class='ocrx_word' id='word_1_668' title='bbox 2360 3786 2790 3854; x_wconf 84' lang='lat' dir='ltr'><strong>concupiscendi</strong></span> <span class='ocrx_word' id='word_1_669' title='bbox 2841 3789 3078 3846; x_wconf 83' lang='lat' dir='ltr'><strong>aﬂ‘ectus</strong></span> <span class='ocrx_word' id='word_1_670' title='bbox 3113 3801 3201 3849; x_wconf 88' lang='lat' dir='ltr'><strong>est</strong></span> <span class='ocrx_word' id='word_1_671' title='bbox 3242 3813 3254 3848; x_wconf 92' lang='lat'>:</span> <span class='ocrx_word' id='word_1_672' title='bbox 3284 3796 3379 3864; x_wconf 91' lang='lat' dir='ltr'><strong>qui</strong></span> <span class='ocrx_word' id='word_1_673' title='bbox 3430 3797 3514 3851; x_wconf 87' lang='lat' dir='ltr'><strong>vel</strong></span> <span class='ocrx_word' id='word_1_674' title='bbox 3546 3799 3712 3853; x_wconf 83' lang='lat' dir='ltr'><strong>aber-</strong></span> 
     </span>
    </p>
   </div>
   <div class='ocr_carea' id='block_1_95' title="bbox 2119 3875 3707 3955">
    <p class='ocr_par' dir='ltr' id='par_1_95' title="bbox 2119 3875 3707 3955">
     <span class='ocr_line' id='line_1_95' title="bbox 2119 3875 3707 3955; baseline 0.01 -29"><span class='ocrx_word' id='word_1_675' title='bbox 2119 3882 2227 3939; x_wconf 91' lang='lat' dir='ltr'><strong>rat,</strong></span> <span class='ocrx_word' id='word_1_676' title='bbox 2264 3882 2489 3944; x_wconf 90' lang='lat' dir='ltr'><strong>pr0ptcr</strong></span> <span class='ocrx_word' id='word_1_677' title='bbox 2516 3875 2806 3932; x_wconf 88' lang='lat' dir='ltr'><strong>sinistrum</strong></span> <span class='ocrx_word' id='word_1_678' title='bbox 2857 3879 3133 3950; x_wconf 88' lang='lat' dir='ltr'><strong>judicium</strong></span> <span class='ocrx_word' id='word_1_679' title='bbox 3174 3883 3246 3938; x_wconf 90' lang='lat' dir='ltr'><strong>ab</strong></span> <span class='ocrx_word' id='word_1_680' title='bbox 3280 3898 3349 3940; x_wconf 88' lang='lat' dir='ltr'><strong>eo</strong></span> <span class='ocrx_word' id='word_1_681' title='bbox 3390 3886 3539 3955; x_wconf 90' lang='lat' dir='ltr'><strong>quod</strong></span> <span class='ocrx_word' id='word_1_682' title='bbox 3576 3902 3707 3943; x_wconf 84' lang='lat' dir='ltr'><strong>vere</strong></span> 
     </span>
    </p>
   </div>
   <div class='ocr_carea' id='block_1_96' title="bbox 2118 3964 3711 4046">
    <p class='ocr_par' dir='ltr' id='par_1_96' title="bbox 2118 3964 3711 4046">
     <span class='ocr_line' id='line_1_96' title="bbox 2118 3964 3711 4046; baseline 0.01 -28"><span class='ocrx_word' id='word_1_683' title='bbox 2118 3964 2325 4019; x_wconf 87' lang='lat' dir='ltr'><strong>bonum</strong></span> <span class='ocrx_word' id='word_1_684' title='bbox 2349 3973 2407 4020; x_wconf 94' lang='lat' dir='ltr'><strong>et</strong></span> <span class='ocrx_word' id='word_1_685' title='bbox 2439 3964 2735 4023; x_wconf 89' lang='lat' dir='ltr'><strong>honestum</strong></span> <span class='ocrx_word' id='word_1_686' title='bbox 2764 3979 2886 4035; x_wconf 89' lang='lat' dir='ltr'><strong>est;</strong></span> <span class='ocrx_word' id='word_1_687' title='bbox 2912 3972 2998 4026; x_wconf 89' lang='lat' dir='ltr'><strong>vel</strong></span> <span class='ocrx_word' id='word_1_688' title='bbox 3024 3971 3191 4027; x_wconf 81' lang='lat' dir='ltr'><strong>etiam</strong></span> <span class='ocrx_word' id='word_1_689' title='bbox 3236 3976 3601 4046; x_wconf 80' lang='lat' dir='ltr'><strong>consequitur</strong></span> <span class='ocrx_word' id='word_1_690' title='bbox 3651 3990 3711 4035; x_wconf 91' lang='lat' dir='ltr'><strong>et</strong></span> 
     </span>
    </p>
   </div>
   <div class='ocr_carea' id='block_1_97' title="bbox 2114 4056 3709 4140">
    <p class='ocr_par' dir='ltr' id='par_1_97' title="bbox 2114 4056 3709 4140">
     <span class='ocr_line' id='line_1_97' title="bbox 2114 4056 3709 4140; baseline 0.01 -28"><span class='ocrx_word' id='word_1_691' title='bbox 2114 4056 2442 4128; x_wconf 88' lang='lat' dir='ltr'><strong>adipiscitur</strong></span> <span class='ocrx_word' id='word_1_692' title='bbox 2482 4058 2536 4115; x_wconf 89' lang='lat' dir='ltr'><strong>id</strong></span> <span class='ocrx_word' id='word_1_693' title='bbox 2566 4075 2678 4131; x_wconf 89' lang='lat' dir='ltr'><strong>quo</strong></span> <span class='ocrx_word' id='word_1_694' title='bbox 2714 4062 2880 4132; x_wconf 89' lang='lat' dir='ltr'><strong>potiri</strong></span> <span class='ocrx_word' id='word_1_695' title='bbox 2935 4063 3140 4120; x_wconf 89' lang='lat' dir='ltr'><strong>bonum</strong></span> <span class='ocrx_word' id='word_1_696' title='bbox 3172 4076 3280 4123; x_wconf 88' lang='lat' dir='ltr'><strong>est.</strong></span> <span class='ocrx_word' id='word_1_697' title='bbox 3315 4067 3386 4123; x_wconf 82' lang='lat' dir='ltr'><strong>At</strong></span> <span class='ocrx_word' id='word_1_698' title='bbox 3438 4084 3526 4137; x_wconf 84' lang='lat' dir='ltr'><strong>ea,</strong></span> <span class='ocrx_word' id='word_1_699' title='bbox 3585 4086 3709 4140; x_wconf 77' lang='lat' dir='ltr'><strong>qua:</strong></span> 
     </span>
    </p>
   </div>
   <div class='ocr_carea' id='block_1_98' title="bbox 2116 4156 3710 4235">
    <p class='ocr_par' dir='ltr' id='par_1_98' title="bbox 2116 4156 3710 4235">
     <span class='ocr_line' id='line_1_98' title="bbox 2116 4156 3710 4235; baseline 0.009 -28"><span class='ocrx_word' id='word_1_700' title='bbox 2116 4164 2343 4223; x_wconf 88' lang='lat' dir='ltr'><strong>superat</strong></span> <span class='ocrx_word' id='word_1_701' title='bbox 2371 4169 2591 4210; x_wconf 89' lang='lat' dir='ltr'><strong>omnem</strong></span> <span class='ocrx_word' id='word_1_702' title='bbox 2617 4156 2818 4211; x_wconf 90' lang='lat' dir='ltr'><strong>bonam</strong></span> <span class='ocrx_word' id='word_1_703' title='bbox 2846 4158 3263 4229; x_wconf 88' lang='lat' dir='ltr'><strong>cogitationem,</strong></span> <span class='ocrx_word' id='word_1_704' title='bbox 3303 4171 3525 4230; x_wconf 85' lang='lat' dir='ltr'><strong>natura,</strong></span> <span class='ocrx_word' id='word_1_705' title='bbox 3557 4180 3710 4235; x_wconf 71' lang='lat' dir='ltr'><strong>quae-</strong></span> 
     </span>
    </p>
   </div>
   <div class='ocr_carea' id='block_1_99' title="bbox 2115 4250 3712 4341">
    <p class='ocr_par' dir='ltr' id='par_1_99' title="bbox 2115 4250 3712 4341">
     <span class='ocr_line' id='line_1_99' title="bbox 2115 4250 3712 4341; baseline 0.009 -42"><span class='ocrx_word' id='word_1_706' title='bbox 2115 4260 2224 4314; x_wconf 90' lang='lat' dir='ltr'><strong>que</strong></span> <span class='ocrx_word' id='word_1_707' title='bbox 2253 4261 2422 4315; x_wconf 87' lang='lat' dir='ltr'><strong>super</strong></span> <span class='ocrx_word' id='word_1_708' title='bbox 2463 4262 2686 4303; x_wconf 90' lang='lat' dir='ltr'><strong>omnem</strong></span> <span class='ocrx_word' id='word_1_709' title='bbox 2710 4250 3017 4319; x_wconf 84' lang='lat' dir='ltr'><strong>potentiam</strong></span> <span class='ocrx_word' id='word_1_710' title='bbox 3058 4252 3290 4341; x_wconf 85' lang='lat' dir='ltr'><strong>eminet,</strong></span> <span class='ocrx_word' id='word_1_711' title='bbox 3342 4265 3402 4311; x_wconf 92' lang='lat' dir='ltr'><strong>ut</strong></span> <span class='ocrx_word' id='word_1_712' title='bbox 3430 4272 3555 4327; x_wconf 67' lang='lat' dir='ltr'><strong>quae</strong></span> <span class='ocrx_word' id='word_1_713' title='bbox 3584 4258 3712 4313; x_wconf 87' lang='lat' dir='ltr'><strong>nul-</strong></span> 
     </span>
    </p>
   </div>
   <div class='ocr_carea' id='block_1_100' title="bbox 2113 4336 3709 4414">
    <p class='ocr_par' dir='ltr' id='par_1_100' title="bbox 2113 4336 3709 4414">
     <span class='ocr_line' id='line_1_100' title="bbox 2113 4336 3709 4414; baseline 0.009 -23"><span class='ocrx_word' id='word_1_714' title='bbox 2113 4338 2224 4392; x_wconf 89' lang='lat' dir='ltr'><strong>lius</strong></span> <span class='ocrx_word' id='word_1_715' title='bbox 2265 4336 2510 4410; x_wconf 84' lang='lat' dir='ltr'><strong>indigeat</strong></span> <span class='ocrx_word' id='word_1_716' title='bbox 2549 4354 2746 4396; x_wconf 91' lang='lat' dir='ltr'><strong>earum</strong></span> <span class='ocrx_word' id='word_1_717' title='bbox 2795 4357 3008 4410; x_wconf 91' lang='lat' dir='ltr'><strong>rerum,</strong></span> <span class='ocrx_word' id='word_1_718' title='bbox 3047 4359 3173 4414; x_wconf 79' lang='lat' dir='ltr'><strong>quae</strong></span> <span class='ocrx_word' id='word_1_719' title='bbox 3223 4336 3374 4404; x_wconf 85' lang='lat' dir='ltr'><strong>circa</strong></span> <span class='ocrx_word' id='word_1_720' title='bbox 3412 4348 3620 4404; x_wconf 88' lang='lat' dir='ltr'><strong>bonum</strong></span> <span class='ocrx_word' id='word_1_721' title='bbox 3652 4360 3709 4407; x_wconf 90' lang='lat' dir='ltr'><strong>et</strong></span> 
     </span>
    </p>
   </div>
   <div class='ocr_carea' id='block_1_101' title="bbox 2104 4429 3705 4513">
    <p class='ocr_par' dir='ltr' id='par_1_101' title="bbox 2104 4429 3705 4513">
     <span class='ocr_line' id='line_1_101' title="bbox 2104 4429 3705 4513; baseline 0.009 -30"><span class='ocrx_word' id='word_1_722' title='bbox 2104 4429 2407 4486; x_wconf 88' lang='lat' dir='ltr'><strong>&#39;honestum</strong></span> <span class='ocrx_word' id='word_1_723' title='bbox 2441 4430 2847 4504; x_wconf 84' lang='lat' dir='ltr'><strong>intelliguntur,</strong></span> <span class='ocrx_word' id='word_1_724' title='bbox 2876 4449 3003 4490; x_wconf 89' lang='lat' dir='ltr'><strong>cum</strong></span> <span class='ocrx_word' id='word_1_725' title='bbox 3027 4436 3146 4506; x_wconf 87' lang='lat' dir='ltr'><strong>ipsa</strong></span> <span class='ocrx_word' id='word_1_726' title='bbox 3174 4440 3249 4494; x_wconf 91' lang='lat' dir='ltr'><strong>sit</strong></span> <span class='ocrx_word' id='word_1_727' title='bbox 3274 4440 3547 4498; x_wconf 89' lang='lat' dir='ltr'><strong>bonorum</strong></span> <span class='ocrx_word' id='word_1_728' title='bbox 3582 4442 3705 4513; x_wconf 85' lang='lat' dir='ltr'><strong>ple-</strong></span> 
     </span>
    </p>
   </div>
   <div class='ocr_carea' id='block_1_102' title="bbox 2113 4519 3698 4603">
    <p class='ocr_par' dir='ltr' id='par_1_102' title="bbox 2113 4519 3698 4603">
     <span class='ocr_line' id='line_1_102' title="bbox 2113 4519 3698 4603; baseline 0.01 -29"><span class='ocrx_word' id='word_1_729' title='bbox 2113 4519 2331 4587; x_wconf 89' lang='lat' dir='ltr'><strong>nitudo,</strong></span> <span class='ocrx_word' id='word_1_730' title='bbox 2357 4537 2538 4592; x_wconf 89' lang='lat' dir='ltr'><strong>neque</strong></span> <span class='ocrx_word' id='word_1_731' title='bbox 2578 4532 2839 4595; x_wconf 75' lang='lat' dir='ltr'><strong>tanquam</strong></span> <span class='ocrx_word' id='word_1_732' title='bbox 2882 4527 3164 4599; x_wconf 80' lang='lat' dir='ltr'><strong>particeps</strong></span> <span class='ocrx_word' id='word_1_733' title='bbox 3209 4532 3446 4603; x_wconf 85' lang='lat' dir='ltr'><strong>alicujus</strong></span> <span class='ocrx_word' id='word_1_734' title='bbox 3473 4533 3607 4588; x_wconf 89' lang='lat' dir='ltr'><strong>boni</strong></span> <span class='ocrx_word' id='word_1_735' title='bbox 3639 4543 3698 4590; x_wconf 91' lang='lat' dir='ltr'><strong>et</strong></span> 
     </span>
    </p>
   </div>
   <div class='ocr_carea' id='block_1_103' title="bbox 2115 4611 3705 4694">
    <p class='ocr_par' dir='ltr' id='par_1_103' title="bbox 2115 4611 3705 4694">
     <span class='ocr_line' id='line_1_103' title="bbox 2115 4611 3705 4694; baseline 0.009 -27"><span class='ocrx_word' id='word_1_736' title='bbox 2115 4611 2333 4669; x_wconf 89' lang='lat' dir='ltr'><strong>honesti</strong></span> <span class='ocrx_word' id='word_1_737' title='bbox 2387 4613 2444 4668; x_wconf 92' lang='lat' dir='ltr'><strong>in</strong></span> <span class='ocrx_word' id='word_1_738' title='bbox 2479 4614 2627 4670; x_wconf 88' lang='lat' dir='ltr'><strong>bono</strong></span> <span class='ocrx_word' id='word_1_739' title='bbox 2674 4627 2944 4686; x_wconf 85' lang='lat' dir='ltr'><strong>versetur,</strong></span> <span class='ocrx_word' id='word_1_740' title='bbox 2978 4622 3077 4677; x_wconf 90' lang='lat' dir='ltr'><strong>sed</strong></span> <span class='ocrx_word' id='word_1_741' title='bbox 3113 4624 3228 4694; x_wconf 83' lang='lat' dir='ltr'><strong>ipsa</strong></span> <span class='ocrx_word' id='word_1_742' title='bbox 3279 4626 3353 4681; x_wconf 89' lang='lat' dir='ltr'><strong>sit</strong></span> <span class='ocrx_word' id='word_1_743' title='bbox 3377 4625 3550 4694; x_wconf 89' lang='lat' dir='ltr'><strong>ipsius</strong></span> <span class='ocrx_word' id='word_1_744' title='bbox 3575 4627 3705 4683; x_wconf 84' lang='lat' dir='ltr'><strong>boni</strong></span> 
     </span>
    </p>
   </div>
   <div class='ocr_carea' id='block_1_104' title="bbox 2110 4701 3704 4782">
    <p class='ocr_par' dir='ltr' id='par_1_104' title="bbox 2110 4701 3704 4782">
     <span class='ocr_line' id='line_1_104' title="bbox 2110 4701 3704 4782; baseline 0.009 -27"><span class='ocrx_word' id='word_1_745' title='bbox 2110 4709 2169 4756; x_wconf 91' lang='lat' dir='ltr'><strong>et</strong></span> <span class='ocrx_word' id='word_1_746' title='bbox 2198 4701 2418 4758; x_wconf 90' lang='lat' dir='ltr'><strong>honesti</strong></span> <span class='ocrx_word' id='word_1_747' title='bbox 2449 4712 2649 4760; x_wconf 90' lang='lat' dir='ltr'><strong>natura</strong></span> <span class='ocrx_word' id='word_1_748' title='bbox 2681 4705 3077 4782; x_wconf 89' lang='lat' dir='ltr'><strong>(quodcunque</strong></span> <span class='ocrx_word' id='word_1_749' title='bbox 3131 4714 3354 4769; x_wconf 89' lang='lat' dir='ltr'><strong>tandem</strong></span> <span class='ocrx_word' id='word_1_750' title='bbox 3394 4715 3579 4768; x_wconf 83' lang='lat' dir='ltr'><strong>etiam</strong></span> <span class='ocrx_word' id='word_1_751' title='bbox 3600 4716 3704 4769; x_wconf 88' lang='lat' dir='ltr'><strong>bo-</strong></span> 
     </span>
    </p>
   </div>
   <div class='ocr_carea' id='block_1_105' title="bbox 2112 4794 3698 4874">
    <p class='ocr_par' dir='ltr' id='par_1_105' title="bbox 2112 4794 3698 4874">
     <span class='ocr_line' id='line_1_105' title="bbox 2112 4794 3698 4874; baseline 0.008 -27"><span class='ocrx_word' id='word_1_752' title='bbox 2112 4809 2244 4848; x_wconf 90' lang='lat' dir='ltr'><strong>num</strong></span> <span class='ocrx_word' id='word_1_753' title='bbox 2303 4802 2359 4849; x_wconf 91' lang='lat' dir='ltr'><strong>et</strong></span> <span class='ocrx_word' id='word_1_754' title='bbox 2404 4794 2701 4852; x_wconf 90' lang='lat' dir='ltr'><strong>honestum</strong></span> <span class='ocrx_word' id='word_1_755' title='bbox 2739 4814 2863 4857; x_wconf 88' lang='lat' dir='ltr'><strong>esse</strong></span> <span class='ocrx_word' id='word_1_756' title='bbox 2912 4817 3071 4858; x_wconf 89' lang='lat' dir='ltr'><strong>mens</strong></span> <span class='ocrx_word' id='word_1_757' title='bbox 3132 4805 3334 4874; x_wconf 82' lang='lat' dir='ltr'><strong>ponit),</strong></span> <span class='ocrx_word' id='word_1_758' title='bbox 3370 4817 3551 4872; x_wconf 84' lang='lat' dir='ltr'><strong>neque</strong></span> <span class='ocrx_word' id='word_1_759' title='bbox 3571 4819 3698 4873; x_wconf 74' lang='lat' dir='ltr'><strong>Spe-</strong></span> 
     </span>
    </p>
   </div>
   <div class='ocr_carea' id='block_1_106' title="bbox 2109 4883 3692 4964">
    <p class='ocr_par' dir='ltr' id='par_1_106' title="bbox 2109 4883 3692 4964">
     <span class='ocr_line' id='line_1_106' title="bbox 2109 4883 3692 4964; baseline 0.007 -26"><span class='ocrx_word' id='word_1_760' title='bbox 2109 4883 2271 4939; x_wconf 89' lang='lat' dir='ltr'><strong>randi</strong></span> <span class='ocrx_word' id='word_1_761' title='bbox 2311 4894 2520 4941; x_wconf 88' lang='lat' dir='ltr'><strong>motum</strong></span> <span class='ocrx_word' id='word_1_762' title='bbox 2566 4886 2624 4943; x_wconf 93' lang='lat' dir='ltr'><strong>in</strong></span> <span class='ocrx_word' id='word_1_763' title='bbox 2674 4904 2795 4947; x_wconf 91' lang='lat' dir='ltr'><strong>sese</strong></span> <span class='ocrx_word' id='word_1_764' title='bbox 2857 4892 3103 4949; x_wconf 89' lang='lat' dir='ltr'><strong>admittit</strong></span> <span class='ocrx_word' id='word_1_765' title='bbox 3156 4893 3308 4964; x_wconf 86' lang='lat' dir='ltr'><strong>(spes</strong></span> <span class='ocrx_word' id='word_1_766' title='bbox 3336 4894 3485 4948; x_wconf 89' lang='lat' dir='ltr'><strong>enim</strong></span> <span class='ocrx_word' id='word_1_767' title='bbox 3527 4895 3594 4948; x_wconf 88' lang='lat' dir='ltr'><strong>ad</strong></span> <span class='ocrx_word' id='word_1_768' title='bbox 3642 4898 3692 4949; x_wconf 87' lang='lat' dir='ltr'><strong>id</strong></span> 
     </span>
    </p>
   </div>
   <div class='ocr_carea' id='block_1_107' title="bbox 2110 4976 3695 5052">
    <p class='ocr_par' dir='ltr' id='par_1_107' title="bbox 2110 4976 3695 5052">
     <span class='ocr_line' id='line_1_107' title="bbox 2110 4976 3695 5052; baseline 0.011 -24"><span class='ocrx_word' id='word_1_769' title='bbox 2110 4976 2259 5045; x_wconf 90' lang='lat' dir='ltr'><strong>quod</strong></span> <span class='ocrx_word' id='word_1_770' title='bbox 2291 4992 2401 5032; x_wconf 90' lang='lat' dir='ltr'><strong>non</strong></span> <span class='ocrx_word' id='word_1_771' title='bbox 2431 4980 2607 5045; x_wconf 81' lang='lat' dir='ltr'><strong>adest,</strong></span> <span class='ocrx_word' id='word_1_772' title='bbox 2640 4979 2910 5040; x_wconf 83' lang='lat' dir='ltr'><strong>duntaxat</strong></span> <span class='ocrx_word' id='word_1_773' title='bbox 2947 4984 3251 5041; x_wconf 84' lang='lat' dir='ltr'><strong>adhibetur</strong></span> <span class='ocrx_word' id='word_1_774' title='bbox 3291 5006 3305 5041; x_wconf 88' lang='lat'><strong>:</strong></span> <span class='ocrx_word' id='word_1_775' title='bbox 3343 5005 3361 5038; x_wconf 78' lang='grc' dir='ltr'>ι</span> <span class='ocrx_word' id='word_1_776' title='bbox 3400 4986 3557 5052; x_wconf 83' lang='lat' dir='ltr'><strong>Quod</strong></span> <span class='ocrx_word' id='word_1_777' title='bbox 3596 5006 3695 5045; x_wconf 89' lang='lat' dir='ltr'><strong>au-</strong></span> 
     </span>
    </p>
   </div>
   <div class='ocr_carea' id='block_1_108' title="bbox 2110 5068 3697 5149">
    <p class='ocr_par' dir='ltr' id='par_1_108' title="bbox 2110 5068 3697 5149">
     <span class='ocr_line' id='line_1_108' title="bbox 2110 5068 3697 5149; baseline 0.009 -27"><span class='ocrx_word' id='word_1_778' title='bbox 2110 5077 2218 5123; x_wconf 90' lang='lat' dir='ltr'><strong>tem</strong></span> <span class='ocrx_word' id='word_1_779' title='bbox 2248 5068 2374 5140; x_wconf 91' lang='lat' dir='ltr'><strong>quis</strong></span> <span class='ocrx_word' id='word_1_780' title='bbox 2398 5071 2583 5134; x_wconf 88' lang='lat' dir='ltr'><strong>habet,</strong></span> <span class='ocrx_word' id='word_1_781' title='bbox 2628 5089 2732 5128; x_wconf 92' lang='lat' dir='ltr'><strong>cur</strong></span> <span class='ocrx_word' id='word_1_782' title='bbox 2759 5076 2928 5132; x_wconf 90' lang='lat' dir='ltr'><strong>etiam</strong></span> <span class='ocrx_word' id='word_1_783' title='bbox 2976 5084 3160 5147; x_wconf 82' lang='lat' dir='ltr'><strong>sperat</strong></span> <span class='ocrx_word' id='word_1_784' title='bbox 3185 5078 3272 5132; x_wconf 75' lang='lat' dir='ltr'><strong>“i</strong></span> <span class='ocrx_word' id='word_1_785' title='bbox 3304 5097 3324 5131; x_wconf 75' lang='grc' dir='ltr'><strong><em>ι</em></strong></span> <span class='ocrx_word' id='word_1_786' title='bbox 3361 5078 3539 5149; x_wconf 90' lang='lat' dir='ltr'><strong>inquit</strong></span> <span class='ocrx_word' id='word_1_787' title='bbox 3565 5081 3697 5138; x_wconf 85' lang='lat' dir='ltr'><strong>bea-</strong></span> 
     </span>
    </p>
   </div>
   <div class='ocr_carea' id='block_1_109' title="bbox 2110 5162 3695 5236">
    <p class='ocr_par' dir='ltr' id='par_1_109' title="bbox 2110 5162 3695 5236">
     <span class='ocr_line' id='line_1_109' title="bbox 2110 5162 3695 5236; baseline 0.008 -20"><span class='ocrx_word' id='word_1_788' title='bbox 2110 5173 2199 5216; x_wconf 90' lang='lat' dir='ltr'><strong>tus</strong></span> <span class='ocrx_word' id='word_1_789' title='bbox 2236 5162 2583 5234; x_wconf 82' lang='lat' dir='ltr'><strong>Apostolus),</strong></span> <span class='ocrx_word' id='word_1_790' title='bbox 2628 5181 2810 5236; x_wconf 90' lang='lat' dir='ltr'><strong>neque</strong></span> <span class='ocrx_word' id='word_1_791' title='bbox 2843 5164 3237 5222; x_wconf 86' lang='lat' dir='ltr'><strong>reminiseeudi</strong></span> <span class='ocrx_word' id='word_1_792' title='bbox 3264 5184 3332 5225; x_wconf 88' lang='lat' dir='ltr'><strong>ac</strong></span> <span class='ocrx_word' id='word_1_793' title='bbox 3368 5172 3695 5229; x_wconf 87' lang='lat' dir='ltr'><strong>recordandi</strong></span> 
     </span>
    </p>
   </div>
   <div class='ocr_carea' id='block_1_110' title="bbox 2103 5250 3692 5332">
    <p class='ocr_par' dir='ltr' id='par_1_110' title="bbox 2103 5250 3692 5332">
     <span class='ocr_line' id='line_1_110' title="bbox 2103 5250 3692 5332; baseline 0.009 -26"><span class='ocrx_word' id='word_1_794' title='bbox 2103 5250 2397 5309; x_wconf 70' lang='lat' dir='ltr'><strong>efﬁcientia</strong></span> <span class='ocrx_word' id='word_1_795' title='bbox 2440 5255 2506 5309; x_wconf 92' lang='lat' dir='ltr'><strong>ad</strong></span> <span class='ocrx_word' id='word_1_796' title='bbox 2544 5273 2730 5312; x_wconf 86' lang='lat' dir='ltr'><strong>rerum</strong></span> <span class='ocrx_word' id='word_1_797' title='bbox 2771 5256 3060 5314; x_wconf 87' lang='lat' dir='ltr'><strong>scientiam</strong></span> <span class='ocrx_word' id='word_1_798' title='bbox 3104 5275 3245 5329; x_wconf 89' lang='lat' dir='ltr'><strong>opus</strong></span> <span class='ocrx_word' id='word_1_799' title='bbox 3276 5262 3503 5318; x_wconf 55' lang='lat' dir='ltr'><strong>habenti</strong></span> <span class='ocrx_word' id='word_1_800' title='bbox 3533 5264 3692 5332; x_wconf 84' lang='lat' dir='ltr'><strong>Quod</strong></span> 
     </span>
    </p>
   </div>
   <div class='ocr_carea' id='block_1_111' title="bbox 2103 5348 3690 5426">
    <p class='ocr_par' dir='ltr' id='par_1_111' title="bbox 2103 5348 3690 5426">
     <span class='ocr_line' id='line_1_111' title="bbox 2103 5348 3690 5426; baseline 0.009 -26"><span class='ocrx_word' id='word_1_801' title='bbox 2103 5348 2250 5402; x_wconf 91' lang='lat' dir='ltr'><strong>enim</strong></span> <span class='ocrx_word' id='word_1_802' title='bbox 2277 5348 2519 5415; x_wconf 89' lang='lat' dir='ltr'><strong>videtur,</strong></span> <span class='ocrx_word' id='word_1_803' title='bbox 2556 5350 2939 5407; x_wconf 84' lang='lat' dir='ltr'><strong>recordatione</strong></span> <span class='ocrx_word' id='word_1_804' title='bbox 3004 5367 3114 5406; x_wconf 91' lang='lat' dir='ltr'><strong>non</strong></span> <span class='ocrx_word' id='word_1_805' title='bbox 3150 5353 3382 5426; x_wconf 86' lang='lat' dir='ltr'><strong>indiget.</strong></span> <span class='ocrx_word' id='word_1_806' title='bbox 3418 5356 3690 5424; x_wconf 89' lang='lat' dir='ltr'><strong>Quoniam</strong></span> 
     </span>
    </p>
   </div>
   <div class='ocr_carea' id='block_1_112' title="bbox 2104 5437 3693 5517">
    <p class='ocr_par' dir='ltr' id='par_1_112' title="bbox 2104 5437 3693 5517">
     <span class='ocr_line' id='line_1_112' title="bbox 2104 5437 3693 5517; baseline 0.011 -28"><span class='ocrx_word' id='word_1_807' title='bbox 2104 5437 2274 5508; x_wconf 83' lang='lat' dir='ltr'><strong>igitur</strong></span> <span class='ocrx_word' id='word_1_808' title='bbox 2322 5439 2513 5495; x_wconf 83' lang='lat' dir='ltr'><strong>divina</strong></span> <span class='ocrx_word' id='word_1_809' title='bbox 2560 5452 2760 5497; x_wconf 85' lang='lat' dir='ltr'><strong>natura</strong></span> <span class='ocrx_word' id='word_1_810' title='bbox 2810 5457 2978 5512; x_wconf 88' lang='lat' dir='ltr'><strong>supra</strong></span> <span class='ocrx_word' id='word_1_811' title='bbox 3028 5459 3193 5500; x_wconf 90' lang='lat' dir='ltr'><strong>omne</strong></span> <span class='ocrx_word' id='word_1_812' title='bbox 3233 5446 3442 5503; x_wconf 86' lang='lat' dir='ltr'><strong>bonum</strong></span> <span class='ocrx_word' id='word_1_813' title='bbox 3473 5460 3579 5517; x_wconf 88' lang='lat' dir='ltr'><strong>est,</strong></span> <span class='ocrx_word' id='word_1_814' title='bbox 3628 5467 3693 5505; x_wconf 86' lang='lat' dir='ltr'><strong>ac</strong></span> 
     </span>
    </p>
   </div>
   <div class='ocr_carea' id='block_1_113' title="bbox 2106 5531 3690 5603">
    <p class='ocr_par' dir='ltr' id='par_1_113' title="bbox 2106 5531 3690 5603">
     <span class='ocr_line' id='line_1_113' title="bbox 2106 5531 3690 5603; baseline 0.01 -20"><span class='ocrx_word' id='word_1_815' title='bbox 2106 5531 2310 5585; x_wconf 90' lang='lat' dir='ltr'><strong>bonum</strong></span> <span class='ocrx_word' id='word_1_816' title='bbox 2347 5531 2493 5587; x_wconf 92' lang='lat' dir='ltr'><strong>bono</strong></span> <span class='ocrx_word' id='word_1_817' title='bbox 2518 5549 2747 5603; x_wconf 87' lang='lat' dir='ltr'><strong>prorsus</strong></span> <span class='ocrx_word' id='word_1_818' title='bbox 2793 5535 3034 5590; x_wconf 89' lang='lat' dir='ltr'><strong>amicum</strong></span> <span class='ocrx_word' id='word_1_819' title='bbox 3072 5548 3178 5603; x_wconf 79' lang='lat' dir='ltr'><strong>est,</strong></span> <span class='ocrx_word' id='word_1_820' title='bbox 3214 5539 3425 5596; x_wconf 86' lang='lat' dir='ltr'><strong>idcirco</strong></span> <span class='ocrx_word' id='word_1_821' title='bbox 3456 5558 3582 5598; x_wconf 86' lang='lat' dir='ltr'><strong>cum</strong></span> <span class='ocrx_word' id='word_1_822' title='bbox 3630 5559 3690 5599; x_wconf 88' lang='lat' dir='ltr'><strong>se</strong></span> 
     </span>
    </p>
   </div>
   <div class='ocr_carea' id='block_1_114' title="bbox 2106 5620 3688 5703">
    <p class='ocr_par' dir='ltr' id='par_1_114' title="bbox 2106 5620 3688 5703">
     <span class='ocr_line' id='line_1_114' title="bbox 2106 5620 3688 5703; baseline 0.009 -30"><span class='ocrx_word' id='word_1_823' title='bbox 2106 5620 2279 5690; x_wconf 87' lang='lat' dir='ltr'><strong>ipsam</strong></span> <span class='ocrx_word' id='word_1_824' title='bbox 2320 5621 2591 5687; x_wconf 87' lang='lat' dir='ltr'><strong>intuetur,</strong></span> <span class='ocrx_word' id='word_1_825' title='bbox 2632 5624 2861 5694; x_wconf 89' lang='lat' dir='ltr'><strong>etquod</strong></span> <span class='ocrx_word' id='word_1_826' title='bbox 2898 5626 3069 5681; x_wconf 84' lang='lat' dir='ltr'><strong>habet.</strong></span> <span class='ocrx_word' id='word_1_827' title='bbox 3116 5630 3253 5697; x_wconf 87' lang='lat' dir='ltr'><strong>vult,</strong></span> <span class='ocrx_word' id='word_1_828' title='bbox 3292 5633 3524 5703; x_wconf 91' lang='lat' dir='ltr'><strong>etquod</strong></span> <span class='ocrx_word' id='word_1_829' title='bbox 3573 5634 3688 5687; x_wconf 91' lang='lat' dir='ltr'><strong>vult</strong></span> 
     </span>
    </p>
   </div>
   <div class='ocr_carea' id='block_1_115' title="bbox 2086 5710 3685 5781">
    <p class='ocr_par' dir='ltr' id='par_1_115' title="bbox 2086 5710 3685 5781">
     <span class='ocr_line' id='line_1_115' title="bbox 2086 5710 3685 5781; baseline 0.011 -17"><span class='ocrx_word' id='word_1_830' title='bbox 2086 5710 2275 5778; x_wconf 86' lang='lat' dir='ltr'><strong>habet,</strong></span> <span class='ocrx_word' id='word_1_831' title='bbox 2307 5712 2452 5767; x_wconf 88' lang='lat' dir='ltr'><strong>nihil</strong></span> <span class='ocrx_word' id='word_1_832' title='bbox 2475 5723 2765 5769; x_wconf 84' lang='lat' dir='ltr'><strong>externum</strong></span> <span class='ocrx_word' id='word_1_833' title='bbox 2790 5716 2844 5771; x_wconf 87' lang='lat' dir='ltr'><strong>in</strong></span> <span class='ocrx_word' id='word_1_834' title='bbox 2877 5733 2932 5773; x_wconf 83' lang='lat' dir='ltr'><strong>se</strong></span> <span class='ocrx_word' id='word_1_835' title='bbox 2957 5718 3274 5779; x_wconf 82' lang='lat' dir='ltr'><strong>admittens.</strong></span> <span class='ocrx_word' id='word_1_836' title='bbox 3304 5724 3473 5781; x_wconf 78' lang='lat' dir='ltr'><strong>Extra</strong></span> <span class='ocrx_word' id='word_1_837' title='bbox 3501 5734 3685 5781; x_wconf 87' lang='lat' dir='ltr'><strong>autem</strong></span> 
     </span>
    </p>
   </div>
  </div>
