4036 6412
289 352 402 416 793

1718 358 2079 420 DIOPTRA.

3452 358 3562 424 794

289 484 412 528 eam
445 468 602 535 nihil,
630 478 999 540 praeterquam
1028 470 1144 527 sola
1175 456 1449 527 vitiositas
1479 479 1586 539 est,
1611 488 1730 543 qua:
1752 474 1876 542 (etsi
1905 475 1955 534 Α
1982 474 2160 528 etiam
2218 473 2606 530 universarum
2670 473 2952 531 actionum
2997 488 3120 543 quae
3188 488 3311 528 cum
3355 474 3561 530 virtute

291 562 443 618 dictu
469 561 795 627 absurdum,
823 572 881 618 et
910 578 939 617 a
967 562 1179 633 vulgari
1211 563 1473 633 opinione
1498 564 1739 620 alienum
1766 563 1870 635 est)

290 654 351 711 in
386 670 454 711 eo
480 657 629 726 quod
655 672 763 710 non
822 665 929 721 est,
986 672 1149 710 suum
1185 672 1307 712 csse
1342 656 1528 712 habet.
1573 657 1692 712 Non
1722 659 1871 712 enim

289 749 407 804 ulla
436 748 542 803 alia
573 750 858 819 generatio
899 749 1216 804 vitiositatis
1240 759 1346 813 est,
1371 764 1536 818 quam
1570 749 1690 821 ejus
1726 750 1873 820 quod

287 847 374 895 est
404 838 661 911 privatio.
693 839 852 906 Quod
893 848 1077 894 autem
1126 839 1346 909 preprie
1374 849 1481 902 εει,
1517 838 1647 894 boni
1677 851 1873 894 natura

287 943 393 988 est.
422 931 581 999 Quod
612 931 784 1003 igitur
813 932 870 987 in
913 941 1042 988 ente
1067 946 1176 986 non
1209 940 1314 995 est,
1354 931 1408 985 in
1460 946 1528 985 eo
1581 931 1728 1001 quod
1764 948 1874 985 non

287 1036 393 1091 est,
427 1040 659 1095 prorsus
691 1035 799 1080 est.
849 1024 1144 1094 Postquam
1200 1024 1369 1094 igitur
1417 1023 1599 1078 anima
1632 1039 1875 1094 quoque,

287 1118 593 1190 segregatis
621 1118 882 1174 omnibus
906 1116 1076 1172 variis
1112 1127 1322 1172 natura:
1356 1115 1623 1179 motibus,
1654 1115 1766 1168 Deo
1802 1112 1846 1169 si

288 1212 440 1268 milis
474 1211 670 1266 cil'ecta
700 1210 891 1273 fuerit,
945 1218 1111 1281 atque
1171 1217 1431 1278 superata
1484 1206 1788 1277 cupiditate
1821 1205 1874 1259 in

288 1304 385 1359 illo
415 1303 607 1367 fuerit,
650 1301 718 1357 ad
752 1300 904 1372 quod
940 1301 1074 1356 olim
1113 1299 1417 1370 cup'ditate
1452 1296 1770 1368 erigebatur
1821 1303 1879 1350 ct

289 1395 656 1461 incitabatur,
685 1410 795 1449 non
823 1393 1062 1465 amplius
1087 1390 1427 1448 consistendi
1454 1390 1638 1445 locum
1676 1388 1729 1442 in
1756 1402 1877 1441 sese

291 1491 407 1553 dat,
448 1503 632 1559 neque
669 1487 810 1558 spei,
858 1487 1041 1558 neque
1096 1484 1494 1540 recordationi.
1540 1480 1674 1537 Nam
1728 1479 1874 1550 quod

291 1582 519 1654 quidem
590 1580 940 1652 sperabatur,
972 1579 1164 1639 habet
1220 1595 1234 1631 :
1287 1575 1650 1647 occupatione
1690 1581 1876 1627 autem

292 1675 658 1732 frttcndirum
684 1674 981 1740 bonorum,
1006 1670 1327 1728 memoriam
1350 1686 1382 1724 a
1404 1677 1587 1722 mente
1611 1673 1877 1726 removet,

293 1784 356 1825 ac
377 1767 605 1823 missam
638 1766 769 1822 facit
794 1782 810 1820 :
839 1775 1003 1835 atque
1026 1766 1102 1821 ita
1122 1763 1293 1820 vitam
1315 1776 1596 1832 superam,
1616 1768 1673 1816 et
1694 1757 1879 1813 excel-

1975 566 2343 637 perﬁciuntur
2382 578 2549 638 atque
2591 567 2761 623 etiam
2794 566 2933 637 legis
2964 576 3369 637 praceptorum
3403 567 3557 637 prin-

1975 661 2218 730 cipatum
2248 670 2418 717 tenet.
2458 662 2513 715 Si
2545 661 2713 731 igitur
2736 659 2813 714 ad
2869 659 3019 714 hunc
3053 660 3218 714 linem
3248 659 3432 713 anima
3467 658 3565 714 ali-

1975 753 2198 824 quando
2226 754 2500 824 pervenit,
2532 754 2767 809 aliarum
2802 766 2990 806 rerum
3027 750 3295 805 nimirum
3339 750 3565 804 univer-

1976 860 2160 899 sarum
2189 844 2904 915 plenitudinemjcomplcxa
2934 855 3039 899 est.
3093 843 3228 897 Nam
3270 858 3395 896 cum
3428 843 3559 903 vita,

1978 953 2140 1006 quam
2195 937 2251 990 in
2295 936 2590 1006 praesentia
2628 936 3011 1005 transigimus,
3041 935 3193 989 varie
3240 934 3449 1004 pariter
3498 949 3562 988 ac

1979 1026 2337 1082 multifariam
2370 1043 2402 1082 a
2446 1026 2611 1082 nobis
2641 1026 2920 1097 exigatur,
2968 1026 3155 1080 inultae
3208 1024 3434 1095 quidem
3476 1040 3564 1080 res

1977 1126 2131 1182 sunt,
2165 1133 2400 1187 quarum
2434 1132 2664 1189 egemus
2686 1126 2744 1171 et
2764 1117 3071 1187 participes
3090 1131 3306 1181 sumus,
3338 1124 3398 1169 ut
3422 1123 3561 1170 tem-

1982 1210 2150 1280 poris,
2176 1219 2237 1264 ut
2262 1211 2432 1274 aeris,
2472 1209 2683 1275 utloei,
2716 1209 2940 1278 cibique
2980 1224 3047 1263 ac
3083 1217 3269 1274 potus,
3300 1217 3362 1261 ut
3399 1218 3560 1275 tegu-

1981 1312 2318 1365 mentorum,
2350 1311 2410 1356 ut
2460 1302 2615 1366 solis,
2658 1303 3158 1370 lucernarumque,
3212 1309 3272 1353 ut
3327 1299 3561 1353 aliarum

1981 1410 2163 1450 rerum
2192 1395 2489 1449 multarum
2515 1394 2584 1448 ad
2607 1409 2767 1448 usum
2784 1393 2911 1447 vitae
2930 1390 3395 1446 necessariarum.
3429 1389 3567 1444 Bea-

1982 1488 2160 1543 titudo
2182 1502 2313 1542 vero
2338 1502 2461 1557 qua:
2481 1502 2547 1541 ex
2567 1495 2872 1556 spectatur.
2892 1485 3101 1539 nullius
3123 1483 3351 1552 quidem
3373 1483 3563 1537 barum

1985 1594 2173 1634 rerum
2208 1593 2381 1649 egena
2409 1588 2496 1633 est
2519 1594 2536 1644 ;
2563 1577 2746 1631 omnia
2765 1590 2949 1630 autem
2968 1584 3148 1637 nobis,
3173 1575 3406 1643 locoque
3436 1588 3561 1627 om-

1980 1675 2134 1728 nium
2158 1672 2268 1728 erit
2313 1671 2500 1726 divina
2528 1681 2747 1735 natura,
2788 1668 2858 1723 ad
2908 1683 3129 1722 omnem
3177 1682 3340 1721 usum
3378 1680 3443 1719 ac
3473 1679 3569 1718 ne-

1980 1766 2292 1822 cessitatcm
2326 1764 2477 1819 illius
2498 1762 2622 1818 vitze
2650 1777 2776 1817 sese
2799 1760 3198 1839 convenienter
3225 1766 3281 1813 et
3308 1767 3435 1826 apte
3466 1756 3566 1810 im-

293 1877 436 1925 sam,
470 1859 766 1915 informata
800 1858 1001 1913 divinae
1024 1866 1240 1912 natura:
1271 1852 1709 1926 preprietatibus
1745 1849 1867 1904 imi-
1915 1847 1955 1905 Β
1983 1858 2248 1928 perticas.
2281 1856 2466 1927 Atque
2520 1854 2575 1910 id
2621 1854 2849 1925 planum
2896 1866 2963 1908 ac
2990 1851 3347 1907 manifestum
3392 1862 3475 1905 est
3502 1864 3571 1905 ex

296 1963 447 2008 tatur
479 1951 658 2007 :adeo
692 1958 752 2005 ut
803 1949 941 2005 nihil
976 1948 1127 2003 aliud
1158 1948 1210 2003 ei
1239 1947 1608 2013 relinquatur,
1642 1950 1870 2013 printer-

295 2061 459 2115 quam
492 2042 809 2099 dilectionis
842 2041 1095 2107 affectus,
1126 2039 1221 2110 qui
1269 2037 1595 2094 naturaliter
1639 2035 1691 2090 ei
1728 2032 1875 2104 quod

293 2134 504 2190 bonum
525 2133 897 2189 ethonestum
928 2139 1036 2197 est,
1086 2129 1352 2185 adhaeret.
1390 2128 1448 2183 Id
1474 2126 1621 2182 enim
1654 2124 1879 2181 dilectio

294 2220 400 2291 est,
436 2224 626 2278 animo
651 2222 909 2278 videlicet
943 2220 1143 2277 insitus
1164 2220 1391 2276 habitus
1414 2218 1484 2274 ad
1506 2218 1559 2273 id
1584 2215 1732 2288 quod
1765 2217 1881 2286 pla-

295 2327 385 2374 cet
422 2328 588 2387 atque
611 2315 765 2372 cordi
794 2325 903 2372 est.
928 2314 1078 2370 Cum
1107 2313 1275 2386 igitur
1300 2312 1557 2382 simplex,
1581 2319 1639 2365 et
1666 2310 1879 2365 unifor-

298 2410 423 2475 mis,
456 2422 521 2463 ac
554 2409 716 2478 plane
755 2407 952 2462 similis
982 2406 1095 2461 Deo
1124 2404 1310 2460 anima
1331 2403 1497 2464 facta.
1521 2411 1683 2458 nacta
1711 2401 1880 2456 fuerit

300 2498 433 2554 illud
456 2513 584 2554 vere
601 2497 854 2569 simplex,
868 2505 926 2553 et
943 2497 1183 2552 materia:
1198 2495 1420 2565 dolique
1437 2510 1633 2564 expers
1650 2494 1880 2559 bonum,

301 2592 445 2664 quod
463 2592 646 2647 solum
667 2606 852 2645 revera
870 2590 1168 2646 dilectione
1189 2589 1414 2659 dignutn
1438 2596 1493 2643 et
1512 2587 1750 2643 amabile
1775 2595 1879 2652 est,

303 2699 429 2739 cum
476 2683 726 2739 adhaeret
759 2682 966 2746 eidem,
1016 2690 1132 2735 tum
1163 2696 1269 2735 una
1296 2678 1687 2735 commiscetur
1718 2686 1885 2746 atque

308 2786 771 2848 contemperatur,
791 2792 889 2847 per
918 2774 1234 2837 dilectionis
1263 2782 1473 2827 motum
1508 2780 1563 2826 ct
1607 2770 1883 2826 actionem

315 2870 383 2924 ad
413 2870 466 2925 id
499 2870 642 2939 quod
686 2886 907 2941 semper
936 2877 993 2924 et
1032 2866 1529 2938 comprehenditur
1577 2872 1633 2918 et
1665 2861 1882 2918 inveni-

316 2972 423 3029 tur,
443 2978 563 3020 scse
580 2962 846 3023 formans.
879 2971 1045 3032 atque
1090 2960 1143 3015 id
1178 2975 1276 3030 per
1298 2956 1723 3015 similitudinem
1754 2954 1884 3010 boni

308 3056 565 3122 cvadens,
599 3056 746 3127 quod
776 3059 897 3126 ejus
921 3054 1071 3126 quod
1096 3053 1463 3125 participatur
1507 3059 1675 3121 atque
1707 3048 1887 3120 perci-

308 3151 456 3219 pitur
496 3160 689 3204 natura
719 3159 821 3204 est.
863 3148 1002 3204 Cum
1033 3156 1217 3203 autem
1245 3147 1302 3202 in
1343 3148 1437 3201 illo
1463 3144 1747 3213 cupiditas
1776 3158 1885 3198 non

1986 1950 2192 2006 divinis
2219 1949 2483 2012 oraculis,
2519 1948 2667 2017 quod
2694 1948 2841 2002 Deus
2865 1955 2922 2001 et
2942 1946 3100 2001 locus
3126 1944 3344 1999 exsistit
3377 1943 3446 1997 iis
3475 1940 3569 2012 qui

1987 2044 2137 2116 digni
2167 2052 2315 2104 sunt.
2348 2051 2404 2097 et
2425 2042 2649 2108 domus,
2689 2050 2747 2096 et
2773 2040 3187 2103 indumentum,
3214 2046 3270 2092 et
3301 2036 3486 2098 cibus,
3515 2044 3574 2090 et

1987 2148 2172 2208 potus,
2191 2145 2248 2192 et
2267 2136 2480 2201 lumen,
2500 2144 2557 2190 et
2579 2134 2813 2198 divitiae,
2840 2140 2899 2187 et
2925 2145 3180 2203 regnum,
3213 2144 3277 2184 ac
3299 2125 3573 2199 quidquid

1987 2230 2075 2285 vel
2102 2238 2285 2284 mente
2307 2228 2546 2297 concipi,
2574 2227 2660 2282 vel
2686 2224 2963 2281 nominari
2989 2232 3196 2293 potest.
3228 2221 3376 2292 quod
3414 2219 3574 2274 nobis

1989 2323 2260 2387 conferat,
2294 2331 2351 2377 et
2379 2320 2656 2377 conducat
2684 2319 2750 2372 ad
2783 2319 2982 2372 bonam
3006 2316 3198 2369 vitam.

2059 2417 2226 2474 Cano.
2255 2418 2375 2473 Hoc
2420 2418 2587 2472 etiam
2637 2414 2956 2470 mandatum
3002 2421 3159 2468 tuum
3182 2409 3424 2481 explevi,
3475 2408 3575 2463 do.

1990 2510 2160 2576 mina,
2187 2521 2245 2566 et
2265 2510 2648 2580 probationem
2676 2508 2835 2563 attuli
2876 2505 3343 2576 probatissimam,
3369 2513 3426 2556 et
3457 2504 3550 2571 qui
3567 2532 3581 2542 -

1990 2604 2115 2659 dem
2159 2603 2224 2657 iis
2251 2603 2457 2663 verbis.
2496 2590 2698 2671 quibus
2726 2600 2935 2669 scripta
2969 2607 3182 2661 exstat,
3220 2604 3281 2653 ut
3328 2596 3574 2647 voluisti.

1991 2696 2059 2751 Et
2075 2696 2380 2765 plurimum
2405 2693 2631 2763 fatigata
2654 2707 2800 2756 sum,
2836 2690 3250 2759 elaboravique,
3291 2696 3348 2742 et
3376 2686 3583 2755 ubique

1992 2787 2323 2858 conquisivi,
2387 2795 2445 2841 et
2509 2792 2752 2839 scrutata
2803 2798 2948 2847 sum,
3004 2778 3415 2851 qurrendoque
3471 2792 3582 2831 non

1992 2897 2200 2952 paucos
2224 2880 2399 2935 libros
2434 2877 2640 2943 evolvi,
2671 2892 2805 2947 quo,
2844 2890 2968 2947 quae
3001 2874 3246 2930 dicerem
3288 2872 3462 2926 firmis
3490 2886 3583 2926 ar—

1993 2975 2268 3045 gumentis
2324 2983 2381 3028 et
2439 2970 2771 3027 testimoniis
2825 2967 3157 3024 confirmare
3213 2981 3453 3036 possem.
3514 2962 3587 3018 Ut

1995 3069 2164 3138 igitur
2191 3066 2336 3137 apud
2372 3076 2651 3120 auctorem
2685 3064 2864 3133 ipsum
2900 3061 3076 3131 posita
3114 3058 3324 3121 inveni,
3365 3057 3447 3111 sic
3482 3055 3578 3109 tibi

1998 3160 2280 3232 proposui,
2312 3158 2733 3230 praeclarissime
2767 3157 2959 3227 utique
2990 3169 3117 3209 cum
3160 3152 3248 3208 his
3279 3152 3348 3205 de
3377 3150 3583 3219 quibus

308 3243 380 3299 sit
404 3244 723 3314 (propterea
753 3242 906 3313 quod
938 3254 1042 3296 nec
1095 3240 1262 3295 ullius
1293 3238 1518 3309 quidem
1565 3236 1696 3292 boni
1737 3235 1886 3290 defe-

1997 3254 2175 3323 agitur
2226 3246 2668 3309 consentientia;
2705 3261 2807 3300 nec
2838 3246 2892 3299 in
2919 3242 3237 3299 elocutione
3275 3239 3580 3311 quidquam

306 3344 429 3391 ctus
459 3335 514 3389 in
548 3349 617 3390 eo
645 3334 766 3400 sit),
803 3346 1153 3403 consequens
1184 3330 1369 3389 fuerit.
1407 3328 1573 3384 etiam
1622 3328 1889 3390 animam,

306 3442 431 3481 cum
453 3440 521 3480 eo
543 3423 803 3489 evaserit,
826 3422 921 3478 ubi
955 3421 1033 3478 rei
1068 3419 1278 3475 nullius
1301 3425 1521 3488 egestas
1540 3424 1646 3480 est,
1672 3431 1738 3469 ex
1763 3428 1887 3469 sese

306 3516 507 3588 ejicere
549 3531 773 3586 quoque
827 3509 1262 3582 concupiscendi
1315 3518 1530 3563 motum
1564 3515 1730 3576 atque
1756 3503 1894 3560 affe—

309 3619 479 3665 ctum.
514 3608 664 3664 Talis
689 3616 876 3663 autem
904 3605 1171 3662 doctrinae
1206 3612 1372 3673 atque
1425 3598 1718 3656 sententia:
1747 3597 1893 3653 divi-

308 3717 415 3758 nus
447 3716 671 3772 quoque
700 3699 861 3755 nobis
892 3697 1194 3768 Apostolus
1220 3701 1415 3750 auctor
1444 3700 1548 3748 est.
1574 3691 1713 3747 Cum
1745 3689 1894 3744 enim

309 3796 556 3851 omnium
588 3810 796 3854 rerum,
820 3809 1054 3864 quarum
1075 3791 1300 3846 nuncin
1329 3787 1490 3844 nobis
1514 3786 1644 3841 boni
1668 3797 1892 3855 quoque

308 3904 502 3955 causa,
528 3887 713 3943 studia
737 3887 942 3958 vigent,
963 3884 1326 3940 abolitionem
1349 3891 1407 3936 et
1435 3877 1678 3948 quietem
1709 3891 1875 3947 quam

309 3982 461 4050 dam,
491 3988 659 4051 atque
681 3978 1025 4034 sedationem
1058 3985 1117 4031 et
1152 3974 1318 4030 tinent
1363 3974 1614 4027 futurum
1643 3979 1774 4024 ante
1796 3968 1896 4023 de-

310 4073 646 4136 nuntiasset,
671 4071 845 4126 solius
866 4068 1185 4124 dilectionis
1202 4076 1258 4122 et
1283 4066 1575 4121 cbaritatis
1595 4063 1893 4118 terminum

310 4182 422 4223 non
460 4164 676 4220 invenit
702 4181 717 4217 :
740 4182 758 4214 ι
792 4163 930 4218 Nam
953 4160 1258 4232 prophetia:
1278 4158 1671 4221 abolebuntur,
1692 4154 1894 4224 inquit,

312 4270 368 4315 et
395 4256 634 4314 scientia
661 4255 989 4311 destruetur
1023 4269 1037 4308 :
1070 4252 1317 4308 charitas
1338 4257 1523 4304 autem
1574 4256 1633 4301 et
1666 4246 1896 4301 dilectio

313 4367 598 4422 nunquam
628 4349 853 4406 excidit.
878 4368 898 4400 ι
920 4341 1079 4414 Qu'od
1097 4344 1326 4417 perinde
1345 4351 1452 4406 est,
1482 4358 1546 4396 ac
1562 4339 1608 4395 si
1630 4339 1862 4394 dixisset
1882 4353 1898 4392 :

315 4446 551 4515 Semper
580 4442 789 4499 eadem
839 4452 946 4496 est.
1002 4439 1146 4506 Quin
1200 4437 1392 4501 etiam,
1446 4450 1570 4489 cum
1620 4432 1782 4488 fidem
1837 4446 1902 4485 ac

311 4554 470 4609 spem
511 4552 621 4591 una
670 4551 794 4591 cum
819 4534 1089 4589 charitate
1131 4541 1301 4602 atque
1353 4530 1651 4585 dilectione
1680 4541 1900 4598 perma-

1992 3343 2340 3395 immutatum
2386 3348 2492 3394 est.
2551 3337 2710 3392 Nunc
2756 3345 2814 3391 tu
2866 3351 3032 3405 super
3090 3335 3178 3390 bis
3209 3333 3478 3405 judicium
3520 3340 3577 3385 et

1992 3433 2324 3489 sententiain
2351 3446 2590 3501 expone,
2624 3437 2811 3485 utrutn
2846 3444 2913 3483 ea
2947 3442 3175 3498 scopum
3204 3426 3474 3482 orationis
3501 3434 3589 3479 at-

1995 3526 2205 3595 tingere
2240 3533 2420 3594 putes.

2066 3619 2255 3670 Annn.
2284 3615 2635 3682 Congruunt,
2660 3612 3026 3679 conveniunt,
3053 3621 3110 3667 et
3131 3612 3512 3675 consentiunt,
3534 3618 3593 3664 ct

1994 3710 2131 3765 mihi
2160 3708 2429 3780 dogmatis
2464 3707 2676 3761 firmant
2701 3722 2766 3761 ac
2795 3707 3025 3761 solidam
3049 3704 3215 3760 ﬁdem
3246 3705 3483 3770 faciunt,
3534 3714 3592 3758 et

1997 3801 2051 3855 in
2084 3800 2286 3855 tabulis
2325 3798 2513 3854 cordis
2550 3799 2698 3853 notis
2727 3796 3123 3852 indelebilibus
3146 3796 3410 3865 inscripta
3440 3805 3591 3860 sunt,

1998 3906 2289 3967 postquam
2335 3892 2724 3965 probationem
2774 3890 3071 3962 insignem,
3123 3887 3591 3959 quemadmodum

1998 3990 2276 4060 petebam,
2328 3986 2558 4056 accepi:
2602 3985 2692 4041 cui
2748 3999 2851 4040 nec
2885 3984 3269 4040 contentiosus
3318 3979 3592 4051 quispiam

1998 4081 2383 4153 refragabitur.
2412 4079 2517 4146 Qui
2537 4079 2702 4149 igitur
2726 4076 2980 4148 quasivit
3006 4076 3228 4131 discere
3254 4073 3590 4143 tripartitam

1999 4174 2269 4228 rationem
2287 4171 2503 4234 aninne,
2528 4186 2644 4225 rem
2667 4170 2895 4225 inventu
2914 4178 2970 4223 ει
2992 4168 3270 4237 explicate
3292 4164 3565 4219 difﬁcilem
3580 4203 3593 4224 ,

2002 4275 2063 4320 ut
2092 4263 2300 4326 dixiSti,
2332 4264 2498 4318 homo
2526 4262 2863 4326 industrius,
2891 4269 2950 4316 et
2983 4263 3225 4329 sapiens,
3253 4267 3313 4313 ut
3340 4268 3594 4328 apparet,

2004 4357 2134 4412 fuit.
2169 4356 2429 4411 Arbitror
2456 4366 2644 4411 autem
2681 4370 2792 4410 non
2831 4354 2988 4423 plura
3008 4352 3144 4407 mihi
3176 4347 3592 4421 interroganda,

2004 4455 2058 4500 et
2087 4444 2467 4515 cognoscenda
2516 4446 2571 4497 in
2623 4442 2847 4514 negotio
2873 4440 3136 4511 perplexo
3171 4449 3228 4493 et
3273 4435 3503 4492 difﬁcili.
3538 4433 3597 4489 Si

2006 4538 2139 4608 quid
2190 4554 2320 4609 ergo
2380 4538 2619 4608 amplius
2656 4537 2851 4600 babes,
2889 4535 2995 4589 hoc
3032 4534 3152 4588 sine
3200 4546 3353 4585 mora
3384 4528 3520 4584 affer
3543 4526 3596 4581 in

310 4647 449 4686 nere
475 4630 712 4693 diceret,
750 4642 940 4682 rursus
964 4641 1087 4681 eam
1120 4624 1231 4679 illis
1273 4623 1494 4694 praefert
1542 4632 1708 4691 atque
1761 4632 1886 4689 praei

2014 4632 2253 4686 medium
2279 4631 2344 4686 ad
2372 4631 2637 4693 fructum,
2658 4630 2724 4684 ad
2748 4629 3039 4683 utilitatem
3084 4635 3141 4680 ct
3160 4624 3374 4678 lucrum
3398 4635 3600 4674 meum.

313 4721 496 4792 ponit,
522 4735 704 4790 neque
736 4718 958 4790 injuria.
984 4716 1121 4773 Nam
1177 4732 1305 4786 spes
1347 4714 1573 4769 interim
1624 4721 1900 4775 movetur,

312 4817 449 4872 dum
482 4830 597 4870 non
628 4815 763 4869 licet
788 4812 897 4867 frui
928 4821 1096 4880 atque
1119 4810 1284 4881 potiri
1313 4809 1383 4864 iis
1417 4810 1610 4872 rebus,
1639 4820 1761 4877 quae
1788 4819 1908 4875 spc‘

316 4913 535 4961 rantur.
582 4904 651 4959 Et
706 4903 900 4960 itidem
951 4902 1089 4957 fides
1137 4899 1579 4956 sustentaculum
1630 4912 1694 4953 ac
1725 4895 1908 4950 firma-

314 5008 569 5054 mentum
616 5006 701 5052 est
737 4994 1153 5052 inccrtitudinis
1185 5008 1376 5049 earum
1402 5007 1592 5048 rerum
1616 5007 1739 5062 qua:
1775 5004 1906 5061 spe-

317 5103 537 5148 rantur.
572 5090 707 5145 Nam
729 5099 787 5145 et
813 5090 889 5144 ita
920 5104 1041 5144 eam
1063 5087 1335 5154 definivit,
1355 5102 1480 5143 cum
1500 5086 1732 5149 diceret,
1765 5104 1784 5137 ι
1815 5084 1914 5139 E-t

316 5189 508 5236 autem
558 5178 698 5235 ﬁdes
740 5179 1139 5251 sperandarum
1189 5193 1376 5233 rerum
1420 5176 1729 5233 substantia
1778 5177 1846 5230 ³³.
1885 5193 1905 5226 ι

318 5273 461 5327 Cum
491 5282 679 5327 autem
711 5272 929 5327 venerit
960 5271 1015 5325 id
1060 5271 1209 5341 quod
1252 5278 1533 5342 speratur,
1570 5269 1696 5324 aliis
1723 5268 1909 5322 omni-

320 5366 427 5421 bus
451 5365 895 5435 quiescentibus,
917 5365 1208 5421 cbaritatis
1241 5380 1307 5421 ac
1332 5365 1650 5421 dilectionis
1671 5363 1909 5420 efficien-

322 5457 400 5512 tia
428 5466 657 5524 manet;
691 5458 897 5527 quippe
928 5473 1053 5513 cum
1080 5472 1192 5514 non
1250 5459 1517 5523 inveniat,
1571 5457 1719 5527 quod
1775 5473 1898 5512 eam

321 5548 587 5623 excipiat,
639 5558 698 5606 et
732 5549 789 5605 in
826 5550 1013 5609 locum
1060 5553 1181 5626 ejus
1211 5550 1497 5609 succedat.
1532 5550 1907 5618 Quamobrem

396 5759 444 5790 ’³
473 5758 638 5817 llebr.
691 5774 765 5826 λι,
799 5759 847 5815 i.

2004 4722 2161 4791 Quod
2192 4724 2235 4780 si
2271 4733 2331 4778 ut
2360 4724 2547 4795 segnis
2584 4731 2641 4777 et
2696 4736 2885 4776 socors
2936 4716 3392 4788 tergiversabere,
3419 4722 3471 4767 et
3510 4727 3606 4766 oe-

2014 4817 2275 4879 cultabis,
2313 4817 2693 4872 frustrationis
2735 4824 2791 4868 et
2816 4812 3002 4869 damni
3037 4812 3143 4866 mei
3179 4811 3318 4866 ultio
3350 4809 3403 4863 in
3441 4816 3609 4880 caput

2022 4919 2177 4967 tuum
2213 4908 2445 4963 recidat.

2087 4998 2254 5055 Cano.
2297 4998 2431 5065 Quae
2467 4999 2557 5053 ille
2596 5013 2765 5068 super
2788 4999 2973 5052 anima
3021 4997 3404 5065 interrogavit,
3435 5001 3492 5049 et
3523 4994 3610 5047 di-

2014 5091 2168 5155 dicit,
2219 5090 2455 5161 plurima
2500 5090 2826 5145 admiranda
2877 5101 2935 5145 et
2988 5089 3143 5144 utilia
3184 5098 3332 5144 sunt.
3378 5089 3612 5144 Verum-

2013 5192 2197 5237 tamen
2240 5198 2411 5236 unum
2447 5182 2668 5241 accine.
2729 5183 2893 5252 idque
2947 5182 3115 5235 etiam
3150 5181 3307 5240 utile,
3357 5177 3504 5248 quod
3545 5177 3612 5231 ad

2014 5275 2264 5339 verbum,
2299 5284 2359 5329 ut
2384 5286 2491 5339 est,
2530 5276 2797 5331 recitabo.
2828 5275 2932 5339 Tu,
2966 5274 3009 5328 si
3060 5273 3338 5328 desiderio
3398 5289 3605 5343 cogno-

2010 5366 2200 5421 scendi
2222 5365 2447 5430 teneris,
2470 5365 2603 5419 mihi
2627 5365 2870 5431 attende,
2894 5365 2987 5435 qui
3007 5372 3063 5418 et
3080 5364 3271 5434 quales
3290 5364 3343 5417 in
3366 5372 3613 5416 extremo

2010 5456 2100 5511 die
2133 5453 2500 5511 resurrecturi
2534 5455 2731 5517 simus,
2786 5455 3013 5525 quando
3062 5454 3282 5511 venerit
3315 5449 3607 5515 Dominus,

2008 5558 2065 5606 et
2092 5550 2160 5605 ad
2185 5549 2542 5621 judicandum
2573 5548 2909 5604 consederit.
