4036 6418
395 358 505 424 795

965 478 1191 534 CAPUT
1234 478 1397 534 XVII.

401 591 479 644 lle
509 593 894 664 resurrectione
909 593 1116 647 uberior
1145 593 1447 649 dissertatio
1492 612 1554 650 ea:
1574 596 1757 650 iis’dem
1791 600 1958 664 Grego

470 663 552 737 rii
584 661 1144 737 Nyssenijlacrineis,
1187 672 1470 737 utiauctor
1514 678 1690 720 noster
1722 661 1981 737 appellnt.

468 732 552 783 At!
577 748 755 784 sacros
806 730 968 786 libros
1019 734 1326 788 evolvendos
1366 738 1677 797 cohortatio,
1712 730 1767 790 et.
1795 730 1863 791 ad
1897 756 1988 791 sa-

465 810 799 854 crosanctam
831 801 1139 857 Trinitatem
1169 806 1470 874 gratiarum
1501 810 1658 861 actio.

470 936 627 1003 Quod
676 940 1015 994 resurrectio
1045 940 1345 1010 aliquando
1388 940 1569 996 futura
1605 942 1698 1008 sit,
1741 953 1797 996 et
1841 942 1987 1011 quod

398 1031 569 1084 homo
624 1030 950 1101 incorrupto
996 1033 1211 1104 judicio
1271 1034 1522 1099 sistetur,
1579 1049 1705 1089 cum
1764 1044 1991 1104 propter

401 1122 814 1191 Scripturarum
841 1124 1364 1189 demonstrationes,
1387 1134 1500 1179 tum
1531 1133 1756 1193 propter
1777 1139 1840 1177 ea
1871 1139 1994 1193 qua:

397 1214 508 1283 jam
537 1224 664 1268 ante
687 1216 970 1286 exquisita
1002 1226 1165 1286 atque
1188 1232 1418 1271 excussa
1446 1226 1596 1279 sunt,
1623 1217 1873 1286 plerique
1895 1232 1995 1270 au-

401 1306 675 1359 dientium
751 1308 1144 1363 assentientur.
1208 1308 1504 1378 Reliquum
1564 1319 1749 1363 autem
1829 1310 1995 1364 fuerit

403 1396 778 1462 considerare,
839 1415 905 1453 an
959 1411 1125 1468 prout
1178 1409 1270 1454 est
1298 1400 1374 1463 id,
1408 1401 1555 1471 quod
1580 1416 1728 1454 nunc
1759 1412 1863 1465 est,
1919 1402 1992 1455 ita

402 1489 569 1542 etiam
608 1489 754 1558 quod
785 1499 1062 1560 speratur,
1091 1491 1338 1546 futurum
1372 1494 1465 1548 sit.
1490 1493 1648 1559 Quod
1682 1494 1726 1548 si
1763 1494 1840 1547 ita
1867 1494 1991 1549 fue-

412 1582 506 1646 rit,
560 1582 877 1654 fugiendam
913 1601 1037 1642 esse
1087 1586 1321 1641 dixerim
1363 1602 1517 1657 spem
1542 1588 1989 1643 resurrectionis.

407 1672 543 1726 Nam
568 1673 614 1728 si
638 1675 822 1743 qualia
838 1676 1083 1731 evadunt
1106 1677 1347 1732 humana
1373 1693 1627 1747 corpora,
1650 1678 1779 1732 dum
1812 1678 1995 1732 vivere

405 1765 708 1830 desinunt,
729 1768 859 1821 talia
895 1783 1114 1823 rursum
1144 1770 1271 1824 vitaz
1301 1769 1668 1824 restituuntur
1689 1810 1704 1835 ,
1730 1769 1991 1823 nimirum

1631 370 1975 431 PHILIPPI
2015 368 2410 430 SOLlTARlI

2018 487 2066 545 Λ
2096 483 2270 538 rectio
2301 481 2499 535 eximie
2545 478 2842 534 stabilitur.
2901 478 3013 550 Age
3061 477 3152 535 die
3198 478 3330 551 quid
3361 482 3590 548 sentias,
3623 493 3677 539 et

3570 370 3678 434 796

2097 592 2164 629 an
2215 575 2311 629 tibi
2362 573 2722 627 satisfaciant.

2167 671 2362 723 Amm.
2390 668 2576 721 Dicam
2606 680 2819 729 verum,
2850 672 2905 719 ct
2937 666 3085 734 quod
3115 666 3318 720 sentio.
3354 667 3553 721 Multos
3585 684 3681 722 su-

2101 779 2199 833 per
2235 763 2339 816 hoe
2368 768 2697 830 argumento
2748 757 3085 812 disserentes
3110 757 3321 817 audivi,
3376 759 3678 812 multorum

2099 852 2307 922 scripta
2326 851 2456 921 legi,
2481 848 2760 904 orationes
2780 847 3047 917 plurimas
3063 847 3243 902 evolvi
3267 866 3279 901 :
3301 858 3681 902 verumtamen

2098 940 2236 994 nihil
2270 941 2450 995 simile
2473 954 2710 1009 unquam
2749 938 2932 992 inveni
2971 955 2984 990 :
3037 938 3402 992 admiratione
3452 937 3680 1009 dignum

2102 1031 2385 1101 ingenium
2424 1029 2595 1097 illius,
2632 1028 3022 1083 ornatissimus
3052 1032 3253 1084 sermo;
3284 1028 3492 1083 Tamen
3526 1028 3686 1090 doce,

2098 1122 2195 1193 qui
2227 1123 2357 1184 sint.
2388 1132 2441 1177 et
2470 1138 2535 1175 ex
2566 1136 2676 1191 quo
2710 1134 2932 1190 genere,
2960 1120 3053 1189 qui
3087 1119 3205 1175 haec
3256 1120 3457 1175 litteris
3497 1134 3689 1190 persa-

2098 1215 2314 1285 pienter
2345 1212 2871 1282 accommodateque
2899 1212 3373 1281 conscripserunt.

2168 1306 2334 1361 Cano.
2365 1305 2468 1371 Qui
2501 1304 2632 1369 sint,
2659 1320 2768 1358 non
2801 1303 2981 1357 dicam
3007 1304 3104 1358 tibi
3133 1321 3148 1358 :
3180 1319 3364 1373 qumre
3405 1313 3462 1357 et
3486 1317 3688 1372 cogno-

2098 1414 2237 1451 scas.
2270 1397 2401 1451 Nam
2435 1408 2751 1466 etegoqztze
2772 1397 2894 1458 sivi,
2922 1406 2979 1451 et
3003 1396 3092 1450 vix
3123 1412 3249 1451 cum
3271 1396 3458 1450 labore
3479 1396 3685 1449 iuveni.

2105 1491 2187 1545 'l‘u
2211 1506 2433 1560 quoque
2472 1490 2517 1544 si
2540 1489 2850 1559 quaesieris,
2875 1488 3153 1544 invenies:
3177 1489 3221 1544 si
3239 1488 3518 1559 petiveris,
3541 1490 3657 1543 acci
3676 1522 3689 1529 -

2103 1583 2242 1653 pies,
2272 1589 2327 1635 et
2358 1596 2483 1635 cum
2512 1581 2678 1652 hujus
2698 1580 3092 1650 disputationis
3119 1590 3423 1643 auctorem,
3453 1589 3567 1634 tum
3598 1595 3689 1649 ευρ

2105 1692 2208 1730 IIIIS
2232 1674 2399 1737 illius,
2420 1683 2476 1728 et
2492 1689 2715 1737 nomen,
2738 1683 2795 1729 et
2826 1675 2992 1728 vitam
3017 1672 3083 1727 ad
3111 1689 3347 1743 unguem
3371 1687 3686 1743 cognosces.

2106 1766 2207 1821 Ubi
2228 1764 2503 1834 cognoris,
2523 1778 2646 1818 cum
2660 1763 2830 1818 animi
2848 1763 2925 1817 tui
2939 1761 3119 1817 fructu
3139 1762 3556 1817 conﬁrmabere.
3572 1761 3693 1815 Non

408 1864 675 1924 perpetua
705 1860 955 1927 quaedam
983 1861 1269 1915 calamitas
1304 1862 1376 1916 ab
1419 1862 1740 1917 hominibus
1772 1877 1869 1931 per
1899 1876 1990 1915 re-
2031 1850 2071 1904 Β
2097 1858 2244 1912 enim
2274 1857 2341 1911 ad
2389 1856 2679 1926 ingenuam
2716 1855 3088 1926 cognitionem
3124 1854 3334 1909 tardam
3358 1868 3421 1907 ac
3459 1853 3691 1923 pigram,

409 1949 814 2003 surrectionem
871 1961 1149 2020 speratur.
1202 1953 1361 2019 Quod
1419 1954 1567 2010 enim
1622 1953 1999 2009 miserabilius

408 2042 790 2108 Spectaculum
817 2045 1004 2110 fuerit,
1034 2061 1196 2115 quam
1220 2062 1346 2101 eum
1368 2048 1422 2100 in
1445 2055 1691 2101 extrema
1713 2054 1999 2101 senectute

414 2129 700 2185 incurvata
729 2143 898 2202 atque
926 2144 1210 2190 contracta
1229 2152 1468 2207 corpora
1492 2137 1560 2192 ad
1591 2137 1997 2207 turpitudinem

416 2236 484 2274 ac
532 2221 943 2278 deformitatem
999 2226 1222 2282 redacta
1275 2228 1517 2291 fuerint,
1560 2243 1728 2283 carne
1773 2226 1998 2297 quidem

410 2328 608 2365 eorum
647 2322 896 2383 tempore
929 2328 1283 2388 consumpta,
1328 2334 1528 2389 rugosa
1549 2328 1735 2374 autem
1764 2330 1821 2374 et
1848 2319 2002 2372 arida

415 2413 546 2459 cute
581 2407 803 2463 ossibus
833 2409 1185 2465 atlltmrettte?
1223 2412 1440 2467 Etenim
1469 2414 1678 2477 nervis,
1718 2412 1867 2483 quod
1899 2425 1997 2465 na-

414 2496 582 2550 turali
629 2498 841 2552 scilicet
884 2500 1116 2556 humore
1161 2501 1399 2570 amplius
1449 2518 1559 2556 non
1592 2502 1909 2555 imbuantur
1940 2514 2005 2554 ac

414 2587 800 2657 pinguescant,
830 2592 1134 2656 convulsis,
1166 2603 1222 2647 et
1247 2592 1455 2647 idcirco
1485 2602 1600 2648 toto
1621 2606 1853 2661 corpore
1873 2606 2008 2645 con-

412 2688 611 2746 tracto,
638 2697 728 2737 res
751 2683 1001 2752 quaedam
1035 2684 1254 2740 infirma
1307 2701 1370 2740 ac
1395 2694 1646 2756 speetatu
1671 2684 2007 2739 miserabilis

412 2772 649 2838 exsistit,
674 2789 797 2828 cum
828 2777 1234 2847 caputquidem
1263 2778 1318 2832 in
1340 2793 1519 2848 genua
1549 2777 1875 2832 inclinatum
1904 2777 2005 2841 sit,

414 2876 609 2918 manus
638 2872 824 2921 autem
855 2867 1116 2937 utrinque
1137 2868 1207 2923 ad
1241 2869 1548 2924 naturalem
1582 2868 1803 2938 quidem
1834 2883 1998 2923 usum

420 2951 679 3009 invalida:
713 2956 825 3010 sint
859 2956 960 3027 (a),
988 2968 1098 3013 etc.

486 3042 654 3100 Cano.
680 3044 900 3102 Audisti
919 3051 1305 3118 qumstionem’,
1328 3061 1385 3106 et
1408 3052 1648 3107 vicissim
1678 3070 2002 3126 responsum

416 3152 547 3194 vere
580 3139 755 3194 divini
787 3157 854 3197 ac
884 3143 1153 3213 sapientis
1180 3144 1330 3200 illius
1355 3145 1554 3213 Patris,
1581 3147 1786 3218 quibus
1813 3163 2004 3203 resur.

514 3284 631 3317 ²⁸ο⁹⁰
652 3283 816 3341 Joan.
835 3303 891 3352 v,
937 3287 1027 3343 39.

2104 1950 2196 2004 sed
2221 1949 2426 2003 laboris
2444 1956 2500 2003 et
2519 1948 2783 2003 doctrina:
2812 1948 3113 2002 studiosam
3135 1963 3279 2009 esse,
3314 1955 3370 2000 et
3392 1945 3694 2015 praesertim

2105 2040 2274 2110 (quod
2299 2039 2485 2110 cupio)
2505 2039 2819 2109 Scripturas
2840 2038 3158 2109 perdiscere
3181 2053 3396 2108 aequum
3415 2046 3519 2092 est.
3550 2036 3696 2092 Utile

2105 2132 2255 2187 enim
2299 2141 2635 2201 praeceptum
2684 2116 2703 2184 Ξ
2746 2149 2764 2182 ε
2793 2130 3129 2186 Scrutamini
3172 2129 3508 2200 Scripturas.
3540 2127 3691 2179 “'9’:

2109 2226 2215 2289 Me,
2250 2232 2440 2295 utpote
2461 2225 2573 2295 jam
2598 2223 2973 2295 defatigatam,
2995 2238 3066 2278 ne
3096 2238 3288 2284 onera,
3327 2236 3451 2291 quae
3479 2236 3579 2289 pro
3613 2220 3699 2273 his

2109 2316 2219 2369 Deo
2250 2312 2554 2383 rependere
2582 2312 2807 2367 laudum
2856 2312 3246 2383 gratiaS'volo.
3281 2311 3471 2366 Solum
3507 2308 3696 2362 Trini-

2111 2417 2277 2462 tatem
2308 2404 2559 2460 venerari
2594 2405 2730 2471 seio,
2755 2404 2995 2468 Patrem,
3022 2413 3359 2459 ceteternum
3391 2402 3611 2461 Filium,
3642 2410 3701 2454 et

2108 2499 2356 2553 divinum
2391 2496 2696 2567 Spiritum';
2743 2506 2855 2551 tres
2903 2497 3224 2568 hypostases
3274 2493 3538 2565 glorificO,
3589 2503 3700 2548 tres

2111 2604 2378 2659 personas
2410 2605 2425 2653 ;
2465 2589 2696 2643 omnino
2722 2599 2907 2642 autem
2962 2603 3126 2642 unam
3180 2586 3496 2645 essentiam,
3535 2600 3698 2639 unam

2112 2682 2435 2752 potentiam.
2471 2690 2528 2735 et
2560 2696 2724 2735 unam
2782 2690 3063 2744 naturam,
3096 2680 3457 2740 individuam,
3502 2679 3697 2732 incon-

2116 2774 2337 2839 fusam,
2371 2783 2427 2828 et
2481 2773 3020 2843 incomprehensam,
3074 2775 3321 2830 omnium
3373 2788 3555 2829 rerum
3618 2772 3703 2827 in-

2113 2868 2468 2939 spectricem,
2507 2868 2894 2923 universorum
2927 2868 3379 2937 procreatricem,
3428 2867 3699 2921 bonorum

2110 2973 2410 3025 amantem,
2434 2964 2609 3032 ipsam
2634 2961 2967 3027 bonitatem,
2999 2964 3245 3018 omnium
3270 2962 3543 3017 bonorum
3565 2975 3699 3016 cau-

2109 3070 2248 3119 sam,
2272 3070 2395 3125 qua:
2415 3055 2600 3109 omnia
2633 3054 2902 3117 condidit,
2927 3055 3222 3125 gubernat,
3247 3054 3508 3119 sustinet,
3534 3066 3703 3123 quam

2110 3147 2371 3218 praadico,
2405 3146 2599 3212 adoro,
2636 3146 2785 3212 colo,
2818 3145 3093 3217 gluritico.

493 3419 1068 3502 (alEloquentissime
1116 3438 1404 3493 sregortus
1434 3425 1542 3495 (est
1564 3426 1720 3502 enim
1745 3438 1943 3502 orator
1988 3440 2240 3502 tnagnus;
2281 3426 2553 3502 adversus
2581 3430 3051 3502 resurrectionem
3087 3432 3200 3502 agit
3240 3431 3293 3485 in
3323 3447 3391 3487 eo
3433 3432 3678 3501 dialogo,

420 3488 515 3572 cui
546 3488 786 3572 Materina
814 3492 966 3572 virgo
994 3502 1048 3546 et
1080 3488 1258 3572 soror,
1294 3488 1461 3572 quam
1499 3505 1558 3550 ut
1583 3499 1900 3572 magistram
1933 3488 2262 3561 introducit,
2294 3499 2616 3572 doctissime
2663 3501 2935 3572 occurrit,
2971 3488 3374 3572 veritatemque
3401 3488 3680 3572 capios‘is;

424 3561 579 3641 sime
601 3562 879 3641 explanat.
911 3561 1598 3641 Caeterttm‘quia_Nyss_eni
1631 3561 1804 3622 codex
1838 3570 1890 3621 in
1937 3580 2193 3635 promptu
2222 3578 2328 3641 est,
2360 3578 2439 3623 tot
2472 3571 2700 3641 paginas
2729 3584 2796 3623 ea
2836 3568 3207 3641 disputatione
3229 3561 3297 3627 ad
3329 3561 3583 3637 verbum,
3613 3580 3670 3627 et

425 3639 488 3713 p‘t
510 3629 908 3713 ibicpntinens
938 3634 1155 3713 visitur,
1190 3629 1551 3713 describenda
1575 3629 2144 3713 consumere,'operir
2175 3629 2410 3705 pretium
2453 3629 2572 3713 ιῖψῖ
2598 3642 2839 3713 videtur.
2868 3629 2943 3713 Si'i
2964 3642 3184 3713 legeris,
3215 3658 3321 3696 non
3363 3629 3674 3713 pmnitebit.

425 3699 559 3782 Quae
594 3700 760 3782 igitur
783 3702 932 3757 hisce
961 3703 1256 3782 blaerinejs
1280 3706 1529 3759 recitatis
1557 3708 1701 3777 apud
1730 3699 2042 3778 Philippum
2067 3699 2399 3777 sequuntur,
2425 3711 2738 3782 quibusque
2770 3708 2912 3765 liber
2935 3699 3329 3769 hicvsecu'udus
3356 3699 3682 3777 absolvitur,

425 3767 822 3828 Latina'facere
848 3775 1147 3845 pergimus.
1187 3775 1491 3831 PONTANUS.

435 3968 3642 4005 ._________________________________________________

1239 4185 1811 4281 DIOPTRZE
1889 4190 2161 4281 LIBE
2186 4195 2248 4281 R
2321 4191 2468 4281 TE
2493 4193 2679 4282 RTI
2708 4194 2881 4283 US.

1065 4578 1292 4636 CAPUT
1334 4580 1376 4635 l.

431 4671 658 4728 Mentem
704 4674 839 4729 citra
884 4692 1071 4746 corpus
1123 4676 1295 4730 multa
1335 4692 1615 4747 perperam
1650 4677 2014 4747 committere:

498 4746 732 4817 corporis
779 4761 897 4799 cum
943 4750 1126 4801 anima
1177 4747 1295 4800 sola
1343 4746 1536 4817 absque
1586 4756 1759 4799 mente
1805 4746 2015 4803 nullam

496 4829 607 4885 esse
661 4815 999 4884 functionem.
1035 4818 1287 4872 Animam
1317 4815 1525 4885 justam
1556 4831 1620 4869 ea:
1639 4817 1750 4874 hac?
1776 4820 2015 4872 custodia

497 4883 760 4947 eductam,
798 4887 1092 4941 simulcum
1130 4883 1331 4952 angelis
1365 4887 1676 4941 rollaudare
1706 4887 2011 4953 Dominum,

501 4970 681 5028 rerum
705 4956 865 5025 hujus
902 4961 1020 5013 vita:
1046 4959 1409 5028 immemorem
1433 4974 1451 5011 :
1483 4957 1824 5028 peccatricem
1852 4961 1907 5014 in
1932 4961 2014 5014 in-

501 5024 650 5092 ferno
678 5024 894 5080 suorum
929 5024 1497 5083 scelerumreminiscil

504 5132 700 5188 Amm.
728 5134 789 5188 In
840 5134 1084 5191 secunda
1108 5133 1478 5205 disputatione
1522 5153 1688 5209 supra
1729 5138 2013 5197 aﬂtrmasti

429 5223 667 5279 animam
703 5227 821 5282 sine
851 5227 1204 5288 tabernaculo
1237 5244 1358 5296 suo,
1391 5229 1496 5286 hoc
1518 5240 1601 5286 est
1639 5247 1890 5301 corpore,
1920 5233 2010 5287 ni-

430 5313 506 5367 hil
545 5330 724 5385 neque
754 5317 1055 5381 mediocre,
1115 5334 1296 5390 neque
1335 5337 1616 5393 magnum,
1667 5326 1723 5380 in
1773 5341 2009 5393 summa,

430 5406 567 5459 nihil
606 5411 912 5479 proprium,
936 5410 1077 5467 nihil
1115 5427 1404 5469 commune
1437 5428 1533 5471 aut
1562 5418 1802 5473 medium
1827 5434 2008 5489 agere.

429 5494 574 5550 Nunt
621 5496 787 5566 igitur
814 5498 1041 5568 perinde
1086 5517 1145 5557 se
1193 5518 1367 5567 mens,
1402 5514 1462 5559 ut
1495 5506 1696 5569 anima,
1745 5507 1928 5575 habet,
1958 5519 2014 5564 ct

435 5587 552 5656 ipsa
594 5605 816 5659 quoque
837 5591 974 5647 citra
1009 5607 1209 5665 corpus
1238 5612 1398 5666 agere
1425 5597 1562 5652 nihil
1587 5600 1801 5668 potest?

505 5678 669 5736 Cum.
699 5684 849 5738 Mens
879 5686 997 5741 sine
1028 5690 1276 5758 corporis
1307 5706 1410 5758 ope
1435 5692 1604 5746 multa
1636 5707 2014 5760 Saepenumero

436 5771 566 5839 38H.
606 5790 793 5833 eorum
825 5782 1024 5848 partim
1055 5799 1176 5838 cum
1213 5783 1446 5847 virtute,
1485 5783 1683 5851 partim
1721 5800 1843 5839 tum
1879 5785 2014 5839 vitio

2040 4587 2085 4645 (ι
2117 4584 2410 4654 conjuncta
2438 4592 2587 4640 sunt.
2632 4585 2846 4659 Corpus
2887 4603 2987 4660 per
3017 4605 3100 4659 se,
3130 4593 3239 4651 nisi
3267 4611 3297 4651 a
3334 4604 3517 4652 mente
3542 4597 3705 4668 adju-

2117 4683 2300 4742 vetur,
2332 4676 2471 4731 nihil
2493 4679 2740 4747 omnino,
2770 4682 3023 4753 quamvis
3050 4687 3371 4755 parvissimi
3405 4687 3693 4752 momenti,

2118 4768 2301 4825 facere
2324 4777 2531 4840 potest.

2186 4861 2381 4916 Amm.
2415 4862 2471 4917 ld
2504 4878 2637 4919 vero
2670 4880 2912 4937 quonam
2947 4877 3127 4941 pacto,
3157 4881 3214 4927 et
3263 4868 3406 4924 unde
3445 4868 3559 4932 ﬁat,
3612 4867 3698 4923 vi-

2115 4957 2249 5012 dere
2279 4970 2514 5027 nequeo.

2184 5046 2350 5105 Cano.
2376 5048 2505 5103 Mihi
2526 5049 2595 5104 da
2612 5065 2858 5121 operam,
2882 5060 2941 5107 et
2961 5050 3195 5106 videbis.
3215 5048 3536 5119 Culparum,
3555 5052 3702 5109 deli-

2114 5147 2441 5211 ctorumque
2468 5149 2807 5205 nostrorum,
2832 5155 2953 5211 qua:
2976 5150 3166 5195 noctes
3191 5148 3248 5194 et
3271 5139 3391 5197 dies
3407 5143 3705 5199 conscisci-

2120 5247 2263 5296 mus,
2297 5231 2545 5301 quaedam
2564 5232 2770 5299 verbis,
2810 5232 3057 5304 quaedam
3080 5230 3415 5297 actionibus,
3450 5235 3703 5303 quaedam

2122 5321 2553 5392 cegitationibus
2575 5323 2692 5394 (qui
2721 5333 2851 5379 sunt
2876 5322 3165 5377 intrinseei
3185 5328 3493 5392 sermones)
3519 5327 3703 5382 conti-

2123 5422 2343 5470 nentur.
2370 5414 2578 5470 Horum
2610 5417 2777 5472 trium
2811 5430 3080 5487 generum
3130 5414 3463 5472 divisionem
3511 5434 3705 5477 rursus

2123 5504 2331 5574 accipe.
2360 5504 2493 5571 Quae
2521 5519 2688 5575 opere
2717 5513 2773 5560 et
2793 5502 2978 5559 verbis
3007 5513 3327 5573 peccantur,
3358 5504 3414 5560 in
3436 5504 3522 5563 his
3547 5519 3706 5566 mens

2124 5598 2279 5652 carni
2304 5599 2512 5653 sociam
2564 5613 2684 5654 sese
2708 5597 2935 5667 prabet.
2967 5596 3097 5663 Quae
3123 5597 3480 5670 cogitatione,
3510 5613 3703 5654 eorum

2123 5693 2373 5761 contagia
2396 5692 2463 5746 ad
2493 5707 2656 5746 unam
2683 5699 2739 5746 et
2770 5690 2938 5745 solam
2968 5691 3207 5747 animam
3239 5692 3535 5760 pertinent.

2193 5792 2386 5841 Astus.
2415 5786 2490 5843 De
2522 5785 2701 5840 anima
2735 5799 2901 5855 porro
2931 5785 3063 5855 quid
3099 5786 3222 5843 ais?
3249 5802 3381 5841 num
3413 5784 3457 5841 si
3488 5798 3551 5840 ex
3593 5782 3703 5840 hoc
