4036 6420
398 400 505 467 79⁷1

1864 410 2218 471 ΒιΟΡΗὶΛ.

398 513 682 569 domicilio
713 512 983 581 discedat,
1008 515 1127 571 sine
1189 516 1560 574 instrumento
1614 532 1673 575 ct
1723 524 1990 577 ineinbris
2018 533 2066 590 Α
2099 526 2459 594 pertransibit
2511 527 2565 582 in
2611 527 2725 591 illo,
2783 536 2977 584 etnon
3029 530 3313 595 subsistet,
3365 542 3421 586 et
3452 548 3557 587 non
3582 549 3678 587 co-

401 606 736 661 [unctionem
790 608 1103 676 quampiam
1136 608 1291 664 obire
1332 612 1513 666 valet?
1555 610 1694 667 Num
1738 626 1988 683 separata

402 707 461 752 et
494 695 608 750 sola
640 696 925 766 quidpiam
961 713 1122 768 agere
1148 700 1360 768 potest?

460 787 625 843 Cano.
659 786 857 842 Anima
887 789 1103 844 carneis
1135 791 1379 846 exsoluta
1410 792 1671 856 vinculis,
1702 805 1758 849 et
1790 794 1857 848 ad
1883 794 1987 849 Do-

401 879 611 933 minum
660 893 821 933 suum
851 894 1068 949 egressa
1114 881 1234 936 sine
1291 882 1403 937 ullo
1459 883 1570 937 line
1607 900 1729 939 cum
1778 885 1988 955 angelis

404 969 688 1041 tripudiat,
746 969 1071 1040 divitiasque
1129 973 1321 1028 laudes
1364 974 1706 1042 modulatur,
1749 976 1982 1032 vocibus

402 1077 512 1117 non
545 1078 665 1131 quae
688 1062 836 1117 foras
866 1063 1246 1134 proferuntur,
1295 1065 1390 1120 sed
1423 1066 1572 1121 intus
1609 1076 1819 1122 tantum
1848 1083 1984 1122 con-

401 1154 686 1225 cipiuntur
732 1173 747 1209 :
787 1155 967 1225 quoad
992 1156 1184 1228 judicii
1225 1157 1345 1212 dies
1393 1157 1700 1214 advenerit.
1745 1159 1979 1223 Anima',

402 1247 649 1315 inquam,
701 1263 822 1317 qua:
883 1246 1047 1301 vitam
1102 1247 1242 1302 hanc
1290 1249 1615 1306 innocenter
1670 1250 1841 1321 degit,
1875 1251 1984 1305 ista

403 1336 642 1391 beatitas
671 1337 965 1408 contingit.
1000 1336 1130 1403 Quae
1165 1353 1225 1393 se
1253 1337 1512 1394 vitiorum
1550 1339 1806 1394 sordibus
1849 1355 1983 1394 con-

407 1426 659 1488 taminat,
688 1434 742 1479 et
768 1425 968 1479 rationi
1014 1427 1310 1482 reddenda:
1330 1436 1415 1482 est
1445 1428 1700 1493 obnoxia,
1731 1428 1851 1498 ejus
1876 1428 1983 1481 alia

313 1546 319 1551 ~
402 1526 488 1572 est
515 1518 785 1583 conditio,
820 1534 943 1588 quae
991 1528 1047 1573 et
1071 1519 1319 1575 locorum
1368 1528 1425 1575 et
1467 1535 1829 1591 personarum
1862 1535 1983 1575 me-

406 1610 591 1676 minit,
645 1612 698 1666 in
732 1612 954 1683 quibus,
990 1622 1045 1666 et
1079 1628 1204 1667 cum
1255 1613 1456 1682 quibus
1506 1611 1739 1683 alicujus
1780 1611 1986 1668 nefarie

407 1704 684 1758 commissi
712 1703 1049 1759 conscientia
1076 1713 1319 1773 urgetur.
1364 1703 1557 1760 Omnia
1587 1715 1828 1776 reputat,
1860 1720 1983 1760 om-

408 1795 561 1850 nium
587 1797 799 1867 species
830 1813 1013 1853 secum
1046 1799 1211 1871 gerit,
1247 1807 1304 1853 et
1330 1813 1525 1853 eorum
1557 1798 1826 1853 imbibere
1884 1798 1985 1852 ob-

2092 633 2123 684 g
2149 625 2316 669 vosect
2343 616 2576 683 amplius
2602 618 2782 671 locum
2812 634 2972 672 suum
2999 621 3061 674 ³⁷.
3112 640 3131 671 ι
3164 622 3296 687 Qua:
3320 623 3566 692 subjecta
3594 631 3677 678 cst

2094 708 2181 761 his
2209 709 2501 770 sententia,
2545 709 2828 778 eloquere,
2859 721 2917 763 ct
2943 710 3078 765 doce
3105 727 3209 766 me.

2163 796 2329 853 Cano.
2401 798 2743 854 Exteriorem
2774 800 3080 866 hominem,
3136 803 3366 872 ejusque
3444 803 3681 872 gloriam

2092 888 2293 941 llusam
2347 899 2407 943 ct
2457 889 2722 944 caducam
2767 905 2892 945 eum
2944 891 3073 945 l‘eno
3121 908 3150 946 a
3183 892 3386 947 Davide
3436 893 3679 948 conferri

2092 986 2307 1030 certum
2363 985 2467 1030 est.
2524 977 2593 1032 Ut
2616 977 2720 1031 llos
2770 977 2904 1045 feni,
2955 980 3130 1047 gloria
3181 992 3236 1034 et
3280 984 3452 1037 decus
3483 998 3675 1036 rerum

2091 1059 2343 1126 istarum,
2389 1063 2456 1116 ad
2484 1063 2651 1118 breve
2707 1075 2925 1135 tempus
2969 1067 3310 1133 durantium,
3346 1071 3546 1139 inquit.
3607 1071 3678 1126 Et

2093 1157 2475 1224 unusquisque
2500 1155 2666 1209 homo
2699 1156 2873 1211 instar
2892 1159 3041 1213 ﬂoris
3067 1160 3379 1224 elllorcscit,
3407 1162 3678 1231 facileque

2093 1244 2405 1299 dell-wrcscit
2462 1261 2528 1300 ac
2599 1249 2914 1311 marcescit,
2965 1260 3021 1303 et
3057 1249 3277 1304 fervore
3310 1252 3439 1305 solis
3480 1252 3677 1305 iterum

2089 1336 2379 1400 exarescit,
2416 1336 2705 1402 etdelluit,
2737 1348 2794 1393 et
2828 1339 3058 1405 decidit,
3092 1357 3427 1411 rursumque
3474 1341 3529 1395 in
3566 1351 3678 1396 ter-

2091 1444 2205 1482 ram
2234 1428 2397 1484 redit.
2437 1430 2652 1500 Corpus
2697 1432 2909 1497 fenum,
2943 1433 3184 1488 animam
3238 1449 3370 1488 vero
3417 1434 3675 1502 Spiritum

2095 1517 2456 1586 nuncupavit.
2498 1517 2554 1574 Si
2584 1519 2640 1573 in
2672 1535 2859 1589 carne,
2894 1536 2989 1575 seu
3024 1537 3254 1592 corpore
3280 1523 3445 1576 luerit
3470 1539 3672 1585 amma,

2092 1618 2243 1663 motu
2293 1610 2532 1679 agitatur
2567 1626 2790 1681 corpus,
2824 1628 3000 1682 eaque
3051 1614 3316 1677 motione,
3373 1630 3497 1682 quae
3554 1614 3681 1683 ejus

2092 1709 2305 1755 natura:
2343 1712 2713 1757 consentanea
2741 1712 2894 1768 sunt,
2957 1706 3301 1773 exsequitur.
3329 1706 3384 1759 Si
3416 1706 3507 1760 illa
3549 1704 3681 1761 inde

2086 1791 2292 1853 evolet,
2330 1808 2531 1863 corpus
2572 1794 2784 1848 nullum
2819 1804 2925 1860 est,
2957 1794 3185 1864 perinde
3232 1808 3290 1849 ut
3323 1796 3366 1850 si
3398 1811 3679 1865 nunquam

409 1887 670 1942 livionem
725 1888 1045 1959 neutiquam
1072 1897 1253 1961 potest
1291 1907 1305 1943 :
1335 1889 1431 1943 sed
1476 1898 1724 1943 actorum
1762 1902 1990 1943 suorum
2024 1882 2064 1938 Β
2095 1882 2342 1948 vixisset,
2369 1884 2545 1938 necin
2567 1884 2676 1938 vita
2711 1885 2812 1938 ista
2846 1883 3127 1940 ﬂoruisset
3156 1904 3169 1939 :
3201 1901 3303 1939 nec
3329 1886 3437 1940 dici
3465 1895 3666 1955 potest,

411 1978 758 2035 indelebilem
777 1981 1097 2036 memoriam
1118 1981 1339 2045 retinet,
1368 1980 1610 2050 indeque
1632 1979 1915 2050 amigitur,
1940 1986 1996 2034 et

410 2069 787 2136 cruciatur,et
811 2086 1025 2141 poenam
1049 2073 1304 2138 sustinet,
1331 2087 1497 2143 quam
1521 2072 1701 2128 verbis
1717 2088 1878 2127 nemo
1902 2087 1997 2126 ex-

409 2163 726 2233 plicaverit,
755 2179 878 2233 qua:
908 2165 1149 2233 plurium
1175 2166 1650 2235 illustriorumquc
1685 2164 1753 2220 de
1781 2165 1989 2220 sanctis

408 2255 664 2311 Patri!:us
681 2255 932 2310 doctrina
952 2266 1037 2311 est
1066 2261 1104 2311 ‘.

480 2344 537 2399 Si
566 2345 733 2416 igitur
750 2346 819 2400 ob
841 2347 1343 2416 cogitationessuas
1356 2355 1668 2418 torquetur,
1689 2358 1751 2401 ut
1768 2347 1995 2405 Litteris

414 2435 588 2490 sacris
630 2434 910 2505 proditum
957 2445 1064 2501 est,
1117 2438 1305 2508 utique
1347 2439 1672 2494 memoriam
1722 2440 1911 2502 habet,
1942 2448 1999 2494 et

2092 1975 2382 2043 eujusnam
2415 1974 2602 2035 fuerit.
2625 1991 2727 2030 nec
2759 1974 2908 2029 istud
2941 1974 3107 2041 illius,
3139 1976 3270 2031 illud
3300 1977 3465 2047 hujus
3500 1978 3677 2031 nomi-

2091 2064 2237 2119 nari.
2293 2063 2440 2119 Nihil
2476 2080 2506 2118 a
2554 2065 2806 2129 ﬂoribus,
2855 2066 2990 2120 nihil
3025 2084 3054 2119 a
3107 2066 3275 2132 foliis,
3327 2067 3464 2120 nihil
3495 2082 3523 2121 a
3554 2068 3680 2121 leno

2091 2154 2421 2210 dilfcrimus.
2473 2155 2651 2210 Verno
2684 2164 2934 2226 tempore
2972 2156 3101 2210 folia
3149 2159 3350 2223 virent,
3404 2167 3675 2211 autumno

2090 2247 2375 2311 decidunt,
2431 2246 2777 2317 dispereunt.
2818 2246 2935 2303 Hoc
2969 2264 3094 2304 eum
3161 2249 3280 2314 alii,
3338 2258 3453 2304 tum
3510 2248 3683 2320 Chry-

2093 2347 2399 2394 εοειοιιιιιε.

2163 2433 2361 2486 Amm.
2384 2431 2524 2497 Quid
2561 2447 2665 2501 ego
2704 2431 2773 2488 de
2804 2432 2988 2487 anima
3014 2433 3113 2489 abs
3147 2444 3200 2489 te
3230 2434 3434 2489 audio?
3459 2435 3603 2490 Bona
3628 2445 3686 2491 ct

411 2527 598 2596 aliquo
642 2528 828 2590 modo,
866 2539 921 2583 et
942 2528 1198 2584 alicunde
1237 2530 1469 2600 patitur.
1518 2530 1576 2585 Si
1626 2532 1931 2587 secundum
1963 2547 1995 2586 ει
2086 2523 2256 2593 justa,
2301 2539 2538 2593 corpore
2568 2534 2847 2599 exempta,
2893 2526 3164 2580 malorum
3196 2537 3251 2581 ct
3288 2543 3318 2581 a
3347 2543 3406 2582 se
3444 2542 3568 2580 eum
3604 2528 3688 2581 vi-

412 2634 543 2674 vero
575 2620 764 2684 distat,
798 2623 966 2675 etiam
999 2621 1261 2691 primum.
1298 2621 1526 2690 Contra,
1560 2623 1607 2679 si
1644 2624 1824 2694 primo
1852 2625 1996 2679 ineat

418 2709 642 2773 veritas,
678 2708 826 2763 inest
854 2710 985 2765 item
1018 2711 1286 2766 secundo.

489 2797 679 2851 Astus.
709 2796 852 2864 Quid
884 2798 1052 2867 igitur
1075 2800 1245 2854 David
1287 2816 1448 2857 secus
1469 2801 1706 2856 scribit?
1755 2820 1774 2852 ι
1812 2803 1870 2856 lu
1904 2802 1997 2856 illo

424 2888 532 2952 die,
599 2891 790 2960 inquit.
877 2892 1138 2962 peribunt
1209 2911 1403 2950 omnes
1473 2896 1838 2966 cogitationes
1905 2911 2001 2949 eo-

421 2982 697 3047 ruoi'-“,i
719 2999 829 3053 quo
851 2985 1357 3056 videlicet‘spiritus
1382 3002 1413 3042 a
1440 3003 1602 3043 carne
1628 2988 1997 3056 scparabilur.

484 3072 782 3129 Cano.Non
801 3074 877 3129 ait
899 3077 1260 3146 cogitationes
1274 3078 1533 3151 ψυχικὰς,
1559 3078 1665 3134 hoc
1698 3091 1782 3134 est
1804 3079 2000 3134 anima:

417 3165 691 3234 proprias.
726 3181 850 3222 esse
880 3169 1181 3236 perituras,
1227 3170 1324 3225 sed
1373 3185 1536 3226 curas
1563 3179 1618 3225 et
1670 3170 1999 3226 sollicitudi-

2090 2611 2166 2666 tio
2199 2625 2479 2682 gestorum
2510 2628 2620 2666 non
2661 2613 2912 2667 meminit
2947 2630 2960 2666 :
2995 2615 3092 2667 scd
3146 2615 3293 2670 inter
3320 2615 3545 2685 angelos
3576 2616 3685 2671 Do-

2093 2703 2303 2756 minum
2334 2702 2596 2757 laudibus
2623 2703 2890 2772 prmdicat

2162 2796 2261 2850 Ast
2291 2811 2415 2863 qua:
2441 2794 2684 2864 peccatis
2709 2795 2956 2851 involuta
2991 2797 3124 2852 hinc
3148 2800 3470 2864 excesserit,
3506 2802 3595 2856 illa
3627 2808 3685 2856 et

2096 2888 2370 2941 malorum
2408 2901 2661 2952 suorum,
2691 2899 2747 2942 et
2776 2887 3050 2954 locorum,
3087 2899 3145 2944 et
3179 2906 3540 2960 personarum
3571 2910 3687 2950 me-

2094 2976 2277 3042 minit,
2322 2986 2380 3031 et
2420 2977 2670 3046 improbe
2727 2978 3000 3034 factorum
3052 2997 3276 3037 suorum
3337 2985 3681 3042 recordatur.

2094 3069 2250 3135 Quod
2283 3068 2327 3123 si
2363 3068 2511 3139 justa
2539 3080 2594 3125 et
2627 3086 2863 3139 nequam
2901 3073 3083 3127 anima
3119 3075 3446 3130 substantiae
3473 3078 3682 3132 intelli-

2104 3172 2296 3232 gentcs
2331 3170 2481 3227 sunt,
2512 3162 2795 3231 ambchue
2826 3164 3020 3217 iisdem
3058 3174 3266 3219 natura:
3305 3165 3511 3221 divitiis
3544 3183 3687 3236 pra:-

414 3267 518 3307 nes
542 3254 705 3323 hujus
724 3255 869 3321 vitae,
897 3270 995 3311 seu
1025 3272 1163 3325 quas
1187 3257 1301 3311 haec
1329 3258 1438 3313 vita
1466 3273 1665 3328 parere
1686 3258 1994 3324 consuevit,
2028 3229 2074 3290 θ
2107 3254 2254 3317 ditas,
2296 3253 2350 3307 in
2383 3266 2614 3323 utraque
2657 3254 2920 3309 similiter
2954 3258 3204 3310 eamdem
3241 3259 3558 3312 memoriam
3596 3274 3684 3313 re-

416 3343 487 3399 dc
515 3346 781 3408 externis.
809 3347 876 3400 de
907 3347 1247 3409 domesticis,
1284 3348 1353 3403 de
1384 3351 1649 3419 cognatis,
1682 3352 1747 3404 de
1783 3350 1996 3416 liberis,

417 3436 489 3490 de
520 3438 664 3501 aliis,
688 3453 810 3507 quae
840 3440 999 3510 longe
1033 3440 1271 3511 plurima
1304 3441 1360 3495 in
1386 3442 1553 3496 rebus
1593 3441 1846 3496 humanis
1876 3457 2002 3495 ver-

417 3536 633 3593 santur,
655 3530 724 3581 de
754 3529 1110 3598 plantatione,
1138 3529 1206 3584 de
1231 3529 1647 3600 agricolatione,
1669 3528 1737 3584 de
1760 3530 2000 3584 aediﬁca-

418 3616 589 3684 tione,
618 3618 686 3671 dc
718 3620 941 3675 vestitu.
964 3620 1167 3676 Horum
1197 3621 1400 3680 anima.
1425 3636 1550 3675 cum
1579 3637 1645 3676 ex
1678 3621 1783 3675 hoc
1817 3621 2002 3675 taber-

417 3710 619 3765 naculo
674 3712 985 3777 recesserit,
1046 3714 1205 3781 plane
1270 3712 1477 3767 nullius
1538 3712 1986 3768 recordationem

417 3800 675 3854 habitura
704 3811 809 3857 est.
839 3802 969 3868 Quae
996 3813 1181 3858 autem
1218 3819 1342 3858 cum
1380 3814 1603 3873 peccato
1636 3814 1693 3860 et
1723 3805 1993 3874 improbi-

421 3897 556 3955 tate,
576 3891 920 3960 voluptatum
946 3892 1222 3947 illecebris
1247 3893 1457 3947 irretita
1477 3893 1767 3960 factitavit,
1794 3894 1995 3947 horum

419 3994 670 4049 prorsus,
703 3989 760 4037 et
807 3983 1186 4038 tantummodo
1241 3993 1375 4039 tunc
1424 4001 1636 4040 memor
1682 3994 1885 4040 manet.
1922 3987 1998 4041 De

419 4070 511 4125 his
535 4072 963 4142 cogitationibus
992 4074 1131 4130 scito
1157 4076 1418 4130 Davidem
1448 4077 1623 4146 loqui.

490 4165 683 4219 Amm.
712 4166 1017 4221 Assentior.
1044 4167 1163 4223 Jam
1197 4168 1303 4222 hoc
1331 4183 1550 4237 quoque
1581 4170 1853 4239 superiori
1882 4187 1991 4225 non

422 4256 708 4321 dissimile,
763 4267 1003 4328 etreque
1035 4273 1102 4313 ex
1154 4259 1385 4315 Psalmis
1436 4261 1822 4331 depromptum
1866 4261 2000 4317 mihi

426 4348 690 4418 explanes
735 4348 901 4402 velim
945 4367 959 4405 :
996 4368 1014 4401 ι
1051 4350 1251 4417 llomo,
1290 4352 1433 4407 sicut
1463 4351 1651 4406 fenum
1707 4354 1826 4409 dies
1861 4357 2005 4427 ejus,

428 4444 687 4508 tanquam
718 4438 818 4494 ﬂos
853 4440 998 4511 agri,
1032 4441 1111 4496 sic
1132 4441 1426 4498 eﬂlorebit.
1461 4442 1732 4510 Quoniam
1777 4447 2008 4516 spiritus

514 4560 607 4593 ιιι*
636 4559 779 4617 Psal.
807 4575 961 4626 chv,
988 4561 1042 4616 4.
1123 4563 1164 4593 ιτ
1187 4562 1330 4619 Psal.
1354 4579 1449 4627 cu.
1475 4564 1668 4632 14,15.

2099 3346 2268 3416 periri
2322 3348 2634 3417 oportebat.
2692 3348 2870 3412 Nunc,
2924 3360 2982 3403 ut
3039 3360 3094 3403 tu
3152 3351 3373 3418 quidem
3424 3353 3683 3413 allirmas,

2099 3442 2282 3497 anima
2312 3442 2561 3511 improba
2600 3452 2810 3496 tantum
2844 3457 3071 3496 suormn
3114 3442 3382 3496 scelerum
3414 3442 3682 3497 meminit.

2100 3533 2264 3602 Atqui
2313 3547 2659 3602 consequens
2710 3541 2850 3597 erat,
2900 3533 3103 3589 bonam
3155 3551 3374 3605 quoque
3421 3536 3684 3590 malorum

2103 3624 2367 3678 memoria
2398 3626 2565 3694 tangi.

2172 3717 2329 3773 CARO.
2368 3717 2777 3773 Dubitationem
2826 3728 2975 3775 tuam
3008 3720 3133 3775 vide
3176 3720 3453 3790 quomodo
3480 3720 3687 3774 solvam

2104 3809 2227 3863 tibi.
2276 3809 2417 3864 Pura
2469 3809 2625 3880 puris
2666 3809 2878 3881 angelis
2930 3813 3265 3876 consociata,
3314 3812 3476 3867 sicuti
3520 3826 3685 3880 supra

2108 3900 2475 3962 ostendimus,
2525 3909 2582 3955 et
2621 3900 2765 3956 bona
2812 3903 2903 3956 illa
2944 3901 3231 3972 splendida
3283 3903 3685 3972 contemplans.

2105 3991 2260 4046 illam
2298 3992 2499 4055 lucem,
2533 3992 2682 4048 illius
2724 3994 3020 4063 voluptatis
3060 3994 3407 4063 elogantiam,
3444 4003 3501 4050 et
3543 3994 3687 4049 divi-

2100 4084 2353 4149 nitatem,
2386 4084 2479 4138 illa
2519 4086 2841 4141 dulcissima
2873 4086 3119 4141 carmina
3152 4086 3350 4139 festum
3398 4086 3689 4141 celebran-

2100 4177 2261 4231 tium.
2311 4177 2570 4241 exsultat,
2616 4177 2942 4244 delectatur,
2995 4189 3052 4233 et
3104 4178 3306 4250 gaudio
3362 4178 3685 4248 triumphat.

2100 4268 2219 4322 Alia
2267 4284 2334 4323 ex
2378 4270 2483 4324 alia
2534 4272 2792 4341 voluptas
2840 4271 3104 4343 gignitur,
3160 4279 3218 4326 et
3256 4286 3449 4326 omnes
3491 4269 3690 4324 divina:

2101 4369 2264 4426 sunt;
2300 4375 2363 4415 ac
2400 4362 2759 4418 molestorum
2787 4364 3011 4435 quidem
3062 4364 3443 4418 universorum
3489 4361 3690 4417 oblivi-

2104 4451 2281 4507 scitur
2314 4453 2426 4524 (lt)
2464 4471 2478 4507 :
2524 4456 2838 4511 animarum
2884 4467 3067 4513 autem
3098 4458 3152 4511 in
3184 4457 3289 4512 hac
3314 4456 3445 4519 vita,
3483 4454 3685 4525 quibus

1693 4684 1911 4745 Jacobi
1946 4686 2229 4750 Gretseri
2268 4698 2461 4752 notua.

502 4805 619 4879 (ll)
648 4804 955 4879 commodo
983 4820 1147 4861 sensu
1180 4806 1563 4879 accipiendum
1596 4817 1682 4863 est
1710 4809 1856 4879 quod
1894 4809 1992 4871 ait,

428 4876 669 4930 animam
700 4876 914 4929 beatam
942 4877 1322 4930 immemorem
1361 4877 1476 4932 fore
1501 4895 1695 4933 eorum
1729 4876 1996 4933 malorum

427 4960 550 5018 qua;
574 4944 626 4998 in
654 4945 754 4999 hac
795 4947 908 4999 vita
931 4945 1120 5015 gessit.
1144 4946 1351 5000 Asserit
1377 4948 1501 5008 hoc,
1524 4950 1649 5018 quia
1671 4951 1852 5003 anima
1880 4951 2002 5004 talis

431 5015 701 5070 scelerum
744 5030 974 5070 suorum
1017 5031 1230 5070 memor
1273 5032 1381 5070 non
1416 5015 1684 5073 erit—cuin
1720 5019 1910 5074 dolore
1942 5031 2002 5075 ct

2101 4815 2355 4870 cruciatu
2392 4817 2537 4870 sicut
2574 4829 2849 4870 memores
2876 4822 3042 4868 erunt
3071 4813 3268 4867 anima:
3294 4813 3584 4866 damnatae.
3616 4811 3688 4867 Et

2104 4885 2249 4939 hanc
2271 4901 2394 4939 esse
2422 4900 2577 4938 suam
2604 4894 2864 4946 mentem,
2895 4883 3030 4938 satis
3053 4898 3317 4952 expresse
3341 4882 3548 4936 indicat
3572 4882 3690 4952 ipsa

2107 4954 2332 5025 Dioptra
2362 4956 2426 5010 ad
2455 4956 2620 5010 tinem
2651 4970 2776 5024 cap.
2802 4954 2825 5007 l
2859 4954 2986 5008 libri
3018 4969 3104 5007 ιιι.

1913 5131 2190 5195 Scholia.

498 5256 515 5272 '
547 5251 855 5327 Sciendum,
892 5270 1000 5327 nos;
1023 5271 1185 5327 usque
1231 5256 1301 5327 ad
1327 5249 1468 5311 nuda
1511 5257 1666 5312 verba
1713 5266 1760 5310 et
1798 5258 1997 5327 cogita-
2029 5257 2082 5315 D
2109 5266 2180 5315 et.
2216 5275 2234 5307 σ
2266 5256 2527 5327 Incumbit
2563 5256 2810 5327 cogitatio
2826 5253 3061 5327 [laminis
3093 5251 3376 5327 diligenter
3397 5248 3467 5303 ad
3492 5248 3691 5304 malum

430 5325 594 5394 tiones
623 5325 884 5377 rationem
906 5325 1227 5394 reddituros.
1257 5326 1326 5380 Et
1354 5342 1418 5380 ea:
1471 5328 1639 5382 verbis
1683 5325 1876 5381 nostris
1911 5328 2006 5394 jn~

427 5392 743 5465 stiﬁcamur,
777 5393 1312 5465 condemnamnrque,
1349 5406 1406 5448 ut
1447 5395 1703 5450 Phariae-1'
1736 5404 1785 5449 et
1822 5392 2006 5449 Publi-

429 5465 553 5517 cani
574 5462 832 5533 parabole
847 5465 1012 5535 docet.
1042 5462 1367 5527 (anﬁxvm,
1391 5466 1501 5529 10.)
1527 5466 2007 5535 Decogitationibus

431 5541 675 5605 porro_et
728 5534 960 5605 consiliis
997 5535 1121 5603 quid
1176 5535 1310 5589 Dens
1357 5553 1449 5605 per
1492 5534 1800 5605 prophetam
1859 5538 2003 5597 dicit,

430 5601 670 5656 ausculto
698 5618 717 5656 :
755 5621 773 5654 ι
807 5602 918 5672 Ego
943 5601 1120 5658 autem
1142 5601 1365 5673 cperant
1393 5617 1439 5658 et
1462 5601 1802 5672 cogitationes
1825 5624 2005 5659 eorum

429 5673 579 5725 uenio
604 5682 659 5743 ut
686 5688 1013 5743 congregem.
1048 5674 1176 5743 tlsa.
1213 5691 1350 5738 txvi,
1386 5678 1489 5741 l8.)
1527 5677 1591 5728 Et
1615 5675 1781 5729 David
1810 5692 1825 5729 :
1860 5676 2003 5729 Dixit

430 5742 571 5813 enim
602 5742 658 5795 in
682 5743 836 5796 corde
868 5742 985 5805 suo,
1020 5742 1133 5796 Non
1178 5748 1403 5812 requiret
1440 5745 1614 5813 (Psal.
1655 5761 1707 5800 χ.
1752 5747 1876 5811 1ῖ»);
1931 5757 1998 5807 et,

435 5809 801 5883 Unusquisque
824 5814 1013 5882 cogitat
1036 5815 1089 5867 in
1109 5809 1261 5869 corde
1281 5832 1375 5870 suo
1398 5810 1539 5870 mala
1559 5814 1997 5885 (Psal.:ixxwﬁg;

2108 5327 2173 5380 ab
2206 5326 2561 5380 adolescentia
2588 5323 2708 5379 sim.
2739 5344 2757 5375 ι
2788 5324 2939 5387 (Gen.
2963 5341 3083 5386 vnn,
3102 5323 3219 5385 21.)

2179 5400 2219 5419 ’·
2255 5397 2555 5462 Gregorius
2575 5396 2872 5465 Nysscnus.
2896 5393 3121 5465 Omnino
3142 5395 3334 5460 :Imjus
3353 5394 3473 5446 vita:
3488 5398 3692 5465 eventa,

2105 5477 2162 5538 ut
2187 5459 2411 5527 sanitas,
2439 5459 2655 5525 divitité,
2690 5465 2909 5525 deliciw,
2938 5464 3133 5538 gloria,
3178 5459 3490 5538 paupertas,
3515 5459 3690 5538 tribu-

2108 5535 2257 5599 lotio,
2287 5545 2333 5588 et
2359 5552 2681 5604 quaecunque
2718 5538 2905 5605 horum
2935 5531 3151 5596 Similia,
3180 5531 3310 5605 tunc
3338 5531 3406 5605 ab_
3426 5531 3550 5605 ipsis
3581 5545 3689 5605 rne-

2108 5597 2273 5658 moria
2306 5597 2407 5658 non
2441 5614 2539 5656 ten.
2558 5597 2768 5657 buntur.
2808 5604 2924 5657 Non
2955 5605 3094 5672 quod
3119 5604 3328 5678 animus
3356 5597 3543 5678 obliuio
3570 5599 3685 5678 vino

2109 5687 2192 5727 rat
2224 5685 2273 5728 ct-
2297 5697 2309 5723 ‹
2329 5689 2505 5743 crnpct
2543 5690 2559 5724 :
2582 5676 2672 5725 ml
2704 5676 2840 5741 quod
2869 5665 3095 5740 pru7sens
3126 5671 3271 5738 regni
3296 5668 3513 5743 caelestis
3539 5665 3686 5743 colu-

2113 5757 2229 5811 ptns
2278 5738 2452 5799 rerum
2491 5738 2725 5796 tristium
2771 5738 3181 5795 recordationem
3227 5738 3493 5795 excludat.
3524 5739 3684 5806 juxta

2109 5816 2281 5889 illud;
2318 5838 2333 5863 α
2373 5818 2429 5869 In
2473 5817 2551 5867 diu
2585 5816 2833 5868 binorum
2856 5813 3039 5866 obiicio
3063 5811 3345 5865 malorum.
3392 5828 3408 5858 ι

3564 422 3757 488 798.
