4036 6446
314 433 426 497 79‘)

1573 428 1673 488 PH
1688 429 1921 489 [LlPPI
1962 428 2357 489 SOLITARII

3487 430 3595 495 800

313 546 420 602 Dei
449 541 681 615 gratiam
712 539 987 610 implorat,
1016 535 1259 607 legitime
1295 538 1618 593 memoriam
1655 548 1908 609 usurpat.
1941 553 1986 609 Α
2089 541 2282 595 Anus.
2316 539 2471 596 Unde
2499 539 2603 594 hoc
2636 539 3046 609 noscam?quis
3074 540 3307 596 auctor?
3395 591 3405 600 .

319 638 392 691 At
421 650 552 690 vero
582 632 823 703 peccatis
868 627 1266 693 contaminata,
1301 629 1465 683 simul
1506 644 1710 699 corpus
1736 630 1907 684 relin-

316 727 462 796 quit,
488 724 650 779 simul
677 721 745 775 ad
776 720 1053 775 infernum
1079 718 1337 773 damnata
1368 719 1683 786 abducitur,
1707 730 1763 775 ct
1784 736 1909 776 cum

321 819 552 873 horrore
588 813 821 883 rapitur,
851 810 1060 865 ibidem
1089 810 1383 875 ultionem,
1417 809 1746 872 cruciatum,
1780 826 1914 881 eup-

322 909 546 978 plicium
589 906 818 975 reperit,
860 906 1232 961 calamitatem
1274 903 1726 973 inexspectatum,
1755 902 1906 957 dolo-

324 1018 437 1055 rem
468 998 1192 1070 imtnensum,~_tabescitque
1229 998 1485 1068 lacrymis
1508 1005 1564 1051 et
1593 997 1911 1065 gemitibus.

326 1092 466 1146 Tum
512 1092 741 1163 cogitat,
780 1090 1114 1153 considerat,
1142 1104 1330 1145 secum
1364 1088 1643 1158 disquirit,
1689 1090 1914 1157 quinam

326 1188 381 1239 in
411 1195 624 1239 tantam
655 1198 960 1239 zerumnam
982 1191 1040 1237 et
1080 1183 1135 1236 in
1167 1182 1288 1237 illas
1346 1181 1604 1237 tenebras
1636 1181 1916 1247 inciderit,

328 1278 589 1347 illicoque
617 1276 687 1330 ab
735 1290 794 1331 se
849 1284 971 1329 acta
1012 1280 1335 1335 occurrunt,
1399 1280 1457 1327 et
1526 1272 1803 1338 meminit,
1861 1279 1921 1327 et

322 1370 547 1425 conscia
577 1379 683 1434 est,
713 1378 769 1423 et
804 1367 920 1439 ipsa
952 1367 1290 1422 conscientia
1330 1374 1622 1436 torquetur

399 1462 725 1530 Exemplum
776 1461 853 1515 rei
893 1458 1233 1514 illustrandae
1276 1459 1451 1529 gratia
1495 1458 1821 1529 producam.
1865 1456 1921 1513 Si

327 1553 599 1624 quiSpiam
646 1553 930 1608 maleficus
959 1559 1018 1607 et
1053 1550 1334 1607 homicida
1360 1560 1557 1621 captus
1585 1551 1773 1618 fuerit,
1823 1551 1922 1605 ad-

330 1647 440 1701 huc
470 1647 685 1701 stillans
713 1647 1005 1717 sanguine,
1039 1653 1098 1700 et
1129 1653 1362 1699 cruento
1390 1645 1616 1714 pulvere
1641 1644 1921 1712 sordidus,
1966 1626 1976 1633 ’

332 1739 654 1809 habensque
702 1753 901 1793 manus
943 1747 1000 1793 et
1051 1738 1220 1807 pedes
1250 1724 1654 1792 currentes‘ad
1696 1737 1925 1802 malum,

332 1828 426 1898 qui
464 1829 519 1883 in
551 1830 701 1900 ligno
733 1828 1029 1885 maledicto
1054 1837 1141 1884 est
1166 1827 1612 1899 suspendendus,
1644 1829 1925 1899 cognoscit

2089 630 2248 686 Cano.
2280 631 2509 702 Magnus
2529 630 2825 703 Dionysius
2857 648 2925 686 ex
2952 632 3236 703 Areopago
3269 640 3375 686 tam
3412 629 3588 687 deean

2018 732 2153 786 tato,
2179 722 2377 777 doctus
2405 738 2435 776 a
2468 737 2664 793 magno
2689 722 2861 777 Paulo
2893 722 3173 786 videlicet,
3195 723 3291 793 qui
3315 722 3369 777 in
3406 722 3606 777 cmlum

2019 814 2242 870 tertium
2272 823 2484 884 raptus,
2523 821 2585 868 ut
2609 814 2843 884 ipsemet
2869 815 3065 869 scribit
3095 815 3165 881 ’°,
3189 824 3244 869 ct
3268 813 3473 870 auditis
3494 814 3609 869 illic

2014 908 2203 963 verbis
2236 908 2548 973 arcanis,et
2575 906 2865 963 institutus
2895 908 3149 962 doctrina
3174 922 3335 970 nova,
3362 916 3415 960 et
3443 906 3515 959 ob
3553 904 3605 958 id

2016 1016 2236 1071 quoque
2265 1000 2383 1055 avis
2414 1001 2735 1057 cmlivolans
2764 1002 3102 1063 nominatus,
3131 1015 3257 1070 quae
3288 998 3362 1054 ibi
3394 998 3609 1059 didicit.

2019 1095 2141 1150 aliis
2163 1096 2471 1166 |revelavit.
2510 1094 2761 1150 Tradidit
2784 1103 2970 1151 autem
3012 1094 3257 1150 caelestis
3295 1110 3361 1149 ac
3407 1091 3613 1163 princi-

2020 1188 2105 1259 pis
2136 1188 2283 1245 illius
2318 1189 2529 1245 militia:
2566 1205 2767 1245 novem
2806 1204 2929 1244 esse
2961 1188 3205 1245 ordines.
3237 1188 3332 1259 qui
3364 1202 3615 1241 commu-

2021 1283 2168 1338 niter
2195 1283 2372 1352 angeli
2402 1282 2751 1353 appellantur
2789 1299 2804 1338 :
2836 1282 2932 1337 sed
2974 1280 3168 1335 ordine
3210 1290 3266 1335 et
3295 1288 3440 1336 statu
3472 1278 3616 1335 inter

2023 1388 2082 1427 se
2128 1371 2426 1436 diﬂ‘erunt,
2474 1389 2777 1445 omnesque
2816 1373 2871 1429 in
2927 1382 3038 1429 tres
3078 1373 3305 1428 ordines
3336 1381 3470 1427 sunt
3496 1370 3616 1426 dis-

2027 1464 2216 1518 tributi
2246 1465 2309 1519 “.

2101 1555 2325 1611 Primus
2356 1557 2634 1612 ternarias
2656 1556 3131 1623 Cherubinorum,
3156 1554 3614 1625 Seraphinorum,

2026 1659 2082 1705 et
2125 1645 2476 1705 Thronorum
2512 1659 2764 1706 vocatur.
2813 1650 2880 1705 Et
2907 1650 2961 1705 hi
3015 1650 3277 1722 hymnum
3317 1648 3621 1703 concinunt

2029 1743 2403 1799 venerandum
2432 1762 2446 1799 :
2478 1763 2496 1796 ι
2541 1744 2842 1799 Benedicta
2892 1743 3067 1814 gloria
3102 1742 3320 1797 Domini
3362 1741 3621 1811 omnipo-

2033 1835 2201 1890 tentis
2234 1836 2301 1890 de
2339 1834 2462 1889 loco
2495 1845 2688 1891 sancto
2721 1851 2845 1891 suo.
2884 1856 2901 1886 ι
2934 1833 3149 1889 Medius
3185 1832 3618 1897 nominationes,

331 1939 440 1991 qua
468 1923 537 1978 de
572 1938 736 1978 causa
778 1932 990 1977 tantum
1026 1923 1130 1977 sibi
1162 1921 1494 1992 supplicium
1544 1920 1839 1992 irrogetur,
1869 1928 1926 1975 et
1957 1918 2000 1976 ll
2035 1925 2276 1980 Virtutes
2298 1966 2312 1989 ,
2374 1926 2683 1981 Potestatcs
2736 1924 3146 1995 complectitur,
3191 1923 3285 1992 qui
3334 1921 3622 1994 τρισάγιον

332 2014 610 2082 quomodo
641 2013 710 2068 ad
743 2021 976 2068 mortem
1009 2012 1242 2067 maxime
1263 2011 1632 2066 miserabilem
1659 2010 1923 2066 condem-

333 2117 496 2162 natus
545 2108 638 2163 sit.
686 2106 827 2163 Hinc
874 2117 931 2163 et
977 2108 1211 2161 aliarum
1259 2105 1489 2161 caedium
1537 2105 1924 2176 redarguitur;

332 2200 466 2254 hinc
514 2200 870 2267 conscientiae
920 2200 1044 2255 telis
1095 2199 1297 2253 iterum
1346 2196 1757 2262 consauciatur,
1803 2213 1927 2266 qua:

334 2291 489 2344 illum
527 2291 916 2346 universorum
959 2285 1234 2346 scelerum
1287 2304 1514 2345 suorum
1550 2288 1927 2344 commonefa—

335 2382 448 2436 cit:
472 2383 553 2438 sic
577 2390 633 2436 tu
667 2384 806 2437 mihi
836 2384 1073 2437 animam
1102 2398 1325 2453 quoque
1343 2382 1629 2452 suppliciis
1651 2380 1929 2436 addictam

336 2489 396 2528 se
436 2473 646 2530 habere
672 2475 937 2547 intellige.

961 2589 1189 2647 CAPUT
1230 2590 1294 2645 ll.

338 2679 565 2752 Angelos
624 2684 739 2736 sine
793 2683 1143 2736 instrumento
1186 2698 1438 2752 corporeo
1496 2681 1702 2752 divinas
1743 2680 1932 2752 laudes

411 2750 696 2806 celebrare.
719 2752 823 2805 Eos
846 2760 925 2804 ter
951 2752 1116 2806 tribus
1136 2750 1380 2806 constare
1409 2751 1706 2806 ordinibus.
1737 2750 1931 2807 Unius-

408 2822 662 2892 cujusque
691 2823 915 2876 ternarii
938 2822 1114 2891 qualis
1143 2823 1390 2893 hymnus.

398 2940 601 3011 .Amm.
630 2939 707 2995 De
739 2950 939 2996 caetero
970 2940 1037 2994 de
1070 2939 1350 2993 mentibus
1374 2937 1608 2993 dissere.
1645 2937 1934 3008 Scriptura

342 3044 475 3084 sane
510 3044 604 3085 eas
636 3029 799 3085 docet
848 3046 1046 3085 vacare
1079 3032 1431 3100 corporibus,
1464 3039 1521 3084 et
1569 3029 1933 3100 intelligentia

343 3129 684 3187 constantes,
715 3131 770 3176 et
799 3122 1083 3177 ministras
1113 3138 1175 3177 ac
1202 3121 1478 3176 ﬂammam
1514 3120 1677 3191 ignis,
1708 3132 1764 3174 ct
1795 3120 1936 3174 divi-

344 3230 465 3280 nas,
515 3215 735 3285 linguas,
786 3215 921 3280 oris,
961 3215 1234 3269 labiorum
1277 3223 1556 3283 expertes.
1610 3212 1725 3278 Qua
1771 3211 1937 3283 igitur

346 3307 562 3362 ratione
592 3305 884 3361 Dominum
916 3305 1234 3361 collaudare
1262 3321 1372 3359 non
1399 3304 1698 3359 desinunt?

416 3398 577 3456 Cano.
622 3398 868 3462 Mentes,
918 3412 1016 3451 seu
1068 3396 1322 3451 caelestes
1374 3395 1450 3450 illi
1502 3394 1694 3460 animi,
1744 3403 1939 3449 natura

347 3491 634 3562 simplices
666 3500 795 3545 sunt
828 3488 1024 3553 creati,
1055 3495 1115 3542 ut
1153 3503 1183 3543 a
1217 3488 1507 3558 Scriptura
1546 3495 1735 3541 sancta
1772 3485 1937 3540 doce-

350 3601 476 3640 mur
503 3584 570 3650 ",
611 3583 903 3655 ethymnis
951 3584 1124 3638 Deum
1174 3582 1357 3637 colere
1384 3598 1492 3637 non
1527 3589 1745 3636 cessant
1780 3598 1794 3634 :
1830 3595 1940 3634 non

350 3677 510 3745 quasi
553 3676 791 3745 quodam
841 3688 1046 3743 organo
1090 3688 1188 3727 seu
1234 3674 1606 3727 instrumento
1648 3681 1944 3741 corporato

352 3769 508 3823 illum
556 3767 951 3838 compellantes
998 3783 1013 3819 :
1060 3764 1156 3821 sed
1200 3765 1369 3819 alium
1412 3763 1708 3834 quemdam
1744 3778 1941 3819 sonum

351 3860 604 3925 edentes,
654 3861 794 3916 citra
831 3874 1058 3929 pausam
1093 3858 1370 3914 canticum
1410 3856 1696 3927 τρισάγιον
1741 3857 1793 3912 ei
1822 3872 1940 3910 mo-

353 3952 638 4008 dulantur.
687 3950 1122 4008 Subtilissimam
1180 3960 1364 4005 autem
1419 3950 1605 4005 sortiti
1661 3956 1941 4011 naturam,

358 4056 614 4117 tanquam
657 4054 891 4110 mentes,
932 4051 1155 4099 cantum
1202 4051 1258 4098 et
1304 4058 1469 4099 voces
1516 4052 1948 4098 suavesonantes

357 4142 497 4198 mire
530 4153 737 4206 amant,
772 4150 829 4195 et
862 4140 993 4195 hinc
1026 4137 1438 4209 quodammodo
1459 4137 1692 4193 vocibus
1713 4135 1949 4191 internis

357 4236 590 4292 Domino
618 4242 847 4301 canunt,
881 4242 943 4288 ut
973 4235 1102 4290 inde
1125 4232 1193 4288 ad
1214 4248 1341 4289 eum
1371 4230 1609 4287 melodia
1632 4229 1948 4287 dulcissima

357 4330 669 4400 perveniat.
718 4327 825 4382 Sed
875 4327 1037 4396 hujus
1088 4324 1338 4381 melodiae
1385 4340 1583 4380 sonum
1636 4323 1773 4378 nihil
1822 4337 1947 4378 cum

357 4435 598 4493 corpore
615 4435 907 4475 commune
928 4419 1135 4476 habere
1151 4417 1425 4483 existima,
1450 4416 1544 4487 qui
1568 4431 1678 4470 non
1695 4412 1950 4478 auribus,

361 4532 474 4571 non
506 4530 623 4580 ore,
656 4530 766 4570 non
787 4514 972 4585 lingua
992 4512 1236 4583 indigeat
1256 4530 1268 4565 :
1289 4526 1480 4566 verum
1508 4510 1718 4579 absque
1736 4507 1953 4578 prolato

363 4609 713 4679 formatoque
733 4622 1011 4675 sermone,
1064 4607 1347 4661 voluntate
1369 4612 1426 4659 et
1455 4603 1669 4657 ratione
1712 4603 1858 4657 inter
1895 4615 1955 4655 se

367 4702 871 4768 communicant,et
894 4699 1247 4771 trigeminum
1288 4696 1421 4751 illud
1450 4694 1683 4749 Sanctus
1705 4691 1960 4760 omnipo-

368 4794 506 4850 tenti
522 4793 780 4848 Trinitati
797 4792 1122 4855 concinunt,
1142 4790 1392 4845 dicentes
1417 4783 1767 4841 :«Be‘ncdicta
1787 4783 1960 4853 gloria

368 4887 587 4942 Domini
629 4887 683 4942 in
697 4887 884 4943 omnia
902 4885 1102 4941 saecula
1125 4883 1194 4939 de
1211 4884 1333 4938 loco
1347 4896 1450 4936 suo
1471 4877 1821 4935 sanctissimo
1841 4875 1906 4930 ¹⁹.
1936 4893 1954 4925 ι

369 4980 468 5036 llis
508 4982 688 5037 tribus
720 4981 908 5037 verbis
936 4979 1125 5051 hymni
1172 4974 1409 5047 angelici
1440 4970 1818 5028 continentur.

437 5100 483 5133 ¹⁸
512 5100 676 5156 llcbr.
711 5114 749 5165 I,
792 5098 893 5163 ll;
919 5096 1062 5151 Psal.
1090 5109 1204 5156 cut,
1233 5093 1285 5144 4.

2028 2018 2208 2072 solent
2238 2033 2472 2084 _eanere.
2525 2019 2771 2074 Ultimus
2814 2016 3191 2087 Principatus,
3226 2012 3621 2085 Archangelos,

2032 2112 2271 2183 Angelos
2319 2111 2767 2182 comprehendit,
2800 2125 3036 2181 quorum
3069 2109 3309 2181 hymnus
3338 2116 3425 2164 est
3460 2106 3627 2176 trige-

2031 2205 2243 2259 tninum
2274 2205 2532 2269 Alleluia,
2585 2219 2752 2275 quem
2803 2203 2990 2258 divine
3025 2212 3083 2257 et
3111 2201 3230 2257 sine
3265 2203 3370 2256 line
3395 2198 3628 2255 vocibus

2031 2310 2142 2349 non
2160 2296 2445 2351 vocalibus
2484 2296 2809 2350 concinunt.
2857 2294 2984 2350 Haec
3017 2292 3131 2349 duo
3166 2289 3631 2364 prophetas,divi-

2030 2400 2139 2441 nus
2172 2386 2448 2451 Ezechiel,
2474 2395 2531 2442 ct
2566 2402 2793 2459 magnus
2820 2385 2987 2441 Isaias
3015 2384 3396 2440 testiﬁcantur.

2652 2501 2882 2559 CAPUT
2920 2500 2991 2557 lll
3002 2541 3016 2555 .

2036 2614 2345 2673 Humanam
2396 2627 2650 2673 naturam
2712 2618 2979 2689 dignitate
3031 2615 3257 2689 angelis,
3284 2613 3628 2678 antecellere,

2110 2689 2314 2743 duabus
2358 2691 2690 2761 potissimum
2728 2687 2791 2742 de
2834 2687 3029 2761 censis.
3063 2687 3259 2741 Christi
3299 2700 3549 2761 sponsam
3582 2695 3632 2761 et

2110 2754 2500 2829 reginam'esse.
2540 2758 2880 2829 Quantopere
2905 2756 3139 2828 Sponsus
3161 2756 3400 2811 eamdem
3421 2757 3475 2809 in
3505 2754 3632 2810 coelo

2117 2834 2474 2886 honoravert’t.

2116 2951 2308 3002 Amm.
2347 2946 2693 3015 Obstupesco
2742 2959 2912 3013 super
2948 2941 3055 3007 bis,
3084 2940 3420 3010 Obstupesco
3466 2951 3671 3006 super.

2047 3038 2157 3094 illis
2178 3054 2301 3109 qua:
2323 3051 2627 3107 congressu
2658 3034 3023 3089 antecedente
3052 3030 3385 3094 disseruisti,
3425 3030 3479 3084 in
3511 3029 3636 3098 qui-

2046 3128 2170 3194 bus,
2205 3128 2383 3198 capite
2418 3125 2507 3190 15,
2533 3124 2601 3180 de
2636 3122 2883 3179 secundo
2908 3120 3115 3177 Christi
3161 3119 3405 3173 adventu
3446 3118 3637 3187 dispu-

2051 3229 2195 3283 tans,
2245 3225 2566 3274 sanctorum
2613 3225 2862 3270 catervas
2894 3213 3066 3284 gloria
3100 3212 3250 3283 ipsos
3279 3210 3501 3281 angelos
3539 3223 3637 3262 an-

1965 3300 2010 3361 C
2045 3321 2357 3367 tcccssuros
2398 3305 2705 3363 asseruisti.
2731 3306 2863 3371 Quae
2891 3304 3069 3357 oratio
3095 3309 3187 3355 tua
3222 3304 3467 3356 nondum
3501 3296 3637 3352 mihi

2050 3405 2110 3458 lit
2134 3401 2440 3457 credibilis.
2485 3400 2677 3468 Itaque
2717 3405 2913 3467 praesta
2960 3394 3097 3450 mihi
3149 3395 3257 3449 hoc
3288 3391 3552 3458 ofﬁcium,
3583 3400 3641 3448 et

2050 3494 2376 3564 scrupulum
2406 3492 2610 3547 exime.

2120 3586 2285 3643 Cano.
2323 3585 2470 3641 Nihil
2518 3584 2885 3654 inopinatum,
2932 3597 3035 3636 nec
3060 3597 3092 3636 e
3127 3579 3359 3636 cerebro
3397 3592 3522 3633 meo
3558 3576 3640 3632 di-

2049 3696 2193 3746 cam,
2229 3694 2299 3735 ne
2340 3688 2396 3734 tu
2427 3692 2743 3734 sermonem
2782 3691 2965 3730 metnn
3001 3689 3101 3745 pro
3143 3672 3321 3728 nihilo
3352 3670 3546 3734 ducas,
3586 3676 3644 3725 et

2050 3774 2288 3844 rejicias.
2362 3770 2753 3828 Probationem
2807 3783 2840 3824 e
2887 3768 3064 3823 sacris
3121 3766 3351 3837 petitam
3417 3762 3642 3818 Litteris

2051 3863 2346 3922 adducam,
2377 3859 2617 3929 indeque
2668 3856 3046 3912 dillicultatem
3074 3869 3295 3910 omnem
3324 3852 3641 3909 discutiam.

2055 3957 2134 4009 Ex
2173 3953 2432 4009 Patribus
2464 3951 2614 4006 enim
2664 3948 2913 4019 antiquis
2956 3949 3262 4018 interrogat
3288 3945 3516 4015 quidam
3546 3943 3647 3999 ali—

2052 4049 2181 4105 cubi
2240 4048 2451 4112 alium,
2499 4044 2682 4102 eidem
2726 4042 2853 4097 vitae
2921 4040 3176 4096 instituto
3241 4048 3299 4094 et
3360 4036 3647 4106 sapientiae

2054 4149 2440 4197 consecratum
2475 4138 2563 4192 his
2592 4136 2779 4192 verbis
2806 4152 2821 4189 :
2851 4133 2953 4189 Dic
2988 4132 3147 4199 mihi,
3176 4129 3498 4186 honorande
3539 4128 3642 4183 Pa-

2052 4241 2158 4300 ter,
2190 4240 2555 4302 promptoque
2583 4243 2647 4284 ac
2668 4228 2863 4284 libenti
2881 4226 3070 4281 animo
3097 4223 3259 4279 crudi
3290 4237 3399 4286 me,
3424 4217 3641 4292 qualia—

2059 4339 2185 4379 nam
2214 4332 2346 4377 sunt
2371 4321 2514 4377 bona
2539 4320 2631 4375 illa
2655 4334 2685 4373 a
2707 4317 2932 4373 Christo
2962 4315 3122 4371 nobis
3146 4315 3366 4377 donata,
3394 4330 3413 4364 ι
3448 4312 3505 4365 in
3526 4325 3648 4380 qua:

2059 4425 2117 4472 et
2147 4415 2329 4486 angeli
2367 4413 2686 4485 prospicere
2715 4410 3035 4467 desiderant
3065 4410 3133 4471 ".
3169 4427 3187 4460 ι
3220 4407 3368 4464 sicut
3391 4403 3650 4475 princeps

2058 4507 2437 4577 apostolorum
2494 4506 2693 4560 Petrus
2748 4502 2845 4558 ait.
2896 4499 3207 4572 Respondit
3251 4497 3341 4554 illc
3389 4496 3445 4551 in
3501 4494 3651 4548 hunc

2063 4599 2288 4653 modum
2325 4614 2337 4649 :
2376 4595 2585 4666 Opinor
2615 4608 2740 4665 ego,
2772 4592 3093 4648 desiderare
3124 4590 3349 4662 angelos
3374 4596 3434 4642 ut
3467 4587 3521 4640 in
3549 4598 3649 4637 na-

2067 4685 2956 4759 tura_ipsorum,quemadmodum
2986 4684 3151 4739 etiam
3177 4682 3233 4736 in
3255 4688 3440 4735 nostra
3459 4690 3648 4732 carne.

2062 4782 2368 4839 secundum
2394 4780 2759 4835 substantiam
2782 4793 2936 4833 suam
2965 4776 3114 4831 Deus
3134 4772 3377 4827 Verbum
3403 4767 3648 4835 ipsorum

2064 4876 2320 4932 conditor
2352 4873 2645 4929 inhabitet.
2675 4870 3002 4926 Desiderant
3048 4877 3268 4920 rursum
3304 4866 3365 4914 ut
3407 4858 3649 4925 ipsorum

2066 4983 2289 5037 quoque
2320 4975 2521 5020 natura
2551 4980 2581 5018 a
2610 4963 2773 5018 nobis
2813 4961 3076 5016 adoretur
3105 4967 3160 5011 et
3196 4947 3559 5024 gloriﬁcetur,
3598 4942 3653 4997 in

1368 5090 1411 5123 ¹⁹
1444 5087 1647 5143 Ezech.
1693 5102 1772 5153 Ill,
1811 5085 1896 5140 l2.
1973 5085 2020 5117 ²⁰
2046 5083 2089 5138 ll
2117 5082 2249 5138 Car.
2277 5097 2370 5146 xu,
2410 5080 2465 5134 2.
2542 5080 2632 5133 "l
2670 5074 2990 5141 Petr.t,12.

1883 5201 2157 5265 Scholia.

445 5344 465 5362 ‘
508 5339 703 5395 Anima
748 5337 1037 5409 peccatoris
1073 5344 1124 5389 et
1157 5333 1322 5402 ipsius
1378 5331 1577 5403 peccati
1618 5329 1864 5410 speciem,
1919 5335 1967 5410 et

377 5413 547 5466 locum
587 5406 783 5480 ipsum.
843 5421 893 5462 et
942 5421 1224 5480 personam
1264 5420 1493 5480 _quacum
1540 5406 1792 5471 peccavit,
1839 5406 1968 5480 _post

376 5475 641 5536 excessum
662 5497 688 5534 e
709 5483 819 5534 vita
842 5478 1076 5532 meminit
1103 5493 1120 5529 :
1144 5475 1276 5536 et,si
1307 5482 1575 5544 peccantes
1615 5486 1706 5526 cor
1736 5476 1973 5522 nostrum

378 5553 741 5614 vnlneramus,
774 5558 823 5603 et
861 5549 1026 5602 latere
1060 5545 1434 5600 conscientiam
1463 5552 1832 5614 nostram_non
1857 5552 1976 5614 pos-

377 5639 579 5687 sumus,
620 5607 821 5692 quanto
861 5619 1043 5673 minus
1067 5625 1340 5689 peccantes
1370 5614 1646 5687 quidpiam
1686 5611 1852 5665 Deum
1888 5607 1975 5661 la-

382 5704 492 5745 tere
526 5694 814 5762 poterimus
832 5692 857 5744 ?

455 5764 493 5783 "
528 5751 1086 5823 Seiendmn,nostram
1117 5773 1319 5829 quoque
1347 5755 1633 5810 Ecclesium
1661 5751 1850 5829 habere
1879 5766 1972 5801 no-

389 5848 499 5885 rem
547 5835 777 5897 ordines,
820 5821 894 5887 ad
938 5821 1282 5884 imitationem
1326 5828 1579 5881 virtutum
1627 5821 1917 5897 cwlcstjum
1954 5834 1970 5870 :

392 5894 1165 5971 patriarchas,metropolitas,
1205 5899 1640 5968 archiepiscoyios,
1684 5894 1970 5963 cpiscopOS,

2070 5326 2386 5388 sacerdotes,
2436 5324 2709 5396 diaconos,
2745 5312 3436 5396 hypodiaeonos,lectores2
3471 5327 3661 5396 mana:

2070 5398 2213 5459 chos,
2253 5405 2301 5449 et
2335 5383 2548 5449 sacrum
2601 5383 2857 5446 laicortim
2897 5394 3115 5459 coetum.
3150 5383 3354 5459 Λιξίτώί
3388 5383 3463 5437 sic
3506 5390 3556 5435 et
3587 5392 3662 5459 tot

2074 5453 2506 5537 legi'recensitos
2560 5462 3029 5537 ecclesiasticarum
3082 5457 3401 5537 dignitatem
3442 5453 3663 5535 .gradns

2076 5525 2220 5607 apud
2243 5536 2489 5591 Crcecos:
2517 5525 3665 5607 patriarcha.metropolita,archiepiscopns,

2078 5600 2368 5677 episcopus.
2395 5600 2852 5677 hieromonachns.
2883 5600 3152 5669 presbyter
3189 5613 3282 5651 seu
3314 5610 3505 5677 papas,
3557 5609 3669 5677 me...

2081 5663 2301 5740 n'achu's,
2326 5663 2599 5737 diaconus,
2628 5663 3669 5743 hypodiaconus,'anagnostes._Monachi

2080 5736 2296 5816 quoque
2323 5747 2449 5809 τοὺς
2489 5736 2847 5815 {imagis-209;,
2889 5736 3219 5811 prwpositos,
3270 5753 3361 5792 seu
3397 5736 3668 5805 ἁρχιμαν-

2081 5818 2265 5888 δρίτας
2287 5817 2565 5871 habebant.
