2018 3238
189 175 240 207 801

906 178 1044 207 ΒΞΟΡΤΠ
1053 179 1084 207 .\.

1760 180 1814 211 802

189 235 287 262 throno
303 232 470 263 Cheruhieo.
489 238 516 259 et
532 233 558 259 iu
578 232 639 260 sinu
657 233 744 260 Patris
758 233 865 265 sedens,
883 242 978 268 quem-
995 241 1014 266 Α
1036 243 1045 259 ι
1063 225 1156 260 Astitit
1181 233 1273 268 regina
1290 242 1303 260 a
1323 234 1427 261 dextris
1447 234 1500 261 tuis
1516 235 1542 261 in
1556 235 1655 262 vestitu
1671 235 1814 265 deaurato,

189 279 337 306 admodum
356 283 449 305 nostra
469 284 563 306 natttra
586 279 612 305 in
630 279 739 305 Christo
759 279 793 306 ab
811 279 886 313 ipsis,
902 285 930 306 et
943 280 977 305 ah

189 325 263 352 omni
288 325 446 358 aspcctabili
464 324 707 359 inaspectabilique
730 329 855 351 creatura
881 325 978 351 adora-

191 377 245 396 tur.
266 370 427 397 llesiderant
447 370 548 396 habere
574 370 664 397 claves
687 370 761 404 regni
782 371 926 400 ctrlornm,
951 375 979 396 et

189 417 285 443 sedere
296 423 377 450 super
389 415 534 442 duodecim
543 415 655 443 thronos
664 423 725 442 cum
735 415 844 442 Christo
854 415 980 450 judican-

193 467 233 489 tes
249 462 281 493 ",
298 462 369 488 sicut
383 462 409 488 in
425 462 469 488 die
481 461 577 495 judicii
595 461 744 495 piscatores
757 468 818 487 cum
828 461 924 488 eodem
936 461 980 495 ju-

190 508 308 534 dicaturi
330 513 394 535 sunt
416 508 451 534 ".
469 507 629 534 Desiderant
653 511 726 533 tanta
744 507 815 541 apud
838 507 977 534 Christum

192 553 274 588 potiri
284 554 422 584 libertate,
437 559 538 587 quanta
552 554 653 587 potitus
669 559 720 583 est.
733 554 778 588 qui
792 561 874 586 super
884 558 979 587 peetus

191 602 251 633 eius
277 601 403 626 ret‘uhttit
427 601 460 626 εἰ.
485 601 575 626 Dicant
601 600 648 626 tihi
669 600 741 634 quod
769 600 857 634 majus
878 604 920 626 est
936 600 980 637 his

192 646 328 672 omnibus.
347 646 466 671 Atlirmat
483 645 608 672 Christus
635 653 695 672 eum
711 645 817 672 venerit
837 645 863 671 in
877 645 921 672 die
935 646 979 679 jn-

192 690 268 721 dieii,
293 690 407 717 virtutes
421 691 551 716 etrlorntn
571 695 737 716 commotum
757 690 789 717 iri
808 698 862 724 pro:
882 690 980 718 timore

193 736 266 762 illitis
280 737 318 765 “5;
335 737 419 766 iustos
433 741 523 761 autem
543 737 640 762 ti'aeiet
655 736 840 766 discuntbere,
854 740 882 762 ct
894 740 980 764 trans-

194 782 252 807 iens
275 781 439 806 ministrabit
463 782 488 807 ill
503 790 515 806 ς.
527 783 559 806 η.
577 792 584 805 ι
608 782 669 808 [hee
684 786 710 808 et
723 782 822 808 similia
837 790 851 809 ιι
869 781 980 809 Christo

194 827 292 853 donata
306 832 369 853 sunt
384 828 462 853 nobis
475 828 556 856 dona.
566 828 590 853 in
605 835 664 861 qua:
676 833 702 854 ct
715 828 979 862 angeliprospicerc,

195 873 287 903 idest,
315 874 415 900 intrare
441 875 608 900 desiderant.
632 874 701 901 Tum
724 875 794 901 alter
820 874 864 901 ille
883 881 980 901 rursus

197 920 359 952 ittlertogat,
378 920 442 954 quid
461 920 495 945 ita
515 920 621 945 tandem
639 920 768 946 Christus
787 924 913 947 naturam
930 928 980 946 no-
996 908 1018 937 Β

195 971 278 992 stram
293 966 436 999 plusquam
459 965 569 999 angelos
592 965 753 999 glorilicavit
769 969 797 991 et
810 965 917 999 diligit?
932 964 983 992 0c-

194 1011 281 1037 (‘ttrrit
304 1011 498 1045 interrogatus.
523 1012 634 1038 Paulum
657 1011 732 1042 attdi,
755 1011 801 1045 qui
821 1016 846 1038 te
872 1011 982 1037 modum

196 1058 393 1084 incarnationis
407 1059 518 1087 (ihristi.
537 1063 563 1084 ct
580 1058 671 1085 multae
692 1057 824 1085 bonitatis
839 1059 899 1092 ejus
919 1066 982 1092 erga

196 1110 246 1128 nos
266 1103 385 1128 docebit.
413 1103 456 1128 Ait
475 1104 547 1128 enim
565 1104 597 1134 ετ,
622 1102 792 1138 mysterium,
816 1103 889 1137 quod
912 1111 983 1137 prm—

195 1148 344 1174 tlestinavit
365 1149 435 1174 Dens
458 1154 520 1175 ante
546 1149 644 1175 ssecula
672 1149 698 1175 in
714 1149 827 1183 gloriam
851 1154 982 1179 nostram.

196 1202 257 1220 esse
282 1194 403 1228 ejusdem
422 1195 453 1219 ad
480 1203 528 1220 nos
550 1194 675 1221 homines
694 1194 841 1220 adventum
863 1199 890 1221 ct
908 1194 985 1220 heni-

196 1241 339 1275 gnilatem.
363 1240 443 1266 Favet
466 1241 557 1273 itaque
580 1245 607 1265 et
631 1240 824 1274 complectitur
849 1240 919 1266 Detts
933 1239 983 1265 hu-

199 1294 307 1312 manum
328 1294 414 1320 genus
432 1286 490 1319 plus
512 1294 591 1318 quam
616 1286 697 1311 ullam
715 1289 880 1317 creaturam,
905 1285 985 1319 idque

198 1332 304 1359 duabus
314 1332 346 1359 de
360 1333 450 1358 causis
465 1341 470 1357 2
489 1333 604 1366 primum
622 1332 684 1365 quia
696 1336 738 1359 est
750 1332 863 1366 plasma,
878 1336 906 1358 et
917 1339 985 1365 opus

201 1386 329 1404 manuum
348 1385 471 1407 suarum.
495 1382 523 1404 et
541 1378 671 1411 quiddam
698 1378 900 1412 praeformatuut
913 1385 987 1404 ceco—

203 1421 298 1448 nomiae
311 1430 365 1448 sum
375 1422 484 1453 animal,
495 1422 565 1455 quod
577 1423 773 1456 subaspectutn
790 1422 876 1452 venit.
889 1427 916 1449 et
930 1430 984 1448 non

206 1467 286 1498 venit,
302 1468 411 1494 mortale
430 1472 456 1494 et
474 1468 635 1499 immortale,
659 1468 773 1502 perinde
796 1471 825 1494 ιιι
840 1467 984 1500 Christus;

205 1512 303 1539 deinde
319 1514 382 1548 quia
403 1519 535 1548 cognatus
554 1514 643 1545 nobis,
666 1518 693 1540 et
719 1513 841 1547 ejusdem
857 1513 985 1540 substan-

203 1558 254 1589 ti:e,
269 1559 390 1593 ejusdem
402 1560 509 1593 generis
522 1568 551 1585 ae
562 1559 984 1591 formae,homonatnsvidclice'.
1001 1576 1021 1602 (ι

201 1604 239 1629 Ac
263 1604 376 1638 proinde
393 1605 555 1630 naturaliter
579 1605 689 1631 deditus
703 1609 755 1636 est,
772 1609 800 1632 et.
818 1605 924 1640 diligeit
940 1613 987 1631 co-

201 1657 307 1685 gnatos,
332 1656 358 1678 ct
383 1653 491 1686 generis
511 1653 551 1678 sui
570 1652 784 1686 substantiazque
807 1653 906 1679 socios.
928 1652 988 1678 lla'c

203 1697 365 1731 praepositus
388 1698 545 1724 monasterii
563 1699 595 1724 ad
615 1702 733 1724 montem
749 1698 825 1727 Sina.
838 1698 884 1733 qui
896 1701 924 1725 et
940 1705 988 1725 eu—

202 1749 348 1778 guomento
369 1744 472 1771 Sinaila
489 1745 600 1775 dicitur,
618 1752 699 1778 quem
719 1745 742 1771 si
770 1748 866 1771 testem
890 1743 990 1771 admit-

205 1789 238 1816 tis
251 1791 288 1822 (et
309 1790 408 1825 digitus
424 1795 466 1816 est
490 1791 622 1825 admitti),
641 1790 734 1817 dicito.

240 1837 338 1862 Asma.
356 1836 465 1863 Testem
484 1837 558 1863 hunc
577 1836 738 1870 amplector,
761 1836 882 1870 suscipio
900 1841 928 1863 et
940 1844 989 1870 ap-

205 1882 291 1916 probo
313 1891 319 1910 :
345 1886 466 1908 meretur
497 1882 622 1916 inprimis
647 1881 739 1912 tidem.
776 1886 804 1909 et
826 1883 990 1910 auctoritate

206 1928 288 1954 valet.
309 1927 386 1960 Quod
407 1927 429 1953 si
444 1927 595 1953 secundant
614 1934 750 1960 appOsuer
762 1934 785 1956 ε.
805 1926 852 1953 tibi
875 1934 907 1953 ea
930 1934 992 1961 pro-

206 1979 265 2007 pter
286 1973 400 2007 gratiam
418 1972 537 1998 habebo.
555 1972 620 1998 Nam
634 1971 741 1997 duobus
757 1971 859 2005 potius,
875 1975 922 1997 aut
942 1970 992 1997 tri—

207 2020 268 2051 hus,
283 2026 364 2053 quam
380 2018 426 2045 uni
443 2018 610 2044 credendum
624 2017 717 2044 audio.

238 2066 320 2092 Cano.
339 2065 396 2092 Non
408 2065 525 2091 alterum
537 2064 636 2094 solum.
652 2063 678 2089 id
693 2062 765 2097 quod
783 2063 864 2097 petis,
880 2062 927 2089 scd
939 2067 993 2090 ter-

207 2112 274 2138 tium
290 2119 411 2145 quoque,
422 2111 443 2136 si
462 2110 590 2143 requiris,
606 2113 633 2135 ct
646 2108 738 2143 plures
754 2108 854 2135 addam
873 2116 879 2134 :
895 2115 993 2143 nempe

209 2157 330 2187 l‘aulum,
351 2156 488 2186 Davidem,
512 2155 748 2189 (lhrysostomum.
768 2153 836 2180 Tres
857 2153 884 2180 lti
901 2153 994 2180 divino

210 2201 313 2235 probati
331 2201 496 2231 testinmnin,
513 2206 539 2226 et
556 2200 605 2225 tria
626 2207 673 2225 ora
688 2198 781 2231 Verbi,
798 2198 870 2225 clare
883 2197 993 2229 docent,

210 2253 333 2274 natumut
348 2248 493 2273 humanam
508 2253 567 2272 esse
580 2252 719 2279 sponsam,
734 2248 761 2271 et
772 2244 892 2279 reginam
908 2248 996 2270 astan-

211 2299 264 2320 tem
279 2293 408 2319 adextris
422 2292 514 2326 sponsi
535 2291 653 2326 mystici,
672 2298 703 2317 ac
720 2290 840 2317 Domini.
860 2290 999 2325 Cujusque

212 2340 308 2366 horum
328 2339 399 2366 dicta
417 2344 443 2365 et
468 2339 611 2365 sententia:
625 2337 657 2363 ad
675 2338 803 2369 verbum,
825 2341 853 2364 et
868 2337 902 2363 ab
922 2337 1001 2363 initio

213 2386 359 2412 recitandie
386 2390 460 2412 sunt.
479 2385 578 2411 Paulus
604 2385 696 2419 itaque
720 2385 754 2412 de
778 2384 828 2411 hac
846 2391 945 2417 sponsa
963 2382 1003 2410 sic

214 2433 251 2458 ait
269 2442 274 2458 :
295 2442 302 2456 ι
321 2431 459 2465 Despondi
481 2439 529 2457 vos
553 2432 597 2457 uni
636 2432 713 2462 viro,
739 2430 873 2465 virginem
899 2433 1001 2456 castam

211 2478 342 2505 exhibere
361 2477 471 2504 Christo
488 2477 521 2502 3“.
545 2487 552 2501 ι
582 2477 613 2502 Et
629 2477 748 2503 Joannes
766 2475 897 2510 Baptista,
918 2474 1003 2501 ident-

212 2532 266 2558 que
283 2524 440 2550 Prmcnrsor
464 2522 635 2548 Salvator-is:
655 2531 662 2546 t
682 2522 733 2554 Qui
755 2521 838 2547 habet.
863 2528 1002 2554 sponsam,

215 2570 312 2604 inquit,
339 2577 457 2603 sponsus
470 2574 511 2595 est
542 2568 574 2593 τε).
599 2578 606 2592 ι
626 2568 678 2594 Sed
698 2575 815 2601 sponsus
833 2567 943 2600 quidem
961 2574 1006 2593 ca-

214 2616 302 2642 ducus
317 2616 458 2648 aliquanto
476 2620 536 2648 post
553 2618 662 2647 nuptas
680 2613 713 2640 de
728 2617 798 2639 aistu
817 2612 921 2639 amoris
936 2613 1006 2638 mul-

216 2664 272 2685 tum
293 2659 425 2689 remittit;
451 2663 544 2683 noster
560 2663 651 2683 autem
669 2665 786 2691 sponsus
798 2664 920 2683 amorem
935 2664 1007 2683 sem-

214 2711 264 2738 per
273 2703 525 2738 intenditetauget.
533 2703 657 2730 Meminit
669 2703 733 2730 item
748 2703 831 2729 David
847 2703 889 2729 his
899 2703 1005 2729 verbis:

250 2781 273 2797 “
299 2782 394 2809 Matth.
420 2789 474 2808 xvi.
489 2781 531 2808 l9.
566 2780 590 2796 ¹³
611 2780 706 2807 Matth.
728 2780 838 2810 xnx.‘28.

217 2825 251 2848 It,
263 2816 276 2843 ‘l
296 2825 372 2852 seqq.
431 2817 452 2831 ν·
470 2816 491 2842 ll
507 2817 571 2852 Cor.
584 2824 621 2846 xi,
636 2817 664 2841 ‘2.
685 2850 699 2852 ξ
715 2817 737 2831 ’ν
754 2816 833 2852 Joan.
866 2823 904 2846 ιιι,
925 2815 973 2852 g9.

219 2852 240 2867 ³³
255 2850 398 2886 Ερίιρὲἶν,
412 2852 456 2878 ΞἹ.
516 2851 537 2865 ³⁵
550 2850 628 2877 Cant.
639 2850 712 2882 tv,7.
756 2851 777 2866 ⁸⁸
792 2850 842 2876 lsa.
864 2857 911 2876 ut.
925 2850 951 2876 7.
1012 2851 1033 2866 ³⁸

217 2887 240 2903 ³⁹
257 2887 325 2914 Psal.
339 2895 400 2919 ειν,
412 2886 453 2913 12.

874 2780 985 2806 “Joau.
1003 2788 1059 2809 .\‘l’t.
1072 2781 1116 2807 25.

1045 2816 1067 2831 ³⁸
1085 2817 1156 2842 Psal.
1170 2823 1239 2844 xttv,
1268 2817 1307 2843 t9.

1029 280 1181 307 eicumdata
1203 279 1335 306 varietate
1347 280 1369 295 ’°
1386 281 1473 314 (veste
1485 280 1590 307 scilicet
1614 289 1695 307 aurea
1711 287 1738 308 et
1759 282 1816 308 tim-

1030 326 1141 359 hriala).
1172 326 1254 352 Visne
1275 326 1357 352 etiam
1382 326 1465 360 hujus
1491 327 1675 353 calceamenta
1706 327 1818 353 videre?

1030 372 1143 398 Paulum
1167 372 1386 406 nympltagogum
1409 372 1472 398 audi
1487 380 1494 398 :
1509 381 1517 396 α
1537 371 1654 398 Calceati
1673 373 1765 406 pedes.
1790 373 1817 399 in

1029 418 1255 453 prmparationem
1273 418 1412 452 Evangelii
1422 418 1497 452 pacis
1513 418 1546 444 ³¹.
1558 427 1567 443 ι
1577 418 1816 446 Placetneintueri

1030 463 1181 497 cingulum,
1196 467 1227 489 ut
1244 471 1258 489 a
1277 463 1392 490 veritate
1407 464 1624 490 circumdatum?
1650 474 1658 487 ι
1677 464 1817 491 Succineti

1031 508 1139 535 lumbos
1160 514 1267 536 vestros
1284 509 1311 535 in
1326 510 1441 536 veritate
1456 509 1490 535 ".
1505 519 1514 534 ι
1532 510 1639 536 Avesnc
1649 510 1730 537 etiam
1745 511 1818 544 aspi-

1030 561 1092 581 cere
1110 555 1169 589 ejus
1186 555 1443 588 pulchritudinem?
1458 564 1467 580 ‹
1484 555 1543 582 Non
1560 555 1705 582 habentent
1724 563 1817 582 macu-

1030 600 1095 631 lam,
1109 608 1197 635 neque
1214 608 1319 636 rugam,
1338 609 1427 636 neque
1448 601 1523 628 aliud
1539 602 1696 637 hujusmodi
1711 601 1743 628 ³³.
1762 610 1770 626 ι
1784 616 1819 620 -

1033 645 1101 672 Tota
1116 646 1231 679 pulchra
1247 653 1287 678 es,
1303 647 1390 673 amica
1410 654 1480 678 mea,
1498 651 1526 673 et
1541 646 1648 674 macula
1666 655 1720 673 non
1734 652 1775 673 est
1790 647 1817 673 in

1033 696 1057 718 te
1075 692 1106 718 ³⁸.
1126 701 1135 717 ι
1153 693 1235 719 Visne
1258 700 1371 719 eernere
1387 693 1491 727 pedes?
1508 703 1516 717 ι
1533 693 1620 725 Quam
1639 693 1754 727 speciosi
1771 701 1819 727 pe-

1032 737 1081 764 des
1101 738 1348 772 cvangelizantium
1374 745 1468 772 pacem
1485 738 1526 764 ἐἳ
1544 747 1553 762 ι
1570 738 1603 764 Et
1624 744 1686 764 cum
1704 737 1741 763 ita
1758 744 1821 763 eam

1031 783 1182 812 ornaverit,
1197 791 1252 809 non
1267 783 1342 810 venit
1363 788 1453 810 tamen
1474 783 1510 810 ita
1524 787 1553 810 ut
1569 782 1706 814 ostendat,
1726 788 1754 809 et
1771 790 1820 810 ex-

1033 828 1128 856 hibeat
1143 829 1181 855 illi
1197 829 1311 864 gloriam
1329 836 1422 861 suam,
1446 837 1480 856 ne
1497 829 1680 856 immensitate
1697 829 1820 863 pulchri-

1033 873 1138 900 tudinis
1155 881 1211 901 sum
1227 874 1313 909 ipsam
1331 874 1471 908 percellat,
1485 879 1513 901 et
1527 882 1542 901 a
1556 878 1648 901 mente
1665 874 1821 905 dimoveat;

1033 920 1081 946 sed
1106 919 1182 946 venit
1202 920 1369 947 vestimento
1389 924 1545 954 coopertus,
1569 920 1641 947 sicut
1660 927 1760 954 sponsa
1774 927 1821 946 co-

1033 969 1127 998 operta
1146 968 1197 991 est.
1212 965 1270 991 Non
1292 965 1366 992 illam
1382 973 1490 992 sursum
1507 966 1633 997 accersit,
1655 966 1701 993 sed
1715 966 1772 1000 ipse
1788 965 1822 992 ad

1033 1017 1093 1037 eam
1111 1011 1263 1044 descendit,
1284 1011 1311 1037 in
1329 1011 1381 1038 hoc
1395 1018 1506 1046 quoque
1528 1011 1621 1046 sponsi
1638 1012 1711 1046 leges
1725 1012 1821 1039 obscv-

1034 1064 1111 1088 vans,
1130 1065 1183 1091 qua
1201 1058 1247 1084 ille
1262 1065 1390 1092 sponsam
1402 1058 1515 1091 jnbetur
1533 1058 1698 1089 convenire;
1713 1059 1784 1084 sicut
1796 1063 1824 1085 et

1036 1101 1138 1129 Paulus
1151 1102 1190 1129 ait
1205 1112 1212 1129 :
1233 1111 1241 1127 ι
1262 1103 1377 1137 Propter
1394 1103 1445 1129 hoc
1469 1102 1609 1137 relinquet
1623 1103 1705 1130 homo
1717 1108 1823 1138 patrem

1035 1151 1063 1174 et
1076 1152 1193 1175 matrem
1206 1154 1327 1179 suam,et
1338 1149 1490 1175 adluerebit
1501 1149 1580 1176 uxori
1593 1147 1824 1176 sua-Sacramen-

1036 1198 1092 1220 tnm
1110 1194 1163 1221 hoc
1176 1202 1304 1229 magnum
1325 1199 1368 1222 est
1386 1203 1393 1221 :
1409 1202 1460 1229 ego
1479 1200 1571 1222 autem
1589 1195 1652 1221 dico
1673 1194 1699 1221 in
1715 1194 1827 1222 Christo

1034 1245 1063 1268 et
1080 1240 1107 1266 in
1127 1241 1248 1268 Ecclesia
1264 1240 1297 1267 ".
1314 1250 1323 1266 ν
1344 1240 1412 1268 Cum
1431 1241 1552 1268 venisset
1566 1241 1648 1276 igitur
1661 1240 1688 1267 in
1708 1241 1768 1276 ejus
1781 1241 1826 1267 di-

1036 1287 1202 1319 versorium,
1216 1287 1421 1321 invenissetque
1435 1287 1510 1322 rugis
1521 1286 1824 1322 obsitam,squalidam.

1036 1333 1150 1364 nudam,
1177 1333 1310 1367 sanguine
1331 1333 1513 1368 inquinatam,
1537 1333 1613 1364 lavit,
1635 1332 1723 1364 unxit,
1742 1333 1826 1359 vesti-

1036 1383 1128 1406 mento
1151 1379 1251 1409 induit.
1269 1379 1312 1406 cui
1338 1379 1427 1406 simile
1445 1387 1498 1406 non
1524 1383 1567 1406 est
1583 1379 1713 1413 reperire,
1738 1378 1826 1405 factus

1037 1424 1152 1459 ipsemet
1171 1424 1195 1451 ei
1219 1425 1426 1455 vestimentum,
1452 1429 1479 1451 et
1499 1424 1539 1451 sie
1560 1432 1619 1451 eam
1636 1424 1687 1451 sibi
1712 1425 1825 1458 copula-

1037 1475 1090 1497 tant
1117 1470 1144 1497 in
1168 1470 1266 1498 caelum
1289 1470 1425 1500 subvexit,
1446 1475 1473 1497 et
1493 1470 1519 1497 in
1543 1470 1650 1504 superis
1664 1470 1824 1497 collocavit:

1041 1526 1050 1542 ι
1066 1516 1153 1551 Supra
1170 1517 1351 1552 principatus,
1372 1517 1499 1548 virtutes,
1520 1521 1680 1551 potestates,
1695 1520 1723 1543 et
1744 1523 1827 1550 supra

1038 1569 1118 1589 omne
1139 1556 1251 1591 nomen,
1267 1561 1341 1596 qttod
1364 1562 1523 1588 nominatur
1544 1569 1598 1588 non
1621 1561 1709 1588 solum
1731 1562 1757 1588 in
1776 1561 1829 1588 hoe

1043 1608 1154 1639 steculo,
1167 1615 1262 1634 verum
1277 1608 1404 1639 etiamin
1420 1608 1513 1634 futuro
1526 1607 1560 1633 "’.
1575 1617 1583 1632 ι
1603 1607 1699 1635 Vidisti
1716 1607 1830 1634 honoris

1042 1653 1258 1688 magnitudinem
1276 1661 1283 1679 :
1299 1654 1391 1681 vidisti
1405 1654 1545 1688 dignitatis
1564 1655 1748 1689 majestatem.
1764 1653 1830 1686 Qum

1043 1699 1159 1733 pedibus
1171 1699 1321 1731 ferebatur,
1335 1707 1395 1734 quae
1407 1707 1456 1734 per
1467 1704 1569 1727 terram
1586 1700 1755 1731 trahebatur,
1769 1707 1830 1725 eam

1045 1744 1071 1771 in
1091 1748 1193 1771 tantam
1209 1743 1383 1772 altitudinem
1398 1745 1521 1775 sustulit,
1538 1751 1567 1772 ut
1583 1744 1607 1771 ei
1620 1745 1707 1779 angeli
1723 1751 1831 1778 quoque

1044 1790 1184 1818 assistant.
1202 1790 1249 1817 Illa
1261 1791 1379 1825 captiva,
1396 1790 1442 1817 illa
1456 1791 1619 1822 abalienata,
1633 1791 1677 1817 illa
1692 1791 1831 1821 meretrix,

1045 1836 1090 1862 illa
1107 1836 1225 1870 impura,
1241 1835 1331 1862 vidisti
1349 1836 1375 1862 in
1395 1840 1525 1870 quantam
1540 1835 1713 1862 altitudinem
1738 1842 1833 1861 ascen<

1045 1881 1096 1908 dit.
1114 1881 1248 1913 Quoniam
1262 1882 1336 1908 enim
1353 1885 1434 1915 caput
1449 1886 1572 1907 uestrum
1587 1888 1697 1907 sursum
1710 1885 1762 1911 est,
1780 1880 1833 1906 ihi-

1045 1935 1099 1962 qtte
1117 1926 1228 1959 residet,
1246 1934 1296 1953 nos
1318 1934 1419 1961 corpus
1439 1927 1509 1961 ejus,
1526 1927 1648 1961 ejusdem
1665 1926 1756 1961 glorize
1773 1933 1836 1961 par-

1046 1972 1144 2006 ticipes
1166 1979 1272 2003 sumus,
1296 1972 1318 1998 si
1344 1975 1432 1998 tamen
1457 1975 1570 1997 stamus.
1598 1970 1704 2001 Cernis,
1728 1975 1757 1996 ut
1774 1978 1838 2004 quae

1046 2025 1146 2052 sponsa
1171 2022 1224 2049 est,
1248 2017 1343 2044 cadem
1370 2016 1424 2043 tilia
1448 2026 1454 2043 ε
1479 2021 1506 2042 et
1525 2023 1585 2051 quae
1607 2016 1673 2048 tilia,
1686 2016 1781 2042 eadem
1808 2021 1837 2043 et

1047 2071 1146 2098 sponsa
1166 2064 1219 2090 sit?
1232 2063 1304 2098 quod
1326 2070 1392 2089 sane
1416 2063 1443 2089 in
1460 2062 1624 2096 corporibus
1639 2062 1765 2088 humanis
1777 2070 1835 2094 _uon

1048 2108 1152 2134 datur:
1175 2107 1222 2134 ubi
1244 2107 1319 2134 aliud
1337 2107 1399 2136 hoc.
1425 2106 1499 2133 aliud
1518 2106 1595 2133 illud.
1616 2107 1644 2133 In
1669 2106 1723 2133 Deo
1744 2110 1838 2133 autem

1050 2158 1197 2187 utrumque
1215 2153 1362 2187 reperitur.
1380 2152 1440 2186 ipse
1455 2151 1591 2186 siquidem
1608 2159 1657 2186 per
1672 2151 1839 2186 baptismum

1049 2208 1119 2234 aqua
1132 2200 1269 2235 perfusam
1290 2199 1476 2234 regeneravit;
1494 2199 1552 2233 ipse
1563 2205 1622 2225 eam
1643 2198 1695 2225 sibi
1711 2198 1840 2232 eonjuga-

1014 2253 1035 2280 ι)
1049 2244 1104 2274 vit;
1123 2243 1180 2277 ipse
1201 2242 1238 2270 illi
1266 2248 1353 2278 pater,
1380 2248 1409 2270 et
1434 2251 1564 2278 sponsus.
1587 2248 1614 2269 et
1632 2242 1763 2270 Dominus
1781 2243 1841 2270 ﬁeri

1048 2289 1152 2321 voluit;
1166 2289 1221 2316 imo
1246 2297 1312 2316 vero
1335 2289 1406 2316 istuc
1421 2290 1509 2324 ipsum
1525 2289 1597 2323 quod
1612 2289 1637 2315 ei
1657 2289 1788 2315 Dominus
1802 2289 1841 2314 fa-

1050 2340 1110 2362 cttts
1125 2340 1176 2367 est,
1195 2336 1287 2363 multa:
1299 2336 1433 2363 adversus
1447 2342 1508 2362 eam
1527 2343 1601 2361 cura:
1616 2339 1644 2361 et
1665 2334 1844 2369 benignitatis

1052 2381 1184 2408 indiciutn
1203 2386 1256 2410 est.
1272 2381 1437 2415 mancipium
1454 2380 1618 2410 dzemonum,
1634 2379 1783 2406 lttdibrium
1797 2386 1845 2406 se—

1052 2427 1187 2458 ductoris,
1201 2427 1254 2454 sibi
1271 2427 1297 2453 iu
1311 2426 1450 2461 propriam
1466 2425 1688 2460 peculiaremque
1709 2425 1843 2460 deligere.

1053 2476 1136 2509 Atqui
1155 2475 1199 2502 ille
1217 2482 1271 2501 non
1292 2475 1373 2501 modo
1390 2474 1517 2501 famulam
1537 2481 1626 2504 suam,
1648 2473 1695 2499 sed
1716 2478 1740 2499 ct
1762 2472 1846 2497 tiliam

1054 2526 1081 2547 et
1114 2528 1241 2554 sponsam
1274 2528 1350 2547 suam
1376 2520 1451 2547 fecit.
1486 2519 1554 2547 Vere
1576 2524 1603 2546 et
1625 2525 1688 2554 apte
1710 2518 1845 2546 exclame-

1055 2574 1133 2593 mus:
1165 2576 1174 2591 ι
1197 2566 1264 2599 Quis
1285 2567 1411 2601 loquetur
1439 2566 1577 2601 potentias
1601 2565 1723 2597 Domini,
1738 2564 1848 2591 auditas

1056 2612 1137 2638 faciet
1156 2620 1254 2639 omnes
1274 2612 1369 2639 laudes
1386 2612 1445 2647 ejus
1464 2612 1508 2637 l"'3
1525 2621 1533 2636 ι
1549 2612 1583 2638 Et
1601 2619 1728 2638 rursum:
1747 2620 1755 2636 ι
1777 2610 1849 2643 Quid

1056 2658 1245 2684 retribuemus
1263 2658 1387 2689 Domino,
1417 2665 1465 2692 pro
1491 2657 1619 2683 ontnibus
1641 2664 1701 2691 qua:
1721 2656 1851 2683 retribuit

1058 2702 1138 2729 nobis
1154 2702 1196 2728 "‘2
1215 2712 1224 2726 ›
1248 2702 1318 2735 Quid
1335 2703 1407 2730 enini
1430 2711 1492 2729 cum
1515 2707 1591 2729 tanto
1613 2703 1717 2729 honore
1733 2700 1850 2728 conferri

1156 2780 1177 2795 ’5
1190 2781 1284 2807 Matth.
1308 2789 1380 2810 utr,
1400 2781 1443 2808 ΞΩ.
1480 2781 1572 2808 “an.
1584 2780 1690 2812 1:11.57.
1727 2779 1748 2794 ¹⁷
1765 2777 1849 2804 lCor.

1379 2817 1397 2832 “
1418 2817 1518 2850 Epltes.
1535 2824 1557 2842 vt
1577 2816 1618 2842 15.
1650 2849 1655 2850 7
1681 2815 1702 2850 ξε
1718 2814 1787 2850 Ibid.
1806 2813 1851 2850 14.

1049 2851 1148 2885 Ephes.
1160 2859 1194 2884 tv,
1206 2851 1251 2883 5i,
1266 2851 1309 2878 59..
1372 2852 1392 2866 ³⁷
1411 2849 1511 2885 Ephes.
1524 2859 1542 2883 ι,
1558 2851 1589 2876 21
1648 2849 1669 2864 ³⁸
1684 2849 1753 2875 l’sal.
1766 2855 1808 2878 cv,
1824 2849 1852 2874 ἱ.

1867 342 1878 349 ›
