4036 6416
412 376 516 441 8οἸ

1655 363 1783 422 l‘lll
1802 362 1997 421 i.lPPl
2051 357 2443 421 SOLITARII

3576 351 3685 416 803

416 491 619 547 lucem,
652 482 858 539 stellas,
893 495 921 529 u
946 491 1058 538 are,
1084 472 1421 545 grandinem.
1455 471 1702 540 glaciem,
1730 471 2002 539 pruinam.
2036 478 2075 529 Λ
2112 471 2309 539 inquit,
2338 469 2576 522 dicimus
2604 466 2779 525 vobis.
2842 465 2895 517 iu
2931 464 3097 518 verbo
3130 464 3369 528 Domini,
3403 465 3530 534 quia
3563 483 3687 531 nos,

417 575 624 634 nivem,
677 570 906 623 imbrem
970 563 1227 625 nivalem,
1288 560 1491 631 ignem,
1549 568 1764 618 rentes,
1807 557 1996 619 colles,

421 666 651 728 imbres,
700 661 935 729 fulgura,
972 671 1176 716 rorem,
1228 652 1509 709 nebulam,
1553 649 1747 718 frigus,
1780 654 1995 711 a-stnm,

419 769 661 815 noctem,
699 752 868 813 diem,
901 761 1126 811 terram,
1160 747 1329 816 ligna,
1360 743 1546 807 colles,
1570 741 1760 804 clivos,
1796 739 1995 806 salies;

419 863 579 903 omne
608 845 826 914 reptile,
877 841 1121 904 volatile,
1164 840 1436 909 iumenta,
1467 833 1692 896 bestias,
1751 832 1999 903 abyssos,

421 932 692 1001 tenebras,
737 937 1007 989 dracones
1062 949 1076 984 :
1124 940 1180 984 et
1224 927 1493 998 quidquid
1542 924 1695 979 humi
1737 925 2002 988 nascitur,

419 1031 673 1093 herbam,
723 1028 972 1090 arbores,
1030 1023 1247 1088 fenum;
1302 1018 1495 1082 maria,
1561 1029 1701 1080 cete,
1755 1017 2004 1082 ﬂumina,

420 1122 626 1184 fontes,
657 1121 833 1179 lacus.
886 1125 944 1172 et
973 1129 1137 1170 omne
1190 1113 1336 1183 quod
1372 1118 1625 1165 movetur
1650 1112 1703 1165 in
1766 1109 1925 1178 aquis
1955 1117 2008 1162 et

424 1222 577 1267 natat
618 1212 685 1266 ιθ.
721 1211 803 1265 An
859 1209 1025 1279 igitur
1058 1205 1270 1276 singula
1306 1219 1428 1274 qua:
1472 1203 1562 1258 hic
1602 1200 2005 1263 recensuimus,

422 1313 479 1357 et
511 1301 671 1356 simul
697 1301 862 1354 etiam
894 1297 1048 1351 locus
1074 1295 1247 1360 Eden,
1279 1301 1340 1348 ut
1386 1300 1516 1347 sunt
1542 1291 1729 1355 modo,
1785 1290 1858 1347 ita
1893 1300 2005 1344 tunc

426 1396 613 1448 futura
644 1393 773 1453 sint,
807 1404 903 1461 age
943 1388 1231 1460 perspicue
1261 1386 1417 1442 doce.

499 1487 662 1539 Cano.
688 1483 866 1537 Etiam
916 1481 1003 1535 hic
1022 1480 1331 1535 doctrinam
1354 1479 1627 1533 sinceram
1655 1475 1753 1530 tibi
1776 1474 2008 1537 tradam,

422 1590 477 1632 et
508 1594 574 1631 ne
610 1577 777 1636 dicta,
808 1585 867 1628 ιιι
920 1573 1293 1637 incredibilia,
1352 1569 1654 1641 improbes,
1690 1577 1857 1623 testes
1885 1583 2010 1637 pro-

425 1686 565 1724 mam
596 1676 837 1732 sanctos,
891 1667 1211 1736 virtuteque
1268 1665 1539 1734 insignes,
1561 1670 1616 1718 et
1651 1678 1776 1716 mox
1808 1660 2015 1731 'proba-

430 1762 635 1815 tionem
658 1758 802 1812 haud
819 1756 1239 1826 disceptabilem
1256 1756 1516 1825 accipies.
1540 1752 1755 1808 Adhibe
1769 1751 2012 1805 animum

430 1853 537 1917 his,
565 1868 686 1920 qua:
713 1849 803 1903 hic
826 1849 891 1901 ad
917 1848 1143 1902 verbum
1173 1863 1238 1902 ev
1273 1847 1341 1900 iis
1368 1863 1396 1900 a
1429 1861 1516 1901 me
1547 1845 1774 1915 repetita
1797 1842 2011 1907 audies,

427 1943 779 2012 etinteiliges
842 1940 985 2009 quod
1020 1939 1290 2009 postulas.
1340 1937 1501 1991 Aliud
1539 1935 1816 2006 sapientes
1861 1934 2011 1996 vani,

426 2035 882 2101 occultorumquc
916 2031 1303 2102 mysteriorum
1349 2036 1694 2084 scrutatores
1727 2026 2010 2089 dubitant,

425 2138 481 2182 et
539 2127 699 2181 nobis
754 2127 805 2178 in
860 2124 1164 2194 quzestione
1216 2130 1449 2191 ponunt.
1505 2120 1774 2186 Quaerunt
1827 2133 2014 2175 nosse.

426 2220 589 2289 quale
616 2218 721 2271 hoc
750 2218 1069 2270 universum
1098 2216 1208 2284 jam
1257 2213 1611 2275 dissolutum,
1644 2212 1748 2266 hoc
1773 2219 1857 2266 est
1891 2227 2013 2266 om-
2074 2214 2081 2220 “

430 2312 595 2364 nibus
659 2307 932 2362 delectum
991 2303 1302 2358 viventibus
1361 2303 1606 2356 futurum
1687 2302 2013 2367 credamus;

430 2404 575 2473 quod
610 2401 741 2456 illud
787 2414 988 2453 novum
1045 2396 1266 2463 cmiuuv,
1320 2412 1440 2465 quae
1474 2411 1611 2449 nova
1649 2403 1817 2458 terra,
1863 2395 2019 2450 utait

434 2496 596 2565 hujus
620 2494 862 2548 Scientia:
893 2490 1217 2562 coryphu-us
1244 2506 1257 2553 ;
1284 2498 1339 2543 et
1373 2504 1503 2542 num
1534 2490 1584 2541 iu
1627 2488 1888 2542 Paradiso
1921 2504 2018 2539 vo-

440 2586 667 2654 luptatis
696 2585 940 2653 piantato
969 2583 1022 2634 in
1051 2578 1298 2642 Oriente,
1332 2578 1385 2631 in
1414 2594 1523 2647 quo
1551 2578 1793 2631 Adsinius
1831 2585 2018 2645 proto-

432 2677 641 2746 piastns
663 2684 740 2728 est
770 2673 1094 2733 collocatus,
1120 2680 1290 2724 sancti
1316 2668 1621 2723 habitaturi
1645 2668 1775 2720 sini.
1801 2667 1866 2722 Et
1890 2656 2019 2720 num

434 2781 487 2831 "In
518 2766 608 2819 illa
644 2780 783 2818 nova
827 2774 967 2817 terra
1000 2772 1321 2831 peccatores
1351 2760 1683 2830 supplicium
1738 2760 2021 2828 experturi

432 2860 563 2914 sint.
593 2859 794 2913 Verum
843 2856 1136 2910 sublimior
1193 2856 1419 2909 istorum
1472 2852 1667 2906 notitia
1701 2867 1867 2920 penes
1896 2867 2021 2906 cum

432 2961 518 3007 est
544 2952 635 3022 qui
673 2967 739 3005 ex
804 2944 979 3004 nihilo
1034 2948 1165 3003 fecit
1220 2946 1426 3008 omnia,
1475 2946 1778 3015 eademque
1837 2955 2024 3014 postea

439 3053 832 3098 numulaturus
860 3051 936 3097 est
1005 3040 1183 3096 modis
1226 3050 1282 3095 ct
1313 3036 1643 3100 rationibus,
1676 3052 1813 3107 quas
1844 3036 2025 3107 lingua

2105 565 2199 630 qui
2243 560 2496 624 tivimus,
2541 560 2635 628 qui
2670 557 3058 625 relinquimur,
3117 557 3278 610 simul
3310 573 3435 611 cum
3471 558 3578 612 illis
3606 576 3690 613 rav

2102 655 2321 723 piemur
2347 654 2401 707 in
2428 652 2672 707 nubibus
2688 651 2907 705 obviam
2932 649 3153 705 Christo
3180 650 3232 703 in
3265 666 3389 704 aera
3409 651 3480 711 ³⁸³,
3521 670 3540 702 1
3565 652 3689 706 aliis

2103 748 2171 800 ad
2207 761 2401 815 pinnas
2458 744 2659 799 inferni
2700 744 2928 805 relictis,
2978 757 3102 812 qua:
3132 757 3397 797 novarum
3458 744 3690 798 istarum

2104 850 2486 894 creaturarum
2501 835 3003 899 utilitas‘!Domino,
3027 836 3270 904 inquam,
3285 849 3351 890 ac
3370 835 3481 891 Deo
3501 846 3689 891 nostro

2104 938 2261 984 extra
2292 929 2611 985 universum
2662 927 2981 991 exsistente,
3009 939 3066 982 et
3088 943 3255 996 super
3284 930 3467 982 omnia
3494 928 3546 982 in
3570 929 3690 998 gioc

2106 1026 2185 1079 ria
2215 1022 2576 1079 beatitudinis
2613 1037 2726 1077 sua:
2761 1019 3059 1075 ineﬂ‘abiiis
3098 1038 3113 1074 :
3145 1020 3466 1076 hominibus
3507 1030 3690 1076 autem

2111 1115 2180 1169 itu
2222 1131 2281 1169 se
2310 1114 2667 1178 habentibus,
2695 1122 2753 1167 ut
2788 1113 2843 1166 111
2900 1112 3122 1182 quidem
3156 1112 3223 1166 ad
3256 1112 3489 1177 lucidas,
3513 1112 3589 1166 illi
3623 1112 3691 1165 ad

2109 1206 2434 1277 caiigiuosas
2454 1216 2511 1262 et
2535 1205 2857 1262 tenebrosas
2891 1205 3050 1260 sedes
3081 1205 3304 1267 abeant,
3334 1204 3480 1274 quod
3532 1214 3695 1258 antea

2108 1296 2631 1359 demonstravimus,
2679 1312 2947 1367 quorsum
2983 1296 3075 1351 illa
3108 1296 3422 1366 praestantia
3456 1304 3509 1349 et
3542 1295 3699 1349 novi-

2113 1399 2196 1445 tas
2224 1399 2511 1453 creaturae,
2546 1396 2651 1445 eta
2710 1388 2993 1443 nonnullis
3018 1396 3396 1457 exspectatum
3439 1388 3512 1441 ita
3567 1402 3697 1442 sen-

2110 1481 2271 1536 sibile
2308 1480 2508 1536 omium
2580 1481 2821 1551 itemque
2875 1480 3155 1535 sensibilis
3203 1489 3260 1533 et
3313 1478 3701 1534 desiderabilis

2123 1582 2297 1631 terra.
2352 1570 2596 1640 quando,
2630 1570 2724 1640 qui
2770 1580 2983 1641 regnet,
3011 1582 3067 1625 et
3097 1569 3312 1624 fruatur
3348 1569 3502 1640 ipsis,
3536 1584 3699 1625 nemo

2110 1666 2221 1721 erit
2245 1666 2358 1735 (14)
2385 1664 2536 1719 ?Sed
2573 1664 2691 1718 haec
2731 1662 3044 1719 infantium.
3075 1670 3132 1717 ct
3161 1662 3249 1715 vix
3298 1661 3607 1727 hominum,
3641 1668 3702 1716 et

2116 1767 2146 1807 a
2176 1754 2413 1808 sanitate
2460 1754 2661 1807 mentis
2696 1750 3143 1815 deturbatorum,
3168 1750 3382 1821 judicio
3412 1761 3702 1820 corrupto-

2121 1862 2265 1909 rum,
2288 1856 2342 1898 et
2374 1861 2403 1898 a
2440 1844 2651 1899 ratione
2684 1843 2824 1897 male
2852 1842 3178 1897 habentium
3205 1850 3518 1897 wmmenta
3546 1852 3697 1899 sunt.

2120 1939 2262 2006 Quid
2296 1937 2504 2009 igitur?
2535 1936 2739 2006 inquit,
2772 1951 2880 2005 qua
2936 1934 3004 1990 de
3049 1949 3216 1989 causa
3240 1934 3362 1989 cmii
3388 1934 3573 1989 calore
3595 1934 3705 1989 so!-

2123 2045 2341 2093 ventur.
2390 2043 2448 2088 et
2474 2032 2747 2087 elementa
2805 2029 3005 2084 ardore
3056 2028 3365 2098 liquescent
3394 2024 3464 2091 ",
3535 2041 3708 2082 novos

2123 2136 2307 2181 autem
2336 2125 2529 2190 caelos,
2548 2136 2605 2178 et
2638 2132 2840 2178 terram
2866 2135 3087 2184 novam,
3117 2135 3184 2175 ex
3226 2120 3501 2190 promisso
3533 2119 3708 2190 ipsius

2124 2217 2550 2289 exspectamus?
2590 2215 2692 2271 Ubi
2724 2230 2855 2285 ergo
2887 2214 2990 2268 ista
3013 2212 3172 2269 nobis
3193 2212 3471 2282 promisit,
3511 2214 3709 2282 exqui-

2127 2324 2335 2364 ramus.
2375 2307 2608 2374 Quando
2642 2304 2864 2376 pietatis
2912 2302 3115 2373 gradus
3140 2301 3300 2357 nobis
3349 2317 3708 2366 enumerans,

2127 2399 2550 2455 ascensionibus
2581 2412 2798 2461 novem,
2832 2395 3110 2450 decimum
3145 2393 3372 2464 gradum
3428 2395 3707 2462 apposuit,

2130 2494 2271 2546 inter
2300 2492 2419 2546 illos
2450 2492 2616 2546 etiam
2641 2505 2845 2544 novum
2864 2488 3064 2543 omium
3084 2486 3500 2563 recensuit._Ait
3519 2487 3666 2541 enim
3692 2505 3708 2542 :

2139 2604 2155 2635 1
2204 2584 2353 2640 Beati
2397 2598 2670 2653 pauperes
2697 2582 2920 2651 spiritu,
2955 2580 3217 2649 quoniam
3251 2578 3493 2647 ipsorum
3515 2589 3599 2633 est
3623 2596 3713 2635 rc-

2133 2692 2301 2746 gnum
2333 2674 2602 2729 cmlorum
2637 2674 2703 2725 ".
2747 2692 2766 2725 1
2805 2672 3051 2728 Deinde:
3096 2691 3113 2722 1
3158 2672 3306 2727 Beati
3340 2675 3522 2737 mites,
3571 2687 3715 2742 quo-

2133 2771 2281 2823 niam
2315 2768 2416 2837 ipsi
2449 2766 2812 2835 possidebunt
2864 2777 3066 2821 terram
3094 2767 3161 2830 ⁸³,
3216 2786 3235 2818 1»
3274 2777 3351 2831 et,
3414 2776 3473 2821 ut
3533 2767 3713 2821 brevis

2133 2864 2235 2916 sim
2287 2878 2302 2917 :
2338 2879 2355 2909 1
2397 2858 2642 2914 Gaudete
2671 2869 2727 2914 et
2756 2858 3050 2922 exsultate,
3076 2857 3338 2926 quoniam
3364 2873 3575 2913 merces
3618 2874 3713 2913 ve-

2134 2966 2247 3010 stra
2273 2954 2495 3023 copiosa
2513 2962 2596 3007 est
2626 2952 2680 3006 in
2714 2952 2869 3007 cmlis
2890 2952 2958 3005 “.
2990 2970 3010 3003 1
3033 2951 3091 3005 ιιι
3120 2951 3325 3021 quibus
3350 2952 3569 3006 tandem
3596 2968 3713 3009 caeo

2135 3048 2204 3102 iis
2229 3055 2474 3101 nostram
2505 3044 2817 3099 mercedem
2862 3044 3089 3098 inultam
3138 3043 3255 3098 lore
3285 3044 3625 3114 spopondit?
3656 3045 3714 3100 In

436 3136 583 3189 nulla
639 3136 795 3191 eil‘ari
862 3142 1048 3204 queat.
1104 3133 1312 3187 Tamen
1366 3129 1764 3199 respondemus
1824 3129 1931 3183 illis
1962 3132 2026 3183 ad
2060 3154 2107 3216 ο
2140 3136 2363 3206 quibus,
2408 3136 2744 3191 ulmeminil
2792 3136 2937 3190 Pclri
2968 3136 3254 3191 oraculum
3280 3135 3349 3201 ³⁸,
3381 3137 3591 3205 iustitia
3622 3140 3718 3193 ha-

434 3233 583 3284 hunc
632 3229 855 3282 modum
891 3244 904 3279 :
937 3226 1216 3295 Quidquid
1251 3225 1451 3278 factum
1509 3235 1594 3278 est
1644 3240 1672 3278 a
1724 3223 2021 3294 principio,

435 3333 660 3392 propter
682 3321 920 3391 aliquam
949 3334 1170 3373 causam
1201 3318 1426 3372 omnino
1464 3317 1665 3371 factum
1688 3326 1773 3371 est
1810 3334 1823 3370 :
1856 3332 2020 3372 causa

436 3415 528 3468 illa
552 3414 655 3467 fuit
683 3414 867 3466 homo.
899 3411 1172 3467 Omnibus
1193 3410 1377 3480 itaque
1404 3410 1715 3466 hominibus
1744 3418 1866 3479 post
1901 3410 2025 3463 uni-

437 3507 582 3561 \crsi
607 3504 998 3560 resolutionem
1045 3504 1097 3558 in
1138 3520 1309 3558 unum
1366 3503 1711 3574 congregatis
1755 3503 1822 3558 ad
1871 3502 2022 3574 judi-

437 3599 607 3661 cium,
641 3606 699 3650 ut
732 3598 967 3666 quisque
994 3597 1273 3665 pra-mium
1310 3596 1643 3666 condignum
1688 3595 2022 3666 ferat.juxta

440 3699 691 3742 sanetum
717 3688 999 3742 oraculum
1025 3705 1039 3753 ;
1066 3686 1243 3756 inquit
1272 3687 1417 3740 enim
1449 3708 1460 3742 :
1488 3706 1504 3737 1
1528 3686 1592 3740 Et
1625 3687 1783 3740 ibunt
1811 3684 1865 3738 hi
1896 3685 2023 3755 qui-

439 3779 563 3835 dem
595 3778 649 3833 in
681 3780 846 3833 vitam
885 3793 1171 3842 attentam,
1214 3778 1292 3833 illi
1327 3787 1511 3833 autem
1566 3778 1620 3832 in
1663 3778 1842 3848 ignem
1870 3787 2024 3833 cxte-

441 3873 640 3926 -Lorem
665 3881 721 3926 et
740 3880 1011 3927 :eternum
1032 3873 1100 3937 δ’,
1125 3891 1143 3922 1
1167 3888 1276 3926 non
1307 3872 1684 3926 intercedente
1707 3871 1811 3925 alia
1839 3886 2025 3934 causa,

439 3963 543 4017 nisi
581 3965 700 4033 ipso
728 3962 972 4028 homine,
1016 3964 1177 4035 cujus
1209 3961 1430 4016 tandem
1457 3961 1629 4032 gratia
1662 3960 1769 4014 alia
1806 3975 2025 4015 rursum

440 4068 690 4111 creatura
725 4059 793 4110 ab
828 4057 1059 4127 Opiﬁce,
1098 4073 1259 4121 nova,
1297 4055 1667 4126 aspectabilis,
1702 4067 1758 4109 ct
1810 4054 2025 4126 objecta

442 4147 698 4202 sensibus
732 4147 866 4202 lict?
901 4147 956 4201 Si
996 4163 1235 4217 namque
1268 4156 1525 4203 creatura
1581 4147 1783 4209 omnis,
1820 4146 1890 4201 ab
1924 4147 2033 4200 1111-

444 4241 520 4293 110
551 4258 615 4293 ex
640 4255 707 4293 eo
741 4240 887 4308 quod
918 4257 1025 4293 non
1070 4249 1207 4304 erat,
1247 4251 1472 4310 propter
1513 4241 1689 4311 ipsum
1750 4240 2028 4295 hominem

442 4333 708 4386 exsistere
735 4332 885 4399 jussa
911 4343 1031 4386 est:
1068 4332 1113 4386 si
1147 4333 1290 4387 Deus
1321 4333 1517 4386 iterum
1583 4347 1781 4388 novum
1833 4332 2032 4387 caelum

442 4432 499 4476 et
530 4437 725 4476 novam
765 4432 963 4477 terram
995 4424 1298 4479 eﬂ'ecturus
1331 4433 1437 4488 est,
1469 4423 1522 4479 id
1573 4436 1700 4478 eum
1752 4424 1933 4479 facere
1959 4423 2030 4478 ob

2131 3229 2286 3282 bitat.
2305 3229 2440 3295 Quis
2483 3229 2648 3297 igitur
2701 3236 2787 3283 est
2837 3226 3090 3297 iustitia?
3151 3228 3313 3282 Deus.
3345 3229 3401 3284 Si
3433 3245 3566 3299 ergo
3619 3231 3713 3287 Sol

2127 3318 2358 3390 justititc
2382 3318 2436 3371 in
2497 3318 2656 3372 novis
2712 3317 2817 3371 illis
2861 3316 3022 3371 cmlis
3069 3316 3385 3389 habitat(ut
3439 3319 3721 3387 Scriptura

2135 3410 2345 3478 docet),
2384 3411 2529 3466 Deus
2558 3419 2743 3465 autem
2793 3418 2949 3463 extra
2984 3424 3148 3464 omne
3177 3421 3282 3473 est,
3342 3410 3721 3481 dissolutaque

2135 3512 2387 3558 creatura
2421 3503 2473 3557 in
2506 3502 2688 3572 seipse
2716 3510 2920 3563 manet,
2949 3502 3208 3557 similiter
3241 3511 3300 3556 et
3330 3517 3548 3571 semper
3576 3506 3723 3559 exsi-

2137 3605 2310 3660 stcns,
2338 3605 2693 3665 etnunquam
2729 3611 2849 3651 esse
2881 3595 3161 3660 desinens,
3216 3611 3319 3651 nec
3374 3596 3430 3650 in
3466 3597 3573 3650 illis
3614 3597 3724 3651 alio

2138 3689 2374 3760 quodam
2402 3689 2566 3744 modo
2614 3699 2868 3743 creatura
2900 3688 3193 3752 habitabit,
3232 3689 3478 3744 divinius
3506 3692 3719 3759 utique,

2137 3797 2301 3851 quam
2337 3782 2390 3836 in
2425 3782 2634 3836 lumine
2676 3781 2978 3845 inaccesso,
3036 3782 3226 3851 inquo
3266 3781 3521 3836 habitans
3556 3784 3721 3844 Deus,

2137 3874 2395 3929 amicitur
2417 3875 2624 3929 lumine
2656 3883 2917 3942 tauquam
2965 3874 3295 3928 vestimento
3325 3873 3393 3937 ",
3416 3884 3473 3929 et
3508 3883 3726 3929 sanctos

2139 3982 2269 4022 suos
2287 3967 2506 4022 divinos
2547 3966 2748 4022 reddit.
2801 3966 3008 4022 Deinde
3041 3967 3193 4037 juxta
3228 3966 3571 4036 Scriptttram
3607 3984 3724 4021 mu-

2141 4068 2250 4113 tata
2281 4068 2340 4114 et
2367 4059 2597 4113 alterata
2620 4066 2896 4121 creatura,
2960 4056 3432 4126 incorruptionem
3461 4058 3725 4128 suscipiet

2142 4162 2201 4205 ut
2229 4169 2352 4216 nos,
2383 4140 2487 4211 nec
2512 4151 2763 4206 interibit
2785 4150 3040 4219 amplius,
3073 4160 3279 4205 mutata
3319 4160 3375 4205 et
3403 4167 3432 4205 a
3464 4153 3727 4206 servitute

2142 4243 2375 4297 liberata
2407 4242 2663 4297 videlicet
2692 4262 2704 4297 :
2744 4261 2763 4293 1
2806 4240 3157 4295 Liberabitur
3172 4243 3320 4296 enim
3345 4250 3402 4295 et
3430 4242 3543 4311 ipsa
3570 4258 3725 4295 crea-

2146 4344 2267 4388 tura
2298 4350 2329 4387 a
2358 4336 2627 4389 servitute
2677 4334 3071 4404 corruptionis,
3107 4335 3159 4387 in
3202 4334 3514 4388 libertatem
3542 4335 3730 4402 gloriae

2150 4425 2389 4480 ﬁliorum
2424 4426 2522 4481 Dei
2580 4427 2646 4479 ".
2696 4445 2714 4477 1
2751 4426 2904 4491 Quod
2930 4426 2973 4481 si
3006 4427 3233 4483 libertas
3298 4428 3602 4482 electorum
3637 4428 3729 4480 Dei

446 4514 684 4583 aliquam
707 4529 927 4568 causam
958 4525 1179 4584 oportet
1207 4534 1220 4569 :
1261 4517 1377 4571 haec
1412 4526 1597 4570 autem
1640 4526 1724 4571 est
1752 4516 1939 4581 homo,
1966 4523 2027 4569 ut
2061 4553 2102 4606 Β
2129 4518 2318 4581 divina
2345 4529 2449 4585 est,
2476 4527 2532 4574 et
2554 4518 3000 4589 splendidissima
3031 4520 3208 4591 gloria
3228 4540 3247 4577 :
3292 4540 3309 4572 1
3347 4521 3522 4591 Erunt
3555 4521 3725 4582 enim,

447 4608 711 4667 diximus.
743 4611 882 4665 Aliis
905 4627 1071 4682 porro
1123 4612 1208 4682 (ut
1262 4612 1423 4664 aliter
1458 4611 1559 4664 ista
1590 4609 2026 4675 consideremus)

449 4703 620 4772 raptis
648 4704 701 4757 in
738 4720 864 4758 aera
910 4706 976 4759 ad
1013 4720 1302 4759 occursum
1329 4702 1560 4769 Christi,
1590 4711 1647 4756 et
1690 4703 1770 4756 sic
1821 4716 2038 4770 semper

447 4805 572 4843 cum
633 4792 866 4846 Domino
921 4793 1142 4859 futuris,
1175 4804 1233 4847 ut
1264 4793 1469 4847 Paulus
1496 4788 1572 4846 ait
1608 4809 1621 4844 :
1659 4811 1674 4841 1
1718 4791 1833 4845 1100
1864 4792 2034 4854 0111111,

1233 4908 1276 4938 ⁵⁵⁵
1318 4906 1511 4960 Matth.
1543 4922 1667 4967 xxv,
1696 4906 1783 4959 «56.

1008 4980 1054 5010 ”
1087 4978 1226 5031 ibid.
1266 4978 1348 5029 l2.

526 4908 572 4936 “
622 4908 864 4969 Damni,
922 4910 945 4963 1
988 4924 1144 4977 seqq.

437 4978 568 5033 v.5.
644 4978 690 5009 ⁸³
718 4979 833 5033 Ibid
875 4980 928 5034 4.
1008 4976 1226 5031 “ibid.
1266 4978 1348 5029 l2.
1437 4977 1482 5007 ⁵⁸
1513 4976 1529 5028 l
1564 4979 1710 5030 Petr.
1739 4992 1823 5037 ιιι.
1856 4979 1943 5031 15.

1863 4907 1907 4938 ⁸ο
1940 4906 1959 4960 l
1994 4907 2189 4964 Thess.
2223 4929 2296 4977 tv,
2324 4914 2412 4970 16.

2146 4612 2348 4680 inquit,
2381 4613 2528 4668 sicut
2554 4614 2736 4684 angeli
2771 4614 2866 4669 Dei
2899 4614 2969 4679 ",
3011 4633 3030 4667 1
3066 4617 3259 4686 utique
3295 4616 3522 4671 libertas
3574 4630 3729 4668 crea-

2149 4715 2287 4760 tura:
2313 4706 2508 4763 similis
2554 4708 2682 4761 erit.
2715 4707 2834 4763 Non
2864 4717 3046 4763 tamen
3105 4724 3228 4765 sors
3260 4718 3571 4763 sanctorum
3606 4719 3731 4756 rur-

2147 4815 2241 4853 sus
2278 4800 2330 4853 in
2355 4799 2470 4869 ipsa
2491 4802 2619 4867 erit,
2676 4800 3127 4871 quandoquidem
3146 4817 3203 4857 se
3244 4815 3365 4854 cum
3390 4798 3609 4853 Christo
3640 4812 3728 4848 re-

2494 4918 2537 4949 “
2568 4917 2611 4971 li
2644 4917 2792 4971 i’etr.
2822 4934 2904 4979 111.
2951 4917 3014 4970 10
3042 4917 3180 4981 ;isa.
3216 4932 3287 4974 LI.
3308 4914 3360 4969 6.
3463 4915 3505 4945 ”
3535 4914 3725 4971 Matth.

2029 4982 2076 5011 “
2113 4981 2258 5038 Psai.
2287 5000 2404 5048 Clll,
2436 4987 2492 5041 2.
2558 4988 2603 5018 ⁸⁷
2633 4988 2791 5044 Rom.
2833 5004 2958 5051 vni,
3013 4989 3102 5041 21.
3169 4988 3214 5018 ⁵⁸
3239 4985 3427 5039 Matth.
3462 5001 3595 5049 χιιι,
3634 4988 3727 5052 511,

1678 5074 1897 5136 Jacobi
1934 5078 2208 5140 Grelseri
2247 5094 2432 5145 thltB.

525 5179 637 5245 (14)
666 5180 762 5233 1110
790 5190 846 5234 et
873 5181 927 5234 in
955 5179 1135 5247 capite
1164 5180 1416 5247 sequenti
1443 5179 1690 5248 disputat
1712 5181 1779 5235 de
1805 5199 2041 5237 renova-

452 5248 600 5304 tione
628 5253 887 5323 mundiet
913 5260 1289 5323 creaturarum
1317 5254 1927 5323 postextremutndiem
1949 5254 2042 5323 ju-

455 5322 608 5375 dicii.
646 5322 711 5374 Et
743 5334 889 5377 recte
936 5320 1180 5389 quidem.
1216 5318 1334 5373 Non
1372 5322 1518 5373 cuitu
1556 5333 1718 5391 negat
1762 5323 1904 5377 hanc
1950 5318 2038 5380 in-

453 5394 850 5447 staurationem
898 5410 909 5444 :
944 5391 1046 5443 etsi
1082 5402 1243 5457 negat
1288 5392 1554 5444 mundum
1587 5393 1732 5445 hunc
1781 5395 2039 5448 sensibus

453 5464 789 5532 expositum,
820 5462 943 5515 ideo
991 5471 1312 5513 renovatum
1368 5463 1457 5521 iri,
1494 5463 1642 5530 quod
1690 5463 1762 5516 sit
1817 5464 2037 5519 futurus

457 5533 797 5587 domicilium
824 5536 1143 5586 beatorum:
1173 5547 1280 5582 non
1305 5532 1451 5583 enim
1474 5532 1525 5583 in
1552 5534 1636 5585 his
1655 5535 1818 5587 terris
1837 5536 2037 5602 tit-gent

463 5604 630 5665 beati,
664 5604 762 5657 sed
792 5618 916 5657 cum
941 5602 1163 5654 Christo
1193 5602 1247 5653 in
1278 5602 1453 5655 caelis.
1486 5602 1600 5656 Sub
1644 5602 1805 5655 linem
1835 5605 2034 5671 capitis

459 5675 677 5743 septimi
709 5673 938 5727 dubium
970 5682 1171 5733 movet,
1200 5687 1325 5743 num
1346 5672 1463 5743 inec
1486 5682 1721 5739 quatuor
1740 5673 2033 5735 elementa,

462 5741 536 5796 ei
554 5744 756 5810 quibus
784 5757 931 5795 nunc
961 5744 1197 5795 mundus
1230 5741 1317 5794 hic
1343 5742 1571 5794 inierior
1598 5752 2032 5810 coagmentatur,

463 5827 824 5882 permansura
848 5813 978 5867 sint.
1006 5811 1115 5867 Nec
1142 5812 1306 5866 solvit
1332 5812 1585 5878 dubium,
1613 5814 1707 5866 sed
1735 5814 2033 5867 insolutum

2146 5190 2428 5259 relinquit.
2454 5190 2731 5247 Caeterum
2761 5190 3076 5246 connuunis
3099 5188 3481 5259 theologorum
3507 5199 3732 5244 sentcn-

2144 5260 2216 5312 tia
2243 5271 2346 5322 est,
2379 5263 2652 5317 elementa
2680 5267 2778 5317 ista
2816 5274 2955 5316 utet
2985 5277 3217 5327 corpora
3252 5261 3501 5313 C(Blt'Slla
3533 5276 3731 5312 secun-

2140 5329 2269 5383 dum
2291 5332 2657 5387 substantiam
2683 5349 2839 5388 suam
2860 5340 3128 5402 perpetuo
3157 5346 3415 5384 mansura
3441 5347 3453 5390 ;
3488 5339 3731 5402 tantum-

2139 5416 2246 5469 que
2269 5403 2319 5454 in
2348 5403 2436 5455 illa
2453 5406 2731 5457 communi
2758 5401 2941 5458 rerum
2960 5402 3308 5468 reparatione
3333 5401 3733 5453 accidentalitrr

2141 5481 2413 5524 tnutatum
2448 5473 2538 5525 iri.
2576 5476 2649 5527 De
2675 5491 2786 5543 quo
2830 5474 2950 5526 fuse
2982 5481 3036 5525 et
3078 5471 3253 5543 doth
3278 5472 3473 5543 scribit
3507 5471 3732 5543 Franci-

2143 5556 2272 5595 seus
2309 5544 2521 5597 Suarez
2557 5540 2705 5597 tomf
2732 5544 2771 5597 ΙΙ
2812 5546 2863 5596 111
2892 5559 2947 5594 111
2979 5550 3189 5611 partem
3224 5540 3280 5595 S.
3309 5541 3553 5601 Theium,
3588 5542 3729 5611 disp.

2146 5613 2234 5672 58,
2289 5613 2380 5665 ubi
2424 5615 2589 5669 etiam
2637 5626 2898 5668 accurate
2948 5610 3180 5682 elvpiical
3231 5613 3412 5665 locum
3494 5613 3644 5665 illum
3691 5610 3732 5665 11

2146 5682 2292 5735 l‘ctri
2347 5699 2442 5737 Ill:
2498 5685 2624 5737 (Σωιὶ
2681 5693 2860 5737 autem
2910 5690 2997 5751 qui
3056 5699 3195 5736 nunc
3248 5692 3395 5745 sunt,
3451 5695 3583 5745 etc.,
3626 5681 3735 5749 igni

2146 5756 2397 5807 reservati
2432 5757 2483 5807 111
2518 5757 2654 5807 diem
2684 5754 2897 5822 judicii,
2928 5766 3037 5808 etc.
