4036 6488
277 469 385 531 899

1721 451 1937 514 ΠῘΟΡἸ
1954 449 2077 510 BA.

3406 468 3409 471 π
3432 439 3543 506 810

278 587 542 652 gnaturos
571 567 977 640 exspectabunt
1010 565 1077 621 ”.
1121 563 1382 620 Christus
1407 562 1555 618 enim
1587 570 1648 616 ut
1696 551 1866 626 Deus,
1898 568 1940 622 Α
1973 554 2253 627 ruptihilis
2281 560 2492 618 creata,
2513 559 2741 623 propter
2784 552 3073 608 hominum
3101 561 3326 624 peccata
3357 569 3558 611 corrc.

279 680 338 728 et
367 682 533 739 quem
567 663 718 719 nulla
743 657 1187 728 circumscriptio
1234 656 1449 722 deﬁnit,
1503 654 1573 709 ab
1626 653 1710 710 eis
1754 668 1864 708 non

278 759 629 834 separabitur
652 753 781 810 :sed
814 752 909 807 ubi
933 752 1023 807 ille
1041 760 1147 817 est,
1167 751 1234 804 ad
1263 749 1542 806 dexteram
1558 746 1655 803 Dei
1686 746 1868 801 Patris

280 857 503 918 sedens,
526 849 640 905 illic
674 849 804 903 item
827 859 1040 905 omnes,
1067 842 1161 913 qui
1191 842 1473 899 Christum
1500 841 1556 895 in
1595 854 1654 895 se
1681 840 1868 893 viven-

283 958 393 1006 tem
424 955 484 1002 et
516 947 836 1013 loquentem
889 940 1224 1002 habuerunt,
1249 953 1347 1008 per
1369 936 1627 1007 spiritum
1676 942 1864 997 erunt,

281 1039 427 1095 sicut
481 1036 715 1105 ipsemet
779 1028 922 1084 Dens
979 1030 1219 1085 Verbum
1277 1028 1345 1083 ad
1407 1027 1625 1082 Patrem
1677 1026 1865 1082 dixit:

289 1149 307 1181 ι
352 1128 532 1189 Pater,
567 1139 708 1195 quos
736 1122 936 1178 dedisti
963 1120 1119 1185 mihi,
1148 1119 1274 1174 volo
1296 1128 1356 1172 ut
1389 1118 1482 1173 ubi
1512 1134 1615 1188 ego
1644 1132 1787 1179 sum,
1813 1125 1870 1172 et

285 1221 391 1292 ipsi
423 1220 534 1274 sint
566 1233 803 1280 mecum,
836 1224 898 1269 ut
940 1213 1168 1268 videant
1196 1213 1425 1284 gloriam
1472 1226 1674 1273 meam,
1699 1224 1866 1280 quam

284 1312 488 1368 dedisti
543 1310 700 1365 mihi.
756 1306 999 1364 Gloriam
1042 1306 1213 1367 enim,
1245 1319 1409 1375 quam
1460 1304 1661 1359 dedisti
1711 1301 1871 1366 mihi,

286 1403 414 1457 dedi
450 1400 554 1463 eis,
589 1410 651 1453 ut
706 1397 819 1452 sint
881 1411 1077 1459 unum,
1112 1394 1258 1448 sicut
1299 1408 1404 1448 nos
1428 1407 1602 1448 unum
1658 1405 1870 1446 sumus.

285 1491 407 1547 Non
441 1504 543 1560 pro
586 1486 655 1542 iis
704 1492 887 1540 autem
919 1497 1053 1552 rogo
1084 1489 1339 1537 tantum:
1395 1482 1491 1537 sed
1522 1490 1579 1536 et
1628 1495 1730 1552 pro
1780 1480 1870 1544 iis,

288 1583 384 1653 qui
416 1596 514 1650 per
550 1578 778 1633 verbum
822 1574 1070 1645 ipsorum
1096 1574 1153 1629 in
1187 1588 1274 1629 me
1298 1572 1563 1629 credituri
1596 1582 1726 1627 sunt
1752 1572 1820 1626 “.
1850 1590 1871 1623 ι

289 1674 444 1741 Quod
479 1673 524 1729 si
565 1672 687 1739 tibi,
717 1687 750 1727 o
782 1672 978 1734 homo,
1004 1671 1152 1725 clara
1199 1676 1284 1723 est
1326 1665 1565 1737 paradisi
1622 1665 1877 1736 voluptas

290 1769 498 1838 potius,
540 1764 766 1819 miseret
794 1778 881 1817 me
907 1761 1249 1819 infelicitatis
1285 1769 1412 1815 luat.

364 1858 545 1915 llabes
567 1858 803 1928 primum
839 1871 905 1910 ac
933 1854 1171 1910 solidum
1198 1850 1576 1907 testimonium
1610 1867 1626 1905 :
1678 1864 1879 1905 secuno

1970 649 2177 722 ptibilis
2202 647 2403 712 evasit,
2433 646 2654 718 quando
2691 655 2748 701 et
2806 661 2909 701 nos
2950 661 3013 700 ex
3047 647 3562 718 incorruptibilibus

1970 740 2364 813 corruptibiles
2400 738 2528 794 facti
2573 753 2784 795 sumus.
2812 738 2942 794 Vult
2967 737 3132 808 igitur
3158 748 3434 806 creatura,
3468 741 3559 796 in-

1972 834 2118 905 quit,
2163 831 2446 887 hominem
2486 829 2542 885 in
2596 844 2753 886 suam
2808 830 3281 903 incorruptionem
3311 834 3557 901 restitui,

1972 926 2119 997 quod
2148 925 2204 980 in
2246 923 2653 979 resurrectione
2679 921 2926 978 futurum
2954 932 3058 991 est,
3081 935 3140 981 et
3169 934 3230 980 ut
3252 925 3373 998 ipsa
3398 941 3557 983 suam

1973 1020 2156 1073 denuo
2178 1017 2530 1088 adipiscatur.
2557 1014 2812 1080 Homine,
2838 1018 3129 1086 siquidem.
3153 1029 3379 1091 propter
3391 1035 3557 1090 quem

1976 1118 2230 1165 creatura
2284 1118 2466 1179 empta
2515 1117 2599 1163 est
2640 1112 2941 1178 corrumpi,
2987 1110 3054 1166 ad
3085 1111 3556 1181 incorruptionem

1975 1214 2218 1265 reverso,
2285 1199 2401 1268 ipsa
2464 1213 2687 1270 quoque
2747 1199 2816 1254 ad
2864 1215 3021 1255 suam
3082 1201 3558 1271 incorruptionem

1976 1291 2330 1345 revocabitur
2344 1294 2384 1344 θ.

2048 1380 2248 1435 Totum
2280 1390 2466 1437 autem
2495 1385 2879 1455 prosopopmia
2920 1397 3169 1454 quaedam
3209 1391 3317 1448 est,
3353 1391 3410 1439 et
3457 1382 3559 1438 bo-

1977 1484 2173 1523 norum
2200 1472 2618 1541 amplitudinem
2662 1474 2924 1538 declarat,
2956 1474 3310 1544 ostenditque
3331 1490 3433 1529 nos
3456 1475 3563 1531 hoc

1979 1564 2153 1633 magis
2172 1564 2398 1620 studere
2450 1565 2674 1632 debere,
2713 1574 2773 1622 ut
2798 1567 3026 1637 gloriam
3057 1566 3217 1623 istaut
3259 1576 3319 1622 et
3378 1567 3566 1623 incor-

1980 1654 2297 1725 ruptionem
2352 1666 2712 1726 assequamur
2744 1674 2759 1710 :
2795 1657 3069 1727 siquidem
3099 1666 3169 1714 .et
3205 1666 3460 1714 creatura
3507 1658 3563 1716 id

1979 1748 2279 1802 desiderat.
2324 1748 2470 1805 Cave
2504 1749 2653 1805 enim
2707 1749 3011 1815 existimes,
3061 1748 3382 1816 inanimem,
3435 1766 3566 1806 sen-

1981 1852 2185 1909 susque
2222 1849 2504 1910 expertem
2538 1850 2849 1896 creaturam
2880 1855 3011 1895 vere
3071 1841 3189 1896 haec
3245 1850 3566 1912 exspectaro

290 1951 422 2004 dum
446 1959 505 2003 et
534 1925 759 2004 tertium
789 1961 1034 2019 quoque,
1061 1954 1125 2000 ut
1147 1945 1326 2014 cupis,
1382 1944 1596 2013 accipe.
1646 1942 1876 2013 Magnus

1998 1932 2748 2004 ειεεηιίτθςάποκαραδοκια
2801 1940 2985 1989 autem
3035 1932 3418 1988 vehementem
3465 1947 3566 1989 ex-

291 2043 515 2112 qnippe,
554 2049 612 2095 et
634 2039 1077 2110 sapientissimus
1096 2036 1545 2108 Chrysostomus,
1566 2034 1680 2104 ipsa
1721 2033 1878 2089 l'csti-

290 2135 453 2199 vitas,
479 2148 544 2187 ea
575 2147 696 2202 quae
733 2131 936 2187 Paulus
964 2130 1032 2185 ad
1062 2128 1340 2185 Romanos
1371 2129 1612 2198 scripsit,
1657 2128 1878 2198 sapien-
1917 2185 1921 2189 ,

291 2234 379 2282 ter
405 2241 716 2296 exponens,
782 2223 859 2278 ita
888 2223 1071 2278 docet.
1105 2223 1247 2278 Sunt
1301 2230 1486 2277 autem
1540 2220 1707 2276 verba
1761 2220 1878 2290 ipsa

290 2318 597 2383 recitando,
634 2325 694 2372 ut
713 2331 773 2372 se
797 2316 1023 2371 habent.

869 2445 1099 2503 CAPUT
1143 2445 1253 2504 VII.

296 2560 465 2618 Locus
487 2560 625 2613 beati
654 2557 811 2629 Bauli
836 2560 907 2617 ad
952 2559 1225 2629 Romanos
1268 2575 1282 2613 :
1316 2576 1335 2610 ι
1377 2557 1521 2614 Nam
1561 2560 1882 2629 exspectatio

368 2640 630 2684 creaturis
660 2628 897 2697 ﬁliorum
934 2628 1027 2682 Dei
1071 2629 1438 2685 reuelationem
1477 2628 1739 2699 exspectat
1768 2631 1833 2690 *κ
1854 2648 1875 2681 ιι

369 2711 417 2754 et
441 2717 559 2771 qut?
596 2710 913 2765 sequuntur,
934 2714 1005 2752 ex
1043 2699 1101 2771 S_.
1119 2699 1328 2753 Joanne
1353 2699 1724 2771 Chrysostomo
1756 2715 1884 2769 pro—

371 2769 649 2842 pernodum
676 2771 1019 2838 explanatur.
1050 2769 1265 2824 Statum
1289 2773 1524 2840 corporis
1550 2769 1689 2824 beati
1709 2771 1764 2822 in
1787 2771 1886 2823 hac

375 2841 483 2894 cita
527 2841 746 2910 perfecte
778 2856 882 2893 non
918 2841 1177 2910 cognosci.

383 2950 540 3005 llunc
576 2966 793 3005 sensum
834 2951 1022 3018 habet,
1083 2951 1230 3021 quod
1267 2949 1382 3004 ait:
1411 2949 1674 3006 lnteritus
1716 2964 1889 3020 capax

309 3051 561 3096 creatura
589 3042 730 3097 facta
749 3048 857 3108 est,
883 3042 996 3096 Deo
1023 3043 1096 3096 ita
1127 3042 1346 3096 volente
1391 3041 1755 3112 jubenteque.
1788 3039 1892 3095 Vo-

304 3136 409 3192 luit
441 3143 624 3189 autem
676 3138 851 3192 nostri
883 3151 1069 3191 causa.
1114 3134 1383 3200 Quoniam
1416 3132 1565 3188 enim
1608 3134 1889 3188 hominem

1978 2025 2373 2094 spectationem
2407 2024 2680 2096 signiﬁcat

2048 2115 2207 2183 Quod
2266 2125 2448 2173 autem
2490 2118 2763 2188 sequitur,
2809 2135 2829 2170 ι
2868 2116 3280 2174 Revelationem
3322 2118 3562 2175 ﬁliorum

1981 2208 2076 2263 Dei
2123 2217 2445 2278 exspectat:
2487 2228 2505 2261 ι
2550 2208 2604 2263 id
2644 2217 2749 2273 est,
2784 2209 2972 2276 ﬁnem,
3003 2210 3225 2279 quando
3258 2211 3566 2281 apparebit,

1979 2299 2206 2371 quinam
2244 2299 2355 2355 sint
2389 2301 2482 2355 lilii
2514 2300 2633 2366 Dei,
2665 2310 2722 2356 et
2755 2300 2851 2371 qui
2878 2301 2972 2355 lilii
3004 2302 3231 2357 diaboli.
3269 2323 3288 2355 ‹
3322 2304 3563 2363 Vanitati

1982 2395 2130 2446 enim
2162 2403 2416 2448 creatura
2446 2394 2695 2463 subjecta
2736 2404 2844 2459 est,
2878 2412 2896 2446 ι
2942 2393 2993 2449 id
3043 2403 3149 2460 est,
3198 2399 3568 2468 eorruptioni.

1985 2483 2097 2540 llae
2118 2485 2269 2539 enim
2295 2484 2660 2539 condemnata
2702 2495 2787 2541 est
2818 2495 3045 2555 propter
3094 2496 3317 2558 peccata
3357 2499 3569 2545 nostra.

1992 2594 2011 2626 ι
2048 2576 2163 2629 Non
2204 2577 2416 2631 volens.
2452 2595 2471 2629 ι
2506 2577 2708 2636 Christi
2750 2580 3013 2648 potentiae
3052 2590 3110 2634 et
3136 2580 3242 2635 hoc
3273 2597 3572 2652 argumen-

1990 2674 2103 2721 tum
2128 2675 2235 2731 est,
2274 2666 2503 2721 invitam
2533 2667 2829 2737 subjicere.
2861 2686 2881 2718 ι
2921 2668 3029 2724 Sed
3060 2679 3286 2743 propter
3316 2688 3441 2727 eum
3476 2677 3571 2745 qui

1988 2759 2229 2829 subjecit
2256 2773 2378 2812 eam
2410 2759 2466 2813 in
2500 2772 2619 2828 spe,
2664 2758 2926 2829 quoniam
2960 2769 3018 2815 et
3055 2760 3170 2830 ipsa
3202 2772 3455 2819 creatura
3500 2765 3572 2820 li-

1989 2852 2275 2908 berabitur
2316 2867 2346 2907 a
2398 2832 2667 2906 servitu't’c
2734 2853 3128 2923 corruptionis.
3160 2873 3180 2907 ι
3233 2856 3331 2920 Ita,
3370 2857 3573 2928 inquit,

1989 2954 2046 3000 et
2077 2945 2193 3014 ipsa
2223 2943 2608 2999 liberationem
2636 2952 2938 3014 exspectat.
2968 2944 3084 3000 Sub
3107 2961 3204 3017 spe
3230 2947 3408 3019 igitur
3431 2949 3574 3006 libe-

1992 3037 2226 3091 rationis
2265 3036 2510 3107 subjecta
2545 3043 2651 3092 est.
2690 3036 2897 3092 Deinde
2945 3037 3050 3092 hoc
3077 3040 3253 3110 ipsum
3302 3041 3574 3112 interpre-

1995 3138 2162 3192 tatur,
2193 3128 2472 3199 quomodo
2499 3128 2554 3183 in
2583 3144 2702 3200 spe.
2739 3148 2758 3181 ι
2799 3129 2937 3197 Quia
2967 3138 3022 3185 et
3054 3129 3169 3200 ipsa
3209 3143 3464 3189 creatura
3502 3134 3573 3189 li-

307 3227 664 3282 inteliturum
690 3225 967 3286 nutritura
996 3234 1134 3291 erat,
1167 3226 1341 3295 ipsam
1372 3240 1593 3295 quoque
1629 3224 1889 3297 hujusce-
1917 3262 1962 3322 Ο
1993 3222 2301 3285 berabitur,
2354 3222 2554 3292 inquit,
2618 3222 2676 3277 in
2732 3221 3042 3278 libertatem
3095 3224 3281 3295 gloria:
3334 3226 3572 3287 ﬁliorum

303 3321 453 3379 modi
489 3336 612 3376 esse
656 3323 965 3390 oportebat.
997 3320 1186 3388 Neque
1235 3320 1384 3375 enim
1415 3334 1650 3389 corpora
1687 3334 1885 3374 corru-

306 3413 482 3483 pt?oni
507 3411 777 3482 subjecta,
805 3425 834 3463 a
859 3406 1135 3475 creatura,
1158 3425 1280 3478 qua:
1305 3417 1454 3465 esset
1477 3424 1507 3464 a
1532 3409 1888 3479 corruptione

305 3503 507 3559 aliena.
557 3499 915 3556 sustentanda
945 3508 1124 3555 erant.
1184 3499 1589 3556 Verumtamen
1623 3514 1731 3553 non
1766 3500 1890 3555 talis

309 3592 576 3653 manebit.
616 3591 826 3663 inquit:
858 3589 955 3645 sed
988 3598 1043 3645 et
1084 3589 1200 3660 ipsa
1226 3597 1481 3646 creatura
1503 3591 1832 3647 liberabitur
1858 3605 1890 3645 ιι

305 3689 576 3744 servitute
628 3686 861 3751 inimici,
916 3684 971 3739 id
1016 3692 1124 3749 est,
1187 3699 1217 3736 a
1252 3683 1626 3754 corruptione.
1682 3684 1894 3740 Deinde

306 3781 649 3850 signiﬁcans,
675 3778 896 3848 quando
950 3777 1076 3841 hoc,
1103 3784 1160 3831 et
1188 3792 1288 3847 per
1315 3790 1481 3846 quem
1523 3776 1769 3832 l'uturum
1798 3776 1891 3840 sit,

307 3872 584 3942 adjunxit,
627 3889 646 3921 ι
679 3870 737 3925 In
763 3869 1070 3925 libertatem
1120 3866 1308 3937 gloriae
1339 3865 1576 3921 ﬁliorum
1641 3866 1740 3922 Dei
1774 3868 1840 3921 ⁸³.
1867 3885 1888 3919 ι

308 3966 449 4021 Cum
479 3964 628 4019 enim
663 3963 1151 4023 resurrexerimus,
1182 3961 1386 4030 inquit,
1406 3967 1463 4014 et
1483 3974 1714 4030 corpora
1753 3976 1897 4015 nun-

307 4073 481 4128 quam
509 4056 578 4110 de
599 4064 800 4111 caetero
825 4055 1093 4110 moritura
1115 4053 1488 4116 induerimus,
1516 4060 1632 4108 tum
1661 4061 1720 4107 et
1748 4054 1896 4116 coeli,

309 4161 368 4206 ιι
409 4160 593 4212 terrae,
632 4158 689 4204 et
713 4151 981 4219 cujusque
1010 4155 1278 4204 creaturae
1330 4162 1535 4217 corpus
1561 4147 1899 4218 incorrupti-

312 4244 432 4299 bile
477 4251 535 4297 et
561 4242 877 4300 immortale
926 4241 1057 4297 crit.
1112 4241 1179 4297 Et
1232 4240 1348 4295 haec
1400 4239 1622 4309 quidem
1659 4240 1900 4297 Joannes

316 4333 417 4391 ille
446 4335 634 4405 lingua
661 4349 887 4389 aureus.
933 4333 1075 4390 Audi
1105 4348 1273 4403 porro
1293 4331 1577 4403 hujusloci
1618 4339 1676 4386 et
1730 4332 1898 4387 alium

317 4426 715 4495 interpretem.
749 4425 1105 4495 Exspectatio
1161 4424 1311 4479 enim
1359 4432 1629 4478 creaturae
1661 4424 1769 4479 hoc
1795 4424 1901 4479 sibi

312 4519 445 4572 vult
478 4519 586 4573 :Et
619 4519 734 4588 ipsa
785 4525 1060 4579 creatura,
1112 4516 1314 4586 inquit,
1369 4514 1609 4570 futuram
1673 4515 1901 4587 gloriam

1994 3317 2110 3371 Dei.
2142 3334 2161 3369 ι
2220 3315 2378 3381 Puta,
2423 3325 2650 3386 propter
2685 3315 2998 3373 libertatem
3053 3320 3260 3389 gloriae,
3312 3320 3417 3377 hoc
3465 3333 3576 3389 est,

1990 3415 2221 3480 propter
2250 3423 2354 3465 nos
2386 3411 2496 3464 erit
2526 3417 2583 3463 et
2618 3418 2874 3465 creatura
2921 3410 3378 3485 ineorruptibilis.
3421 3415 3579 3475 Sicut

1992 3502 2141 3557 enim
2173 3511 2402 3572 propter
2433 3517 2535 3556 nos
2585 3511 2671 3557 cst
2716 3513 2997 3571 corrupta,
3053 3504 3135 3560 sic
3162 3504 3404 3563 vicissim
3454 3524 3584 3579 pro-

1993 3602 2120 3665 pter
2153 3609 2256 3648 nos
2285 3593 2393 3648 erit
2422 3593 2767 3663 incorrupta.
2804 3593 3076 3660 Quoniam
3119 3596 3175 3650 in
3209 3596 3522 3655 libertatem
3549 3618 3580 3660 a

1996 3686 2351 3756 corruptione
2386 3685 2781 3753 vindieahitur,
2815 3694 3007 3757 utpote
3042 3691 3457 3761 corruptionem
3498 3694 3583 3749 in.
3640 3708 3645 3713 ‘

1996 3778 2354 3849 corruptione
2401 3786 2640 3832 mutans.
2697 3794 2716 3829 ι
2765 3775 2982 3834 Scimus
3013 3779 3160 3834 enim
3208 3785 3355 3852 quod
3401 3786 3586 3847 omnis

1999 3881 2254 3926 creatura
2286 3869 2600 3941 ingemiscit
2626 3877 2683 3923 et
2728 3869 2965 3941 parturit
3003 3885 3178 3940 usque
3219 3873 3420 3931 adhuc.
3454 3895 3474 3930 ι
3524 3878 3579 3935 Si

2000 3972 2252 4019 creatura
2284 3962 2444 4018 simul
2472 3962 2802 4032 ingemiscit,
2833 3962 3025 4018 volens
3055 3967 3467 4035 corruptionem
3492 3969 3585 4024 dc-

2000 4069 2229 4125 ponere,
2262 4063 2473 4124 quanto
2496 4055 2669 4126 magis
2695 4069 2797 4110 nos
2827 4054 2932 4110 hoc
2958 4055 3100 4110 velle
3125 4055 3428 4115 debemus?

2069 4147 2137 4201 Et
2161 4149 2257 4202 has
2276 4147 2498 4217 quidem
2524 4148 2958 4217 persecutiones,
3002 4148 3421 4222 solutioncsque
3460 4170 3588 4225 pro-

2005 4252 2128 4311 pter
2161 4250 2472 4295 creaturam
2507 4240 2575 4294 ab
2603 4240 2797 4296 illustri
2833 4241 2926 4297 illo
2958 4240 3369 4313 Scripturarum
3397 4248 3588 4318 expla-

2005 4340 2200 4387 natore
2237 4330 2633 4403 Chrysostomo
2688 4329 2944 4387 inductas
3003 4333 3262 4391 audivisti
3306 4351 3321 4390 :
3365 4352 3587 4407 nempe.

2005 4424 2283 4495 quodnam
2307 4439 2509 4481 novum
2533 4423 2753 4489 caelum,
2789 4440 2912 4495 qua:
2949 4442 3091 4483 nova
3145 4437 3312 4493 terra,
3341 4437 3399 4484 et
3448 4445 3590 4500 quo-

2009 4517 2176 4571 modo
2197 4516 2361 4571 etiam
2388 4516 2505 4571 haec
2548 4516 2767 4572 tandem
2796 4517 3264 4589 incorruptionem
3295 4531 3592 4581 consecuta

311 4618 570 4667 nostram
600 4608 958 4664 vehementer
988 4615 1289 4676 exspectat.
1317 4606 1543 4673 Quare?
1581 4606 1709 4678 quia
1731 4608 1905 4662 incor-
1931 4601 1984 4660 D
2011 4609 2141 4665 sint.
2186 4609 2330 4666 Nihil
2373 4609 2542 4681 igitur
2566 4610 2804 4681 ambige,
2839 4626 2944 4668 nec
2999 4620 3455 4670 controversam:
3492 4614 3590 4673 sed

386 4723 439 4754 ⁵⁹
488 4722 698 4777 Coloss.
753 4738 836 4786 ιιι,
861 4724 916 4776 4.
985 4722 1030 4754 ⁸⁸
1062 4722 1219 4777 Joan.
1240 4737 1374 4785 xvn,
1399 4719 1491 4789 20,
1514 4723 1607 4779 ‘25.

1694 4724 1738 4755 "
1772 4723 1934 4781 Rom.
1962 4742 2083 4791 vm,
2119 4726 2199 4782 ιο.
2276 4726 2320 4756 ⁶¹
2360 4725 2498 4783 Ibid.
2541 4726 2633 4781 ει.

1821 4840 2099 4901 Schona.

396 4967 421 4990 θ
452 4983 470 5013 ι
503 4962 564 5017 Et
590 4976 770 5014 omnes
800 4960 931 5013 sicut
953 4959 1318 5013 vestimentum
1350 4967 1690 5020 veterascent,
1715 4966 1765 5012 et
1785 4961 1918 5013 sicut
2011 4964 2293 5025 saltantes,
2329 4970 2442 5014 tum
2470 4968 2673 5016 montes
2697 4961 3029 5018 subsilientes
3048 4978 3066 5015 :
3097 4977 3201 5015 non
3236 4970 3293 5015 ut
3332 4964 3440 5018 haec
3468 4969 3592 5022 ani-

317 5034 683 5112 opertorli‘um.
722 5030 1089 5112 mutabisleos,
1120 5036 1173 5112 et
1211 5029 1559 5112 mutabuntur
1585 5066 1600 5082 .
1632 5029 1803 5112 (Psal.
1844 5046 1917 5093 Cl,

312 5096 449 5175 ἓξ.)
478 5123 498 5155 ι
534 5101 719 5156 Omnia
737 5101 873 5153 enim
896 5100 990 5152 sub
1012 5096 1188 5175 oculos
1218 5099 1464 5175 cadentia
1519 5109 1805 5175 senescent,
1832 5116 1915 5175 ue-

319 5167 706 5237 uimentorum
734 5176 1049 5228 vetustatem
1075 5169 1366 5222 imitantia.
1387 5167 1461 5238 Tu
1484 5177 1662 5220 autem
1684 5171 1800 5238 ipsa
1820 5173 1923 5224 im-

321 5244 587 5305 mutabis.
614 5251 660 5294 et
687 5240 980 5301 renovabis,
1007 5248 1054 5291 et
1071 5236 1497 5308 incorruptibilia
1532 5236 1781 5305 [acies’in
1832 5256 1918 5293 re-

318 5314 677 5376 surrectione.
714 5308 859 5365 Sicut
887 5313 1027 5365 enim
1069 5324 1293 5372 corpora
1321 5320 1503 5361 nostra
1536 5311 1770 5363 resoluta
1814 5326 1922 5364 esse

320 5387 603 5446 desinent,
623 5395 936 5448 rursumque
954 5381 1023 5432 ad
1049 5375 1505 5432 immortalitatem
1530 5378 1920 5435 instaurabun-

324 5469 389 5513 ιιι
408 5474 439 5503 r
458 5497 471 5517 ,
504 5456 581 5507 sic
611 5461 659 5504 et
688 5449 917 5504 ca'lestia
944 5465 1167 5519 corpora
1199 5450 1612 5510 renovabuntur,
1651 5451 1707 5503 in
1739 5452 1924 5504 maio-

324 5543 453 5583 rem
481 5531 677 5577 sortem
714 5518 894 5589 relicta
917 5518 980 5573 de
1005 5518 1228 5589 integro,
1261 5519 1375 5586 ipsa
1404 5532 1609 5587 quoque
1629 5520 1926 5574 aservitute

322 5594 692 5664 corruptionis
719 5588 964 5664 liberata.

416 5670 453 5688 "
483 5657 771 5732 Chrysost.
794 5699 808 5710 .
833 5659 1143 5732 Avidissima
1156 5663 1471 5732 exspectatio
1500 5657 1727 5732 est.Quo
1748 5662 1925 5713 autem

326 5736 519 5794 oratio
544 5728 929 5802 siqriiﬁcuntior
955 5728 1128 5802 ﬁeret,
1160 5728 1412 5802 mundum
1441 5733 1577 5786 hunc
1624 5731 1925 5784 universam

328 5798 647 5882 Mentem
680 5800 918 5882 inducit;
966 5798 1018 5850 id
1047 5800 1187 5882 quod
1235 5808 1310 5882 et.
1333 5805 1596 5882 propheta:
1630 5803 1923 5882 factitant,

331 5869 598 5966 iacientes
629 5880 740 5923 tum
775 5871 960 5937 ﬂuvios
990 5870 1231 5922 manibus
1254 5869 1587 5939 plaudentes,
1622 5880 1730 5923 tum
1767 5869 1925 5923 colles

628 5962 900 6022 Ριιτιιοι.
931 5959 1044 6021 Gn.
1095 5960 1377 6024 CXXVII

2017 5044 2162 5087 mata
2220 5046 2329 5084 esse
2360 5040 2619 5098 putemus,
2652 5047 2818 5101 neque
2847 5040 2903 5084 ut
2932 5034 3039 5087 illis
3066 5033 3436 5101 cogitationem
3490 5038 3597 5093 ali.

2016 5119 2179 5175 quam
2212 5100 2568 5175 attribuamus
2599 5116 2616 5152 :
2644 5100 2738 5154 sed
2756 5110 2811 5153 ut
2832 5103 2952 5175 hinc
2979 5100 3235 5175 bonorum
3269 5105 3599 5175 magnitudi-

2017 5169 2137 5225 nem
2158 5169 2542 5239 intelligamus,
2572 5179 2631 5222 ut
2657 5186 2776 5239 qua:
2807 5171 2889 5224 vel
2918 5173 2988 5226 ad
3028 5187 3239 5226 sensum
3295 5169 3458 5229 etiam
3509 5195 3603 5233 ca-

2018 5242 2194 5295 rentia
2252 5241 2538 5310 pertingat.
2577 5239 2685 5292 Hoc
2714 5241 2886 5310 ipsum
2913 5253 3091 5296 autem
3136 5252 3186 5295 et
3217 5242 3272 5295 in
3303 5243 3454 5299 rebus
3505 5250 3606 5307 tri-

2014 5312 2179 5365 stibus
2206 5308 2441 5378 persaepe
2465 5308 2690 5377 faciunt,
2734 5308 3064 5375 inducentes,
3108 5321 3158 5365 et
3199 5315 3357 5367 vitem
3393 5314 3602 5371 lamen-

2019 5389 2256 5455 tantem,
2300 5392 2349 5432 et
2383 5380 2580 5455 viuum,
2620 5386 2670 5431 et
2719 5389 2940 5443 montes,
2979 5391 3031 5455 et
3082 5382 3265 5453 templi
3319 5384 3604 5455 laquearia

2027 5449 2324 5520 ejulantia;
2346 5456 2422 5522 _ut
2450 5458 2501 5522 et
2519 5450 2638 5501 hinc
2665 5465 2852 5503 rursus
2881 5452 3144 5522 malorum
3169 5449 3485 5522 grauitatem
3515 5473 3604 5510 re-

2030 5519 2293 5590 putemus.
2337 5519 2442 5572 Hos
2485 5520 2665 5590 itaque
2698 5520 2980 5590 Apostolus
3014 5519 3273 5583 imitatus,
3323 5525 3416 5576 hoc
3469 5524 3603 5589 loco,

2030 5606 2307 5663 personam
2334 5589 2593 5642 creaturis
2622 5589 3374 5663 aﬂingit,eamquesuspirare
3397 5602 3445 5644 et
3480 5611 3609 5663 par-

2029 5661 2198 5731 turire
2230 5661 2306 5731 ait
2338 5675 2357 5713 :
2388 5673 2492 5731 non
2533 5667 2672 5731 quoa
2708 5662 2997 5731 suspirium
3046 5660 3262 5731 aliquod
3305 5677 3338 5713 a
3376 5660 3519 5716 terra
3556 5674 3608 5718 et

2029 5730 2158 5784 caelo
2186 5729 2383 5782 editum
2402 5730 2517 5800 ipse
2537 5728 2914 5800 audieritjsed
2944 5739 3000 5783 ut
3033 5728 3327 5800 futurorum
3349 5731 3605 5791 bonorum

2028 5800 2439 5873 immensitatem
2482 5797 2898 5873 desideriumque
2950 5797 3200 5864 declaret,
3237 5801 3377 5869 quod
3423 5805 3603 5873 habet,

2032 5877 2087 5923 ut
2121 5868 2274 5924 malis
2307 5870 2647 5940 prmtibm
2689 5868 2958 5925 liberetur.

3134 5961 3214 6025 ‘26
