4036 6416
451 384 557 449 8H

1695 377 1793 438 PH
1807 376 2040 438 lLlPPI
2082 375 2472 437 SOLI'I'ARII

3627 379 3735 441 Si?

446 517 576 557 cum
610 498 847 554 audieris
893 503 1201 552 creaturam
1257 493 1374 549 fore
1431 489 1946 558 incorruptibilem.
1986 488 2119 546 ctA
2147 485 2295 540 enim
2326 489 2719 545 velamentum.
2775 499 2994 539 carnem
3047 501 3133 540 me
3185 487 3418 549 scilicet.
3457 492 3731 556 contines,

445 593 640 654 crede,
672 602 725 647 et
764 599 914 661 puta,
951 599 1006 643 et
1038 603 1190 657 sape,
1233 596 1290 641 ct
1322 586 1433 649 dic,
1485 586 1704 655 penitus
1749 582 1884 636 nihil
1937 581 2037 633 ho-

456 701 575 741 rum
611 701 729 754 quin
760 690 1026 736 creaturm
1047 679 1334 749 complexu
1365 678 1743 739 continentur,
1790 682 1848 728 et
1890 687 2039 726 nunc

454 783 909 845 corrumpuntur,
942 772 1109 827 etiam
1136 780 1267 827 tunc
1291 770 1502 825 semina
1532 768 1792 822 interitus
1816 764 2041 819 habitu-

454 885 599 924 rum.
638 869 752 924 Nec
780 866 931 922 enim
974 865 1028 920 in
1057 863 1239 919 futura
1267 864 1359 917 illa
1386 862 1518 926 vita,
1549 858 1874 930 gaudiisque
1901 870 2041 910 ven-

453 960 596 1015 turis
628 957 774 1012 ullus
805 956 914 1012 crit
940 964 1324 1009 creaturarum
1355 966 1511 1014 usus,
1544 963 1670 1004 cum
1721 945 1893 1017 ﬁgura
1934 944 2043 998 bu-

449 1051 752 1123 jusmundi
790 1048 1120 1120 praeteribit,
1169 1062 1270 1100 nec
1314 1044 1597 1115 quidpiam
1628 1041 1856 1097 omnino
1915 1039 2044 1101 tale,

454 1145 619 1212 quale
674 1157 825 1197 nunc
855 1150 963 1205 est,
1005 1139 1366 1207 relinquetur.
1411 1137 1547 1191 Dum
1595 1132 1740 1187 cnim
1792 1139 2049 1187 creatura

457 1236 869 1305 corruptionem
949 1244 1003 1287 et
1059 1238 1401 1285 senectutem
1466 1235 1652 1290 exuet,
1692 1224 1853 1279 simul
1891 1230 2049 1277 vetus

458 1325 655 1378 vitium
707 1332 763 1376 ct
802 1321 1077 1376 defectum
1119 1328 1324 1381 exuet;
1358 1332 1536 1387 neque
1567 1330 1708 1385 quos
1752 1327 2048 1368 enumera-

460 1418 662 1481 \itliUS,
694 1414 775 1468 vel
828 1412 1058 1476 Daiide,
1102 1412 1186 1463 vel
1222 1410 1397 1464 tribus
1442 1409 1651 1478 pueris,
1688 1406 1772 1460 vel
1819 1416 1870 1460 te
1904 1405 2048 1459 indi-

460 1507 632 1576 gebit,
669 1521 700 1561 a
729 1505 930 1575 quibus
962 1503 1027 1558 ad
1066 1503 1237 1557 Deum
1264 1500 1601 1561 laudandum
1624 1500 1920 1562 excitetur,
1955 1501 2051 1567 qui

459 1601 612 1655 solus
642 1599 749 1653 erit
788 1597 974 1652 omnia
1005 1597 1060 1655 in
1090 1595 1352 1649 omnibus
1380 1593 1447 1658 “,
1488 1602 1544 1649 et
1574 1592 1869 1648 distribuat
1902 1590 2053 1645 suill-

459 1692 694 1755 cicntcr,
726 1697 784 1743 et
849 1688 1054 1743 eximie
1098 1700 1199 1756 pro
1254 1685 1523 1754 cujusque
1582 1698 1683 1737 usu
1735 1691 1792 1737 et
1854 1682 2054 1735 merito

459 1782 744 1846 omnibus,
790 1780 1093 1837 S‘Clllldlllll
1126 1780 1350 1836 virtutis
1395 1793 1735 1841 mensuram,
1785 1784 1843 1830 et
1882 1775 2049 1828 vitam

463 1876 636 1946 probe
670 1884 973 1945 peractam,
1030 1889 1130 1944 pro
1178 1871 1495 1927 omnimoda
1570 1868 1908 1940 perfectione
1952 1882 2053 1921 sua

461 1981 527 2024 ac
558 1963 924 2034 plenitudine.
977 1964 1160 2018 Testis
1197 1972 1283 2016 est
1338 1962 1646 2031 Scriptura,
1683 1968 1740 2013 et
1771 1959 1927 2014 testis
1963 1956 2052 2011 cui

460 2057 765 2115 c-mtradici
800 2055 1031 2126 nequit,
1065 2054 1325 2124 quoniam
1358 2066 1411 2107 et
1443 2054 1597 2108 locus
1620 2052 1784 2114 Deus,
1826 2061 1879 2105 et
1903 2064 2051 2112 eSca.

459 2161 517 2206 et
551 2161 735 2218 potus.
767 2157 815 2202 et
849 2148 1059 2211 lumen,
1093 2156 1150 2201 et
1182 2145 1471 2209 habitatio,
1511 2153 1568 2199 ct
1598 2145 1856 2206 amictus,
1884 2152 1942 2197 et
1970 2141 2057 2203 di-

469 2242 641 2309 vitiis,
667 2249 725 2296 et
755 2240 1051 2311 imperium
1095 2239 1214 2293 sine
1257 2240 1629 2302 successione,
1686 2248 1743 2291 et
1803 2236 2056 2291 omnibus

472 2333 582 2388 erit
613 2333 817 2395 omnia,
847 2341 901 2384 ct
925 2330 1193 2399 quidquid
1220 2331 1438 2384 tandem
1480 2339 1585 2391 est,
1633 2338 1689 2382 et
1740 2329 2058 2383 nominatur

472 2424 641 2487 Deus,
671 2423 737 2477 ad
772 2423 939 2478 vitam
975 2422 1120 2481 illam
1155 2422 1547 2493 sempiternam
1583 2420 1865 2475 idoneum.

529 2514 726 2567 ANIMA.
762 2512 832 2571 Ut
868 2513 1036 2583 igitur
1064 2510 1356 2565 ostendisti
1389 2509 1814 2580 probationibus
1861 2523 2056 2564 ncces-

465 2604 651 2669 sariis,
690 2618 791 2657 nec
839 2604 938 2657 ista
978 2610 1237 2672 quatuor,
1267 2610 1323 2656 et
1357 2601 1531 2670 prima
1568 2602 1814 2656 omnium
1862 2615 2058 2671 corpo-

466 2712 587 2752 rum
622 2697 916 2760 elementa,
964 2697 1240 2762 videlicet,
1276 2711 1441 2768 aqua,
1479 2704 1645 2761 terra,
1705 2712 1820 2762 aer,
1882 2695 2057 2749 a:thcr

466 2790 580 2845 sive
616 2790 778 2861 ignis,
825 2791 878 2843 in
921 2790 1124 2860 quibus
1164 2798 1221 2843 et
1276 2804 1373 2858 per
1399 2803 1531 2858 quat,
1558 2798 1669 2844 tota
1698 2787 1887 2842 mundi
1936 2802 2055 2841 ma-

467 2882 631 2937 china
656 2881 926 2944 subsistit,
950 2881 1389 2953 aspectabilium,
1416 2880 1779 2944 sensibilium,
1809 2880 2060 2934 animati.

470 2974 630 3037 tium,
665 2974 1057 3045 vegetabilium
1079 3016 1095 3039 ,
1126 2982 1335 3053 ecqua:
1380 2973 1636 3041 ζωέφυτα
1682 2982 1973 3037 vocantur,
2000 2979 2056 3026 et

362 3066 372 3074 ’
466 3068 803 3135 plantarum,
866 3066 1321 3129 inanimatorum,
1378 3064 1806 3129 insensibilium,
1864 3078 2057 3125 mane.

2145 594 2247 632 nec.
2273 578 2586 631 claritatem
2618 576 2766 631 illam
2806 577 3246 646 inexplicabilem
3288 590 3584 635 consecuta
3621 583 3739 637 tue-

2143 673 2242 732 ris.
2273 670 2618 741 impossibile
2649 684 2880 740 prorsus
2920 677 3027 733 est,
3079 679 3140 723 ut
3192 685 3253 725 se
3316 672 3417 726 ista
3474 673 3736 737 habeant,

2144 774 2503 831 cognoscere.
2540 758 2595 814 Id
2626 759 2775 829 quod
2807 775 2874 814 ex
2906 759 3056 814 hisce
3086 761 3241 815 Pauli
3291 762 3477 818 verbis
3509 764 3685 833 liquet
3714 783 3731 823 ε

2152 869 2172 904 ι
2207 850 2474 908 Videmus
2500 864 2653 905 nunc
2676 850 2829 921 (dum
2847 866 3041 905 sumus
3061 852 3118 907 in
3140 853 3240 907 hac
3265 855 3395 923 vita)
3419 872 3517 925 per
3534 872 3737 926 specu-

2145 944 2284 1009 lum,
2315 944 2370 999 in
2395 944 2683 1013 aenigmate
2714 961 2730 997 ε
2767 953 2899 999 tunc
2922 952 3108 999 autem
3132 944 3270 1001 faeie
3292 948 3360 1001 ad
3393 948 3585 1002 faciem
3606 950 3676 1012 “,
3712 968 3734 1002 ι

2148 1036 2375 1107 quando
2411 1035 2677 1089 nimirum
2704 1050 2831 1091 cum
2862 1044 3060 1091 natura
3078 1037 3370 1097 subtiliore
3396 1039 3453 1093 in
3479 1043 3647 1094 vitam
3672 1056 3740 1097 es

2150 1130 2389 1183 mortuis
2416 1128 2746 1184 redierimus
2771 1130 2812 1181 ‘.

2224 1224 2379 1278 Nunc
2423 1223 2557 1277 mihi
2601 1223 2831 1279 molesta
2868 1233 2926 1279 et
2969 1240 3207 1281 onerosa
3257 1243 3327 1282 ne
3388 1228 3504 1282 sis:
3533 1230 3631 1284 sed
3690 1230 3742 1286 si

2151 1317 2284 1387 quid
2320 1317 2653 1388 gryphorum
2679 1326 2728 1370 et
2782 1316 3090 1372 diliicilium
3116 1333 3280 1371 nosse
3338 1320 3511 1385 voles,
3565 1323 3740 1391 magi-

2152 1416 2300 1461 stros
2350 1412 2746 1477 percunctere,
2779 1414 2837 1463 et
2864 1407 2933 1460 ab
2959 1408 3026 1461 iis
3049 1408 3230 1462 discas
3254 1408 3381 1465 licet
3413 1427 3427 1463 :
3462 1426 3548 1465 me
3583 1413 3746 1465 indo-

2153 1509 2296 1554 ctam
2327 1512 2397 1553 ne
2430 1513 2585 1569 urge,
2622 1507 2683 1553 ut
2708 1498 2801 1553 hic
2829 1509 3080 1569 optatum
3121 1499 3287 1555 linem
3314 1502 3618 1572 disputatio
3645 1520 3743 1560 ac-

2154 1592 2348 1663 cipiat.

2746 1707 2974 1764 CAPUT
3012 1708 3151 1769 Vl".

2159 1798 2338 1854 Finem
2370 1797 2555 1854 mundi
2582 1801 2840 1854 incertum
2863 1816 2972 1854 esse
2999 1817 3017 1854 :
3046 1817 3204 1871 super
3236 1818 3295 1855 eo
3322 1802 3553 1871 plurium
3607 1807 3747 1861 vati-

2227 1872 2518 1925 cinationes
2542 1880 2592 1924 et
2629 1873 2967 1940 conjectura.
2998 1871 3240 1942 Gregorii
3272 1871 3598 1930 Nazianzeni
3626 1894 3748 1931 scn-

2227 1944 2416 1997 tentia.

2224 2054 2418 2110 Annis.
2445 2054 2551 2110 Per
2578 2068 2683 2125 ego
2712 2062 2765 2107 te
2802 2053 2996 2116 Deum,
3028 2068 3238 2122 perque
3267 2052 3383 2123 ipsa
3405 2054 3503 2109 abs
3524 2065 3577 2111 te
3596 2056 3745 2113 dicta

2155 2161 2279 2209 oro,
2311 2161 2380 2202 ne
2406 2146 2647 2203 silueris.
2681 2145 2858 2204 Etiam
2895 2145 2965 2198 de
2986 2146 3253 2201 extremis
3300 2146 3491 2201 mundi
3525 2158 3745 2217 tenipo~

2158 2238 2334 2299 ribus,
2362 2246 2415 2293 et
2450 2234 2754 2305 quomodo,
2786 2245 2841 2288 et
2866 2234 3089 2303 quando
3120 2236 3366 2289 omnium
3416 2245 3646 2290 ventura
3670 2239 3747 2291 sit

2156 2328 2598 2393 consummatio;
2652 2337 2709 2382 et
2748 2328 2915 2391 unde,
2947 2340 3004 2383 et
3052 2328 3274 2397 quando
3337 2328 3596 2387 infandus
3655 2331 3747 2387 ille

2156 2422 2536 2479 Antichristus
2569 2420 2640 2474 sit
2675 2398 3015 2475 emersurus.
3079 2420 3270 2475 Timor
3321 2424 3468 2475 enim
3524 2423 3748 2480 vellicat

2157 2529 2268 2578 nie,
2331 2512 2566 2584 voloque
2624 2521 2679 2569 et
2733 2512 2990 2569 desidero
3039 2512 3108 2568 de
3170 2529 3237 2568 eo
3280 2530 3617 2585 cognoscere
3677 2532 3749 2573 ne

2157 2607 2300 2662 forte
2335 2606 2606 2671 impostor
2640 2621 2727 2661 me
2760 2605 3038 2661 indoctam
3067 2606 3358 2662 inveniens
3391 2609 3636 2663 scducat.

2226 2697 2395 2757 Cano.
2432 2696 2610 2760 Unde,
2656 2706 2711 2751 ct
2752 2698 3030 2767 quomodo
3063 2705 3329 2753 venturus
3375 2699 3465 2764 sit,
3509 2703 3749 2755 narrabo

2160 2790 2282 2845 tibi.
2319 2789 2562 2860 Tempus
2594 2799 2780 2847 autem
2821 2791 3335 2857 consummationis,
3376 2801 3437 2846 ut
3476 2793 3746 2849 incertum

2159 2897 2412 2955 prorsus,
2448 2898 2558 2937 non
2601 2882 2779 2937 habeo
2803 2882 2990 2938 dicere
3020 2900 3037 2936 :
3074 2883 3210 2941 nihil
3237 2884 3387 2938 enim
3419 2899 3544 2940 cum
3609 2903 3749 2956 apo.

2160 2976 2321 3032 atolis
2347 2974 2604 3045 Magister
2627 2974 2731 3030 hac
2767 2974 2838 3028 de
2892 2989 2952 3029 re
2996 2977 3448 3041 communicavit,
3496 2995 3559 3035 ac
3603 2995 3748 3048 szepe

2162 3073 2420 3137 rogantes
2474 3065 2694 3123 celavit.
2741 3064 2858 3121 lloc
2896 3066 3074 3123 solum
3112 3066 3222 3122 illis
3261 3068 3418 3135 dixit,
3469 3071 3749 3126 nemiuem

467 3159 627 3215 bunt.
668 3157 802 3213 Nam
850 3172 919 3213 ex
959 3157 1049 3213 his
1090 3164 1333 3228 quatuor
1385 3156 1622 3216 conﬂata
1662 3164 1793 3212 sunt
1847 3157 2055 3211 omnia.
2082 3163 2128 3226 ε
2164 3158 2382 3213 novisse
2427 3156 2576 3211 diem
2620 3157 2777 3211 illum
2810 3172 2992 3227 neque
3025 3157 3257 3213 horam:
3291 3175 3399 3215 non
3443 3161 3745 3226 hominem,

468 3251 525 3306 Si
560 3251 728 3321 igitur
760 3266 887 3309 cum
921 3249 1045 3305 aliis
1072 3256 1128 3305 et
1154 3248 1275 3306 haec
1300 3248 1637 3315 transibunt,
1683 3247 1890 3318 quibus
1933 3256 2055 3302 tan-

468 3356 633 3411 quam
664 3339 976 3413 principiis,
1012 3345 1073 3393 ut
1106 3336 1315 3392 dictum
1344 3344 1452 3399 est,
1482 3336 1741 3391 universa
1772 3334 2061 3390 contincnv

471 3441 584 3494 tur,
612 3428 761 3484 unde
788 3443 893 3500 ego
934 3442 1139 3497 corpus
1176 3425 1244 3485 ad
1295 3426 1690 3497 resurgendum
1747 3420 2060 3480 inveniam?

473 3519 763 3590 Quomodo
788 3518 956 3576 etiam
991 3532 1190 3589 expers
1228 3515 1605 3588 corruptionis
1628 3515 1757 3579 erit,
1800 3522 1862 3569 ut
1892 3526 2061 3583 supra

475 3611 757 3669 docuisti?
783 3612 903 3678 Quo
941 3620 1103 3682 pacto
1138 3609 1407 3675 divinum,
1450 3618 1507 3664 et
1530 3624 1560 3663 a
1586 3608 1697 3662 Deo
1718 3614 2058 3678 reparatum,

476 3713 538 3759 ut
564 3713 847 3759 oatensum
893 3703 1010 3757 est?
1056 3700 1335 3772 quomodo
1383 3700 1618 3771 simpl-x
1662 3698 1927 3768 quiddam
1965 3713 2062 3751 nae

478 3803 602 3849 tura
632 3800 688 3848 et
722 3802 996 3862 spectata.
1041 3790 1484 3847 consideratione
1526 3788 1897 3861 splendidum,
1962 3803 2063 3842 na-

476 3895 601 3940 tura
628 3885 1164 3955 Splendidissinium,
1190 3891 1247 3941 et
1278 3891 1404 3938 ante
1438 3881 1623 3942 omnia
1649 3898 1678 3936 a
1706 3882 2062 3951 corruptione

472 3975 745 4036 alienum,
800 3974 1139 4038 immortale,
1194 3973 1499 4028 senectutis
1527 3986 1741 4036 exsors,
1793 3972 1838 4025 si
1889 3972 1944 4025 iu
1995 3985 2063 4025 eo

475 4065 713 4136 qualitas
757 4064 1007 4134 qutedam
1037 4072 1094 4118 et
1128 4065 1431 4134 quantitas,
1475 4073 1532 4119 et
1585 4062 1907 4134 magnitudo
1946 4080 2063 4118 ma-

477 4159 675 4215 nifesta
700 4156 957 4211 exstitit?
991 4156 1071 4211 Ad
1102 4157 1219 4211 haec
1244 4156 1536 4228 responde.

547 4250 721 4306 Cano.
752 4249 905 4306 Ultra
944 4249 1061 4304 haec
1094 4264 1163 4304 ne
1192 4248 1326 4319 quid
1370 4251 1613 4319 discepta
1661 4248 1902 4315 avidius,
1964 4261 2067 4305 nec

460 4343 702 4399 -curiose
721 4357 788 4398 ex
812 4357 899 4397 me
914 4353 1158 4397 scrutare
1180 4340 1452 4412 profunda
1472 4339 1733 4413 Spiritus.
1765 4340 1885 4396 Non
1916 4341 2067 4400 enim

483 4445 645 4506 potes
668 4434 790 4491 istis
816 4433 1382 4491 commentationibus
1409 4448 1474 4488 ea
1496 4432 1708 4503 liquido
1729 4432 2063 4503 perspicere,

2160 3266 2272 3305 non
2331 3250 2611 3319 angelum,
2646 3248 2741 3303 sed
2779 3249 2995 3304 Patrem
3047 3251 3225 3305 solum
3253 3253 3319 3306 “.
3368 3252 3525 3319 Quod
3582 3255 3751 3324 igitur

2160 3340 2461 3398 occultavit
2484 3341 2774 3405 Dominus,
2799 3356 2900 3412 ego
2931 3342 3206 3411 quomodo
3234 3344 3416 3414 eloqui
3447 3345 3708 3415 possim“
3726 3346 3753 3401 ?

2232 3434 2388 3489 Multi
2417 3450 2583 3505 porro
2621 3436 2857 3505 plurima
2889 3452 2956 3491 ex
2997 3437 3122 3492 aliis
3150 3452 3321 3507 super
3365 3440 3471 3494 hoc
3514 3441 3747 3495 collecta

2159 3526 2536 3598 disputarunt.
2565 3527 2699 3582 Nam
2721 3528 2992 3592 nonnulli,
3026 3543 3211 3583 secum
3247 3541 3586 3599 reputantes,
3609 3547 3748 3600 quo~

2162 3620 2311 3674 niam
2344 3620 2487 3674 Deus
2519 3634 2615 3673 sex
2659 3619 2859 3675 diebus
2911 3620 2966 3674 in
3023 3620 3203 3675 Verbo
3246 3632 3420 3676 totum
3481 3625 3748 3683 mundum

2164 3712 2496 3781 procreavit,
2542 3720 2598 3765 et
2633 3710 2841 3780 Spiritu
2879 3725 2981 3765 suo
3030 3711 3317 3779 superiora
3374 3722 3430 3769 et
3489 3712 3753 3770 inferiora

2166 3803 2444 3872 produxit.
2474 3817 2539 3857 ac
2576 3813 2765 3871 postea
2814 3802 2905 3857 die
2939 3804 3175 3872 septimo
3225 3803 3294 3856 ab
3340 3805 3604 3873 operibus
3637 3808 3754 3859 suis

2168 3894 2459 3964 requievit,
2495 3894 2768 3964 completo
2801 3905 2968 3948 sextio
3018 3894 3272 3948 chiliadis
3322 3909 3591 3950 annorum
3642 3913 3751 3950 nu-

2168 3999 2344 4051 mero,
2377 3986 2502 4039 vita
2534 3984 2699 4055 hujus
2729 3985 2892 4037 tinem
2954 3994 3009 4038 et
3064 3987 3593 4040 consummationem
3633 3985 3753 4041 fore

2168 4085 2521 4147 putaverunt.
2554 4076 2712 4141 Nam,
2742 4085 2803 4131 ut
2822 4077 2988 4130 David
3020 4077 3172 4131 canit
3207 4096 3221 4132 :
3263 4095 3283 4128 s
3314 4077 3456 4137 Mille
3477 4081 3754 4135 anniante

2168 4169 2361 4225 oculos
2398 4179 2523 4225 tuos
2554 4178 2814 4241 tanquam
2861 4170 2980 4225 dies
3011 4170 3295 4235 hesterna,
3349 4186 3472 4240 qum
3526 4181 3757 4241 praeter-

2171 4261 2237 4316 iit
2262 4261 2329 4315 “.
2362 4279 2382 4312 ι
2417 4259 2599 4326 Quare
2641 4260 2916 4331 completa
2964 4275 3236 4317 annorum
3283 4272 3436 4316 sexta
3495 4263 3755 4325 chiliade,

2170 4352 2338 4408 etiam
2363 4353 2534 4408 totius
2554 4352 2743 4407 mundi
2778 4363 2995 4423 tempus
3030 4353 3295 4423 compleri
3327 4362 3385 4415 et
3416 4353 3625 4408 absolvi
3662 4371 3759 4410 ne-

2171 4458 2328 4502 cesse
2377 4453 2482 4500 est.
2518 4444 2627 4500 Sed
2661 4443 2754 4500 isti
2782 4459 2893 4499 non
2935 4443 3070 4499 satis
3113 4444 3180 4500 ad
3232 4459 3460 4514 scopum
3500 4447 3759 4501 collinea-

482 4527 729 4599 quandiu
765 4542 968 4599 corpus
996 4537 1199 4598 gestas,
1262 4540 1384 4597 qua:
1452 4540 1770 4581 sermonum
1832 4525 2059 4581 istorum

2174 4544 2325 4600 runt,
2358 4544 2419 4591 ut
2449 4536 2706 4606 equidem
2734 4536 2998 4593 arbitror.
3033 4537 3170 4593 A-liis
3196 4536 3442 4605 cOgitare
3489 4539 3543 4592 in
3598 4554 3756 4594 men-

481 4621 767 4678 auditione
804 4634 1094 4689 corporea,
1123 4627 1181 4671 et
1205 4617 1369 4672 lutea:
1398 4616 1666 4678 materiis,
1693 4626 1751 4672 et
1782 4633 1893 4672 uno
1924 4632 2064 4691 quo-

483 4713 609 4768 dam
639 4713 709 4767 de
753 4711 1011 4768 sensibus
1038 4709 1287 4778 corporis
1318 4723 1429 4763 non
1464 4709 1781 4787 capiuntur.
1800 4708 2056 4775 Quandiu

566 4830 614 4861 ⁸³
645 4830 665 4883 1
696 4827 826 4883 Cor.
868 4842 957 4891 xv,
979 4824 1073 4881 ‘28.
1163 4823 1210 4855 “
1243 4825 1261 4879 Ι
1294 4824 1421 4879 Cor.
1442 4839 1565 4887 xm,
1588 4824 1671 4879 12.

2175 4636 2285 4680 tem
2328 4625 2517 4691 venit,
2547 4626 2806 4695 quoniam
2840 4625 2945 4681 hoc
2971 4628 3256 4692 mulum,
3314 4636 3375 4681 ut
3435 4628 3610 4686 aiunt.
3672 4634 3757 4682 est

2173 4715 2416 4771 humano
2460 4716 2647 4786 generi
2684 4716 3003 4785 septimum,
3061 4726 3271 4777 sextam
3318 4717 3635 4781 chiliadem,
3696 4725 3755 4772 et

1751 4826 1795 4859 ”
1816 4824 2010 4884 Matth.
2052 4846 2203 4893 xxiv,
2232 4828 2321 4884 56.
2365 4828 2410 4862 ⁸⁵
2448 4827 2589 4883 Psal.
2632 4843 2852 4890 LXXXIX,
2879 4826 2933 4882 4.

1992 4944 2269 5008 Schoha.

558 5054 577 5073 '
605 5072 623 5102 ι
661 5047 819 5103 Nunc
840 5062 1090 5120 cognosco
1128 5062 1193 5102 ea:
1223 5055 1434 5120 parte,i_
1457 5046 1635 5120 inquit
1669 5056 1884 5100 sanctus
1932 5047 2077 5120 Apo-

488 5120 675 5180 stolus,
723 5115 953 5173 sentiens
992 5117 1156 5171 Deum
1199 5118 1360 5170 etiam
1414 5117 1498 5170 hic
1535 5115 1892 5171 ostensurum
1920 5115 2079 5183 fuisse

488 5191 808 5261 sapientiora
832 5204 1011 5261 suam,
1041 5189 1085 5241 si
1108 5188 1223 5256 quis
1248 5187 1360 5255 ejus
1390 5201 1561 5261 capax
1587 5186 1718 5261 foret
1738 5187 2076 5256 cognitionis,

492 5256 612 5332 qua:
672 5276 822 5332 nunc
871 5257 1081 5332 quidem
1127 5273 1243 5332 non
1294 5258 1525 5332 capitur,
1578 5256 1824 5332 capietur
1878 5264 2077 5321 autem,

492 5325 754 5403 quantum
784 5325 977 5403 licebit,
1023 5328 1079 5381 in
1116 5327 1294 5403 futuro
1331 5325 1523 5403 uacula
1559 5325 1819 5403 uidelicet.

563 5405 604 5423 “
629 5398 1077 5469 Theophylactns
1107 5413 1138 5469 :_
1164 5394 1303 5469 Cum
1346 5395 1500 5469 uellet
1550 5395 1805 5469 Dominus
1844 5395 2100 5469 cohibere

464 5512 469 5516 .
493 5466 1242 5539 discipulos'ab'indagatione
1269 5467 1374 5539 diei
1402 5466 1545 5539 illius
1570 5466 1817 5539 ultimm,
1849 5467 2076 5539 ait._ne-

495 5559 596 5612 que
618 5533 855 5612 angelos,
885 5533 1053 5612 neque
1079 5534 1273 5591 Filium
1306 5537 1530 5612 hominis
1560 5534 1715 5590 illam
1742 5537 1891 5590 scire.
1937 5533 2075 5612 Nam

495 5605 542 5669 si
574 5605 811 5674 dixisset,
841 5623 896 5663 se
921 5605 1132 5675 quidem
1164 5622 1336 5672 nosse,
1362 5607 1660 5675 patefacere
1694 5614 1868 5661 autem
1912 5605 2074 5670 nolle,

499 5630 541 5669 si
574 5624 811 5674 uixisset,
841 5624 896 5663 se
958 5624 1132 5660 utaem
1164 5624 1336 5672 nosse,
1362 5624 1660 5675 patefacere
1694 5624 1868 5661 autem
1912 5624 2074 5670 noue,

499 5681 718 5735 tristitia
762 5695 848 5732 eos
879 5624 1149 5747 agecisset.
1180 5675 1335 5731 Nunc
1357 5676 1626 5745 sapienter
1658 5677 1789 5747 agit,
1820 5683 1869 5728 et
1894 5690 1980 5747 eos
2011 5676 2078 5747 ab

498 5751 602 5804 ista
633 5750 828 5803 sciendi
848 5746 1158 5816 cupiditate,
1201 5755 1251 5800 et
1290 5764 1323 5802 α
1369 5747 1616 5816 molestia
1646 5746 1744 5799 sibi
1790 5746 2078 5799 exhibenda

501 5817 660 5889 plane
679 5815 922 5888 revocat,
941 5818 1065 5872 dum
1091 5834 1185 5873 nec
1218 5815 1453 5889 angelos,
1487 5832 1582 5872 nec
1605 5831 1661 5871 se
1702 5816 1836 5871 scire
1888 5818 2081 5883 con/ir-

2175 5057 2310 5104 mat.
2356 5047 2439 5101 Ea:
2464 5047 2722 5122 ραι-αρσια
2753 5065 2909 5119 porro
2946 5065 3056 5103 rem
3085 5049 3209 5119 faxo
3259 5050 3546 5122 intelligas.
3584 5048 3761 5121 Smpe-

2177 5134 2397 5191 mtmero
2420 5119 2630 5191 pueruli
2661 5131 2839 5188 patres
2871 5136 2993 5173 suos
3019 5122 3291 5191 quidpiam
3321 5119 3562 5191 manibus
3584 5119 3761 5177 tenere

2174 5189 2375 5261 vident,
2407 5189 2547 5257 quod
2576 5191 2970 5261 concupiscunt.
3008 5191 3101 5244 Illi
3142 5189 3272 5244 dare
3307 5190 3547 5251 abnuunt
3582 5209 3596 5245 :
3628 5208 3730 5261 pue

2178 5258 2284 5331 ruli
2317 5258 2563 5331 frustrati
2594 5258 2829 5328 plorant.
2864 5260 3099 5314 Tandem
3129 5261 3453 5315 abscondunt
3483 5258 3637 5331 quod'
3677 5270 3758 5313 te-

2178 5329 2396 5402 nebant,
2430 5328 2642 5399 illisque
2666 5347 2853 5383 manus
2885 5348 3082 5402 vacuas
3124 5341 3411 5402 ostentant,
3472 5328 3631 5402 atque
3684 5333 3760 5402 ita

2177 5401 2357 5468 ﬂetum
2385 5414 2563 5472 eorum
2583 5411 2931 5472 compescunt.
2964 5401 3191 5472 Perinde
3217 5401 3471 5472 Dominus
3498 5400 3760 5472 apostolos

2176 5476 2397 5531 tractat,
2426 5478 2475 5522 et
2501 5469 2639 5522 diem
2670 5469 2824 5523 illum
2847 5470 3096 5524 occultat.
3130 5470 3270 5525 Nam
3298 5473 3343 5524 si
3372 5469 3608 5537 dixisset,
3640 5469 3761 5527 Scio

2176 5538 2436 5611 equidem,
2466 5554 2568 5612 non
2587 5541 2917 5612 tamenpobis
2944 5541 3076 5603 dico,
3099 5543 3430 5612 rconstristati
3454 5543 3670 5610 fuissent
3696 5556 3761 5596 ea

2175 5609 2241 5660 de
2262 5623 2448 5683 causa,
2475 5610 2599 5683 quia
2623 5609 2678 5662 id
2704 5609 2778 5663 ab'
2799 5627 2859 5664 eo
2882 5626 2987 5664 non
3016 5610 3334 5683 didicissent.
3371 5609 3489 5666 Non
3513 5615 3763 5683 ignorare

2176 5688 2354 5753 autem
2384 5678 2689 5753 Dominum,
2738 5695 2802 5733 ea:
2851 5696 2910 5753 eo
2941 5681 3289 5753 manifestum
3335 5690 3432 5743 est,
3465 5678 3605 5752 quod
3652 5682 3763 5753 ipse

2178 5747 2297 5818 fecit
2327 5748 2545 5804 sa'cula.
2577 5747 2680 5816 Qui
2710 5765 2833 5820 ergo
2853 5750 2994 5820 fecit,
3027 5747 3285 5822 quomodo
3334 5747 3589 5824 ignorat?
