4036 6418
474 381 593 445 815

1718 367 2064 430 PHILIPPI
2103 363 2493 427 SOLITARlI

3654 350 3762 420 8‘6

486 500 693 552 tionem
735 506 842 545 non
881 486 1061 557 reipsa
1129 483 1473 555 perpetrabit
1530 481 1792 538 miracula
1855 491 1909 536 et
1949 498 2075 553 por-
2100 487 2147 546 Λ
2183 480 2666 550 dttntaxatjnstus,
2691 478 2934 550 quietus,
2961 491 3107 533 verae
3136 473 3325 546 gloriae
3347 473 3580 536 amicus.
3613 474 3764 528 falsze

480 595 659 641 'tenta.
725 583 859 637 Eum
897 578 1249 631 Hebrmorum
1276 575 1428 630 natio
1455 573 1716 645 suspiciet
1747 583 1802 628 et
1830 572 2069 643 comple-

483 682 689 727 t'lCllﬂ'.

1124 775 1351 832 CAPUT
1384 774 1447 829 Χ.

1124 776 1257 832 CAP
1310 775 1351 828 Τ
1384 775 1447 829 Χ.

500 869 819 925 ι’(ιιὶεἱιιὶιιηι
861 868 1181 935 patriarcha:
1223 775 1386 919 ⁸ῐὲιεοὺ
1427 863 1491 917 de
1525 863 1850 918 Anticltristo
1898 861 2071 922 expli-

560 952 736 992 mtunt
764 955 781 1003 ;
811 933 1048 1008 ejusdem
1100 952 1294 989 mores.
1327 933 1741 1008 ultimorumque
1778 941 2073 1002 temporum

560 1011 778 1064 illorum
808 1006 1144 1062 calamitates
1177 1024 1240 1059 ac
1275 1006 1517 1057 miserim.

565 1125 761 1179 Amata.
806 1122 886 1176 Ex
922 1136 1028 1191 qua
1060 1134 1227 1189 porro
1265 1117 1435 1182 tribu,
1467 1131 1563 1172 seu
1596 1131 1662 1170 ex
1704 1132 1815 1187 quo
1852 1131 2074 1186 genere,

494 1230 549 1271 et
578 1232 644 1271 ex
676 1231 787 1284 qua
820 1214 1017 1281 patria,
1037 1212 1252 1265 fucatus
1280 1219 1336 1264 et
1365 1208 1745 1264 exsecrandus
1773 1209 1862 1263 ille
1885 1209 2079 1277 planus

496 1319 581 1363 est
613 1303 976 1378 proditurus?
1006 1302 1176 1357 Narra
1207 1302 1373 1355 etiam
1398 1301 1556 1366 ntihi,
1589 1300 1635 1355 si
1660 1301 1786 1372 quis
1812 1305 2079 1370 propheta

498 1410 592 1454 attt
636 1399 858 1453 Patrum
888 1393 1092 1463 aliquid
1117 1392 1185 1447 de
1218 1407 1287 1446 eo
1320 1392 1662 1461 prtedixerit.

568 1492 735 1547 Cano.
769 1488 1019 1543 Priscum
1063 1484 1344 1554 quoddam
1372 1485 1696 1539 vaticinium
1740 1484 1836 1540 tibi
1874 1483 2079 1546 dicam,

501 1597 561 1643 ut
600 1585 704 1638 vis.
754 1580 1075 1637 Patriarcha
1109 1578 1282 1634 Jacob
1317 1579 1482 1633 morti
1530 1593 1922 1640 concessurus,
1956 1592 2081 1631 eum

499 1675 793 1732 duodecim
837 1671 964 1725 filiis
1000 1671 1143 1725 bene
1186 1682 1534 1741 precaretur,
1574 1670 1641 1725 de
1689 1685 1893 1741 genere
1931 1670 2086 1724 Anti-

500 1769 694 1826 christi
731 1779 922 1837 aperte
967 1771 1020 1822 in
1056 1764 1266 1834 Spiritu
1300 1762 1673 1834 propltetavit.
1697 1761 1994 1817 Oraculunt
2029 1761 2081 1814 id

2176 570 2457 631 inimicus.
2509 584 2843 638 pauperum,
2894 569 3128 622 fratrum
3162 579 3374 628 amans,
3420 563 3761 626 misericors,

2176 663 2321 733 plus,
2355 661 2751 732 benignitatem
2774 660 3065 725 simulans,
3095 658 3422 731 gravitatem
3451 663 3765 716 ostentans.

2178 755 2460 817 llebneos,
2488 763 2544 809 et
2572 769 2750 823 genus
2782 751 3137 807 Hebraeorum
3160 750 3421 805 onmibus
3443 748 3762 819 praeferens.

2176 864 2363 903 mores
2415 847 2644 901 minime
2710 861 2932 911 avaros,
2987 863 3019 900 a
3080 843 3437 899 facultatibus
3491 841 3771 896 habendis

2177 941 2392 995 alienos
2423 940 2714 994 exltit-ens.
2759 939 3078 993 iucundum
3107 946 3165 991 et
3193 936 3442 1006 lepidum
3474 951 3534 990 se
3579 934 3766 997 faciet,

2179 1031 2559 1085 morositatem
2573 1030 2764 1100 fugiet.
2783 1030 2978 1084 Pacem
2999 1028 3276 1083 videbitur
3288 1028 3470 1083 colere
3486 1037 3542 1082 et
3554 1041 3767 1088 amare.

2180 1122 2537 1192 perturbator
2554 1121 2805 1174 onmium
2828 1121 3125 1175 maximus.
3153 1118 3459 1189 Apparebit
3475 1118 3616 1181 ovis,
3642 1133 3770 1173 cum

2182 1216 2255 1270 sit
2278 1216 2438 1285 plane
2462 1214 2647 1283 lupus,
2684 1222 2741 1268 et
2776 1216 2831 1269 in
2863 1229 3103 1277 summa,
3135 1213 3273 1266 nihil
3310 1222 3512 1282 praeter
3540 1211 3773 1283 figmen-

2184 1318 2323 1369 tum.
2357 1307 2667 1362 ludificatio
2705 1316 2763 1361 et
2805 1306 3001 1361 teeltna
3026 1345 3041 1366 .
3074 1306 3252 1360 donec
3288 1304 3547 1359 videlicet
3576 1318 3776 1357 omnes

2182 1402 2250 1454 ad
2279 1416 2337 1455 se
2357 1400 2600 1454 attrahat
2622 1408 2681 1455 et
2702 1400 2939 1469 subigat.
2965 1399 3323 1454 Hebraeorum
3351 1407 3535 1452 autem
3568 1397 3779 1467 impro-

2184 1493 2381 1548 borum
2404 1509 2579 1563 genus
2614 1494 2941 1564 pessimum,
2974 1493 3268 1548 affectibus
3311 1491 3528 1545 ratione
3576 1504 3775 1544 caren-

2188 1589 2340 1644 tibus
2374 1589 2602 1652 cedens,
2632 1600 2689 1645 ct
2714 1605 2840 1644 cum
2872 1590 3114 1645 clamore
3136 1601 3459 1649 accurrens,
3493 1588 3690 1647 Amon,
3719 1593 3779 1636 et

2186 1682 2368 1748 Moab,
2422 1692 2478 1736 et
2531 1683 2808 1744 Edom,et
2854 1681 3173 1752 huiusmodi
3211 1680 3626 1734 idololatrarum
3681 1677 3781 1731 fllii

2188 1778 2567 1847 procidcntes,
2609 1791 2736 1831 eum
2772 1783 2833 1829 ttt
2874 1791 3058 1847 regem
3092 1783 3147 1830 et
3174 1774 3413 1828 amieunt
3446 1771 3780 1832 adorabunt,

502 1863 854 1933 potissimum
889 1861 956 1917 ad
991 1861 1106 1915 Dan
1140 1858 1311 1912 filium
1344 1855 1603 1925 pertinet,
1638 1864 1695 1910 et
1726 1862 1814 1909 est
1838 1853 1987 1908 omni
2018 1866 2084 1907 ex

2198 1885 2430 1940 quorum
2479 1870 2561 1939 (ut
2610 1870 2715 1924 sibi
2762 1884 2876 1939 pra:
2927 1846 3190 1923 omnibus
3233 1865 3779 1935 acceptissimorutn)

502 1966 662 2025 parte
721 1953 959 2022 improbi
1016 1952 1166 2005 illius
1210 1947 1465 2003 moribus
1522 1945 1893 2016 aptissimum.
1951 1944 2088 1998 Nam

501 2048 617 2100 Dan
678 2061 741 2099 ex
788 2045 915 2099 Bala
969 2042 1230 2098 llacltelis
1275 2039 1475 2095 ancilla
1520 2046 1683 2093 natus
1723 2046 1829 2092 est.
1879 2055 1897 2087 ι
1949 2035 2087 2101 Dan,

501 2135 704 2205 inquit,
728 2135 1000 2206 iudicabit
1035 2133 1300 2204 populum
1330 2146 1490 2187 suum
1515 2129 1585 2183 ".
1624 2147 1642 2181 ι
1676 2128 1774 2184 Est
1817 2127 2090 2197 siquidem

503 2228 596 2282 illa
631 2244 739 2281 una
773 2227 953 2281 tribus
998 2241 1065 2280 ex
1108 2224 1427 2279 duodecim.
1474 2220 1583 2277 Sed
1624 2218 2091 2291 quemadmodum

505 2320 760 2375 Christus
792 2334 918 2373 cum
953 2333 1020 2372 ex
1053 2316 1260 2372 familia
1303 2315 1471 2370 David
1504 2313 1861 2378 efﬂoruisset,
1911 2310 2091 2365 homi-

506 2429 636 2469 nem
672 2422 734 2467 ut
763 2411 1063 2467 fabricator
1090 2420 1146 2466 et
1172 2410 1439 2465 Dominus
1465 2407 1719 2472 salvavit,
1776 2407 1858 2462 sic
1882 2422 1947 2461 ex
1980 2405 2093 2460 Dan

510 2521 741 2577 serpens
768 2503 1111 2568 mortiferus,
1152 2500 1533 2558 Antieltristus
1556 2499 1796 2555 exitialis
1821 2514 1887 2554 ac
1909 2498 2096 2570 perni-

510 2598 720 2657 ciosus.
756 2596 909 2650 velut
948 2601 1192 2650 cerastes
1226 2593 1460 2647 orietur.
1489 2590 1603 2646 Hoc
1641 2590 1787 2645 enim
1813 2599 1920 2656 est,
1948 2591 2095 2660 quod

510 2688 1057 2759 scriptumlegitnus:
1085 2705 1103 2738 ι
1131 2685 1376 2741 FiatDan
1402 2682 1630 2738 coluber
1651 2682 1708 2737 in
1727 2682 2098 2747 via,ccrastes

513 2783 570 2838 itt
594 2783 809 2845 semita,
836 2779 1097 2835 mordens
1122 2777 1354 2848 ungulas
1380 2776 1532 2847 equi,
1561 2785 1622 2830 ut
1652 2774 1814 2830 cadat
1838 2789 2100 2829 aseensor

512 2878 632 2947 ejus
664 2882 834 2929 retro.
866 2873 1118 2929 Salutare
1152 2881 1307 2925 tuum
1327 2868 1679 2941 exspectabo,
1712 2868 1944 2923 Domine
1977 2867 2043 2920 “.
2075 2887 2092 2918 ι

519 2965 748 3020 Draconi
801 2973 995 3019 natura
1043 2961 1238 3016 doloso
1287 2969 1345 3015 et
1391 2958 1615 3024 callido,
1658 2958 1865 3029 quique
1911 2957 2102 3011 multis

514 3056 760 3126 undique
795 3055 969 3111 utitur
1004 3052 1319 3115 fraudibus.
1352 3062 1410 3105 et
1450 3051 1576 3106 vitae
1615 3050 1782 3120 hujus
1823 3050 1929 3104 iter
1974 3065 2100 3120 per-

516 3152 807 3225 agentibus
826 3156 1061 3204 mortem
1083 3145 1361 3211 aﬂ‘erenti,
1380 3160 1507 3200 eum
1525 3152 1829 3213 comparat.
1851 3141 2018 3198 Plane
2043 3151 2102 3195 ιιι

517 3261 747 3315 serpens
783 3241 1087 3303 horribilis,
1142 3240 1236 3309 qui
1286 3239 1342 3293 in
1397 3241 1483 3293 via
1532 3238 1588 3291 in
1643 3236 1860 3292 insidiis
1902 3236 2099 3300 latens,

517 3336 881 3394 clandestinis
931 3333 1209 3388 morsibus
1247 3345 1368 3385 eam
1419 3329 1767 3384 ambulantes
1816 3328 2081 3383 interficit

520 3430 627 3486 Sed
658 3442 885 3497 equum,
912 3426 1131 3495 Opinor,
1159 3422 1286 3477 inde
1312 3421 1517 3476 cadens
1563 3436 1761 3489 corpus
1783 3422 2101 3491 appellavit.

519 3521 801 3577 Cecidisse
842 3526 1049 3580 autem,
1079 3524 1135 3569 et
1171 3515 1356 3586 jacere
1408 3514 1691 3583 supinum,
1726 3513 1843 3583 ipse
1878 3513 2106 3568 habitus

520 3624 579 3669 et
610 3615 785 3667 forma
829 3608 1056 3675 mortui,
1091 3621 1153 3663 ut
1198 3607 1463 3670 arbitror,
1505 3607 1769 3662 ostendit.
1812 3607 2103 3662 Rationem

515 3710 654 3778 jam,
694 3714 751 3761 et
809 3703 1229 3766 seductionem,
1283 3716 1384 3771 pro
1429 3701 1739 3757 seductoris
1793 3700 2038 3771 intellige
2088 3718 2101 3755 :

524 3798 743 3868 ungulae
795 3796 943 3850 enint
999 3793 1317 3864 explicatio,
1391 3805 1779 3864 corruptorem
1838 3794 2102 3849 insinuat.

522 3890 677 3946 Alios
692 3889 916 3960 quidem
938 3888 1202 3943 insidiose
1224 3886 1407 3951 ltedet,
1430 3887 1568 3942 alios
1586 3887 1639 3942 in
1658 3887 1903 3943 omnium
1922 3902 2111 3956 asper-

523 3986 682 4049 rima,
728 3990 785 4036 et
831 3981 1047 4035 labores
1097 3978 1566 4034 laboriosissimus
1612 3977 1857 4033 inducet.
1906 3977 2107 4035 Casum

524 4077 695 4149 igitur
741 4074 1105 4138 demonstrat,
1141 4086 1207 4124 ex
1246 4085 1313 4125 eo
1357 4070 1502 4140 quod
1544 4085 1749 4141 equum
1784 4069 1947 4139 dixit,
1996 4088 2108 4142 quo

524 4166 851 4239 gravissime
883 4179 1092 4223 morso,
1119 4162 1487 4233 celeriterque
1512 4173 1798 4234 corrupto,
1825 4163 2107 4232 interitus,

525 4268 583 4315 et
607 4257 802 4313 mortis
822 4255 1175 4325 consumptio
1195 4269 1293 4308 eos
1317 4255 1593 4323 sequitur,
1612 4254 1864 4325 aquibus
1886 4257 2109 4313 caeleste

526 4350 815 4420 praemium
860 4355 917 4401 et
974 4359 1180 4400 corona
1223 4353 1498 4415 speratur.
1545 4345 1780 4401 Fructus
1812 4347 1958 4401 enim
1993 4348 2108 4418 spei

528 4442 676 4511 apud
719 4439 1041 4511 prudentes,
1073 4447 1159 4492 est
1208 4442 1323 4507 ipsa
1361 4439 1532 4498 salus.
1567 4453 1731 4507 quam
1764 4438 2105 4495 desiderant.

2195 1976 2287 2017 rex
2329 1962 2458 2024 erit,
2492 1961 2751 2031 ﬁcteque,
2782 1971 2839 2016 et
2879 1959 2945 2013 ad
2978 1959 3299 2030 opinionem
3337 1965 3551 2012 tantum
3591 1956 3781 2026 provi-

2194 2055 2444 2110 dentiam
2513 2055 2620 2110 loci
2691 2052 3020 2117 ostentabit,
3091 2051 3250 2122 quasi
3312 2050 3580 2120 templum
3646 2047 3786 2119 ipsis

2195 2149 2651 2205 rctediflcaturus.
2674 2147 2954 2218 .Seductor
2974 2146 3166 2217 igitur,
3194 2144 3673 2215 praestigiatorque
3726 2150 3787 2196 et

2196 2242 2489 2311 impostor,
2517 2250 2740 2309 arrepto
2761 2240 3017 2309 imperio,
3045 2237 3325 2291 dmmonas
3349 2236 3540 2305 utique
3564 2250 3624 2288 se
3647 2250 3789 2303 pne-

2197 2334 2464 2398 dicatum,
2511 2341 2568 2387 et
2621 2331 3071 2385 commendatum
3115 2346 3213 2400 per
3260 2329 3451 2383 orbem
3512 2337 3787 2381 terrarum

2200 2428 2406 2483 mittet.
2450 2426 2729 2489 Surrexit,
2748 2425 2960 2490 dicent,
2985 2441 3219 2494 magnus
3244 2440 3338 2476 rex
3363 2420 3787 2491 lliegosolymis,

2200 2522 2501 2583 humanus,
2519 2535 2708 2574 amans
2727 2533 3053 2589 pauperum,
3074 2530 3267 2571 omnes
3285 2516 3350 2570 ad
3370 2531 3496 2569 eum
3516 2513 3786 2569 accedite.

2205 2612 2282 2667 Eo
2298 2613 2409 2684 jam
2437 2625 2659 2664 omnem
2687 2616 3016 2678 potestatem
3042 2615 3230 2671 nacto,
3262 2603 3602 2659 abominatio
3623 2601 3791 2655 deso-

2202 2704 2429 2759 lationis
2461 2718 2491 2757 a
2529 2702 2754 2758 Daniele
2790 2699 3050 2771 prtedieta
3082 2707 3456 2768 consequetur
3486 2700 3501 2717 ‘
3537 2713 3550 2748 :
3581 2695 3648 2749 de
3682 2709 3792 2764 qua

2201 2804 2260 2851 et
2282 2795 2503 2859 Paulus,
2524 2793 2579 2847 in
2602 2791 2807 2862 templo
2822 2791 2916 2845 Dei
2936 2805 3240 2845 sessuram.
3266 2789 3469 2843 Etcum
3498 2800 3793 2856 personam

2203 2901 2424 2941 omnem
2449 2884 2999 2955 cmperitdeponere,
3028 2882 3404 2950 latentemqtte
3436 2880 3587 2933 intus
3612 2878 3794 2949 hypo-

2205 2978 2377 3034 crisin
2426 2976 2688 3047 paulatim
2740 2975 2981 3045 aperire,
3026 2974 3264 3045 primum
3307 2970 3531 3042 quidem
3578 2968 3791 3029 Enoch,

2203 3078 2262 3126 et
2325 3070 2521 3133 Eliam,
2579 3078 2640 3123 ιιι
2691 3068 2952 3123 immanis
3003 3065 3248 3121 carnifex
3314 3063 3611 3120 trucidaLit
3665 3079 3680 3116 :
3735 3072 3797 3117 et

2130 3191 2173 3247 ο
2208 3162 2641 3219 fraudulentiam
2705 3176 2937 3225 exuens,
2999 3159 3244 3214 furorem
3304 3169 3489 3212 autem
3536 3165 3593 3210 et
3652 3156 3795 3209 iram

2206 3271 2520 3317 assumens,
2557 3253 2821 3319 crudelis,
2873 3251 3250 3316 inexorabilis,
3297 3265 3580 3320 arrogans,
3625 3248 3798 3318 pesti-

2205 3350 2346 3409 lens,
2397 3346 2717 3416 impudens,
2759 3344 3023 3407 furiosus,
3059 3343 3260 3403 audax.
3302 3358 3402 3397 nec
3454 3342 3622 3412 piltttn
3663 3340 3797 3395 botti

2208 3440 2310 3493 viri
2339 3438 2574 3504 habens,
2607 3438 2792 3491 omnis
2819 3437 3079 3505 nequitia:
3119 3436 3510 3499 diversorium,
3548 3434 3793 3489 terricu-

2207 3530 2483 3593 lamenlis,
2516 3531 2771 3601 spec-tris,
2810 3528 3152 3597 itnposturis,
3181 3536 3240 3581 ut
3265 3542 3497 3598 magnus
3520 3524 3797 3595 quispiam

2209 3638 2268 3677 se
2309 3631 2617 3680 ostentans.
2652 3631 2712 3674 ttt
2744 3629 3031 3692 tyrannus,
3065 3629 3124 3673 ut
3156 3617 3399 3680 invasor,
3448 3624 3509 3670 ut
3549 3614 3797 3669 visorum

2210 3711 2481 3776 inanium,
2540 3719 3002 3772 cummentorum,
3056 3717 3113 3763 et
3146 3706 3513 3761 mutatlonum
3565 3706 3801 3760 mirabi-

2209 3801 2346 3857 lium
2371 3800 2591 3855 artifex.
2617 3799 2762 3866 Quin
2786 3807 2843 3853 et
2867 3798 3191 3869 figurarum,
3215 3807 3270 3851 et
3294 3797 3541 3850 colorum
3564 3811 3801 3850 conver-

2210 3894 2467 3949 sionibus
2513 3892 2742 3946 omnino
2792 3892 2967 3945 instar
3015 3889 3195 3945 Protei
3249 3888 3392 3941 alius
3438 3902 3505 3941 ex
3558 3887 3689 3941 alio.
3740 3887 3799 3940 In

2210 3986 2448 4043 sublime
2462 3987 2651 4040 volans
2668 3983 2967 4054 utangclus
2981 3982 3116 4051 (imo
3136 3993 3194 4037 ut
3209 3981 3467 4050 daemon),
3486 3988 3543 4034 et
3562 3991 3804 4035 terrores

2211 4098 2277 4138 ac
2319 4079 2571 4151 prodigia
2612 4077 2678 4132 ad
2713 4075 3099 4146 deceptionetn
3146 4074 3427 4144 efﬁngens,
3463 4081 3522 4126 ut
3554 4072 3804 4129 incensi-

2213 4173 2421 4229 deratis
2444 4171 2726 4227 mentibus
2747 4176 2963 4222 montes
2988 4164 3294 4221 transferre
3319 4163 3594 4219 videatur.
3622 4162 3800 4218 Cura.

2216 4273 2385 4331 tores,
2419 4261 2818 4325 mandatorios,
2855 4267 2911 4314 et
2946 4258 3187 4314 curiales
3219 4255 3403 4318 faciet,
3436 4269 3804 4326 agoranomus

2215 4356 2344 4427 (hoc
2362 4367 2447 4409 est
2464 4354 2568 4409 fori
2591 4369 2776 4409 rerum
2798 4353 3075 4407 venalium
3095 4347 3440 4421 prtepositos)
3464 4348 3796 4411 constituet,

2215 4460 2514 4517 caupones,
2540 4446 2902 4516 panivendos,
2936 4453 2995 4500 ut
3028 4459 3154 4499 cum
3188 4445 3314 4513 quis
3337 4441 3501 4496 rebus
3527 4439 3595 4493 ad
3632 4440 3798 4493 vitam

528 4533 721 4601 Itaque
770 4541 1029 4586 nascetur
1084 4545 1149 4585 ex
1200 4529 1434 4583 muliere
1480 4528 1798 4595 libidinosa,
1845 4532 2109 4601 opinione
2143 4510 2187 4566 ι’
2219 4537 2570 4602 necessariis,
2602 4544 2659 4591 et
2703 4536 2831 4591 cibo
2872 4546 3118 4606 potuqtte
3168 4510 3405 4606 eguerit,
3433 4532 3671 4604 sigillum
3701 4546 3800 4585 seu

528 4625 751 4696 quidem
798 4624 1154 4688 incarnatus,
1186 4621 1279 4676 sed
1332 4636 1441 4676 non
1492 4621 1658 4676 etiam
1693 4638 1750 4676 re
1806 4624 1923 4693 ipsa
1972 4625 2105 4695 (ίεῆο

528 4715 1011 4780 mendacissimus,
1035 4713 1437 4780 furacissintus,
1459 4712 1703 4776 dolosus,
1726 4714 1895 4780 vafer,
1924 4718 2107 4784 specie

604 4851 651 4883 '"
695 4850 833 4905 Gen.
872 4865 1018 4916 χιιι,
1062 4847 1154 4905 '56.
1231 4847 1279 4881 ”
1310 4847 1449 4903 Gen.
1499 4862 1632 4911 xvtt,
1662 4848 1750 4904 18.

2218 4632 2594 4686 characterem
2613 4630 2922 4685 seductoris
2942 4631 2995 4685 in
3019 4631 3221 4693 fronte,
3239 4639 3294 4683 et
3321 4630 3374 4683 in
3394 4643 3555 4682 manu
3575 4626 3800 4680 dextera

2220 4723 2492 4794 accipiat;
2553 4734 2614 4778 ut
2680 4723 2905 4779 omnino
2963 4723 3146 4779 crucis
3219 4723 3391 4780 forma
3445 4721 3511 4776 ad
3565 4718 3796 4775 salutem

1776 4959 2000 5022 Jacobi
2044 4961 2112 5020 Ο.
2133 4962 2324 5023 etseri
2365 4970 2555 5024 notae.

610 5091 726 5161 (15)
760 5087 1283 5161 Insinuatibioptra:
1332 5093 1527 5161 auctor
1577 5084 1725 5139 illam
1761 5085 2115 5161 sententiam,

539 5154 662 5233 quin
692 5154 833 5233 dicit
855 5154 1257 5233 Antieltristum
1286 5173 1400 5233 non
1432 5156 1551 5233 fore
1583 5170 1774 5233 verum
1809 5154 2116 5233 hominem,

536 5224 633 5289 sed
673 5232 980 5286 daemonem
1019 5228 1125 5283 sub
1161 5227 1417 5282 simulata
1461 5224 1706 5279 hominis
1752 5224 2012 5293 imagine,
2056 5234 2118 5280 ut

538 5303 716 5358 sensit
770 5300 1100 5370 Hippolytus
1152 5295 1384 5370 lib._De_
1413 5296 1868 5349 consummatione
1910 5294 2116 5370 secuti.

533 5366 896 5441 Quae'opini'o'
918 5366 1201 5441 communi
1239 5366 1621 5441 theologorum
1652 5379 1927 5441 consensu
1951 5366 2117 5420 refel-

535 5435 765 5519 litur,_u't
780 5450 836 5519 et
853 5441 945 5519 illa
963 5452 1083 5519 qua:
1096 5436 1213 5517 vult
1227 5436 1637 5519 Antichristum’
1647 5435 1766 5519 fore
1782 5435 2112 5519 daamonetu,

535 5515 632 5569 sed
659 5505 823 5568 simul
852 5505 1156 5573 hominem,
1186 5507 1531 5562 incarnatum
1563 5507 1776 5563 scilicet
1801 5505 2110 5562 daemonem

2219 5090 2276 5144 itt
2301 5106 2430 5145 vera
2455 5091 2824 5165 humanitate.
2858 5093 2993 5151 Vide
3025 5092 3230 5150 Suarez
3261 5104 3394 5151 tom.
3421 5096 3489 5155 ll.
3523 5096 3672 5165 disp.
3705 5096 3798 5162 54,

2220 5170 2356 5235 sect.
2380 5178 2420 5227 ι,
2447 5160 2853 5235 et_Gregorium
2880 5166 2948 5220 de
2976 5165 3225 5221 Valentia
3255 5180 3388 5222 tom.
3416 5166 3506 5230 ιν,
3533 5160 3675 5235 disp.
3708 5166 3730 5219 1
3755 5160 3797 5229 l,

2220 5245 2278 5307 (ιτ
2307 5231 2364 5291 2.
2395 5247 2448 5301 p.
2490 5232 2546 5307 ἓ,
2582 5231 2714 5287 licet
2748 5235 2865 5303 ipsa
2903 5236 3072 5289 etiam
3116 5237 3338 5307 Iliopfra
3372 5231 3636 5305 sequenti
3670 5252 3797 5305 cap.

2221 5302 2456 5382 tthon
2481 5303 2744 5382 ψει-ιπε-
2770 5302 2955 5382 veram
2988 5302 3322 5382 sententiam
3352 5308 3421 5361 de
3453 5302 3802 5382 Antichristi)

2220 5370 2596 5453 indicetnfore
2625 5374 2840 5428 scilicet
2868 5375 3143 5453 hominem
3177 5391 3392 5453 verum,
3411 5376 3517 5435 etsi
3538 5378 3802 5433 eximium

2218 5441 2423 5496 diaboli
2456 5443 2883 5500 instrumentum
2911 5455 2968 5499 et
2992 5446 3357 5503 domicilium.

1999 5620 2274 5683 Schoﬂa.

610 5728 632 5752 θ
668 5724 1005 5804 ᾼιιοιηὶηαιὶρ
1054 5720 1394 5804 desolationis
1446 5737 1630 5783 vocata
1672 5735 1749 5782 est
1796 5734 1846 5779 et
1900 5730 2106 5790 statua,
2146 5743 2307 5798 quant
2334 5726 2600 5782 Adrianus
2642 5727 2932 5801 imperator
2957 5728 3008 5781 in
3058 5729 3249 5797 tempto
3289 5730 3800 5804 Ilierosolymitano,

544 5800 681 5867 quod
713 5807 836 5849 tunc
868 5803 1006 5858 erat,
1043 5794 1333 5848 constituit.
