4036 6418
270 395 380 460 Sl'f

273 619 383 655 νιιιι
419 601 617 655 haheat
642 598 825 652 divina
851 598 966 652 lucc
993 605 1292 661 armatuea,
1321 613 1485 667 quam
1511 598 1580 651 sit
1617 598 1844 666 inexpu'

270 690 507 762 gnabilis
559 697 617 744 et
696 689 901 741 invicta
952 687 1005 740 in
1061 687 1343 751 omnibus,
1407 695 1461 740 et
1517 702 1682 756 quam
1734 688 1855 757 ejus

272 791 538 835 conlaxat
554 795 811 851 expressa
829 780 1000 849 ﬁgura
1020 779 1299 833 daunones
1317 777 1590 842 debilitet,
1614 778 1714 831 hac
1737 778 1852 846 ipsa

271 874 570 929 Christiani
622 871 809 942 populi
872 871 1037 925 etiam
1084 871 1295 925 frontes
1346 872 1565 941 penitus
1619 872 1854 940 spoliare

272 965 701 1021 machinahitur.
729 964 884 1018 Tunc
907 979 1055 1018 mare
1075 964 1385 1034 perculsum
1411 963 1644 1034 refugict
1666 1004 1679 1026 ,
1711 972 1854 1017 terra

268 1062 558 1113 cxareseet
583 1097 599 1122 ,
641 1056 829 1110 nullus
881 1054 1122 1124 desuper
1155 1054 1315 1109 cadet
1346 1055 1562 1117 humor,
1600 1070 1708 1108 non
1743 1069 1853 1116 ros,

275 1165 386 1202 non
415 1147 600 1217 pluvia
630 1165 641 1199 :
670 1146 840 1199 herba
867 1146 1137 1199 viridiset
1161 1144 1420 1198 arborum
1445 1144 1574 1199 folia
1607 1145 1844 1198 morien-

273 1247 397 1303 tur;
433 1253 645 1301 omnes,
708 1237 849 1291 alius
905 1236 959 1291 in
990 1237 1153 1292 aliam
1209 1239 1489 1306 regionem
1542 1236 1853 1307 aufugieut.

272 1327 514 1398 Europei
568 1327 622 1381 in
663 1327 947 1382 Orientem
1005 1344 1063 1381 se
1092 1327 1405 1391 conferent,
1442 1328 1570 1385 inde
1613 1329 1667 1381 in
1701 1328 1857 1383 Occi-

271 1422 518 1482 dentem.
574 1429 632 1475 et
682 1419 751 1474 ad
775 1419 1218 1488 Septentrionem
1269 1434 1338 1473 ex
1387 1419 1554 1490 Libya
1612 1427 1857 1474 current.

273 1511 449 1567 Totus
482 1511 638 1566 orbis
666 1513 719 1565 in
760 1513 1040 1581 angustias
1086 1511 1367 1582 redigetur
1397 1528 1412 1565 :
1440 1520 1634 1581 gentes
1658 1511 1855 1564 timore

274 1604 676 1671 corripieutnr.
714 1601 927 1665 Fames,
984 1602 1176 1670 pestis,
1224 1610 1592 1663 terraemotus,
1628 1616 1855 1668 quassa-

278 1699 476 1760 tioues,
521 1705 791 1749 tremores
822 1696 875 1748 in
914 1694 1167 1759 urbibus,
1199 1693 1257 1747 in
1298 1694 1537 1763 oppidis,
1587 1694 1639 1747 in
1679 1695 1855 1748 conti—

273 1798 447 1842 nente
521 1796 580 1842 et
625 1787 681 1840 in
738 1786 897 1849 mari,
929 1797 985 1840 et
1025 1785 1302 1867 confusio,
1360 1796 1416 1840 et
1460 1786 1761 1851 tribulatio,
1799 1794 1856 1839 et

271 1880 500 1934 aﬁlictio
554 1879 610 1933 in
683 1878 892 1932 mundo
950 1856 1282 1933 seritientur.
1355 1878 1613 1933 Esurient
1685 1879 1851 1933 simul
1886 1847 1928 1905 Β

272 1987 495 2034 ouiues,
549 1978 604 2025 et
631 1970 787 2025 dives
820 1978 876 2025 et
917 1984 1150 2039 pauper.
1204 1968 1425 2032 Sitienl,
1482 1967 1616 2022 nudi
1670 1976 1854 2033 erunt,

273 2072 519 2135 egestate
549 2063 964 2127 cruciabuntur,
987 2074 1045 2117 et
1072 2079 1236 2118 omne
1265 2063 1409 2118 aliud
1442 2069 1855 2127 nocumentnm,

270 2156 747 2224 acerbitatemqne
794 2155 1092 2224 patientur.
1134 2155 1409 2210 Nocentes
1465 2156 1629 2219 etiam
1669 2155 1858 2210 bestia:

276 2248 599 2303 hominibus
651 2246 723 2301 ad
771 2247 1205 2313 multitudinem,
1271 2248 1754 2317 ampliﬁcationem
1800 2259 1859 2304 et

279 2340 685 2394 incrementum
742 2339 1070 2393 calamitatis
1132 2339 1519 2394 immittentur.
1581 2340 1747 2394 Extra
1802 2353 1860 2395 et

279 2431 453 2493 intus,
488 2430 734 2497 undique
765 2438 995 2489 tremor,
1026 2436 1081 2483 et
1115 2431 1371 2500 gemitus,
1402 2440 1460 2484 et
1494 2430 1765 2499 ploratus,
1802 2440 1859 2486 et

277 2518 603 2574 lamentatio
648 2533 746 2586 per
796 2519 1097 2573 humanum
1137 2534 1330 2588 genus.
1362 2516 1523 2573 Pater
1574 2527 1632 2574 et
1681 2527 1860 2574 mater

276 2610 547 2681 lngebum
574 2608 742 2678 super
781 2609 906 2663 filiis
941 2648 956 2672 ,
999 2609 1094 2664 filii
1145 2625 1314 2680 super
1346 2610 1667 2679 parentibus
1687 2611 1862 2680 ejula-

282 2702 443 2764 bunt,
473 2712 677 2757 matres
724 2718 891 2771 super
926 2702 1227 2756 infantibus
1260 2702 1441 2756 adhuc
1474 2702 1806 2758 lactentibus
1842 2743 1858 2769 ,

282 2794 501 2861 cognati
535 2809 700 2862 super
727 2793 975 2861 cognatis
1005 2835 1019 2858 ,
1045 2808 1214 2863 super
1244 2792 1436 2846 amicis
1457 2792 1642 2847 amici.
1671 2793 1860 2848 Mutuo

290 2899 460 2952 super
510 2900 568 2938 se
617 2894 960 2947 rorruentes.
1022 2884 1413 2939 miserabiliter
1477 2885 1856 2954 exspirabunt.

289 2978 480 3048 Magna
542 2978 824 3034 tribulatio
866 2978 997 3045 erit,
1046 2988 1103 3034 ct
1148 2979 1275 3033 talis
1326 2979 1631 3042 tribulatio,
1682 2979 1860 3048 qualis

284 3087 512 3141 prorsus
557 3088 838 3140 nunquam
866 3072 1009 3136 fuit;
1040 3087 1104 3126 ex
1133 3088 1244 3142 quo
1265 3072 1505 3125 mundus
1536 3089 1565 3125 e
1592 3072 1768 3126 nihilo
1790 3071 1860 3126 ab

285 3164 669 3218 universorum
711 3165 818 3218 Deo
856 3163 1112 3219 conditus
1147 3171 1204 3218 ct
1234 3164 1566 3217 constitutus
1604 3172 1706 3217 est.
1742 3163 1863 3217 Pul-

278 3256 565 3310 cberrima
604 3266 661 3311 et
709 3256 944 3310 maxima
994 3256 1290 3311 luminaria
1337 3264 1505 3325 atque
1555 3257 1703 3313 faces
1756 3258 1861 3313 illa:

282 3346 543 3401 caelestes
598 3346 793 3401 lumen
842 3344 1053 3399 nullum
1105 3344 1360 3406 fundent,
1415 3361 1521 3400 nec
1582 3346 1864 3401 micabant

284 3444 432 3490 astra
455 3436 686 3504 reliqua.
716 3436 908 3491 Frater
936 3434 1182 3496 fratrem,
1206 3444 1263 3490 et
1294 3434 1387 3489 lilii
1420 3445 1699 3504 parentes,
1725 3445 1782 3490 ct
1804 3436 1860 3490 hi

284 3527 529 3583 vicissim
561 3524 704 3580 ﬁlios
726 3525 791 3580 ad
825 3541 1017 3581 necem
1047 3525 1287 3592 tradent,
1326 3536 1523 3580 natura
1553 3536 1612 3579 et
1643 3527 1863 3597 sanguis

284 3620 450 3688 plane
495 3618 886 3683 confundetur,
932 3627 988 3674 et
1037 3600 1299 3683 tenebrae,
1345 3627 1403 3672 et
1439 3627 1644 3673 mortes
1683 3619 1866 3688 quoti-

284 3710 485 3772 dianaa,
533 3717 589 3763 et
632 3706 812 3763 caules
856 3708 1259 3762 miscebantur.
1296 3700 1480 3761 ’Nemo
1522 3717 1654 3762 tunc
1701 3724 1862 3778 opem

286 3801 461 3865 feret;
513 3817 622 3854 non
650 3801 756 3855 erit
803 3801 895 3870 qui
927 3800 1188 3871 sepelial;
1220 3799 1421 3869 stirpes
1442 3809 1497 3855 ct
1540 3800 1702 3854 bruta
1743 3801 1863 3854 ani-

282 3893 498 3947 mantia
528 3892 690 3947 simul
720 3901 1169 3961 corrumpentur.
1205 3892 1350 3951 Viri.
1383 3892 1573 3947 beatos
1604 3893 1867 3962 praedica—

281 3987 427 4041 bunt
456 3986 587 4041 olim
625 3996 890 4053 mortuos,
925 4001 1150 4042 etcum
1192 3986 1547 4041 morientium
1576 3986 1866 4056 putoribus

284 4088 740 4149 computrescent
758 4096 771 4131 :
790 4081 886 4148 qui
904 4079 959 4133 in
975 4078 1141 4133 biviis
1165 4076 1423 4131 videlicet
1447 4085 1656 4132 temere
1674 4077 1863 4147 jacen-

288 4181 397 4234 tcs,
436 4186 621 4226 aerem
649 4171 1023 4243 graveolenlia
1063 4184 1414 4239 summopere
1449 4169 1724 4224 inﬁcient.
1768 4169 1866 4223 Die

291 4259 589 4332 tncipiente
615 4263 933 4317 clamabttnt
980 4277 1104 4316 cum
1139 4261 1344 4332 gemitu
1377 4277 1390 4314 :
1425 4260 1658 4326 Quando
1684 4261 1869 4315 veniet

291 4353 563 4422 vespera?
593 4352 827 4408 forsitan
853 4368 958 4408 nos
984 4352 1088 4408 hoc
1116 4353 1306 4408 dolore
1341 4351 1619 4421 expediet.
1655 4352 1868 4408 Rursus

282 4462 416 4501 cum
449 4463 556 4501 nox
585 4446 788 4511 aderit,
819 4447 966 4503 diem
1001 4448 1293 4517 optabunt,
1344 4455 1403 4503 ut
1438 4447 1566 4503 inde
1613 4446 1669 4502 in
1702 4448 1865 4502 aliam

1715 390 2068 453 DIOPTRA.

271 513 480 582 signari
516 519 771 578 nequeat.
798 505 937 563 Cum
972 506 1121 562 enim
1177 523 1285 562 non
1327 507 1540 578 ignoret
1588 516 1847 577 quantam
1888 516 1923 568 Α
1959 506 2081 561 vine
2138 505 2371 575 cupidus
2425 503 2732 574 reperietur

3420 383 3527 447 818

2787 521 2799 557 :
2847 502 2942 557 sed
2990 510 3048 558 ut
3102 502 3300 573 pulvis,
3349 503 3523 571 palam

1952 600 2137 653 onmia
2166 598 2591 667 reputabuntur.
2623 598 2726 664 Qui
2760 597 2925 668 igitur
2950 596 3277 677 adgcrsante
3310 599 3524 650 ratione
3615 581 3623 587 ’

1952 692 2118 746 Belial
2151 692 2329 761 capita
2377 690 2767 753 submiserint,
2825 689 3085 759 atheique
3134 688 3281 743 illius
3324 689 3521 742 chara-

1955 792 2158 836 cterem
2204 780 2540 849 acceperint.
2579 790 2973 834 concursantes
3003 787 3193 833 contra
3219 794 3345 842 eum
3376 793 3531 831 mur-

1954 872 2273 927 murabunt.
2331 872 2486 938 Hem,
2535 871 2667 942 quid
2724 871 2990 927 fecimus?
3037 870 3335 940 inquient:
3385 871 3531 924 fame

1952 980 2288 1029 enecamur;
2341 964 2525 1017 vivere
2586 962 2881 1032 nequimus
2944 961 3229 1030 amplius:
3299 974 3531 1028 prorsus

1955 1054 2261 1109 deficimus.
2296 1053 2485 1116 Aufer,
2515 1054 2559 1108 si
2596 1063 2774 1123 potes,
2807 1051 3077 1106 dracones
3102 1050 3406 1104 hominum.
3436 1050 3529 1103 Ille

1958 1147 2201 1216 perditor
2240 1144 2387 1200 haud
2419 1145 2583 1214 potis,
2628 1161 2730 1199 nec
2756 1144 2966 1199 habens
3004 1141 3136 1214 quid
3186 1141 3352 1196 faciat
3396 1141 3528 1195 boni

1960 1237 2252 1308 (siquidem
2287 1237 2414 1292 boni
2464 1238 2602 1292 nihil
2635 1237 2829 1292 didicit
2865 1236 3068 1305 facere)
3131 1251 3256 1291 cum
3298 1234 3529 1289 audacia

1956 1328 2235 1383 crudelem
2260 1328 2343 1383 sui
2367 1327 2746 1383 defensionem
2773 1327 2991 1383 afferet.
3029 1326 3190 1381 Nulla
3223 1325 3372 1379 cadit
3403 1326 3527 1393 plu-

1958 1419 2043 1473 via
2066 1434 2080 1482 ;
2108 1419 2310 1473 humus
2337 1433 2447 1472 non
2473 1417 2733 1489 irrigatur
2754 1418 3059 1482 imbribus;
3086 1415 3335 1486 squalida
3368 1416 3533 1470 tellus

1956 1510 2215 1564 alimenta
2239 1526 2349 1564 non
2366 1509 2699 1579 suppeditat.
2719 1509 3048 1580 Quidjigitur
3066 1522 3287 1578 possum
3312 1507 3493 1563 facere
3509 1508 3536 1560 ?

1957 1604 2088 1673 quid
2131 1603 2265 1657 mihi
2317 1603 2518 1657 frustra
2571 1604 2786 1658 molesti
2840 1602 3019 1657 estis?
3068 1602 3224 1656 Unde
3275 1601 3536 1671 prazbcbo

1956 1693 2153 1748 escas?
2181 1691 2327 1747 unde
2350 1703 2542 1748 vestra:
2560 1692 2757 1762 inopiae
2779 1691 3140 1746 succurram?
3163 1690 3319 1744 Tunc
3345 1689 3530 1744 conti-

1959 1801 2096 1839 nens
2146 1795 2203 1839 et
2242 1800 2393 1840 mare
2433 1784 2553 1839 sine
2585 1784 2770 1854 lingua
2817 1781 3289 1846 lamentabantur,
3322 1789 3379 1836 et
3412 1779 3534 1835 alias

1957 1887 2244 1942 creaturae,
2305 1888 2366 1931 ut
2423 1876 2632 1931 dictum
2670 1884 2776 1930 est.
2839 1873 3036 1929 Omnia
3090 1883 3316 1937 tremor,
3364 1872 3533 1927 etiam

1957 1977 2194 2029 montes,
2225 1976 2283 2021 et
2308 1966 2477 2022 colles
2498 1965 2812 2035 occupabit.
2845 1963 2962 2028 Sol,
2995 1975 3053 2019 et
3080 1965 3233 2027 luna,
3265 1972 3320 2018 et
3348 1963 3535 2017 stelia-

1957 2074 2078 2113 rum
2121 2059 2343 2129 agmina
2393 2059 2778 2121 maestovultu
2822 2057 3093 2126 aSpicient
3144 2054 3528 2110 scductionem

1960 2159 2186 2216 tantam,
2237 2165 2345 2219 qua
2381 2164 2557 2220 genus
2600 2149 2973 2204 humanum'a
3017 2164 3119 2203 suo
3149 2146 3411 2202 Creatore
3460 2144 3529 2199 ad

1958 2241 2305 2296 seductorem
2344 2256 2402 2295 se
2432 2238 2721 2311 applicuit,
2752 2248 2807 2295 et
2842 2226 3060 2310 signum
3090 2239 3212 2309 ejus
3248 2237 3490 2306 suscepit
3516 2252 3533 2289 :

1960 2333 2105 2402 quod
2159 2332 2369 2386 utinam
2405 2346 2685 2401 nunquam
2735 2331 3132 2400 suscepissent,
3167 2340 3224 2385 et
3259 2331 3532 2384 tulissent.

1961 2424 2074 2479 Viae
2126 2423 2258 2478 Sion
2308 2431 2439 2478 tunc
2490 2422 2783 2492 lugehunt,
2828 2423 2910 2476 ait
2965 2422 3235 2491 propheta
3283 2422 3363 2486 ",
3408 2419 3538 2488 quia

1960 2516 2221 2572 seductor
2251 2515 2481 2571 abstulit
2509 2516 2650 2571 festa
2681 2515 2920 2572 Domini.
2972 2516 3018 2571 A
3061 2514 3284 2571 Christo
3335 2531 3541 2585 cogno-

1963 2609 2204 2664 minatus
2224 2608 2463 2679 populus
2486 2607 2542 2662 in
2570 2604 2816 2663 maerore
2835 2623 3033 2677 magno
3057 2608 3397 2672 versabitur;
3422 2622 3537 2660 non

1959 2701 2108 2755 enim
2147 2700 2259 2756 erit
2291 2700 2517 2766 oblatio,
2556 2715 2665 2755 non
2699 2700 2990 2763 sacerdos,
3032 2690 3142 2753 non
3176 2698 3534 2755 sacriﬁcium.

1959 2790 2157 2846 Deﬁcit
2211 2799 2269 2845 et
2300 2790 2620 2861 thymiama,
2662 2796 2718 2844 et
2769 2789 2925 2844 locus
2977 2788 3448 2852 holocaustorum,
3481 2797 3540 2843 et

1960 2895 2154 2935 omnes
2207 2880 2396 2950 hymni
2438 2879 2765 2949 psalmique,
2812 2889 2869 2933 et
2913 2894 3077 2934 omne
3132 2894 3308 2947 genus
3361 2877 3538 2932 divini

1961 2975 2167 3035 cultus,
2198 2972 2516 3025 dominante
2553 2971 2715 3026 nobis
2766 2970 3017 3026 daemone
3067 2986 3165 3040 per
3190 2985 3366 3025 annos
3396 2966 3539 3024 ducs

1961 3081 2085 3120 cum
2109 3062 2359 3118 dimidio.
2386 3062 2499 3117 Nisi
2524 3063 2673 3118 enim
2699 3061 3042 3132 providentia
3070 3059 3316 3130 Opiﬁcis,
3347 3060 3537 3115 Salva-

1966 3158 2123 3220 toris,
2164 3172 2229 3211 ac
2273 3155 2491 3210 Domini
2534 3173 2553 3206 ‹
2602 3153 2834 3210 hreviati
2867 3153 3103 3209 fuissent
3133 3152 3250 3207 dies
3287 3152 3388 3216 illi,
3426 3166 3540 3207 non

1966 3249 2119 3304 ﬁeret
2145 3249 2293 3303 salva
2318 3247 2498 3302 omnis
2520 3262 2671 3302 caro.
2700 3245 2805 3302 Sed
2831 3256 3057 3316 propter
3086 3245 3293 3300 eiectos
3318 3244 3539 3299 brevia-

1965 3342 2173 3396 buntur
2203 3340 2320 3395 dies
2352 3338 2431 3394 illi
2462 3340 2533 3403 7°,
2574 3358 2593 3391 ι
2630 3345 2691 3394 ut
2743 3338 2975 3408 ipsemet
3009 3335 3331 3402 afﬁrmavit,
3384 3335 3543 3390 ﬁctor

1965 3448 2144 3498 mens,
2187 3440 2245 3486 et
2293 3429 2582 3495 Dominus,
2636 3437 2693 3484 et
2735 3426 3052 3486 misericors
3103 3425 3389 3490 Dominus,
3442 3427 3547 3493 qui

1964 3541 2129 3594 supra
2153 3525 2301 3579 vires
2333 3524 2535 3578 tentari
2559 3521 2693 3577 sinit
2719 3521 3020 3576 neminem.
3050 3519 3297 3589 Expletis
3326 3526 3540 3586 tempe»

1967 3618 2120 3672 ribus
2167 3616 2295 3677 illis.
2344 3614 2438 3669 ubi
2487 3613 2719 3668 Satanas
2763 3621 2825 3666 et
2902 3612 3160 3667 scandala
3207 3611 3543 3682 quieverint,

1966 3715 2197 3778 repente
2246 3707 2513 3760 immensa
2576 3704 2671 3758 lux
2722 3704 2885 3773 longe
2937 3704 3161 3772 lateque
3205 3700 3543 3757 coruscabit.

1969 3801 2108 3855 Tum
2143 3799 2415 3853 maximus
2444 3798 2558 3855 ille.
2590 3807 2648 3851 ct
2674 3795 3104 3864 pulcherrimus,
3129 3801 3187 3849 et
3216 3793 3547 3849 immortalis

1967 3891 2214 3962 Sponsus
2260 3888 2330 3942 ad
2381 3896 2557 3941 totum
2598 3887 2811 3948 orbem,
2863 3894 2924 3939 ut
2974 3883 3147 3944 novit,
3182 3883 3545 3953 judicandum

1970 3984 2175 4046 veniet,
2203 3982 2261 4036 in
2288 3980 2661 4045 multitudine,
2698 3987 2754 4033 et
2791 3977 3017 4040 virtute,
3053 3983 3111 4030 et
3136 3975 3332 4046 gloria,
3370 3989 3541 4043 quam

1972 4075 2181 4129 nullius
2203 4072 2679 4128 meusinformare
2701 4079 2886 4140 queat.
2913 4068 3155 4124 Sonante
3178 4068 3329 4129 tuba,
3357 4068 3545 4136 sepul-

1970 4186 2063 4225 cra
2109 4169 2447 4239 aperientur,
2484 4177 2540 4220 et
2576 4166 2780 4219 mortui
2816 4164 3147 4219 reviviscent
3176 4162 3440 4220 universi.
3487 4171 3547 4217 et

1969 4269 2245 4332 quotquot
2288 4268 2416 4329 post
2459 4257 2713 4312 homines
2747 4266 2907 4311 natos
2951 4256 3303 4316 interierunt,
3333 4254 3544 4309 excita-

1972 4352 2182 4406 buntur
2199 4349 2264 4404 ".
2283 4349 2541 4403 Viventes
2563 4344 3021 4404 immolabantur,
3048 4342 3243 4397 scribit
3264 4340 3461 4395 Paulus
3476 4341 3543 4393 τι.

1971 4442 2075 4508 Qui
2104 4441 2158 4494 in
2187 4453 2482 4495 occursum
2511 4435 2718 4492 Christi
2757 4434 3064 4505 rapientur,
3098 4435 3153 4487 in
3190 4432 3450 4493 nubibus,
3491 4431 3545 4484 in

282 4540 604 4609 quampiam
630 4539 909 4610 regionem
932 4539 1165 4609 fugiant.
1190 4539 1353 4604 Nulla
1373 4537 1600 4594 omnino
1621 4538 1871 4594 invenie-
1901 4554 1946 4608 ῃ
1974 4549 2101 4589 aera
2122 4547 2317 4602 magno
2335 4544 2591 4593 numero,
2614 4529 2749 4598 justi
2775 4535 2962 4582 erant.
2991 4527 3314 4581 Peccatores
3337 4533 3549 4585 autem,

286 4640 386 4684 tur
417 4631 673 4686 remissio
699 4649 717 4685 :
749 4631 904 4686 nullo
932 4630 1055 4686 loco
1092 4638 1362 4695 tutamen,
1405 4639 1501 4685 aut
1528 4630 1867 4701 prasidium.

286 4726 549 4779 Pecuniae
560 4740 738 4791 amor,
751 4724 1183 4794 divitiarumque
1196 4724 1531 4780 desiderium
1542 4731 1834 4780 evanescat
1851 4738 1866 4777 :

282 4831 515 4880 aurum,
549 4816 882 4887 margaritae,
916 4825 973 4871 et
1008 4817 1150 4887 lapis
1181 4818 1459 4886 pretiosus
1485 4817 1818 4889 abjicientur
1852 4832 1868 4870 :

288 4923 561 4977 purpura,
587 4909 800 4979 hyssus,
819 4920 1107 4980 argentum
1131 4920 1465 4980 Spernentur
1485 4911 1554 4966 ab
1577 4909 1869 4973 omnibus;

285 5012 498 5052 coccus
553 5008 841 5070 augustos,
892 4999 1224 5070 hyacinthus
1281 5008 1337 5053 et
1390 5000 1494 5053 alia
1549 5007 1871 5069 sumptuosa

287 5090 663 5160 negligentur.
692 5091 764 5149 Ut
786 5093 980 5161 paucis
1008 5092 1208 5154 dicam,
1240 5091 1511 5161 quidquid
1536 5093 1591 5144 in
1630 5090 1870 5144 terrenis

290 5181 464 5236 rebus
483 5183 810 5252 pretiosum,
834 5194 894 5239 ut
912 5183 1130 5248 inutile,
1151 5191 1211 5237 ut
1228 5182 1543 5252 profanum,
1562 5192 1621 5236 ut
1638 5181 1872 5253 ignomi-

288 5274 513 5327 niosum
558 5274 919 5344 despicietur.
951 5274 1129 5331 Nemo
1151 5274 1393 5330 nuntmis
1436 5274 1732 5338 laetabitur,
1767 5287 1870 5326 nec

360 5388 407 5423 ⁷³
441 5387 647 5445 Threu.
679 5407 716 5455 ι,
739 5390 792 5457 4,
814 5391 873 5446 5.
950 5392 997 5423 ⁷⁸
1034 5390 1226 5449 Matth.
1251 5405 1402 5454 xxiv,
1425 5389 1516 5444 9.2.
1593 5389 1638 5420 ⁷⁷
1674 5387 1808 5442 Luc.
1834 5402 1862 5439 χ

1974 5386 2043 5443 ‘27
2073 5402 2088 5452 ;
2130 5382 2322 5439 Matth.
2373 5379 2614 5444 xxrv,29
2649 5395 2804 5450 seqq.

1975 4635 2034 4680 ut
2063 4639 2190 4695 ego,
2237 4633 2294 4678 et
2328 4629 2603 4692 quotquot
2645 4617 3065 4690 improhissimi,
3111 4618 3168 4671 in
3198 4627 3346 4673 terra
3376 4615 3551 4669 relin-

1970 4726 2233 4788 quentur,
2259 4716 2464 4771 frustra
2488 4714 2856 4769 lamentantes
2960 4761 2967 4767 .

2043 4808 2334 4880 Tyrannus
2357 4821 2484 4862 cum
2511 4803 2662 4859 omni
2683 4802 2928 4873 potentia
2959 4815 3057 4855 sua
3079 4798 3473 4854 condemnatus
3488 4806 3549 4853 et

1970 4901 2194 4972 ligatus,
2218 4908 2274 4954 et
2302 4899 2620 4969 quicunque
2656 4894 3031 4952 characterem
3058 4891 3176 4961 ejus
3206 4889 3542 4952 habuerunt,

1974 4990 2354 5047 an‘teVerbum
2372 4988 2661 5045 sistentur.
2690 4984 2848 5039 Tunc
2908 4982 3022 5037 Rex
3053 4980 3299 5036 omnium
3328 4990 3385 5036 et
3436 4981 3547 5034 Do-

1976 5085 2158 5138 minus
2205 5079 2622 5151 potentissimus
2651 5074 2980 5133 sententiam
3011 5084 3200 5128 contra
3248 5073 3371 5128 illos
3419 5088 3548 5143 pro-

1973 5177 2133 5237 feret,
2186 5173 2543 5243 universique
2587 5171 2642 5225 in
2672 5162 2980 5241 gehennam
3042 5176 3402 5238 prseparatam
3436 5166 3549 5221 dis-

1974 5270 2193 5325 cedent.
2252 5265 2307 5320 In
2377 5266 2497 5320 istis
2548 5251 2680 5319 tunc
2732 5261 3055 5332 implebitur
3092 5260 3183 5314 illa
3236 5261 3545 5330 praedictio,

2889 5379 2939 5411 ”
2972 5379 2992 5433 l
3024 5377 3152 5433 Cor.
3184 5393 3273 5443 xv,
3296 5377 3545 5449 fiascqq.

1752 5528 2029 5592 Scholia.

369 5654 870 5727 ‘Chrysostomus:
905 5653 1110 5711 Etenim
1160 5672 1278 5726 rege
1334 5653 1796 5727 appropinquante
1827 5661 1877 5727 et

295 5724 622 5786 adveniente,
664 5728 755 5795 qui
781 5728 830 5779 in
873 5728 1069 5779 honore
1088 5724 1233 5791 sunt,
1268 5724 1872 5795 occurruutnfqmnati,

295 5799 491 5867 qufque
511 5793 861 5867 offenderunt,
885 5797 1025 5851 domi
1045 5808 1277 5852 manent.
1298 5795 1470 5853 Super
1491 5810 1612 5849 aere
1641 5793 1874 5862 feremur

1983 5661 2039 5704 ut
2069 5647 2320 5703 vehiculo.
2358 5646 2496 5701 Nam
2529 5653 2577 5697 et
2602 5641 2843 5696 Christus
2866 5643 2919 5699 in
2941 5642 3160 5696 nubibus
3195 5639 3421 5693 elevatus
3448 5642 3548 5693 est,

1981 5731 2030 5773 ct
2087 5735 2178 5771 nos
2227 5718 2282 5770 iu
2311 5716 2530 5770 nubibus
2578 5714 2881 5782 rapientur;
2937 5719 3009 5767 et.
3033 5710 3169 5780 quod
3205 5708 3435 5762 euntium
3475 5710 3553 5758 cu

1983 5790 2362 5857 beatissimum,
2392 5802 2509 5840 cum
2541 5785 2652 5857 ipso
2673 5784 2862 5839 crinitis
2881 5797 3105 5852 semper.
