4036 6418
474 356 585 436 eis

1716 350 2052 420 l‘iiiLii'i‘l
2094 353 2480 422 SOLITARII

3634 367 3746 429 820

471 494 594 554 qua:
640 478 928 536 adl‘uturos
976 468 1199 531 ultimos
1257 461 1376 526 dies
1405 469 1628 535 cecinit,
1687 471 1889 540 quibus
1942 471 2047 523 Do-
2086 478 2123 530 Δ
2158 472 2814 542 procreavi.ilujusmodi
2836 473 2924 527 ille
2954 471 3198 528 audacia:
3222 473 3539 544 plenissima
3563 476 3742 530 eti'uu-

476 576 661 629 minus
711 571 934 626 inducet
986 567 1226 638 gladium
1277 572 1550 629 sanctum,
1578 574 1635 618 et
1674 579 1956 634 magnum,
1999 571 2056 616 et

473 673 672 726 fortem
697 683 861 737 super
879 679 1138 734 magnum
1161 663 1482 726 draconem,
1517 671 1852 731 serpentem,
1892 659 2057 712 mulc-

476 761 662 822 tieum,
700 773 862 830 quem
900 759 1062 828 plane
1122 755 1422 810 interﬁciet
1478 755 1596 808 acie
1654 753 1819 822 hujus
1866 750 2054 822 gladii.

473 855 776 910 Draconem
815 852 1060 921 intellige
1091 849 1494 905 Antichristum
1521 849 1558 900 '.

1097 981 1324 1040 CAPUT
1350 980 1442 1034 XI.

477 1095 660 1157 Adhuc
722 1101 787 1153 de
835 1087 1116 1154 secterib‘us
1158 1093 1490 1158 Antichristi,
1539 1099 1589 1145 et
1616 1109 1709 1144 cur
1761 1091 1902 1147 Deus
1941 1106 2059 1147 eum

544 1173 714 1226 vivere
737 1187 799 1225 ac
817 1172 999 1225 sarcire
1020 1170 1270 1233 patietur.

552 1309 747 1370 Astus.
787 1312 1047 1379 Quaenam
1079 1324 1250 1380 porro
1292 1307 1506 1364 utilitas
1535 1307 1590 1362 in
1627 1305 1867 1361 adventu
1901 1304 2052 1360 Anti-

477 1405 670 1461 christi
699 1406 723 1458 ?
748 1403 898 1474 quod
929 1404 1146 1458 lucrum
1180 1401 1518 1472 apportabit,
1573 1410 1702 1455 enm
1736 1399 1974 1459 venerit,
2005 1403 2064 1451 ut

475 1502 767 1553 venturum
791 1495 970 1550 dicis?
999 1494 1133 1561 Quis
1158 1494 1309 1548 illius
1339 1493 1558 1549 vivendi
1589 1493 1788 1547 modus
1814 1509 1828 1546 :
1865 1501 1921 1546 et
1964 1507 2064 1546 cur

473 1605 601 1644 eum
627 1589 773 1643 Deus
799 1586 952 1642 nasci
987 1585 1277 1657 patietur?

545 1679 709 1736 Cano.
739 1681 819 1736 Ne
875 1689 930 1734 te
988 1680 1071 1734 rei
1102 1679 1322 1734 novitas
1367 1677 1660 1749 perturbet
1693 1696 1706 1732 :
1740 1669 1880 1731 nihil
1913 1676 2062 1732 enim

475 1774 595 1828 sine
624 1773 838 1828 ratione
873 1770 936 1824 ﬁt
968 1777 1162 1826 eorum
1195 1785 1317 1840 quae
1343 1771 1482 1825 tiunt
1509 1771 1576 1835 ⁷⁸,
1603 1778 1659 1825 et
1689 1771 1808 1824 sine
1844 1769 2059 1824 ratione

478 1861 844 1916 conveniente
889 1876 904 1914 :
963 1858 1061 1914 sed
1115 1859 1170 1912 in
1219 1857 1498 1928 pondere,
1529 1871 1762 1911 numero
1811 1865 1866 1910 et
1910 1870 2064 1909 men-

479 1970 628 2008 sura.
677 1952 878 2007 Paulus
939 1966 1106 2021 porro
1142 1951 1196 2006 in
1257 1950 1430 2005 altera
1479 1949 1725 2020 Epistula
1769 1948 1838 2004 ad
1891 1935 2063 2002 Thes-

477 2044 851 2098 salonicenses
898 2057 1021 2113 cap.
1055 2059 1126 2110 tt,
1172 2044 1242 2098 ad
1287 2043 1343 2098 id
1390 2044 1539 2114 quod
1595 2045 1802 2115 quaeris
1833 2059 2065 2112 respon-

478 2137 592 2192 det.
677 2138 879 2192 Eorum
962 2137 1111 2191 enim
1185 2137 1568 2194 dominabitur
1647 2137 2060 2200 Antichristus,

480 2231 577 2299 qui
598 2229 772 2299 gratia
797 2228 892 2284 Dei
917 2237 1047 2284 sunt
1071 2229 1346 2293 destituti,
1372 2230 1466 2300 qui
1489 2230 1794 2295 teterrima,
1817 2238 1875 2283 et
1900 2236 2067 2283 teter-

479 2321 637 2376 lrimis
669 2319 895 2375 tetriora
923 2321 1206 2391 patientur
1235 2337 1249 2374 :
1284 2311 1645 2378 Hebraeorum
1680 2331 1880 2390 nempe
1906 2333 2062 2391 gens,-

480 2417 686 2473 Christi
711 2416 1076 2472 interfectrix.
1103 2417 1375 2483 Quoniam
1406 2417 1552 2473 enim
1593 2406 1917 2473 charitatem
1955 2433 2066 2472 non

483 2517 823 2578 receperunt
875 2508 1224 2580 (eharitatem
1282 2509 1542 2580 intelligit
1593 2510 1788 2575 Deum,
1835 2516 2068 2562 vocatur

483 2603 632 2657 enim
657 2601 920 2673 Charitas)
947 2601 1013 2656 ad
1041 2603 1336 2658 utilitatem
1359 2614 1414 2656 ct
1440 2602 1703 2668 fructum,
1736 2602 1804 2656 ad
1831 2603 2064 2657 salutem

484 2709 664 2758 suam,
718 2695 866 2750 Deus
919 2696 1028 2752 illis
1085 2696 1466 2766 Operatio'nem
1504 2696 1713 2751 erroris
1770 2697 1974 2757 mittet,
2007 2704 2069 2749 ut

483 2786 750 2855 deinceps
777 2786 1056 2857 sequitur,
1103 2787 1169 2841 ad
1199 2788 1680 2844 confirmationem
1723 2787 1871 2843 fidei.
1904 2785 2068 2843 Antia

485 2879 755 2934 christum
803 2897 822 2930 ι
877 2881 1256 2951 Operationem
1303 2883 1511 2938 erroris
1552 2901 1571 2935 ι
1635 2882 1954 2953 appellavit.
2009 2883 2066 2938 Si

483 2959 654 3042 igitur
682 2972 1047 3028 audacissima
1077 2974 1167 3028 illa
1201 2975 1374 3030 bestia
1401 2975 1630 3030 minime
1650 2974 1889 3041 veniret,
1922 2991 2069 3030 nun-

487 3075 651 3130 quam
684 3075 840 3118 suam
878 3065 1299 3134 perversitatem
1334 3067 1709 3137 agnovissent.
1763 3067 1954 3137 itaque
1999 3066 2066 3121 ad

487 3154 747 3210 Hebraeos
803 3157 1218 3223 r'edarguendos
1269 3157 1479 3220 veniet,
1533 3167 1692 3212 utne
1748 3156 2066 3227 ﬁgmentum
2098 3170 2141 3226 ο

486 3247 710 3314 quidem
735 3255 1099 3316 praetexentes
1125 3249 1311 3302 dicere
1339 3255 1578 3318 qneantz‘
1607 3248 1875 3313 Quoniam
1907 3249 2064 3302 audi-

487 3337 672 3390 vimus
699 3337 983 3389 Christum
1012 3346 1188 3391 semet
1217 3325 1415 3391 Filium
1463 3338 1559 3391 Dei
1593 3339 1993 3404 nominantem,
2017 3341 2071 3394 et

490 3423 588 3481 Dei
623 3427 861 3480 viventis
895 3427 1216 3496 progeniem
1249 3428 1317 3482 ah
1344 3428 1488 3489 aliis,
1513 3429 1666 3482 nullo
1693 3429 1857 3484 modo
1887 3445 1989 3485 nos
2021 3431 2070 3485 ei

495 3515 770 3584 subjicere
796 3515 1093 3570 voluimus.
1128 3516 1279 3572 Talia
1310 3518 1668 3587 loquentibus
1695 3521 2074 3578 Antichristus

494 3619 562 3660 ex
598 3605 667 3660 iis
695 3620 816 3674 qua:
841 3605 958 3675 ipse
991 3605 1216 3672 dixerit,
1241 3606 1624 3679 etiinxeritque
1651 3626 1714 3665 os
1745 3611 2029 3666 obturabit
2056 3629 2070 3666 :

495 3695 636 3749 nihil
662 3694 808 3748 enim
824 3694 891 3748 ad
908 3695 1220 3759 veritatem,
1245 3696 1340 3750 sed
1369 3712 1518 3751 mera
1546 3698 1829 3752 mendacia
1855 3714 2074 3768 semper

495 3785 758 3853 loquetur
784 3793 839 3838 et
865 3783 1048 3849 faciet,
1081 3785 1224 3840 sicut
1249 3795 1407 3855 pater
1432 3785 1726 3841 mendacii.
1761 3788 1826 3840 Et
1852 3803 1976 3841 cum
2003 3787 2075 3842 sit

498 3876 598 3931 Dei
645 3876 1020 3942 adversarius,
1059 3878 1230 3932 Deum
1267 3887 1446 3932 tamen
1484 3893 1606 3933 sese
1651 3895 1760 3934 non
1802 3879 1994 3934 timide
2022 3890 2079 3945 (0

497 3967 870 4036 importunam
910 3966 1267 4034 audaciami)
1303 3967 1682 4036 appellaverit,
1730 3970 1897 4022 etiam
1949 3968 2080 4023 hinc

499 4057 892 4126 ingratissimis
951 4057 1231 4112 silentium
1289 4057 1558 4126 imponet.
1617 4057 1673 4111 Si
1747 4057 1894 4112 enim
1969 4071 2080 4111 non

499 4146 842 4202 audivissent
873 4145 1156 4201 Christum
1181 4146 1448 4211 Verbum,
1483 4148 1654 4202 Deum
1686 4158 1742 4203 et
1770 4147 2078 4214 hominem,

499 4247 658 4294 tanto
698 4239 872 4308 magis
921 4239 999 4292 illi
1048 4238 1279 4293 credere
1322 4255 1434 4292 non
1485 4240 1775 4296 deberent.
1826 4241 2084 4299 Christus

503 4329 650 4382 enim
684 4329 738 4383 in
784 4329 1096 4384 humilitate
1139 4330 1394 4395 docebat,
1439 4331 1634 4387 dicens
1689 4349 1748 4388 se
1797 4336 2084 4392 missuma

503 4421 666 4476 Pa‘tre
697 4431 712 4474 :
742 4420 879 4475 nihil
912 4422 1032 4476 sine
1065 4423 1180 4487 illo,
1209 4432 1266 4478 et
1292 4425 1524 4479 consilio
1551 4426 1785 4481 Paterno
1817 4428 2022 4486 habere
2048 4446 2078 4486 a

2159 565 2270 627 det,
2301 565 2728 634 nugabiturque.
2753 565 2997 631 Quorum
3023 565 3288 620 Dominus
3311 566 3531 621 Jt‘daaos
3553 568 3747 622 admo-

2161 672 2316 718 nens,
2350 655 2533 710 aiebat
2564 672 2581 712 :
2620 656 2702 710 Me
2733 655 2830 724 qui
2866 655 2992 710 veni
3027 656 3081 710 in
3119 657 3342 711 nomine
3396 657 3574 711 Patris
3610 661 3746 723 mei,

2159 757 2214 803 et
2245 750 2524 803 voluntate
2574 758 2824 818 paterna,
2855 763 2966 803 non
2999 749 3323 819 suscepistis
3358 768 3370 802 :
3417 768 3434 800 ι
3488 749 3644 805 Alius
3681 751 3738 805 in

2161 842 2385 897 nomine
2423 853 2526 896 δυο
2551 841 2756 906 veniet,
2785 842 2934 897 hunc
2957 841 3275 909 suscipietis
3303 841 3371 895 ".
3408 860 3426 893 ι

2233 935 2429 988 Δκηικ.
2457 933 2746 1000 Quomodo
2767 943 2954 989 autem
2980 933 3213 989 Satanas
3237 948 3444 1002 corpus
3467 935 3752 1001 gestabit?

2161 1040 2384 1094 quaso;
2451 1034 2507 1080 et
2547 1025 2825 1094 quomodo
2859 1040 3026 1080 carne
3062 1025 3556 1080 continebitnriet
3607 1041 3751 1094 quo-

2163 1118 2328 1173 modo
2378 1119 2618 1174 animam
2674 1128 3056 1189 mentemque,
3117 1127 3178 1174 ut
3235 1128 3484 1189 apparet,
3541 1129 3598 1174 et
3644 1121 3754 1175 alia

2165 1212 2367 1267 habere
2392 1211 2712 1270 videbitur?
2736 1221 2794 1267 et
2826 1211 3108 1281 quomodo
3138 1212 3445 1268 secundum
3481 1213 3743 1268 substan-

2166 1307 2294 1360 tiam
2328 1304 2445 1374 ipse
2477 1319 2698 1375 quoque
2731 1303 2982 1359 mortalis
3018 1303 3172 1358 erit?

2234 1397 2402 1452 Cano.
2429 1397 2509 1452 ita
2536 1397 2647 1451 noli
2668 1396 2936 1466 cogitare,
2959 1411 3064 1451 nec
3086 1394 3318 1460 sentire,
3344 1410 3447 1450 nec
3473 1397 3752 1466 proloqui.

2167 1487 2241 1541 Ex
2262 1502 2466 1556 genere
2491 1485 2715 1556 quidem
2743 1487 2880 1549 Dan,
2900 1495 2958 1540 et
2979 1485 3238 1541 Galilzeus
3261 1486 3388 1540 erit.
3419 1486 3753 1555 Virguneula

2169 1581 2306 1634 falso
2351 1579 2584 1645 credita,
2639 1589 2700 1634 et
2760 1578 3202 1649 impudicissima
3267 1579 3619 1633 meretricula
3683 1595 3756 1632 ex

2165 1672 2334 1728 cubili
2362 1674 2684 1728 inconcesso
2715 1671 3020 1727 nefandum
3056 1672 3211 1726 illum
3235 1671 3516 1726 hominem
3549 1672 3752 1741 pariet.

2167 1765 2225 1820 In
2251 1780 2362 1836 quo
2393 1776 2504 1820 non
2534 1765 2770 1821 obscure
2797 1764 3053 1820 diabolus
3085 1763 3441 1829 inhabitabit,
3477 1775 3533 1819 et
3562 1766 3751 1819 omnia

2167 1855 2234 1909 ad
2273 1855 2612 1910 voluntatem
2642 1854 2847 1910 diaboli
2888 1854 3075 1919 faciet,
3117 1863 3174 1910 et
3216 1862 3476 1923 tanquam
3516 1855 3753 1909 daemoni

2169 1948 2419 2002 initiatus
2449 1958 2506 2003 et
2540 1949 2820 2018 loquetur,
2859 1955 2916 2002 et
2948 1955 3073 2018 aget
3112 1965 3124 2000 :
3185 1950 3418 2011 tractus,
3470 1956 3662 2016 raptus
3699 1949 3755 2002 in

2166 2039 2361 2109 spiritu
2386 2040 2642 2110 maligno,
2665 2042 2746 2095 sic
2775 2039 3058 2110 procedet,
3078 2040 3335 2095 nesciens
3352 2039 3484 2109 quid
3509 2033 3752 2093 faciat“.

2240 2125 2320 2186 En
2381 2131 2637 2202 exposui,
2697 2140 2837 2203 quas
2901 2131 2972 2187 ob
3028 2147 3224 2187 causas
3285 2132 3758 2192 sceleratissimus

2169 2220 2544 2276 Antichristus
2565 2221 2753 2276 venire
2777 2221 3130 2292 permittatur
3156 2221 3390 2277 :Partim
3416 2230 3476 2274 ut
3505 2231 3757 2290 amputet

2169 2313 2556 2370 excusationes
2595 2313 2954 2371 ﬂebrreorum
2989 2354 3007 2380 ,
3039 2314 3241 2386 partim
3294 2323 3356 2369 ut
3392 2313 3577 2368 tideies
3612 2313 3748 2366 tide-

2168 2407 2416 2476 liumque
2469 2407 2775 2462 certamina
2826 2416 3156 2478 appareant,
3207 2417 3331 2476 qua!
3376 2405 3644 2460 adversus
3694 2405 3754 2457 et

2169 2507 2360 2554 contra
2384 2498 2562 2568 ipsum
2587 2508 2718 2554 tunc
2739 2497 3112 2568 suscipientur
3137 2539 3151 2562 ,
3179 2507 3234 2552 et
3265 2496 3358 2551 alii
3385 2495 3511 2550 aliis
3532 2509 3754 2564 semper

2172 2591 2426 2661 exemplo
2444 2591 2575 2657 sint,
2604 2598 2662 2646 et
2686 2590 2766 2645 sic
2792 2590 3038 2661 praemia,
3067 2589 3272 2660 quibus
3293 2589 3364 2643 ob
3387 2588 3561 2642 zelum
3588 2588 3756 2642 istum

2170 2695 2363 2738 omnes
2417 2681 2569 2754 digni
2628 2688 2794 2748 sunt,
2862 2681 3261 2753 adipiscantur.
3319 2680 3431 2736 Nec
3483 2679 3630 2732 enim
3686 2676 3758 2732 ad

2173 2774 2560 2831 universorum
2611 2775 2875 2837 exitium,
2917 2783 3014 2828 aut
3071 2773 3211 2829 citra
3248 2772 3519 2828 rationem
3555 2769 3762 2838 proba-

2172 2865 2335 2920 bilem
2354 2864 2907 2934 convenientemque,
2929 2863 3023 2920 sed
3039 2863 3105 2919 ad
3124 2863 3416 2918 maximam
3440 2861 3760 2926 utilitatem,

2174 2966 2234 3013 ut
2258 2973 2424 3027 supra
2471 2957 2784 3018 docuimus.
2834 2966 3102 3012 venturus
3135 2965 3240 3012 est.
3289 2955 3425 3010 Nam
3471 2962 3528 3010 et
3559 2967 3761 3007 carnes

2174 3057 2499 3120 serpentum
2521 3065 2550 3103 a
2571 3049 2805 3105 medicis
2823 3047 3299 3119 prastantissimis
3312 3048 3378 3102 ad
3397 3045 3728 3102 medicinam
3743 3088 3761 3111 ,

2175 3151 2230 3196 et
2282 3143 2429 3197 vires
2478 3141 2766 3197 hominum
2816 3139 3206 3196 instaurandas
3259 3146 3639 3200 assumuntur,
3694 3146 3765 3190 ut.

2174 3233 2280 3287 alia
2328 3232 2569 3299 inutilia,
2615 3241 2673 3288 et
2732 3248 2855 3302 quae
2911 3240 3180 3303 putantur
3235 3233 3398 3287 noxia
3461 3249 3475 3284 :
3536 3227 3764 3283 tametsi

2174 3325 2555 3380 Antichristus
2602 3325 2928 3395 neutiquam
2959 3332 3047 3380 est
3082 3324 3382 3390 medicina,
3418 3324 3514 3379 sed
3564 3322 3763 3393 perni-

2175 3417 2291 3471 cies
2327 3415 2530 3487 potius.

2778 3548 3004 3612 CAPUT
3041 3553 3156 3609 XII.

2180 3667 2259 3722 Αιι
2311 3677 2635 3740 perpetuen:
2672 3667 3204 3740 considerationem,
3251 3670 3434 3722 mortis
3499 3668 3768 3721 incitatio.

2500 3737 2556 3793 S.
2593 3737 2868 3792 Trinitatis
2901 3739 3018 3792 laus
3053 3747 3100 3791 et
3137 3739 3442 3793 admiratio.

2252 3874 2332 3928 Ne
2381 3874 2548 3944 igitur
2606 3872 2874 3944 investiga
2911 3889 3000 3930 res
3043 3873 3230 3943 hujus,
3281 3887 3384 3928 nec
3441 3874 3721 3945 interroga
3752 3891 3772 3928 :

2181 3967 2322 4022 nihil
2358 3967 2564 4037 quippe
2599 3965 2703 4020 ista
2747 3965 2978 4020 scientia
3024 3965 3168 4020 lucri
3216 3966 3492 4036 acquires.
3529 3967 3768 4022 Mortem

2184 4070 2368 4116 autem
2404 4069 2462 4114 et
2506 4058 2672 4113 tinem
2725 4058 2782 4114 in
2827 4057 2996 4114 horas
3047 4068 3302 4128 exspecta
3338 4075 3352 4113 :
3398 4073 3628 4116 necesse
3681 4069 3773 4115 est

2183 4154 2334 4210 enim
2389 4161 2644 4209 naturam
2693 4153 2944 4210 dissolvi.
2986 4153 3253 4209 Meditare
3311 4153 3455 4210 hanc
3506 4165 3772 4225 semper:

2191 4266 2209 4300 ι
2246 4247 2549 4303 Memorare
2576 4255 2896 4304 constanter
2924 4247 3222 4302 novissima
3254 4255 3370 4313 tua,
3399 4257 3456 4303 et
3483 4263 3773 4317 nunquam

2187 4340 2460 4410 peccabis.
2487 4359 2507 4392 ι
2548 4345 2610 4395 tit
2647 4339 2721 4394 ait
2747 4331 3034 4410 Scriptura
3063 4339 3132 4394 ⁸³.
3155 4339 3412 4396 Admiror
3436 4341 3601 4395 etiam
3621 4339 3776 4396 Grie-

2189 4447 2304 4494 cos,
2329 4431 2425 4500 qui
2469 4431 2750 4501 sapienter
2795 4429 3157 4500 scripserunt,
3187 4430 3592 4501 philosophiam
3648 4443 3775 4485 esse

506 4514 804 4584 semetipso
826 4513 957 4584 quid
987 4513 1208 4570 faceret.
1247 4517 1623 4572 Antichristus
1651 4527 1835 4574 autem
1870 4533 2085 4578 contra-
2118 4519 2160 4574 D
2191 4523 2606 4578 meditationem
2636 4521 2852 4576 mortis.
2891 4523 3047 4577 Sicut
3076 4522 3226 4576 enim
3258 4523 3416 4592 panis
3448 4537 3560 4592 pne
3592 4521 3774 4576 omnia

507 4605 593 4668 ria
620 4614 676 4659 et
700 4606 866 4667 dicet,
904 4615 959 4661 et
989 4607 1171 4662 faciet.-
1203 4608 1339 4674 Quis
1383 4610 1526 4664 alius
1563 4611 1746 4666 Deus?
1782 4613 1944 4676 dicet,
1979 4631 2081 4682 ego

507 4697 658 4752 Solus
700 4714 819 4753 sum
850 4698 1031 4766 Deus;
1066 4709 1263 4770 praeter
1286 4717 1373 4756 me
1404 4717 1514 4757 non
1547 4713 1633 4757 est
1661 4703 1822 4760 alius.
1857 4704 1924 4760 Et
1959 4708 2083 4776 quis

508 4789 704 4846 similis
759 4792 914 4846 mei?
971 4809 1074 4863 ego
1137 4794 1340 4849 emtum
1397 4803 1455 4848 et
1515 4798 1740 4858 terram.
1807 4806 1864 4851 et
1902 4800 2087 4856 omnia

584 4930 628 4961 ⁷³
679 4929 809 5002 Sap.
846 4946 924 5000 ιι,
971 4932 1062 4985 26.

1140 4930 1185 4963 ⁸ο
1215 4929 1374 4997 Joan,
1401 4948 1450 4994 γ,
1481 4933 1568 4986 4-5.
1645 4935 1687 4964 ⁸¹
1722 4935 1889 4990 Eccii.
1914 4954 2023 5000 _vu,
2068 4937 2158 4992 10.

2193 4617 2298 4671 bus
2327 4614 2470 4670 escis
2513 4623 2598 4670 est
2640 4613 3014 4677 necessarius,
3038 4623 3096 4670 et
3139 4623 3224 4669 est
3262 4614 3668 4668 ﬁrmamentum
3708 4626 3774 4666 ac

2197 4708 2636 4764 stabilimentum
2688 4708 2892 4772 cordis,
2966 4709 3047 4764 sic
3092 4717 3149 4763 et
3187 4707 3503 4761 meminisse
3551 4703 3770 4768 mortis,

2201 4800 2448 4855 omnium
2489 4810 2574 4855 est
2600 4801 2892 4870 optimum.
2918 4801 3266 4856 Esurientem
3295 4798 3444 4853 enim
3473 4795 3630 4865 panis
3661 4809 3773 4848 non

2014 5054 2288 5114 Scholia.

585 5167 608 5198 δ
629 5169 771 5224 Sicut
821 5171 958 5243 enirn
979 5175 1199 5243 _a'ntea__
1222 5167 1486 5243 destructa
1507 5175 1558 5243 et
1582 5189 1760 5243 (uersa
1784 5177 1906 5243 sunt
1930 5176 2093 5243 impe-

517 5244 688 5305 iia,et
720 5240 1054 5313 ntangrcltiaz,
1066 5250 1127 5313 tu
1145 5239 1417 5294 Medorum
1447 5241 1825 5313 a_BabyIOttiis,
1861 5239 2091 5313 Babylo-

520 5314 728 5376 niorum
759 5326 791 5360 a
825 5307 1021 5368 Persis,
1061 5308 1343 5363 Persarum
1375 5319 1422 5362 et
1452 5307 1799 5365 Macedonum
1833 5331 1862 5364 a
1900 5307 2094 5369 [iouia-

520 5383 623 5445 his,
661 5382 734 5433 sic
775 5386 822 5433 et
862 5380 978 5433 hoc.
1022 5378 1338 5448 Romanum,
1377 5382 1618 5448 inquam,
1678 5385 1978 5436 destruetur
2027 5388 2090 5438 ab

521 5452 941 5524 Antiejtristo,_et
977 5448 1067 5501 ille
1092 5466 1123 5524 ᾳ
1166 5447 1394 5524 Christo,
1427 5447 1518 5502 nec
1543 5451 1771 5521 amplius
1799 5455 2088 5524 occupabit.

595 5527 632 5546 "
657 5520 758 5586 Qui
781 5523 844 5573 ab
875 5519 1145 5571 immundo
1182 5521 1369 5587 spiritu
1405 5529 1479 5572 est
1525 5519 1782 5588 obsessus,
1824 5528 1882 5576 ut
1921 5519 2093 5579 tuente

520 5581 789 5646 alienatus
812 5589 1152 5652 vaticinatur,
1175 5581 1222 5640 et
1247 5607 1278 5642 a
1307 5590 1543 5644 dtrmoue
1571 5581 1823 5654 trahitur,
1854 5597 2090 5649 nesciens

521 5665 647 5782 quid
693 5663 852 5714 dicat.
899 5658 1007 5712 Hoc
1046 5661 1185 5710 enim
1222 5661 1624 5715 uaticinantium
1671 5673 1746 5716 est
1794 5666 2090 5732 proprium,

545 5736 575 5782 ti
599 5733 780 5782 mentis
802 5737 1177 5782 notestatenon
1210 5745 1338 5782 esse.
1361 5730 1463 5782 vim
1504 5735 1636 5782 nati.
1669 5734 1892 5782 impelli-
1926 5737 2090 5782 (ra/ii-

545 5736 575 5783 ii
599 5733 780 5785 mentis
801 5737 1055 5794 potestate
1075 5746 1177 5802 non
1210 5745 1338 5793 esse,
1361 5730 1463 5782 vim
1503 5735 1636 5798 pati,
1669 5730 1892 5802 impelli.
1926 5737 2090 5799 tra/ti,

525 5800 750 5868 i'untart',
771 5802 1087 5870 furiosorum
1107 5800 1298 5867 instar,
1330 5809 1376 5853 et
1401 5804 1597 5857 nescire
1624 5800 1751 5860 quid
1781 5803 2088 5860 loituuntun

1145 6027 1172 6046 κ

2270 5177 2578 5246 Chrysost.:
2613 5175 2727 5246 Non
2747 5181 2812 5228 ut
2839 5177 3105 5244 prephetaa
3132 5163 3442 5246 ioquentur,
3475 5171 3567 5222 sed
3591 5170 3773 5238 quales

2201 5237 2404 5320 fatidici
2438 5257 2616 5301 erant.
2671 5237 3084 5320 ibiienim'cum
3113 5241 3321 5320 damon
3353 5242 3591 5320 animum
3619 5259 3774 5320 occu-

2202 5311 2366 5390 parit,
2404 5327 2632 5390 mentem
2660 5317 2920 5390 debilitat,
2957 5322 3003 5367 et
3038 5312 3299 5390 rationem
3343 5311 3588 5365 obscurat
3621 5321 3668 5364 et
3698 5314 3774 5368 ita

2203 5383 2431 5460 loquitur
2478 5388 2588 5452 ipse
2617 5387 2794 5460 omnia
2843 5399 3024 5460 eorum
3066 5383 3273 5460 ratione
3299 5391 3347 5433 et
3393 5393 3562 5460 mente
3609 5391 3772 5460 telum

2200 5453 2564 5530 ignorantibus
2586 5499 2599 5518 ,
2633 5457 2813 5530 sed_ut
2838 5456 2965 5506 tibia
2996 5453 3233 5530 inanima
3259 5453 3775 5530 sonantibus-Sicut

2201 5523 2290 5601 qui
2321 5539 2529 5601 canunt
2555 5525 2801 5601 oracula,
2838 5532 2887 5575 et
2916 5532 3080 5601 vat-es,
3108 5525 3339 5601 quicum
3372 5523 3537 5601 multa
3570 5525 3770 5601 dicunt,

2195 5592 2328 5654 nihil
2357 5615 2538 5652 eorum
2566 5598 2760 5658 sciunt,
2796 5609 2913 5663 qua:
2950 5593 3127 5645 dicunt
3151 5633 3164 5650 .
3196 5595 3270 5645 ita
3306 5601 3353 5645 et
3391 5593 3479 5646 ille
3509 5613 3538 5647 (ι
3565 5592 3772 5647 Sutuna

2195 5679 2365 5724 mente
2391 5680 2612 5732 emotus,
2646 5663 2904 5735 loquetur,
2931 5673 2976 5716 et
3001 5673 3117 5733 aget
3141 5679 3255 5733 qtttt.’
3281 5666 3507 5718 dwmoni
3530 5663 3775 5718 collibue-

2194 5742 2320 5795 rint.
