4036 6416
830 272 854 281 ρ

338 351 445 418 821

1788 353 2120 411 DlOl’l'llA
2135 388 2148 402 .

3500 359 3607 424 822

341 465 645 529 recordari,
674 473 760 519 est
810 455 1154 534 impossibile
1190 480 1202 516 :
1234 471 1290 516 et
1325 462 1529 517 volenti
1559 461 1782 526 salvari,
1815 475 1926 514 non
1959 471 2001 527 Α
2034 464 2190 515 inuni
2232 461 2544 532 principatu
2581 465 2854 522 uniforme
2883 477 2935 521 et
2968 466 3220 538 splendet
3267 468 3320 522 in
3351 469 3608 524 onmilms

331 572 775 616 cssememorcm
805 557 892 613 sui
929 557 1070 610 linis.
1098 555 1240 610 Mors
1281 555 1614 609 tibi'mclior
1655 553 1821 607 fuerit
1853 552 1920 606 ad

335 649 569 704 salutem
609 664 623 701 :
654 647 842 702 vivere
875 655 1058 701 autem
1091 644 1312 700 occasio
1335 644 1622 716 peccandi,
1654 654 1710 700 et
1746 653 1923 698 morte

337 743 518 812 pejus.
567 740 816 795 Animam
864 756 974 793 non
1026 755 1196 799 mors,
1230 754 1335 793 nec
1384 739 1580 792 mortis
1617 738 1733 808 ipsa
1782 754 1912 808 per-

338 834 525 904 pessio
551 832 864 901 exstinguet
901 846 916 882 :
945 828 1040 884 sed
1068 844 1253 883 mores
1284 829 1435 894 mali,
1473 837 1528 882 et
1556 829 1671 882 vita
1688 828 1922 897 perdita.

339 929 457 982 Etsi
503 927 653 980 enim
689 941 720 979 a
753 923 1029 994 principio
1076 923 1427 988 immortalis,
1456 934 1513 976 ut
1546 922 1926 991 intelligentiae

341 1020 646 1091 particeps,
684 1027 868 1074 creata
904 1033 984 1081 es,
1026 1026 1210 1071 tamen
1253 1016 1380 1086 fuga
1419 1016 1640 1070 virtutis
1693 1024 1924 1070 mortem

342 1113 446 1167 tibi
478 1111 663 1165 affert.
695 1110 866 1164 Tuam
892 1108 1062 1179 igitur
1092 1109 1512 1177 emigrationem
1556 1118 1837 1177 exspecta,
1870 1115 1928 1162 ct

342 1211 470 1256 ante
500 1202 692 1256 oculos
719 1217 882 1272 pone,
912 1217 1015 1256 nec
1055 1202 1230 1256 solum
1252 1199 1523 1269 quotidie,
1557 1199 1650 1254 sed
1681 1199 1926 1269 quandiu

342 1295 523 1364 spiras
563 1293 761 1363 cogita.
794 1293 934 1346 Ante
957 1292 1144 1346 omnia
1166 1291 1432 1359 supplica,
1459 1299 1514 1344 et
1548 1306 1774 1359 precare
1822 1290 1929 1344 Do-

347 1385 582 1446 minum.
623 1392 682 1438 ut
726 1383 783 1438 in
824 1383 959 1437 hora
1011 1384 1206 1438 mortis
1256 1383 1472 1437 fidelem
1523 1383 1618 1437 tibi
1669 1381 1927 1452 angelum

346 1478 553 1540 mittat,
587 1475 682 1544 qui
726 1483 777 1529 te
805 1476 1104 1540 custodiat,
1141 1475 1236 1544 qui
1271 1485 1322 1530 te
1359 1475 1414 1528 in
1463 1475 1653 1544 prailio
1680 1474 1926 1544 adjuvet,

356 1566 449 1635 qui
481 1576 532 1620 te
574 1567 795 1629 liberet,
830 1570 926 1635 qui
963 1566 1041 1620 tui
1079 1581 1268 1621 curam
1298 1575 1475 1636 gerat,
1514 1574 1572 1620 ut
1615 1564 1927 1619 custodiam

350 1670 400 1712 ει
439 1673 722 1712 carcerem
778 1657 1046 1728 principis
1078 1659 1225 1713 illius
1258 1659 1632 1721 tenebrarum,
1681 1665 1737 1712 ct
1767 1668 1919 1726 pote-

343 1762 518 1806 sates
572 1751 944 1814 tenebrarum,
975 1761 1031 1806 et
1081 1751 1307 1815 formas,
1340 1753 1460 1805 visu
1511 1750 1838 1816 horrendas,
1871 1759 1927 1804 et

2033 557 2287 612 :ctatibus
2335 558 2659 612 smculorum
2702 578 2714 614 :
2753 560 2819 614 ad
2877 561 3139 630 gaudium
3192 560 3468 616 incll‘ahile
3518 578 3612 615 su-

2026 663 2214 718 perna
2248 647 2630 712 habitationis,
2665 649 2731 704 ad
2767 651 3035 705 illustrem
3063 653 3380 724 panegyrim
3417 669 3612 724 super-
3666 645 3674 653 ’

2027 755 2227 795 norum
2285 742 2744 797 ministeriorum.
2809 744 2988 798 Etiam
3045 753 3199 814 pater
3257 747 3614 814 onmipotens

2027 850 2292 904 superum
2325 845 2382 891 ct
2410 835 2672 890 inferum.
2705 835 2749 893 Ο
2785 837 3047 908 Splendor
3080 839 3278 900 Patris,
3315 838 3521 903 Virtus,
3557 847 3614 893 et

2029 928 2304 993 Verbum,
2366 944 2466 998 per
2525 929 2673 997 quod
2735 944 2799 983 ex
2857 931 3034 984 nihilo
3083 931 3344 1000 produxit
3387 932 3613 984 omnino

2029 1020 2235 1074 omnia.
2267 1018 2312 1074 Ο
2362 1019 2604 1090 Spiritus
2649 1021 2956 1084 Paraclete,
2992 1037 3089 1090 per
3141 1037 3306 1092 quem
3363 1022 3616 1075 continet
3661 1036 3664 1040 '

2028 1110 2234 1172 omnia,
2286 1121 2344 1164 et
2395 1110 2693 1177 construit,
2750 1121 2806 1166 et
2847 1113 3082 1183 perlicit,
3132 1123 3188 1168 et
3238 1113 3516 1182 complet,
3558 1123 3616 1165 et

2030 1211 2210 1270 portat
2235 1200 2310 1256 ΞΟ
2347 1201 2588 1256 Trinitas
2615 1211 2671 1257 et
2701 1204 2904 1267 unitas,
2937 1213 3134 1258 natu-ra
3161 1213 3216 1258 et
3249 1203 3500 1273 personis
3525 1204 3537 1256 l
3567 1201 3615 1258 Ο

2030 1293 2217 1347 lumen
2261 1294 2495 1355 triplicis
2522 1294 2868 1359 substantiaz,
2916 1295 3102 1360 Pater,
3136 1295 3404 1359 Verbum,
3449 1295 3622 1365 Spiri-

2034 1385 2158 1437 tusl
2191 1384 2398 1453 lnspira
2427 1383 2564 1438 mihi
2596 1385 2828 1455 gratiam
2863 1385 3156 1455 sapientia:~
3185 1396 3313 1448 tua},
3339 1391 3395 1438 et
3436 1385 3618 1438 onmio

2031 1476 2137 1531 bus
2166 1485 2428 1532 aeternam
2455 1477 2600 1533 dona
2629 1478 2900 1542 laetitiam,
2933 1495 3042 1548 quo
3072 1495 3139 1533 ex
3168 1477 3425 1532 omnibus
3448 1478 3621 1531 rebus

2031 1568 2169 1622 nihil
2200 1577 2284 1622 est
2315 1569 2532 1632 melius,
2553 1569 2689 1623 nihil
2726 1571 3101 1639 praestantius.
3127 1569 3329 1624 Sancta
3352 1569 3619 1632 Trinitas,

2035 1659 2133 1713 tibi
2182 1658 2380 1730 gloria,
2416 1675 2588 1713 unum
2647 1662 2832 1714 omnis
2897 1660 3119 1730 imperii
3168 1659 3523 1730 principium,
3562 1667 3620 1711 et

2032 1752 2205 1823 origo.
2231 1752 2395 1807 Fides
2431 1767 2571 1817 mea,
2598 1752 2853 1807 odoratio
2879 1769 3020 1817 mea,
3049 1753 3235 1807 lumen
3293 1761 3350 1806 et
3384 1751 3620 1821 spiratio

349 1842 615 1910 impetum
643 1842 955 1897 dmmonum
988 1843 1237 1913 effugias,
1270 1858 1604 1912 sursumque
1637 1841 1706 1896 ad
1737 1842 1924 1895 lumen
1954 1833 2001 1890 Β
2032 1861 2172 1912 mea,
2227 1845 2506 1914 gloriatio,
2555 1844 2943 1900 fulcimentum
2999 1853 3058 1900 et
3112 1845 3343 1900 salvatio
3399 1860 3538 1906 mea,
3566 1846 3620 1896 in

347 1935 534 2002 gloriae
561 1934 778 1988 Domini
806 1935 1118 2003 pervenias,
1138 1945 1192 1988 et
1229 1934 1630 2004 plenitudinem
1662 1931 1932 2002 appetibi-

345 2023 502 2089 lium,
533 2033 594 2078 ut
632 2026 734 2090 vis,
761 2030 1000 2096 attingas
1037 2043 1051 2080 :
1092 2027 1237 2096 quod
1287 2035 1372 2081 est
1399 2026 1455 2080 in
1511 2041 1643 2090 uno,
1674 2035 1730 2079 et
1771 2039 1919 2079 com-

2036 1937 2426 2008 gcnerationes
2463 1938 2908 2007 generationum,
2939 1939 2994 1991 in
3029 1937 3229 1992 saecula
3267 1935 3618 1991 saeculorum.

1126 2402 1704 2496 DIOPTRIE
1784 2404 2142 2493 LIBER
2223 2404 2824 2510 QUARTUS.

843 2747 1070 2813 CAPUT
1144 2748 1432 2813 PRIMUM.

360 2850 706 2918 Quamobrem
739 2851 876 2904 Deus
925 2849 1157 2903 cmlestes
1189 2857 1238 2900 et
1278 2846 1626 2916 intelligente:
1684 2848 1936 2900 substan-

435 2926 534 2974 tias
567 2925 707 2988 prius
749 2930 796 2974 et
827 2920 989 2973 semel
1024 2921 1294 2971 universas
1352 2918 1706 2986 procreaverit
1736 2933 1754 2968 .'
1798 2918 1938 2987 infe-

433 2995 593 3045 tiores
623 3001 798 3044 autem
823 2990 1063 3045 similiter
1095 2988 1420 3058 intelligendi
1451 2990 1497 3040 ei
1521 2989 1774 3058 prmditas
1799 2990 1939 3054 (ani-

433 3081 543 3116 mus
600 3064 870 3116 hominum
930 3060 1084 3127 puta)
1137 3061 1306 3112 adhuc
1351 3059 1589 3127 singulas
1655 3059 1934 3124 producat.

2050 2755 2145 2810 uni
2205 2755 2462 2822 Donnno,
2505 2752 2776 2829 quidquid
2845 2759 2928 2816 vel
2990 2763 3244 2819 sensibus
3297 2768 3489 2832 utitur,
3543 2764 3630 2824 vel

2049 2848 2409 2916 intelligentia
2461 2851 2574 2905 sola
2625 2862 2860 2918 constat,
2921 2856 3004 2909 vel
3069 2857 3283 2913 ratione
3340 2861 3630 2930 praeditum

2045 2950 2149 3000 est.
2173 2941 2261 2995 vel
2287 2942 2356 2995 ab
2400 2943 2484 2996 his
2506 2943 2656 2997 aliud
2687 2955 2789 2998 est.
2821 2944 3052 3002 Creatos
3085 2965 3218 3002 vero
3255 2952 3480 3021 angelos
3499 2952 3631 3009 hinc

2045 3033 2175 3087 item
2222 3042 2389 3103 patet,
2417 3035 2462 3090 si
2507 3036 2635 3106 quis
2685 3037 2978 3091 humanam
3039 3051 3317 3107 naturam,
3353 3044 3500 3112 quod
3560 3045 3630 3100 ad

429 3136 634 3214 diritate
667 3149 784 3214 cum
813 3125 1278 3223 bet.t'is'mentibzts,
1305 3125 1525 3199 cumque
1559 3130 1670 3198 ipso
1694 3129 1941 3198 Deoafﬁ-
1970 3168 2011 3223 C
2045 3125 2282 3180 animam
2334 3128 2592 3197 pertinet,
2638 3131 2959 3199 angelorum
3021 3140 3233 3185 naturae
3282 3151 3381 3204 per
3431 3151 3632 3193 cuncta

430 3204 567 3258 nitus
615 3212 664 3256 et
727 3202 1125 3255 immortalitas.

428 3319 625 3374 Amm.
657 3315 798 3382 Quid
842 3316 915 3368 ita
961 3313 1180 3368 tandem
1235 3314 1472 3369 virtutes
1522 3314 1938 3369 administrato-

361 3411 493 3471 rias,
523 3418 579 3463 et
632 3407 902 3461 mentium
958 3406 1080 3460 illas
1133 3405 1381 3476 legiones
1414 3422 1543 3460 suas
1594 3405 1948 3475 omnipotens

357 3503 630 3557 Dominus
670 3509 728 3554 et
785 3499 1042 3554 conditor
1065 3509 1193 3553 ante
1237 3498 1508 3562 condidit,
1533 3514 1656 3567 qua:
1709 3506 1769 3552 ut
1817 3513 1951 3552 con-

358 3598 492 3652 ditas
542 3605 693 3658 sunt,
738 3593 809 3647 ita
866 3604 1228 3662 permanent;
1281 3592 1496 3645 animas
1549 3599 1756 3653 autem,
1803 3593 1950 3659 ipsas

355 3703 518 3756 impie
543 3686 774 3740 rationis
799 3683 1072 3738 beneficio
1093 3683 1402 3736 cumulatas
1424 3697 1644 3751 semper
1670 3681 1948 3752 producit,

363 3787 642 3846 procreat,
669 3784 727 3828 et
761 3771 1110 3828 fabricatur?

439 3865 605 3919 Cano.
662 3865 924 3917 Summus
975 3862 1156 3932 opifex
1215 3862 1423 3917 idcirco
1474 3863 1748 3933 angelieas
1799 3872 1951 3933 pote—

361 3968 546 4011 states
574 3956 850 4025 principio
907 3954 1217 4025 produxit,
1263 3964 1324 4007 ut
1373 3970 1441 4008 ne
1493 3954 1797 4007 humanum
1855 3969 1951 4025 ge-

362 4065 474 4103 nus
522 4049 643 4117 plus
685 4049 836 4118 justo
879 4062 976 4101 eas
1037 4046 1360 4106 admirans.
1411 4055 1467 4099 et
1532 4061 1722 4100 carere
1791 4047 1950 4099 initio

362 4144 712 4207 existimans,
762 4157 829 4196 ex
874 4157 942 4195 eo
998 4141 1144 4210 quod
1185 4139 1631 4198 innumerabiles
1677 4139 1826 4192 nullo
1857 4154 1951 4193 cs-

363 4246 639 4289 sentorlu
666 4243 964 4304 generatae,
1001 4235 1204 4287 multos
1252 4245 1375 4286 esse
1415 4231 1550 4285 deos
1597 4231 1948 4299 opinaretur,

363 4338 428 4381 et
483 4326 611 4380 hinc
670 4327 793 4380 loco
833 4328 1000 4380 unius
1057 4325 1174 4388 Dei,
1204 4338 1376 4392 penes
1435 4338 1596 4390 quem
1647 4324 1822 4376 solum
1870 4332 1954 4378 est

361 4424 620 4478 omnium
682 4440 865 4478 rerum
924 4421 1268 4493 principatus
1302 4461 1316 4484 ,
1385 4419 1676 4474 confusura
1753 4419 1953 4472 multe-

2049 3220 2286 3272 similem
2323 3223 2576 3276 ellcctam
2630 3224 2965 3279 consideret.
3014 3226 3271 3280 Nostram
3317 3228 3464 3282 enim
3502 3246 3634 3299 pro-

2051 3311 2386 3366 creationem
2415 3329 2482 3367 ex
2516 3315 2626 3369 alio
2655 3331 2874 3385 semper
2891 3325 3055 3385 atque
3089 3318 3196 3371 alio
3231 3336 3449 3374 sursum
3502 3338 3630 3376 ver—

2051 3420 2146 3459 sus
2185 3406 2409 3460 intuens
2451 3417 2805 3476 mentemque
2875 3419 2982 3462 tam
3061 3410 3130 3463 ad
3178 3417 3412 3481 pr‘mam
3479 3429 3636 3468 men-

2054 3507 2162 3550 tem
2221 3497 2504 3560 referens,
2561 3513 2732 3551 unum
2792 3500 3149 3566 animarum,
3203 3503 3637 3575 angelorumque

2053 3590 2336 3644 domimnn
2387 3605 2711 3660 cognosces,
2736 3594 2828 3660 qui
2862 3593 3031 3646 verbo
3067 3595 3294 3664 angelos
3325 3597 3480 3665 prius
3506 3613 3640 3652 con-

2053 3683 2216 3746 didit,
2252 3692 2440 3752 postea
2481 3683 2760 3737 hominem
2797 3684 2946 3746 fecit,
2973 3693 3031 3739 et
3063 3701 3237 3754 usque
3281 3703 3430 3743 nunc
3483 3689 3635 3744 facit.

2053 3775 2198 3830 Nihil
2237 3787 2659 3845 supervacuum,
2695 3793 2796 3831 nec
2840 3777 3100 3842 otiosum,
3130 3787 3226 3832 aut
3259 3779 3420 3834 inane
3451 3780 3640 3836 divina

2053 3869 2230 3923 virtus
2253 3877 2309 3922 et
2337 3868 2451 3920 sola
2499 3881 2736 3936 operans
2776 3868 2960 3921 omnia
2995 3869 3107 3922 ullo
3140 3869 3309 3924 modo
3340 3870 3451 3940 agit
3480 3889 3494 3926 :
3532 3887 3636 3926 nec

2053 3973 2136 4016 est
2163 3961 2385 4032 quando
2434 3961 2701 4015 Dominus
2745 3975 2909 4030 agere
2945 3970 3125 4017 cesset
3170 3978 3234 4017 ac
3276 3962 3517 4027 desinat,
3543 3971 3641 4017 aut

2054 4055 2123 4107 ab
2155 4054 2776 4123 operibusaliquantum
2811 4054 3142 4123 requiescat.
3182 4056 3432 4109 Animam
3471 4071 3640 4125 porro

2055 4147 2377 4215 neutiquam
2425 4145 2493 4202 de
2527 4147 2766 4201 essentia
2819 4162 2915 4200 sua
2951 4147 3224 4211 condidit,
3255 4146 3348 4201 sed
3389 4162 3510 4201 eam
3557 4148 3642 4215 (ut

2056 4239 2260 4293 divinis
2289 4239 2517 4294 Litteris
2540 4249 2627 4295 est
2667 4238 2971 4310 proditum)
3007 4240 3243 4310 imagine
3275 4253 3372 4294 sua
3399 4240 3641 4293 honora-

2057 4331 2168 4391 vit,
2210 4331 2424 4384 tametsi
2456 4347 2602 4396 eam,
2635 4341 2693 4385 ut
2727 4331 3096 4385 substantiam
3139 4331 3559 4400 sempiternam,
3587 4339 3646 4384 ct

2059 4423 2480 4492 intelligentem,
2537 4431 2594 4477 et
2649 4438 2678 4477 a
2729 4425 2958 4478 materia
3007 4425 3310 4495 sejugatam
3365 4439 3491 4478 cum
3533 4423 3645 4477 Deo

361 4531 492 4569 rum
546 4515 912 4576 dominatum,
957 4521 1014 4566 et
1067 4513 1296 4566 omnino
1345 4509 1638 4579 quemdam
1688 4509 1953 4580 populum
1985 4507 2034 4566 D
2062 4515 2306 4569 solemus
2335 4530 2657 4584 comparare
2689 4518 2728 4569 ‘.

367 4610 604 4662 deorum
635 4608 1054 4661 introduceret:
1087 4603 1540 4676 quandoquidem
1578 4612 1633 4657 et
1669 4611 1955 4657 creaturas

363 4703 683 4771 nimiopere
744 4701 1136 4770 suspicientes,
1189 4708 1245 4753 et
1305 4699 1360 4752 in
1409 4699 1476 4753 iis
1526 4698 1820 4759 haerentes,
1859 4707 1961 4750 nec

365 4798 521 4850 ultra
568 4794 1008 4865 progredientes,
1048 4793 1316 4846 mundum
1371 4807 1649 4861 nunquam
1694 4791 1962 4844 exsistere

365 4889 635 4958 coepisse,
673 4898 732 4943 ut
773 4887 1029 4958 principii
1065 4895 1371 4956 expertem,
1396 4884 1779 4948 crediderunt,
1806 4899 1960 4938 erro-

365 4999 605 5053 ‘mmque
647 4983 973 5053 pestiferum
1015 4991 1365 5035 erraverunt.
1399 4981 1582 5046 Quare
1628 4988 1686 5032 et
1748 4977 1962 5032 animas

369 5080 511 5133 istas
545 5077 600 5130 in
624 5075 831 5145 quibus
853 5075 998 5128 inest
1036 5072 1197 5133 ratio,
1225 5087 1445 5140 semper
1468 5078 1722 5139 procreat
1748 5109 1762 5132 ,
1797 5069 1959 5123 simul

372 5169 705 5240 sapientiam
741 5175 798 5222 ct
845 5166 1148 5236 potentiam
1194 5177 1348 5240 suam
1408 5164 1678 5217 inﬁnitam
1724 5162 1962 5216 demon-

371 5274 594 5318 strans:
627 5259 790 5314 simul
819 5261 1046 5322 docens,
1091 5237 1253 5312 simul
1281 5265 1336 5309 ct
1366 5255 1534 5310 semel
1567 5255 1773 5318 omnia,
1814 5271 1964 5325 quic-

378 5372 489 5424 que
519 5355 585 5409 ad
631 5355 868 5419 animas,
901 5368 1131 5423 qumque
1177 5351 1241 5404 ad
1281 5349 1505 5420 angelos
1552 5349 1810 5413 attinent,
1842 5365 1869 5400 a
1905 5363 1964 5402 sc

378 5451 521 5503 facta
555 5465 697 5509 esse,
727 5447 1052 5516 babereque
1075 5461 1244 5500 unum
1274 5441 1629 5512 principium,
1653 5450 1709 5496 et
1735 5441 1963 5496 subesse

2128 4607 2419 4678 Nunquam
2453 4610 2600 4663 enim
2627 4610 2842 4672 interit,
2884 4613 3120 4680 scipsam
3154 4625 3373 4679 semper
3395 4625 3641 4664 movens.

2061 4703 2118 4757 In
2141 4702 2288 4772 quod
2310 4712 2492 4757 autem
2537 4703 2686 4757 cadit
2718 4703 3000 4769 interitus,
3036 4703 3088 4756 id
3116 4703 3415 4757 immortali
3448 4713 3646 4756 natura

2061 4811 2172 4849 non
2203 4795 2411 4859 simile,
2433 4794 2530 4849 sed
2559 4810 2627 4849 ex
2663 4793 2933 4849 diametro
2979 4795 3320 4848 contrarium
3355 4803 3459 4848 est.
3495 4794 3648 4849 Talis

2061 4889 2244 4942 anima
2271 4888 2383 4959 jam
2412 4887 2543 4942 olim
2568 4895 2624 4942 et
2656 4887 2727 4940 ab
2755 4885 2916 4941 initio
2951 4887 3218 4956 producta
3246 4895 3350 4950 est,
3383 4886 3644 4940 substan-

2065 4983 2138 5036 tia
2183 4982 2432 5050 quaedam
2466 4979 2885 5050 intelligentiam
2938 4989 2994 5034 et
3021 4970 3250 5033 liberam
3279 4979 3644 5046 voluntatem,

2063 5081 2114 5125 ει
2140 5074 2306 5126 vitam
2333 5074 2386 5126 in
2415 5087 2473 5126 se
2500 5073 2734 5134 habens,
2772 5087 2936 5140 quam
2967 5079 3022 5126 et
3041 5071 3285 5140 corpori,
3312 5084 3422 5140 quo
3467 5071 3647 5125 utitur

2065 5171 2125 5215 ut
2155 5163 2550 5227 instrumento,
2571 5163 2659 5217 cui
2695 5163 2951 5231 copulata
2981 5170 3038 5216 ct
3067 5161 3348 5230 implicata
3371 5167 3475 5225 cst,
3511 5159 3648 5213 dare

2065 5265 2230 5325 atque
2275 5255 2542 5324 impertiri
2603 5266 2799 5324 potest.
2847 5255 3018 5327 Cujus
3060 5263 3338 5318 naturam,
3381 5253 3524 5306 viam
3578 5267 3645 5305 ac

2067 5349 2381 5402 facultatem
2407 5349 2451 5401 si
2475 5364 2503 5402 e
2532 5348 2698 5403 rebus
2717 5349 2966 5404 externis
2986 5356 3041 5402 et
3078 5347 3332 5429 plurimis
3362 5355 3419 5400 et
3463 5344 3652 5399 diver-

2067 5440 2143 5494 sis
2186 5438 2511 5510 perSpicias,
2557 5438 2757 5492 merito
2795 5439 2970 5507 ipsam
3005 5436 3318 5492 admireris.
3364 5433 3497 5488 Nam
3549 5445 3649 5486 seu

1867 5531 2143 5592 Scholia.

462 5647 479 5665 ⁶
515 5645 756 5698 ἰέεὶιιιςε
779 5643 941 5713 Cujus
965 5641 1116 5695 nulla
1143 5643 1285 5710 origo
1313 5648 1416 5713 est.
1439 5639 1492 5691 id
1513 5636 1959 5713 ηἱτιιὶνιειζιμξιιηι

383 5725 451 5769 a't
468 5729 639 5768 imum
672 5724 777 5768 est:
799 5707 890 5766 nec
910 5723 1084 5766 tamen
1127 5714 1170 5764 si
1194 5707 1318 5780 quid
1336 5719 1592 5762 wternum
1611 5716 1705 5763 est,
1730 5708 1782 5758 id
1801 5707 1960 5780 etiam

381 5785 452 5838 (ὁ
499 5784 676 5855 aliquo
737 5784 991 5853 princqtio
1032 5777 1213 5836 ortum
1247 5799 1347 5835 non
1413 5790 1507 5835 cst.
1562 5779 1751 5834 Anima
1800 5777 1960 5840 enim,

2069 5650 2236 5695 mens,
2263 5642 2310 5684 ct
2341 5631 2558 5701 angelus
2588 5641 2788 5684 (eterna
2817 5630 3028 5700 quidem
3062 5636 3185 5701 sunt
3216 5639 3233 5676 .'
3268 5625 3358 5677 sed
3391 5619 3648 5701 principio

2070 5715 2116 5756 et
2143 5690 2301 5757 causa
2340 5690 2443 5755 non
2486 5711 2666 5754 carent
2694 5717 2710 5755 .'
2735 5690 2917 5755 omnia
2957 5697 3210 5768 siquidem
3259 5711 3288 5747 α
3335 5691 3508 5761 prima
3553 5690 3649 5755 illa

2071 5792 2230 5828 causa
2264 5782 2316 5826 ut
2345 5776 2652 5828 exsisterent
2678 5779 3009 5841 occepertmt.
