4036 6428
392 319 497 385 823

1629 323 1726 383 ΡΙ]
1745 321 1972 381 ILIPPI
2013 320 2278 381 SOLITA
2293 325 2334 381 [ζ
2347 321 2404 380 Il

3561 325 3669 388 921

393 443 593 497 artem,
627 447 722 487 seu
753 433 1060 500 scientiam,
1095 450 1190 489 seu
1225 436 1523 498 actionem,
1552 448 1650 488 seu
1697 431 1970 502 eperatio-
2009 435 2054 489 Δ
2085 431 2337 501 singulis,
2373 433 2466 488 sed
2506 449 2607 504 pro
2631 436 2798 490 rebus
2826 436 2880 490 in
2912 438 3016 492 hac
3046 437 3156 491 vita
3185 448 3418 507 patratis
3464 437 3678 492 tribue~

395 539 548 591 nem,
584 542 683 580 seu
742 526 1260 596 contemplationem
1326 535 1564 596 Spectes,
1613 541 1678 578 ex
1721 523 1981 576 omnibus

396 616 520 688 ejus
570 620 1038 674 immortalitatem
1075 621 1321 690 colliges,
1363 629 1418 675 et
1453 619 1632 690 qualis
1660 626 1976 688 quantaque

398 713 469 764 sit
505 710 777 779 intelliges
805 727 818 776 ;
849 710 1313 782 quemadmodum
1362 711 1415 764 in
1448 708 1686 765 sreunda
1729 706 1980 774 diSputa-

399 803 544 858 tione
568 818 732 873 wpra
758 804 1072 859 docuimus.
1099 805 1203 872 Qui
1239 809 1384 860 enim
1409 805 1478 859 ab
1503 803 1659 858 initio
1688 801 1981 856 animabus

398 904 457 949 ut
489 906 675 950 essent
703 897 959 966 praebuit,
1005 899 1095 952 ille
1129 896 1274 953 idem
1325 898 1636 953 aaternitate
1675 896 1821 966 ipsas
1854 909 1978 946 tutt-

397 997 627 1042 neratus
666 998 749 1044 est
783 991 963 1060 :quod
990 991 1214 1061 quidem
1242 1009 1444 1046 munus
1465 1006 1590 1046 cum
1618 989 1699 1043 eis
1730 989 1784 1042 in
1815 996 1981 1041 natu-

397 1093 510 1132 ram
538 1097 760 1135 versum
781 1083 873 1148 sit,
909 1099 975 1138 eo
1007 1085 1211 1154 privari
1245 1100 1525 1154 uunqnam
1560 1089 1808 1151 possunt.
1835 1080 1983 1147 Quot

394 1175 579 1221 autem
625 1186 856 1225 numero
898 1172 1011 1227 sint
1062 1176 1277 1239 animze,
1314 1189 1590 1244 quamque
1641 1187 1836 1242 magna
1885 1186 1982 1225 eo-

400 1271 524 1310 rum
573 1261 890 1325 multitudo,
928 1263 1213 1318 hominum
1261 1265 1466 1320 nemini
1510 1265 1792 1335 cognitum
1846 1272 1981 1317 cst:

397 1350 681 1420 cognitum
723 1363 907 1408 autem
961 1363 1017 1410 et
1060 1365 1411 1426 perspectum
1453 1355 1726 1420 Creatori,
1755 1355 1844 1409 cui
1880 1355 1983 1410 soli

396 1455 530 1497 nota
560 1455 692 1500 sunt
719 1447 923 1502 omnia.
956 1447 1144 1514 Qualis
1181 1459 1449 1520 praeterea
1473 1465 1748 1519 quamque
1781 1447 1985 1502 nobilis

395 1536 468 1590 sit
518 1552 642 1591 cum
669 1540 1012 1610 angelorum,
1058 1551 1173 1595 tum
1211 1543 1522 1596 animarum
1562 1549 1782 1604 natura,
1815 1541 1980 1594 etiam

396 1627 503 1684 hoc
532 1630 622 1686 ille
655 1631 799 1688 idem
844 1634 999 1689 novit
1031 1651 1046 1688 :
1078 1635 1203 1704 quis
1235 1634 1382 1688 enim
1432 1643 1619 1690 nosset
1663 1633 1842 1686 alius?

1023 1769 1250 1825 CAPUT
1301 1770 1366 1824 ΙΙ.

397 1862 620 1914 Animas
666 1877 858 1916 vacare
909 1879 1127 1932 prorsus
1190 1865 1452 1930 corporeis
1505 1865 1884 1920 accidentibus.
1933 1873 1982 1916 et

461 1933 751 1985 secundant
797 1933 1152 1987 substantiam
1203 1934 1351 1986 nullo
1401 1935 1704 1989 discriminc
1758 1935 1979 1989 variari.

464 2000 966 2074 Ingresurrectione
1018 2021 1121 2074 non
1183 2005 1457 2058 beatorum
1525 2023 1833 2074 corporum,
1891 2020 1984 2057 nec

469 2073 952 2147 animarum,_sed
999 2073 1184 2145 gloriae
1238 2073 1684 2146 praemiorumque
1742 2077 1984 2147 diﬂ'eren.

465 2143 596 2194 tiam
623 2143 735 2212 [ore
769 2143 904 2213 (16).

472 2252 669 2307 Amm.
700 2253 860 2308 Aliud
889 2271 1098 2325 quzero,
1133 2254 1299 2325 idque
1345 2255 1590 2320 difficile,
1615 2257 1763 2326 quod
1800 2266 1982 2310 tamen

399 2357 663 2412 pernosse
692 2345 838 2407 volo,
875 2345 1209 2415 concupisco
1239 2357 1295 2400 et
1319 2345 1596 2400 desidero.
1634 2347 1698 2400 Et
1735 2347 1986 2415 Scriptuc

399 2437 478 2489 ris
504 2437 665 2489 docta
696 2450 815 2490 sum
857 2437 1148 2506 perspicue
1183 2452 1306 2492 esse
1337 2438 1566 2501 animas,
1606 2445 1667 2492 ut
1711 2435 1919 2500 dixisti,
1955 2453 1985 2491 a

402 2528 630 2582 materia
660 2537 996 2598 segregatas,
1030 2536 1086 2582 et
1111 2529 1324 2583 ratione
1349 2529 1629 2599 praeditas.
1660 2527 1792 2593 Qua:
1815 2527 1984 2582 etiam

398 2623 639 2679 essentia
678 2625 793 2692 ipsa
816 2639 941 2678 cum
971 2623 1181 2693 angelis
1213 2623 1575 2683 conveniunt,
1615 2629 1856 2691 suntque
1886 2623 1986 2675 tri-

401 2713 727 2784 partitae.ut
775 2713 1157 2784 disputatione
1219 2713 1462 2768 secunda
1517 2723 1802 2768 ostensum
1871 2722 1982 2768 est.

397 2805 614 2861 Habent
675 2806 822 2860 enim
869 2806 1442 2876 iram,cupiditatem,
1481 2814 1538 2860 et
1572 2806 1626 2860 in
1664 2805 1858 2874 primis
1898 2821 1986 2858 ra-

397 2898 628 2963 tionem,
663 2913 785 2967 qua:
831 2896 961 2952 item
1011 2907 1296 2967 permanet
1337 2915 1349 2951 :
1392 2898 1618 2967 insuper
1667 2897 1986 2953 facultatem

396 2991 737 3056 interiorem,
753 2992 1180 3061 quintuplicem,
1195 3001 1458 3056 mentem,
1476 2991 1984 3057 ratiocinationem,

396 3084 766 3152 phantasiam-
792 3083 1206 3149 discretionem,
1227 3100 1349 3153 qua:
1371 3083 1660 3137 facultates
1676 3097 1896 3152 quoque
1911 3099 1989 3136 ra-

399 3176 632 3230 tionales
659 3176 1007 3246 appellantur
1033 3194 1047 3244 ;
1074 3175 1240 3231 etiam
1273 3175 1622 3239 memoriam,
1641 3174 1788 3245 quod
1816 3175 1984 3228 maxi-

395 3285 546 3323 mum
572 3279 678 3323 est.
704 3263 1011 3339 Equaliter
1037 3284 1234 3338 nempe
1265 3269 1381 3322 haec
1404 3269 1665 3322 omnibus
1695 3269 1987 3324 animabus

397 3363 751 3432 contigerunt
779 3382 791 3417 ε
823 3377 933 3415 non
963 3373 1025 3414 ut
1055 3361 1162 3415 alia
1187 3362 1332 3431 plus,
1355 3362 1458 3416 alia
1492 3363 1677 3416 minus
1694 3361 1943 3416 obtineat
1971 3379 1984 3414 :

397 3471 504 3510 nec
539 3465 602 3509 ut
651 3455 814 3510 aliter
850 3455 970 3520 illa,
997 3452 1160 3509 aliter
1208 3455 1310 3510 ista
1357 3470 1416 3509 se
1465 3456 1518 3509 in
1550 3454 1637 3510 his
1680 3455 1902 3511 habeat.
1933 3461 1988 3507 et

396 3550 505 3604 alia
535 3548 754 3602 caneris
788 3548 842 3601 in
886 3547 1083 3602 iisdem
1134 3548 1390 3618 superior
1413 3547 1732 3602 conditione
1761 3546 1855 3611 sit,
1881 3546 1986 3600 alia

399 3642 666 3713 majorem
718 3639 1040 3710 puritatem,
1085 3650 1142 3694 et
1190 3639 1544 3710 praistautius
1587 3639 1886 3710 quiddam.
1925 3654 1989 3693 ac

398 3736 586 3808 potius
625 3734 692 3788 ad
743 3749 829 3789 res
876 3733 1091 3789 divinas
1143 3734 1597 3803 contemplandas
1649 3742 1705 3788 et
1751 3733 1988 3804 agendas

400 3827 594 3883 sortita
639 3827 729 3882 sit.
758 3827 946 3897 Itaque
987 3826 1055 3880 de
1109 3827 1197 3882 his
1261 3837 1318 3881 ct
1376 3827 1484 3881 illis
1531 3826 1807 3892 sciscitor,
1856 3841 1988 3880 num

399 3934 592 3975 omnes
629 3919 773 3974 inter
817 3935 875 3974 se
909 3919 1073 3973 siu'tili
1117 3919 1228 3973 sint
1258 3910 1402 3973 facie
1439 3927 1605 3987 atque
1637 3919 1780 3983 visu,
1812 3934 1880 3973 an
1934 3919 1989 3974 in

401 4011 507 4067 hoc
552 4009 914 4065 varietatibus
973 4007 1310 4080 discrepent.
1356 4009 1412 4063 Si
1449 4017 1632 4064 tamen
1679 4019 1988 4079 aspectum,

397 4114 453 4159 et
485 4104 716 4158 formam
747 4105 832 4159 eis
866 4103 1109 4158 tribuere
1159 4103 1241 4156 fas
1275 4110 1380 4157 est.

465 4199 635 4252 Cano.
663 4197 790 4251 “mc
811 4197 878 4250 de
913 4196 1244 4266 corporibus
1279 4195 1504 4260 nostris,
1527 4195 1708 4266 deque
1731 4197 1991 4251 omnibus

399 4307 522 4360 quae
543 4286 766 4344 sensura
785 4298 1038 4359 tangunt,
1063 4287 1346 4350 dicuntur,
1370 4287 1422 4341 in
1446 4284 1992 4358 quibusnaturaliter

399 4381 650 4452 quedam
687 4381 876 4444 facies,
908 4381 1294 4442 conformatio.
1328 4389 1386 4435 et
1417 4381 1656 4451 species,
1692 4391 1986 4450 aspectus,

2087 533 2294 588 tur;et
2317 526 2441 580 aliis
2476 528 2578 581 alia
2617 528 2826 593 bravia,
2863 545 2960 584 seu
3006 530 3230 600 praemia
3263 545 3388 583 cum
3417 546 3675 585 mensura

2086 615 2465 672 conferentur.
2507 619 2563 672 ln
2590 621 2919 690 corporibus
2949 623 3099 676 nulla
3152 636 3384 691 prorsus
3412 622 3673 676 differen-

2089 709 2165 762 tia
2195 718 2477 766 cernetur.
2511 711 2568 766 In
2598 713 2892 768 animabus
2919 724 3103 768 autem
3128 713 3326 767 similis
3351 715 3403 767 in
3434 730 3676 783 przeseus

2086 809 2286 854 natura
2315 811 2369 854 et
2405 811 2512 866 est,
2549 813 2604 857 et
2635 802 2757 868 fuit,
2795 805 2906 875 jam
2947 805 3072 859 inde
3123 804 3192 858 ab
3222 814 3417 860 exortu
3449 804 3677 858 humani

2090 895 2336 963 generis,
2374 905 2432 950 ut
2452 913 2483 951 e
2517 911 2674 952 sacra
2700 897 2985 968 Scriptura
3009 899 3207 967 liquet,
3233 897 3676 967 corporibusque

2093 987 2376 1055 implicitae
2409 998 2560 1055 sunt,
2601 999 2656 1045 et
2728 1006 2898 1044 untun
2963 991 3167 1044 auimal
3202 991 3480 1044 videntur.
3518 990 3680 1044 Nulla

2088 1081 2259 1150 igitur
2286 1091 2371 1135 est
2416 1082 2566 1137 inter
2613 1098 2709 1137 eas
2739 1083 3050 1137 secundum
3083 1095 3340 1137 naturam
3388 1083 3678 1137 dissimili-

2092 1173 2255 1226 tudo:
2292 1189 2393 1227 nec
2418 1173 2522 1227 alia
2546 1172 2688 1229 alius
2710 1175 2926 1244 species
2951 1193 2963 1228 :
2989 1175 3082 1230 sed
3111 1175 3394 1229 communi
3420 1175 3682 1229 ontnihus

2090 1265 2326 1330 ratione,
2367 1265 2630 1331 essentia,
2697 1276 2754 1320 et
2807 1268 3006 1329 forma,
3063 1276 3120 1320 et
3176 1275 3370 1320 natura
3421 1265 3684 1320 omnibus

2089 1357 2283 1413 eadem
2325 1378 2337 1413 :
2395 1359 2440 1413 si
2471 1369 2652 1413 tamen
2701 1359 2774 1413 ita
2822 1359 2892 1414 de
2945 1359 3238 1428 spiritibus
3271 1358 3422 1428 loqui
3456 1359 3537 1411 fas
3571 1368 3679 1411 est.

2093 1450 2418 1506 Substantia
2446 1451 2593 1504 enim
2622 1467 2730 1505 non
2759 1461 3050 1520 corporata
3081 1466 3378 1521 quamnant
3409 1450 3678 1504 crassitu-

2090 1545 2301 1610 dinem,
2334 1554 2390 1599 et
2437 1545 2786 1599 latitudinem
2835 1556 2890 1600 et
2923 1544 3266 1608 distantiam,
3315 1553 3408 1596 aut
3457 1542 3685 1612 profun-

2003 1695 2006 1700 ,
2087 1638 2318 1691 ditatem
2345 1637 2608 1706 aliquam,
2634 1647 2731 1692 aut
2764 1636 2995 1708 figuram
3025 1675 3040 1700 ,
3080 1645 3176 1690 aut
3207 1634 3422 1704 pondus
3448 1633 3684 1687 varieta-

2090 1733 2179 1794 tis,
2222 1732 2396 1786 instar
2437 1732 2598 1786 molis
2641 1730 2878 1785 habeat?
2906 1729 3193 1799 longitudo
3235 1728 3426 1788 etiam,
3461 1737 3517 1780 et
3555 1741 3675 1778 ma-

2088 1823 2320 1895 gnitudo
2371 1823 2438 1878 iis
2501 1823 2792 1886 inhairent,
2822 1837 2945 1892 quae
2994 1821 3099 1874 sub
3141 1835 3363 1875 sensum
3426 1819 3680 1872 veniunt.

2091 1915 2217 1970 Haec
2256 1915 2440 1969 omnia
2471 1914 2632 1985 longe
2670 1915 2739 1968 ab
2793 1912 3086 1968 animabus
3138 1911 3359 1965 absunt.
3412 1908 3576 1973 Illud,
3629 1919 3687 1963 et

2086 2007 2307 2078 quidem
2385 2006 2601 2073 solum,
2641 2005 2801 2076 plane
2863 2002 3151 2058 sciendum
3181 2041 3196 2067 ,
3238 2015 3685 2071 unamquamque

2087 2108 2458 2172 congruenter
2489 2099 2758 2170 operibus
2795 2105 2851 2150 et
2903 2096 3155 2150 moribus
3185 2080 3320 2148 ~suis
3373 2093 3685 2164 praemium,

2088 2192 2511 2261 mercedemque
2582 2190 2878 2245 relaturam
2944 2229 2958 2251 ,
3023 2187 3490 2258 quemadmodum
3560 2200 3685 2241 ser-

2091 2303 2253 2343 mone
2273 2287 2559 2356 superiore
2593 2285 2835 2340 dilucide
2864 2285 3201 2354 explicatum
3243 2292 3349 2337 cst.
3377 2283 3511 2338 Nam
3562 2297 3688 2352 qua:

2089 2377 2234 2432 bona
2298 2376 2513 2441 fuerit,
2574 2375 2806 2447 gloriam
2868 2373 3194 2428 immensam
3250 2379 3678 2440 consequetur:

2089 2486 2211 2540 quae
2263 2468 2403 2522 mala
2445 2476 2502 2522 et
2559 2477 2698 2530 atra,
2759 2466 3018 2520 tenebras
3079 2463 3366 2520 sortietur.
3416 2463 3687 2528 Qurclibct

2085 2564 2240 2634 juxta
2271 2577 2498 2631 scopum
2533 2559 2992 2630 propositumque
3038 2574 3224 2625 suum,
3267 2558 3410 2612 sicut
3456 2569 3684 2626 operata

2089 2663 2195 2718 est,
2225 2653 2298 2707 ita
2328 2652 2410 2706 vel
2441 2651 2726 2722 gaudium,
2764 2659 2821 2705 et
2865 2651 3158 2715 honorem,
3194 2651 3278 2704 vel
3323 2650 3593 2711 dolorem,
3628 2659 3688 2704 et

2094 2745 2454 2816 ignominiam
2487 2743 2754 2799 inveniet.
2784 2743 2980 2796 Anima
3015 2742 3218 2811 quippe
3271 2740 3444 2795 libera
3484 2749 3589 2804 est,
3627 2746 3683 2794 et

2092 2840 2238 2911 quod
2273 2838 2430 2904 libet,
2454 2838 2559 2893 hoc
2588 2837 2738 2892 facit.
2765 2834 3107 2906 Corporibus
3148 2842 3332 2887 autem
3364 2831 3590 2900 perinde
3625 2841 3689 2886 ul.

2096 2933 2388 2988 animabus
2421 2930 2646 2985 accidit.
2678 2930 3176 2984 Verumenimvero
3210 2933 3462 2978 naturam
3489 2923 3688 2977 anima:

2094 3042 2260 3081 nemo
2305 3039 2548 3094 unquam
2621 3023 2761 3078 vidit
2808 3031 3011 3092 praeter
3063 3017 3386 3080 Dominum,
3427 3014 3522 3083 qui
3561 3029 3684 3068 eam

2014 3141 2058 3203 ρ
2094 3117 2367 3184 condidit,
2406 3125 2467 3170 ut
2495 3117 2612 3186 ipse
2631 3115 2806 3170 novit.

2691 3228 2920 3284 CAPUT
2984 3229 3073 3282 fll.

2099 3324 2329 3393 Miriﬁca
2367 3333 2416 3379 et
2453 3321 2730 3392 multiplex
2769 3322 2908 3374 inter
2965 3322 3198 3374 homines
3251 3331 3359 3374 tum
3408 3321 3470 3374 ab
3506 3321 3687 3393 anima

2168 3406 2215 3448 et
2248 3395 2498 3456 moribus,
2521 3402 2632 3446 tum
2654 3410 2685 3446 a
2717 3409 2933 3460 corpore
2967 3403 3013 3444 ct
3045 3394 3276 3445 sensibus
3309 3392 3687 3460 discrepantia.

2169 3465 2369 3534 Corpus
2394 3464 2726 3535 singulorum
2761 3479 2823 3516 ex
2845 3472 3073 3534 quatuor
3107 3461 3376 3516 elementis
3412 3481 3441 3514 σι
3459 3460 3690 3532 qualiter

2164 3546 2426 3590 constare.

2174 3649 2366 3704 ANIIIA.
2400 3647 2457 3703 Si
2499 3647 2692 3717 igitur,
2725 3656 2785 3701 ut
2818 3646 3082 3709 docuisti,
3116 3645 3318 3701 anima:
3374 3642 3686 3701 secundum

2098 3753 2374 3806 naturam,
2415 3740 2551 3794 nihil
2584 3742 2728 3794 inter
2771 3755 2830 3794 se
2859 3739 3146 3801 differunt,
3170 3753 3403 3807 quaeque
3425 3754 3452 3789 a
3476 3737 3690 3807 princi-

2099 3836 2192 3906 pio
2221 3834 2446 3896 habent,
2479 3841 2536 3885 et
2560 3830 2854 3885 facultates
2886 3829 3189 3884 recensitas
3221 3830 3427 3900 pariter
3453 3828 3684 3898 aequali-

2102 3938 2296 3996 terque
2344 3925 2570 3989 habent,
2609 3923 2776 3977 etiam
2837 3921 2888 3976 in
2947 3922 3206 3977 omnibus
3263 3923 3384 3976 aliis
3434 3922 3539 3976 sibi
3598 3937 3692 3975 re-

2099 4018 2376 4088 spondere
2419 4016 2672 4070 homines
2708 4013 3028 4084 oportebat,
3072 4030 3179 4084 qua
3226 4013 3540 4084 prudentia,
3582 4028 3692 4082 qua

2099 4109 2439 4180 cognitione,
2475 4122 2583 4177 qua
2621 4105 2918 4176 sapientia,
2945 4121 3052 4174 qua
3111 4105 3364 4168 scientia,
3395 4121 3502 4174 qua
3565 4106 3690 4174 pul-

2100 4203 2441 4264 chritudine,
2477 4217 2584 4270 qua
2613 4208 2853 4255 statura.
2879 4199 3076 4253 Anima
3115 4199 3387 4267 siquidem
3427 4198 3688 4260 vivificat,

2101 4305 2158 4350 et
2187 4303 2487 4358 restaurat,
2515 4301 2572 4347 et
2597 4298 2895 4356 sustentat,
2927 4299 2982 4344 et
3008 4291 3127 4351 alit,
3162 4300 3218 4345 et
3249 4290 3449 4352 firmat,
3470 4299 3526 4344 et
3557 4307 3692 4344 con-

2105 4388 2243 4441 tinet
2295 4402 2554 4456 corpus;
2599 4385 2788 4453 illique
2829 4383 3086 4437 obtutum
3145 4396 3294 4436 nunc
3349 4382 3580 4436 hilarem
3633 4390 3690 4436 et

400 4471 712 4536 aduncitas,
742 4471 1066 4526 etsimilitas
1099 4471 1373 4541 quaedam,
1397 4472 1606 4536 album,
1631 4471 1870 4533 fuscum,
1901 4472 1988 4524 ni-
2027 4508 2067 4560 υ
2095 4478 2406 4549 jucundum
2433 4517 2447 4542 ,
2499 4493 2648 4530 nunc
2698 4477 2909 4529 tristem
2960 4490 3354 4544 morosumque
3403 4474 3584 4536 affert,
3634 4483 3692 4528 et

401 4580 584 4627 crum,
615 4580 864 4634 parvum,
888 4579 1168 4634 magnum,
1195 4573 1382 4628 tenue,
1411 4579 1660 4618 crassum
1687 4564 1988 4633 reperitur.

401 4655 473 4712 Et
497 4669 580 4711 est
608 4671 808 4726 corpus
834 4655 990 4710 aliud
1019 4655 1291 4726 pusionis,
1325 4655 1574 4716 infantis,
1602 4655 1766 4708 modo
1794 4655 1990 4726 geniti,

402 4761 460 4806 et
498 4751 646 4806 aliud
682 4767 999 4807 senescens.
1035 4749 1174 4806 Sunt
1209 4752 1432 4806 demum
1468 4751 1650 4821 qualia
1693 4759 1751 4804 et
1783 4758 1990 4819 quanta

405 4857 660 4912 corpora,
698 4851 757 4897 ut
803 4843 1018 4912 reliqua
1073 4840 1382 4897 accidentia
1417 4843 1856 4912 prmtermittam.
1892 4839 1995 4895 Ve-

405 4943 722 4989 rumtamen
768 4944 892 5004 post
930 4937 1397 4990 resurrectionem
1427 4951 1456 4989 e
1497 4933 1771 5004 sepulcris
1820 4935 1986 4987 etiam

412 5026 540 5088 ista,
579 5028 811 5096 perinde
860 5037 918 5082 ut
971 5043 1207 5097 corpora
1254 5027 1371 5096 ipsa
1417 5026 1882 5091 immutabnnutr,
1918 5025 1987 5079 ad

407 5133 574 5172 unam
607 5121 966 5192 eamdemque
992 5122 1232 5191 speciem
1283 5120 1526 5183 redacta,
1553 5127 1608 5174 et
1637 5119 1702 5174 ad
1738 5119 1988 5174 eamdem

407 5221 645 5280 tetatem,
679 5222 736 5267 ut
763 5215 1030 5282 scriptum
1057 5221 1142 5266 est
1179 5231 1194 5266 ι
1223 5211 1395 5282 gloria
1415 5221 1625 5266 tantum
1659 5226 1768 5265 non
1797 5213 1987 5267 eadem

2097 4573 2284 4624 omnia
2329 4570 2448 4623 haec
2484 4583 2584 4638 pro
2636 4568 2908 4621 arbitratu
2945 4576 3138 4621 mutat.
3174 4564 3331 4632 Quod
3389 4567 3690 4618 maximqu

2095 4674 2262 4732 atque
2299 4661 2735 4730 pulcherrimum
2786 4669 2892 4720 est,
2920 4659 3182 4730 loquendi
3219 4658 3539 4712 facultatem
3575 4657 3689 4712 dat.

2095 4764 2152 4810 et
2205 4752 2526 4807 ambulandi
2569 4761 2626 4806 ct
2689 4751 2910 4822 agendi,
2946 4763 3355 4820 quamcumque
3413 4748 3686 4800 actionem

2097 4847 2499 4911 nominaveris,
2537 4855 2594 4900 et
2639 4847 2809 4909 unde,
2856 4855 2912 4900 et
2936 4842 3239 4914 quomodo,
3273 4851 3326 4893 et
3355 4839 3598 4908 quando,
3632 4847 3690 4891 ct

2100 4941 2218 5004 ubi,
2265 4939 2449 4993 omnia
2505 4939 2609 4992 ista
2663 4938 2717 4991 in
2767 4945 3042 5008 potestate
3099 4933 3300 4986 utentis
3326 4937 3478 4993 sunt,
3531 4945 3690 4985 mens

2098 5041 2283 5087 autem
2318 5031 2515 5085 anima:
2548 5030 2693 5084 idem
2735 5038 2844 5094 est,
2877 5028 3021 5098 quod
3043 5025 3236 5080 oculos
3264 5022 3508 5092 corpori.
3546 5021 3688 5076 Abs-

2101 5142 2210 5196 que
2234 5125 2322 5178 his
2356 5139 2558 5193 corpus
2593 5124 2744 5177 iners
2784 5132 2839 5175 et
2862 5130 3144 5174 mortuum
3175 5131 3394 5186 quoque
3441 5125 3546 5169 cst.
3574 5115 3694 5185 Ego

2106 5228 2276 5284 porro
2323 5211 2622 5266 discrimen
2682 5213 2850 5265 nimis
2907 5223 3166 5279 magnum
3204 5207 3516 5260 observavi.
3555 5207 3694 5260 Nam

1644 5324 1863 5387 JaCobi
1908 5327 2181 5387 GrclSt‘l‘l
2216 5331 2401 5387 notae.

481 5427 596 5496 (16)
643 5427 816 5483 Doce:
865 5437 1060 5484 auctor
1109 5428 1162 5482 in
1209 5427 1540 5498 corporibus
1580 5427 1990 5498 resurgentium

409 5499 620 5553 nullam
667 5514 896 5565 prorsus
944 5499 1062 5552 fore
1112 5497 1510 5554 differentiam.
1555 5497 1664 5552 Sed
1718 5499 1901 5551 verior
1939 5509 1996 5554 et

410 5569 762 5624 communior
799 5579 884 5623 est
917 5570 1197 5624 contraria
1250 5572 1629 5638 theologorum
1677 5569 1992 5633 sententia;

411 5649 610 5708 nempe
677 5655 1132 5708 unumquemque
1188 5652 1634 5695 resurrecturum
1695 5643 1748 5691 in
1806 5638 1997 5704 vigore

410 5707 675 5776 juvenilis
695 5707 894 5771 aetatis,
923 5725 1087 5778 quem
1111 5712 1260 5765 circa
1280 5713 1618 5766 tricesimum
1647 5725 1674 5762 a
1705 5709 1997 5763 uativitate

415 5790 641 5849 annum,
689 5781 774 5838 vel
824 5779 1036 5850 habuit,
1079 5783 1161 5838 vel
1213 5782 1508 5841 hab.turus
1560 5781 1781 5851 fuisset,
1834 5781 1880 5836 si
1931 5795 1998 5836 co

2095 5443 2271 5496 usque
2319 5427 2594 5483 vixisset:
2637 5426 2879 5494 itemque
2933 5425 2986 5480 in
3035 5439 3098 5480 ea
3149 5435 3400 5496 corporis
3455 5433 3686 5490 statura,

2095 5492 2428 5568 quamjuvta
2453 5499 2738 5568 proprium
2767 5492 3264 5568 temperamentum
3289 5501 3345 5568 et
3365 5492 3687 5568 facultatem

2095 5563 2401 5623 naturalem
2439 5563 2667 5636 adipisci
2698 5563 2960 5636 potuerit,
2999 5566 3043 5619 si
3077 5565 3292 5636 nullum
3323 5563 3692 5636 impedimen-

2098 5649 2212 5691 tum
2244 5633 2572 5694 obstitisset.
2625 5635 2761 5689 Vide
2791 5636 3117 5707 Gregorium
3156 5635 3223 5689 de
3256 5633 3506 5707 Valentia
3555 5649 3688 5694 tom.

2095 5707 2372 5805 lV,‘disp.
2415 5711 2498 5778 ll,
2531 5725 2584 5780 q.
2619 5707 2674 5772 5,
2713 5721 2767 5774 p.
2801 5708 2855 5776 5,
2888 5703 2943 5765 et
2973 5710 3182 5764 Suarez
3226 5719 3337 5763 tom
3396 5703 3464 5775 ll,
3503 5725 3561 5779 p.
3596 5710 3684 5775 5t),

2097 5786 2234 5837 sect.
2265 5786 2317 5834 5.
