4036 6418
285 369 391 437 825

1724 342 2079 448 DIOPTIiA.

3439 397 3546 465 826

284 488 379 544 hic
426 485 651 557 quidem
701 487 866 542 homo
897 495 984 544 est
1046 486 1291 559 prudens
1343 497 1401 547 et
1454 489 1742 556 honestus,
1769 491 1860 546 ille
1887 493 1935 551 Α
1965 496 2319 569 Quaecunque
2348 507 2530 555 autem
2570 499 2625 555 in
2661 503 2762 556 hoc
2797 502 3018 573 gemino
3048 505 3256 562 mundo
3286 520 3432 575 sunt,
3461 527 3552 566 su-

285 581 566 651 ingenium
601 581 657 636 in
690 592 951 653 promptu
991 582 1180 644 habet,
1224 582 1367 637 alius
1389 592 1474 637 est
1507 582 1856 653 sapientissi-

284 687 429 739 mus,‘
475 673 617 727 alius
651 673 885 739 delirus,
915 673 1057 729 alius
1094 674 1355 741 furiosus,
1378 675 1522 730 alius
1564 676 1853 738 attonitus,

278 767 422 822 alius
459 767 747 837 perspicax
777 775 835 821 et
857 767 1055 831 solers,
1086 767 1230 821 alius
1272 767 1525 837 torpidus
1555 776 1610 822 et
1637 769 1858 839 ingenio

281 856 656 914 tardissimus.
684 857 928 912 Rursum
955 858 1010 912 in
1031 858 1288 914 sensibus
1314 858 1425 912 vidi
1444 858 1856 913 dissimilitudi~

281 967 409 1006 nem
447 952 594 1006 haud
646 951 1006 1006 mediocrem.
1043 951 1178 1007 Nam
1214 951 1269 1005 hi
1328 961 1548 1006 acutum
1597 960 1855 1013 ceruum.

279 1045 375 1100 alii
407 1045 661 1100 obtusam
682 1044 1105 1100 habentaciem.
1147 1045 1212 1099 Et
1243 1044 1369 1115 quis
1392 1044 1526 1099 satis
1557 1053 1635 1099 tot
1661 1042 1860 1098 discri-

279 1137 434 1192 mina
457 1138 781 1207 eloquetur?
812 1138 961 1193 Mitto
984 1144 1287 1209 gustatum,
1310 1138 1628 1200 tactionetn,
1659 1136 1714 1188 in
1741 1135 1861 1204 qui-

278 1226 388 1281 bus
433 1236 639 1294 quanta
697 1227 1009 1297 reperiatur
1051 1227 1290 1282 varietas
1350 1227 1477 1297 quis
1528 1226 1860 1296 explicabit?

278 1319 340 1375 In
368 1320 499 1386 illis,
521 1335 639 1384 oro,
672 1320 807 1374 mihi
828 1320 1195 1376 diiferentiam
1229 1321 1590 1391 multiplicem
1615 1322 1855 1375 intuere.

277 1412 418 1466 Nam
483 1427 627 1467 unus
676 1413 920 1483 quidem.
977 1426 1291 1483 quanquam
1338 1422 1549 1468 naturae
1588 1425 1857 1477 consors,

279 1513 472 1559 mutus
513 1512 623 1567 est,
681 1505 822 1560 alius
863 1503 1264 1559 vocalissimus.
1298 1504 1452 1559 Alius
1508 1504 1729 1574 genitus
1775 1513 1861 1559 est

279 1611 408 1654 cum
436 1612 569 1652 voce
602 1612 761 1651 rauca
788 1606 846 1651 et
902 1597 1209 1658 malesona.
1259 1597 1401 1652 alius
1442 1597 1662 1662 balbus,
1718 1596 1860 1651 alius

279 1687 634 1758 impeditiore
714 1689 901 1757 lingua
938 1729 954 1753 ,
1012 1689 1156 1744 alius
1251 1688 1647 1760 tardiloqaus,
1717 1689 1860 1744 alius

278 1783 405 1840 exili
458 1797 613 1838 voce.
654 1782 917 1848 Rursum,
972 1782 1113 1837 alius
1150 1789 1401 1851 prompte
1444 1796 1510 1836 ae
1571 1780 1730 1836 facile
1775 1782 1860 1834 lo-

278 1879 515 1946 quitur,
590 1876 732 1931 alius
788 1884 874 1931 est
940 1876 1117 1930 instar
1175 1875 1531 1929 tintinnabuli
1584 1874 1856 1946 garrulus.

280 1966 438 2021 Alius
499 1964 727 2019 minime
782 1965 1070 2035 probatur,
1128 1964 1271 2019 alius
1311 1964 1571 2019 laudatur
1611 1965 1680 2019 ab
1737 1980 1855 2019 om-

281 2057 466 2112 nibus.
528 2057 603 2112 De
655 2057 882 2112 staturis
955 2067 1139 2112 autem
1178 2056 1337 2127 quid
1410 2057 1706 2113 dicemus?
1757 2055 1860 2115 Hie

284 2148 458 2212 brevi,
486 2148 578 2205 ille
602 2148 786 2219 longa,
813 2149 953 2204 alius
984 2149 1163 2204 media
1189 2164 1286 2205 seu
1331 2150 1498 2220 iusta.
1527 2149 1683 2205 Alius
1730 2166 1862 2221 pro-

284 2254 409 2306 nus,
437 2242 580 2297 alius
617 2250 856 2304 erectus.
886 2243 1027 2297 alius
1059 2235 1342 2312 gibbo‘sus.
1381 2243 1535 2298 Alius
1562 2242 1700 2298 facie
1731 2259 1861 2298 eau-

285 2331 430 2396 dida,
458 2331 604 2387 alius
639 2331 814 2402 nigra,
836 2330 977 2386 alius
999 2331 1200 2387 media.
1232 2331 1388 2387 Alius
1418 2341 1688 2396 comatus,
1719 2332 1859 2386 alius

285 2428 519 2497 crispus,
560 2425 704 2481 alius
734 2425 953 2495 depilis.
991 2425 1145 2481 Alius
1192 2426 1457 2482 imberbis
1512 2435 1680 2491 totus,
1717 2428 1861 2483 alius

287 2518 549 2589 promissa
584 2528 641 2573 et
673 2517 847 2572 densa
876 2517 1067 2574 barba.
1106 2517 1342 2585 Quidam
1386 2520 1853 2591 pediculosissimi

286 2618 430 2672 sunt,
454 2608 678 2678 quidam
704 2608 907 2663 habent
935 2608 1363 2679 paucissimos‘.

357 2701 503 2755 Alios
539 2716 711 2756 cerno
773 2701 1071 2756 iracundos
1103 2740 1118 2763 ,
1160 2701 1395 2758 biliosos
1430 2745 1444 2762 .
1494 2710 1551 2757 et
1622 2704 1860 2758 choleri—

293 2805 415 2856 cos;
447 2793 585 2848 alios
635 2803 960 2848 mansuetos
1014 2809 1077 2848 ac
1144 2794 1299 2849 lenes
1349 2796 1535 2849 animo
1591 2805 1648 2849 et
1689 2796 1860 2850 mori-

296 2883 417 2938 bus.
447 2884 622 2938 -Alios
670 2885 940 2951 imbelles,
979 2884 1303 2956 degeneres,
1356 2885 1618 2952 timidos;
1666 2896 1858 2943 contra

294 2974 428 3028 alios
479 2989 792 3044 generosos,
852 2975 1045 3039 fortes,
1087 2981 1145 3029 et
1198 2975 1596 3044 magnanimos.
1632 2974 1737 3029 Sed
1800 2974 1860 3028 fl-

291 3080 411 3119 nem
455 3065 719 3121 faciamus
768 3067 1130 3122 enumerandi
1194 3075 1275 3121 tot
1325 3066 1644 3121 discrimina
1681 3072 1736 3122 et
1778 3066 1861 3121 di-

1963 588 2180 656 periora
2219 598 2275 645 et
2312 591 2598 656 inferiora,
2630 592 2874 662 inquam,
2908 595 3024 650 haec
3062 597 3285 665 quidem
3317 617 3382 655 ex
3416 603 3548 672 ipsis

1960 682 2307 751 corporibus,
2355 683 2447 738 illa
2491 678 2816 755 incorporea
2860 688 3144 756 condidit,
3195 691 3547 764 incorporeas

1961 787 2229 843 supernas
2249 774 2493 845 legiones
2520 776 2783 847 intellige,
2815 788 3063 834 naturam
3094 784 3321 838 materia
3348 801 3547 840 vacan-

1963 871 2093 927 tem,
2121 864 2225 920 sub
2259 866 2449 921 oculos
2504 883 2614 922 nou
2646 867 2937 924 cadentem
2963 879 3020 925 et
3061 874 3387 942 simplicem.
3424 878 3546 940 Ast.

1964 955 2225 1011 inferiora
2248 957 2378 1013 fecit
2403 971 2655 1028 corpora,
2686 961 2917 1014 materia
2944 961 3198 1017 videlicet
3214 968 3545 1024 constantia.

1962 1046 2074 1102 Nec
2097 1062 2262 1117 supra
2306 1058 2435 1104 sunt
2465 1064 2752 1121 corporea,
2784 1066 2887 1106 nec
2912 1052 3052 1106 infra
3080 1054 3321 1108 materiae
3347 1071 3545 1124 expero

1963 1141 2055 1193 tia.
2090 1138 2266 1195 Homo
2299 1150 2503 1204 autem,
2533 1159 2566 1197 o
2595 1143 2733 1197 mira
2770 1160 2878 1210 res,
2906 1160 2972 1199 ex
2996 1145 3083 1199 his
3112 1147 3380 1202 ambobus
3410 1164 3547 1205 con-

1961 1243 2145 1291 cretus
2193 1244 2299 1298 est.
2340 1253 2407 1291 ex
2429 1253 2821 1307 supernorum,
2872 1239 3116 1310 inquam,
3163 1242 3545 1307 intellectuali,

1962 1333 2019 1380 et
2047 1328 2298 1398 principe
2328 1339 2547 1394 natura,
2579 1337 2634 1383 et
2665 1343 2729 1383 ex
2761 1329 2878 1383 luto
2906 1345 2973 1384 ac
3000 1331 3247 1399 pulvere,
3274 1331 3420 1386 unde
3462 1333 3549 1386 in-

1962 1418 2164 1473 feriora
2196 1419 2550 1474 exstiterunt.
2578 1421 2795 1474 Animal
2823 1421 3124 1490 quoddam,
3161 1437 3392 1493 corpore
3423 1425 3549 1494 qui-

1962 1510 2087 1565 dem
2122 1510 2382 1578 inferum,
2415 1512 2597 1566 anima
2642 1529 2774 1568 vero
2817 1526 3097 1583 superum.
3133 1514 3191 1569 lu
3242 1515 3349 1570 hoc
3383 1516 3552 1585 igitur

1963 1600 2172 1654 mundo
2219 1615 2382 1670 quem
2431 1602 2722 1665 sentimus,
2758 1601 2922 1656 etiam
2966 1603 3237 1657 elementa
3283 1604 3547 1673 perfecta,

1963 1698 2224 1759 quatuor,
2252 1701 2308 1745 et
2343 1691 2519 1760 prima
2560 1705 2795 1761 corpora
2826 1706 2856 1745 e
2890 1692 3064 1745 nihilo
3097 1694 3361 1762 producta
3397 1703 3549 1758 sunt,

1969 1782 2129 1853 ignis,
2164 1795 2276 1846 aer,
2309 1798 2473 1852 aqua,
2517 1790 2683 1837 terra.
2725 1783 2871 1853 Ignis
2911 1784 3121 1838 calidus
3148 1795 3233 1839 est
3272 1794 3326 1839 et
3350 1787 3549 1849 siccus,

1967 1888 2065 1927 aer
2090 1873 2303 1928 calidus
2328 1884 2385 1928 et
2416 1873 2698 1936 hunddns.
2725 1883 2871 1928 terra
2905 1874 3101 1944 frigida
3132 1885 3186 1928 et
3215 1874 3383 1936 sicca.
3411 1891 3554 1945 aqua

1962 1966 2154 2037 frigida
2200 1976 2254 2021 et
2304 1966 2550 2020 humida.
2587 1967 2776 2021 Atram
2827 1966 2992 2020 bilem
3031 1976 3178 2021 terra
3226 1979 3452 2038 generat
3497 1975 3555 2023 et

1964 2060 2089 2113 alit:
2125 2067 2209 2114 est
2247 2059 2522 2128 siquidem
2556 2059 2699 2113 sicca
2733 2068 2788 2113 et
2818 2059 3039 2128 frigida,
3082 2059 3553 2125 quemadmodum

1961 2150 2081 2220 ejus
2114 2161 2290 2204 mater
2320 2159 2488 2203 terra.
2520 2150 2777 2220 Phicgma
2804 2150 3041 2204 debetur
3073 2164 3229 2219 aquae
3261 2168 3275 2203 :
3301 2166 3423 2204 nam
3455 2150 3550 2204 fri-

1961 2244 2149 2314 gidum
2185 2253 2289 2307 est,
2328 2251 2384 2296 et
2419 2243 2727 2305 humidum,
2774 2253 2832 2296 ut
2866 2243 2977 2297 illa.
3010 2242 3091 2297 Ab
3135 2259 3263 2297 aere
3306 2242 3557 2312 procedit

1963 2337 2209 2405 sanguis,
2240 2335 2496 2389 similiter
2522 2344 2582 2388 ut
2616 2335 2705 2388 ille
2736 2333 2946 2389 calidus
3002 2342 3057 2387 et
3089 2334 3368 2387 hmuidus.
3409 2333 3561 2404 Ignis
3596 2364 3600 2369 -

1962 2436 2188 2497 generat
2215 2427 2409 2481 ﬂavam
2451 2426 2643 2488 bilem,
2690 2426 2854 2480 ambo
2909 2427 3057 2480 enim
3106 2425 3248 2479 sicca
3277 2433 3333 2479 et
3380 2427 3559 2480 calida

1963 2527 2113 2573 sunt.
2166 2519 2239 2572 Ex
2288 2519 2435 2573 hisce
2480 2528 2720 2588 quatuor
2771 2518 3059 2572 hominum
3112 2533 3341 2587 corpora
3403 2534 3558 2573 com-

1962 2611 2122 2665 mista
2154 2627 2219 2665 ae
2249 2620 2550 2679 temperata
2597 2611 2747 2673 sunt,
2776 2623 2844 2664 ex
2881 2620 3118 2679 utraque
3166 2610 3377 2664 scilicet
3423 2609 3554 2673 bile,

1961 2703 2099 2758 ﬂava
2130 2714 2186 2758 et
2213 2715 2352 2767 atra,
2402 2719 2469 2758 ex
2513 2703 2804 2773 sanguine,
2851 2713 2906 2756 et
2944 2702 3278 2772 phlegmata.
3329 2701 3405 2754 Ex
3440 2700 3557 2755 ele-

1963 2797 2163 2852 mentis
2227 2797 2460 2857 fructus.
2501 2797 3085 2864 nutrimentorumque
3141 2795 3223 2847 vis
3269 2812 3282 2847 :
3323 2809 3554 2863 corpora

1961 2870 2144 2945 autem
2169 2888 2491 2944 animalium
2513 2904 2578 2943 ex
2601 2887 2927 2941 humoribus
2951 2894 3209 2956 quatuor.
3240 2885 3557 2939 Auctoritas

1962 2981 2111 3037 enim
2144 2989 2383 3051 quatuor
2420 2980 2732 3046 elementis,
2759 2988 2820 3034 ut
2851 2977 3181 3048 quibusdam
3217 2977 3423 3047 aurigis
3459 2986 3556 3030 aut

1964 3074 2200 3130 ducibus
2232 3075 2443 3145 magnis
2473 3074 2600 3128 data
2627 3084 2733 3136 est,
2758 3089 2881 3141 quae
2911 3069 3056 3126 Deus
3079 3073 3323 3123 omnium
3359 3067 3555 3123 artifex

288 3158 643 3227 screpantias.
666 3156 801 3224 Quis
831 3158 977 3213 enim
1001 3174 1095 3214 eas
1120 3158 1463 3214 recensuerit
1493 3174 1709 3224 omnes,
1734 3175 1858 3214 cum
1889 3163 1933 3224 ο
1967 3182 2201 3235 ρηεεεεε
2245 3166 2597 3236 corporibus,
2641 3180 2816 3234 eaque
2853 3179 3045 3234 regere
3091 3161 3288 3217 voluit.
3318 3160 3556 3227 Quadri-

287 3247 393 3302 sint
439 3248 913 3304 innumerabiles?
952 3249 1032 3305 Ne
1084 3250 1228 3305 ultra
1258 3266 1423 3320 quam
1478 3250 1639 3307 deret
1679 3267 1866 3307 sermo

286 3340 631 3397 extendatur.
668 3341 749 3397 Tu
810 3358 898 3397 me
931 3358 1122 3398 verum
1173 3343 1312 3400 doce
1365 3344 1420 3401 in
1463 3344 1552 3400 his
1586 3345 1865 3400 omnibus.

286 3432 416 3488 Nam
450 3448 577 3487 eum
611 3433 920 3489 ostenderis
945 3434 1159 3489 animas
1184 3435 1472 3490 hominum
1514 3450 1636 3491 esse
1684 3451 1868 3506 arqua-

286 3525 378 3589 ies,
411 3534 595 3579 tamen
627 3540 815 3580 earum
873 3524 1220 3580 efficientiam
1253 3527 1527 3581 diversam
1561 3528 1867 3583 confiteris.

283 3616 417 3672 Nam
477 3616 762 3686 aequalitas
817 3616 871 3671 in
919 3617 1247 3687 corporibus
1290 3624 1479 3688 aperta
1534 3628 1640 3685 est,
1681 3628 1869 3688 utpote

283 3724 403 3777 quae
424 3723 492 3763 ex
516 3707 651 3778 ipsis
676 3716 917 3778 quatuor
949 3709 1143 3778 primis
1173 3709 1503 3778 corporibus
1534 3719 1590 3765 et
1622 3710 1869 3765 elemen-

284 3800 368 3864 tis,
397 3817 468 3856 ex
497 3801 699 3872 quibus
722 3802 940 3874 penitus
964 3803 1170 3867 omnia,
1201 3809 1460 3858 concreta
1495 3812 1550 3858 et
1575 3819 1868 3875 coagmen-

287 3901 394 3949 tata
428 3902 580 3956 sunt.
612 3910 680 3949 ex
721 3895 922 3962 calida,
955 3894 1175 3966 frigida,
1218 3896 1387 3957 sicca,
1421 3895 1648 3950 humida
1709 3897 1870 3951 subs-

288 3985 478 4047 tantia,
511 3986 720 4056 quibus
745 3987 1082 4057 respondent
1130 3986 1291 4058 ignis,
1327 4002 1491 4056 aqua,
1527 4002 1646 4050 aer,
1694 3996 1867 4042 terra.

286 4077 350 4131 Et
377 4076 515 4133 hinc
538 4076 663 4133 bilis
691 4087 831 4143 atra,
866 4078 990 4132 bilis
1020 4076 1180 4140 ﬂava,
1201 4077 1445 4147 sanguis,
1477 4076 1730 4148 phlegma
1761 4076 1868 4132 illis

285 4180 535 4241 cognata,
564 4178 622 4226 et
659 4170 967 4241 aequalibus
999 4170 1254 4240 aequalia.

896 4309 1122 4366 CAPUT
1164 4310 1252 4366 IV.

280 4417 492 4492 Duplex
550 4423 812 4485 mundus,
875 4427 1114 4489 superior
1168 4432 1218 4478 et
1274 4424 1515 4492 inferior.
1586 4421 1862 4477 Hominem

348 4496 629 4566 utriusque
649 4495 958 4566 participem
983 4512 1110 4549 esse.
1137 4495 1399 4566 Cujusque
1428 4492 1862 4566 elementipbinte
1895 4496 1940 4557 υ

349 4561 663 4632 qualitates.
692 4564 771 4618 Ex
798 4561 1031 4633 quatuor
1060 4561 1369 4619 humoribus
1393 4566 1613 4634 quinam
1637 4564 1720 4617 cui
1750 4561 1859 4616 ele-

350 4642 530 4688 mento
551 4643 767 4705 propter
787 4633 985 4705 similes
1013 4634 1297 4703 qualitates
1329 4633 1681 4704 respondeant
1717 4650 1734 4687 :
1764 4650 1868 4702 quo

348 4713 508 4772 pacto
555 4721 676 4758 eum
713 4705 896 4758 iisdem
929 4704 1199 4759 elementis
1230 4714 1279 4759 et
1309 4714 1537 4775 quatuor
1566 4705 1869 4759 humoribus

349 4775 571 4828 totidem
622 4776 750 4827 anni
793 4784 1031 4844 tempora
1086 4777 1438 4844 consentiunt.
1492 4774 1611 4844 Qua
1663 4775 1870 4829 ratione

348 4862 512 4898 causa
547 4845 789 4913 superius
812 4840 1085 4914 explicata:
1124 4842 1417 4910 varietatis,
1451 4840 1773 4916 qualitatum
1820 4854 1870 4896 et

347 4917 631 4968 humerum
649 4916 1017 4977 temperationi
1032 4917 1082 4968 in
1118 4930 1334 4983 corpore
1347 4917 1861 4983 humanodebeatur.

346 4985 449 5039 Rei
479 4985 814 5039 illustrandw
847 4980 1249 5057 paradigmata.
1583 4980 1590 4987 ’

349 5095 514 5152 Cano.
563 5094 740 5149 Etiam
787 5096 841 5150 in
874 5095 962 5151 his
995 5097 1257 5165 deinceps
1309 5104 1360 5150 te
1397 5095 1668 5151 erudiam.
1718 5094 1865 5149 Duos

280 5186 523 5241 mundos
554 5186 623 5242 ah
654 5187 834 5253 initio,
865 5196 921 5243 et
960 5197 1257 5256 utrumque
1291 5186 1527 5257 simplici
1559 5185 1865 5242 substantia

281 5277 552 5334 Conditor
582 5279 880 5349 produxit:
925 5280 1291 5350 superiorem,
1332 5294 1495 5349 quem
1538 5281 1868 5350 cogitatione

286 5369 652 5440 percipimus;
714 5370 1067 5438 inferiorem,
1120 5370 1214 5441 qui
1265 5370 1320 5425 in
1380 5385 1573 5426 sensus
1612 5369 1868 5425 incurrit.

1962 3258 2194 3329 partitas
2247 3267 2559 3327 temporum
2621 3257 3085 3312 commutationes
3131 3270 3309 3308 annus
3359 3253 3554 3318 affert,

1963 3364 2161 3437 nempe
2204 3364 2322 3412 ver,
2355 3358 2625 3411 :eslatem,
2671 3356 3018 3407 autumnum,
3060 3345 3319 3399 hiemem.
3376 3343 3559 3398 Verna

1964 3432 2265 3508 tempestas
2297 3437 2525 3491 humida
2572 3447 2657 3490 est
2693 3445 2750 3490 et
2792 3435 3003 3499 calida;
3033 3434 3220 3489 aestiva
3274 3432 3453 3487 calida
3500 3440 3559 3486 et

1962 3532 2145 3595 sicca;
2179 3530 2518 3584 autumnalis
2550 3529 2694 3583 sicca
2727 3537 2783 3582 et
2813 3526 3045 3598 frigida;
3091 3526 3326 3581 hiberna
3364 3523 3560 3594 frigida

1963 3631 2019 3677 et
2078 3621 2329 3676 humida.
2388 3621 2597 3675 Horum
2661 3619 2991 3689 qualitatum
3061 3626 3558 3687 temperamentum

1963 3711 2287 3767 edisseram.
2342 3710 2739 3765 Verumtamen
2798 3708 3104 3769 disseram,
3163 3717 3221 3761 et
3263 3706 3560 3761 admodum

1965 3804 2257 3873 perspicue
2299 3802 2353 3855 in
2385 3801 2771 3871 sequentibus.
2806 3799 2963 3853 Nunc
2986 3791 3349 3869 quaestionem
3383 3797 3483 3852 abs
3510 3809 3563 3851 te

1963 3894 2299 3963 propositam
2326 3891 2712 3961 expediamus.
2752 3891 2976 3959 Deoque
3007 3890 3302 3960 adjuvante
3327 3888 3562 3943 feliciter

1968 4001 2083 4040 rem
2144 3985 2514 4039 absolvamus.
2565 3983 2813 4050 Quatuor
2879 3982 3009 4036 anni
3075 3980 3555 4036 vicissitiulinibus

1970 4076 2299 4132 constitutio
2339 4090 2561 4144 quoque
2596 4087 2893 4143 corporum
2943 4080 3025 4127 est
3055 4080 3426 4125 consentanea
3459 4087 3560 4124 ne-

1968 4169 2232 4225 cessario.
2258 4169 2399 4224 Vere
2432 4176 2664 4237 augetur
2689 4166 2931 4236 sanguis,
2950 4165 3077 4235 quia
3097 4164 3359 4218 humidus
3381 4170 3436 4217 et
3466 4178 3561 4217 ca-

1969 4261 2158 4327 lidus;
2209 4257 2343 4313 ﬂava
2390 4258 2516 4312 bilis
2541 4267 2749 4322 aestate,
2788 4257 3051 4326 quoniam
3093 4255 3237 4310 sicca
3269 4265 3353 4308 est
3384 4262 3440 4308 et
3470 4270 3562 4306 ca-

1962 4353 2114 4419 lida;
2140 4363 2256 4407 atra
2285 4359 2573 4416 autumno,
2598 4366 2725 4404 nam
2759 4348 2903 4403 sicea
2927 4358 3012 4404 est
3039 4356 3095 4402 et
3119 4345 3349 4417 frigida;
3379 4344 3561 4399 hieme

1965 4454 2151 4501 autem
2200 4444 2475 4514 phlegma,
2508 4442 2654 4513 quod
2709 4442 2968 4512 frigidum
3018 4450 3103 4495 est
3149 4447 3206 4493 et
3246 4436 3559 4491 humidum.

1965 4539 2101 4593 Cum
2121 4545 2360 4606 quatuor
2387 4536 2569 4604 itaque
2593 4534 2723 4588 anni
2753 4532 3121 4602 temporibus,
3150 4536 3211 4584 ut
3233 4528 3367 4590 dixi,
3392 4528 3559 4582 etiam

1967 4632 2370 4687 elementorum
2418 4640 2615 4683 natura
2657 4627 2959 4696 conspirat.
2999 4624 3054 4679 Si
3087 4636 3219 4692 ergo
3255 4635 3424 4674 unum
3461 4618 3563 4672 ho-

1969 4738 2092 4778 rum
2122 4737 2244 4792 quae
2280 4720 2559 4776 nominavi
2594 4720 2816 4771 modum
2849 4715 3171 4776 excesserit,
3195 4711 3417 4781 quando
3436 4716 3562 4778 post

1970 4815 2413 4871 commistionetn
2490 4813 2857 4866 humanorum
2909 4819 3198 4875 corporum
3254 4803 3313 4856 fit
3365 4815 3563 4855 conce-

1973 4908 2127 4979 ptio,
2176 4905 2488 4978 hujusmodi
2541 4903 2705 4958 etiam
2754 4905 2924 4955 erasis
2958 4900 3013 4953 in
3058 4898 3238 4952 anima
3283 4895 3558 4963 sequitur.

1971 5001 2103 5056 Nam
2136 4999 2178 5052 si
2213 5008 2444 5067 uterque
2470 4996 2795 5065 qualitatum
2823 4990 3090 5051 binarius.
3111 4989 3262 5044 Calor
3292 4997 3346 5042 et
3364 4986 3561 5056 frigus,

1974 5093 2174 5147 humor
2216 5099 2272 5145 et
2311 5090 2530 5146 siccitas
2568 5086 2741 5157 probe
2768 5082 3037 5140 conﬂatus
3074 5090 3130 5137 et
3160 5080 3564 5136 coessentiatus

1975 5182 2162 5243 fuerit,
2214 5179 2360 5249 quod
2410 5185 2703 5249 generatur
2742 5175 3015 5244 Optimum
3062 5181 3559 5241 temperamentum

1978 5274 2222 5330 habebit.
2258 5271 2413 5339 Quod
2456 5270 2501 5325 si
2543 5268 2779 5323 calidius
2824 5268 3159 5322 elementum
3190 5263 3561 5337 superaverit,

1980 5377 2194 5423 eertum
2218 5375 2323 5429 est,
2343 5363 2489 5435 quod
2511 5361 2773 5434 gignitur,
2801 5359 3094 5431 pulchrum
3119 5369 3175 5414 et
3198 5357 3562 5412 fortissimum

1759 5488 2036 5551 SchoHa.

353 5588 766 5664 'Cbrysostom.
789 5591 926 5651 :Seu
942 5596 1030 5664 qui
1063 5608 1340 5656 senex,seu
1360 5592 1571 5661 juvenis
1588 5591 1864 5661 {uerit,seu

287 5673 411 5715 vace
454 5663 674 5725 absona,
728 5680 819 5718 seu
877 5663 1095 5719 alterius
1147 5666 1449 5730 cujuspiam
1493 5664 1869 5718 concinnitatis

291 5745 498 5799 ωροτε,
538 5733 746 5788 nullum
772 5742 845 5789 est
870 5737 1089 5788 crimen.
1112 5733 1261 5801 Quod
1284 5735 1423 5787 enim
1445 5735 1527 5786 hic
1556 5735 1867 5802 requiritur,

286 5808 366 5854 est
400 5804 580 5859 anima
609 5805 806 5876 sobria,
833 5821 975 5862 mens
1000 5806 1137 5876 vigit.
1188 5822 1277 5860 rer
1308 5805 1605 5871 contritum,
1654 5806 1862 5859 animus

1972 5603 2237 5654 constans,
2269 5590 2585 5644 conscientia
2617 5605 2772 5658 pura.
2801 5585 2925 5640 Ilaec
2945 5591 2992 5640 si
3019 5586 3134 5655 quis
3161 5581 3420 5640 habuerit,
3450 5577 3558 5658 Deo

1974 5646 2188 5734 placere
2228 5646 2475 5734 potuerit.
2503 5646 2730 5734 Tantum
2776 5673 2920 5734 meus
2957 5646 3210 5734 generosa
3254 5660 3387 5734 esto,
3416 5656 3464 5734 et
3491 5646 3560 5734 ab

1972 5720 2112 5790 bisce
2145 5720 2406 5803 corporeis
2433 5729 2715 5799 defectibus
2744 5720 3076 5784 nullum'erit
3104 5720 3558 5795 impedimentum.
