4036 6416
472 358 581 420 827

1722 353 2054 416 PIllLlPPI
2096 350 2484 416 SOLlTARil

3627 358 3738 421 8‘23

473 470 611 522 fore.
645 466 700 523 Si
749 466 1026 537 frigidum,
1075 465 1327 536 frigidius
1367 477 1420 520 et
1464 468 1699 536 pigrum.
1729 468 1784 522 Si
1816 470 2046 529 siccum,
2082 475 2124 528 Α
2157 467 2307 520 nium
2344 469 2396 520 in
2457 483 2566 520 uno
2606 475 2767 536 gustu
2815 477 2871 522 et
2905 467 3078 522 forma
3115 467 3411 522 convenire
3459 482 3738 537 oportere,

471 562 813 623 acerbius,et
839 561 1247 613 submorosum.
1276 559 1328 612 Si
1359 560 1662 624 humidum,
1683 563 1862 615 ventri
1889 562 2047 615 dedi-

475 663 609 715 tum,
639 663 692 704 et
722 653 940 704 mobile.
981 651 1294 706 Clarissime
1347 651 1512 721 igitur
1547 654 2049 710 demonstravimus

473 744 786 794 Creatorem
833 758 896 794 ac
936 741 1223 794 Dominum
1270 758 1369 811 per
1412 759 1498 796 res
1529 758 1557 795 a
1602 759 1659 797 sc
1686 744 1915 798 eil'ectas
1949 761 2048 814 po-

469 832 692 884 tentiam
750 847 904 884 suam
951 834 1305 902 proportione
1346 835 1580 903 quadam
1618 835 1946 899 ostendisse,
1993 837 2048 890 in

469 923 609 974 uelo
644 932 699 975 et
740 907 926 989 astris,
975 924 1088 978 sole
1120 934 1174 978 et
1205 926 1355 986 luna.
1406 926 1460 979 in
1489 927 1573 980 his
1602 943 1722 996 quae
1766 928 1960 996 spiritu
1996 937 2052 982 et

470 1011 581 1062 vita
613 1010 892 1076 fruuntur,
928 1012 981 1066 in
1014 1015 1194 1083 aquis,
1226 1026 1281 1069 et
1311 1019 1535 1071 omnino
1573 1019 1624 1070 in
1671 1021 1886 1072 creteris
1923 1020 2050 1072 uni-

472 1102 664 1156 versis.
701 1103 757 1157 In
787 1105 1044 1159 onmibus
1079 1108 1228 1160 enim
1260 1118 1469 1177 partem
1515 1111 1753 1179 aliquam
1785 1111 2052 1166 Conditor

473 1194 712 1248 videtur.
739 1196 868 1250 Tale
903 1207 987 1252 est
1027 1199 1194 1252 etiam
1225 1202 1428 1265 anima,
1464 1203 1589 1266 hoc,
1624 1205 1866 1272 inquam,
1903 1203 2050 1272 quod

474 1294 558 1338 est
604 1288 906 1340 secundum
942 1290 1233 1360 imaginem
1268 1292 1382 1357 Dei,
1428 1295 1837 1364 inaspectabile,
1883 1308 1941 1351 et
1970 1299 2052 1352 vi-

474 1391 598 1428 sum
631 1377 814 1432 adhuc
842 1381 1072 1446 nemini,
1103 1383 1251 1451 quod
1281 1400 1382 1451 per
1408 1400 1630 1455 corpus,
1667 1388 1719 1440 in
1751 1404 1862 1457 quo
1895 1389 2054 1444 habi-

473 1469 572 1530 tat,
603 1475 658 1520 et
687 1469 1048 1525 instrumenta
1089 1475 1342 1542 corporis
1371 1492 1498 1530 suas
1522 1478 1772 1534 actiones
1797 1495 2052 1549 exerens,

475 1557 603 1610 inde.
626 1563 997 1629 cognoscitur.
1028 1563 1284 1619 Animum
1312 1568 1537 1636 quippe,
1570 1569 1659 1622 cui
1702 1569 1939 1624 tributus
1969 1583 2054 1626 est

473 1649 834 1717 principatus,
880 1653 1169 1708 cerebrum
1213 1656 1544 1712 incolentem
1593 1660 1750 1728 quasi
1792 1661 2054 1718 decenter

474 1739 764 1808 saginatus,
821 1753 945 1795 cum
999 1744 1200 1812 triplici
1247 1748 1368 1817 ejus
1409 1747 1698 1813 facultate,
1750 1754 2049 1818 memoria,

2150 558 2484 626 minimeque
2523 559 2575 611 in
2623 568 2827 611 tantum
2875 559 3283 612 multitudinem
3329 567 3493 627 atque
3566 564 3741 615 varie-

2151 659 2316 703 tatetn
2348 649 2612 711 discerni,
2635 657 2693 702 ut
2726 650 2863 703 alius
2888 658 3033 704 esset
3068 665 3266 718 sapore
3292 650 3560 718 jucunde,
3591 652 3734 705 alius

2149 755 2358 799 amaro,
2391 740 2532 792 alius
2563 741 2892 800 astrictorio.
2936 742 3076 795 alius
3116 741 3301 805 dulci;
3333 742 3426 794 sed
3472 745 3741 811 quemad-

2156 830 2379 882 modum
2414 845 2552 899 aqua
2592 847 2696 883 una
2727 842 2832 895 cst,
2874 833 2953 886 sic
2982 842 3035 886 et
3067 833 3169 885 ista
3195 831 3298 884 sub
3335 848 3502 885 unum
3541 834 3735 902 redigi.

2149 921 2206 974 Si
2237 921 2364 989 quis
2393 923 2473 974 sic
2503 921 2884 986 ratiocinetur,
2914 935 3042 976 cum
3074 937 3173 992 ego
3205 924 3419 993 nugari,
3446 933 3740 992 menteque

2151 1033 2214 1072 ac
2245 1033 2409 1072 sensu
2455 1019 2777 1072 tlestitututn
2833 1028 2964 1087 puto
2993 1037 3006 1072 :
3037 1019 3198 1072 talem
3245 1020 3506 1072 nimirum
3541 1019 3741 1072 existi-

2156 1124 2304 1163 mare
2337 1109 2648 1162 animarum
2694 1118 2946 1162 naturam
2993 1124 3202 1176 parem.
3254 1109 3582 1163 Inserantur
3609 1123 3741 1161 cor-

2154 1201 2405 1270 poribus,
2431 1209 2488 1253 et
2519 1200 2896 1254 coalescentes
2921 1215 2985 1253 ea
3010 1209 3067 1253 et
3108 1200 3282 1263 alunt,
3321 1210 3378 1254 et
3401 1207 3738 1262 sustentant,

2153 1299 2207 1344 et
2227 1290 2411 1344 fovent
2434 1289 2792 1345 omnimodis.
2817 1289 3066 1355 Qualitas
3089 1302 3274 1344 autem
3297 1290 3742 1358 temperamenti,

2154 1380 2548 1450 qualiscunque
2584 1380 2804 1434 tandem
2830 1381 2965 1451 ipsis
2996 1396 3061 1434 ex
3095 1381 3408 1443 elementis,
3445 1389 3501 1436 et
3536 1381 3738 1433 humo-

2155 1471 2311 1525 ribus
2348 1472 2598 1541 contigit,
2638 1471 2997 1526 immutabilis
3029 1482 3136 1535 est,
3178 1471 3293 1526 sive
3329 1471 3454 1540 quis
3483 1470 3743 1543 calidam,

2155 1561 2270 1616 sive
2299 1561 2573 1632 frigidam,
2606 1562 2722 1617 sive
2755 1562 2980 1626 siccant,
3027 1563 3141 1616 sive
3171 1562 3453 1615 humidam
3488 1571 3744 1614 naturam

2155 1653 2397 1706 obtinuit
2429 1672 2443 1708 :
2481 1664 2538 1708 et
2579 1655 2694 1709 sive
2725 1653 2994 1724 quzepiam
3028 1653 3231 1707 femina
3263 1654 3424 1717 bene,
3455 1651 3573 1706 sive
3603 1653 3746 1706 male

2157 1744 2303 1798 oleat
2339 1762 2354 1800 :
2396 1744 2514 1799 sive
2559 1745 2827 1810 candida,
2864 1746 2979 1800 sive
3025 1745 3179 1798 fusca
3222 1745 3296 1799 sit
3333 1763 3346 1798 :
3390 1745 3507 1798 sive
3553 1743 3744 1798 defor-

476 1830 784 1898 phantasia,
839 1844 892 1888 et
937 1813 1294 1903 cogitatione,
1343 1854 1545 1911 corpus
1598 1843 1666 1897 ad
1715 1844 2053 1900 voluntatem
2086 1813 2130 1872 Β
2162 1835 2405 1890 missima
2435 1835 2553 1891 sive
2601 1836 3023 1892 formosissima.
3066 1837 3185 1890 Non
3217 1839 3366 1890 enim
3411 1835 3746 1896 animarum,

475 1927 600 1985 apte
642 1920 982 1987 moderatur,
1029 1925 1491 1993 quemadmodum
1546 1931 1856 1986 universam
1903 1948 2058 1988 erea-

478 2017 654 2061 turam
701 2026 856 2065 mens
890 2013 979 2067 illa
1021 2016 1203 2070 omnia
1236 2033 1492 2086 operans,
1529 2020 1902 2078 administrat.
1941 2025 2055 2078 Ra-

479 2101 612 2153 tioni
659 2118 758 2171 pro
804 2104 936 2158 sede
971 2120 1073 2160 .cor
1121 2107 1427 2164 tribuitur:
1467 2111 1699 2180 jecinori
1742 2124 1936 2183 agnata
1975 2125 2060 2170 est

478 2194 770 2261 cupiditas,
821 2196 958 2250 risui
1004 2198 1248 2267 splenem
1283 2201 1490 2255 servire
1528 2213 1766 2266 constat,
1799 2205 2056 2274 spiritum

413 2359 416 2362 ἠ
481 2285 768 2353 pulmones
819 2289 896 2342 uti
945 2289 1103 2345 folles
1155 2293 1439 2363 excipiunt
1483 2303 1540 2350 et
1583 2297 1856 2364 reddunt;
1902 2300 2057 2354 urina

481 2375 732 2444 genitalis
783 2380 1011 2436 renibus
1043 2381 1377 2452 innascitur;
1413 2385 1595 2441 fervor
1629 2390 1740 2455 iras,
1794 2400 1851 2445 et
1896 2392 2061 2446 ardor

481 2484 511 2520 c
537 2469 800 2538 sanguine
832 2476 979 2527 circa
999 2490 1094 2528 eor
1121 2475 1381 2533 bulliente
1405 2480 1613 2536 exsistit
1641 2499 1654 2536 :
1681 2484 1942 2538 noscendi
1978 2486 2060 2540 vis

480 2560 656 2614 oculis
685 2572 771 2616 est
801 2562 992 2631 insita;
1027 2565 1207 2637 lingua
1239 2568 1498 2640 loquendi
1544 2570 1860 2629 facultatem
1886 2575 2058 2646 possi-

487 2652 596 2707 det.
626 2653 695 2709 Ut
736 2659 926 2724 paucis
966 2661 1324 2730 complectar,
1357 2680 1454 2732 per
1485 2667 1731 2720 membra
1770 2680 2062 2739 partesque

487 2745 733 2813 corporis
769 2749 845 2802 uti
879 2765 978 2818 per
1020 2751 1386 2808 instrumenta
1428 2772 1555 2812 suas
1583 2758 1829 2815 actiones
1870 2776 2063 2817 omnes

486 2837 726 2892 exhibet.
758 2839 972 2896 Etenim
1003 2845 1302 2900 scettndum
1339 2864 1500 2918 quam
1550 2851 1863 2907 mistionem
1895 2864 2061 2908 natu-

487 2933 601 2979 rain
631 2928 890 2999 adeptum
932 2943 1014 2988 est
1043 2951 1243 3006 corpus
1270 2940 1480 3008 (eadem
1511 2943 1656 2997 enim
1687 2944 1802 3000 hare
1828 2946 2060 3016 iterabo)

485 3017 552 3070 ad
583 3020 830 3074 eamdem
865 3024 1059 3080 anima:
1094 3027 1175 3079 vis
1217 3038 1272 3083 et
1299 3045 1438 3100 opus
1477 3049 1598 3086 sese
1619 3037 2057 3094 accommodant.

2159 1925 2254 1980 sed
2305 1926 2707 1980 elementorum
2752 1928 2908 1998 juxta
2957 1927 3201 1980 divinam
3237 1927 3400 1996 plane
3455 1926 3750 1994 providen-

2163 2017 2294 2070 tiam
2321 2026 2407 2072 est
2449 2017 2552 2071 ista
2580 2019 3003 2088 coagmentatio.
3035 2019 3090 2072 Si
3121 2019 3288 2085 igitur
3313 2033 3522 2086 corpus
3546 2017 3747 2070 bonam

2160 2122 2226 2162 ex
2257 2107 2548 2163 elementis
2583 2110 3042 2178 temperationem
3086 2109 3361 2174 habuerit,
3402 2118 3458 2163 et
3488 2125 3609 2178 qute
3655 2107 3747 2161 isti

2163 2199 2518 2270 porportione
2549 2201 2868 2271 respondet,
2903 2217 2971 2257 ex
3003 2203 3292 2272 sanguine,
3319 2203 3648 2272 phlegmate,
3677 2217 3750 2255 ex

2163 2300 2396 2362 utraque
2422 2291 2531 2347 bile
2557 2293 2873 2347 commistio
2903 2308 3060 2362 aequa
3091 2293 3258 2348 fuerit
3284 2294 3661 2363 qualitateque
3691 2300 3751 2344 et

2162 2384 2470 2453 quantitate
2504 2384 2911 2449 consenserint,
2948 2395 3005 2440 et
3039 2385 3455 2449 concordarint,
3488 2395 3604 2439 tum
3642 2399 3750 2452 pu-

2163 2491 2265 2543 gna
2306 2485 2362 2529 et
2404 2475 2608 2531 seditio
2647 2475 2940 2531 elementis
2983 2477 3134 2532 nulla
3162 2475 3482 2541 intercedit,
3532 2491 3635 2531 nec
3674 2476 3749 2531 ob

2163 2567 2400 2635 aliquam
2441 2568 2889 2637 exsuperantiam
2921 2576 3018 2622 aut
3048 2568 3387 2623 nimietatem
3422 2569 3477 2623 in
3515 2583 3574 2623 se
3626 2583 3750 2621 mu-

2166 2665 2260 2711 tuo
2292 2658 2580 2727 insurgunt
2608 2675 2623 2725 ;
2653 2659 2746 2712 sed
2778 2674 2993 2729 pacem,
3025 2669 3082 2715 et
3129 2660 3404 2726 ordinem,
3451 2669 3507 2715 et
3537 2660 3750 2714 foedera

2165 2759 2519 2816 conservant,
2553 2751 3102 2821 corroboranturque
3131 2762 3187 2806 et
3214 2751 3436 2818 ﬂorent,
3456 2760 3512 2806 et
3546 2767 3752 2821 corpus

2165 2856 2359 2896 sensus
2399 2856 2530 2896 suos
2557 2841 2698 2897 bene
2732 2842 2918 2898 firmos
2948 2859 3013 2897 ac
3055 2859 3220 2898 sanos
3258 2844 3506 2913 possidet
3543 2862 3556 2897 :
3594 2844 3749 2897 insu-

2165 2953 2262 3006 per
2288 2946 2344 2991 et
2371 2937 2683 3002 cerebrum,
2715 2937 2862 2991 unde
2885 2938 2998 2991 vita
3026 2938 3319 3007 perspicue
3342 2936 3566 3006 pendet,
3603 2937 3746 2992 bene

2168 3028 2336 3083 habet
2368 3029 2398 3062 ³⁵
2431 3045 2445 3081 :
2474 3043 2576 3082 nec
2602 3028 2904 3098 quidquam
2954 3028 3156 3091 morbi,
3192 3037 3286 3082 aut
3317 3028 3609 3090 obstaculi,
3654 3035 3754 3081 aut

489 3105 900 3182 l‘erspicuitatis
937 3134 1097 3174 causa
1130 3124 1440 3192 exemplum
1483 3127 1675 3182 atfero.
1715 3129 1857 3183 Deus
1899 3146 1929 3184 e
1965 3147 2060 3184 su-
2090 3150 2135 3209 ρ
2168 3123 2479 3177 nocumenti
2517 3123 2756 3175 sentitur
2792 3137 2805 3174 :
2847 3121 2942 3176 sed
2979 3123 3214 3175 maxima
3249 3123 3302 3176 in
3351 3121 3751 3190 tranquillitate

489 3204 636 3272 peris
665 3205 799 3261 locis
827 3208 1008 3276 pluvia
1037 3211 1297 3280 demissa,
1337 3225 1504 3270 totam
1541 3228 1739 3273 terram
1780 3237 1921 3292 aqua
1963 3239 2064 3278 na-

489 3306 610 3350 tura
641 3298 875 3368 simplici
912 3302 1117 3373 irrigat,
1145 3320 1287 3374 aqua
1320 3317 1500 3362 autem
1537 3311 1683 3366 varie
1724 3313 1776 3366 in
1809 3317 2067 3373 omnibus

483 3389 797 3454 arboribus,
826 3405 882 3448 et
909 3394 1097 3451 herbis
1133 3397 1302 3452 humo
1335 3401 1740 3470 prodeuntibus
1783 3415 2062 3463 transmu-

489 3490 906 3551 tatur,quorum
936 3490 1365 3560 unumquodque
1393 3494 1532 3546 hanc
1561 3497 1840 3551 cmlestem
1866 3515 2062 3569 aquam

487 3589 612 3625 cum
646 3579 973 3647 susceperit,
1008 3589 1225 3649 gustatu
1256 3593 1310 3638 et
1340 3601 1436 3653 per
1463 3601 1520 3639 se
1547 3591 1704 3657 plane
1735 3589 2062 3660 simplicem,

489 3665 764 3730 immutat,
787 3681 842 3723 et
871 3683 1113 3726 coactam
1141 3677 1511 3743 transformat,
1537 3689 1591 3733 et
1618 3681 1842 3751 figurant
1874 3701 2067 3753 quam-

484 3756 636 3820 dam,
675 3768 731 3812 et
784 3763 1234 3830 magnitudinem,
1285 3777 1340 3822 et
1405 3770 1643 3824 colorem
1691 3775 2067 3830 accomnodat

491 3858 656 3918 atque
679 3852 962 3916 admiscet,
1001 3857 1143 3911 unde
1170 3860 1317 3912 mille
1350 3862 1664 3929 qualitates.
1697 3865 1752 3918 lu
1788 3883 1910 3920 rosa
1939 3869 2065 3936 qui-

493 3939 616 3994 dem
653 3942 788 3996 odor
829 3947 1033 4010 suavis,
1073 3948 1127 4002 itt
1170 3959 1290 4004 ruta
1327 3960 1488 4017 teter,
1523 3954 1578 4006 in
1619 3955 1770 4019 allio,
1818 3959 1968 4026 cepis
2011 3967 2067 4014 et

493 4033 721 4101 reliquis
751 4039 1076 4094 acerrimus.
1111 4041 1168 4094 ln
1207 4042 1322 4096 lilio
1347 4044 1500 4098 color
1533 4047 1980 4115 candidissimus,
2011 4053 2066 4107 in

493 4123 632 4175 viola
658 4140 932 4194 purpureo
959 4129 1176 4194 similis,
1203 4131 1254 4184 in
1288 4148 1408 4186 rosa
1433 4135 1766 4201 subrubeus,
1793 4146 1849 4191 et
1881 4141 2064 4195 cocci-

493 4227 632 4268 ncus
661 4226 716 4269 et
748 4218 925 4273 albus.
967 4220 1023 4273 In
1053 4222 1174 4275 aliis
1204 4223 1614 4293 hyacinthinus,
1653 4231 1943 4295 eterulcus,
1974 4249 2068 4288 va-

495 4305 632 4358 rius.
671 4306 822 4362 Oliva
871 4312 1082 4379 profert
1122 4314 1326 4380 oleum,
1366 4316 1419 4370 iu
1455 4321 1565 4373 vite
1601 4321 1808 4388 pendet
1857 4323 2066 4389 vinum,

496 4394 550 4448 in
580 4398 836 4453 onmihus
882 4403 1065 4456 omnia
1089 4419 1154 4457 ex
1188 4407 1300 4459 sola
1333 4423 1474 4476 aqua
1510 4422 1832 4475 nascuntur,
1872 4429 1983 4468 non
2011 4429 2070 4470 se

2170 3230 2374 3284 corpus
2407 3223 2677 3278 versatur,
2728 3214 3006 3283 simulque
3035 3223 3093 3268 et
3121 3229 3226 3268 una
3258 3229 3383 3269 cum
3412 3214 3546 3283 ipsis
3569 3214 3750 3267 visce-

2170 3322 2290 3360 rum
2325 3308 2605 3376 primaria,
2637 3322 2753 3369 cor,
2786 3307 2964 3377 jecur,
2990 3306 3332 3368 stomachus,
3364 3307 3495 3361 lien.
3528 3307 3596 3360 Et
3620 3316 3752 3361 tunc

2168 3398 2351 3452 anima
2400 3397 2559 3453 facile
2601 3414 2806 3468 corpus
2857 3397 3000 3452 istuc
3049 3399 3282 3461 tolerat,
3329 3397 3754 3467 functionesque

2170 3504 2299 3543 suas
2315 3489 2454 3543 citra
2482 3488 2960 3558 impedimentum,
2986 3487 3192 3556 optime
3223 3486 3346 3541 aliis
3381 3487 3481 3541 ista
3517 3503 3757 3556 sequen-

2171 3584 2320 3637 tibus
2359 3590 2732 3652 reprtesentat.
2789 3581 2926 3635 Nam
2976 3579 3272 3649 respiratio
3317 3581 3483 3644 valet,
3517 3589 3574 3635 et
3615 3596 3754 3650 pra:-

2167 3675 2356 3728 cordia
2384 3683 2507 3728 Stttll
2539 3673 2856 3734 incolumia.
2887 3687 3181 3741 moresque
3209 3671 3276 3726 ad
3303 3672 3504 3727 bonam
3534 3673 3757 3727 habitu-

2169 3765 2376 3830 dinem,
2429 3776 2485 3820 et
2533 3766 2858 3827 elegantiam
2898 3766 3216 3821 enitescant
3257 3786 3272 3822 :
3319 3784 3632 3839 quanquam
3683 3785 3753 3822 ex

2170 3859 2376 3920 anima,
2409 3873 2516 3927 qua
2551 3868 2703 3927 parte
2736 3873 2862 3913 cum
2896 3859 3074 3913 brutis
3118 3859 3280 3914 nobis
3309 3861 3618 3914 communis
3645 3871 3754 3924 est,

2169 3951 2490 4021 procedant.
2517 3950 2673 4016 Quod
2697 3951 2741 4004 si
2774 3965 2976 4020 corpus
2995 3967 3327 4021 qttocuuque
3354 3952 3517 4006 modo
3547 3968 3754 4021 aegrum

2169 4044 2356 4107 fuerit,
2388 4058 2496 4098 non
2531 4043 2737 4112 poterit
2774 4043 2909 4097 illud
2941 4045 3123 4098 anima
3163 4046 3475 4101 restituere.
3512 4047 3608 4100 Rei
3653 4047 3753 4100 de-

2172 4135 2441 4191 claranda:
2482 4135 2797 4206 paradigma
2825 4137 2882 4188 in
2917 4136 3159 4191 medium
3190 4136 3484 4192 adducam.
3533 4139 3624 4193 Sol
3671 4149 3758 4194 est

2172 4227 2421 4296 pulcher,
2459 4235 2515 4280 et
2566 4226 2717 4280 lucet
2761 4227 2912 4281 velut
2956 4243 3213 4297 sponsus,
3247 4229 3397 4283 velut
3438 4230 3587 4300 gigas
3627 4247 3754 4302 spe-

2173 4319 2360 4373 ciosus
2399 4319 2468 4372 ⁸⁸.
2499 4319 2632 4386 Ejus
2667 4317 2879 4372 functio
2905 4318 3107 4388 duplex
3140 4330 3247 4386 est,
3281 4322 3469 4377 lucere
3513 4334 3567 4378 et
3612 4324 3758 4378 cale-

2175 4410 2377 4464 facere.
2410 4408 2553 4464 Sunt
2581 4410 2748 4464 etiam
2781 4409 2833 4462 in
2869 4412 3033 4464 terris
3067 4411 3307 4477 diversa,
3341 4414 3539 4484 campi,
3568 4414 3756 4478 valles,

495 4494 766 4551 mutante,
801 4505 901 4544 nec
929 4507 1026 4559 per
1062 4505 1237 4550 seruet
1265 4498 1426 4550 aliam
1477 4497 1705 4555 formata
1736 4504 2015 4573 .iuducnte
2049 4546 2064 4571 ,
2100 4499 2145 4555 D
2174 4504 2408 4573 scopuli,
2441 4503 2630 4568 colles,
2679 4503 2848 4566 silvae,
2885 4505 3030 4574 pagi,
3059 4521 3181 4575 quas.
3209 4506 3396 4562 omnia
3445 4508 3612 4563 radiis
3645 4508 3761 4562 suis

489 4595 674 4648 sicque
703 4581 754 4634 in
783 4583 941 4636 aliam
978 4589 1337 4644 substantiam
1377 4594 1646 4664 migrante
1677 4611 1801 4648 cum
1838 4597 1906 4650 de
1935 4597 2075 4652 caelo

490 4670 552 4725 in
587 4684 760 4728 terras
792 4679 1095 4747 praecipitat
1128 4697 1142 4734 :
1176 4681 1270 4735 sed
1292 4685 1444 4753 juxta
1474 4686 1788 4754 qualitates,
1815 4696 1871 4740 et
1899 4699 2078 4742 muta-

487 4761 673 4817 tiones
703 4781 916 4830 eorum,
951 4786 981 4822 a
1017 4772 1218 4840 quibus
1247 4774 1512 4843 recipitur
1540 4776 1653 4844 ipsa
1691 4793 1910 4845 quoque
1936 4780 2077 4833 alte-

493 4865 614 4910 rata
649 4869 702 4910 et
726 4858 1035 4926 immutata,
1061 4880 1160 4933 pro
1183 4866 1449 4935 cujusque
1483 4876 1678 4922 natura
1701 4869 1991 4923 commoda
2021 4880 2076 4926 et

493 4951 650 5004 Utilis
677 4953 902 5018 evadit;
933 4965 988 5008 et
1011 4961 1262 5024 quamvis
1289 4961 1540 5013 arborem
1579 4975 1674 5014 seu
1707 4961 2072 5026 fructiferam,

493 5055 592 5096 seu
629 5046 871 5100 sterilem
901 5050 1077 5102 nutrit
1111 5091 1126 5114 ,
1160 5062 1210 5106 ct
1240 5066 1460 5106 onmem
1505 5051 1727 5107 herbam
1761 5054 1897 5124 agri,
1923 5070 2077 5124 sege-

495 5142 609 5189 tem
644 5147 699 5191 et
747 5155 996 5208 gramen,
1049 5158 1144 5196 seu
1183 5143 1340 5206 utile,
1375 5158 1471 5197 seu
1515 5144 1707 5200 inutile
1755 5146 1977 5206 educat,
2020 5155 2077 5200 et

495 5231 774 5297 producit.
799 5233 909 5288 Nec
925 5235 1074 5288 enim
1095 5236 1388 5304 quisquam
1408 5236 1631 5302 dixerit,
1656 5239 1913 5308 quoniam
1938 5255 2076 5308 aqua

494 5332 667 5378 tntum
697 5326 957 5395 quiddam
984 5337 1093 5395 est,
1119 5327 1286 5382 etiam
1315 5330 1627 5399 qualitates,
1649 5339 1706 5386 et
1725 5330 1939 5386 fructus
1967 5345 2081 5384 om-

533 5467 583 5499 ³³
641 5468 784 5521 l’sal.
838 5483 993 5533 xvnt,
1047 5470 1101 5526 6.

2173 4595 2302 4651 ferit
2341 4611 2404 4651 ac
2438 4595 2741 4664 perfundit.
2798 4596 2904 4652 Sed
2956 4598 3046 4652 ubi
3089 4613 3322 4654 serenus
3355 4615 3420 4654 ac
3469 4616 3638 4669 purus
3677 4608 3763 4654 est

2170 4703 2287 4751 aer,
2322 4687 2375 4740 in
2413 4688 2500 4741 his
2529 4689 2682 4742 nullo
2715 4688 3113 4756 impedimento
3146 4691 3334 4745 lumen
3369 4691 3649 4745 radiorum
3677 4692 3760 4757 ja-

2171 4775 2268 4830 cit.
2303 4775 2406 4831 Ubi
2433 4790 2564 4830 vero
2609 4775 2848 4838 nebulae,
2899 4787 2958 4832 et
2987 4791 3167 4832 aerea
3201 4776 3466 4846 caligines
3506 4791 3564 4830 se
3594 4775 3761 4827 ditl'u—

2173 4869 2396 4932 derunt,
2430 4868 2764 4938 densiorque
2797 4871 2971 4924 nubes
3006 4883 3066 4924 se
3106 4869 3431 4938 interponit,
3474 4883 3583 4922 non
3613 4869 3763 4923 lucet

2175 4977 2373 5032 purum
2398 4961 2501 5026 sol,
2527 4976 2706 5031 neque
2733 4961 3008 5024 calefacit,
3026 4961 3123 5017 sed
3154 4961 3494 5025 tenuissime,
3511 4971 3564 5015 et
3589 4977 3764 5030 opaco

2177 5054 2407 5109 lumine.
2456 5053 2576 5108 Non
2625 5064 2807 5108 tamen
2843 5064 2974 5108 tunc
3017 5052 3326 5121 culpandus
3369 5062 3456 5107 est
3487 5053 3590 5115 sol,
3626 5069 3763 5121 quo-

2177 5147 2324 5200 niam
2357 5161 2466 5199 non
2507 5145 2644 5214 ipse,
2679 5144 2774 5200 sed
2812 5145 3012 5209 nubes,
3041 5154 3096 5199 et
3130 5160 3291 5199 aerea
3331 5146 3612 5200 erassitics
3639 5160 3763 5214 qua:

2179 5237 2498 5307 prohibent,
2521 5238 2576 5290 in
2594 5253 2756 5292 causa
2777 5246 2926 5290 sunt.
2949 5236 3162 5306 Corpus
3180 5237 3432 5292 existima
3461 5255 3582 5294 esse
3603 5253 3762 5291 mun-

2180 5329 2312 5384 dum
2352 5329 2564 5396 :vicos,
2609 5337 2665 5383 ct
2710 5329 2878 5384 urbes
2908 5344 3030 5384 esse
3070 5344 3289 5397 sensus,
3321 5342 3375 5385 ct
3401 5331 3666 5396 membra,
3709 5336 3766 5383 et

2007 5594 2283 5655 Scholia.

610 5712 904 5767 Isidorus;
927 5713 999 5765 Ab
1024 5715 1299 5793 immodico
1322 5723 1651 5793 intemperies
1674 5720 1754 5790 ﬁt.
1780 5718 2002 5785 Quando
2042 5722 2179 5773 enim.
2202 5716 2458 5771 elementa
2500 5717 2748 5771 tertiiinos
2785 5727 2905 5766 suos
2939 5715 3294 5783 egrediuntur,
3338 5725 3459 5768 tunc
3502 5713 3683 5776 morbi,
3710 5719 3763 5765 cl

504 5776 637 5836 dira»:
670 5799 860 5837 mortes
891 5786 1153 5837 (veniunt.
