4036 6456
339 395 462 470 829

1825 414 2181 487 DIOi‘TRA.

3529 433 3636 504 830

339 533 537 596 partes
564 526 837 606 corporis,
868 536 925 584 et
961 529 1169 604 visgera
1205 548 1218 584 :
1257 533 1514 588 nebulam
1575 546 1938 608 symptomata
1978 552 2021 605 Α
2053 541 2294 595 eulosam
2327 550 2384 595 et
2407 550 2678 600 cavatam.
2709 552 2764 597 et
2795 541 2997 598 habere
3015 545 3280 614 quasdam
3318 562 3503 616 venas,
3539 566 3639 620 per

337 633 645 688 corporum
688 620 954 693 intellige,
999 623 1406 679 lucidissimum
1441 627 1612 682 solem
1647 630 1942 688 facultates

337 709 566 776 animae,
591 711 647 766 in
675 711 761 767 his
787 729 1025 784 namque
1056 718 1376 786 paradigma
1399 720 1532 773 solis
1552 722 1939 791 accipiendum

335 815 450 862 est.
483 806 672 877 Siqua
697 809 843 863 enim
869 826 1064 866 serena
1091 815 1298 869 sanitas
1328 831 1357 869 e
1382 818 1713 885 corporibus
1736 821 1937 882 elucet,

332 906 396 952 et
445 899 756 954 membrum
799 903 1020 972 aliquod
1057 916 1372 969 externum,
1415 921 1512 962 aut
1542 927 1670 980 pars
1708 913 1940 967 interior

332 987 416 1043 ab
447 988 630 1058 aliquo
655 1000 1024 1062 symptomate
1056 997 1375 1066 neutiquam
1397 999 1637 1066 laeditur,
1661 1002 1786 1056 imle
1816 1017 1940 1059 eor-

331 1092 448 1150 pus
477 1080 780 1137 bellissime
816 1100 938 1139 sese
973 1087 1154 1140 habet.
1193 1089 1250 1142 ln
1281 1091 1486 1160 quibus
1531 1104 1691 1148 secus
1739 1095 1817 1161 fit,
1863 1098 1936 1150 ibi

330 1175 510 1227 etiam
545 1175 742 1230 anima:
773 1176 1065 1232 facultates
1116 1181 1407 1237 feriantur.
1448 1189 1630 1255 Atque
1689 1187 1800 1243 tinc
1830 1198 1934 1255 est,

330 1263 491 1332 quod
540 1266 797 1322 homines
846 1277 1060 1323 tantum
1113 1275 1347 1328 invicem
1397 1277 1736 1349 discrepant.
1781 1281 1936 1337 Alius

332 1353 705 1426 intelligentia
754 1359 902 1412 iners
942 1371 1059 1422 est,
1113 1363 1256 1418 alius
1302 1367 1588 1437 perspicax
1629 1379 1684 1423 et
1733 1371 1930 1426 solers.

331 1445 496 1501 Alius
518 1447 657 1502 bene
686 1461 950 1516 moratus,
975 1453 1116 1510 alius
1138 1458 1447 1526 improbus,
1474 1460 1615 1514 alius
1637 1464 1930 1530 superbus.

331 1537 496 1593 Alius
523 1540 720 1603 ﬁdelis,
759 1544 902 1598 alius
944 1549 1268 1604 malevolus;
1315 1545 1519 1605 Horum
1548 1564 1770 1608 causam
1808 1571 1933 1610 esse

329 1629 510 1686 Deum
546 1645 680 1689 cave
720 1648 900 1705 putes,
931 1641 1078 1708 quod
1107 1643 1440 1710 quibusdam
1474 1645 1689 1699 scilicet
1724 1648 1932 1716 optime

327 1723 493 1788 velit,
541 1737 596 1781 et
647 1729 857 1796 Optima
904 1731 1011 1785 illis
1049 1733 1238 1796 donet,
1288 1737 1549 1807 omnique
1599 1739 1846 1794 bonitate
1876 1750 1931 1796 et

327 1817 509 1886 gratia
537 1833 634 1872 eos
664 1822 944 1876 cumulet:
973 1826 1306 1894 quibusdam
1339 1844 1471 1883 vero
1506 1829 1637 1884 velit
1666 1833 1922 1900 pessime,

2050 648 2188 703 quas
2225 634 2293 687 ab
2328 634 2458 696 imo,
2487 643 2542 688 et
2567 636 2783 690 occulte
2815 636 2964 691 rivos
2990 654 3260 708 aquarum
3295 641 3542 706 emittat,
3569 659 3638 699 ex

2048 727 2253 798 quibus
2285 736 2340 782 et
2374 729 2554 782 fontes
2601 738 2802 783 terram
2846 731 3096 801 irrigent.
3135 734 3240 788 Per
3283 734 3388 790 hos
3419 747 3637 793 meatus

2044 833 2186 886 aqua
2225 819 2436 871 marina
2479 819 2715 878 colatur.
2749 830 2804 874 et
2835 836 2996 876 cursu
3026 825 3317 894 peregrino
3339 827 3631 895 dulcescit,

2042 919 2098 963 et
2131 910 2182 963 in
2213 911 2534 979 qualitatem
2562 921 2931 981 naturamque
2963 916 3331 982 metallorum,
3363 929 3420 972 et
3450 921 3630 973 fonta-

2041 1017 2190 1064 nam,
2231 1018 2293 1055 ac
2327 1007 2600 1071 putealem
2633 1020 2831 1072 aquam
2877 1015 3143 1058 mutatur.
3177 1007 3331 1073 Quod
3371 1009 3414 1063 si
3461 1021 3630 1075 terra,

2040 1107 2104 1146 ex
2135 1109 2240 1160 qua
2275 1103 2477 1163 puteus
2501 1093 3136 1165 scaturieudoerumpit,
3163 1112 3369 1155 amara.
3393 1109 3486 1152 aut
3510 1099 3634 1152 dul-

2040 1185 2118 1240 cis
2149 1185 2336 1250 fuerit,
2372 1203 2512 1256 aqua
2545 1187 2759 1240 marina
2798 1187 2942 1240 illam
2993 1190 3168 1256 ipsam
3199 1191 3547 1258 qualitatem,
3586 1191 3632 1262 si

2040 1278 2114 1332 ita
2163 1279 2478 1349 contigerit,
2515 1297 2612 1334 seu
2659 1281 3046 1344 acerbitatem,
3080 1290 3174 1334 aut
3207 1284 3513 1336 amaritiem
3547 1284 3634 1336 vi-

2040 1368 2260 1434 delicet,
2305 1386 2403 1424 seu
2447 1371 2800 1424 dulcedinem
2848 1372 2900 1424 in
2947 1387 3004 1425 se
3051 1373 3311 1441 capessit.
3351 1375 3404 1430 Si
3447 1385 3631 1430 autent

2039 1472 2255 1518 meatus
2279 1463 2350 1517 sit
2379 1473 2668 1532 angustus,
2693 1465 2824 1517 dum
2855 1465 2972 1532 ipso
2996 1465 3142 1519 fluxu
3175 1467 3438 1533 luctatur,
3470 1469 3635 1523 vehe-

2036 1555 2277 1608 mentius
2310 1553 2536 1609 calescit
2573 1596 2588 1620 ,
2625 1565 2683 1610 et
2734 1558 2792 1608 ut
2831 1567 2915 1610 est
2952 1567 3410 1620 consentaneum,
3455 1560 3634 1615 ferve—

2036 1645 2161 1699 scit.
2208 1645 2274 1699 Et
2305 1645 2357 1699 in
2402 1645 2622 1715 hisj'a'm
2661 1647 2824 1700 dictis
2863 1655 3078 1700 rursum
3117 1659 3398 1717 perspecta
3430 1660 3512 1703 est
3540 1650 3629 1705 illa

2035 1738 2273 1800 novitas,
2301 1731 2583 1807 quomodo
2610 1753 2733 1792 cum
2765 1755 2868 1791 una
2892 1739 3114 1807 quidem
3144 1739 3216 1793 sit
3235 1757 3501 1809 aquarum
3533 1758 3630 1796 na-

2037 1838 2180 1891 tura,
2211 1828 2266 1881 in
2301 1828 2426 1882 aliis
2458 1837 2640 1882 tamen
2684 1829 2832 1882 aliud
2869 1829 2982 1890 fiat,
3017 1840 3386 1900 naturamque
3431 1841 3627 1896 mutet,

324 1922 539 1981 eosque
570 1916 850 1969 contrario
894 1918 1058 1972 modo
1095 1928 1315 1974 tractet,
1369 1921 1659 1988 Quomodo
1691 1925 1839 1978 enim
1873 1937 1926 1978 οι
1967 1930 2000 1980 R
2034 1916 2088 1969 in
2118 1918 2464 1985 qualitatem,
2490 1919 2546 1972 in
2571 1920 2951 1976 tnetallutn.et
2985 1921 3232 1975 habitum
3257 1923 3624 1993 singulorum.

330 2003 438 2057 ista
467 2004 661 2074 judieii
707 2007 1184 2080 Providentiaaque
1219 2011 1422 2067 divinre
1464 2015 1632 2069 sunt?
1663 2033 1690 2070 a
1735 2026 1841 2085 qua
1879 2018 1922 2070 si

329 2095 682 2164 potissimum
711 2107 975 2168 suspensa
1008 2109 1217 2169 essent,
1264 2121 1371 2159 non
1400 2123 1576 2176 :equa,
1611 2109 1703 2162 sed
1741 2110 1923 2176 iniqua

332 2187 620 2243 manifeste
655 2189 817 2244 foret.
846 2190 952 2245 Sed
989 2193 1104 2248 hare
1143 2195 1486 2265 blasphemia
1533 2201 1696 2253 etiam
1743 2202 1926 2256 verbis

333 2281 497 2334 tenus
549 2281 715 2336 absit.
768 2283 925 2338 Sfcut
989 2287 1137 2339 enim
1201 2289 1306 2342 soli
1377 2290 1528 2344 dedit
1581 2305 1923 2362 qua-cunque

327 2372 501 2439 dedit,
519 2375 879 2441 celeritatem,
925 2379 1386 2450 magnitudinem,
1425 2384 1922 2452 pulchritudinem,

327 2468 714 2537 Splendorem;
743 2479 798 2525 et
831 2481 988 2528 teme
1021 2475 1277 2530 similiter
1307 2476 1733 2540 fecunditatem,
1761 2481 1925 2534 arbo-

327 2559 480 2614 ribus
523 2559 669 2616 ferre
719 2563 931 2619 fructus
961 2606 974 2627 ,
1010 2566 1292 2622 frumento
1338 2579 1393 2623 et
1438 2570 1563 2624 aliis
1615 2573 1919 2642 unicuique

329 2650 666 2709 iunctionem
701 2657 978 2728 propriam
1019 2671 1076 2713 et
1103 2671 1378 2726 naturam,
1431 2664 1510 2717 sic
1537 2664 1655 2719 istis
1683 2675 1922 2734 quatuor

333 2745 618 2804 clementis
647 2753 1032 2806 auctoritatem
1069 2763 1123 2807 et
1175 2754 1465 2823 imperium
1495 2759 1748 2827 corporis
1791 2759 1918 2812 uui-

339 2842 510 2900 verse,
546 2839 770 2910 ejusque
801 2841 1224 2907 incrementum,
1252 2846 1721 2911 immutationem,
1757 2848 1917 2902 finem

339 2942 404 2984 ac
461 2929 866 2988 dissolutionem
926 2935 1238 3003 commisit,
1305 2937 1512 2992 iudicio
1585 2947 1641 2993 et
1706 2940 1920 2993 ratione

332 3033 491 3090 quam
518 3024 630 3094 ipse
671 3027 841 3097 probe
876 3029 1046 3083 noVit.
1079 3029 1228 3084 Nihil
1269 3031 1418 3084 enim
1451 3047 1636 3085 rerum
1671 3033 1918 3085 omnium

328 3106 556 3170 Domino
604 3134 713 3173 non
777 3129 904 3176 ante
952 3123 1293 3178 intellectum
1344 3131 1400 3177 et
1437 3123 1718 3193 provisum
1779 3135 1911 3179 est:

325 3207 413 3276 qui
445 3221 827 3266 creaturarum
851 3231 1052 3285 parens
1073 3226 1131 3272 et
1152 3217 1488 3287 gubernator
1519 3229 1623 3282 est,
1647 3227 1702 3272 et
1739 3218 1920 3273 eunti-

324 3301 422 3357 bus
441 3318 508 3358 ex
538 3307 685 3358 omni
724 3319 874 3377 parte
903 3309 1102 3374 adest,
1149 3319 1206 3364 et
1254 3310 1437 3364 omnia
1483 3322 1724 3381 permeat
1769 3327 1922 3381 qum-

322 3409 536 3466 eunque
589 3398 745 3460 fecit,
781 3408 836 3452 et
887 3399 1088 3465 facere,
1127 3410 1182 3455 et
1215 3418 1564 3466 conservare,
1601 3413 1653 3458 et
1687 3403 1924 3458 admini-

321 3494 517 3552 strare,
557 3499 614 3542 et
649 3499 870 3558 portare
917 3507 1028 3546 non
1073 3492 1273 3548 cessat.
1313 3495 1370 3549 Si
1418 3494 1586 3565 igitur
1627 3495 1827 3560 bonus,
1865 3485 1922 3551 e‘

317 3581 538 3650 sapiens
577 3591 679 3645 est,
725 3594 785 3638 ut
829 3595 915 3639 est
955 3602 968 3639 :
1006 3601 1112 3654 qua
1151 3586 1349 3650 bonus,
1399 3587 1584 3642 omnia
1641 3587 1918 3657 producit’

322 3683 377 3726 ut
427 3675 630 3728 bonum
658 3691 777 3730 sese
802 3677 1100 3741 diffundat,
1138 3686 1440 3747 notumque
1477 3689 1531 3732 et
1562 3679 1915 3734 manifestum

317 3767 439 3830 fiat;
473 3784 580 3838 qua
618 3771 858 3838 sapiens,
900 3769 1303 3838 providentiam
1356 3779 1410 3825 et
1438 3787 1626 3825 curam
1684 3788 1914 3842 operum

314 3868 542 3914 Suorum
573 3861 833 3924 ostendit,
855 3863 988 3917 Nam
1020 3864 1064 3919 si
1095 3864 1232 3922 nihil
1266 3865 1596 3934 provideret,
1619 3881 1728 3935 quo
1752 3865 1916 3921 modo

316 3953 536 4023 Sapiens
564 3954 751 4010 esset?
772 3955 884 4011 Nec
917 3956 1116 4022 bonus,
1149 3973 1252 4012 nec
1281 3958 1521 4027 sapiens,
1552 3961 1595 4013 si
1624 3976 1733 4012 non
1771 3976 1914 4028 pra:-

315 4044 530 4099 t'itleret
564 4047 841 4117 rebusque
874 4050 1215 4103 consuleret.
1253 4049 1424 4118 Igitur
1450 4051 1593 4119 apud
1621 4067 1832 4112 omnes,
1857 4061 1914 4106 et

316 4151 424 4204 pra:
452 4137 711 4193 omnibus
751 4148 964 4193 certum
992 4149 1076 4195 est
1109 4140 1374 4210 Opificem
1431 4156 1613 4194 rerum
1654 4141 1912 4198 omnibus

313 4241 436 4298 quae
465 4229 769 4285 fabricatus
819 4242 904 4285 est
954 4233 1292 4302 prospicere,
1342 4244 1399 4288 et
1436 4231 1757 4303 providere.
1800 4233 1908 4290 Go-

310 4322 486 4392 ‘gnitio
528 4332 713 4378 autem
753 4323 1069 4379 futurorum
1104 4326 1160 4382 in
1205 4326 1368 4382 nobis
1400 4341 1511 4381 non
1555 4336 1660 4392 est,
1693 4327 1788 4396 qui
1819 4327 1908 4381 vix

310 4416 430 4470 sola
461 4430 585 4485 quae
614 4425 743 4471 ante
777 4417 946 4486 pedes
977 4427 1128 4484 sunt,
1164 4419 1352 4474 videre
1385 4428 1702 4489 possumus,
1730 4429 1787 4474 et
1816 4419 1909 4473 vix

311 4506 635 4561 memoriam
697 4515 755 4562 et
807 4505 1078 4578 judicium
1139 4511 1547 4580 pra'teritorntn
1611 4510 1900 4566 habemus.

2033 2009 2271 2063 Perinde
2300 2025 2533 2079 corpora
2565 2026 2624 2065 se
2649 2011 2878 2065 habent.
2912 2014 3234 2066 Animarum
3269 2029 3397 2067 vero
3429 2024 3627 2070 natura

2031 2119 2141 2155 non
2173 2113 2256 2156 est
2297 2105 2400 2158 alia
2433 2113 2598 2171 atque
2639 2105 2890 2169 alia,*sed
2935 2107 3164 2174 thttalis
3204 2107 3479 2170 omnium.
3528 2108 3629 2163 Ast

2031 2191 2085 2246 in
2115 2193 2444 2262 corporibus
2475 2196 2700 2249 minime
2729 2195 3008 2249 invenitur
3035 2197 3294 2251 identitas
3318 2200 3626 2253 secundum

2031 2285 2306 2349 habitmn,
2359 2289 2452 2341 sed
2510 2289 2616 2342 alia
2653 2289 2746 2342 alii
2803 2289 2997 2352 erasis,
3057 2301 3117 2342 ut
3168 2302 3453 2346 ostensum
3489 2305 3623 2348 est:

2029 2377 2302 2447 siquidem
2333 2394 2435 2432 nec
2463 2379 2516 2433 itt
2554 2381 2814 2435 omnibus
2842 2384 3129 2451 aequaliter
3161 2385 3432 2439 elementa
3465 2387 3628 2442 mista

2029 2479 2084 2523 et
2130 2479 2432 2540 temperata
2468 2483 2618 2532 sunt.
2653 2474 2749 2527 sed
2784 2477 3226 2546 unumquodque
3261 2487 3319 2530 ut
3365 2478 3624 2532 sortitum

2027 2572 2114 2616 est
2148 2579 2302 2617 suam
2331 2566 2539 2628 erasin,
2574 2565 2646 2619 ila
2677 2565 2744 2620 ad
2772 2583 2828 2620 se
2850 2568 3088 2622 animum
3118 2583 3340 2638 quoque
3372 2568 3623 2623 inflectit.

2029 2647 2218 2724 itaque
2245 2655 2359 2712 sive
2390 2659 2516 2726 quis
2550 2659 2793 2728 graviter
2835 2661 2994 2713 irasci
3028 2661 3188 2726 solet,
3223 2671 3278 2715 et
3307 2671 3393 2714 est
3425 2677 3622 2730 super-

2027 2747 2154 2810 bus,
2191 2748 2307 2802 sive
2353 2757 2695 2815 mansuetus,
2733 2750 2849 2804 sive
2885 2753 3239 2820 tranquillUs,
3288 2753 3402 2807 sive
3437 2745 3624 2806 mode-5

2026 2851 2204 2904 ratus,
2244 2841 2362 2896 sive
2410 2854 2706 2906 scortator,
2745 2843 2859 2896 sive
2895 2844 3152 2908 lascivus,
3192 2843 3305 2899 sive
3338 2855 3522 2898 castus
3565 2853 3624 2899 et

2025 2935 2255 3004 probus,
2289 2935 2404 2989 sive
2447 2936 2832 3004 magnanimus
2861 2947 3078 2993 natura.
3112 2937 3230 2990 sive
3273 2947 3462 2990 contra
3499 2953 3620 2990 sor-

2024 3023 2209 3089 didus,
2253 3036 2348 3081 aut
2389 3037 2630 3096 potator,
2677 3037 2774 3080 aut
2815 3026 3090 3092 ebriosus,
3131 3037 3225 3080 aut
3274 3028 3512 3090 sobrius.
3563 3037 3622 3082 et

2025 3138 2180 3191 aqum
2225 3132 2404 3189 potor,
2435 3129 2529 3174 aut
2572 3121 2825 3191 vigilans,
2861 3129 2954 3173 attt
3001 3121 3292 3190 celeripes,
3326 3131 3419 3174 aut
3445 3121 3620 3174 tardi-

2028 3215 2249 3284 gradus,
2294 3225 2388 3268 aut
2424 3208 2640 3276 docilis,
2689 3223 2783 3266 aut
2829 3213 3107 3275 indocilis,
3165 3222 3259 3265 aut
3299 3213 3470 3271 rudis.
3509 3229 3616 3267 non

2029 3315 2113 3361 est
2149 3305 2422 3375 culpanda
2461 3307 2666 3370 anima,
2699 3307 3168 3372 quemadmodum
3204 3307 3383 3359 oratio
3432 3320 3618 3360 nostra

2029 3399 2308 3470 sigillatim
2352 3415 2452 3467 per
2484 3398 2667 3452 omnia
2701 3398 2961 3452 disseruit
2995 3417 3007 3451 :
3040 3399 3134 3451 sed
3166 3400 3350 3467 potius
3392 3414 3615 3468 corpus,

2025 3501 2082 3547 et
2137 3499 2673 3560 temperamentum,
2733 3493 2879 3560 quod
2939 3490 3016 3543 illi
3076 3491 3341 3560 contigit;
3395 3501 3620 3560 propter

2024 3585 2171 3655 quod
2207 3597 2314 3639 non
2349 3587 2528 3638 solent
2562 3584 2664 3638 sibi
2689 3585 2916 3637 similari
2950 3601 3204 3653 corpora,
3247 3583 3490 3654 inquam,
3515 3599 3619 3640 nec

2022 3693 2146 3733 esse
2178 3676 2359 3730 affinia
2394 3678 2445 3730 in
2492 3693 2819 3746 quacunque
2853 3694 2932 3731 re.
2976 3679 3042 3730 ad
3078 3679 3364 3733 scientiam
3399 3687 3491 3733 aut
3532 3694 3618 3732 sa-

2023 3769 2310 3840 pientiam,
2357 3769 2423 3823 ad
2461 3769 2708 3822 habitum
2741 3780 2836 3822 attt
2877 3778 3153 3831 naturam,
3201 3768 3266 3822 ad
3305 3777 3612 3837 aspectum,

2019 3871 2112 3916 aut
2147 3859 2402 3931 figuram.
2451 3861 2515 3914 ad
2553 3870 2897 3913 venustatem
2937 3859 3150 3914 format.
3191 3859 3328 3913 Cum
3360 3861 3508 3913 enim
3546 3875 3614 3914 ex

2017 3955 2304 4008 elementis
2339 3953 2489 4006 varia
2524 3953 2849 4021 temperatio
2876 3953 3129 4014 exsistat,
3164 3967 3389 4006 necesse
3421 3960 3529 4013 est,
3555 3961 3614 4006 et

2017 4060 2252 4114 corpora
2296 4044 2351 4098 in
2390 4043 2478 4097 his
2508 4045 2656 4097 varie
2701 4059 2758 4097 se
2796 4043 3022 4104 habere,
3065 4050 3121 4096 et
3163 4043 3400 4096 animam
3450 4042 3516 4095 ad
3550 4058 3610 4097 se

2017 4137 2294 4190 violenter
2344 4136 2586 4190 trahere.
2623 4134 2785 4199 Satis,
2836 4143 2895 4187 ut
2935 4133 3198 4196 arbitror,
3246 4148 3333 4186 res
3377 4127 3608 4202 pt'obata

2013 4241 2116 4294 est,
2149 4236 2205 4284 et
2233 4231 2483 4299 pluribus
2517 4229 2652 4282 nihil
2679 4238 2761 4282 est
2791 4243 2948 4296 opus.
2989 4227 3124 4281 Illud
3160 4227 3308 4280 dictu
3338 4226 3497 4280 valde
3522 4235 3608 4279 est

2015 4321 2411 4375 necessarium.
2457 4314 2513 4375 Si
2554 4336 2695 4373 unus
2735 4320 2956 4388 quidam
3006 4319 3295 4373 character
3340 4318 3394 4371 in
3426 4318 3608 4372 omni-

2013 4414 2118 4469 bus
2176 4413 2492 4468 hominibns
2538 4427 2722 4475 esset,
2773 4413 2941 4466 multa
2999 4412 3052 4466 in
3112 4428 3313 4483 genere
3361 4411 3606 4466 humano

2012 4513 2340 4575 sequeretur
2383 4503 2657 4567 confusio,
2690 4513 2747 4558 et
2780 4504 2958 4574 caligo
2996 4513 3053 4557 et
3093 4519 3198 4557 nox
3235 4502 3402 4556 vitam
3435 4517 3604 4555 occu-

309 4592 582 4654 Conditor
627 4609 840 4665 autem,
888 4609 949 4655 ut
979 4601 1142 4668 Deus,
1174 4613 1231 4658 et
1262 4604 1353 4658 illa
1385 4605 1805 4675 praecognoscit,
1846 4615 1902 4660 et
1935 4617 1978 4673 ι)
2010 4607 2194 4667 patam
2223 4606 2458 4652 teneret.
2497 4596 2710 4682 Quibus
2741 4599 2888 4652 enim
2923 4595 3162 4658 indiciis,
3208 4604 3303 4648 aut
3343 4594 3602 4664 qualibus

306 4690 491 4760 justus
521 4693 713 4763 jndex,
753 4705 809 4750 et
855 4695 1067 4749 arbiter
1110 4707 1294 4752 rectus
1325 4708 1430 4758 est.
1463 4709 1518 4754 et
1545 4701 1589 4754 si
1627 4719 1644 4752 ‹
1685 4701 1886 4770 judicia

310 4783 493 4840 divina
523 4789 750 4858 abyssus
780 4790 949 4843 multa
974 4790 1073 4840 ⁸³.»
1097 4789 1384 4856 Quomodo
1417 4792 1579 4862 igitur
1609 4807 1690 4856 se,
1725 4793 1906 4863 quoad

313 4880 806 4946 temperamentum
874 4880 1118 4944 attinet,
1181 4896 1384 4950 corpus
1433 4882 1734 4938 humanum
1804 4884 1906 4939 ha-

310 4964 456 5029 beat,
494 4978 550 5022 et
588 4970 866 5038 quomodo
898 4970 1134 5026 eﬂcclor
1175 4987 1426 5027 summus
1475 4975 1769 5031 elementis
1813 4992 1905 5030 re-

309 5064 472 5124 gnum
503 5057 886 5127 impertivcrit.
905 5073 958 5115 et
977 5061 1202 5130 quinam
1225 5063 1530 5117 secundum
1550 5067 1898 5134 qualitatem,

311 5157 364 5200 et
395 5159 889 5220 temperamentum
924 5154 1048 5217 tale,
1082 5156 1232 5224 quali
1260 5171 1491 5224 corpora
1517 5157 1818 5212 constituta
1843 5168 1899 5212 et

311 5251 686 5313 coagmentata
720 5256 870 5306 sunt,
899 5256 958 5300 ut
987 5247 1250 5313 diximus,
1293 5251 1460 5304 etiam
1488 5251 1684 5304 anima:
1725 5250 1899 5305 facul-

315 5339 391 5386 tas
416 5344 473 5388 et
520 5336 666 5390 actio
707 5347 973 5406 patescat,
1016 5341 1295 5410 quomodo
1333 5350 1562 5412 propter
1607 5343 1727 5397 hinc
1755 5355 1900 5414 sym-

314 5433 550 5491 ptomata
595 5430 873 5497 eveniant,
899 5441 956 5487 et
985 5449 1015 5488 e
1048 5435 1330 5489 contrario
1362 5449 1599 5505 corpora
1637 5437 1776 5491 bene
1808 5452 1900 5491 va-

313 5512 477 5584 leant,
505 5528 562 5575 et
591 5519 644 5574 in
690 5523 888 5578 melius
912 5526 1226 5589 proficiant,
1254 5527 1388 5581 satis
1431 5537 1618 5582 nostra
1648 5529 1898 5598 disputa-

317 5602 457 5664 tione
487 5619 771 5667 ostensum
806 5622 912 5669 est.
943 5615 1317 5673 Nihilominus
1345 5619 1717 5691 paradigmate
1752 5630 1897 5684 utar,

314 5705 419 5765 nuo
443 5699 589 5760 dicta
619 5704 746 5775 plus
772 5705 913 5764 lucis
935 5708 1231 5782 accipiant.
1264 5711 1489 5768 Terram
1543 5712 1702 5769 aiunt
1739 5713 1900 5769 cuni-

381 5877 428 5957 ξ’
457 5881 782 5954 Psal.1xxv,
801 5885 853 5941 7ο

2007 4705 2038 4742 e
2066 4688 2238 4759 signis
2271 4685 2609 4760 peregrinus"
2652 4687 2720 4742 ab
2761 4687 2938 4742 amico
2969 4696 3026 4741 et
3053 4684 3308 4739 familiari
3351 4685 3602 4737 interno-

2008 4783 2298 4838 sceretur?
2328 4782 2794 4843 inimicissimum,
2821 4781 2889 4834 ab
2918 4781 3128 4849 optimo
3155 4792 3277 4846 quae
3313 4785 3456 4834 noue
3487 4775 3604 4830 dis-

2004 4876 2340 4930 cernerent?
2371 4875 2487 4929 Nou
2526 4873 2620 4926 filii
2656 4883 2935 4942 parentes,
2971 4886 3074 4924 nec
3112 4880 3305 4924 contra
3339 4877 3602 4938 parentes

2008 4963 2168 5027 filios,
2208 4963 2595 5017 deficientibus
2639 4960 2955 5030 hujusmodl
3008 4960 3274 5030 symbolis
3330 4974 3602 5028 agnosces

2003 5065 2143 5109 rent.
2185 5053 2457 5108 Cxtcrttm
2491 5053 2714 5123 sapiens
2749 5052 3122 5114 Arehitectus,
3153 5061 3209 5105 et
3241 5052 3471 5121 largitor
3512 5065 3600 5105 sae

2009 5147 2250 5217 pientiaa.
2304 5146 2556 5216 plasmati
2592 5145 2657 5199 ad
2685 5146 2935 5199 notitiam
2987 5156 3235 5199 mutuam
3283 5146 3590 5211 consuluit,

2008 5239 2138 5292 dum
2190 5238 2407 5292 diversa
2443 5238 2646 5292 indicia
2688 5238 3010 5292 hominibus
3042 5247 3097 5291 (-t
3139 5253 3204 5292 ex
3261 5240 3431 5292 forma
3480 5239 3596 5293 sive

2006 5331 2377 5393 lineamentis,
2411 5341 2468 5384 ct
2510 5347 2617 5384 non
2651 5331 2831 5386 minus
2878 5345 2945 5384 ev
2979 5346 3113 5385 voce
3166 5331 3321 5400 quasi
3371 5330 3592 5385 infudit.

1999 5419 2271 5476 Praeterea
2303 5421 2544 5479 divinam
2581 5422 2985 5476 Providentiam
3031 5423 3084 5476 iu
3135 5433 3280 5476 tanta
3328 5423 3590 5476 facierttut

1999 5513 2319 5567 diversitate
2351 5513 2611 5567 admirari
2644 5514 3028 5584 dignissinmm
3094 5523 3201 5568 est.
3247 5513 3385 5566 liinc
3436 5529 3589 5566 nauta

1998 5620 2106 5674 que
2138 5604 2357 5660 animus
2386 5606 2734 5660 occasionem
2765 5607 3088 5678 indaganda:
3123 5604 3392 5667 veritatis,
3428 5619 3587 5658 erro-

2001 5697 2188 5767 risque
2215 5697 2423 5753 vitandi
2464 5699 2732 5756 inveniet.
2767 5697 2924 5767 Quod
2955 5700 3000 5767 si
3031 5700 3145 5754 haec
3176 5696 3274 5754 tibi
3304 5711 3413 5750 non
3447 5708 3583 5750 satis
