4036 6470
304 414 411 479 8'33

1794 376 2150 462 Diorrn'a.

3473 408 3586 471 834

306 525 523 583 tandem
547 537 617 578 ex
648 527 749 587 tot,
780 525 838 576 et
861 526 1056 577 natura
1086 514 1321 573 diversis
1358 513 1524 586 lignis
1549 509 1881 569 concordem
1913 513 1957 568 Δ
1987 506 2112 560 dem
2172 507 2519 578 recipiantur
2546 550 2563 575 ,
2595 510 2712 565 ltrec
2755 519 2945 565 contra
2977 509 3320 581 rcjiciantur.
3363 525 3420 571 et
3467 534 3590 588 quae

304 613 737 671 modulationem
753 610 940 666 eliciet
954 610 977 664 ?
991 610 1124 664 Nam
1145 607 1247 663 etsi
1274 620 1466 662 omnes
1482 603 1718 661 chordas
1742 603 1887 657 inter

302 705 616 775 seaequales
632 704 852 770 faciam,
883 712 1063 758 tamen
1084 715 1274 756 earum
1300 698 1583 754 contentio
1604 705 1659 750 et
1676 685 1887 766 tempe-

307 797 448 852 ratio
485 795 607 850 meI-
631 810 658 850 s
691 805 749 850 et
778 810 978 850 sonum
1009 793 1246 847 variant.
1281 792 1430 847 Idem
1463 790 1532 845 de
1562 804 1658 843 ore
1688 788 1793 843 isto
1817 786 1886 841 ad

302 889 555 944 eamdem
585 887 853 941 rationem
884 887 1086 957 cogita.
1116 884 1280 940 Aliud
1315 883 1546 939 alterius
1573 880 1890 953 positionis,

303 990 358 1035 et
391 981 605 1046 figure,
639 988 701 1034 et
731 994 1005 1035 mensurae
1035 988 1139 1044 est,
1170 988 1226 1033 ct
1253 977 1382 1032 hinc
1409 977 1616 1038 anima,
1640 973 1909 1029 utdebet

306 1082 413 1138 rrt,
454 1073 696 1127 similem
733 1088 833 1143 per
889 1071 943 1126 id
977 1085 1177 1127 sonum
1233 1069 1569 1140 exprimere,
1610 1076 1668 1123 et
1696 1076 1889 1136 aptare

303 1166 521 1235 nequit.
554 1165 670 1220 Nec
715 1164 839 1220 ideo
869 1163 1197 1220 accusanda:
1224 1173 1355 1218 sunt
1379 1162 1596 1226 animae,
1648 1159 1744 1215 sed
1789 1173 1888 1214 ora

301 1258 515 1327 potius,
564 1266 622 1312 et
649 1256 836 1311 omnia
870 1271 1099 1327 organa,
1145 1271 1244 1324 per
1293 1270 1415 1321 qua:
1467 1253 1682 1307 sonitus
1711 1250 1883 1306 venit.

305 1349 463 1417 Quod
509 1349 557 1404 si
623 1349 790 1403 etiam
826 1349 944 1403 haec
971 1348 1409 1410 subdividamus,
1456 1354 1511 1401 et
1544 1345 1708 1415 quale
1739 1342 1889 1414 quali

307 1439 360 1494 in
412 1438 500 1492 bis
527 1439 594 1493 ad
638 1453 837 1492 sonum
883 1439 1059 1503 vocis,
1099 1447 1153 1493 et
1185 1453 1382 1492 sonum
1416 1436 1674 1490 melicum
1712 1434 1887 1504 impe-

306 1529 555 1584 dimento
577 1530 647 1583 sit
677 1528 1053 1592 ostendamus,
1081 1536 1138 1582 et
1169 1543 1269 1582 cur
1302 1526 1393 1580 hic
1421 1525 1644 1595 quidem
1669 1524 1889 1587 blaesus,

305 1621 396 1675 ille
428 1620 627 1675 balbus
656 1621 730 1675 sit
760 1620 1082 1684 doceamus,
1115 1621 1183 1674 ad
1215 1619 1349 1674 alias
1382 1619 1604 1673 demum
1635 1624 1691 1671 et
1727 1624 1890 1669 natu-

303 1713 472 1777 rales,
497 1724 553 1768 et
581 1694 912 1768 artificiosas
936 1712 1446 1767 demonstrationes
1473 1726 1538 1765 ex
1560 1708 1719 1763 libris
1740 1706 1894 1764 Gale-

304 1805 452 1860 nicis
489 1805 716 1875 petitas,
747 1804 1126 1870 devolvemur,
1155 1813 1210 1860 et
1243 1806 1297 1857 in
1325 1802 1724 1872 longitudinem
1775 1801 1894 1856 im—

2003 598 2379 661 conseientiae,
2397 615 2518 668 qua:
2545 600 2814 670 simplicis
2839 602 3192 671 cogitationis
3214 607 3588 674 perfectorum

1999 698 2104 753 est,
2140 691 2485 754 mihicrede,
2522 701 2582 746 ut
2614 703 2858 762 oportet.
2921 694 3241 751 discernere
3285 714 3351 754 ac
3381 699 3589 770 dijudi-

2000 796 2150 845 care,
2184 791 2240 836 et
2284 783 2577 851 prudentia
2602 784 2906 839 valentium
2934 785 2987 839 in
3024 787 3305 853 omnibus,
3341 798 3399 844 ut
3431 790 3587 861 judi-

2000 883 2132 928 cent
2190 874 2522 937 rcctissime,
2577 875 2911 946 penitusque
2961 877 3147 931 omnia
3224 880 3586 949 perspiciant.

2010 967 2144 1033 Quae
2187 977 2371 1022 autem
2398 967 2824 1022 admirationem
2867 977 3159 1038 superant,
3190 971 3302 1040 jam
3353 973 3589 1028 dicenda

2000 1071 2130 1115 sunt
2162 1079 2177 1114 :
2205 1061 2260 1115 in
2296 1061 2501 1131 quibus
2540 1070 2758 1124 natura,
2788 1070 2843 1117 ct
2867 1062 3269 1117 elementorum
3296 1065 3478 1120 mistio
3502 1076 3591 1122 est
3652 1100 3657 1105 ’

2001 1153 2271 1219 ineﬂicax,
2311 1153 2578 1209 Conditor
2608 1164 2793 1208 autem
2829 1162 3041 1209 naturae
3097 1154 3407 1211 rationibus
3452 1158 3588 1227 agit,

2001 1245 2206 1314 quibus
2260 1245 2435 1309 novit,
2473 1253 2666 1315 utpote
2700 1246 2854 1299 solus
2910 1255 2968 1300 et
2998 1246 3264 1300 Dominus
3306 1257 3360 1301 et
3410 1250 3591 1302 omni-

2003 1349 2217 1407 pmens,
2239 1345 2295 1391 et
2320 1338 2567 1391 omnium
2596 1353 2781 1402 causa,
2805 1346 2863 1392 et
2882 1339 3130 1393 omnium
3149 1339 3589 1395 administrator.

2004 1428 2433 1498 Supergreditur
2481 1429 2628 1483 enim
2666 1437 2875 1484 natura!
2917 1429 3170 1484 ordinem
3221 1440 3273 1484 et
3323 1432 3591 1486 terminos

1996 1521 2136 1591 ejus,
2167 1536 2360 1591 aequus
2395 1530 2453 1575 et
2494 1522 2763 1591 benignus
2798 1522 3006 1591 quibus
3038 1523 3115 1576 illi
3159 1523 3471 1592 placuerit;
3527 1534 3588 1579 et

2002 1613 2154 1668 solus
2192 1612 2555 1682 praevalenet
2584 1614 2777 1669 omnia
2818 1615 3046 1669 omnino
3075 1623 3279 1685 potest,
3307 1625 3366 1671 et
3405 1617 3591 1671 omnia

2002 1700 2295 1767 convertit,
2322 1710 2379 1756 et
2395 1702 2627 1757 affectus
2651 1702 2998 1758 turbulentos
3021 1714 3264 1772 coercet,
3283 1713 3340 1758 et
3370 1720 3590 1760 omnem

2003 1794 2255 1849 habitum
2308 1795 2569 1850 vitiosum
2642 1796 2922 1860 dissolvit,
2980 1796 3219 1866 facitque
3290 1796 3589 1862 mirabilia,

308 1886 556 1953 mensam
573 1896 1069 1961 excrescetoratio,
1088 1894 1135 1952 si
1157 1896 1340 1951 omnia
1356 1893 1892 1960 exacte,etminutim
1928 1871 1968 1925 Β
2005 1895 2232 1942 naturas
2262 1897 2561 1956 permutat,
2623 1887 3000 1957 omnia/apud
3035 1902 3229 1944 omnes
3274 1889 3392 1943 solo
3422 1890 3593 1943 verbo

307 1988 546 2044 velimus
580 1996 941 2059 pertractare.
992 1988 1156 2043 Plura
1199 1987 1368 2058 igitur
1412 1986 1755 2057 przeteriens,
1787 1984 1896 2039 hoc

304 2080 482 2135 solum
498 2080 700 2134 dicam.
720 2078 952 2155 Sapiens
976 2079 1324 2135 occasionem
1348 2090 1566 2143 nactus,
1584 2076 1893 2147 sapientior

307 2171 504 2227 evadet
519 2172 650 2238 ⁸’τρι
664 2172 776 2227 sola
794 2171 1153 2242 interrogatio
1165 2171 1432 2241 sapientis
1446 2170 1675 2226 stultum
1686 2169 1895 2224 erudit.

924 2302 1152 2360 CAPUT
1191 2302 1274 2360 Π.

310 2419 536 2475 Tametsi
565 2420 723 2473 homo
750 2428 966 2489 propter
989 2425 1463 2486 temperamentum
1490 2417 1567 2489 ad
1590 2416 1719 2489 vjtia
1752 2416 1897 2489 [era-

376 2502 486 2551 tur,
511 2506 664 2561 posse
686 2486 863 2543 tanien
893 2505 1002 2543 sese
1029 2490 1315 2557 corrigere,
1341 2489 1387 2541 si
1418 2487 1560 2561 velit,
1595 2486 1706 2539 Deo
1722 2488 1899 2561 opitu-

380 2557 550 2615 lante.
596 2559 775 2631 Supra
836 2571 1049 2631 natura:
1085 2574 1301 2631 cursum
1333 2566 1383 2631 et
1426 2558 1667 2631 ordinent
1717 2557 1899 2631 divina

380 2626 841 2701 quiedamopera.
905 2629 1004 2685 Dei
1036 2626 1287 2697 beneﬁcia
1324 2626 1743 2683 desiderantibus
1773 2626 1899 2698 quid

380 2700 745 2770 praestandum
775 2702 862 2754 sit.

385 2813 575 2867 ANIIA.
632 2812 883 2868 Intellexi
944 2811 1138 2882 probe,
1171 2826 1294 2881 qua
1342 2809 1675 2866 disseruisti.
1722 2810 1896 2877 Quam

323 2904 464 2959 enim
511 2904 821 2959 mistionem
848 2918 1081 2973 corpora
1133 2901 1434 2956 habuerint
1467 2916 1535 2955 ex
1586 2901 1898 2967 elementis,

315 2995 467 3064 juxta
511 2996 652 3051 illam
701 2996 944 3050 animam
982 3008 1204 3064 quoque
1236 2992 1531 3064 gubernari
1570 3000 1737 3061 atque
1759 2990 1896 3061 regi.

316 3087 498 3158 Itaque
530 3104 639 3142 non
685 3088 861 3142 aliam
894 3086 1254 3141 atlectionem
1287 3093 1343 3140 et
1375 3085 1673 3140 motionem
1700 3098 1899 3154 corpo-

2005 1981 2234 2035 eonticit
2266 1980 2320 2035 in
2357 1981 2813 2051 generationibus
2834 1983 3253 2053 generationum
3307 1997 3482 2053 usque
3520 1982 3588 2036 ad

1998 2073 2529 2128 consummationem
2578 2074 2788 2130 smculi.
2820 2074 2902 2129 Ad
2939 2074 3061 2128 haec
3109 2073 3281 2143 igitur
3311 2074 3593 2130 mirabilia

2001 2165 2325 2234 aperienda,
2376 2173 2433 2220 et
2459 2165 2816 2223 edisserenda
2860 2167 3084 2229 accedo,
3123 2167 3335 2238 quibus
3389 2174 3591 2222 natura

1999 2255 2118 2327 ipsa
2144 2272 2270 2312 cum
2307 2257 2504 2313 ordine
2527 2274 2593 2312 ac
2626 2257 2790 2313 modo
2815 2274 2919 2313 suo
2939 2258 3086 2314 victa
3117 2259 3439 2315 succubuit.
3470 2260 3592 2313 Mu-

2000 2349 2109 2405 lier
2150 2350 2342 2405 tandiu
2384 2350 2652 2421 concipit,
2704 2350 2952 2421 quandiu
2988 2367 3209 2406 menses
3257 2351 3591 2422 sanguinum

1999 2450 2302 2498 consuetos
2333 2442 2564 2513 patitur.
2596 2441 2702 2510 Qui
2743 2444 2839 2498 ubi
2891 2443 3179 2511 desierint,
3209 2443 3323 2499 fetu
3356 2444 3596 2514 amplius

1998 2548 2109 2589 non
2153 2535 2492 2605 gravidatur.
2553 2534 2971 2600 Verumtamen,
3008 2537 3122 2591 Deo
3179 2536 3430 2606 jubente.
3466 2537 3593 2606 plu-

2001 2627 2159 2681 rimae
2180 2627 2345 2682 etiam
2384 2640 2588 2698 praeter
2617 2637 2876 2683 naturam
2901 2638 3104 2699 gerunt
3147 2637 3365 2684 uterum
3403 2638 3459 2688 et
3495 2643 3595 2698 pa-

2004 2719 2178 2785 riunt,
2213 2734 2376 2784 anus,
2396 2729 2453 2774 et
2484 2720 2723 2781 steriles,
2750 2719 2962 2775 utSara
2989 2721 3163 2787 Isaac,
3189 2729 3245 2775 et
3273 2721 3429 2775 Anna
3467 2720 3596 2775 Dei-

2006 2827 2220 2883 param,
2243 2812 2345 2868 aevi
2377 2822 2593 2868 matura
2639 2813 2941 2878 Elisabeth,
2966 2812 3100 2869 cuia
3147 2813 3323 2884 gratia
3362 2827 3589 2880 nomen,

2002 2905 2270 2962 Joannem
2296 2892 2723 2975 praecursorem:
2746 2905 3071 2974 Ilujusmodi
3092 2904 3230 2960 alias
3254 2920 3363 2960 non
3386 2920 3595 2975 paucas

2006 2998 2160 3053 omni
2225 2998 2428 3052 saeculo
2486 2997 2762 3067 quispiam
2820 2997 3120 3054 invenerit.
3170 2997 3597 3053 Generationem

2008 3090 2176 3146 Verbi
2201 3105 2271 3145 ex
2304 3089 2511 3145 intacta
2537 3090 2716 3160 puella
2747 3089 2926 3144 libens
2954 3089 3152 3152 silebo,
3187 3104 3313 3143 cum
3342 3092 3412 3144 sit
3442 3089 3598 3145 inex-

317 3179 469 3234 ribus
497 3195 524 3234 ε
561 3174 866 3235 conditore
897 3177 1129 3233 inditam
1160 3177 1549 3241 concedemus,
1574 3191 1737 3245 quam
1780 3188 1902 3244 quae
1929 3199 1973 3257 α
2010 3182 2307 3253 plicabilis.
2343 3181 2533 3236 Silcbo
2559 3181 2728 3236 etiam
2780 3180 3051 3252 prodigia,
3086 3181 3597 3250 miraculorumqne

315 3286 378 3325 ex
432 3287 628 3326 eorum
691 3278 1130 3341 temperamento
1170 3277 1483 3339 promanat,
1529 3275 1896 3338 naturamque

301 3377 408 3433 per
437 3376 496 3416 se
541 3377 640 3417 sua
687 3361 755 3415 ad
812 3362 974 3416 istam
1019 3360 1422 3416 elementorum
1468 3360 1905 3431 coagmentatio-

316 3470 435 3509 nem
470 3454 738 3524 dirigere,
769 3464 826 3509 et
851 3453 1292 3518 accommodare,
1327 3468 1359 3507 a
1384 3468 1492 3524 qua
1515 3453 1699 3507 omnia
1726 3451 1905 3507 dedu-

317 3559 541 3614 cuntur,
575 3556 631 3603 et
662 3547 957 3616 prudentia
984 3556 1042 3601 et
1080 3547 1283 3608 oratio,
1316 3555 1372 3601 et
1393 3562 1489 3601 seu
1545 3546 1672 3618 quis
1704 3556 1900 3600 natura

315 3640 470 3695 Valde
504 3640 828 3701 iracundus,
885 3654 982 3694 seu
1014 3638 1272 3702 stolidus,
1327 3653 1424 3692 seu
1457 3637 1774 3704 ineffabilia,
1806 3652 1903 3691 seu

315 3731 557 3798 invidus,
617 3747 714 3786 seu
767 3731 1124 3795 libidinosus,
1160 3746 1258 3786 seu
1311 3729 1755 3792 scelestissimus,
1806 3744 1901 3784 seu

316 3822 612 3895 impudens
636 3823 810 3879 instar
832 3823 1005 3887 canis,
1039 3824 1095 3877 in
1145 3837 1406 3879 venerem
1438 3837 1669 3893 pronus,
1697 3822 1903 3888 fatuus,

315 3913 604 3975 attonitus,
637 3912 871 3979 delirus,
895 3913 1143 3977 immitis,
1169 3913 1362 3979 durus,
1388 3915 1716 3969 subamarus
1735 3913 1905 3970 animi

315 4005 402 4060 sit.
458 4006 698 4060 Rursum
737 4004 970 4062 istorum
1012 4005 1293 4064 contraria
1324 4015 1561 4070 naturae,
1595 4014 1653 4060 et
1692 4014 1905 4075 tempe-

316 4108 569 4152 ramento
598 4099 1001 4153 elementorum
1025 4098 1384 4153 ascribemus.
1410 4096 1694 4168 Improbos
1719 4107 1904 4153 autem

315 4202 372 4243 et
398 4190 812 4245 consceleratos
855 4206 926 4245 an
965 4190 1034 4245 ab
1067 4190 1324 4260 improba
1376 4197 1432 4245 et
1475 4190 1676 4247 stolida
1722 4198 1906 4244 mente

317 4279 460 4334 tales
512 4295 634 4335 esse
669 4296 1030 4336 asseremus:
1090 4297 1195 4337 nec
1223 4281 1279 4335 in
1324 4279 1414 4336 his
1460 4296 1583 4350 qua:
1635 4280 1903 4347 diximus,

316 4371 685 4440 providentia:
703 4372 999 4443 judicium,
1027 4389 1132 4428 nec
1152 4374 1553 4428 elementorum
1587 4372 1898 4427 mistionem

312 4461 707 4516 accusabimus
746 4463 931 4518 ?Num
976 4464 1141 4535 igitur
1174 4465 1231 4519 bi
1261 4466 1356 4535 qui
1406 4464 1475 4519 ad
1509 4464 1790 4520 deteriora
1825 4464 1907 4519 fe-

313 4563 540 4614 runtur.
575 4549 760 4625 pejora
784 4555 1107 4612 melioribus
1128 4568 1341 4612 mutare
1374 4559 1646 4628 possunt?

381 4642 558 4699 Cano.
588 4644 768 4699 Etiam
804 4657 1058 4716 possunt,
1086 4657 1144 4703 et
1167 4656 1386 4705 mutant
1415 4668 1428 4705 :
1464 4665 1656 4704 verum
1680 4649 1724 4704 si
1757 4664 1915 4704 mens

316 4736 629 4791 secundum
676 4739 946 4795 rationem
977 4739 1212 4810 judicet,
1258 4728 1455 4797 secum
1488 4741 1770 4812 agitando,
1806 4740 1917 4796 fer-

313 4835 628 4897 ventorque
676 4829 955 4900 cupiendo
982 4833 1215 4887 meliora
1247 4841 1306 4888 et
1352 4835 1541 4889 omnia
1573 4834 1820 4907 dentpm,
1857 4832 1915 4887 in

316 4919 527 4987 quibus
566 4929 762 4977 natura
803 4932 1059 4978 versatur
1093 4926 1321 4994 Optime.
1378 4924 1435 4980 Si
1496 4941 1677 4991 mens,
1735 4934 1793 4980 et
1827 4925 1919 4981 illa

316 5009 429 5063 alia
486 5008 603 5065 haec
656 5011 1005 5081 iudicaverit,
1053 5024 1115 5067 ut
1167 5014 1302 5077 dixi,
1342 5015 1636 5085 adjuvante
1681 5014 1922 5084 desuper

319 5100 517 5156 divino
546 5104 778 5171 auxilio,
830 5104 1109 5160 deteriora
1164 5104 1220 5159 in
1270 5107 1523 5171 meliora,
1555 5115 1613 5162 et
1662 5106 1923 5163 facillime

318 5203 752 5251 convertentur.
786 5198 867 5252 Ex
895 5198 984 5253 bis
1025 5214 1148 5269 quae
1180 5198 1592 5269 praestantiora,
1623 5210 1680 5255 et
1709 5199 1918 5266 divina,

320 5296 378 5340 et
400 5300 669 5357 superna,
698 5297 755 5344 et
781 5306 903 5360 quae
930 5307 961 5347 a
1002 5291 1346 5347 daemonibus
1388 5290 1522 5357 sint,
1556 5300 1616 5346 ut
1657 5292 1752 5347 illa
1784 5292 1913 5363 qui-

397 5446 447 5478 “
471 5446 636 5503 Prov.
668 5465 743 5515 Ix,
778 5450 832 5506 9.

911 5450 957 5484 ⁸³
986 5450 1030 5505 II
1071 5449 1197 5506 Cor.
1233 5465 1329 5517 ιιι,
1382 5451 1439 5507 2.

322 5530 387 5582 ιι,
418 5516 508 5573 il.

1554 5451 1603 5483 “
1632 5451 1755 5505 Act.
1787 5465 1908 5518 vni,
1944 5450 2035 5506 59.

2002 3273 2239 3342 copiam,
2261 3288 2383 3342 quae
2409 3288 2575 3343 supra
2599 3282 2812 3327 natura:
2843 3273 2992 3327 vires
3022 3273 3076 3327 in
3105 3277 3293 3337 mntis,
3324 3283 3380 3328 et
3408 3276 3595 3337 caacis,

2007 3375 2064 3419 et
2106 3363 2231 3418 aliis
2295 3364 2634 3419 calamitosis
2681 3365 2947 3421 Dominus
3002 3365 3120 3436 ipse
3173 3366 3595 3430 miraculorum,

2006 3455 2113 3510 viis
2143 3465 2200 3511 et
2223 3455 2403 3510 modis
2426 3455 2531 3511 sibi
2562 3456 2710 3512 notis
2739 3469 3061 3527 perpetrare
3091 3460 3405 3513 consuevit.
3441 3457 3599 3512 Sam-

2007 3563 2198 3603 sonem
2232 3564 2457 3619 quoque
2482 3563 2815 3619 generosum
2868 3566 2932 3605 ac
2963 3550 3161 3605 fortem
3200 3550 3462 3606 reddidit.
3501 3550 3600 3606 Jo-

2006 3643 2140 3712 seplt
2172 3658 2236 3697 ea
2266 3643 2457 3697 formae
2510 3643 2852 3711 prastantia,
2883 3658 2990 3711 qua
3027 3644 3158 3697 olim
3192 3644 3492 3705 Adamum,
3532 3643 3601 3698 il-

2006 3730 2287 3786 lustravit.
2319 3731 2595 3785 Salomoni
2622 3730 2907 3799 sapientiae
2938 3730 3219 3802 fastigium
3245 3742 3307 3786 et
3327 3733 3596 3803 amplituo

2007 3823 2192 3878 dinem
2217 3822 2464 3878 donavit.
2516 3821 2737 3878 Gra‘cos
2766 3821 2834 3876 ad
2868 3837 3053 3876 rerum
3090 3823 3600 3893 pulcherrimarum

2006 3915 2382 3986 cognitionem
2434 3914 2703 3978 erudivit,
2755 3925 2813 3968 ut
2862 3913 3039 3970 libros
3075 3930 3178 3970 ceu
3228 3915 3601 3971 instrumenta

2008 4006 2452 4069 conscriberent,
2488 4005 2624 4059 artis
2675 4019 2742 4059 ac
2764 4004 3052 4075 sapientia:
3075 4005 3288 4075 plenos,
3329 4023 3602 4077 gramma-

2010 4097 2150 4160 ticae,
2186 4096 2500 4159 rbetoricm,
2546 4095 2857 4158 medicinae,
2888 4108 2943 4151 et
2974 4096 3209 4150 aliarum
3240 4096 3593 4163 facultatum,

2005 4198 2062 4244 et
2084 4196 2332 4259 augustae
2364 4188 2753 4258 philosophiae,
2780 4188 3145 4259 omniumque
3171 4190 3464 4261 principis.
3489 4192 3598 4248 Sed

2008 4278 2141 4349 quid
2177 4293 2280 4349 ego
2315 4293 2502 4332 moror
2533 4278 2633 4335 tibi
2665 4279 2969 4350 insigniora
2999 4290 3055 4335 et
3090 4280 3318 4340 meliora
3355 4283 3604 4339 referre?

2008 4371 2068 4425 In
2119 4371 2342 4426 tertium
2390 4372 2615 4436 caelum,
2653 4388 2686 4426 ο
2735 4388 2851 4427 rem
2904 4373 3333 4429 admirandam!
3371 4376 3602 4430 Paulum

2014 4464 2199 4533 rapuit
2220 4464 2288 4518 ⁸⁵.
2337 4463 2652 4534 Philippum
2690 4464 2996 4534 improviso
3016 4465 3161 4521 Gaza
3194 4467 3511 4536 abreptum,
3544 4469 3601 4523 in

2009 4557 2241 4610 Azotum
2269 4555 2417 4611 dicto
2446 4556 2613 4612 citius
2657 4557 2969 4611 abduxit".
3005 4558 3263 4613 Ilabacuc
3304 4559 3599 4613 sublimem

2012 4663 2111 4717 per
2145 4662 2275 4702 aera
2300 4648 2633 4720 Babylonem
2670 4650 2935 4720 portavit,
2962 4659 3017 4704 et
3046 4650 3384 4704 messoribus
3413 4658 3603 4719 postea

2011 4738 2206 4794 eodem
2260 4739 2350 4795 die
2406 4740 2650 4795 resdtuit
2679 4741 2775 4809 ’";
2817 4742 3104 4799 Enochum
3136 4739 3205 4806 ⁸⁸,
3257 4750 3311 4795 et
3356 4741 3603 4796 Zelotem

2013 4829 2330 4885 Thesbitem
2352 4832 2400 4866 "
2423 4832 2490 4887 de
2518 4840 2664 4886 terra
2691 4832 2743 4889 in
2773 4834 2973 4888 ctelum
2999 4832 3389 4895 subvectas,et
3407 4834 3603 4889 viven-

2021 4931 2104 4976 tes
2133 4921 2515 4992 praetermitto.
2564 4923 2624 4976 In
2658 4924 2858 4991 quibus
2889 4940 2992 4979 nec
3026 4935 3247 4989 natura,
3294 4925 3603 4981 elemento-

2020 5029 2142 5070 rum
2176 5014 2382 5076 mistio,
2416 5029 2517 5069 nec
2548 5014 2695 5068 aliud
2728 5016 2906 5071 simile
2930 5017 3211 5088 quidpiam
3239 5017 3449 5073 valuit:
3480 5020 3607 5089 quis

2016 5107 2166 5163 enim
2197 5107 2249 5160 id
2295 5106 2485 5162 dicere
2505 5107 2749 5164 audeat?
2791 5106 2898 5163 Sed
2936 5108 3203 5175 Verbum,
3235 5110 3384 5180 quod
3417 5111 3607 5165 omnia

2018 5197 2175 5261 facit,
2198 5210 2253 5251 et
2292 5197 2549 5251 immutat
2575 5203 2614 5220 "

2090 5287 2158 5345 Ut
2193 5286 2321 5342 inde
2348 5287 2650 5357 discamus,
2691 5298 2749 5346 et
2779 5296 3182 5363 cognoscamus
3227 5294 3521 5365 imperium
3550 5302 3609 5349 et

2128 5445 2195 5524 ,⁸⁷
2232 5444 2369 5500 Dan.
2407 5460 2519 5515 xxv,
2552 5449 2642 5505 32,

2762 5451 2809 5482 ⁸⁸
2843 5450 2980 5507 Gen.
3014 5466 3068 5515 v,
3094 5449 3185 5508 24.
3300 5453 3347 5485 δ’
3372 5452 3439 5507 IV
3469 5452 3605 5518 Reg.

1802 5631 2080 5695 Scholia.

402 5762 421 5780 ⁶
444 5757 678 5816 Basilius
706 5777 719 5811 :
758 5758 869 5812 Non
909 5767 1074 5828 potest
1116 5769 1267 5815 homo
1292 5778 1323 5815 a
1362 5760 1639 5830 semetipso
1671 5761 1909 5830 occipere

324 5831 638 5902 quidquam,
671 5831 772 5886 nisi
791 5831 837 5884 ei
866 5831 1048 5884 datum
1073 5830 1229 5900 fuerit
1261 5832 1503 5903 desuper.
1553 5851 1570 5884 ι
1600 5831 1738 5896 Quid
1768 5833 1909 5888 enim

2013 5762 2171 5816 habes
2221 5764 2359 5834 quod
2394 5779 2500 5817 non
2530 5763 2779 5828 accepisti
2825 5763 2876 5830 (1
2895 5763 3017 5819 Cor.
3057 5779 3129 5826 tv,
3164 5763 3243 5831 ’ῖὶῖ
3280 5783 3296 5812 ι
3335 5770 3420 5834 et,
3449 5777 3468 5809 ε
3500 5758 3613 5815 Det

2021 5835 2215 5888 donum
2234 5831 2334 5903 est,
2364 5851 2466 5890 non
2494 5850 2558 5889 ea:
2572 5836 2815 5905 aperibus
2840 5837 3050 5900 nostris,
3077 5850 3140 5888 ne
3159 5836 3273 5903 quis
3289 5831 3563 5903 glorietur.
3578 5849 3600 5884 ι
