4036 6414
410 395 529 457 835

1658 374 1998 437 PillIJl‘Pl
2048 371 2438 432 SOLITARII

3595 367 3699 431 8ἶῆ

415 504 852 579 magnitudinem
883 497 1172 573 potestatis
1201 497 1321 565 ejus
1347 493 1401 549 in
1433 491 1732 547 omnibus?
1763 506 1830 545 ne
1883 487 2009 556 quis
2038 490 2085 548 Λ
2117 500 2310 541 aerem
2347 484 2594 553 recipere
2622 499 2635 535 :
2679 481 2774 537 ubi
2805 489 2990 536 autem
3038 482 3245 553 aliquid
3292 484 3361 538 de
3392 483 3495 540 ista
3528 486 3678 556 pleni

414 602 563 655 dicat
593 597 766 651 lictori
797 611 916 655 suo,
941 592 1121 658 Quare
1141 604 1235 642 me
1266 587 1346 642 sic
1377 584 1820 653 lingis?Figulns
1849 582 1996 635 lutea

416 702 583 746 utens
631 688 962 747 substantia,
1003 697 1102 752 per
1140 681 1382 751 tiglinam
1441 679 1509 732 de
1560 692 1624 731 ea
1665 676 1821 744 lingit
1849 672 1997 743 quod

416 786 572 848 iibet,
599 778 745 834 aliud
778 777 1002 847 quidem
1036 789 1132 832 vas
1155 773 1211 827 in
1248 772 1540 834 honorem,
1578 766 1726 821 aliud
1771 768 1824 819 iu
1863 780 1998 818 con-

414 872 698 931 tumeliam
749 868 820 922 ”.
897 867 1300 922 Verumtamen
1369 860 1436 915 ad
1480 856 1993 920 demonstrandam,

413 962 738 1032 sapientiam
770 968 827 1013 et
850 966 1026 1011 artem
1073 953 1257 1007 omnia
1281 954 1321 1004 ⁶.

486 1054 730 1122 Eloquar
776 1048 926 1120 quod
957 1057 1043 1107 est
1090 1044 1421 1104 mirabilius,
1453 1050 1511 1098 ut
1537 1040 1775 1110 amplius
1803 1038 1999 1093 obstu-

411 1160 631 1217 pescas.
669 1140 1058 1199 Yenerandum
1095 1125 1322 1200 animal,
1380 1144 1434 1190 et
1485 1132 2001 1204 prtestantissimutn

416 1240 585 1293 homo
619 1248 728 1298 est,
805 1244 866 1288 ut
904 1232 1236 1296 docuimus;
1269 1246 1297 1283 a
1328 1228 1550 1284 Christo
1604 1227 1754 1281 enim
1802 1241 2004 1280 nomen

414 1327 698 1386 duximus.
754 1332 810 1378 et
860 1321 927 1376 ad
967 1335 1195 1389 regnum
1255 1319 1525 1377 cmlorum
1559 1316 1739 1373 vocati
1790 1329 2004 1369 sumus.

412 1417 559 1483 Quin
593 1415 759 1468 etiam
792 1413 998 1468 donum
1021 1408 1173 1462 aliud
1205 1408 1383 1477 majus
1414 1406 1754 1475 accepimus.
1792 1404 1928 1459 Nam
1960 1401 2007 1461 si

414 1516 637 1577 peccata
692 1506 882 1559 animo
933 1514 991 1561 et
1028 1514 1265 1576 corpore
1294 1498 1534 1552 admissa
1558 1496 1914 1552 absterserit.
1948 1501 2006 1550 et

414 1611 514 1666 pro
546 1611 615 1650 eo
645 1609 709 1648 ac
748 1593 910 1648 decet
939 1590 1135 1645 sordes
1170 1604 1303 1647 suas
1337 1586 1560 1651 eluerit,
1590 1585 1646 1639 in
1698 1583 2005 1646 laboribus,

414 1687 470 1745 in
496 1685 771 1756 religiosis
795 1680 1317 1745 exercitationibus,
1348 1680 1402 1732 in
1441 1678 1720 1749 laerytnis,
1746 1674 1800 1730 in
1832 1675 2006 1744 gemi-

417 1779 589 1836 tibus.
614 1779 815 1831 iterum
844 1775 1158 1834 diviuarum
1184 1772 1613 1834 illustratiouum
1637 1769 2003 1824 diversorium

2110 576 2302 631 tudine
2338 575 2643 636 deluderis.
2674 590 2770 631 seu
2799 576 3061 640 multum,
3097 591 3192 631 seu
3240 578 3540 643 modicum,
3572 595 3702 649 qna-

2112 677 2274 723 tenus
2292 669 2567 738 depletur,
2591 676 2820 722 eatenus
2844 682 2940 722 aer
2964 667 3032 722 ad
3056 669 3240 722 locum
3265 684 3495 724 vacuum
3518 686 3698 737 a-qua-

2109 762 2297 817 hiliter
2322 762 2645 830 replendum
2678 776 2737 815 se
2771 760 2961 825 inl‘ert,
3001 776 3229 830 prorsus
3253 761 3451 819 iisdem
3480 762 3703 817 dimen-

2108 856 2381 914 siunibus.
2413 864 2472 908 ut
2504 855 2664 908 inane
2700 852 2755 908 in
2788 854 2957 909 rebus
2983 867 3054 907 ne
3079 851 3267 907 detur.
3327 851 3420 907 Sic
3470 852 3597 913 ista.
3632 853 3703 907 de

2112 947 2315 1017 quibus
2336 957 2421 1001 est
2437 961 2641 1007 sermo,
2691 927 2883 998 animo
2910 944 3164 1014 concipe.
3224 944 3416 1000 Utrem
3451 944 3705 999 homines

2111 1040 2514 1110 interpretare;
2575 1055 2776 1109 aquam
2826 1040 3311 1108 perturbationum
3363 1038 3597 1102 ﬂuxum,
3644 1039 3703 1093 in

2110 1132 2378 1187 cordibus
2404 1132 2682 1193 humanis,
2712 1133 2959 1202 inquam,
2984 1132 3223 1186 ﬂuentes
3246 1132 3496 1187 allectus.
3523 1131 3682 1199 Quan

2112 1233 2228 1279 tum
2273 1224 2443 1292 igitur
2475 1224 2543 1279 de
2581 1224 2687 1277 isto
2712 1222 2860 1277 ﬂuxu
2897 1239 2997 1294 per
3043 1223 3334 1293 lacrymas.
3372 1239 3471 1293 per
3496 1224 3703 1291 luctus,

2110 1331 2212 1386 per
2274 1316 2555 1375 studiosos
2600 1316 2848 1379 actiones
2879 1316 3324 1372 exhauserimus.
3374 1323 3584 1370 tantum
3619 1316 3706 1370 vi-

2114 1407 2299 1462 cissim
2338 1408 2529 1478 gratiae
2586 1407 2857 1462 inlluxum
2923 1409 3283 1480 recipiemus.
3342 1409 3498 1475 Quod
3523 1411 3566 1464 si
3605 1425 3708 1464 nos

2116 1497 2270 1554 inttts
2296 1498 2484 1553 denuo
2509 1515 2618 1554 non
2656 1500 3105 1571 purgaverimus,
3141 1516 3249 1555 non
3282 1500 3488 1570 poterit
3515 1500 3569 1555 in
3607 1514 3708 1555 nos

2116 1590 2291 1661 gratia
2323 1590 2585 1655 derivari,
2620 1592 2769 1661 quod
2800 1606 2868 1652 ex
2904 1594 3245 1661 argumentis
3276 1591 3457 1646 allatis
3488 1591 3547 1645 llt
3577 1606 3710 1661 per-

2116 1683 2394 1753 Spicuum.
2423 1681 2582 1749 Quod
2608 1684 2756 1737 enim
2799 1692 3148 1754 unguentum
3197 1681 3423 1753 putrido
3457 1691 3709 1752 recepta-

2114 1775 2240 1830 culo
2256 1775 2557 1832 credatur?
2578 1776 2803 1837 Paulus.
2828 1791 2894 1830 os
2928 1775 3172 1838 Domini,
3205 1791 3425 1830 rursum
3462 1775 3707 1844 scripsit,

413 1869 619 1924 evadit.
648 1867 891 1937 Spiritus
912 1866 1075 1920 docet
1096 1864 1299 1919 omnia.
1322 1864 1380 1917 Si
1429 1863 1743 1918 illitteratos
1784 1875 2014 1930 acccpe-
2048 1866 2087 1917 Β
2117 1868 2243 1922 aliis
2258 1868 2407 1923 aliud
2437 1868 2736 1934 charisma,
2761 1878 2819 1924 et
2848 1869 3055 1923 donum
3087 1884 3116 1922 a
3141 1869 3252 1923 Deo
3287 1868 3610 1932 contigisse.
3647 1866 3708 1922 ln

417 1962 792 2030 rit,sapientes
809 1958 1011 2022 el'lieit;
1037 1959 1081 2012 si
1103 1956 1700 2032 pastores,propltetas.
1725 1955 1927 2024 psaltes
1946 1968 2013 2009 ae

417 2070 574 2123 reges
611 2054 828 2119 reddit;
868 2052 934 2108 ad
963 2051 1359 2123 perfectionem
1390 2050 1627 2105 actionis
1671 2058 1730 2105 et
1759 2056 2013 2103 contem-

419 2149 678 2219 plationis
721 2148 931 2203 evehit.
958 2145 1116 2214 Quod
1147 2146 1190 2200 si
1219 2160 1442 2201 rursum
1475 2145 1749 2209 homines,
1783 2152 1844 2196 ut
1872 2142 2014 2197 dixit

418 2242 559 2311 ipse,
606 2240 955 2302 inltabitarit,
991 2238 1339 2309 gratiamque
1386 2252 1451 2291 ac
1502 2238 1687 2291 lumen
1750 2236 2015 2289 suum-iis

421 2331 815 2401 impertiverit,
859 2329 1072 2385 emlesti
1126 2340 1183 2383 et
1210 2328 1397 2382 divina
1447 2328 1648 2382 exstasi
1685 2326 2013 2391 alterantur,

420 2436 482 2477 ut
531 2424 726 2478 scribit
786 2420 1092 2485 Climacus,
1154 2417 1530 2489 spiritualium
1584 2416 2014 2484 divinarumque

421 2532 607 2573 rerum
659 2513 1121 2585 sapientissimus.
1157 2510 1290 2565 Nam
1319 2511 1364 2565 si
1401 2510 1641 2580 cuipiam
1674 2509 1861 2562 divina
1889 2507 2015 2577 Spi-

423 2600 566 2663 ritus
602 2609 805 2678 gratia,
832 2615 1325 2677 quantumcunque
1356 2604 1565 2675 gratim,
1600 2612 1661 2663 ut
1695 2602 1809 2671 ipsa
1844 2602 2010 2666 volet,

422 2703 770 2771 arzp'tt‘at't‘rit,
807 2700 861 2754 in
910 2714 978 2754 eo
1032 2700 1302 2767 stupenda
1357 2704 1407 2751 et
1472 2696 1794 2764 opinionem
1845 2709 2007 2762 supe-

423 2795 600 2850 rantia
632 2792 791 2857 ﬁunt,
830 2793 885 2847 in
918 2791 1124 2862 quibus
1174 2789 1439 2855 Verbum,
1497 2797 1553 2843 et
1584 2786 1915 2855 redemptio,
1958 2792 2016 2839 et

423 2888 674 2941 liheratio
709 2893 920 2955 patent.
951 2884 1134 2953 Spirat
1178 2883 1382 2941 etenim
1427 2881 1653 2951 quibus,
1684 2888 1741 2934 et
1769 2878 2012 2948 quando,

421 2989 480 3033 et
534 2978 625 3031 ubi
674 2978 909 3043 vnltﬂ';
950 2975 1004 3029 id
1045 2974 1192 3045 quod
1241 2972 1483 3029 secunda
1525 2971 1922 3040 disputatione,
1958 2976 2015 3022 ut

423 3081 580 3147 puto,
635 3068 951 3141 percepisti.
1012 3068 1153 3130 Hine
1207 3066 1494 3137 passiones
1536 3079 1732 3118 omnes
1787 3077 1911 3133 qua:
1960 3062 2015 3115 in

426 3165 595 3219 corde
636 3166 821 3220 locum
856 3163 1099 3220 alienum
1164 3173 1373 3218 temere
1406 3166 1774 3231 occuparunt,
1833 3168 2018 3214 extero

426 3257 709 3311 minantur
738 3258 801 3311 “.

499 3348 653 3401 Mens
679 3354 863 3400 autem
890 3343 1218 3415 purgatione
1249 3343 1483 3406 elevata,
1509 3341 1574 3397 ad
1606 3342 1777 3397 Deum
1827 3341 2019 3395 currit.

429 3438 551 3493 Non
610 3446 791 3489 tamen
846 3434 1142 3504 puritatem
1198 3432 1381 3494 istam,
1436 3440 1493 3486 et
1560 3431 1827 3486 beneﬁcia
1878 3432 2023 3486 Deus

428 3528 694 3581 omnibus
717 3525 946 3595 perinde
973 3525 1228 3595 largitur,
1272 3524 1478 3594 quibus
1526 3523 1775 3594 largitur.
1806 3523 2021 3592 Cuique

426 3620 580 3677 enim
636 3617 1000 3688 proportione
1035 3615 1265 3686 gratiam
1312 3616 1538 3685 praebet.
1600 3632 1702 3687 pro
1757 3632 2018 3671 mensura

431 3712 798 3783 purgationis,
851 3719 907 3766 et
937 3711 1143 3774 fructu,
1180 3726 1275 3765 seu
1338 3712 1613 3780 probitate
1644 3725 1899 3778 cperunt,
1933 3725 2019 3762 se-

429 3805 675 3859 cundum
693 3804 815 3875 plus
836 3813 895 3859 et
920 3804 1126 3866 mintts,
1154 3803 1460 3858 secundum
1490 3811 1702 3874 partem
1735 3811 1791 3856 et
1821 3810 2020 3862 totum.

429 3879 736 3956 secundum
781 3894 1444 3966 captum.etmun:!iiiam
1478 3894 1622 3947 vasis
1644 3904 1700 3947 et
1723 3894 2023 3947 domus'".

502 3988 625 4055 Quo
653 4004 742 4043 res
772 3989 1114 4059 intelligatur
1136 3988 1362 4051 clarius,
1400 3986 1820 4041 similitudinem
1849 3985 2022 4054 subji-

432 4083 602 4138 ciam.
656 4081 1137 4146 Quemadmodum
1191 4081 1339 4133 enim
1382 4087 1506 4132 uter
1562 4094 1725 4148 aqua,
1777 4086 1868 4133 aut
1922 4093 2020 4132 vas

436 4182 620 4229 musto
645 4173 710 4226 ad
744 4188 1020 4226 summum
1050 4173 1349 4241 marginem
1384 4172 1674 4240 repletum,
1708 4186 1815 4224 nor.
1837 4177 2022 4240 potest

433 4263 721 4331 quidpiam
773 4262 1173 4325 extrinsecum,
1221 4268 1586 4331 przeterquam
1616 4261 1873 4330 spiritum
1898 4262 2017 4319 sive

509 4405 556 4439 ”
586 4404 691 4459 lsa.
720 4418 842 4466 XLV,
871 4402 942 4470 9;
978 4402 1135 4456 Rom.
1172 4417 1249 4466 ιι,
1283 4401 1376 4467 20,
1410 4401 1501 4460 21.
1576 4404 1617 4436 ⁹¹
1651 4403 1810 4467 Joan.

1884 4418 1969 4468 ιιι,
1997 4402 2051 4459 8.

2120 1973 2571 2033 unumquemque
2592 1973 2693 2028 pro
2734 1958 2840 2013 lide
2862 1968 2919 2014 et
2963 1959 3236 2021 moribus,
3286 1973 3412 2013 cum
3450 1972 3709 2013 mensura

2118 2057 2176 2104 et
2204 2050 2419 2104 ratione
2435 2049 2712 2105 charisma
2742 2049 3067 2113 ell‘uuditur.
3107 2050 3163 2104 lu
3199 2049 3347 2103 hunc
3385 2049 3560 2119 gratia
3590 2062 3707 2103 scr-

2122 2157 2372 2203 monum.
2402 2142 2456 2197 in
2490 2144 2658 2197 alium
2696 2144 3029 2214 prophetiaa,
3061 2144 3114 2198 itt
3145 2146 3315 2199 alium
3361 2153 3606 2213 potestas
3635 2144 3714 2198 si.

2121 2250 2375 2304 gnorutn,
2407 2236 2462 2289 in
2489 2237 2657 2291 alium
2682 2240 2857 2308 gratia
2887 2239 3262 2292 curationum.
3308 2238 3459 2293 Unus
3481 2238 3710 2308 quidem

2123 2325 2359 2394 Spiritus
2404 2336 2486 2381 cst
2517 2369 2532 2392 ,
2584 2344 2692 2382 nun
2741 2338 2923 2383 autent
2981 2344 3140 2399 pares
3185 2330 3408 2400 gratiae.
3462 2344 3564 2384 nec
3611 2344 3712 2400 pa-

2123 2416 2202 2471 ria
2238 2417 2380 2472 dona
2416 2419 2462 2450 "
2498 2422 2581 2447 "“
2617 2433 2633 2473 :
2670 2419 2768 2474 sed
2828 2420 3043 2474 minora
3091 2431 3147 2476 et
3196 2421 3424 2491 majora,
3462 2420 3595 2475 Nam
3663 2419 3713 2475 si

2122 2510 2263 2565 forte
2297 2511 2648 2580 receptacula
2681 2511 2965 2566 adfuerint
2989 2512 3296 2581 inaquaLia,
3320 2512 3597 2581 quomodo
3629 2511 3717 2567 di-

2123 2601 2248 2654 vina
2284 2617 2515 2656 munera
2577 2603 2730 2671 paria
2783 2611 2838 2657 et
2866 2603 3097 2672 aequalia
3140 2616 3263 2657 esse
3305 2592 3713 2672 poteruntiAd

2123 2709 2437 2748 mensuram
2471 2695 2638 2765 igitur
2668 2695 2815 2761 fidei,
2844 2705 2901 2751 et
2935 2696 3239 2766 przesertim
3284 2696 3351 2750 ad
3389 2699 3711 2762 utilitatem,

2121 2788 2286 2843 etiam
2319 2787 2559 2858 Spiritus
2587 2788 2877 2843 t-tl‘lcientia
2904 2788 3306 2854 manifestatur,
3329 2799 3383 2844 et
3411 2790 3551 2844 bona
3584 2805 3718 2861 sup-

2124 2880 2352 2949 peditat,
2387 2890 2442 2935 et
2473 2882 2614 2935 mala
2642 2892 2911 2947 removet,
2943 2892 3327 2952 quantumque
3379 2884 3514 2948 vult,
3546 2900 3720 2952 super

2127 2974 2195 3028 iis
2217 2976 2533 3044 requiescit,
2577 2992 2742 3046 supra
2789 2989 3000 3031 naturae
3067 2979 3235 3048 leges,
3277 2986 3330 3032 et
3361 2993 3555 3033 omnes
3594 2978 3718 3033 ele—

2128 3076 2443 3121 mentorum
2475 3083 2680 3122 erases.
2703 3067 2806 3134 Qui
2838 3069 2986 3123 enim
3040 3085 3140 3140 per
3173 3084 3340 3140 opera
3392 3085 3459 3124 ex
3510 3070 3716 3125 virtute

2128 3158 2375 3226 profecta
2405 3159 2617 3229 purgati
2646 3161 2891 3214 nondum
2920 3172 3071 3223 sunt,
3109 3161 3197 3216 his
3228 3162 3295 3215 ad
3333 3162 3564 3216 meliora
3612 3178 3717 3231 pro
3800 3214 3807 3221 .

2050 3221 2096 3283 (ἶ
2131 3249 2468 3304 deteriorum
2499 3251 2722 3305 delluxu
2760 3252 3051 3307 inserenda
3100 3253 3459 3307 elementaria
3498 3263 3716 3322 tempe-

2131 3341 2273 3396 ratio
2305 3358 2414 3403 non
2439 3343 2739 3402 suﬂ'eccrit.
2770 3346 2947 3414 Atque
2994 3345 3129 3407 haec,
3167 3352 3226 3398 ut
3269 3346 3549 3405 existimo.
3587 3346 3711 3409 tibi,

2128 3445 2396 3505 quantum
2419 3436 2554 3490 satis
2583 3445 2689 3504 cst,
2727 3436 3152 3495 declaravimus.
3197 3436 3369 3491 Nobis
3421 3448 3604 3492 autem
3646 3438 3718 3499 ab

2133 3527 2295 3582 initio
2319 3529 2504 3582 divina
2538 3531 2751 3584 ratione
2784 3530 3050 3600 prteditis,
3074 3531 3240 3585 etiam
3275 3530 3407 3595 illud
3433 3542 3715 3601 agitatum,

2132 3629 2189 3674 et
2219 3629 2415 3680 natura
2445 3621 2636 3676 datum
2689 3634 2794 3685 est,
2829 3622 3087 3685 dominos
3131 3637 3254 3677 esse
3280 3639 3472 3677 eorum
3509 3640 3629 3693 qua:
3658 3623 3718 3686 in

2126 3712 2344 3771 actione
2368 3725 2683 3777 versantur,
2716 3727 2775 3772 ut
2803 3716 2973 3769 libera
3008 3715 3287 3770 voluntate
3330 3716 3598 3785 prteditis,
3627 3716 3716 3770 itt-

2127 3804 2539 3875 telligrntiaque
2568 3816 2625 3861 et
2659 3807 2919 3868 facultate
2959 3807 3196 3865 actionis
3225 3808 3595 3878 pttlehevrime
3627 3824 3721 3863 οτη-

2130 3895 2294 3949 natis.
2322 3897 2478 3961 Quod
2509 3898 2553 3956 si
2589 3896 2826 3965 improbi
2878 3897 3073 3963 simus,
3127 3899 3296 3953 etiam
3353 3899 3459 3953 hoc
3510 3910 3718 3955 nostrae

2130 3986 2431 4042 voluntatis
2453 3996 2556 4043 est.
2589 3987 2724 4041 Nam
2752 3996 2809 4041 et
2839 3987 3123 4042 voluntate
3151 3998 3207 4043 et
3241 3990 3497 4056 consilio,
3534 4006 3641 4045 non
3682 4006 3713 4048 tt

2129 4091 2348 4146 natura,
2374 4081 2520 4151 quod
2553 4081 2717 4145 absit,
2742 4083 2936 4137 vitium
2971 4083 3242 4152 procedit,
3262 4098 3394 4137 cave
3426 4099 3588 4138 secus
3618 4100 3712 4138 co—

2128 4170 2291 4239 gites.
2334 4171 2450 4226 Non
2478 4183 2563 4228 est
2583 4172 2850 4228 sceletum
2877 4175 3033 4245 quasi
3052 4174 3197 4238 lena,
3221 4184 3277 4229 et
3299 4192 3462 4230 causa
3486 4185 3716 4242 natura;

2125 4261 2221 4316 sed
2244 4277 2307 4317 ea
2328 4263 2631 4330 aﬂectio,et
2649 4266 2873 4332 habitus
2897 4268 3199 4329 voluntatis
3222 4268 3466 4341 pariunt.
3486 4266 3719 4327 llabitus

2124 4402 2173 4436 ⁹⁹
2208 4403 2382 4470 ICor.
2430 4421 2527 4471 xu,
2565 4407 2618 4472 7,
2649 4419 2805 4476 seqq.

1910 4540 2190 4603 Schoﬁa.

506 4666 525 4684 ⁴
555 4664 841 4730 Chrysost.
880 4678 892 4715 :
927 4662 1003 4717 Ne
1036 4673 1250 4734 prapter
1298 4665 1658 4734 fabricationis
1710 4667 1972 4719 rationem
1997 4707 2013 4733 ,

2123 4668 2187 4748 tle
2212 4669 2622 4748 strenuomilite
2652 4671 2985 4748 Pauloddicat
3013 4694 3133 4732 eum
3154 4694 3244 4733 ea:
3272 4677 3539 4731 electionis
3580 4680 3716 4748 fore,

437 4752 566 4817 nere
611 4745 826 4803 propter
881 4736 1242 4817 negenite-tem
1294 4735 1579 4815 voluntatis
1611 4774 1625 4797 ,
1660 4736 1770 4817 .se-d
1801 4753 2018 4817 propter
2053 4744 2095 4800 Β
2127 4740 2643 4817 (ᾼι·ι.“ικ,μ15.)η1τῖι
2683 4745 2737 4796 in
2770 4746 2902 4803 alios
2956 4749 3163 4817 quidem
3216 4750 3372 4809 venit,
3409 4765 3472 4800 ac
3505 4735 3717 4815 ηυῖυειξ

436 4809 735 4860 libertatem
766 4814 816 4856 et
880 4806 1236 4877 diﬁ'erentiam
1304 4807 1606 4860 oeconomite
1654 4807 1830 4859 istlta'c
1881 4808 2021 4862 dicta

437 4878 569 4935 urbi!
580 4893 711 4928 rere.

515 4950 548 4963 "
580 4945 810 4998 tias-ilius
836 4962 849 4998 :
872 4945 985 4999 Non
1014 4954 1134 4999 sunt
1175 4945 1396 4998 tacentia
1429 4945 1520 4999 Dei
1550 4945 1819 5013 beneﬁcia,
1844 4947 1936 5005 sed
1965 4948 2024 5000 ob

438 5033 502 5067 ea
529 5018 715 5082 gratim
734 5017 952 5085 agenda:
967 5031 1203 5085 semper:
1223 5014 1361 5085 quod
1385 5018 1727 5084 cupiditatem
1763 5017 2022 5079 debilitat,

440 5087 580 5139 iram
606 5089 659 5139 in
689 5088 1151 5140 mansuetudine»:
1171 5086 1348 5143 vertit.
1381 5096 1606 5139 mentem
1628 5095 1885 5156 tanquam
1921 5087 2027 5141 alis

435 5158 695 5211 Subveltit.
730 5158 868 5208 unde
921 5166 967 5207 et
993 5156 1062 5208 ad
1103 5157 1268 5208 Deum
1313 5156 1375 5208 ab
1409 5158 1486 5209 Itis
1531 5157 1684 5209 rebus
1729 5158 1836 5209 abit
1873 5174 1891 5211 :
1935 5175 2027 5211 nec

440 5227 560 5297 jam
599 5227 723 5278 talis
761 5226 1067 5297 secundum,
1130 5228 1222 5279 sed
1264 5242 1431 5295 supra
1464 5237 1718 5281 naturam
1754 5240 2028 5297 operatur.

442 5296 611 5360 Quem
665 5297 802 5348 enim
835 5296 928 5347 Dei
966 5294 1189 5349 Verbum
1224 5312 1316 5364 per
1339 5299 1705 5367 purgationem
1739 5294 2026 5360 inhabitat,

442 5369 500 5418 in
530 5381 588 5417 eo
619 5377 907 5439 puritatem
933 5377 1283 5439 consummat,
1312 5379 1656 5439 mortemque,
1690 5368 1745 5420 id
1778 5376 1873 5431 est,
1896 5371 2030 5439 απε-

442 5439 639 5496 ctiones
670 5435 903 5500 vitiosus,
939 5437 1149 5488 tandem
1177 5438 1385 5489 occidit.

524 5510 585 5528 "'
607 5507 881 5560 Isidorus:
913 5505 1235 5576 Quanquam
1269 5510 1405 5559 enim
1431 5509 1607 5577 gratia
1628 5516 1723 5568 est,
1744 5525 1835 5560 nec
1853 5517 2028 5561 tamen

442 5579 754 5647 simpliciter
799 5578 953 5632 inest.
985 5580 1076 5629 sed
1130 5592 1438 5630 mensuram
1496 5580 1559 5631 ab
1620 5580 2029 5647 adipisccntibus

445 5666 564 5701 eam
600 5649 809 5716 accipit.
848 5647 1071 5701 Tantum
1100 5649 1298 5717 inﬂuit,
1344 5659 1604 5715 quantum
1642 5650 1738 5701 sibi
1786 5666 1874 5701 vas
1904 5650 2032 5717 ﬁdei

445 5718 730 5770 exhibitunt
784 5719 1059 5771 invenerit.
1088 5717 1290 5771 Namsi
1318 5735 1423 5771 non
1448 5721 1595 5786 prius
1656 5717 1893 5788 ofﬁcium
1938 5736 2032 5771 no-

448 5798 616 5841 Strum
667 5789 1046 5854 requireretur,
1101 5796 1212 5842 tota
1274 5790 1660 5856 supervolaret.
1721 5788 1856 5853 Quia
1909 5806 2030 5843 vero

452 5856 773 5910 voluntatem
801 5859 1059 5927 explorat,
1100 5860 1229 5912 adeo
1254 5875 1458 5929 quoque
1489 5861 1745 5924 abundat,
1777 5868 1832 5911 ut
1870 5861 2030 5914 etiam

2126 4810 2188 4887 ab
2227 4810 2345 4863 aliis
2377 4811 2592 4887 discedit
2619 4828 2637 4865 :
2664 4815 2719 4887 in
2747 4810 3003 4884 quosdam
3025 4834 3246 4887 prorsus
3280 4833 3382 4869 non
3407 4810 3711 4873 dimittitur.

2127 4878 2306 4955 Quare
2350 4885 2510 4935 etiam
2549 4885 2689 4951 quod
2750 4878 2801 4938 in
2837 4888 2981 4941 nobis
3017 4878 3117 4951 est,
3151 4887 3389 4939 conferre
3449 4887 3716 4955 debemus,

2125 4949 2361 5025 alioquin
2383 4968 2501 5025 eam
2530 4949 2635 5025 non
2658 4955 3029 5025 adipiscemur.

2199 5022 2281 5048 ""
2310 5022 2576 5096 Basilius;
2604 5022 2833 5095 Spiritus
2861 5028 3070 5096 quidem
3110 5043 3245 5080 imus
3276 5032 3371 5087 est,
3395 5027 3719 5093 charismata

2127 5100 2313 5168 autem
2346 5093 2650 5168 idcouparia'
2669 5113 2771 5148 non
2791 5093 2936 5155 sunt.
2966 5098 3088 5168 quia
3116 5113 3208 5150 nec
3234 5098 3563 5164 receptacula
3592 5098 3716 5168 Spi-

2134 5162 2271 5236 ritus
2291 5163 2522 5233 a'qualia
2542 5175 2664 5217 sunt
2700 5181 2720 5221 .'
2738 5168 2829 5219 sed
2856 5162 3140 5221 secundum
3167 5162 3553 5236 pt'opoﬂione‘m
3592 5162 3719 5236 fidei

2139 5232 2192 5283 in
2244 5232 2671 5307 tanainquemque
2722 5254 2754 5288 a
2803 5238 2907 5291 lico
2942 5238 3104 5300 dona,
3162 5232 3233 5290 ad
3261 5232 3374 5305 ejus
3424 5232 3713 5292 utilitatem

2139 5302 2502 5377 conti-runtur.
2541 5302 2645 5358 sive
2677 5308 2732 5359 in
2759 5308 2895 5359 hunc
2926 5307 3104 5376 plura.
3157 5302 3344 5360 sivein
3390 5310 3540 5361 illum
3583 5326 3714 5377 pau-

2142 5374 2305 5448 ciora.
2336 5372 2863 5448 Quilibctrsiquidem
2890 5372 3052 5448 juxta
3081 5382 3471 5448 proportionem
3514 5372 3638 5445 ﬁdei
3660 5381 3716 5432 in

2140 5441 2255 5518 ipso
2306 5447 2624 5518 apparentia
2668 5441 3037 5515 reparationem
3081 5441 3134 5500 'et
3181 5441 3525 5516 efficientium
3588 5449 3717 5518 Spis-

2141 5512 2271 5565 ritus
2307 5516 2548 5568 sortitur.
2588 5512 2843 5588 Quocirca
2875 5512 3446 5588 unusquisque—gratim
3495 5535 3604 5573 sua!
3632 5512 3716 5572 di-

2139 5594 2544 5659 spensatorem,
2585 5587 2798 5659 quando
2841 5588 2893 5638 in
2928 5587 3039 5656 ipso
3071 5590 3296 5659 affectio.
3324 5605 3443 5659 qua:
3477 5590 3545 5641 ml
3580 5590 3716 5645 bona

2134 5654 2461 5741 sluscipienuda
2483 5654 2793 5738 requiritur.
2821 5665 2899 5741 est
2927 5654 3147 5741 posita":
3186 5677 3279 5712 nec
3308 5654 3537 5728 unquam
3583 5675 3716 5741 pru-

2133 5723 2269 5846 tllegsl
2324 5723 2520 5797 aliquis
2556 5723 2797 5796 proximo
2827 5726 2887 5780 ob
2919 5723 2974 5781 id
3005 5730 3201 5801 insigni
3236 5740 3283 5784 et
3315 5723 3546 5784 soértato
3577 5723 3715 5792 invio

2133 5808 2194 5846 te
2230 5810 2245 5846 ι
2276 5831 2290 5846 .

2131 5808 2290 5848 ίιευη.
