4036 6422
466 396 574 461 839

1685 396 2031 457 PIIlLlPPl
2068 394 2463 456 SOLITARII

3625 396 3734 457 840

468 515 634 566 etiam
667 520 907 582 quatuor
946 507 1186 564 hominis
1220 514 1411 563 aetates
1453 507 1856 572 assimilantur,
1890 508 2045 579 prin-
2079 514 2124 571 Α
2156 506 2258 560 ista
2297 517 2480 575 partes
2521 505 2633 561 sint
2671 505 2824 571 anni,
2855 514 2915 560 ut
2945 506 3207 570 diximus,
3240 520 3307 560 an
3341 521 3448 561 non
3478 504 3576 561 libi
3604 523 3735 578 pars

467 604 702 672 cipium,
753 615 1099 672 progressus,
1141 600 1297 670 vigor
1344 609 1402 654 et
1449 599 1703 670 languor,
1745 616 2044 670 puerorum

466 694 744 756 videlicet,
775 695 1066 763 juvenum,
1103 690 1376 753 virorum,
1401 692 1834 754 senescentium,
1868 701 1924 747 et
1950 692 2048 748 de-

465 785 801 854 crepitorum
838 802 851 836 :
891 784 985 853 qui
1030 785 1235 854 gradus
1268 783 1436 839 etiam
1470 793 1707 854 quatuor
1741 785 1870 838 anni
1907 793 2047 840 tem-

465 880 693 945 poribus
723 878 1084 947 respondent.
1115 875 1222 932 Sed
1251 877 1296 931 si
1324 878 1524 945 placet,
1560 878 1660 932 ista
1694 878 1898 933 clarius
1923 894 2050 946 per-

463 978 786 1023 tractemus.
820 969 1080 1039 Phlegma
1114 984 1179 1023 ex
1207 984 1349 1038 aqua
1378 972 1578 1030 oritur,
1614 985 1738 1023 cum
1772 971 2048 1025 elemento

460 1060 536 1115 illi
572 1063 810 1116 societas
837 1070 958 1128 est;
993 1070 1110 1115 atra
1146 1061 1271 1115 bilis
1308 1077 1372 1114 ex
1408 1061 1554 1117 sit-ea
1588 1071 1732 1118 terra
1759 1063 2045 1130 provenit;

461 1151 597 1205 ﬂava
627 1168 692 1206 ex
734 1152 879 1221 igne,
908 1167 1032 1205 cum
1071 1151 1185 1220 ipsa
1219 1168 1441 1222 quoque
1483 1152 1551 1207 ad
1597 1154 1740 1221 ignis
1791 1163 2046 1209 naturam

461 1242 709 1296 accedat.
749 1244 854 1297 Per
903 1244 1154 1313 phlegma
1190 1244 1477 1298 hibernam
1531 1255 1913 1316 tempestatem
1959 1251 2046 1303 in-

468 1332 677 1402 tellige,
713 1349 835 1403 quae
868 1333 1092 1387 humida
1124 1342 1179 1386 et
1217 1334 1439 1404 frigida,
1468 1344 1526 1391 et
1555 1337 1732 1392 instar
1757 1339 2048 1403 cujusdam

464 1427 604 1480 senii
636 1435 741 1480 est.
784 1426 1020 1495 Sanguis
1053 1427 1231 1497 ipsum
1262 1445 1361 1483 ver
1410 1429 1583 1484 refert
1614 1448 1628 1484 :
1654 1440 1741 1486 est
1771 1433 1918 1486 enim
1951 1434 2052 1487 hu-

468 1519 670 1583 midus,
700 1527 757 1574 et
787 1519 1027 1582 calidus,
1063 1522 1534 1591 quemadmodum
1567 1538 1866 1593 puerorum
1906 1526 2050 1583 bona

463 1616 784 1683 temperies.
854 1615 1020 1670 Flava
1085 1617 1264 1672 aestati
1337 1628 1716 1688 comparatur.
1784 1619 2049 1677 Estatem

464 1710 670 1779 quippe
699 1708 934 1762 calidam
962 1717 1020 1762 et
1046 1709 1250 1763 siccam
1283 1710 1604 1780 experimur
1649 1727 1664 1764 ε
1698 1711 1862 1767 sicuti
1896 1714 2049 1769 vito-

462 1818 585 1856 rum
625 1812 755 1858 tutas
806 1810 891 1856 est
947 1804 1193 1858 robusta.
1241 1805 1373 1857 Atra
1405 1803 1891 1869 bilis,automnum
1920 1808 2048 1863 imi-

464 1906 615 1949 tatur
648 1914 661 1948 :
696 1907 782 1949 est
819 1895 967 1949 enim
1020 1896 1110 1950 ille
1150 1896 1333 1951 siccus
1378 1906 1431 1952 et
1474 1898 1728 1969 frigidus,
1766 1904 2048 1971 quomodo

460 1995 592 2041 mtas
615 1986 874 2055 juvenilis
908 1988 942 2039 '.

535 2076 721 2146 Spatia
757 2086 941 2132 autem
994 2077 1263 2148 cujusque
1290 2079 1491 2140 aetatis.
1520 2080 1915 2152 universasque
1950 2101 2049 2140 eu-

460 2167 687 2238 juslibet
724 2168 1094 2237 proprietates
1117 2178 1173 2222 et
1198 2167 1540 2232 discrimina,
1571 2187 2043 2241 supervacaneum

466 2268 600 2327 puto
638 2275 988 2326 percensere.
1017 2259 1323 2314 Dicendum
1359 2269 1540 2316 tamen
1574 2262 1756 2318 adhuc
1787 2265 1855 2321 de
1889 2266 2046 2335 ipsis,

465 2348 511 2404 si
540 2349 781 2404 videtur.
809 2349 885 2404 Ac
916 2350 971 2403 in
999 2351 1192 2419 primis
1222 2352 1444 2421 quidem
1476 2362 1532 2407 et
1554 2363 1681 2409 ante
1706 2359 1892 2412 omnia
1931 2375 2049 2412 oni-

462 2441 617 2493 nium
649 2438 845 2495 artifex
882 2439 1125 2495 Verbum
1151 2442 1424 2508 divinum,
1452 2444 1746 2500 thesaurus
1777 2448 2045 2518 scientim,

463 2540 520 2586 et
551 2531 781 2602 abyssus
804 2533 1092 2601 sapientiae
1135 2532 1426 2603 cegitanda
1450 2543 1554 2590 est.
1583 2535 1716 2590 Inde
1748 2538 1815 2591 ad
1853 2555 2049 2598 causas

445 2623 833 2687 miseriarum,
868 2623 935 2679 de
985 2624 1188 2693 quibus
1239 2641 1428 2695 supra.
1479 2628 1836 2688 veniendum.
1869 2631 2048 2687 Gene-

464 2725 617 2770 ratur
669 2715 850 2772 infans
889 2735 903 2772 :
943 2716 1280 2786 principium
1331 2718 1452 2788 ejus
1504 2723 1877 2788 generationis
1910 2724 2044 2780 mihi

465 2807 776 2863 considera.
819 2809 937 2863 Non
971 2818 1030 2863 ut
1064 2825 1095 2865 e
1125 2810 1271 2866 lucta
1306 2814 1664 2882 gymnastica,
1699 2815 1902 2871 sudore
1938 2834 2047 2872 uno

464 2900 629 2969 dique
663 2916 923 2964 manans;
958 2900 1054 2955 sed
1088 2901 1141 2955 in
1173 2912 1330 2957 utero
1365 2913 1423 2958 et
1452 2904 1505 2957 in
1543 2914 1756 2970 ventre,
1796 2923 1905 2962 non
1944 2910 2049 2964 hu-

465 3007 701 3058 mccms,
721 2992 815 3049 sed
837 2993 1059 3046 humor.
1087 2993 1262 3050 Lebes
1284 2995 1351 3049 ah
1380 2996 1538 3050 initio
1566 3013 1763 3067 aquam
1789 2999 2043 3070 frigidam

463 3088 709 3156 capiens,
743 3088 996 3142 continet
1020 3103 1164 3149 eam,
1189 3088 1436 3157 quandiu
1464 3089 1664 3160 frigida
1699 3090 1884 3146 fuerit.
1906 3092 2044 3149 Cum

463 3188 644 3233 autem
671 3179 966 3240 ferbuerit.
1003 3189 1059 3233 et
1087 3181 1159 3235 ob
1193 3180 1372 3250 ignem
1402 3181 1743 3250 adiacentem
1778 3185 2046 3250 bullierit,
2078 3217 2119 3272 ρ

464 3278 580 3323 tum
631 3272 767 3323 mihi
798 3270 1038 3324 duorum
1079 3270 1487 3325 contrariorum
1538 3273 1690 3342 quasi
1742 3286 2045 3344 certamen,

464 3370 521 3416 ct
554 3346 857 3416 victoriato
880 3360 1176 3431 insignem,
1218 3371 1275 3417 et
1305 3378 1368 3417 ex
1401 3365 1705 3419 certamine
1751 3367 2045 3438 imperium

461 3452 611 3517 vide,
662 3452 944 3521 quomodo
997 3453 1248 3509 deterius
1301 3455 1517 3509 meliori
1565 3457 1770 3511 sensim
1820 3457 2045 3525 cedens,

466 3559 783 3613 quanquam
808 3545 1020 3607 volens,
1051 3546 1171 3600 sine
1201 3546 1327 3601 tuba
1361 3548 1553 3602 reddat
1582 3549 1826 3605 sonitum
1860 3569 1872 3604 :
1905 3560 2049 3606 stre-

466 3637 640 3705 pitum
678 3637 986 3693 bullitionis
1020 3639 1301 3703 videlicet,
1334 3644 1428 3709 qui
1479 3641 1609 3697 huic
1659 3644 1908 3699 victoria:
1943 3661 2046 3715 pro

467 3727 598 3780 tuha
628 3735 735 3781 est.
765 3726 966 3783 Semen
1000 3744 1140 3797 aqua
1173 3739 1316 3792 esto,
1346 3730 1582 3786 lebetem
1632 3740 1762 3799 puta
1810 3735 2045 3790 materni

467 3817 610 3874 uteri
659 3819 836 3883 sinus,
867 3823 1276 3891 copulationem
1324 3823 1679 3895 caloremque
1722 3842 2045 3896 corporum.

466 3909 648 3979 ignem
695 3911 1085 3982 interpretare.
1118 3913 1340 3970 Lebetis
1382 3914 1548 3985 igitur
1577 3917 1831 3986 exemplo
1863 3918 2047 3974 infan-

469 4000 605 4055 tium
636 4002 869 4071 gradum
902 4003 1269 4058 ostendimus.
1304 4004 1433 4058 inde
1460 4004 1526 4059 ad
1555 4005 1769 4061 virilem
1796 4015 2046 4065 transea-

467 4104 611 4155 mus,
636 4101 691 4143 et
726 4091 777 4143 in
798 4091 905 4144 hac
933 4107 1132 4145 novam
1172 4094 1529 4147 mutationem
1566 4094 1885 4164 videamus;
1919 4115 2044 4153 mu-

467 4181 762 4245 tationem,
797 4181 865 4235 de
896 4197 1003 4250 qua
1048 4191 1203 4235 tanto
1253 4192 1381 4237 ante
1432 4199 1660 4253 magnus
1704 4186 1897 4255 David,
1924 4207 2047 4260 quae

463 4279 548 4325 est
592 4272 749 4339 plane
796 4272 1038 4326 dextera;
1085 4272 1335 4331 EXCelsi:
1378 4292 1395 4323 ι
1440 4274 1647 4331 Memor
1690 4277 1791 4343 fui,
1841 4280 2045 4351 inquit,

468 4374 694 4428 sperum
742 4361 961 4415 Domini
986 4364 1054 4417 “.
1091 4383 1107 4413 ι
1142 4364 1283 4429 Quid
1330 4365 1500 4435 igitur
1547 4367 1677 4423 ltuit:
1724 4374 2049 4441 proprium?

467 4452 614 4519 quod
656 4451 775 4520 ejus
807 4456 1345 4521 temperamentum?
1367 4457 1605 4527 primum
1632 4471 1716 4515 est
1746 4462 1896 4517 calor
1922 4466 2041 4534 qui-

2153 599 2325 667 partis
2368 598 2592 653 videtur
2631 607 2851 668 tempus
2899 599 3008 652 diei
3042 607 3209 668 atque
3257 598 3436 653 noctis
3468 599 3732 654 horarum

2150 694 2240 747 94.
2280 694 2587 763 Dupliciter
2621 695 2768 748 enim
2801 702 3018 764 tempus
3051 694 3276 751 dicitur.
3299 702 3357 747 et
3384 693 3438 747 in
3464 702 3644 763 parte,
3674 703 3738 749 et

2151 783 2205 837 in
2251 793 2387 839 toto.
2439 784 2669 839 Noctem
2736 794 2940 849 autem,
2991 786 3159 839 etiam
3211 784 3438 845 aestatis.
3494 784 3735 840 hiemem

2150 885 2301 945 puta.
2330 876 2465 929 Tota
2494 876 2642 930 enim
2671 875 2921 940 humida,
2954 885 3009 930 et
3040 876 3235 945 frigida
3257 886 3339 931 es
3376 886 3571 930 natura
3611 892 3734 940 sua,

2152 979 2377 1039 propter
2398 970 2829 1039 exspirationem
2865 978 3217 1031 nocturnam,
3250 978 3308 1023 et
3337 984 3518 1024 rorem
3555 979 3738 1024 matu—

2152 1061 2347 1123 tinum,
2381 1067 2537 1131 cujus
2586 1061 2878 1131 imaginem
2922 1061 3066 1131 gerit
3109 1071 3389 1116 senectus.
3425 1062 3527 1118 Ubi
3564 1062 3736 1134 igitur

2151 1152 2230 1205 sol
2279 1154 2535 1206 exoriens
2575 1161 2741 1221 caput
2788 1152 3104 1221 protulerit,
3146 1152 3503 1222 mediumque
3539 1153 3735 1208 orbem

2155 1242 2473 1298 inferiorem
2507 1243 2746 1299 lustrare
2781 1244 3013 1313 coeperit
3039 1253 3099 1298 ut
3144 1259 3381 1314 sponsus
3408 1260 3439 1299 e
3470 1245 3734 1309 thalamo,

2152 1337 2571 1403 incomparabili
2599 1337 2809 1406 specie.
2832 1347 2889 1391 et
2915 1346 2975 1391 ut
3004 1336 3184 1392 infans
3210 1354 3277 1393 ex
3298 1347 3456 1392 utero
3481 1347 3735 1392 materno

2152 1422 2515 1498 prospéxerit.
2535 1437 2589 1483 et
2614 1428 2928 1482 ridentibus
2956 1429 3131 1482 oculis
3162 1437 3366 1483 terram
3394 1427 3733 1498 despexerit,

2150 1537 2251 1592 per
2278 1521 2461 1575 omnia
2495 1522 2680 1578 radios
2710 1522 2967 1577 lucilluos
3002 1522 3341 1584 diffundens,
3379 1531 3604 1591 repente
3635 1537 3737 1577 ex-

2151 1615 2381 1686 spiratio
2413 1616 2641 1669 humida
2676 1631 2802 1670 rore
2838 1624 3118 1679 manente,
3153 1624 3355 1669 cessat.
3382 1614 3516 1669 ﬂori
3565 1629 3736 1685 porro

2150 1709 2421 1764 admistus
2442 1720 2528 1764 est
2559 1719 2614 1764 et
2653 1711 2824 1763 calor.
2855 1709 3050 1762 Annon
3085 1709 3201 1762 haec
3250 1715 3439 1776 aperte
3465 1708 3733 1777 iuvenum

2150 1802 2319 1857 anas?
2373 1803 2671 1871 Postquam
2722 1802 2775 1856 iu
2819 1802 3060 1855 medium
3109 1800 3332 1861 caelum,
3370 1809 3628 1869 tanquam
3678 1800 3733 1854 in

2156 1905 2480 1965 prytaneum
2515 1895 2685 1957 venit,
2724 1893 2778 1947 in
2804 1894 2916 1947 alto
2949 1894 3060 1963 jam
3092 1893 3417 1954 collocatus,
3450 1893 3730 1947 hominem

2157 1987 2514 2050 laboriosum,
2540 1995 2594 2042 et
2644 1987 2842 2041 durum
2900 1992 3278 2055 rcprteseutat,
3315 1993 3371 2039 et
3422 1993 3481 2038 ut
3515 1984 3733 2054 proceri

2154 2080 2405 2148 corporis
2430 2078 2582 2150 gigas
2613 2079 2814 2149 aliquis
2849 2078 3102 2132 laborare
3136 2093 3245 2131 non
3269 2085 3472 2139 cessat,
3506 2090 3606 2130 nec
3636 2076 3737 2129 ad-

2156 2172 2489 2227 mirabiliter
2513 2171 2698 2225 invehi
2735 2171 2942 2226 desinit
2964 2188 2976 2224 :
3002 2170 3098 2225 sed
3129 2169 3408 2224 indefesso
3439 2168 3732 2223 continens

2157 2262 2305 2331 tique
2330 2277 2495 2316 cursu
2524 2260 2787 2316 volvitur.
2810 2261 2923 2316 Ros
2951 2260 3174 2331 quidem
3205 2275 3303 2329 per
3323 2259 3562 2313 calorem
3584 2257 3739 2311 abla-

2157 2363 2244 2408 tus
2277 2364 2383 2410 est.
2417 2354 2485 2409 Et
2517 2354 2648 2407 hinc
2675 2364 2859 2418 aestas,
2902 2368 2970 2408 ac
3001 2353 3180 2407 virilis
3221 2360 3355 2406 aetas
3396 2350 3733 2405 insinuatur.

2156 2445 2393 2506 Rursus,
2446 2444 2670 2515 quando
2728 2443 2974 2501 devexus
3021 2444 3087 2498 ad
3140 2442 3486 2498 occidentem
3536 2439 3734 2504 tendit,

2154 2538 2394 2592 calorem
2428 2538 2774 2606 relinquens,
2810 2545 2867 2592 et
2896 2536 3199 2591 siccitatem
3225 2533 3496 2596 retinens,
3526 2538 3583 2585 et
3605 2546 3737 2601 par-

2155 2637 2265 2682 tem
2300 2625 2525 2697 frigoris
2572 2626 2805 2689 habens,
2835 2640 3067 2694 eamque
3100 2641 3130 2678 a
3173 2632 3357 2684 nocte,
3381 2638 3525 2692 quia,
3559 2629 3620 2675 ut
3649 2620 3737 2675 di-

2152 2728 2301 2775 ctum
2326 2728 2430 2783 est,
2466 2720 2795 2775 naturaliter
2825 2718 3042 2789 frigida,
3061 2716 3286 2772 humida
3313 2724 3419 2781 est,
3449 2729 3633 2770 annon
3674 2719 3737 2766 ut

2152 2828 2319 2869 senex
2357 2813 2632 2882 quispiam
2661 2811 2876 2875 aridus,
2904 2811 3201 2879 laboreque
3237 2806 3531 2876 languidus
3567 2812 3737 2874 atque

2153 2905 2389 2965 fractus.
2418 2905 2677 2961 deorsum
2724 2905 2943 2959 videtur
2970 2897 3216 2972 praeceps
3246 2898 3513 2954 currere?
3542 2896 3738 2951 Nonne

2155 2998 2377 3053 videtur
2414 2998 2557 3053 istuc
2589 3007 2857 3052 autumno
2899 3010 3021 3050 esse
3056 2994 3261 3060 simile,
3288 2991 3528 3060 indeque
3553 2987 3735 3043 notari

2153 3106 2349 3145 senum
2388 3101 2607 3145 aetatem
2643 3103 2934 3144 exsuecam
2967 3102 3086 3142 esse
3118 3096 3174 3139 et
3208 3083 3483 3155 frigidam.

2740 3213 2967 3270 CAPUT
3010 3214 3145 3270 Vill.

2156 3306 2538 3379 Explicaturus
2581 3326 2797 3364 causam
2845 3311 3092 3362 vitiorum
3140 3308 3396 3379 corporis.
3443 3307 3551 3361 alio
3591 3306 3737 3361 abri-

2224 3378 2388 3449 pitur,
2426 3390 2473 3432 et
2498 3396 2592 3432 cur
2623 3380 2759 3433 Deus
2794 3382 3061 3433 hominem
3085 3395 3187 3431 non
3207 3378 3519 3449 simplicem.
3550 3387 3613 3449 u_t_
3637 3395 3736 3430 un-

2222 3446 2363 3519 gelos
2401 3453 2677 3515 creaverit,
2702 3452 2869 3503 docet.
2923 3449 3120 3503 Deinde
3159 3448 3511 3502 deliramenta
3559 3446 3738 3501 Mani-

2220 3522 2485 3574 clavorum
2512 3522 2823 3575 insectatur.

2220 3630 2492 3698 Quoniam
2518 3641 2705 3687 autem
2749 3630 2907 3701 quasi
2951 3630 3440 3702 quinquertionem
3494 3630 3730 3695 absolvi,

2151 3726 2204 3780 id
2248 3736 2353 3789 est,
2393 3734 2640 3795 tempora
2688 3726 2896 3789 omnia,
2929 3735 2985 3779 et
3020 3734 3454 3796 teniperamenta
3502 3726 3730 3791 adduxi,

2150 3818 2315 3875 etiam
2348 3818 2582 3888 reliqua,
2622 3828 2682 3872 ut
2730 3818 2830 3872 tibi
2879 3820 3133 3890 promisi.
3172 3834 3467 3890 apponam.
3521 3819 3735 3887 Seopus

2150 3925 2283 3964 vero
2312 3920 2369 3965 et
2399 3910 2767 3980 propositum,
2786 3921 2872 3966 est
2898 3894 3109 3976 dicere,
3134 3913 3280 3966 unde
3304 3913 3374 3967 ab
3403 3913 3524 3982 ipso
3544 3912 3730 3966 statim

2153 4015 2312 4059 utero
2340 4004 2647 4058 infantibus
2670 4004 2985 4076 hujusmodi
3015 4015 3285 4070 casus;et
3312 4020 3531 4059 rursum
3560 4005 3731 4067 unde,

2152 4094 2415 4164 temporis
2446 4103 3075 4165 progressuhposlquam
3105 4096 3159 4149 in
3190 4096 3368 4151 lucem
3403 4105 3529 4150 sunt
3551 4095 3683 4151 editi
3712 4113 3727 4159 ;

2151 4186 2335 4241 dicere
2391 4196 2574 4241 autem
2622 4188 2864 4257 prepitio
2910 4189 3174 4250 numine,
3221 4200 3384 4258 prout
3437 4189 3623 4251 vires,
3674 4200 3735 4244 et

2151 4278 2321 4332 verba
2346 4279 2523 4345 ipsum
2557 4279 3052 4348 suppeditaverint.
3093 4278 3160 4333 Et
3188 4281 3468 4349 quomodo
3503 4280 3726 4334 tandem

2153 4367 2318 4443 hujus
2352 4371 2574 4440 generis
2605 4370 2953 4424 incommoda
2984 4372 3090 4426 alia
3132 4372 3200 4425 ab
3232 4372 3350 4440 ipso
3386 4373 3578 4427 matris
3608 4372 3733 4425 alvo

2155 4477 2349 4531 usque,
2381 4462 2485 4516 alia
2518 4471 2641 4531 post
2686 4469 2869 4515 ortum
2908 4462 3211 4517 eveniunt?
3246 4462 3310 4519 Et
3349 4478 3600 4532 quantam
3638 4477 3735 4532 pe-

466 4543 614 4605 dam,
649 4543 851 4599 deinde
881 4546 1121 4602 siccitas.
1154 4548 1367 4619 Accipit
1392 4552 1539 4606 enim
1566 4551 1781 4607 initium
1807 4570 1872 4609 ex
1905 4572 2043 4625 pue-
2078 4554 2120 4607 D
2153 4564 2412 4619 renuant,
2452 4569 2574 4623 quae
2620 4553 2986 4618 curationem,
3029 4566 3092 4609 ac
3124 4555 3236 4609 cito
3275 4554 3499 4623 quidem
3532 4554 3736 4609 admit-

468 4648 656 4687 rorum
692 4645 877 4701 astate,
921 4637 1009 4691 cui
1037 4640 1294 4708 cognatio
1327 4655 1452 4694 cum
1485 4657 1615 4696 vere
1647 4653 1753 4706 est,
1788 4660 1909 4714 qum
1937 4658 2047 4702 ter-

470 4728 656 4781 minus
711 4737 796 4781 est
854 4728 1075 4795 hiemis,
1124 4731 1286 4799 cujus
1339 4732 1608 4791 finisest
1656 4735 1939 4801 humidus,
1987 4750 2048 4795 ut

469 4819 802 4888 principium
837 4821 1120 4893 frigidum.
1148 4823 1351 4878 Verum
1378 4839 1481 4894 ego
1517 4826 1617 4880 ista
1638 4842 1859 4897 quoque
1891 4846 2048 4898 para-

474 4912 715 4980 digmate
757 4915 997 4983 quodam
1031 4914 1350 4971 declarabo.
1399 4917 1649 4983 Quatuor
1692 4926 2047 4988 tempestates

466 5017 586 5056 esse
616 5004 876 5067 dicimus.
901 5016 956 5060 et
997 5007 1224 5061 totidem
1253 5007 1549 5072 elementa,
1573 5019 1763 5064 anates
1789 5025 2045 5080 quatuor,

470 5094 697 5147 totidem
747 5096 1007 5153 videlicet
1059 5100 1453 5155 communione
1520 5103 1757 5171 quadam
1805 5104 1914 5159 illis
1964 5123 2049 5162 re-

471 5183 818 5250 Spondentia.
844 5184 948 5239 Sed
981 5188 1274 5256 quaternio
1299 5199 1385 5244 est
1414 5189 1555 5244 alius
1582 5191 1635 5244 in
1665 5202 1820 5261 parte
1855 5198 2046 5263 patris.

472 5269 914 5342 Unumquodque
943 5276 1088 5330 enim
1122 5287 1359 5348 tempus,
1377 5289 1558 5344 testas,
1582 5289 1904 5348 autumnus,
1934 5301 2046 5350 ver,

472 5358 651 5414 hiems
680 5362 905 5417 omnino
949 5380 1079 5436 pars
1122 5376 1206 5421 est
1236 5367 1387 5421 anui.
1422 5369 1558 5424 Cum
1611 5370 1775 5441 igitur
1802 5382 2049 5446 tempora

539 5475 588 5509 ⁸⁸
630 5475 828 5530 Esther
857 5493 974 5541 xm,
1010 5479 1066 5536 9.
1141 5482 1187 5514 "
1223 5482 1365 5537 Psal.
1399 5499 1576 5551 Lxxvt,
1616 5485 1704 5540 12.

2151 4645 2314 4699 tunt?
2342 4653 2399 4699 et
2432 4660 2545 4714 quo
2589 4655 2748 4715 pacto
2777 4646 3025 4716 qua-dam
3058 4659 3183 4699 cum
3231 4651 3480 4716 tempore
3523 4660 3733 4714 augen-

2150 4746 2267 4799 tur,
2292 4736 2541 4805 quaedam
2576 4738 2731 4808 quasi
2782 4738 3157 4803 retrocedunt,
3190 4747 3248 4793 et
3289 4739 3517 4792 omnino
3549 4747 3733 4792 retro~

2148 4828 2321 4896 grada
2380 4830 2759 4883 evanescunt?
2812 4831 2875 4883 Et
2929 4829 3062 4899 quid
3120 4838 3233 4888 est.
3294 4830 3441 4899 quod
3501 4827 3732 4898 quidam

2151 4920 2484 4989 puniuntur,
2519 4922 2740 4991 quidam
2779 4924 3159 4978 coronantur?
3189 4924 3255 4977 Et
3287 4922 3567 4994 quomodo
3602 4923 3734 4992 qui-

2150 5013 2380 5067 busdam
2415 5014 2679 5070 conducit
2711 5017 3034 5072 servitutem
3069 5017 3281 5079 timere,
3311 5015 3641 5085 quibusdam
3669 5016 3726 5073 in

2149 5105 2406 5160 libertate
2446 5107 2667 5161 vivere?
2704 5108 2812 5163 Alii
2858 5109 3178 5177 capiuntur,
3205 5108 3299 5161 alii
3334 5109 3387 5161 in
3428 5108 3639 5162 honore
3671 5118 3734 5163 et

2149 5197 2318 5267 gloria
2361 5211 2510 5263 sunt,
2543 5214 2667 5253 cum
2700 5200 2824 5255 aliis
2859 5202 3022 5255 aliter
3060 5215 3119 5254 se
3160 5215 3250 5254 res
3287 5200 3470 5254 habet.
3508 5200 3728 5255 lutinita

2150 5302 2457 5345 cernuntur
2491 5291 2813 5348 discrimina
2843 5293 2898 5347 iu
2936 5292 3102 5348 rebus
3147 5292 3426 5356 humanis,
3463 5293 3731 5362 varieque

2150 5383 2603 5438 eonnuiscentur.
2642 5385 2700 5442 lu
2729 5386 2841 5442 Deo
2866 5394 2952 5442 est
2980 5394 3242 5455 potestas,
3274 5396 3331 5441 et
3364 5400 3576 5440 summa
3602 5383 3733 5455 qui-

1954 5576 2233 5639 Srliolia.

540 5672 555 5690 ⁴
586 5669 942 5746 Commuuicet
973 5674 1136 5743 igitur
1178 5677 1393 5745 sanguis
1427 5693 1543 5729 cum
1574 5678 1715 5746 flaua
1744 5676 1844 5730 bile
1866 5678 1921 5729 in
1949 5694 2042 5730 ca-

474 5737 604 5801 lore,
628 5743 767 5808 ﬂava
792 5744 906 5795 bilis
931 5737 1048 5796 cuin
1075 5755 1196 5797 atra
1225 5737 1540 5799 iuvsiccitatc
1567 5737 1586 5807 ξ
1617 5756 1736 5799 atra
1777 5747 1892 5801 bilis
1922 5763 2040 5801 cum

473 5814 768 5879 potet/mam
796 5814 848 5863 iu
885 5814 1099 5884 frigore,
1134 5816 1377 5886 phlegma
1412 5834 1528 5869 cum
1553 5818 1808 5886 sanguine
1848 5819 1899 5869 iu
1943 5818 2042 5869 Im-

2153 5695 2318 5762 mone.
2367 5679 2602 5762 Rursus
2628 5685 2990 5762 unusquisque
3029 5704 3219 5762 numer
3258 5707 3531 5762 propriam
3576 5708 3735 5745 suam

2152 5751 2462 5829 qualitatem
2513 5754 2689 5829 habet,
2741 5751 2959 5829 sanguis
3008 5751 3274 5827 calorem,
3319 5751 3436 5817 bilis
3504 5773 3733 5829 utraque

2152 5821 2461 5888 siccitatem,
2497 5823 2705 5893 plegma
2738 5821 2926 5895 frigus.
