4036 6428
272 421 371 490 8i!

1722 420 2071 487 DIOPTRA.

3433 419 3541 487 842

273 549 398 602 dem
419 552 587 611 atque
611 540 983 610 omnipotens.
1012 537 1192 594 Potuit
1239 538 1331 595 ille
1355 538 1593 593 animam
1617 540 1859 595 condere
1885 545 1936 605 Α
1967 541 2061 605 tia,
2111 554 2280 593 unum
2342 538 2659 609 imperium.
2711 538 2849 594 Tres
2900 538 3245 610 hyposlases,
3280 539 3542 597 deitatem

274 631 580 701 simplicem
609 639 665 685 et
705 630 1127 690 subsistentem,
1161 629 1305 685 sicut
1339 633 1564 702 angelos
1604 631 1735 685 fecit
1767 632 1853 685 in-

272 737 591 795 corporeos.
633 720 782 777 Idem
815 722 1021 793 quippe
1068 722 1378 777 animarum
1422 723 1853 794 angelorumque

273 818 574 874 fabricator
606 824 690 871 cst
721 834 734 869 :
767 822 824 870 et
869 816 1109 871 condere
1150 817 1303 871 onmi
1343 816 1565 871 turbida
1612 819 1855 871 motione

272 912 527 975 liberam,
564 907 797 979 perinde
830 916 891 962 ut
920 907 1175 963 caelestes
1219 904 1346 963 illos
1385 910 1620 963 animos.
1654 908 1858 980 Hujus-

276 1002 428 1059 modi
473 1013 716 1068 natnque
765 998 1044 1055 motiones
1091 1007 1550 1069 corporatorum,
1580 1014 1690 1053 non
1734 1012 1860 1052 cor-

275 1108 409 1165 pore
455 1092 769 1147 vacantium
818 1098 949 1143 sunt
995 1089 1151 1144 :nisi
1206 1090 1330 1160 quis
1379 1090 1741 1143 intentionem
1791 1087 1860 1141 ad

272 1184 481 1255 aliquid
532 1184 696 1240 talem
745 1190 956 1237 motum
986 1191 1169 1249 vocet,
1208 1193 1270 1236 ut
1309 1181 1364 1236 in
1414 1182 1625 1252 angelis
1662 1194 1859 1237 recens

277 1278 565 1349 productis
610 1275 842 1347 contigit
881 1292 896 1330 :
940 1289 1177 1346 quorum
1227 1274 1321 1329 alii
1395 1273 1647 1328 ordinem
1697 1288 1858 1327 suum

276 1372 721 1439 dignitatemque
801 1368 1195 1432 retinuerunt,
1245 1381 1372 1423 cum
1427 1381 1533 1436 qua
1591 1364 1865 1435 procreati

276 1471 470 1524 erant;
498 1461 589 1516 alii
629 1461 889 1531 superbia
943 1457 1141 1525 inﬂati,
1170 1474 1233 1514 ea
1266 1457 1616 1513 deciderunt.
1645 1455 1862 1511 Etenim

278 1570 407 1611 cum
452 1554 535 1609 sic
576 1562 764 1609 essent
798 1551 1076 1622 producti,
1116 1560 1176 1605 ut
1207 1550 1276 1605 ad
1319 1550 1525 1604 bonum
1551 1547 1759 1602 moveri
1790 1547 1866 1601 l'aa

281 1646 483 1701 cdlimc
516 1654 766 1715 possent,
800 1643 904 1714 ipsi
933 1642 1001 1697 ad
1036 1642 1338 1713 pessimum
1370 1639 1583 1695 incitati
1622 1647 1773 1704 sunt,
1809 1649 1867 1692 ct

279 1745 473 1790 contra
514 1734 683 1789 Deum
724 1749 784 1788 se.
833 1733 1157 1796 efferentes,
1189 1734 1368 1803 majus
1395 1730 1656 1801 quiddam
1700 1746 1861 1800 quant

276 1844 380 1899 pro
408 1836 608 1883 natura
650 1842 751 1883 sua
779 1834 1182 1896 conceperant.
1211 1825 1334 1881 Non
1366 1837 1500 1895 ergo
1534 1822 1707 1878 creati
1738 1830 1868 1877 sunt

1965 650 2127 688 unam
2156 648 2504 688 veneramur.
2527 632 2647 688 Non
2687 644 2796 688 tres
2827 634 2984 699 deos,
3014 633 3111 690 sed
3143 642 3253 690 tres
3280 633 3546 707 byposta-

1963 740 2052 781 ses
2089 725 2454 795 praedicamus
2494 741 2508 777 :
2543 725 2716 778 Deum
2759 739 2954 789 unum,
2990 725 3085 794 qui
3125 724 3327 780 emittm
3371 729 3426 779 in
3456 739 3548 779 or-

1965 817 2091 873 bem
2117 826 2324 881 versat,
2355 824 2411 870 et
2440 825 2641 872 terram
2666 816 2837 871 verbo
2871 815 3140 881 fundavit,
3167 817 3548 888 iumentisque

1964 918 2021 962 et
2048 908 2382 963 animalibus
2410 907 2687 963 universis
2721 907 2978 977 spiritum
3011 907 3321 977 inspiravit,
3356 916 3413 963 et
3437 909 3547 964 alia

1968 1018 2035 1057 ex
2061 1017 2209 1066 aere,
2244 1001 2353 1055 alia
2387 1016 2455 1056 ex
2479 1016 2645 1071 aqua,
2673 1001 2780 1055 alia
2802 1017 2834 1057 e
2862 1008 3027 1065 terra,
3052 1001 3239 1056 omnia
3278 1002 3347 1057 ad
3380 1012 3548 1072 gene-

1971 1096 2243 1149 rationem
2273 1102 2331 1149 et
2369 1094 2658 1150 interitum
2687 1094 2868 1158 ﬁnxit,
2901 1105 2958 1150 et
2987 1093 3278 1165 hucusque
3310 1104 3544 1150 tantum.

1971 1187 2151 1258 Atque
2186 1186 2317 1241 hinc
2350 1187 2618 1242 Dominus
2652 1186 2975 1241 animalium
3016 1186 3148 1242 item
3200 1196 3448 1258 apparet.
3491 1189 3549 1241 ιιι

1973 1295 2097 1349 quae
2133 1280 2283 1334 enim
2330 1280 2455 1350 quis
2497 1279 2836 1345 dominatur,
2866 1280 2922 1334 in
2967 1279 3037 1334 iis
3072 1295 3173 1350 pro
3221 1280 3551 1336 auctcritate

1973 1373 2104 1442 agit.

2580 1501 2809 1558 CAPUT
2846 1498 2942 1557 IX.

1981 1620 2054 1675 De
2075 1620 2407 1691 providentia
2434 1619 2527 1691 Dei
2548 1621 2601 1673 in
2632 1618 2841 1691 Opiﬁcio
2864 1621 3069 1686 mundi,
3097 1628 3144 1674 et
3170 1637 3264 1675 cur
3288 1622 3555 1678 hominem

2150 1690 2534 1745 immutabilem
2559 1688 3016 1761 immortalemque
3038 1702 3142 1745 non
3175 1691 3373 1761 fecerit.

2047 1823 2152 1880 Sed
2200 1823 2688 1880 admirabilitatem
2726 1825 3024 1891 rationum,
3077 1826 3282 1896 quibus
3318 1827 3559 1884 mundus

282 1910 436 1985 mali,
474 1917 571 1974 sed
609 1918 735 1971 mali
784 1917 1137 1988 postmodum
1169 1922 1568 1987 apparuerunt.
1601 1913 1740 1970 Cum
1765 1914 1870 1985 igi-
1904 1913 1941 1966 li
1972 1927 2055 1973 est
2086 1917 2285 1986 factus,
2315 1918 2616 1988 perpende.
2652 1918 2895 1973 Primum
2943 1918 3234 1975 constituit
3258 1921 3461 1976 cmlum
3498 1936 3557 1977 et

282 2020 375 2066 tur
423 2011 640 2065 animas
679 2001 939 2080 tanquam
986 2016 1204 2064 mentes
1247 2016 1530 2077 separatas
1574 2019 1869 2076 procreare

283 2113 501 2174 posset,
553 2110 754 2157 natura
805 2101 1109 2171 simplices,
1154 2099 1369 2155 ratione
1415 2108 1663 2167 ornatas,
1704 2097 1871 2153 nullis

284 2194 809 2266 perturbationibus
853 2193 1146 2259 obnoxias,
1189 2207 1303 2247 non
1338 2191 1420 2248 sic
1465 2206 1581 2255 cas,
1612 2190 1708 2246 sed
1758 2190 1871 2245 alio

288 2298 344 2344 ct
367 2288 511 2343 miro
563 2287 804 2358 quodam
864 2285 1030 2341 modo
1083 2285 1419 2357 procreavit,
1476 2284 1870 2353 hominemque

284 2381 509 2436 mistum
535 2379 805 2450 quiddam
830 2389 888 2434 et
916 2386 1360 2450 coagmentatum
1393 2376 1601 2442 eli‘ecit,
1637 2390 1870 2445 corpore

283 2473 548 2528 nimirum
579 2486 647 2525 ex
694 2471 1025 2526 inferiorum
1082 2484 1148 2525 ac
1187 2470 1562 2534 terrestrium,
1589 2469 1774 2523 anima
1804 2482 1871 2522 ex

283 2567 639 2636 superiorum
669 2578 734 2619 ac
781 2562 1095 2619 caelestium
1126 2562 1344 2627 ordine,
1372 2562 1577 2617 mentis
1606 2568 1662 2617 et
1690 2560 1871 2615 consi-

283 2662 344 2717 lii
376 2669 712 2731 compotem,
742 2668 801 2714 et
842 2659 971 2723 hoc,
1007 2657 1296 2712 secundum
1326 2657 1638 2728 imaginem,
1670 2664 1730 2709 ut
1772 2669 1872 2725 po-

289 2753 518 2809 tentiam
543 2767 609 2806 ac
635 2750 967 2821 sapientiam
991 2764 1150 2804 suam
1173 2756 1328 2803 tanto
1351 2746 1670 2803 evidentius
1694 2753 1874 2799 osten-

294 2846 470 2908 deret,
489 2861 595 2915 qua
618 2844 782 2899 aliam
809 2842 1012 2907 adhuc,
1035 2849 1094 2895 et
1122 2855 1322 2895 novam
1342 2850 1655 2893 creaturam
1683 2850 1874 2891 creare

301 2944 501 3007 potest.
528 2936 656 2990 bam
698 2935 743 2990 si
773 2944 829 2989 et
870 2934 1041 2995 hunc,
1073 2931 1354 2987 hominem
1386 2928 1539 3000 puta,
1567 2927 1871 2998 simplicem

244 3026 253 3033 ’
299 3035 668 3100 procreasset,
718 3026 1040 3097 angelorum
1087 3032 1301 3079 tantum
1349 3030 1673 3093 procreator
1721 3018 1874 3073 visus

295 3122 513 3176 fuisset.
555 3120 774 3176 Etenim
809 3118 1034 3189 quidam
1083 3133 1251 3188 prave
1296 3116 1667 3187 opinantium,
1703 3114 1873 3169 alium

291 3213 586 3273 bonorum,
623 3210 791 3264 alium
821 3211 1091 3264 maiorum
1146 3224 1268 3263 esse
1307 3218 1588 3263 auctorem
1624 3207 1876 3262 condito—

294 3318 525 3375 remque
570 3303 937 3358 arbitrantur.
971 3302 1084 3357 Nec
1116 3310 1336 3379 putant,
1368 3309 1430 3355 ut
1474 3299 1728 3355 homines
1758 3310 1871 3354 sto-

289 3397 409 3464 lidi,
435 3405 725 3468 peccatum
754 3408 866 3448 non
897 3409 1019 3448 esse
1047 3392 1438 3458 substantiam,
1466 3406 1570 3446 nec
1592 3390 1861 3445 extrinse'

289 3506 410 3546 cam
438 3503 544 3545 nec
584 3488 941 3543 intrinsccam
993 3505 1007 3540 :
1045 3484 1140 3539 sed
1193 3485 1441 3539 melioris
1476 3485 1866 3555 privationem,

289 3585 437 3639 sicut
474 3581 717 3636 tenebrte
750 3592 818 3635 ex
852 3579 978 3649 fuga
1014 3578 1155 3632 lucis
1186 3577 1481 3643 exsistunt,
1512 3585 1569 3631 et
1608 3592 1715 3630 nox
1747 3585 1873 3646 post

288 3685 548 3725 occasum
602 3667 833 3738 Πόρνητὶ
871 3666 1140 3745 emergit,
1191 3674 1250 3720 et
1307 3665 1549 3720 vicissim
1611 3664 1869 3720 Lucifero

290 3760 704 3832 resplendente,
772 3759 892 3828 ipsa
938 3758 1228 3829 repellitur
1274 3766 1329 3813 et
1378 3758 1537 3829 fugit.
1583 3757 1653 3814 Ut
1703 3758 1871 3828 igitur

290 3854 565 3908 bonorum
612 3850 865 3906 omnium
894 3850 1051 3921 origo
1081 3859 1137 3905 et
1163 3851 1440 3921 cognitor,
1485 3850 1749 3905 radicitus
1775 3865 1873 3904 cx-

288 3945 548 4015 stirpavit
572 3954 801 4014 germen
827 3942 1112 4012 nequitiae,
1140 3956 1303 4012 quam
1356 3951 1546 4011 aperte
1577 3941 1875 4012 appellavit

289 4038 562 4092 Dominus
591 4037 852 4100 domum,
885 4050 1049 4105 quam
1087 4035 1239 4089 venti
1282 4034 1445 4088 simul
1493 4028 1688 4088 dantes
1723 4033 1874 4086 auris

291 4129 522 4193 divinis,
546 4136 604 4182 et
638 4132 913 4182 torrentes
936 4125 1245 4182 circumﬂui
1275 4141 1339 4181 ex
1368 4124 1518 4179 l‘onte
1547 4140 1577 4178 a
1607 4125 1720 4179 Deo
1754 4138 1875 4178 sca-

294 4229 450 4277 tente
480 4221 784 4291 improviso
812 4221 1108 4282 irruentes,
1129 4220 1196 4273 ad
1218 4228 1418 4273 terram
1433 4215 1873 4271 detraxerunt".

289 4303 586 4385 Sed‘quos
617 4313 840 4368 ﬁnxerit
888 4312 1336 4383 improbissnmus
1382 4308 1665 4371 seductor,
1706 4307 1874 4361 edite.

288 4407 581 4471 Amentcs,
602 4405 764 4461 deliri
792 4412 849 4460 et
889 4403 1143 4459 moribus
1169 4397 1534 4456 vitiosissimi.
1556 4398 1669 4453 Cur
1695 4406 1876 4451 tantas

287 4506 471 4574 nugas
498 4500 618 4554 ausi
670 4498 807 4554 estis
856 4497 1088 4569 nugari?
1131 4496 1213 4552 Ad
1260 4494 1424 4550 ﬁnem
1475 4492 1775 4565 geminum,
1825 4500 1880 4545 et

1975 2021 2201 2077 terram,
2236 2020 2292 2067 et
2346 2027 2469 2082 quae
2514 2026 2709 2067 eorum
2740 2012 2954 2066 ambitu
3000 2012 3379 2068 continentur.
3427 2013 3556 2068 Ele-

1974 2113 2158 2158 menta
2194 2104 2360 2159 simul
2395 2103 2647 2167 omnino,
2702 2103 2853 2158 nulla
2898 2118 2967 2158 ex
3023 2102 3254 2158 materia
3284 2104 3556 2159 condidit.

1972 2195 2213 2266 Angelos
2240 2195 2596 2266 cogitatione,
2639 2203 2703 2249 ut
2736 2195 3087 2261 exsisterent,
3130 2195 3282 2251 fecit.
3327 2195 3560 2262 Quanta:

1974 2288 2118 2343 istuc
2185 2288 2477 2359 potentias!
2545 2287 2831 2343 Thronum
2889 2288 3219 2358 praeparavit
3270 2305 3283 2342 :
3351 2288 3558 2344 etenim

1975 2381 2161 2437 throni
2200 2380 2469 2436 Dominus
2507 2388 2612 2449 est,
2666 2396 2776 2436 non
2817 2381 3042 2450 penitus
3093 2380 3305 2437 honore
3338 2381 3559 2451 aequali.

1973 2471 2071 2528 sed
2125 2472 2510 2527 tantummodo
2564 2471 2933 2537 adorandum,
2994 2479 3057 2527 ut
3108 2472 3465 2536 honoratum,
3501 2480 3565 2527 ut

1973 2564 2299 2635 glorioSum,
2350 2572 2575 2634 propter
2627 2564 2984 2631 insidentem,
3035 2574 3093 2620 et
3135 2565 3193 2619 in
3231 2579 3303 2619 eo
3346 2563 3564 2634 requie-

1974 2663 2243 2717 scentem,
2274 2669 2440 2724 quem
2471 2653 2657 2708 omnia
2689 2655 2886 2709 timent
2918 2669 2982 2708 ac
3016 2662 3280 2709 tremunt.
3317 2653 3558 2709 Creato-

1977 2763 2049 2802 ηε
2069 2747 2262 2817 primae
2294 2755 2424 2801 sunt
2446 2747 2585 2810 ista,
2617 2761 2757 2816 quas
2776 2746 2900 2800 aliae
2928 2756 3363 2815 consequuntur.
3400 2747 3561 2800 Στοι-

1975 2844 2095 2911 χεῖα
2163 2857 2294 2897 vero
2342 2842 2616 2896 elementa
2679 2840 2963 2904 dicuntur,
3034 2840 3253 2896 ratione
3318 2841 3557 2903 ordinis.

1978 2933 2280 2988 secundum
2336 2947 2501 3002 quem
2549 2932 2883 2988 universitas
2924 2932 3221 2988 ordinatim
3269 2943 3354 2989 est
3409 2949 3564 2990 cont-

1979 3028 2178 3097 posita,
2207 3035 2343 3081 nutu
2370 3026 2705 3082 Conditoris.
2732 3026 2872 3093 Quid
2907 3027 3055 3083 enim
3088 3028 3227 3082 citra
3259 3028 3560 3099 provideri-‘-

1978 3120 2111 3174 tiam
2172 3119 2322 3174 illius
2373 3118 2605 3186 factum,
2638 3118 2861 3189 quaeso?
2912 3119 3129 3175 Etenim
3171 3129 3233 3175 ut
3284 3120 3559 3191 quispiam

1981 3221 2259 3268 mercator
2285 3212 2543 3266 oneraria
2571 3220 2879 3281 compacta,
2914 3220 2972 3268 et
3001 3213 3217 3270 caeteris
3245 3213 3419 3269 armis
3440 3214 3563 3285 ejus

1983 3317 2089 3355 una
2121 3300 2430 3366 adornatis,
2454 3300 2864 3372 gubernaculis,
2892 3300 3246 3369 rudentibus,
3275 3303 3433 3368 velis,
3463 3319 3565 3359 an-

1982 3394 2189 3461 tennis,
2223 3394 2472 3458 funibus,
2524 3394 2729 3465 quibus
2761 3396 2940 3451 maius
2974 3396 3029 3450 in
3084 3411 3251 3466 prora
3290 3396 3561 3460 ﬁrmatur,

1982 3487 2177 3553 remis,
2212 3485 2495 3552 anchoris,
2530 3496 2588 3541 et
2625 3487 2749 3557 pice
2796 3488 3128 3555 circumlita,
3158 3496 3216 3545 et
3253 3489 3423 3546 minio
3464 3490 3567 3547 ἀει

1982 3580 2149 3649 picta,
2179 3579 2223 3633 si
2257 3587 2446 3649 postea
2486 3578 2634 3633 illam
2666 3579 2984 3647 deduxerit,
3019 3589 3075 3635 et
3105 3581 3298 3653 pelago
3327 3585 3564 3639 secando

1978 3669 2273 3730 dimiserit,
2308 3669 2425 3739 ipse
2471 3683 2605 3723 vero
2639 3669 2833 3725 relicto
2881 3672 3100 3742 navigio
3162 3673 3310 3728 domi
3355 3673 3563 3740 sedeat,

1980 3774 2166 3812 nonne
2208 3759 2464 3829 plurimis
2511 3756 2795 3826 ﬂuctibus,
2838 3771 2896 3815 et
2922 3762 3028 3815 sub
3070 3762 3216 3816 unda
3261 3764 3565 3820 latentibus

1982 3852 2150 3915 saxis,
2188 3852 2450 3923 sc0pulis,
2505 3852 2883 3924 charybdibus
2927 3861 2985 3908 et
3005 3853 3216 3925 scyllis,
3250 3865 3307 3909 et
3355 3856 3564 3926 promi-

1987 3945 2251 3999 nentibus
2286 3945 2483 4015 petris,
2519 3955 2578 4001 et
2606 3946 2808 4010 ventis,
2845 3954 2902 4000 et
2943 3946 3201 4015 procellis
3227 3947 3566 4003 immanibus

1984 4035 2222 4106 objecta,
2282 4046 2338 4091 et
2389 4036 2624 4105 impacta
2671 4034 2978 4106 frangatur,
3023 4044 3078 4092 et
3129 4036 3185 4090 in
3227 4037 3562 4106 profundum

1986 4127 2312 4182 hauriatur?
2337 4126 2391 4182 Si
2422 4143 2553 4199 ergo
2586 4127 2801 4199 absque
2838 4128 3208 4199 gubernatore
3236 4143 3404 4184 naves
3433 4144 3566 4183 con-

1988 4220 2151 4275 tineri
2192 4229 2250 4276 et
2314 4222 2523 4275 servari
2581 4231 2887 4291 nequeunt.
2933 4222 3036 4276 hoc
3076 4221 3269 4276 mundi
3318 4221 3563 4276 universi

1986 4314 2262 4385 navigium
2312 4314 2523 4368 servari
2557 4328 2717 4382 posse
2755 4314 3062 4377 existimas,
3104 4313 3150 4368 si
3192 4313 3566 4383 gubernatore

1987 4404 2207 4461 careat?
2254 4403 2503 4471 Quatuor
2546 4404 2821 4459 elementa
2851 4403 2986 4458 mihi
3035 4412 3094 4457 ut
3127 4405 3443 4460 onerariam
3476 4405 3565 4460 in-

1992 4507 2169 4564 tuere,
2198 4502 2297 4568 pc'r
2330 4512 2452 4568 quae
2484 4496 2590 4551 alia
2618 4496 2843 4567 quidem
2874 4506 3167 4565 portantur
3192 4506 3251 4552 et
3282 4498 3563 4567 navigant,

292 4594 649 4652 contrarium
677 4608 897 4648 omnem
936 4600 1245 4647 creaturam
1279 4587 1556 4659 respicere
1607 4585 1874 4641 asseritis.
1913 4604 1955 4654 ι)
1986 4587 2092 4642 alia
2123 4588 2498 4657 portabuntur
2538 4596 2595 4641 et
2629 4586 2986 4657 navigabant.
3022 4585 3173 4641 Sicut
3204 4587 3389 4656 taque
3416 4587 3564 4656 pela-

290 4686 338 4741 0
401 4684 881 4740 inednsideratum
928 4696 1200 4744 errorem,
1249 4679 1637 4735 adversantem
1694 4677 1883 4731 verbis

288 4775 542 4841 Domini,
575 4774 668 4844 qui
714 4773 991 4829 nemiuem
1027 4784 1188 4843 posse
1227 4770 1448 4824 duobus
1478 4767 1718 4822 dominis
1758 4783 1879 4823 ser-

288 4869 411 4923 vire
465 4874 699 4920 testatus
749 4874 834 4919 est
861 4863 953 4916 "l
1004 4861 1062 4918 Si
1118 4861 1263 4917 enim
1318 4859 1614 4928 aliquando
1656 4858 1883 4914 duobus

289 4954 671 5014 concordibus
694 4954 937 5010 dominis
963 4954 1177 5009 servire
1199 4965 1367 5005 nemo
1393 4959 1594 5019 potest,
1619 4949 1727 5005 duis
1758 4966 1883 5005 sen-

293 5049 476 5105 tentia
535 5055 591 5101 ct
647 5047 934 5100 voluntate
991 5044 1369 5116 pugnantibus
1427 5043 1553 5111 quis
1601 5043 1887 5097 servierit?

296 5158 315 5191 ι
359 5140 477 5195 Aut
497 5138 648 5194 enim
674 5153 847 5193 unum
875 5136 1003 5192 odio
1035 5135 1291 5202 habebit;
1325 5135 1493 5189 alium
1511 5150 1642 5190 vero
1663 5134 1875 5206 diliget;

289 5241 393 5288 aut.
440 5231 595 5286 hunc
649 5227 877 5300 quidem
908 5228 1229 5294 sustinebit,
1272 5227 1428 5282 ilium
1475 5236 1812 5283 contemnet.
1856 5247 1873 5280 ρ

290 5323 425 5380 lla-c
448 5320 747 5377 uﬂirmatio
770 5326 863 5377 est
890 5317 1132 5384 Damini,
1166 5321 1440 5391 impuram
1471 5328 1528 5374 et
1561 5320 1878 5375 fraudulen—

292 5414 875 5489 tam_l!anieharoruui
924 5412 1246 5484 Opinionem
1279 5412 1532 5467 funditus
1569 5413 1876 5467 evellentis.

299 5510 462 5565 Unus
486 5516 572 5563 cst
600 5522 768 5564 verus
798 5505 966 5573 Deus,
1010 5520 1154 5563 unus
1184 5507 1484 5578 inspector,
1514 5523 1659 5563 unus
1696 5523 1879 5562 rerum

289 5616 524 5670 parens.
561 5600 615 5654 in
666 5601 843 5656 tribus
885 5590 1293 5671 bfpostasibus.
1331 5599 1477 5653 haud
1518 5600 1755 5656 diversis
1789 5615 1884 5653 vo—

289 5692 624 5747 luntatibus.
659 5691 867 5747 Tribus
899 5685 1048 5746 enim
1088 5707 1195 5746 una
1235 5691 1509 5756 voluntas,
1540 5708 1648 5746 una
1689 5703 1881 5762 poten-

364 5875 408 5905 ⁹⁷
442 5871 637 5925 Matth.
666 5887 760 5933 vn,
804 5868 997 5924 ’ΞΒ-ἓῖ.
1074 5870 1119 5901 ’⁸
1146 5868 1337 5924 Matth.
1375 5885 1448 5935 Vt,
1473 5869 1662 5923 22-27;.

588 5969 864 6026 PA't'ttuL.
915 5965 1031 6027 Gtt.
1069 5963 1372 6043 CXXVII.

1980 4697 2103 4751 gus,
2135 4691 2229 4735 aut
2254 4680 2419 4736 etiam
2454 4679 2653 4735 fretum
2678 4680 2900 4750 aliquod
2921 4679 3060 4733 citra
3088 4681 3274 4732 navim
3309 4678 3564 4748 trajicere

1981 4774 2171 4829 nullus
2221 4782 2426 4844 potest,
2488 4772 2563 4827 ita
2624 4787 2727 4826 nec
2759 4774 2880 4826 sine
2930 4769 3221 4824 elementis
3269 4771 3561 4839 quisquam

1982 4866 2126 4920 hanc
2179 4866 2348 4919 vitam
2406 4862 2749 4917 transmittit.
2809 4861 2900 4915 Sic
2959 4860 3199 4925 censuit,
3251 4860 3332 4915 sic
3371 4862 3566 4916 statuit

1984 4958 2229 5013 Verbum
2280 4958 2668 5011 universorum
2718 4953 2938 5008 artifex.
2975 4954 3158 5018 Quare
3197 4963 3257 5007 ut
3290 4952 3447 5008 navis
3484 4969 3569 5009 re-

1987 5064 2142 5105 ctore
2176 5047 2443 5104 destituta
2473 5063 2584 5101 non
2623 5046 2777 5100 abest
2815 5062 2846 5100 ει
2895 5046 3254 5101 discrimine:
3290 5047 3392 5112 sic,
3427 5047 3564 5101 mihi

1989 5140 2176 5204 crede,
2204 5140 2424 5195 deserta
2450 5155 2480 5193 a
2505 5138 2859 5193 Providentia
2898 5146 3153 5193 creatura
3187 5138 3441 5208 proxima
3479 5149 3568 5194 est

1990 5233 2258 5304 periculo.
2299 5231 2415 5287 Hoc
2457 5232 2579 5286 loco
2610 5230 2763 5285 subit
2798 5247 2885 5286 me
2924 5229 3201 5287 dubitatio
3231 5231 3564 5302 perplexior.

1980 5325 2266 5378 Hominem
2315 5324 2506 5379 volens
2552 5323 2861 5395 producere
2919 5322 3207 5389 Conditor,
3247 5323 3391 5379 sicut
3437 5339 3568 5392 pro-

1985 5413 2169 5478 duxit,
2207 5429 2375 5467 unum
2403 5414 2608 5467 animal
2638 5429 2706 5468 ex
2747 5413 2989 5479 duobus,
3020 5413 3299 5484 quomodo
3331 5428 3437 5467 non
3471 5427 3570 5480 μοι

1983 5505 2094 5559 tius
2124 5515 2322 5558 natura
2362 5505 2671 5574 simplicem
2726 5507 3006 5576 produxit,
3049 5517 3111 5560 ut
3143 5507 3370 5560 duraret
3414 5518 3566 5557 senti

1984 5614 2103 5668 per,
2134 5613 2235 5653 nec
2260 5596 2559 5666 aliquando
2586 5598 2878 5652 interiret?
2906 5600 2979 5653 Ex
3003 5615 3111 5668 quo
3131 5600 3279 5653 enim
3307 5594 3566 5665 eﬂ‘ectum

1986 5701 2067 5747 est
2102 5692 2246 5761 ignis
2282 5690 2641 5757 elementum,
2674 5692 2993 5761 neutiquam
3022 5692 3107 5745 vel
3133 5691 3317 5744 lumen
3340 5688 3460 5757 ejus
3482 5693 3565 5740 est

3195 5955 3270 6015 γι
