4036 6414
400 352 514 421 ’81ιῖ

1676 353 2013 415 PHILIPPI
2057 352 2447 413 SOLlTARlI

3553 346 3660 414 8H:

402 481 786 532 otsscuratum,
819 469 899 523 vel
940 468 1103 523 ardor
1141 467 1465 523 exstinctus.
1503 467 1594 523 Sic
1629 469 1756 521 item
1799 480 1980 529 terrm,
2016 475 2056 526 Δ
2088 482 2116 520 a
2149 482 2372 521 carcere
2408 466 2628 535 opinor.
2688 465 2834 520 Mors
2879 466 3097 521 Domini
3138 465 3319 521 verbis
3361 466 3502 522 meis
3532 470 3666 522 asti-

407 566 640 634 aliarque
690 570 952 617 creaturae
990 562 1042 613 in
1076 569 1219 613 statu
1249 573 1351 612 suo
1393 567 1766 629 perseverant.
1801 558 1975 612 llomo

402 663 584 707 autem
626 652 701 705 ita
727 658 945 704 creatus
986 658 1087 709 est,
1121 659 1179 702 ut
1226 650 1298 702 sit
1327 657 1520 702 natura
1552 649 1808 711 caducus,
1850 649 1975 701 bre-

401 746 487 797 vis
522 742 645 803 aevi,
676 743 757 795 sui
790 740 1095 805 dissimilis,
1137 748 1193 794 et
1222 740 1505 793 levissimo
1539 748 1815 792 momento
1848 754 1972 791 mu-

403 833 604 894 tabilis,
628 831 866 886 Rursum
890 830 1039 885 aliud
1062 830 1245 885 audivi
1265 838 1593 900 qumrentes,
1614 828 1970 897 quamobrem

398 926 542 979 Deus
582 924 861 978 hominem
913 938 1023 978 non
1063 900 1346 976 creaverat
1384 937 1415 975 a
1452 928 1734 975 senectute
1771 920 1973 972 immu-

398 1030 546 1078 nem,
578 1024 641 1068 ut
671 1015 841 1069 vitam
875 1029 1041 1084 quam
1061 1014 1458 1084 longissimam,
1493 1027 1555 1065 ac
1576 1012 1694 1065 sine
1725 1023 1973 1066 extremo

397 1107 762 1176 propagaret?
815 1106 1138 1175 Quanquam
1189 1115 1369 1159 autem
1424 1104 1651 1158 rationis
1690 1111 1773 1157 est
1819 1117 1972 1156 com-

395 1213 518 1266 pos,
554 1198 608 1252 in
642 1213 823 1266 eoque
856 1198 1043 1252 ditlert
1074 1211 1139 1250 ac
1175 1204 1396 1266 praestat
1422 1195 1703 1259 omnibus,
1737 1208 1849 1248 non
1890 1204 1974 1247 ta-

397 1302 525 1341 men
555 1287 683 1341 inde
711 1301 889 1340 annos
917 1302 1048 1340 suos
1078 1285 1295 1355 longius
1340 1285 1671 1351 cxtendcrit.
1708 1284 1765 1338 in
1798 1284 1976 1338 brutis

397 1381 777 1436 animantibus
819 1380 1099 1435 celeritate
1152 1379 1433 1434 antecedit
1490 1378 1755 1450 pardalis,
1815 1377 1973 1430 mali-

398 1487 539 1542 gnus
578 1479 662 1525 est
704 1470 970 1535 camelus,
1025 1485 1187 1525 ursus
1236 1470 1456 1531 avidus,
1503 1469 1666 1537 lupus
1714 1483 1880 1536 rapax
1919 1476 1976 1521 ct

401 1568 575 1627 ferus,
611 1578 787 1633 equus
819 1563 1141 1629 iracundus,
1188 1577 1327 1632 pavo
1378 1563 1674 1631 superbus,
1721 1560 1978 1615 columba

398 1658 620 1712 lasciva.
656 1656 792 1711 Aliis
821 1655 926 1710 alia
951 1665 1165 1720 natura,
1197 1655 1421 1710 habitus
1460 1665 1515 1709 et
1556 1652 1775 1709 atl'eetio
1798 1654 1965 1708 inest.

398 1752 445 1803 Α
481 1749 717 1804 mortuis
742 1756 925 1803 autem
948 1747 1014 1801 ad
1043 1746 1334 1818 judicium,
1366 1746 1433 1800 ad
1465 1747 1749 1809 ultionem,
1777 1756 1831 1801 et
1857 1762 1976 1817 poe-

401 1854 503 1895 nas
528 1848 879 1909 peccatorum
915 1838 1267 1893 sustinendos
1297 1839 1552 1892 animalia
1583 1839 1635 1892 in
1671 1840 1837 1893 vitam
1871 1856 1981 1894 non
2019 1841 2062 1895 Β

402 1930 659 1985 redeunt.
691 1929 798 1985 Sed
840 1930 1093 1983 homines
1139 1930 1381 1998 peccatis
1414 1931 1639 1985 obnoxii
1679 1940 1831 1995 sunt,
1864 1945 1980 2001 pm-

401 2036 613 2090 nasque
647 2030 702 2075 et
754 2019 1025 2089 supplicia
1073 2030 1202 2074 ante
1246 2031 1301 2075 et
1356 2031 1475 2088 post
1523 2021 1736 2075 obitum
1791 2021 1980 2075 subire

404 2115 636 2175 habent,
681 2114 727 2167 si
758 2113 968 2168 scelera
999 2128 1096 2167 sua
1135 2128 1230 2182 per
1262 2113 1645 2182 pmnitentiam
1682 2129 1792 2167 non
1832 2113 1985 2169 dele-

401 2207 604 2267 verint.
641 2205 861 2260 Natura:
908 2213 1093 2258 autem
1138 2206 1498 2266 conduceret,
1549 2204 1596 2258 si
1649 2205 1983 2259 resurrectio

403 2299 553 2352 nulla
600 2304 768 2353 esset.
811 2296 974 2352 Nunc
1012 2296 1081 2349 ad
1111 2296 1382 2365 judicium
1422 2294 1763 2366 resurgimus
1819 2306 1985 2365 quot-

405 2399 543 2461 quot
598 2403 791 2445 sumus
822 2387 1083 2457 improbi.
1124 2388 1330 2443 Verum
1361 2388 1537 2443 istane
1580 2388 1979 2443 dubitationem

405 2481 657 2536 dissolvit
705 2480 793 2535 vir
825 2480 1051 2550 quidam
1090 2480 1398 2536 secundum
1434 2490 1753 2552 utrumque,
1780 2493 1836 2537 'et
1873 2496 1985 2552 prze

406 2574 670 2628 omnibus
713 2571 1056 2647 probandus,
1107 2573 1205 2643 qui
1239 2574 1586 2643 apertissime
1627 2575 1781 2630 velut
1813 2590 1845 2630 e
1887 2589 1984 2628 su-

407 2665 586 2733 blimi,
617 2674 673 2720 et
704 2663 888 2719 medio
915 2674 1172 2734 suggestu
1212 2664 1374 2720 docet
1395 2705 1410 2728 ,
1447 2664 1671 2731 clamat,
1701 2665 1984 2736 praedicat,

410 2759 578 2813 vitam
612 2757 757 2811 hanc
785 2756 1050 2820 stadium,
1085 2764 1180 2810 aut
1205 2755 1620 2826 quinquertium
1650 2756 1984 2812 ducendam.

411 2849 830 2907 Stadiodromos
872 2847 1048 2903 videri
1100 2848 1356 2903 homines
1404 2849 1631 2903 virtutis
1685 2848 1987 2905 studiosos.

410 2942 552 3008 Quid
589 2940 738 2996 enim
772 2940 1014 2995 nobilius
1043 2954 1259 2993 morum
1286 2940 1688 2995 sanctimonia?
1710 2956 1817 3010 qua
1852 2954 1990 3011 prae-

410 3034 535 3100 diti,
568 3033 664 3089 Dei
696 3043 755 3088 et
804 3031 1005 3086 divina».
1034 3032 1219 3102 gloria:
1242 3031 1491 3087 hmredes
1511 3041 1696 3087 erunt.
1729 3032 1993 3101 Volupta-

412 3138 496 3183 tes
522 3135 706 3182 autem
739 3140 863 3181 esse
889 3125 1099 3195 ﬂagella
1133 3124 1455 3179 duellatoris
1495 3124 1728 3179 Satanae.
1759 3123 1860 3179 Hic
1889 3126 1990 3178 au-

2089 560 2328 627 putatur.
2369 558 2626 611 Divinum
2652 557 2854 628 quippe
2887 573 3092 628 corpus
3118 569 3245 613 ante
3293 573 3482 614 necem
3514 558 3665 614 haud

2084 660 2205 704 erat
2233 650 2471 704 alienum
2502 649 2570 703 ab
2601 649 2851 712 interitu,
2879 650 3213 715 redivivum,
3244 650 3408 718 plane
3436 649 3665 704 immor-

2087 745 2216 806 tale,
2265 754 2320 798 et
2362 758 2391 796 a
2433 741 2787 811 corruptione
2834 741 3073 795 liberum
3122 740 3318 804 evasit,
3375 750 3562 810 typum
3609 749 3662 794 et

2086 836 2319 890 formam
2369 834 2665 904 praeferens
2724 832 3176 903 regenerationis,
3223 847 3347 901 quae
3403 831 3663 889 omnibus

2086 927 2318 980 Domino
2348 925 2677 979 adveniente
2707 924 3010 994 continget.
3038 923 3291 979 Carnalis
3322 922 3471 977 enim
3496 937 3664 991 gene-

2084 1018 2225 1071 ratio
2250 1026 2676 1087 symptomatum
2723 1014 2892 1083 plena.
2931 1023 3035 1079 est,
3063 1028 3303 1083 quorum
3351 1013 3506 1081 plura
3535 1022 3667 1065 sunt

2084 1124 2313 1179 genera,
2348 1122 2510 1177 quam
2543 1106 2770 1161 arbores
2800 1106 2855 1160 in
2889 1104 3064 1160 silvis.
3097 1104 3229 1171 Quae
3269 1104 3338 1158 de
3368 1103 3498 1157 anni
3530 1114 3665 1158 tem-

2085 1200 2334 1270 poribus,
2362 1199 2429 1254 de
2460 1197 2773 1262 elementis,
2804 1197 2872 1252 de
2906 1197 3182 1258 natatibus,
3221 1197 3289 1251 de
3318 1195 3668 1260 humoribus,

2087 1290 2430 1359 simplicibus
2458 1297 2514 1344 et
2540 1288 2934 1359 coagmentatis
2960 1288 3075 1342 sive
3102 1288 3376 1341 concretis
3406 1286 3671 1340 disserui-

2084 1399 2236 1447 mus,
2287 1382 2561 1453 ejusmodi
2632 1392 2781 1436 sunt.
2830 1382 3097 1452 Deinceps
3149 1380 3217 1435 de
3286 1378 3672 1451 symptomatis

2090 1473 2362 1541 agendum
2399 1484 2503 1527 est.

2701 1540 2928 1597 CAPUT
2986 1540 3051 1595 X.

2090 1636 2321 1689 Tandem
2353 1642 2603 1704 parluum
2642 1644 3079 1695 monstrosarum,
3124 1641 3172 1685 ct
3202 1631 3386 1700 aliqua
3434 1630 3673 1704 [creditote

2159 1701 2444 1774 insignium
2477 1721 2694 1758 causam
2716 1705 3111 1757 incontinentiw
3128 1712 3418 1774 parentant
3435 1701 3665 1774 ascribit.

2160 1775 2226 1830 In
2253 1771 2334 1828 liis
2359 1776 2486 1842 ipsis
2516 1775 2776 1844 partubus
2800 1775 3085 1827 utilitatem
3112 1771 3182 1826 ad
3210 1786 3380 1825 more:
3399 1771 3671 1824 hominum

2159 1846 2495 1915 corrigendos
2526 1848 2692 1899 inesse
2726 1845 3076 1897 demonstrat.

2166 1937 2429 2005 Quaedam
2471 1937 2620 1992 enim
2662 1936 2732 1991 ab
2762 1938 2883 2005 ipso
2916 1944 3210 2005 conceptu,
3244 1931 3494 2017 quaedam
3546 1940 3676 2000 post

2092 2042 2312 2103 partum
2346 2040 2557 2084 natura:
2590 2029 2855 2099 humana:
2903 2028 3079 2083 indita
3120 2036 3285 2098 atque
3333 2026 3539 2080 inserta
3590 2024 3675 2077 vi-

2094 2133 2315 2179 suntur.
2352 2123 2468 2179 Etsi
2517 2123 2666 2177 enim
2714 2121 2830 2177 hate
2882 2130 2943 2177 ut
2985 2129 3246 2191 portenta
3278 2118 3527 2189 quaedam
3573 2132 3673 2185 per

2098 2218 2384 2274 hominum
2417 2217 2586 2271 vitam
2618 2216 2984 2286 proterviant,
3025 2211 3388 2268 nihilominus
3433 2227 3463 2265 a
3500 2209 3667 2263 ratio-

2095 2311 2263 2365 nibus
2298 2310 2498 2364 divina:
2527 2309 2891 2365 Providentia:
2915 2306 3180 2377 pendent,
3206 2319 3331 2375 quae
3362 2319 3429 2373 ea
3454 2316 3676 2370 compa-

2095 2405 2309 2459 ratione
2338 2404 2653 2470 deterioris,
2685 2401 2831 2472 quod
2855 2401 3055 2455 melius
3079 2408 3187 2463 est,
3220 2398 3393 2468 magis
3411 2395 3674 2450 declarat.

2104 2494 2174 2548 Ut
2203 2495 2338 2549 illud
2369 2494 2595 2563 quidem
2630 2502 2780 2548 metu
2823 2490 3053 2561 periculi
3080 2488 3445 2549 declinemus,
3466 2484 3539 2539 ad
3572 2483 3675 2535 bo—

2099 2601 2233 2639 num
2298 2594 2483 2640 autem
2543 2584 2895 2654 praemiorum
2945 2579 3228 2636 desiderio
3279 2577 3672 2633 acceleremus.

2101 2678 2220 2732 Mox
2257 2678 2404 2731 enim
2442 2693 2471 2731 a
2504 2677 2820 2745 complexu,
2850 2683 3151 2744 corporum
3180 2671 3227 2727 si
3257 2669 3451 2734 crasis,
3485 2677 3543 2722 et
3571 2666 3678 2721 alia

2101 2769 2464 2839 congruentia
2513 2766 2747 2830 fuerint,
2787 2776 2845 2821 et
2882 2766 3082 2820 humor
3131 2778 3258 2819 cum
3310 2760 3492 2816 calore
3537 2758 3679 2812 bene

2102 2870 2466 2931 temperatus,
2527 2858 2831 2914 secundum
2878 2868 3175 2926 utrumque
3227 2853 3323 2924 qui
3383 2859 3678 2906 nascentur

2104 2951 2222 3012 filii.
2258 2951 2542 3006 habebunt
2573 2950 2800 3020 optime.
2852 2948 2947 3003 Sin
2993 2947 3144 3002 calor
3195 2945 3486 2999 humorem
3512 2944 3676 2995 e'xsu-

2104 3046 2402 3115 peraverit,
2426 3041 2724 3113 prudentia
2768 3040 2822 3094 in
2856 3037 3050 3094 sobole
3094 3034 3361 3091 elucebit.
3392 3034 3434 3088 Ε.
3464 3039 3680 3086 contra-

2107 3135 2214 3200 rio,
2252 3134 2296 3187 si
2324 3134 2523 3188 humor
2556 3133 2749 3187 vicerit
2770 3131 3031 3195 calorem,
3064 3143 3220 3183 mens
3247 3124 3538 3197 prudentia
3569 3135 3680 3175 non

415 3231 525 3275 ῑθη)
558 3217 749 3291 (Dens)
782 3218 935 3273 νθιυῑ
960 3185 1004 3271 :3
1045 3232 1226 3287 rustra
1269 3215 1598 3273 redeuntem
1631 3216 1803 3270 mium
1832 3217 1992 3287 longe
2016 3185 2065 3247 Ο
2413 3185 2960 3295 etvcorpusviribus
3009 3185 3203 3293 parum
3246 3185 3472 3283 valebit,
3509 3228 3678 3270 mem-
3742 3253 3755 3266 .

413 3312 863 3371 strenuissimum
900 3309 1205 3378 excipiens,
1257 3309 1476 3363 laetatur
1516 3315 1574 3363 et
1619 3310 1821 3379 gaudet
1868 3325 1992 3364 cum

415 3405 504 3459 his
535 3402 767 3458 verbis:
820 3400 867 3455 Ο
907 3400 980 3455 ﬁli
1018 3400 1373 3461 charissime,
1427 3400 1629 3455 venisti
1686 3415 1849 3455 cursu
1900 3410 1995 3456 tuo

415 3503 817 3552 consummato.
843 3492 1104 3547 Membris
1124 3492 1232 3547 tuis
1270 3492 1486 3548 Patrem
1516 3492 1756 3564 legitime
1789 3493 1993 3565 gloriﬁ-

416 3589 587 3646 casti:
637 3586 823 3655 accipe
874 3600 975 3655 pro
1008 3599 1176 3654 scopo
1215 3593 1271 3640 et
1310 3584 1544 3639 consilio
1592 3594 1688 3639 tuo
1730 3585 1988 3639 laborum

417 3681 665 3753 prmmia,
700 3678 884 3749 qualia
911 3678 1266 3747 diligentibus
1310 3693 1394 3733 me
1428 3678 1753 3748 praeparari.
1785 3678 1867 3732 Tu
1897 3693 1995 3733 au-

423 3784 535 3829 tem
597 3771 823 3827 volebas
875 3780 1156 3825 certamen
1221 3769 1482 3826 constitui
1542 3770 1992 3840 sempiternum?

417 3862 576 3931 Quis,
593 3864 845 3926 obsecro,
865 3861 1223 3919 certationem
1244 3860 1518 3916 sustinere
1545 3861 1836 3932 potuisset,
1860 3871 1997 3917 tam-

419 3954 523 4009 etsi
567 3964 716 4010 esset
776 3952 1183 4017 adamantinos,
1230 3958 1287 4005 et
1337 3950 1775 4013 invulnerabilis,
1824 3951 1869 4004 si
1909 3952 1996 4006 in-

422 4061 587 4115 super
620 4047 773 4102 hisce
798 4045 1035 4100 vinculis
1069 4042 1320 4113 corporis
1347 4042 1515 4096 levari
1547 4058 1656 4097 non
1687 4044 1903 4112 posset?
1931 4045 1998 4098 Et

420 4139 546 4208 quis
566 4139 784 4194 vinctus
807 4139 946 4193 adeo
980 4136 1190 4202 infelix,
1251 4145 1311 4189 ut
1348 4136 1605 4191 tenebras
1635 4145 1693 4191 et
1721 4150 1999 4191 carcerem

423 4231 562 4285 nolit
612 4228 893 4300 effugere?
936 4229 1032 4284 Sin
1074 4228 1281 4292 minus,
1332 4237 1388 4281 at
1430 4236 1580 4282 certe
1628 4243 1729 4297 pro
1787 4229 2001 4283 viribus

428 4323 571 4377 hanc
606 4321 710 4376 sibi
742 4320 1022 4376 miseriam
1064 4320 1137 4374 ita
1166 4320 1495 4373 imminuere
1519 4321 1657 4384 vult,
1685 4332 1747 4376 ut
1773 4335 2000 4392 propter

424 4416 785 4484 exiguitatem
803 4413 873 4466 ab
898 4428 963 4466 ea
984 4411 1137 4465 nullo
1154 4410 1375 4480 negotio
1392 4410 1681 4467 liberetur.
1704 4413 1874 4483 Cupis
1898 4430 1997 4468 au-

2106 3319 2448 3388 brorumque
2482 3325 2690 3372 tremor
2716 3325 2997 3385 sequetur.
3021 3313 3158 3369 Cum
3187 3312 3335 3367 enim
3376 3319 3573 3364 natura
3609 3317 3685 3377 ty-

2103 3425 2236 3481 pum
2266 3418 2323 3465 et
2361 3409 2591 3465 formam
2622 3408 2767 3463 haud
2809 3408 2944 3463 satis
2995 3420 3116 3462 sese
3163 3402 3683 3464 accommodaverit,

2107 3512 2411 3576 conceptus
2441 3505 2556 3575 ipse
2581 3514 2637 3559 et
2678 3502 2845 3568 crasi,
2879 3513 2934 3556 et
2974 3499 3304 3555 formatione
3337 3497 3683 3557 imtnutatur,

2107 3608 2464 3669 gestaturque
2500 3596 2555 3650 in
2582 3604 2742 3650 utero
2764 3592 3147 3664 opprobrium,
3184 3588 3518 3660 prodigium,
3544 3601 3687 3640 mor-

2108 3689 2235 3754 bus,
2263 3688 2616 3752 dissolutum,
2657 3684 2887 3748 foedum,
2917 3692 2973 3737 et
3008 3694 3237 3752 prorsus
3265 3678 3420 3732 mala:
3457 3675 3683 3731 habitu-

2108 3780 2277 3843 dinis,
2328 3779 2416 3833 vel
2470 3781 2524 3834 in
2566 3777 2828 3832 membris
2876 3773 3163 3834 omnibus.
3193 3772 3279 3827 vel
3308 3780 3461 3827 certe
3497 3770 3552 3823 in
3586 3768 3685 3821 ali-

2108 3874 2349 3944 quibus:
2383 3870 2632 3926 strabutn
2665 3880 2821 3938 puta,
2858 3875 3021 3921 acuto
3062 3865 3263 3935 capite,
3307 3860 3685 3933 epilepticum,

2110 3964 2386 4019 mutilum.
2438 3963 2507 4017 Et
2541 3959 2670 4015 talia
2719 3974 2849 4013 sane
2898 3958 2982 4012 vel
3032 3957 3105 4011 ob
3140 3970 3452 4017 excessum,
3498 3952 3584 4007 vel
3615 3951 3687 4004 ob

2111 4055 2387 4112 delectum
2441 4053 2619 4107 solent
2677 4050 2820 4105 ﬁeri.
2859 4048 2999 4115 gQui
3066 4046 3350 4102 moderate
3405 4041 3690 4099 amoribus

2111 4156 2364 4213 utuntur,
2405 4155 2719 4216 opportune
2776 4141 3223 4212 conjunctionem
3273 4139 3426 4193 illam
3464 4135 3687 4203 dispen-

2114 4250 2255 4297 sant.
2283 4240 2387 4305 Qui
2415 4239 2751 4308 impotenter
2786 4235 2841 4288 in
2872 4247 3131 4289 venerem
3175 4239 3367 4294 ruunt,
3397 4237 3453 4285 et
3491 4227 3689 4281 intem-

2115 4333 2326 4404 pestive
2355 4328 2732 4400 voluptatibus
2768 4327 2875 4381 illis
2921 4322 3455 4381 connuiscendorum
3496 4334 3693 4390 corpo-

2117 4439 2236 4479 rum
2306 4422 2589 4485 t’ruuntur,
2647 4420 2716 4473 iis
2771 4417 2968 4472 abusio
3020 4415 3419 4472 detrimentosa
3475 4420 3582 4475 est,
3633 4420 3692 4466 et

427 4517 537 4579 tem
562 4502 1364 4574 perturbationibusinquinari
1397 4520 1461 4559 ac
1486 4504 1655 4574 pollui
1691 4506 1999 4576 pulchritu-
2042 4544 2085 4601 υ
2115 4514 2378 4570 labuntur
2428 4513 2483 4565 in
2534 4508 2917 4581 ignominiam,
2943 4515 2999 4561 et
3035 4522 3094 4561 se
3128 4504 3463 4562 deridendus
3496 4502 3684 4573 propi-

429 4598 617 4653 dinem
646 4612 685 4651 a
715 4597 828 4651 Deo
859 4596 1062 4662 datam,
1090 4606 1145 4650 et
1171 4596 1315 4650 illam
1343 4613 1592 4667 magnam
1627 4598 1940 4669 imaginem,
1965 4599 2010 4655 si

428 4690 894 4746 resurrectionem
938 4704 1043 4758 pro
1094 4692 1543 4745 remuneratione
1594 4690 1846 4744 laborum
1901 4707 2010 4746 non

430 4785 534 4839 vis.
573 4784 639 4838 Et
667 4782 949 4854 quomodo
975 4781 1231 4836 homines
1278 4779 1525 4849 quntidie
1562 4782 1619 4836 in
1651 4780 1858 4849 ﬂagitia
1901 4796 2010 4834 non

429 4876 812 4947 prolabentur,
866 4875 911 4930 si
954 4875 1161 4929 nullam
1214 4889 1503 4943 superesse
1557 4876 2013 4930 resurrectionem

427 4970 811 5040 judiciumque
845 4968 1216 5024 crediderint?
1255 4966 1545 5034 Quomodo
1587 4984 1769 5046 porro
1787 4985 1897 5023 non
1932 4978 2016 5024 est

434 5062 762 5126 absurdum,
796 5060 1027 5115 rationis
1061 5076 1291 5115 munere
1322 5060 1668 5126 decoratum,
1708 5060 2011 5131 divinaque

435 5155 714 5225 spiraculo
747 5153 1031 5222 praelatum
1063 5152 1344 5217 omnibus,
1374 5151 1544 5206 vitam
1584 5153 1639 5206 in
1670 5167 1766 5222 spe
1801 5152 2014 5222 reposi-

435 5253 549 5299 tam
577 5244 722 5298 nolle
767 5242 992 5297 vivere?
1028 5242 1138 5313 Ego
1181 5257 1316 5296 vero
1357 5242 1523 5297 etiam
1572 5244 1745 5312 ipsam
1777 5253 2012 5298 mortem

439 5334 587 5389 haut!
636 5342 891 5398 mortem,
942 5332 1039 5387 sed
1076 5333 1455 5387 felicissimum
1503 5333 1799 5388 transitum
1833 5334 1900 5387 ad
1937 5334 2018 5387 vi-

440 5438 550 5481 tam
575 5425 734 5481 senio
766 5434 1070 5487 carentem,
1097 5435 1152 5479 et
1182 5434 1309 5494 qua:l
1328 5425 1392 5479 ad
1422 5435 1638 5497 tempus
1663 5427 2015 5496 pertulimus,

438 5534 632 5576 eorum
681 5516 1208 5583 remunerationem,
1251 5526 1308 5573 et
1347 5518 1684 5574 solutionem
1724 5520 2020 5588 quamdam

2114 4615 2245 4662 nant
2267 4603 2547 4658 omnibus.
2580 4600 2721 4654 Hinc
2758 4609 2814 4655 et
2844 4599 3183 4683 hominibus
3203 4595 3517 4652 istiusmodi
3549 4595 3695 4651 cala-

2111 4697 2333 4752 mitates
2383 4690 2511 4747 inde
2567 4705 2743 4759 usque
2781 4705 2847 4746 ex
2880 4699 3038 4744 utero
3084 4688 3276 4742 matris
3307 4686 3594 4749 eveniunt,
3638 4698 3697 4738 et

2113 4790 2392 4861 praecipue
2418 4784 2789 4841 vecordibusu
2812 4781 3067 4838 Ebrietas
3100 4792 3322 4848 quoque
3354 4786 3579 4846 propter
3608 4773 3699 4827 ni-

2116 4883 2280 4936 miam
2337 4875 2721 4947 intemperiem
2774 4873 3171 4928 detrimentosa
3217 4880 3325 4931 est,
3360 4868 3699 4938 genituram-

2116 4989 2224 5044 que
2275 4987 2384 5026 non
2448 4967 2764 5031 fecundam,
2826 4964 2922 5020 sed
2993 4963 3247 5019 inutilem
3312 4976 3383 5015 ac
3447 4958 3696 5013 sterilem

2119 5064 2321 5120 reddit.
2381 5061 2521 5116 Hinc
2576 5055 3035 5128 reprehendenda
3086 5052 3452 5121 quorumdam
3501 5048 3695 5111 libido,

2111 5156 2204 5226 qui
2252 5161 2465 5209 secreta
2517 5152 2608 5205 illa
2657 5149 2962 5222 conjugalia
3000 5142 3409 5217 imprudentius
3439 5141 3692 5195 miscent.
3768 5194 3769 5197 η

2111 5248 2385 5303 Cancrum
2422 5253 2597 5298 totum
2629 5244 2843 5298 crimen
2876 5255 3047 5312 penes
3080 5247 3264 5310 patres
3318 5235 3549 5299 residet,
3599 5233 3698 5301 qui

2116 5340 2377 5394 mulieres
2421 5354 2487 5392 ex
2521 5337 2807 5392 mensibus
2856 5331 3170 5389 immundas
3217 5338 3557 5385 contrectare
3588 5340 3701 5380 non

2119 5440 2375 5501 parcunt,
2399 5428 2544 5485 unde
2571 5425 2925 5499 postmodum
2950 5423 3119 5479 foetus
3140 5418 3496 5477 abominandi
3520 5416 3702 5473 etran-

2129 5523 2339 5577 duntur
2369 5525 2407 5575 ‘.

1907 5613 2184 5674 Sehoha.

511 5719 528 5732 '
570 5714 730 5767 Aiunt
776 5714 915 5767 enim
953 5713 1171 5782 quidam
1205 5730 1266 5768 ea:
1300 5714 1663 5784 hujuscemodi
1703 5717 2017 5769 commercio

445 5792 494 5838 et
522 5784 828 5854 probrosum
861 5785 1133 5854 quiddam,
1163 5794 1211 5838 et
1257 5784 1461 5855 Iepram
1507 5787 1774 5855 generari,
1807 5795 2023 5857 prapter

2126 5706 2531 5769 redundantiam
2567 5715 2784 5770 scilicet.
2833 5714 2907 5767 Ac
2962 5714 3009 5767 si
3055 5712 3269 5782 quidem
3318 5728 3453 5764 cana
3505 5709 3701 5782 [net-int

2131 5801 2377 5854 corpora,
2404 5786 2563 5841 etiam
2593 5802 2727 5840 sana
2763 5795 2917 5839 erunt
2962 5778 3080 5847 ante
3127 5789 3467 5850 generantur.
3500 5778 3561 5835 Si
3582 5794 3702 5831 cor-
