4036 6446
289 343 397 416 845

1745 331 2104 402 DlOl’TllA.

3450 327 3549 391 846

357 460 419 515 In
451 457 577 515 aliis
616 465 800 511 autem
845 455 1348 523 incontinentibus,
1401 454 1531 508 dum
1557 467 1616 508 se
1664 470 1867 523 cogno-
1898 480 1939 524 Α
1973 460 2029 503 et
2078 463 2226 503 mors
2275 462 2478 502 niuatis
2523 444 2801 515 quoddam
2857 444 3008 499 illius
3060 442 3419 515 benignitatis
3443 455 3550 499 est.

288 559 470 617 scunt,
515 550 715 605 merito
759 549 929 604 etiam
967 548 1206 602 infantes
1262 548 1401 600 liunt
1440 545 1722 612 sicciores,
1779 561 1868 599 se-

290 645 436 699 mine
492 642 706 696 scilicet
755 641 975 696 fervore
1034 639 1384 710 voluptuario
1427 638 1688 693 arefacto.
1744 636 1870 691 llaec

289 733 735 804 intemperantiae
783 742 1001 803 patrum
1041 733 1186 787 clara
1235 741 1366 786 sunt
1415 730 1639 785 indicia.
1696 728 1865 783 Simia

286 833 512 896 generat
571 822 814 887 simiam,
877 830 937 875 ut
978 820 1235 890 zEtbiops
1273 819 1611 888 Ethiopem,
1680 819 1871 872 calvus
1913 859 1917 864 .

287 915 500 975 calvos,
556 913 798 966 morbosi
853 912 1161 966 morbosos.
1230 910 1462 980 Culpam
1519 910 1866 980 potissimum

290 1015 473 1075 patres
502 1004 797 1059 sustinent.
822 1003 891 1057 Et
917 1003 1117 1057 horum
1143 1011 1326 1057 tamen
1365 1002 1572 1056 utilitas
1598 1001 1777 1069 aliqua
1817 1000 1868 1053 in

288 1098 400 1150 vita
432 1097 707 1150 cernitur.
745 1094 1090 1149 Erudiuutur
1135 1095 1281 1149 enim
1317 1093 1593 1155 homines,
1627 1108 1696 1145 ne
1729 1107 1869 1161 prte-

288 1189 491 1260 cipites
558 1189 761 1243 abeant
815 1188 871 1242 in
933 1187 1229 1242 obscenam
1279 1186 1657 1274 .voluptatem.
1722 1198 1862 1237 neve

289 1280 481 1350 proles
524 1278 579 1332 in
612 1278 855 1333 dedecus
884 1276 1103 1332 familia
1138 1287 1463 1348 propagent,
1510 1277 1742 1330 aliorum
1771 1276 1872 1331 de-

290 1372 440 1427 lictis
488 1369 589 1441 ipsi
643 1371 944 1436 cautiores,
1002 1369 1251 1440 ﬁuntque
1308 1371 1444 1425 tales
1493 1368 1740 1439 magistri
1794 1368 1873 1423 rei

291 1465 518 1535 optima:
551 1463 792 1525 caeteris,
822 1472 933 1518 etva
967 1462 1151 1533 priore
1176 1462 1410 1517 stultitia
1437 1462 1504 1517 ad
1535 1463 1703 1517 vitam
1737 1470 1875 1516 tem—

294 1566 581 1627 perantem
608 1557 1008 1626 melioremque
1042 1571 1100 1610 se
1135 1564 1488 1621 convertunt,
1522 1570 1588 1609 ac
1612 1555 1879 1609 laudabili

294 1658 427 1703 sunt
474 1647 751 1717 exemplo.
804 1647 1070 1701 Dominus
1111 1647 1259 1700 enim
1306 1646 1400 1716 qui
1434 1655 1572 1701 nutu
1600 1656 1658 1701 et
1702 1647 1877 1702 verbo

292 1740 532 1795 sustinet
559 1739 766 1805 omnia,
800 1739 975 1793 multo
1011 1748 1139 1793 ante
1174 1739 1534 1808 prostiicieus,
1561 1739 1696 1808 quid
1727 1755 1797 1794 ex
1821 1754 1881 1794 re

1976 541 2243 596 Rationes
2279 547 2465 594 autem
2527 538 2842 601 abortuum,
2896 548 2953 591 et
2982 537 3262 607 quomodo
3306 536 3554 606 qumdam

1978 637 2035 690 in
2061 634 2448 705 conceptione.
2480 632 2585 687 alia
2623 641 2747 701 post
2789 632 3234 700 conceptionem,
3285 632 3390 684 alia
3433 640 3557 700 post

1981 725 2366 780 formationem
2420 725 2570 779 intus
2618 733 2868 793 pereant,
2899 722 3034 785 hac,
3073 721 3319 791 inquam,
3368 722 3557 776 divino

1973 816 2185 887 judicio
2239 826 2296 871 et
2329 804 2752 886 sapientissimis
2783 813 3128 883 dispicienda
3157 813 3552 882 relinquamus.

2590 926 2818 983 CAPUT
2854 927 2949 981 XI.

1983 1020 2256 1087 Quomodo
2296 1020 2541 1074 diabolus
2588 1020 2969 1090 superseminet
3024 1019 3080 1070 in
3126 1019 3320 1090 animis
3364 1021 3555 1071 nostris

2050 1093 2284 1152 zizania.
2313 1099 2361 1143 et
2390 1092 2576 1161 quibus
2608 1088 2770 1143 armis
2811 1091 2858 1142 ei
2885 1090 3182 1142 resistatur.
3214 1088 3393 1152 Quare
3419 1090 3560 1142 aisa-

2053 1164 2142 1216 nia
2168 1164 2289 1216 hinc
2319 1163 2470 1215 evelli
2497 1161 2631 1214 Deus
2667 1177 2770 1214 non
2804 1162 2967 1216 sinat.
3404 1179 3413 1187 ·

2053 1280 2252 1333 Astus.
2303 1278 2535 1332 Satanas
2582 1293 2770 1347 porro,
2819 1279 3045 1347 quinam
3098 1276 3270 1329 instar
3320 1273 3460 1329 furis
3503 1274 3559 1327 in

1982 1372 2146 1425 corda
2174 1380 2447 1440 penetrat,
2479 1378 2533 1423 et
2568 1370 2886 1425 hominibus
2913 1366 3319 1423 dormientibus
3359 1367 3443 1433 (ut
3477 1382 3566 1420 sa-

1984 1478 2079 1518 cra
2111 1462 2395 1534 Scriptura
2431 1462 2692 1532 loquitur)
2719 1463 2932 1532 impura
2960 1470 3017 1516 et
3039 1460 3276 1530 pessima
3308 1459 3375 1514 ad
3408 1459 3566 1513 falla—

1988 1557 2129 1611 ciam
2157 1564 2213 1611 ct
2245 1556 2629 1625 deccptionem
2665 1557 2911 1608 omnium
2940 1553 3149 1608 zizania
3195 1554 3434 1607 seminat
3482 1551 3566 1603 "'l

1988 1650 2059 1705 Et
2109 1663 2347 1718 quonam
2396 1647 2558 1700 modo
2606 1644 3046 1714 improbissimus
3099 1659 3131 1698 a
3183 1645 3341 1697 nobis
3384 1641 3566 1712 repel-

1989 1737 2175 1794 latur?
2206 1737 2363 1803 Quod
2393 1738 2438 1791 si
2472 1737 2577 1790 hoc
2608 1735 2764 1790 facile
2789 1751 2897 1788 non
2927 1744 3030 1796 est,
3058 1749 3168 1803 quo
3200 1745 3357 1802 pacto
3382 1741 3566 1785 tamen

294 1833 568 1903 cujusque
611 1830 703 1897 sit,
742 1829 858 1883 haec
887 1845 1082 1899 passus
1108 1840 1195 1884 est
1229 1829 1485 1885 accidere
1532 1830 1677 1884 inter
1703 1828 1882 1893 homi-
1915 1841 1955 1894 Β
1983 1831 2294 1886 daemonum
2328 1829 2589 1898 impetus,
2646 1837 2701 1882 et
2751 1827 2969 1881 divinas
3012 1825 3367 1880 incitationes
3409 1824 3563 1893 quis-

295 1936 397 1977 nes
422 1930 483 1974 ut
510 1936 618 1974 non
661 1935 855 1975 omnes
883 1920 1104 1990 impure
1136 1936 1202 1975 ac
1225 1920 1370 1976 finde
1398 1930 1752 1989 generentur,
1785 1920 1881 1975 sed

296 2005 422 2069 aliis
470 2013 694 2083 quidem
727 2021 1036 2083 symptoma
1085 2011 1291 2066 fructui
1322 2013 1415 2078 sit,
1452 1998 1666 2065 alicubi
1696 2011 1763 2065 ad
1797 2012 1878 2065 fu-

299 2104 497 2177 gienda
548 2103 702 2171 vitia,
753 2104 956 2174 quibus
1014 2103 1367 2159 irretirentur
1428 2103 1724 2159 conducat.
1763 2102 1884 2157 Non

272 2204 285 2219 ‘
304 2208 482 2250 tamen
510 2203 770 2265 parentes
794 2203 994 2250 vacant
1018 2194 1276 2262 crimine,
1303 2193 1520 2248 etiamsi
1554 2193 1718 2248 liberi
1747 2209 1777 2249 a
1795 2209 1887 2248 ca-

301 2288 455 2342 sibus
501 2302 642 2357 quos
669 2286 1108 2355 percensuimus,
1147 2286 1449 2341 miserante
1478 2286 1610 2351 Dec,
1631 2300 1886 2355 pra-ser—

304 2389 521 2437 ventur.
549 2379 670 2434 Alia
709 2376 1060 2434 incommoda
1102 2378 1172 2432 ab
1210 2387 1369 2433 utero
1398 2394 1572 2447 usque
1598 2377 1887 2447 accipiun-

304 2482 390 2525 tur
410 2475 449 2525 ‘.
491 2470 558 2524 Et
586 2471 672 2524 lex
695 2470 961 2541 praeclara
999 2468 1434 2524 Lacedaemoniis
1462 2469 1590 2531 fuit,
1615 2485 1738 2539 quae
1767 2485 1888 2524 mu-

302 2561 478 2616 liebre
518 2577 692 2632 genus
727 2559 1134 2615 certaminibus
1176 2559 1428 2615 exerceri
1458 2560 1693 2615 ludicris
1726 2560 1891 2631 jube-

307 2651 421 2717 bat,
472 2668 583 2721 quo
631 2652 891 2707 robustos
950 2652 1159 2706 liberos
1202 2662 1555 2723 generarent.
1591 2653 1712 2708 Alia
1756 2669 1891 2709 vero

311 2750 432 2811 post
464 2751 645 2797 ortum
673 2741 930 2798 accidunt
957 2742 1190 2799 utiliter.
1226 2743 1459 2809 Quidam
1498 2753 1725 2814 aspectu
1757 2759 1890 2799 usu—

317 2843 549 2890 ruserat
594 2836 758 2898 male,
791 2835 967 2890 oculis
997 2836 1226 2891 orbatus
1272 2845 1380 2891 est.
1437 2836 1594 2891 Alius
1638 2836 1893 2891 addictus

318 2933 403 2979 est
441 2925 710 2990 servituti,
759 2926 906 2996 quod
949 2927 1025 2980 illi
1071 2928 1321 2997 prodest.
1376 2928 1536 2983 Alius
1594 2937 1680 2983 est
1730 2938 1893 2984 natus

315 3032 542 3088 pauper,
584 3033 751 3088 quem
802 3018 1026 3074 divitias
1060 3020 1265 3075 habere
1317 3036 1427 3075 non
1473 3022 1777 3087 convenit;
1820 3023 1888 3078 iis

312 3112 461 3165 enim
511 3110 578 3166 ad
632 3111 936 3182 perniciem
983 3128 1140 3167 suam
1179 3114 1527 3170 abuteretur.
1561 3115 1737 3169 Alteri
1783 3116 1894 3171 lin-

310 3296 527 3353 ezaruit
542 3312 763 3362 manus,
804 3314 970 3367 quam
1000 3313 1261 3368 perverse
1287 3310 1622 3354 extensurus
1650 3309 1792 3355 erat.
1824 3301 1895 3358 Et

312 3391 401 3447 his
425 3406 588 3447 casus
615 3391 704 3446 isti
728 3391 863 3446 boni
895 3402 1025 3446 sunt

381 3482 590 3539 Verum
623 3482 1000 3538 animadverte
1039 3491 1247 3553 quanta
1274 3482 1347 3539 sit
1391 3485 1609 3543 Domini
1649 3488 1907 3560 benigni-

313 3586 421 3632 tas.
450 3576 708 3631 Misertus
733 3576 881 3630 enim
906 3575 1226 3630 humaniter
1255 3576 1341 3630 sui
1381 3578 1688 3646 plasmatis,
1727 3582 1894 3636 etiam

312 3668 422 3721 ista
451 3668 521 3721 ad
552 3667 849 3722 Utilitatem
890 3668 1015 3738 ejus
1060 3665 1267 3720 direxit
1313 3669 1726 3739 convertitque.
1761 3669 1904 3736 Quin

390 3802 455 3841 "
478 3805 673 3863 ωδ.
700 3764 829 3873 ἰιιι,
858 3805 950 3861 25.
1031 3805 1047 3837 ¹
1078 3805 1236 3860 Joan.
1273 3821 1383 3869 xxv,
1414 3805 1502 3859 25.

1984 1923 2130 1994 piam
2167 1930 2485 1991 cognoscat,
2539 1936 2608 1974 ex
2658 1934 2770 1989 quo
2805 1932 2963 1972 tuens
3011 1919 3153 1970 lona
3186 1925 3241 1970 et
3291 1916 3434 1970 mala
3473 1916 3570 1969 tle-

1986 2015 2315 2088 prehendat,
2340 2024 2506 2083 atque
2529 2010 2911 2067 internoscat?
2934 2017 2994 2063 ut
3025 2009 3254 2079 proinde
3282 2025 3341 2063 se
3371 2008 3567 2079 procul

1987 2115 2291 2172 removeat,
2323 2117 2381 2161 et
2409 2104 2564 2160 omni
2598 2103 2955 2159 contentione
2990 2103 3098 2157 tela
3129 2101 3296 2156 Belial
3329 2109 3568 2166 avertat,

1988 2196 2289 2267 reddatque
2327 2196 2571 2248 Domino
2605 2193 2908 2264 hospitium
2943 2192 3395 2255 tnundissitnum,
3438 2206 3570 2260 pur-

1988 2305 2124 2361 gans
2159 2304 2217 2344 se
2264 2296 2438 2343 totum
2486 2289 2556 2340 ab
2609 2285 3047 2356 inquinamentis
3087 2284 3471 2346 interioribus,
3510 2293 3570 2338 ut

1989 2380 2264 2435 inhabitet
2288 2379 2460 2450 gratia
2495 2378 2548 2431 in
2586 2377 2753 2432 corde
2781 2378 2922 2449 ejus,
2947 2389 3003 2431 et
3033 2376 3173 2446 apud
3207 2376 3383 2445 ipsum
3412 2375 3572 2429 Pater

1989 2488 2116 2528 cum
2146 2472 2329 2528 Verbo
2380 2473 2721 2526 mansionem
2758 2470 2922 2525 faciat
2954 2471 2993 2522 ι.
3040 2469 3109 2523 Ει
3146 2467 3280 2537 quid
3323 2468 3398 2521 ita
3428 2468 3573 2521 Deus
3625 2511 3629 2514 .

1992 2565 2340 2620 daemonibus
2367 2565 2433 2618 ad
2461 2564 2894 2634 oppugnandum
2923 2577 3101 2633 genus
3123 2562 3428 2617 humanum
3449 2576 3575 2632 per-

1994 2658 2214 2712 mittere
2247 2657 2456 2712 aditum
2490 2658 2708 2712 voluit?

2063 2750 2229 2805 Cano.
2284 2751 2494 2804 Plastes
2549 2750 2663 2814 ille,
2715 2764 2839 2804 cum
2876 2747 3178 2802 efﬂuxisset
3219 2746 3350 2801 olim
3397 2746 3574 2801 homi—

1994 2859 2143 2909 nem,
2175 2854 2236 2897 ut
2273 2849 2441 2908 nosti,
2477 2842 2715 2896 animam
2763 2850 2817 2895 et
2849 2840 2954 2894 alia
2983 2839 3034 2894 ei
3089 2838 3380 2908 inspiravit
3411 2849 3576 2906 atque

1996 2935 2249 2998 immisit.
2316 2944 2810 3002 creaturarumque
2888 2931 3236 2987 terrestrium
3289 2929 3575 2985 dominum

1998 3026 2307 3081 constituit.
2354 3025 2624 3081 Caeterum
2673 3023 2893 3079 invidia:
2956 3037 3181 3092 parens,
3237 3031 3295 3076 et
3364 3022 3578 3091 primus

1937 3166 1962 3190 ._
1997 3129 2265 3190 apostata,
2310 3118 2518 3187 iniquis
2557 3116 2734 3171 oculis
2771 3114 3210 3186 magnitudinem
3257 3114 3376 3184 ejus
3413 3114 3580 3167 intui-

312 3220 416 3274 gua
447 3214 536 3260 est
559 3206 843 3275 impedita,
872 3206 966 3276 qui
997 3206 1306 3277 garrulitati
1340 3206 1639 3262 serviisset.
1664 3205 1892 3263 Cuidam
1922 3183 1964 3241 θ

2001 3219 2112 3275 tus,
2149 3209 2368 3273 invidit,
2408 3219 2466 3263 et
2497 3216 2701 3262 tantam
2752 3207 2873 3277 ejus
2906 3205 3136 3276 gloriam
3166 3220 3311 3274 aegre
3344 3203 3487 3266 tulit,
3522 3214 3581 3256 et.

2001 3303 2149 3374 quod
2176 3303 2331 3368 fecit,
2363 3301 2572 3357 invidia
2603 3315 2732 3371 erga
2762 3300 3044 3355 hominem
3076 3298 3226 3354 fecit.
3255 3298 3580 3353 Procrcator

2002 3407 2188 3452 autem
2211 3407 2267 3450 et
2288 3396 2578 3459 Dominus,
2614 3395 2760 3464 quod
2792 3393 3040 3448 futurum
3070 3400 3189 3446 erat
3213 3390 3579 3461 prospiciens,

2004 3500 2066 3541 ut.
2105 3488 2350 3557 optimus
2388 3487 2665 3557 quispiam
2707 3485 2956 3541 medicus
3000 3482 3314 3554 pharmacis
3362 3495 3582 3549 compa-

2004 3580 2162 3647 ratis,
2214 3581 2475 3635 virtutem
2526 3587 2793 3633 armatam
2839 3576 3051 3632 homini
3102 3575 3170 3629 ad
3204 3589 3490 3646 pugnam,
3527 3581 3584 3624 et

2007 3672 2483 3743 propulsationem
2538 3670 2871 3741 petitionum
2929 3669 3146 3725 Satante
3192 3667 3454 3723 inseruit:
3514 3679 3582 3718 ne

1800 3920 2080 3987 Scholia.

318 4051 482 4115 rupta
513 4049 561 4115 et
601 4042 788 4115 vitiosa
824 4050 1102 4115 parentum
1139 4039 1518 4115 carpora,ﬁlii
1539 4039 1908 4115 imitabantur.

316 4111 568 4182 Pracipit
607 4114 770 4182 igitur
821 4111 926 4177 lex,
963 4122 1019 4166 ut
1071 4129 1136 4166 ne
1179 4111 1295 4183 quis
1342 4114 1411 4165 ad
1455 4111 1728 4183 mulierem
1774 4112 1912 4183 idum

318 4193 389 4238 est
457 4178 514 4254 in
586 4178 904 4254 purgatione
972 4178 1321 4237 immunditiae
1391 4196 1501 4234 sua:
1576 4181 1912 4254 ingrediatur

321 4253 521 4322 (Levit.
572 4251 661 4318 iv,
692 4251 820 4323 ⁷19).
867 4252 1130 4323 Contingit
1179 4268 1405 4322 namque
1447 4266 1636 4315 corpus
1680 4251 1779 4302 viri
1808 4253 1912 4303 im-

317 4340 457 4391 puro
504 4325 759 4393 sanguine
818 4322 1069 4377 mulieris
1104 4324 1458 4383 commistum,
1517 4336 1705 4389 corpus
1763 4337 1918 4393 gene-

319 4409 449 4447 rare
487 4391 701 4446 minime
730 4409 945 4463 purum,
987 4409 1081 4446 nec
1111 4393 1236 4463 bene
1265 4399 1651 4463 temperatum;
1694 4391 1785 4443 sed
1817 4408 1913 4444 va-

319 4465 415 4536 riis
452 4454 1058 4536 aﬂ‘ectibus'obnomium.
1112 4460 1234 4536 llaec
1269 4454 1429 4536 mala
1462 4460 1731 4536 legislafor
1782 4470 1907 4515 ante
1941 4454 1983 4524 D
2011 4477 2059 4518 et
2098 4476 2310 4533 promer
2340 4466 2451 4520 caeli
2477 4468 2683 4536 imaque

317 4531 509 4588 uolens
532 4533 785 4596 cohibere,
816 4542 966 4586 natos
993 4549 1054 4586 ea:
1085 4531 1181 4585 tuli
1213 4532 1489 4585 concubitu
1531 4531 1702 4600 ejecit,
1741 4540 1786 4582 et
1816 4549 1905 4584 saw

319 4606 430 4658 cris
475 4604 658 4672 septis,
709 4603 1142 4672 conventibusque
1183 4600 1423 4672 exclusit,
1476 4610 1531 4672 ut
1574 4602 1761 4653 horum
1808 4619 1904 4667 pa-

320 4681 500 4726 rentes
527 4671 628 4724 non
660 4672 887 4726 audeant
923 4673 986 4724 de
1015 4671 1200 4726 caetero
1243 4671 1348 4725 tale
1395 4671 1519 4739 quid
1558 4672 1899 4724 committere.

323 4744 393 4797 Et
429 4759 741 4812 quanquam
782 4744 980 4812 nuptiae
1011 4742 1342 4795 honorabiles
1370 4750 1516 4802 sunt,
1543 4749 1592 4793 et
1632 4741 1799 4812 cubile
1830 4740 1905 4793 le-
1950 4750 1957 4753 ‘

324 4811 791 4884 gitimumUlcbr.
812 4811 938 4884 Διίίιι,
973 4813 1049 4879 ι),
1085 4829 1186 4864 non
1221 4822 1400 4865 tamen
1417 4826 1622 4879 semper
1644 4811 1697 4863 id
1724 4828 1908 4864 ascen-

326 4882 725 4937 dendumased
765 4882 942 4953 aliquo
997 4886 1230 4950 tempore
1260 4886 1576 4953 vacandum,
1614 4888 1662 4932 et
1689 4892 1906 4953 natant:

327 4953 743 5016 concedendum,
778 4950 940 5007 donec
983 4961 1290 5021 purgatum,
1339 4950 1514 5004 liberis
1562 4951 1905 5019 suscipiendis

327 5023 428 5076 lict
451 5023 720 5079 idoneum.

404 5099 419 5112 '
450 5091 569 5156 Qua
599 5092 661 5144 de
689 5110 850 5147 causa
881 5093 1152 5163 legislator
1185 5091 1436 5163 leprosos,
1465 5096 1688 5162 aliisque
1715 5092 1907 5144 morbis

327 5162 545 5235 affectos
570 5165 737 5217 sacris
767 5162 943 5232 septis
963 5162 1349 5235 prohibuit?_ut
1380 5175 1661 5235 parentum
1680 5163 1907 5235 inconti-

326 5229 570 5304 nentiam
593 5229 923 5304 reprimeret,
951 5229 1001 5304 et
1026 5229 1615 5304 voluptatibus'frenum
1646 5231 1906 5304 inliceret,

327 5303 863 5373 conjunctionemque
929 5302 1084 5356 illaut
1159 5302 1439 5370 corporum
1493 5303 1726 5373 terminis
1790 5303 1908 5370 qui-

330 5371 558 5425 busdam
578 5371 1056 5426 circumscriberet:
1075 5373 1501 5441 quandoquidem
1532 5372 1707 5434 multi,
1739 5387 1842 5440 qua
1852 5387 1914 5423 n-

330 5441 401 5493 do
442 5441 584 5513 haud
621 5442 725 5511 fas.
756 5442 963 5511 {entinis
1008 5444 1315 5503 miscentur,
1358 5454 1406 5496 ct
1440 5460 1503 5497 ea:
1548 5443 1912 5509 intempestivo

331 5527 615 5583 congressu
639 5514 850 5580 impura
890 5529 1111 5583 corpora
1141 5514 1479 5583 progignunt.
1520 5513 1628 5567 Hoc
1654 5513 1818 5580 igitur
1849 5527 1914 5563 ne

328 5579 435 5645 [ist
461 5582 697 5652 divinum
716 5579 920 5635 numen
953 5579 1202 5648 providet.
1235 5579 1374 5636 Nam
1409 5601 1527 5637 cum
1561 5579 1808 5652 parentes
1832 5583 1913 5633 ui-

331 5655 486 5711 dent,
527 5651 659 5705 tales
682 5654 852 5705 sacris
881 5655 1215 5705 conventibus
1245 5656 1437 5716 arceri,
1470 5661 1518 5707 et
1562 5651 1782 5706 Causam
1815 5654 1912 5704 liu-

322 5720 431 5794 jus
472 5722 546 5774 rei
588 5722 1022 5776 incontinentiam
1059 5736 1215 5776 suam
1252 5739 1361 5777 esse
1398 5726 1650 5794 cogitant,
1694 5724 1914 5791 perenni

334 5790 522 5843 dolore
547 5795 877 5847 cruciantur.

2084 4049 2121 4065 “
2146 4044 2552 4099 Ixrennocano.
2584 4044 2722 4109 Quid
2746 4048 2823 4098 ita
2841 4044 3050 4098 tandem
3073 4044 3249 4110 ntulti,
3274 4048 3585 4116 priusquam

2013 4123 2221 4185 wtatem
2261 4132 2376 4168 eam
2419 4117 2706 4183 attingant,
2761 4133 2863 4185 qua
2910 4117 3262 4169 internoscere
3303 4118 3493 4170 ῡιιηιιηι
3553 4138 3585 4172 α

2015 4184 2156 4256 malo
2188 4196 2405 4253 queunt,
2440 4187 2593 4246 quasi
2618 4184 2784 4254 magis
2810 4184 3051 4254 impliciti
3073 4185 3376 4248 sceleribus,
3403 4206 3585 4256 pientis

2019 4255 2212 4308 luunt?
2237 4259 2394 4309 lisse.
2436 4256 2606 4325 Hujus
2660 4259 2734 4309 rei
2788 4273 2891 4308 non
2926 4273 3035 4309 una
3073 4257 3164 4308 sed
3207 4255 3500 4324 complures
3539 4269 3587 4311 et

2016 4327 2233 4397 diuersa:
2266 4339 2386 4397 sunt
2409 4342 2600 4379 causa}.
2634 4326 2830 4397 Nempe
2858 4336 2906 4378 et
2936 4335 3150 4396 propter
3180 4339 3462 4395 parentum
3491 4332 3590 4382 im—

2019 4396 2276 4448 modicam
2304 4396 2591 4451 libidinem.
2628 4410 2673 4448 et
2700 4396 2914 4466 prbptcr
2947 4397 3282 4449 educator-um
3313 4398 3588 4460 desidiam,

2693 4416 2914 4519 propter
2947 4416 3282 4449 L’ttttt'alm'ttm
3313 4416 3588 4460 aestatum,

2714 4469 2914 4524 ilatem.
2945 4475 2991 4518 et
3017 4477 3226 4535 promer
3251 4466 3359 4519 alia
3400 4469 3589 4532 multa,

2009 4536 2369 4603 huiuscemodi
2411 4536 2742 4591 calamitates
2777 4546 2991 4607 possunt
3039 4541 3262 4589 evenire.
3302 4537 3589 4597 Praeterea.

2012 4610 2201 4659 multos
2241 4607 2455 4659 illorum
2498 4610 2634 4662 uouit
2684 4607 2819 4660 Deus
2872 4610 2982 4676 fore
3025 4608 3315 4676 improbos.
3367 4608 3499 4660 Eunt
3530 4613 3592 4662 ob

2010 4693 2120 4728 rem
2182 4677 2449 4746 suppliciis
2513 4677 2807 4731 istiumodi
2874 4675 3037 4729 ueluti
3101 4675 3435 4743 compcdbus
3507 4694 3592 4731 eos

2010 4756 2230 4800 coercet.

2080 4820 2138 4839 ⁹”
2172 4817 2516 4872 Anastasius.
2563 4816 2735 4870 Nescit
2778 4819 2940 4885 igitur
2989 4815 3250 4877 diabolus,
3302 4824 3482 4867 utrum
3522 4827 3595 4870 stt

2009 4888 2150 4941 intus
2200 4892 2256 4941 in
2304 4888 2543 4940 cordibus
2592 4884 3081 4948 nostris’Cltristus,
3120 4900 3278 4936 necne
3315 4885 3446 4937 :sed
3475 4903 3596 4938 cum

2012 4966 2059 5008 te
2083 4958 2266 5011 viderit
2298 4959 2632 5015 irascentem,
2677 4964 2769 5007 aut
2803 4955 3104 5024 jurantem,
3145 4965 3239 5024 aut
3282 4956 3463 5022 turpia
3511 4956 3592 5007 la-

2011 5036 2275 5095 qttrnlem,
2302 5038 2391 5079 aut
2427 5023 2843 5088 maledicentiam,
2871 5035 2963 5078 aut
2985 5025 3049 5076 de
3066 5024 3184 5076 aliis
3206 5023 3595 5088 detrahentem,

2014 5107 2103 5148 aut
2128 5098 2261 5149 alios
2296 5106 2491 5149 temere
2508 5096 2868 5167 judicantem,
2895 5105 2991 5167 aut
3022 5096 3141 5147 odio
3171 5105 3592 5162 prosequentem.

2013 5177 2107 5218 aut
2136 5167 2470 5229 invidentem,
2509 5164 2605 5220 aut
2632 5167 2859 5235 injurias
2891 5164 3239 5234 irrogantem.
3273 5175 3365 5218 aut
3402 5183 3595 5232 super-

2014 5235 2236 5289 bientem
2279 5247 2369 5288 aut
2415 5237 2691 5290 immodice
2722 5236 2996 5296 ridentem,
3034 5244 3124 5287 aut
3167 5252 3333 5304 supra
3380 5236 3513 5290 alios
3542 5256 3600 5290 su

2015 5307 2336 5376 eﬂ'erentem,
2384 5316 2477 5359 aut
2525 5323 2627 5360 non
2671 5306 2881 5357 assidue
2924 5320 3256 5375 precantem,
3312 5310 3601 5376 mortisque

2014 5373 2399 5436 immemorem,
2436 5385 2546 5428 tum
2596 5377 2762 5428 Deum
2796 5373 3063 5428 custbdem
3099 5385 3256 5442 atque
3297 5373 3600 5429 curatorem

2017 5452 2166 5499 tuum
2193 5448 2248 5500 in
2282 5448 2463 5499 anima
2490 5455 2583 5499 tua
2628 5446 2771 5499 haud
2804 5448 2972 5499 utesse
3018 5446 3168 5498 intcll
3193 5448 3286 5514 git,
3324 5456 3479 5508 atque
3521 5447 3601 5497 ita

2017 5516 2080 5567 de
2107 5526 2317 5577 C(L’lGTO,
2350 5528 2606 5585 tanquam
2654 5518 2739 5584 [ur
2783 5518 3045 5585 ingressus
3094 5515 3186 5567 ille
3221 5516 3506 5582 malignus.
3542 5521 3602 5565 nt

2020 5587 2194 5639 divina
2226 5588 2441 5638 lucerna
2476 5588 2528 5639 in
2561 5587 2714 5638 corde
2754 5584 2851 5637 tuo
2874 5603 2977 5638 non
3009 5584 3231 5644 lucente,
3267 5589 3462 5635 animo:
3497 5592 3602 5635 tum

2019 5658 2213 5709 donum
2235 5656 2598 5724 deprwdutur.
2632 5656 2840 5708 Etenim
2873 5654 3137 5707 (Immone.
3179 5668 3353 5724 rerum
3387 5665 3602 5705 nostru-

1946 5788 1951 5795 1
2020 5743 2135 5780 rum
2164 5723 2396 5796 ignaros,
2425 5744 2516 5779 nos
2551 5743 2744 5796 gnaros
2774 5724 2932 5793 culpa
2966 5734 3145 5777 nostra
3185 5723 3453 5790 e/Iicimus.
