4036 6450
403 332 512 397 847

399 538 632 593 neribus
659 552 785 592 eum
815 535 965 589 nullo
990 533 1213 604 negotio
1243 540 1620 602 prosterneret
1666 542 1833 601 atque
1858 546 1985 585 cou-

398 632 610 687 ﬁceret.
672 628 999 697 Duplicibus
1069 638 1234 695 porro
1285 635 1343 680 et
1406 623 1737 679 ﬁrmissimis
1809 623 1980 677 armis

394 736 523 777 cum
583 716 966 775 communivit.
1026 714 1103 770 Ea
1144 724 1276 770 sunt
1323 715 1601 786 cupiditas
1650 726 1703 768 et
1743 715 1840 770 ira:
1873 715 1977 767 vis.

391 812 523 879 Quae
554 823 867 881 quanquam
898 807 954 862 in
990 821 1057 862 ea
1095 816 1252 877 parte
1286 807 1484 862 anima-
1508 816 1821 870 versantur,
1857 822 1981 875 quae

389 901 607 958 consilii
648 916 849 971 expers
877 908 983 963 est,
1036 899 1186 969 quod
1233 913 1397 954 nemo
1432 901 1753 970 negaverit,
1775 898 1980 952 nihilo-

392 994 576 1049 minus
608 992 809 1048 rationi
848 992 915 1047 ad
953 991 1222 1046 auxilium
1269 1000 1328 1046 et
1369 991 1544 1046 robur
1574 990 1877 1061 quoddam,
1911 992 1978 1044 ad

388 1086 739 1141 seductorem
761 1084 1172 1149 lacessendum,
1214 1082 1687 1154 persequendum,
1713 1093 1879 1154 atque
1910 1084 1977 1138 ad

386 1193 672 1235 sacrarum
705 1177 989 1232 actionum
1024 1186 1230 1231 rectam
1258 1175 1627 1242 iunctionem,
1659 1176 1866 1246 quibus
1891 1175 1977 1230 di-

384 1270 575 1324 vinum
602 1282 810 1323 numen
843 1266 1185 1333 hominibus,
1216 1250 1675 1335 quorum'mores
1706 1278 1763 1322 et
1792 1268 1978 1322 studia

382 1362 450 1418 ad
495 1362 844 1418 sanctitatem
900 1359 1177 1424 feruntur,
1213 1358 1501 1414 conciliari
1548 1359 1709 1422 solet,
1748 1358 1875 1413 data
1920 1368 1977 1414 et

379 1469 647 1509 concessa
685 1461 837 1508 sunt.
869 1451 996 1507 H330
1022 1451 1137 1506 duo
1169 1450 1372 1520 ecquid
1409 1450 1832 1515 animadvertis,
1862 1462 1979 1504 tan-

381 1563 546 1619 quam
579 1557 784 1601 matres
812 1545 1089 1599 virtutum
1115 1552 1174 1597 et
1204 1542 1471 1597 vitiorum
1499 1541 1660 1597 esse?
1695 1551 1974 1597 verumta-

382 1655 507 1694 men
541 1654 651 1694 non
692 1638 943 1693 omnium
979 1649 1235 1707 prorsus,
1274 1635 1373 1691 sed
1418 1651 1542 1705 quas
1575 1651 1643 1691 ex
1676 1635 1815 1704 ipsis
1848 1650 1973 1705 pro-

380 1733 529 1805 gigni
595 1737 1030 1794 consueverunt,
1106 1742 1232 1798 qua:
1295 1728 1473 1781 oratio
1525 1736 1719 1781 nostra
1772 1726 1977 1782 clarius

380 1824 814 1881 demonstrabit.
862 1821 944 1876 Tu
991 1821 1241 1875 animum
1300 1819 1387 1875 {ac
1434 1820 1711 1886 attendas,
1758 1827 1816 1874 et
1860 1833 1975 1874 rem
2008 1814 2053 1874 B

380 1934 602 1975 omnem
622 1932 944 1989 cognosces.
964 1913 1301 1985 Cupiditatis
1323 1927 1549 1984 germen
1585 1921 1671 1966 est
1704 1912 1969 1977 cbaritas,

379 2027 480 2081 per
518 2026 684 2082 quam
739 2009 795 2063 in
832 2009 1033 2087 ctplum
1078 2006 1456 2061 ascendimus.
1490 2004 1599 2059 Sed
1634 2005 1784 2060 enim
1835 2004 1972 2060 libet

377 2105 691 2161 accuratius
732 2118 902 2174 super
946 2102 1055 2157 hoc
1097 2100 1408 2172 disputare.
1456 2098 1648 2169 Cogita
1702 2098 1867 2165 iram,
1915 2108 1973 2155 et

376 2195 738 2267 cupiditatem
772 2194 1021 2251 triticum
1049 2209 1174 2251 esse
1210 2194 1443 2259 bonum,
1471 2202 1530 2248 et
1556 2193 1727 2249 tritici
1755 2209 1970 2260 semen,

377 2287 527 2357 quod
562 2287 680 2357 ipse
711 2286 951 2357 agricola
994 2294 1051 2342 et
1079 2286 1358 2356 plautator
1395 2285 1669 2340 bonorum
1701 2286 1971 2340 Dominus

376 2380 594 2435 cultura
645 2379 968 2446 intrinseca,
1006 2379 1185 2449 gratia
1220 2377 1510 2433 manifesta
1559 2380 1970 2448 supersemina-

376 2471 478 2525 vit.
509 2470 733 2526 Primus
753 2469 923 2542 igitur
950 2469 1118 2524 homo
1148 2484 1454 2525 conversus
1480 2478 1566 2525 est
1601 2470 1655 2524 in
1688 2484 1965 2540 soporem,

378 2573 440 2617 ut
473 2562 637 2618 docet
669 2562 953 2633 Scriptura
981 2564 1023 2616 '.
1076 2561 1183 2617 Sed
1230 2578 1486 2633 soporem
1530 2562 1678 2617 hunc
1722 2563 1968 2633 intelligo

377 2665 491 2711 tres
524 2654 692 2710 hasce
734 2654 1044 2725 passiones,
1085 2655 1442 2721 oblivionem,
1498 2655 1863 2726 ignorantiam
1910 2664 1967 2711 et

374 2757 657 2819 stuporem
687 2749 728 2801 ‘.

441 2838 705 2894 Inimicus
727 2853 859 2910 ergo
892 2837 1299 2894 dormientibus
1323 2837 1686 2909 protoplastis
1716 2838 1859 2894 clam
1888 2840 1958 2895 ad

370 2932 671 3003 perniciem
722 2931 888 2987 tritici
937 2931 1147 2985 zizania
1192 2932 1451 2986 seminat.
1501 2931 1727 2987 Zizauia
1773 2943 1958 2988 autem

370 3031 501 3079 sunt
528 3023 825 3079 adi-.ctuum
856 3021 1102 3094 agitatio,
1132 3030 1189 3077 et
1212 3023 1411 3094 judicii
1446 3023 1790 3094 depravatio.
1828 3025 1961 3082 lude

369 3133 494 3172 cum
523 3133 584 3173 se
608 3117 774 3172 homo
796 3124 988 3172 contra
1027 3115 1301 3172 rationem
1329 3115 1709 3186 voluptatibus
1751 3117 1964 3172 submi-

368 3210 549 3276 sisset,
574 3209 723 3281 quod
768 3208 1121 3279 praestantius
1169 3217 1274 3273 est,
1329 3207 1594 3263 deteriori
1643 3210 1964 3266 servitutem

368 3302 577 3357 servire
603 3300 807 3370 coepit;
860 3314 972 3369 quo
1021 3297 1160 3351 nihil
1210 3298 1403 3368 pejus;
1447 3298 1552 3352 hoc
1601 3305 1705 3373 est,
1741 3299 1971 3368 spiritus

366 3390 677 3463 prudentia:
697 3388 905 3455 carnis,
923 3402 978 3445 et
1005 3389 1246 3444 comedit
1265 3388 1412 3459 quod
1433 3389 1674 3444 comedit
1690 3389 1758 3445 de
1778 3391 1926 3462 ligno
1951 3410 1967 3452 :

366 3485 738 3556 quodcunque
759 3480 979 3538 tandem
1005 3480 1143 3536 illud
1172 3491 1313 3546 erat,
1346 3482 1515 3552 idque
1541 3494 1724 3538 actum
1754 3484 1962 3541 invidia

367 3576 575 3632 diaboli
633 3584 691 3631 ct
739 3574 867 3630 Evze
919 3574 1294 3645 simplicitate.
1372 3574 1513 3631 Hinc
1573 3578 1963 3634 mortalitatem

366 3668 604 3734 invenit,
627 3676 685 3724 et
702 3674 960 3723 creatura
977 3675 1235 3737 corrupta
1268 3676 1355 3724 est
1384 3669 1583 3737 simul;
1620 3670 1782 3726 simul
1822 3686 1967 3742 quo-

366 3777 476 3834 que
516 3768 774 3831 corrupta
817 3760 995 3832 prima
1044 3770 1282 3831 quatuor
1328 3776 1582 3832 corpora.
1629 3764 1750 3819 Non
1814 3765 1962 3820 enim

376 3852 687 3924 oportebat,
740 3866 843 3907 nec
882 3850 1135 3918 decebat,
1182 3852 1406 3907 homine
1462 3854 1639 3922 lapso,
1687 3854 1957 3909 mundum

365 3959 589 4001 manere
635 3944 1136 4016 incorruptibilem,
1164 3946 1325 4015 cujus
1365 3943 1457 4000 ille
1505 3955 1626 4000 erat
1662 3946 1959 4003 dominus:

362 4037 460 4093 sed
518 4036 703 4107 potius
746 4051 874 4092 eum
931 4036 1158 4091 domino
1207 4033 1457 4091 dill'luere
1522 4050 1588 4090 ac
1637 4036 1831 4104 dilabi,
1904 4045 1964 4091 ut

362 4144 488 4184 cum
561 4130 868 4184 habitatore
937 4127 1314 4183 habitaculqu
1389 4137 1742 4199 congrueret.
1829 4129 1961 4184 Inde

362 4221 618 4292 imaginis
679 4217 1035 4290 pulchritudo
1088 4217 1374 4274 obfuscata
1431 4227 1537 4284 est,
1597 4218 1725 4274 inde
1775 4220 1960 4277 cordis

363 4313 517 4382 regio
549 4310 843 4365 fruticibus
880 4308 1187 4374 luxurians,
1220 4308 1366 4363 unde
1398 4323 1623 4378 germen
1677 4310 1958 4380 impurum

360 4402 713 4475 germinavit.
756 4400 986 4456 Inutiles
1032 4400 1219 4456 herbae
1257 4401 1588 4466 coorientes,
1638 4401 1959 4457 commodas

1695 328 2038 391 PHILIPPI
2073 328 2472 389 SOLITARII
3204 416 3219 437 κ
3426 395 3447 409 κ

404 448 740 515 imparatum
781 453 956 513 atque
988 441 1252 495 inermem
1286 438 1595 504 inveniens,
1633 438 1759 493 telis
1788 446 1846 494 et
1867 438 1990 493 vul-
2016 442 2069 501 Α
2096 456 2216 496 rum
2250 439 2546 495 devolutus
2566 448 2649 495 est
2678 459 2690 496 :
2723 454 2957 510 quasque
2991 449 3192 512 praeter
3225 450 3478 501 naturam
3510 458 3693 510 erant.

3593 336 3703 399 848

2099 531 2227 586 inde
2259 530 2567 587 secundum
2621 541 2875 586 naturam
2916 545 3237 601 evaserunt,
3278 538 3700 610 procedantque

2093 631 2143 677 ct
2182 624 2479 692 proficiunt
2512 623 2580 678 ad
2614 623 2775 679 linem
2802 641 2976 695 usque
3013 628 3182 699 hujus
3205 629 3333 685 vitae
3361 631 3529 686 ambo
3558 633 3696 697 hate,

2090 727 2147 770 et
2181 715 2323 770 bona
2348 723 2403 768 et
2434 715 2597 780 mala,
2634 717 2884 781 seminis,
2916 717 3163 788 inquam,
3193 732 3250 775 et
3277 721 3517 777 invidae.
3555 725 3697 779 Cum

2091 814 2277 861 autem
2306 809 2501 861 messis
2543 817 2765 877 tempus
2795 808 3106 875 advenerit,
3131 811 3461 882 eolligentur
3483 815 3689 871 omnia.

2088 898 2353 961 Inimicus
2377 899 2546 960 enim,
2581 910 2641 953 ut
2673 900 2881 954 dictum
2908 910 3015 966 est,
3043 903 3320 959 deteriora
3349 908 3693 976 supersemio

2091 989 2263 1043 navit.
2293 990 2544 1061 Agricola
2568 991 2702 1044 sinit
2723 1006 2786 1045 ea
2809 1006 2937 1046 cum
2964 993 3152 1049 tritico
3171 1010 3518 1063 excrescerc,
3575 1015 3690 1054 non

2090 1093 2151 1138 ut
2175 1083 2401 1139 meliora
2436 1084 2643 1139 semina
2678 1085 3019 1142 suﬂ'ocarent
3042 1106 3056 1141 :
3081 1089 3177 1143 sed
3207 1100 3343 1145 utet
3374 1092 3491 1147 haec
3519 1092 3686 1146 simul

2087 1176 2143 1230 in
2177 1176 2326 1231 arvis
2355 1186 2664 1238 manerent,
2705 1177 2757 1255 ijl
2799 1187 2903 1243 est,
2955 1179 3011 1233 in
3063 1181 3351 1247 cordibus,
3412 1185 3494 1238 sic
3535 1182 3688 1239 enim

2088 1268 2301 1339 tropice
2332 1269 2592 1323 vovavit:
2623 1279 2684 1323 ut
2707 1285 2777 1324 ex
2798 1270 3007 1326 virtute
3061 1272 3215 1327 intus
3256 1273 3421 1329 insita
3466 1276 3552 1345 (ea
3603 1288 3692 1335 est

2086 1362 2264 1415 virtus
2297 1370 2354 1415 et
2397 1369 2642 1430 potestas
2678 1361 2882 1416 mentis
2903 1370 2961 1416 et
2990 1364 3230 1430 consilii,
3280 1366 3417 1421 citra
3471 1380 3696 1426 centro.-

2087 1453 2343 1520 vcrsiam)
2374 1453 2576 1507 malum
2610 1469 2835 1524 germen
2858 1466 3230 1520 exaresceret,
3270 1459 3475 1515 bonum
3518 1477 3692 1535 auge-

2083 1555 2265 1601 sceret
2309 1560 2374 1599 ac
2416 1545 2798 1602 solidesceret.
2845 1546 2943 1602 Sin
2997 1548 3204 1613 minus,
3265 1560 3322 1605 at
3359 1562 3513 1608 certe
3555 1554 3691 1610 dum

2083 1653 2212 1693 area
2237 1646 2593 1709 purgaretttr,
2630 1653 2740 1709 qua
2784 1640 3112 1710 purgatione
3158 1642 3418 1699 vitiosum
3446 1660 3477 1699 a
3510 1648 3693 1717 probo

2086 1739 2478 1787 secerneretur

2705 1848 2933 1907 CAPUT
2963 1851 3076 1907 ΧΗ.

2084 1935 2159 1990 De
2191 1946 2421 2015 quatuor
2468 1940 2746 2015 virtutibus
2786 1943 3173 2015 cardinalibus,
3209 1959 3496 2015 eorumque
3545 1945 3687 1998 vitiis

2154 2011 2427 2078 oppositis.
2473 2009 2647 2084 Multa
2694 2014 2823 2084 item
2868 2013 2930 2065 de
2977 2014 3145 2067 animi
3178 2009 3681 2084 perturbationibus,

2150 2094 2270 2149 qua:
2300 2090 2348 2134 et
2376 2098 2409 2134 a
2446 2083 2631 2152 quibus
2656 2082 2936 2137 virtutibus
2961 2082 3292 2139 edomen'tur.

2153 2191 2307 2246 Mens
2343 2192 2533 2262 igitur,
2578 2193 2712 2247 illud
2754 2192 2986 2249 rationis
3033 2196 3332 2266 particeps,
3368 2197 3456 2251 vel
3498 2195 3683 2268 potius
3737 2190 3761 2211 '

2083 2283 2218 2338 illud
2252 2304 2269 2335 ι
2302 2286 2605 2339 secundum
2634 2286 2948 2357 imaginem,
2987 2306 3004 2339 ι
3040 2298 3099 2342 ut
3129 2288 3388 2359 princeps
3413 2293 3678 2361 Optimus,

2079 2373 2222 2439 aliis,
2248 2375 2536 2444 cupiditati
2567 2391 2786 2446 nempe,
2819 2386 2875 2431 et
2915 2377 3009 2432 ira:
3033 2394 3156 2448 quae
3195 2395 3346 2434 arma
3380 2382 3676 2451 appellavi,

2080 2464 2354 2534 prst'sidet.
2387 2465 2432 2519 Α
2461 2475 2645 2521 mente
2675 2466 2841 2538 igitur
2872 2469 3163 2538 prudentia
3189 2481 3243 2526 et
3273 2472 3490 2543 justitia
3513 2473 3672 2526 emo-

2080 2566 2329 2622 rcscunt,
2360 2558 2483 2612 dua:
2517 2559 2677 2628 plane
2708 2561 2969 2625 virtutes,
3007 2577 3104 2632 per
3127 2579 3266 2634 quas
3289 2565 3474 2618 onmia
3503 2565 3677 2629 bona,

2077 2664 2190 2704 nou
2240 2650 2378 2704 bona
2415 2651 2725 2708 rectissime
2771 2653 2984 2724 judicat
3018 2662 3073 2709 et
3115 2653 3406 2711 discernit.
3465 2657 3667 2713 Judicii

2076 2741 2227 2797 enim
2261 2740 2500 2797 medulla
2542 2750 2627 2798 est
2653 2743 2933 2812 discretio,
2963 2747 3085 2801 sine
3113 2762 3221 2818 qua
3272 2748 3673 2817 propemodum

2077 2834 2259 2889 omnis
2280 2834 2426 2889 actio
2452 2836 2633 2891 inanis
2656 2844 2759 2892 est.
2791 2838 3023 2893 Peccata
3050 2839 3217 2911 igitur
3239 2839 3487 2908 rationis,
3513 2842 3673 2911 cujus

2074 2935 2159 2981 est
2186 2925 2550 2997 principatus,
2588 2927 2802 2999 legibus
2834 2930 3165 2999 puniuntur,
3209 2940 3265 2985 et
3292 2931 3515 3001 quidem
3553 2947 3676 3003 gra-

2074 3019 2201 3073 vius
2234 3037 2246 3073 :
2285 3020 2382 3074 irae
2407 3028 2589 3075 autem
2626 3030 2683 3075 ct
2737 3021 3060 3091 cupiditatis
3087 3023 3291 3087 minus,
3318 3038 3384 3077 ex
3414 3039 3523 3093 qua
3561 3024 3675 3078 ele-

2075 3112 2260 3184 gantia
2290 3113 2667 3182 temperantia:
2707 3113 2930 3183 proﬂuit
2957 3131 2971 3168 :
2998 3115 3144 3170 sicut
3167 3130 3233 3170 ex
3259 3116 3337 3170 ira
3360 3114 3663 3170 fortitudo:

2074 3219 2141 3258 cx
2172 3204 2258 3258 his
2287 3204 2464 3259 tribus
2497 3217 2760 3274 quatuor,
2791 3214 2847 3260 et
2872 3206 3063 3276 prima:
3091 3206 3327 3262 virtutes
3355 3207 3668 3279 generales,

2072 3294 2152 3351 sic
2179 3295 2329 3349 enim
2370 3295 2656 3350 dicuntur.
2686 3296 2935 3362 Quatuor
2971 3307 3157 3351 autem
3188 3297 3276 3352 his
3316 3298 3400 3353 bis
3431 3307 3671 3367 quatuor

2070 3387 2205 3443 vitia
2234 3396 2612 3458 opponuntur,
2640 3387 2860 3459 quando
2886 3404 3228 3459 unaquaque
3253 3389 3366 3443 duo
3385 3391 3550 3445 habet
3572 3392 3673 3445 ad-

2070 3480 2336 3544 versaris,
2385 3495 2621 3550 quorum
2669 3496 2844 3535 unum
2908 3481 2965 3535 iu
3019 3495 3270 3547 excessu,
3323 3483 3556 3537 alterum
3611 3485 3670 3540 in

2071 3570 2290 3626 defectu
2328 3570 2568 3641 positum
2618 3583 2722 3628 est.
2776 3571 2857 3627 No
2907 3572 3068 3644 longe
3115 3573 3335 3641 abeam,
3373 3574 3670 3646 prudentia

2070 3662 2200 3718 hinc
2232 3664 2454 3734 quidem
2485 3663 2917 3734 simplicitatem,
2943 3664 3071 3721 inde
3093 3666 3377 3732 astutiam,
3402 3664 3519 3722 sive
3550 3667 3668 3721 cal-

2065 3755 2373 3810 liditatem:
2409 3755 2623 3826 justitia
2663 3758 2923 3826 utrinque
2963 3756 3087 3827 plus
3108 3757 3294 3813 minus
3312 3758 3667 3815 habetzsunt

2067 3846 2217 3901 enim
2246 3856 2301 3900 et
2328 3847 2444 3901 lucc
2479 3847 2632 3901 vitia.
2666 3847 3004 3903 Fortitudini
3052 3849 3313 3907 similiter
3348 3850 3460 3907 duo
3496 3867 3663 3921 repu-

2065 3947 2256 4009 gnant,
2297 3952 2535 4008 quorum
2588 3939 2822 3993 alterum
2866 3939 3098 3995 audacia
3146 3939 3374 4010 dicitur,
3427 3942 3665 3998 alterum

2068 4031 2353 4086 timiditas.
2389 4029 2522 4095 Quae
2559 4031 2768 4101 reliqua
2806 4040 2913 4096 est,
2965 4033 3367 4103 temperantiae,
3414 4033 3665 4104 inquam,

2065 4122 2369 4194 petulantia
2398 4131 2454 4177 et
2480 4122 2704 4179 fatuitas
2736 4122 3107 4180 adversantur
3128 4126 3212 4180 “'.

2134 4218 2498 4287 Quotcunquc
2530 4228 2712 4271 autem
2737 4216 2859 4271 alia:
2889 4216 3184 4281 motiones,
3221 4219 3371 4274 intus
3399 4219 3452 4273 in
3481 4218 3666 4275 medio

2063 4309 2267 4374 cordis,
2301 4325 2407 4369 seu
2426 4325 2630 4378 pravae,
2657 4325 2755 4364 seu
2789 4310 3262 4366 commendabiles
3286 4313 3661 4376 concitantur,

2061 4401 2432 4472 cogitationis,
2465 4410 2630 4471 atque
2659 4402 2890 4458 rationis
2916 4402 3061 4458 fetus
3096 4415 3245 4458 sunt.
3280 4403 3665 4458 Ratiocinatur

359 4506 413 4552 et
448 4494 610 4551 utiles
643 4487 1001 4549 suﬂ‘ocarunt.
1032 4492 1098 4548 Et
1122 4492 1375 4549 celeriter
1427 4493 1493 4549 ad
1528 4495 1694 4549 vitam
1750 4496 1957 4550 bestia-
1978 4503 2038 4563 .1)
2067 4496 2241 4557 enim,
2262 4493 2567 4565 et_judicat,
2599 4494 2818 4549 tametsi
2852 4508 3249 4566 nonnunquam
3279 4496 3486 4552 fallitur

434 4614 453 4642 ¹
484 4612 620 4666 Gen.
658 4624 721 4674 ll,
772 4607 863 4662 2|.

430 4814 444 4831 ⁶
471 4808 734 4866 Isidorus.
762 4808 929 4875 Unde,
950 4810 1144 4880 inquis,
1168 4809 1511 4880 cogitationes
1537 4806 1772 4880 mnlmde
1792 4810 1945 4861 corde

358 4889 567 4944 exeunt,
599 4890 645 4933 et
685 4881 948 4935 hominem
976 4878 1297 4950 impellunt?
1330 4878 1413 4932 Ea:
1439 4893 1496 4931 eo
1518 4878 1657 4950 quod
1678 4879 1945 4932 dormiunt

357 4953 627 5024 agricolas,
654 4967 782 5024 quos
803 4950 1023 5024 vigilare
1046 4949 1338 5024 Oportebat,
1368 4960 1417 5003 et
1456 4949 1734 5024 excubare,
1773 4959 1819 5002 et
1845 4950 1950 5024 ςίβέ

356 5021 473 5077 cere
501 5032 557 5075 ut
588 5037 650 5075 ex
671 5022 803 5074 bono
832 5022 1028 5073 semine
1072 5021 1233 5074 bonus
1288 5021 1488 5089 [ructus
1536 5021 1788 5089 prodiret.
1837 5021 1951 5074 Nisi

356 5096 497 5147 enim
526 5093 775 5147 satietate
806 5099 853 5142 et
884 5106 1071 5159 sapore
1107 5094 1404 5145 custodiant
1425 5092 1593 5145 nostri
1629 5091 1951 5158 prodidisse-

357 5181 496 5220 mus.
529 5162 765 5231 divinam
806 5161 1093 5228 imaginem
1129 5162 1406 5231 nudantes,
1433 5163 1527 5214 hoc
1571 5171 1667 5223 est,
1713 5162 1951 5214 divinum

356 5249 531 5287 semen
576 5230 959 5293 adulterantes,
1005 5231 1335 5284 zizaniorum
1361 5242 1510 5285 sator
1533 5233 1813 5285 introitum
1851 5248 1954 5284 non

356 5304 775 5363 invenisset,nec
811 5300 969 5371 digna
1004 5302 1231 5368 ﬂanimis
1255 5303 1309 5355 in
1336 5303 1481 5356 nobis
1508 5311 1755 5371 operatus
1787 5315 1954 5355 esset:

369 5397 383 5423 ι
432 5373 541 5434 Vis,
567 5374 726 5430 imus,
754 5370 1047 5441 colligimus
1065 5386 1123 5422 ea
1146 5374 1360 5436 (ilatth.
1383 5389 1496 5426 xm.
1521 5370 1639 5441 ‘28)?
1667 5392 1685 5423 ι
1715 5374 1960 5441 inquiunt

355 5446 575 5497 rit-tates
612 5440 881 5513 angelicai.
923 5442 1029 5493 Sed
1074 5444 1246 5513 facere
1294 5445 1428 5497 istuc
1480 5440 1842 5513 prohibentur,
1895 5459 1959 5496 ne

357 5531 474 5567 cum
497 5516 568 5568 eis
592 5529 701 5565 una
746 5512 979 5584 triticum
1011 5511 1344 5584 eradicetur:
1378 5530 1441 5568 ne
1472 5511 1609 5584 forte
1638 5530 1746 5567 una
1769 5515 1961 5583 rapia-

355 5595 445 5637 tur
492 5593 761 5656 peccator,
803 5582 867 5656 de
897 5581 1262 5656 emendatione
1288 5581 1526 5656 cogitans
1556 5602 1573 5638 :
1603 5601 1668 5639 ne
1702 5581 1841 5638 cum
1866 5601 1962 5654 pa-

354 5651 590 5707 rentibus
637 5653 891 5724 improbis
928 5651 1091 5724 simul
1126 5651 1525 5717 ca'scindantur.
1560 5664 1609 5708 et
1637 5651 1961 5709 damnentur

356 5725 526 5788 liberi,
561 5723 731 5778 adhuc
750 5739 903 5796 stupe
918 5723 974 5796 in
999 5723 1183 5778 lumbis
1214 5729 1470 5796 paternis,
1511 5727 1616 5779 Deo
1648 5736 1823 5779 autem
1840 5727 1961 5795 jam

353 5796 683 5862 exsistentes,
727 5796 815 5865 qui
855 5793 996 5847 videt
1031 5793 1381 5864 absconditur
1410 5798 1603 5866 quique
1656 5797 1801 5851 Esau
1843 5793 1965 5865 post

1854 4704 2158 4767 Scholia."

2056 4816 2324 4878 peccatum
2356 4822 2460 4859 non
2490 4806 2789 4884 demessuit,
2818 4823 2884 4863 ne
2924 4808 3086 4863 simul
3118 4809 3215 4864 Job
3238 4827 3303 4865 ea;
3353 4813 3449 4867 il.o
3494 4827 3660 4884 genus

2060 4888 2346 4932 ducturum
2376 4878 2716 4931 exscinderet.

2129 4954 2168 4969 "
2199 4949 2466 5002 Isidorus.
2488 4948 2785 5023 Prudentia
2807 4952 2977 5005 media
2998 4961 3072 5005 est
3101 4953 3240 5005 inter
3262 4955 3659 5023 simplicitatem

2056 5030 2104 5073 et
2136 5022 2446 5093 versutiam.
2479 5018 2794 5093 Liberalitas
2845 5023 2985 5075 inter
3036 5018 3396 5093 profusionem
3426 5034 3475 5079 et
3499 5034 3657 5079 tena-

2058 5094 2291 5165 citatem.
2333 5090 2772 5165 Magnanimitas
2810 5093 2949 5145 inter
3009 5090 3380 5165 arrogantiam
3411 5105 3460 5148 et
3496 5097 3647 5165 abje-

2060 5162 2284 5214 ctionem
2316 5161 2503 5213 animi.
2532 5159 2807 5214 Fortitudo
2834 5165 2972 5216 inter
2994 5159 3275 5218 audaciam
3313 5176 3362 5219 et
3395 5159 3659 5220 timidita-

2064 5240 2189 5284 tem.
2231 5230 2407 5283 Pietas
2440 5231 2579 5304 inter
2602 5235 3025 5304 superstitionem
3068 5243 3116 5287 et
3153 5236 3497 5304 impietatem.
3543 5236 3657 5290 Ea:-

2066 5311 2236 5379 tremo
2258 5304 2428 5379 igitur
2473 5302 2743 5370 fugienda,
2772 5306 2947 5358 ntedia
2988 5313 3167 5359 autem
3203 5302 3565 5379 persequenda
3604 5316 3656 5361 et

2058 5374 2303 5442 eligenda
2336 5381 2479 5424 sunt.
3204 5374 3211 5376 “
3367 5374 3381 5437 '_

2244 5444 2500 5495 Basilius.
2534 5442 2968 5499 Perturbationes
2998 5447 3397 5515 importuna’ac
3414 5446 3660 5503 violenta?

2061 5524 2203 5589 sunt,
2228 5515 2273 5565 si
2303 5525 2482 5589 cesset
2504 5517 2664 5589 ratio,
2711 5531 2820 5589 qua
2857 5516 3113 5589 valemus.
3167 5517 3250 5570 Ea
3286 5519 3583 5589 imperante
3605 5528 3655 5572 et

2061 5588 2316 5659 instante,
2354 5583 2511 5653 facile
2535 5587 2914 5659 in_obsequiunt
2960 5588 3291 5659 rediguntur.

2237 5655 2521 5708 Maximus.
2557 5653 2889 5710 llorumalia
2905 5653 3199 5721 bonafalia
3220 5657 3365 5713 mala
3386 5667 3450 5712 ab
3478 5659 3650 5713 homi—

2065 5726 2217 5779 nibus
2239 5727 2641 5799 extstimantnr.
2666 5726 2829 5799 Atqui
2854 5744 2973 5799 cum
3000 5742 3091 5795 per
3104 5746 3159 5783 se
3188 5730 3405 5784 nihilsit
3428 5729 3652 5799 malum,

2063 5807 2276 5867 propter
2290 5812 2442 5850 usum
2460 5798 2671 5866 proprie
2686 5798 2792 5850 sive
2808 5797 3011 5858 malum
3022 5801 3130 5856 sive
3150 5802 3343 5855 bonum
3361 5797 3653 5858 invenitur.
