4036 6474
349 499 454 563 84)
1828 505 1934 565 Dl(

2039 505 2182 567 TRA.
3506 454 3633 573 .850

427 617 570 673 Sunt
591 622 776 671 autem
803 614 1086 680 timiditas,
1110 616 1462 683 conﬁdentia,
1493 618 1678 685 timor,
1706 619 1933 688 invidia,
1967 628 2010 681 A
2043 623 2140 687 tio,
2172 623 2361 677 vivere
2410 621 2477 676 ad
2532 621 3033 676 remunerationem
3086 622 3143 676 in
3188 620 3375 678 futura
3404 625 3540 683 vita.
3577 633 3633 678 vt

340 708 634 780 :egritudo,
656 708 758 774 ira,
790 708 1239 778 concupiscentia
1268 711 1513 765 omnium
1532 712 1926 783 iucundorum.
2044 714 2262 768 tandem
2298 713 2364 767 ad
2391 712 2788 782 assequendam
2830 713 3183 784 adeptionem
3217 713 3455 769 ﬁliorum
3510 716 3629 773 Dei.

343 798 561 857 Etenim
593 797 777 853 omnis
811 798 881 853 ad
910 798 1118 868 aliquid
1164 801 1460 856 concitatio
1501 816 1567 856 ex
1618 803 1783 858 corde
1825 812 1932 869 est,
2042 804 2196 871 Quod
2214 820 2426 860 veroex
2443 803 2714 858 hiscuicx
2735 804 3462 875 superioribusoppouatur,
3483 805 3627 858 haud

339 890 409 944 ad
428 887 743 959 eligendum
761 888 997 944 maxime
1016 898 1074 945 et
1094 890 1545 948 discernendum.
1576 893 1761 951 Utitur
1781 896 1931 950 enim
2038 905 2125 953 est
2152 897 2468 953 obscurum.
2508 896 2749 951 Rursum
2774 895 3097 967 cupiditatis
3126 904 3182 951 et
3212 896 3305 950 irae
3336 894 3629 950 manifeste

341 983 576 1047 utrovis,
606 988 667 1036 et
695 982 835 1044 vult,
868 991 923 1036 et
955 984 1109 1053 cupit
1154 984 1350 1040 melius
1374 986 1618 1053 stultius,
1669 997 1934 1057 praestans
2039 987 2198 1057 plura
2223 986 2353 1040 vitia
2384 984 2536 1038 cordi
2581 992 2711 1039 sunt
2762 984 3023 1056 ingenita.
3072 984 3324 1038 Primum
3375 980 3699 1051 omnium‘iﬁ,

340 1071 456 1127 tius
484 1071 753 1126 deterius.
787 1070 900 1126 Nec
919 1086 1051 1126 vero
1076 1072 1348 1143 quispiam
1375 1074 1449 1130 ob
1491 1076 1607 1132 haec
1631 1077 1716 1132 vel
1742 1076 1935 1133 lauda-
2040 1070 2329 1149 ingluvies,
2361 1085 2417 1132 et
2446 1077 2585 1131 clam
2612 1090 2829 1130 vorare.
2861 1074 3112 1130 Alterum
3135 1075 3347 1131 daemon
3380 1061 3665 1129 forniea-i
3711 1111 3715 1117 -

339 1174 451 1226 tur,
480 1163 566 1219 vel
603 1163 1049 1232 reprehenditur,
1076 1178 1200 1233 quae
1222 1181 1318 1220 sua
1346 1177 1539 1222 natura
1561 1184 1742 1238 neque
1785 1168 1931 1226 mala

338 1263 493 1310 sunt.
530 1255 796 1311 Voluntas
851 1255 1012 1322 bene,
1055 1266 1150 1311 aut
1182 1271 1342 1313 secus
1392 1259 1458 1314 iis
1492 1261 1761 1316 utentium
1809 1276 1935 1334 spe-

336 1348 478 1403 etari
507 1348 648 1402 solet
676 1349 719 1401 ⁶.

413 1438 467 1494 Si
498 1438 664 1508 igitur
691 1440 760 1494 de
812 1439 896 1494 his
946 1438 1321 1509 praeiudicium
1348 1440 1404 1494 in
1443 1450 1652 1511 partem
1686 1445 1933 1501 deterio-

341 1546 462 1585 rem
488 1541 700 1600 vergat,
732 1539 848 1585 tum
880 1530 1100 1586 affectio
1133 1531 1223 1586 illa
1254 1533 1393 1587 mala
1413 1540 1469 1588 et
1493 1542 1599 1599 est,
1631 1534 1931 1593 etdieitur.

341 1623 401 1678 Si
429 1629 624 1678 eontra
662 1620 1043 1693 praeiudicium
1087 1621 1155 1675 ad
1185 1632 1396 1692 partem
1437 1620 1722 1682 meliorem
1769 1628 1932 1684 incli-

334 1714 572 1779 navcrit,
605 1712 884 1784 probanda
915 1715 1087 1783 magis
1106 1721 1161 1767 et
1186 1714 1408 1770 meliora
1442 1717 1571 1772 inde
1595 1720 1926 1787 procedunt,

331 1815 394 1863 et
428 1806 623 1861 vitiosa
674 1805 996 1876 longissime
1052 1806 1516 1873 extarminantur,
1571 1819 1633 1865 ut
1689 1812 1931 1867 secunda

252 1960 275 1969 κ
334 1898 717 1968 disputatione
748 1899 1081 1968 explicatum
1123 1909 1228 1956 est.
1263 1899 1737 1965 Quemadmodum
1779 1903 1928 1960 enim

333 1990 553 2046 ferrum
585 1989 657 2045 ab
688 1999 806 2047 arte
835 1992 905 2048 ad
937 1995 1172 2063 quodvis
1192 2009 1332 2065 opus
1352 1994 1549 2050 artifici
1583 1996 1927 2065 propositum

334 2081 738 2147 conformatur,
768 2098 832 2139 ac
857 2100 956 2154 pro
988 2087 1271 2143 voluntate
1292 2094 1351 2142 et
1380 2102 1484 2141 usu
1516 2096 1812 2143 tractatum
1841 2089 1927 2144 vel

339 2172 395 2227 in
422 2172 633 2229 hastam
663 2174 832 2241 cedit,
860 2176 946 2231 vel
970 2176 1026 2231 in
1059 2178 1323 2249 gladium,
1359 2179 1448 2234 vel
1482 2179 1536 2234 in
1581 2181 1928 2245 machaeram,

340 2264 428 2318 vel
465 2263 520 2319 in
565 2265 759 2321 falcem
801 2267 870 2321 ad
914 2278 1170 2334 messem,
1208 2270 1296 2325 vel
1351 2271 1408 2324 in
1465 2270 1692 2336 asciam,
1741 2273 1828 2326 vel
1875 2271 1932 2326 in

338 2353 638 2420 terebram,
684 2355 773 2410 vel
819 2356 874 2411 in
909 2372 1143 2424 serram,
1171 2358 1259 2413 vel
1314 2359 1371 2413 in
1417 2360 1717 2429 scalprum,
1767 2360 1932 2416 simili

338 2443 508 2499 modo
538 2459 693 2502 mens
735 2445 806 2501 ad
837 2463 962 2517 quae
1018 2450 1159 2514 vult,
1213 2450 1579 2521 cogitationes
1634 2453 1932 2517 convertit,

337 2534 489 2605 quod
521 2535 575 2589 in
598 2535 790 2605 primis
821 2538 967 2593 clare
1002 2539 1059 2594 in
1086 2539 1155 2594 iis
1180 2550 1429 2610 apparet,
1456 2540 1553 2611 qui
1586 2540 1641 2596 in
1679 2545 1935 2600 asceticis

342 2625 590 2681 illustres
628 2627 875 2693 fuerunt,
907 2637 964 2683 et
1016 2628 1325 2685 solitarium
1374 2631 1501 2685 vita:
1553 2648 1727 2703 genus
1762 2634 1935 2702 probe

339 2717 724 2773 excoluerunt.
757 2718 993 2775 Carnem
1015 2720 1193 2784 enim,
1225 2728 1289 2774 ut
1312 2720 1521 2785 decuit,
1553 2721 1775 2792 spiritui
1799 2723 1936 2779 sub-

345 2809 620 2879 iugarunt,
647 2818 705 2865 et
734 2810 1021 2881 tripartitte
1066 2810 1264 2866 animae
1286 2823 1488 2871 motus.
1525 2813 1592 2867 ad
1623 2826 1807 2870 mores
1825 2815 1939 2870 vir-

354 2910 468 2958 tute
497 2904 704 2972 plenos,
738 2904 1140 2975 praeclarasque
1195 2905 1442 2959 actiones
1496 2907 1926 2963 transtulerunt.

354 2994 508 3062 Quod
537 2996 582 3050 si
618 3006 678 3051 tu
734 2996 1082 3051 enucleatius
1114 2995 1185 3052 de
1229 2996 1315 3053 his
1365 3013 1454 3052 me
1497 2997 1775 3053 disserere
1825 2999 1935 3067 vis,

350 3085 635 3147 disseram.
663 3089 708 3144 A
748 3089 962 3145 ratione
1011 3089 1129 3145 haec
1172 3090 1308 3145 vitia
1361 3098 1608 3156 manant,
1657 3099 1721 3146 ut
1772 3091 1885 3146 dixi
1921 3103 1936 3140 :

347 3196 487 3236 vana
515 3181 708 3252 gloria,
731 3181 1033 3238 diﬁdentia
1064 3182 1256 3247 animi,
1299 3182 1638 3252 insipientia,
1671 3184 1936 3255 ignoran-

346 3272 445 3338 tia,
502 3272 845 3335 indiscretio,
910 3272 1275 3342 blasphemia,
1311 3272 1706 3341 cogitationum
1764 3272 1934 3337 lucta,

342 3380 581 3435 quorum
612 3364 866 3421 videlicet
893 3375 952 3421 et
991 3365 1276 3421 medicina:
1312 3365 1517 3428 multa.
1547 3374 1605 3421 et
1649 3365 1806 3421 tales.
1845 3365 1937 3420 Fi-

346 3465 449 3514 des
476 3457 534 3512 in
562 3458 878 3523 Dominum,
904 3473 1163 3529 germana
1194 3457 1390 3530 gloria,
1420 3457 1736 3529 dogmatum
1783 3465 1938 3514 recta

343 3551 605 3606 tractatio
632 3551 689 3605 in
717 3565 1034 3606 sermonum
1079 3549 1338 3616 veritate,
1395 3549 1683 3607 meditatio
1732 3550 1935 3605 verbo-

345 3659 475 3698 rum
501 3642 752 3712 spiritus,
781 3643 1022 3713 precatio
1047 3642 1367 3706 vehemens,
1394 3654 1578 3696 mores
1607 3642 1719 3696 Deo
1746 3642 1933 3711 placiti

343 3740 520 3803 gratae
548 3732 867 3789 voluntatis.
900 3731 1025 3787 Haec
1057 3739 1187 3786 sunt
1219 3730 1560 3800 cupiditatis.
1613 3731 1714 3786 lrae
1751 3743 1933 3787 autem

342 3824 563 3896 primus
599 3832 790 3893 partus
831 3822 1045 3885 odium,
1085 3823 1226 3879 alter
1268 3822 1487 3877 animus
1522 3823 1934 3891 immisericors,

344 3917 580 3983 invidia,
604 3917 1006 3980 malevolentia,
1034 3916 1116 3970 ira
1142 3916 1431 3971 diuturna.
1454 3915 1633 3970 Etiam
1660 3916 1778 3972 haec
1801 3932 1937 3972 con-

343 4010 538 4065 trariis
561 4009 976 4066 medicamentis
1004 4009 1271 4065 sanabilia
1303 4019 1458 4074 sunt,
1505 4010 1661 4080 juxta
1694 4025 1930 4078 prover-

346 4102 528 4167 bium,
549 4084 824 4158 contraria
845 4100 1138 4157 contrariis
1159 4111 1452 4165 curantur,
1476 4101 1524 4156 si
1546 4101 1711 4156 modo
1734 4101 1791 4156 in
1818 4115 1939 4156 om-

345 4197 516 4251 nibus
540 4196 803 4251 auxilium
848 4195 947 4250 Dei
978 4193 1144 4250 adsit.
1178 4195 1198 4217 ‘

419 4286 815 4344 Medicamenta
846 4286 936 4340 illa
967 4293 1119 4349 sunt,
1159 4298 1314 4338 amor
1363 4298 1488 4354 erga
1530 4282 1752 4344 fratres.
1784 4280 1937 4338 dile-

344 4380 485 4445 ctio,
503 4378 830 4447 compassio,
846 4376 1252 4449 longanimitas,
1271 4375 1580 4436 tolerantia,
1602 4374 1936 4445 benignitas,

341 4470 617 4527 amicitia.
643 4469 932 4538 Quodnam
968 4478 1152 4525 autem
1198 4468 1395 4523 horum
1440 4466 1529 4520 cui
1591 4465 1935 4532 adversetur,

345 4563 603 4620 invenies
620 4563 802 4633 plane,
831 4561 877 4617 si
902 4560 1094 4630 vigiles
1119 4559 1442 4629 prudenter,
1468 4568 1526 4614 et
1551 4558 1620 4613 ad
1640 4574 1706 4613 ea
1734 4559 1941 4614 incum-

2037 1167 2224 1228 tionis,
2260 1167 2385 1221 inde
2428 1166 2574 1221 enim
2628 1166 2894 1220 nascitur.
2940 1164 3191 1221 Tertium
3250 1165 3500 1228 avaritia,
3566 1174 3625 1218 et

2039 1260 2280 1317 servitus
2325 1257 2620 1312 idolorum.
2661 1257 2935 1324 Quartum
2986 1265 3071 1313 est
3118 1257 3422 1320 iracundia,
3478 1255 3627 1311 unde

2045 1352 2185 1406 mala
2216 1350 2491 1406 exsistunt
2533 1350 2791 1421 plurima.
2829 1349 3097 1417 Quintum
3128 1350 3268 1405 scito
3311 1364 3434 1405 esse
3464 1348 3626 1418 aegri-

2042 1445 2311 1500 tudinem.
2348 1443 2572 1499 Sextum
2606 1442 2872 1499 acediam.
2918 1442 3225 1513 Septimum
3263 1457 3462 1497 vanam
3504 1441 3623 1511 glo-

2039 1536 2200 1599 riam,
2239 1535 2384 1606 qnod
2425 1543 2508 1591 est
2538 1535 2835 1605 pessimum
2865 1537 2902 1589 '.

2112 1625 2419 1682 Tristitiam
2449 1636 2632 1682 autem
2660 1644 2725 1683 ex
2754 1627 2841 1682 his
2867 1625 3161 1691 ambobus,
3195 1620 3508 1695 cupiditate
3569 1632 3628 1678 et

2039 1719 2119 1774 ira
2155 1720 2436 1785 nimirum,
2466 1719 2768 1780 secundum
2798 1718 2943 1774 idem
2977 1718 3293 1789 provenire,
3318 1726 3374 1774 et
3398 1733 3620 1774 rursum

2044 1808 2269 1876 utrique
2305 1822 2460 1863 suam
2493 1818 2548 1864 et
2575 1808 2866 1863 maximam
2892 1822 3014 1863 csse
3036 1807 3430 1878 proprietatem
3461 1806 3624 1861 scias.

2038 1900 2122 1956 lra
2157 1903 2304 1956 enim
2340 1917 2466 1957 cum
2522 1902 2762 1957 vicissim
2818 1900 3150 1959 contristare
3206 1899 3625 1956 contristantem

2035 2011 2140 2048 non
2180 2002 2383 2064 potest,
2412 2004 2673 2051 moestum
2714 2009 2780 2049 ac
2824 1993 3120 2049 demissum
3173 1992 3387 2048 vultum
3439 1991 3625 2047 subito

2035 2086 2197 2154 parit.
2222 2084 2376 2153 Quod
2408 2086 2453 2141 si
2475 2085 2803 2141 desideratis
2835 2101 3061 2156 prorsus
3085 2086 3375 2165 exciderit,
3415 2101 3482 2140 ex
3522 2085 3623 2140 ista

2036 2176 2289 2246 passione
2314 2178 2511 2232 iterum
2535 2176 2758 2251 tristitia
2792 2178 3158 2250 progignitur.
3179 2177 3454 2234 Tristatur
3476 2177 3625 2233 enim

2035 2265 2129 2338 qui
2165 2265 2309 2337 quod
2357 2274 2524 2331 amat,
2577 2280 2644 2322 eo
2695 2266 3015 2322 frustratur.
3072 2265 3280 2322 lterum
3327 2266 3452 2321 duae
3509 2264 3629 2319 ista:

2034 2356 2481 2428 perturbationes
2518 2357 2628 2413 alio
2665 2355 2854 2425 modo,
2905 2356 2954 2412 si
2983 2354 3244 2413 videlicet
3289 2365 3484 2411 contra
3521 2353 3623 2408 tibi

2033 2451 2273 2514 eveniat,
2305 2451 2639 2520 voluptatem
2673 2448 3011 2519 conciliant;
3047 2464 3246 2520 nempe
3275 2448 3323 2504 si
3371 2446 3477 2502 fine
3524 2461 3627 2501 suo

2036 2543 2315 2611 potiantur
2342 2560 2357 2611 ;
2401 2542 2545 2598 sicut
2576 2543 2915 2608 maestitiam,
2950 2550 3010 2596 ut
3031 2539 3241 2597 dictum
3274 2548 3383 2605 est,
3414 2538 3459 2594 si
3514 2554 3626 2593 non

2038 2633 2342 2703 potiantur.
2372 2634 2574 2704 Opinio
2610 2622 2737 2689 boni
2773 2633 3133 2704 cupiditatem
3168 2639 3420 2703 generat.
3457 2628 3614 2697 Quod

2038 2724 2242 2779 bonum
2277 2725 2321 2779 si
2356 2736 2598 2795 praesens
2631 2722 2890 2788 adiuerit,
2920 2724 3174 2794 expletur
3208 2722 3429 2777 animus
3462 2720 3619 2775 volu-

2038 2823 2210 2887 ptate.
2248 2815 2470 2882 Contra,
2519 2814 2709 2885 opinio
2761 2815 2890 2870 mali
2934 2813 3186 2871 timorem
3215 2812 3416 2885 injicit,
3462 2811 3624 2882 cuius

2038 2908 2327 2977 pr;esentia
2361 2907 2746 2979 aegritudinem
2799 2917 2972 2963 creat.
3005 2907 3124 2974 Qua
3173 2905 3242 2961 de
3275 2919 3442 2962 causa
3494 2904 3624 2973 qui-

2039 2998 2162 3054 dam
2203 3000 2676 3069 perturbationem
2710 3000 2764 3052 in
2806 3008 3044 3068 quatuor
3094 2997 3212 3053 haec
3257 3011 3459 3068 genera
3510 2995 3626 3053 dis-

2039 3088 2377 3152 tribuerunt,
2420 3088 2476 3143 in
2525 3088 2917 3159 cupiditatem,
2973 3086 3337 3158 voluptatem,
3390 3094 3621 3150 metum,

2038 3180 2444 3252 aegritudinem.
2470 3180 2743 3237 Caeterum
2774 3180 3043 3238 ambobus
3089 3181 3245 3237 hisee
3284 3179 3435 3235 vitiis
3465 3179 3622 3235 dete-

2044 3270 2159 3329 rius
2190 3283 2246 3329 et
2288 3275 2465 3345 majus
2499 3272 2744 3328 arbitror
2773 3273 3113 3346 superbiam,
3137 3283 3195 3329 et
3230 3273 3410 3327 inanis
3437 3271 3624 3342 gloria:

2039 3367 2380 3437 appetitum;
2415 3365 2688 3435 siquidem
2724 3381 2755 3421 a
2786 3366 2997 3421 ratione
3038 3364 3319 3421 oriuntur.
3362 3364 3468 3419 Per
3498 3379 3622 3433 qua:

2038 3457 2313 3524 nonnulli,
2355 3473 2481 3513 cum
2516 3457 2836 3527 angelorum
2886 3463 3074 3512 essent
3122 3454 3356 3519 similes,
3406 3462 3620 3508 tantum

2036 3551 2209 3607 decus
2240 3540 2567 3606 amiserunt.
2591 3551 2655 3604 In
2684 3550 2895 3622 angelis
2927 3550 3074 3605 enim
3126 3564 3228 3605 nec
3260 3547 3361 3614 ira,
3392 3561 3495 3601 nec
3528 3562 3625 3601 cu-

2039 3644 2168 3714 pido
2206 3638 2482 3714 reperitur
2518 3661 2532 3696 :
2579 3658 2702 3715 qum
2734 3643 2961 3715 quidem
3016 3638 3083 3695 ad
3132 3639 3377 3694 animum
3409 3638 3625 3694 ratione

2038 3741 2315 3787 carentem
2347 3738 2601 3802 spectant
2638 3749 2650 3785 :
2679 3738 2736 3786 et
2764 3730 2963 3785 horum
2994 3728 3281 3793 vitiorum,
3308 3741 3463 3781 vanae
3500 3726 3620 3795 glo-

2039 3827 2154 3887 riae,
2186 3824 2433 3894 inquam,
2457 3831 2512 3878 et
2534 3821 2808 3892 superbiae
2825 3820 3101 3891 duplicem
3121 3817 3392 3888 originem
3417 3816 3619 3875 video;

2036 3932 2163 3973 nam
2183 3931 2249 3971 ex
2276 3915 2486 3970 ratione
2506 3923 2562 3969 et
2581 3913 2880 3983 cupiditate
2901 3917 3219 3980 erumpunt.
3250 3908 3326 3962 Ex
3352 3907 3472 3962 istis
3495 3915 3628 3961 octo

2038 4011 2204 4081 igitur
2230 4007 2568 4065 enumeratis
2591 4006 2770 4062 omnis
2792 4003 3002 4077 peccati
3027 3999 3261 4072 species,
3290 4009 3347 4054 et
3388 3996 3623 4052 allectus

2038 4099 2221 4155 vitiosi
2271 4097 2565 4168 pullulant.
2613 4096 2755 4151 Sunt
2799 4102 2981 4148 autem
3024 4091 3224 4146 borum
3268 4103 3510 4159 quoque,
3561 4095 3622 4142 ut

2038 4192 2280 4256 illorum,
2305 4190 2542 4244 virtutes
2583 4185 2929 4251 adversariae,
2959 4201 2988 4239 a
3030 4181 3233 4255 quibus
3278 4196 3377 4236 ceu
3421 4177 3623 4250 glacies

2037 4301 2067 4340 a
2111 4284 2294 4340 calore
2322 4282 2723 4337 dissolvantur.
2772 4280 2817 4334 Α
2850 4277 3069 4351 jejunio,
3100 4275 3246 4331 enim
3292 4281 3349 4329 et
3379 4288 3407 4327 a
3443 4271 3625 4328 conti—

2042 4376 2229 4431 nentia
2272 4386 2480 4444 magna;
2514 4373 2711 4429 bellum
2740 4372 2967 4442 gulm'et
3020 4366 3268 4423 libidinis
3299 4380 3622 4437 expugnan-

2044 4476 2151 4521 tur.
2187 4466 2267 4523 Ex,
2307 4481 2495 4521 amore
2535 4473 2740 4531 autem,
2785 4460 3129 4532 ferventique
3175 4458 3454 4514 desiderio
3496 4473 3623 4527 erga

2042 4552 2334 4615 Dominum
2364 4567 2420 4614 et
2463 4552 2704 4612 futuram
2748 4554 3083 4620 felicitatem,
3132 4553 3476 4621 horroreque
3511 4556 3625 4602 tor-

342 4655 475 4712 bas.
510 4655 721 4711 Rursus
746 4668 814 4708 ex
857 4651 1159 4722 cupiditate
1194 4659 1499 4705 nascuntur
1523 4647 1729 4704 ventris
1753 4647 1933 4718 inglu-
1967 4661 2010 4715 ι)
2039 4660 2373 4717 mentorum,
2427 4649 2664 4705 statione
2741 4662 2838 4717 per
2883 4652 3052 4700 totam
3101 4651 3342 4707 noctem,
3393 4649 3450 4695 et
3509 4638 3623 4695 acri

344 4750 496 4815 vies,
529 4746 774 4808 lascivia,
801 4743 1109 4819 fornicatio,
1132 4743 1476 4811 voluptatum
1514 4740 1936 4805 incontinentia,

336 4840 644 4906 cinadica,
677 4837 962 4908 spurcitia,
993 4835 1226 4892 aﬂ‘cctus
1249 4849 1402 4889 vanae
1426 4833 1632 4904 gloriae,
1664 4842 1721 4888 et
1742 4833 1942 4888 ardens

339 4931 607 4991 avaritia.
649 4930 755 4989 Sed
786 4930 902 4984 haec
927 4942 1147 4999 quoque
1191 4924 1279 4980 itis
1321 4924 1616 4980 contrariis
1647 4924 1938 4988 tolluntur,

342 5039 480 5094 quae
522 5022 803 5094 sigillatitn
830 5018 1194 5077 enumerabo.
1229 5016 1528 5087 ieiunium,
1577 5014 1940 5083 continentia,

344 5116 666 5175 humiliatio
703 5115 909 5181 carnis,
947 5115 1059 5170 vita
1096 5113 1421 5169 facultatum
1469 5109 1652 5179 inops,
1681 5117 1739 5164 et
1786 5108 1934 5179 quod

338 5215 440 5267 est
469 5207 827 5280 praecipuum,
861 5218 1165 5277 pauperum
1217 5209 1441 5273 propter
1478 5200 1651 5257 Deum
1702 5199 1937 5255 misera-

2031 4741 2265 4813 jejunio,
2303 4740 2627 4796 incendium
2656 4745 2713 4792 et
2738 4735 2970 4806 Spiritus
2992 4729 3379 4787 fornicationis
3410 4729 3623 4784 exstin~

2037 4836 2249 4909 guitur.
2310 4833 2717 4895 Misericordia,
2775 4827 3081 4899 compassio
3140 4836 3197 4882 et
3243 4823 3620 4895 hospitalitas.

2040 4929 2177 4985 ﬁdes
2217 4926 2385 4999 (quod
2433 4925 2653 4988 melius,
2698 4930 2757 4976 et
2802 4920 3138 4992 prmcipuum
3181 4925 3348 4986 caput
3383 4915 3624 4986 diligen-

2044 5018 2243 5074 dorum
2277 5017 2549 5087 omnium)
2586 5012 2897 5075 avaritiam,
2926 5010 3097 5065 fetum
3134 5006 3476 5064 inﬁdelitatis
3498 5022 3627 5077 pro—

2042 5110 2214 5181 ﬂigat.
2266 5109 2493 5164 Bonitas
2566 5114 2623 5163 et
2709 5104 3076 5161 mansuetudo
3132 5102 3421 5159 cltaritatis
3488 5101 3624 5156 iram

2049 5201 2277 5272 frangit.
2340 5200 2487 5266 Quin
2546 5199 2713 5255 etiam
2769 5199 3064 5263 honorum,
3117 5205 3175 5251 et
3231 5192 3629 5250 misericordiae

1836 5357 2118 5422 Scholia.

430 5527 444 5543 ‘
469 5520 752 5574 Maximus.
782 5518 1001 5585 Affectus
1029 5516 1142 5583 ejus
1180 5515 1368 5585 partis.
1400 5515 1455 5567 in
1476 5529 1581 5581 qua
1605 5513 1812 5585 irarum
1836 5527 1931 5585 ar-

342 5595 510 5649 dores
537 5590 795 5645 exsistunt
823 5583 975 5657 longe
1001 5583 1288 5657 difﬁcilius.
1327 5600 1490 5657 quant
1518 5583 1824 5657 cupiditatis
1853 5584 1934 5635 iu-

345 5660 632 5718 citalioues
679 5654 1075 5729 expugnantur.
1123 5654 1381 5729 Quocirca
1409 5654 1581 5729 etiam
1616 5655 1935 5729 mandatum

344 5736 423 5787 de
432 5731 729 5795 dilectione,
746 5722 803 5783 ut
821 5722 1004 5796 majus
1022 5727 1330 5789 remedium,
1350 5722 1731 5779 adversusitlos
1748 5722 1935 5776 datum

349 5811 747 5924 estlsidorus.
776 5866 1024 5921 Videntur
1048 5882 1208 5918 unum
1247 5874 1295 5919 et
1344 5865 1482 5919 idem
1508 5879 1619 5917 esse
1671 5861 1841 5930 θυμὸς
1889 5872 1936 5915 et

343 5942 499 6014 ὀργή
518 5940 885 6010 ;5cdfortussis
906 5937 1035 5990 illud
1052 5936 1273 5990 celerem
1296 5947 1341 5987 et
1359 5935 1633 6004 repentina
1645 5950 1689 5987 ut
1706 5933 1938 5986 concitu-

2032 5514 2223 5566 tionem
2246 5510 3317 5582 signiﬁcat,‘quwcogitatioues_subripit,
3364 5517 3419 5582 et
3455 5507 3620 5558 ratio-

2032 5600 2149 5636 nem
2180 5580 2477 5653 pra'currit.
2510 5580 2617 5633 Hoc
2638 5580 2824 5653 nempe
2845 5582 2872 5632 ό
2885 5580 3334 5653 ργὴνιοηρξονεηι
3357 5580 3411 5631 iu
3428 5592 3489 5629 ea
3508 5590 3604 5643 per

2034 5644 2336 5707 turbatione
2389 5667 2616 5705 moram.
2664 5644 3075 5719 Idcirco'dupo;
3121 5644 3309 5719 dictus
3347 5653 3423 5719 est
3470 5644 3627 5715 quasi

2036 5722 2402 5792 ἁνκθυμίασις
2436 5736 2621 5792 vapor,
2652 5715 3148 5792 e.cAIta_l_atio;'6p_vi1
3191 5717 3255 5772 ab
3289 5715 3474 5792 ὀρχίῑίνΔ
3508 5720 3626 5792 ωτ-

2035 5808 2177 5862 gere,
2207 5789 2254 5846 et
2286 5791 2498 5862 ἀμρνης
2518 5791 2647 5861 ἐρᾷν
2675 5789 2916 5844 vindictae
2938 5790 3182 5862 cupidum
3203 5801 3332 5842 esse.

2036 5855 2243 5930 quidem
2277 5855 2445 5930 ὁργὴν
2485 5855 2724 5928 generat,
2759 5875 2823 5913 ea:
2857 5855 3013 5929 ὀργῆ
3038 5859 3241 5930 clamor
3272 5855 3525 5919 nascitur,
3555 5866 3624 5908 ea:

2038 5899 2268 5987 diurnare
2302 5899 2670 5986 tzuicdi’ceutia
2704 5901 2811 5985 give
2841 5899 3182 5983 rdniiimelia.

3360 5780 3434 5840 At:
3451 5780 3622 5853 θυμὸς
3702 5789 3710 5799 '
