4036 6444
431 439 530 504 851

1662 444 1760 505 ΡΗ
1774 445 1873 506 lLl
1885 446 2005 507 PPI
2048 446 2463 508 SOLITARII.

3578 440 3690 504 8'52

424 530 611 619 'amor,
642 561 866 623 propter
890 552 1149 622 gaudium
1183 552 1434 622 spiritus.
1465 555 1732 627 aegritudo
1757 557 1809 611 in
1839 559 2006 613 rebus
2035 566 2079 621 Α
2108 568 2292 615 autem
2339 556 2599 614 omnibus
2644 556 2793 612 intus
2829 556 3151 627 prmsidens,
3196 554 3363 611 etiam
3417 554 3507 610 bis
3543 556 3689 611 duc-

432 645 817 714 praasentibus,
852 655 907 699 et
938 644 1347 700 mundanarum
1389 650 1753 717 contemptio.
1798 652 2003 705 Vitium

350 768 355 773 -
435 746 615 792 autem
661 736 864 791 aecdiaa
906 736 963 790 in
1011 739 1318 808 gratiarum
1358 740 1603 802 actione,
1645 750 1705 813 et
1743 743 2004 811 prmclara

433 822 712 897 patientia,
763 828 831 882 ad
881 828 1053 883 Deum
1089 828 1349 891 ducente.
1382 831 1450 885 ab
1489 834 1751 901 operibus
1781 833 2001 888 demum

432 916 921 974 virtutis'dcculte
977 920 1233 990 patratis.
1288 923 1562 986 oratione,
1621 925 2005 980 humiliatione

431 1018 745 1082 saperat‘ur.
778 1014 922 1075 Quin
958 1025 1014 1069 et
1038 1031 1192 1072 vanae
1221 1017 1407 1085 gloriae
1451 1017 1685 1084 cupidus
1730 1019 2003 1073 liberabo-

432 1107 530 1167 ris,
558 1106 625 1161 -si
666 1106 892 1160 minime
923 1116 1115 1161 contra
1160 1108 1470 1176 proximum
1523 1109 1688 1162 stulte
1747 1110 2003 1179 cleveris,

431 1198 578 1252 sicut
603 1198 733 1250 olim
761 1197 1133 1267 iactabundus
1180 1208 1372 1252 contra
1421 1199 1773 1269 publicanum
1816 1202 2006 1256 Phari-

431 1306 612 1345 saeus:
653 1299 706 1344 te
734 1305 868 1344 vero
901 1290 1147 1343 omnium
1180 1290 1435 1344 ultimum
1466 1301 1521 1345 et
1546 1292 1919 1361 prolitebcris.
1952 1303 2008 1349 et

432 1383 736 1452 reputabis,
782 1391 837 1436 et
891 1383 1002 1437 Deo
1051 1383 1234 1437 omnia
1283 1393 1429 1437 recte
1483 1383 1623 1438 facta
1676 1394 1766 1439 tua
1810 1387 1862 1439 in
1912 1403 2006 1442 ac-

431 1475 607 1543 ceptis
642 1474 870 1529 referes.
901 1474 1033 1529 Nam
1076 1474 1350 1545 superbus
1392 1477 1802 1546 quodammodo
1847 1489 2009 1551 negat

344 1572 360 1587 ‘
432 1566 624 1619 Deum.
682 1564 736 1619 Si
785 1582 917 1636 ergo
957 1566 1223 1621 adversus
1271 1568 1554 1622 recensita
1604 1586 1848 1639 pugnare
1903 1571 2005 1632 vis.

430 1673 608 1727 caque
640 1668 995 1728 prosternere
1023 1658 1259 1713 maxime
1285 1669 1340 1713 et
1371 1667 1629 1728 potenter
1660 1660 1868 1733 fugare.
1901 1663 2005 1717 tela

430 1751 519 1807 his
543 1751 846 1817 contraria,
876 1767 1000 1821 quae
1031 1753 1411 1822 exposuimus,
1444 1753 1682 1819 adhibe;
1712 1756 1813 1808 alia
1858 1755 2006 1808 enim

430 1843 521 1898 via
549 1844 665 1898 haec
690 1845 745 1899 in
782 1844 962 1916 fugam
990 1855 1204 1900 vertere
1227 1861 1335 1899 non
1370 1846 1557 1903 datur.
1597 1845 1701 1900 Sed
1734 1846 1879 1901 enim
1912 1848 2003 1917 qui

437 1946 550 1990 tres
570 1937 961 2006 compresserit
990 1938 1061 2008 (id
1089 1944 1193 1998 est,
1222 1937 1679 2007 gastrimargiam,
1700 1941 2007 1999 avaritiam.

430 2041 626 2080 vanam
699 2027 950 2096 gloriam,
1017 2026 1256 2096 primum
1325 2026 1560 2087 scilicet,
1632 2028 1883 2091 tertium,
1955 2036 2011 2082 et

431 2118 752 2189 septimum)
797 2117 965 2173 etiam
1033 2117 1279 2188 quinque
1333 2117 1438 2171 alia
1493 2120 1851 2189 comprimet;
1914 2134 2012 2188 per

431 2225 554 2277 quae
591 2209 694 2263 tria
749 2208 1101 2273 insatiabilis,
1130 2216 1187 2263 et
1227 2208 1366 2263 nihil
1407 2224 1519 2263 non
1557 2208 1768 2264 audens
1798 2209 2010 2264 daemon

430 2301 677 2365 emersit,
710 2300 940 2364 insiluit,
973 2299 1265 2355 Dominum
1290 2298 1556 2354 tentavit:
1590 2300 1792 2370 quibus
1817 2300 2009 2365 dediti,

434 2395 595 2463 ionge
627 2392 907 2463 principes
933 2402 1063 2447 sunt
1095 2392 1422 2447 vitiosorum
1448 2393 1717 2453 omnium,
1752 2393 2011 2447 mortales

434 2485 1060 2557 pessimi.Comprimet,
1092 2486 1339 2555 inquam,
1370 2494 1697 2539 caeterorum
1726 2486 2010 2540 audaciam

431 2591 489 2635 et
544 2578 966 2649 impudentiam,
1030 2579 1276 2648 itemque
1339 2577 1661 2647 philautiam
1708 2578 2010 2646 turpiorem

430 2671 557 2735 illis,
589 2673 746 2740 cujus
769 2669 933 2724 etiam
979 2678 1154 2723 mater
1177 2676 1259 2723 est
1274 2667 1566 2737 cupiditas,
1597 2678 1657 2722 ut
1681 2669 1903 2738 quidam
1930 2684 2013 2724 sa-

430 2763 587 2832 piens
602 2778 789 2825 senex,
816 2771 873 2816 et
905 2761 960 2815 in
992 2760 1209 2815 actione
1239 2768 1488 2814 versatus
1516 2759 1673 2814 dixit.
1700 2760 1796 2815 Est
1829 2769 2011 2815 autem

429 2856 692 2926 pbilautia
728 2853 977 2925 corporis
1010 2868 1166 2908 amor
1206 2853 1620 2908 irrationabilis.
1652 2853 1779 2908 Tria
1835 2854 2013 2924 prima

431 2950 628 3004 borum
669 2957 838 3003 octo:
889 2946 1070 3017 (Gula,
1105 2946 1304 3011 libido,
1336 2946 1586 3010 avaritia,
1620 2947 1722 3025 ira,
1768 2946 2012 3010 tristitia,

431 3038 642 3103 acedia,
670 3053 808 3092 vana
839 3036 1033 3107 gloria,
1068 3035 1369 3106 superbia),
1408 3037 1611 3092 mundo
1640 3036 2015 3107 subjectorum

430 3138 600 3184 sunt:
640 3128 883 3200 quietam
924 3128 1092 3182 vitam
1133 3127 1479 3183 sectantibus
1527 3127 1775 3197 quinque
1811 3126 2016 3181 bellum

429 3220 659 3275 faciunt.
712 3219 817 3285 Qui
858 3218 960 3272 tria
1007 3219 1268 3290 neglexit,
1315 3234 1419 3273 nec
1473 3218 1620 3274 aliud
1677 3218 2015 3288 reliquorum

428 3311 818 3367 vincet.Van:e
849 3318 1030 3364 autem
1069 3321 1123 3363 et
1172 3308 1417 3379 plurimze
1456 3309 1651 3364 horum
1683 3317 1808 3363 octo
1842 3308 2016 3363 malo-

429 3419 449 3457 ε
464 3419 575 3467 um,
599 3403 849 3471 pessimae
867 3400 1047 3469 proles
1063 3411 1190 3455 sunt
1208 3415 1499 3454 numerum
1525 3398 1695 3454 ferme
1711 3400 2017 3464 stellarum,

431 3510 600 3564 super
625 3502 808 3563 guttas
835 3492 1163 3561 pluviarum,
1185 3504 1239 3548 et
1264 3507 1488 3547 arenam
1509 3493 1698 3548 maris.
1721 3493 2020 3549 Procreant

432 3586 600 3649 fetus,
650 3593 708 3637 ct
744 3583 797 3637 bi
844 3583 982 3637 alios
1010 3583 1169 3638 etilli
1203 3599 1421 3638 rursum
1463 3583 1620 3650 alios,
1648 3584 1855 3638 zizania
1895 3600 2019 3655 pes-

430 3679 590 3742 sima,
622 3684 679 3732 et
720 3683 917 3749 prazter
961 3687 1232 3738 naturam,
1265 3692 1387 3746 quae
1424 3676 1680 3732 inimicus
1738 3677 2021 3733 dormien-

432 3766 583 3821 tibus
612 3766 927 3822 hominibus
975 3767 1454 3837 superseminavit.
1489 3766 1558 3822 Et
1599 3767 1841 3824 triticum
1891 3770 2020 3839 qui-

433 3859 560 3913 dem
618 3860 879 3914 virtutum
930 3860 1173 3930 germina
1220 3859 1535 3929 statuimus,
1565 3876 1687 3931 qum
1715 3862 2017 3917 secundum

434 3959 685 4006 naturam
747 3952 801 4004 in
858 3950 1215 4006 interioribus
1258 3950 1313 4003 in
1365 3960 1520 4019 parte
1566 3953 1762 4007 animae
1811 3952 2018 4007 intelli-

433 4042 633 4112 gentis,
673 4042 962 4096 irascentis
992 4041 1311 4096 sentiuntur
1342 4058 1354 4094 :
1396 4039 1541 4095 sicut
1572 4041 1784 4111 singula
1814 4042 1927 4112 jam
1965 4050 2021 4097 et

433 4133 809 4205 particulatim
844 4132 1158 4198 divisimus,
1186 4142 1244 4187 et
1278 4147 1306 4185 a
1339 4132 1553 4187 ratione
1585 4134 1933 4202 prudentiam
1963 4144 2021 4190 et

429 4232 723 4303 justitiam,
749 4244 778 4282 a
798 4227 1096 4298 cupiditate
1128 4224 1569 4295 temperantiam,
1592 4226 1661 4281 ab
1690 4225 1772 4280 ira
1802 4225 2021 4281 fortitu-

434 4323 645 4387 dinem,
666 4330 906 4391 quatuor
937 4318 1041 4373 ista
1068 4317 1291 4388 prodire
1322 4317 1584 4383 diximus,
1607 4334 1675 4373 ex
1697 4327 1817 4374 satu
1849 4320 2018 4376 tritici

432 4413 717 4469 videlicet.
768 4409 1145 4482 Cogitationes
1180 4417 1365 4464 autem
1412 4410 1747 4466 turbulentae
1805 4420 1862 4467 et
1918 4412 2021 4466 im-

434 4507 622 4578 probae
651 4505 944 4575 tripliciter
972 4503 1118 4559 intus
1159 4502 1362 4556 bellum
1399 4511 1597 4572 aperte,
1630 4502 1871 4558 irritant.
1911 4507 2019 4559 Aut

2108 650 2213 705 bus
2260 665 2475 705 summe
2520 649 2777 719 imperat,
2824 663 3000 718 eaque
3049 646 3318 709 continet,
3359 646 3583 716 agitque
3629 657 3691 703 et

2108 741 2216 797 fert
2245 741 2614 810 undecunque
2649 754 2761 809 quo
2799 739 2938 793 vult.
2975 738 3080 794 Sed
3114 738 3385 792 virtutum
3424 745 3687 808 tanquam

2107 833 2365 904 princeps
2409 840 2493 887 est
2522 831 2683 893 ratio,
2726 829 3206 901 perturbationum
3253 844 3365 883 non
3395 831 3677 900 princeps,

2108 924 2203 979 sed
2236 924 2555 992 imperatrix
2584 924 2800 992 potius;
2838 921 2897 973 τὸ
2931 922 3150 989 λογικὸν
3188 930 3372 974 autem
3404 930 3491 975 est
3524 922 3691 991 ipsis-

2108 1017 2284 1071 simus
2310 1016 2451 1078 θεῖος
2487 1014 2611 1078 νοῦς
2643 1014 2851 1085 (divina
2882 1015 3056 1082 mens)
3078 1028 3200 1082 qua:
3256 1015 3540 1081 passiones
3564 1027 3681 1067 non

2106 1107 2272 1162 simul
2294 1120 2349 1161 et
2380 1122 2608 1177 prorsus
2636 1106 2813 1170 tollit;
2848 1106 2939 1159 sed
2975 1114 3035 1159 ut
3059 1103 3397 1158 fortissimus
3434 1105 3680 1158 relucta-

2112 1206 2196 1250 tor
2227 1205 2283 1251 et
2304 1197 2655 1252 adversarius
2691 1211 3013 1268 generosus,
3045 1206 3103 1251 et
3134 1194 3452 1265 passionum
3486 1206 3543 1251 et
3574 1212 3694 1249 mo-

2111 1306 2232 1343 rum
2312 1291 2502 1345 turbas
2563 1290 2801 1353 sternit,
2870 1299 3162 1343 mstrorum
3232 1288 3698 1343 inﬂammationes

2120 1383 2390 1453 reprimit,
2428 1391 2483 1437 et
2508 1384 2777 1438 motiones
2799 1383 3042 1444 cohibet,
3075 1392 3131 1435 et
3159 1382 3264 1436 tela
3285 1396 3535 1435 amorum
3555 1382 3698 1449 igni-

2112 1487 2292 1533 torum
2328 1476 2653 1546 exstinguit,
2698 1487 2753 1529 et
2783 1475 3024 1544 impetus
3051 1473 3450 1544 cogitationum
3484 1474 3694 1527 luctas-

2111 1588 2220 1641 que
2251 1573 2473 1625 avertit.
2510 1571 2631 1625 Non
2668 1578 2849 1624 tamen
2898 1570 2952 1622 in
2984 1569 3242 1623 omnibus
3272 1568 3557 1637 :cqualiter
3584 1569 3699 1622 vir-

2113 1672 2285 1718 tutem
2319 1662 2595 1726 ostendit;
2658 1661 2755 1716 sed
2799 1660 3004 1731 quibus
3057 1660 3202 1715 inest
3254 1676 3412 1715 mens
3467 1675 3599 1715 sana
3640 1670 3701 1716 et

2112 1752 2319 1824 optime
2372 1753 2643 1813 sentiens.
2680 1761 2737 1807 et
2795 1751 2961 1806 timor
3009 1751 3252 1816 divinus,
3288 1760 3347 1805 et
3377 1750 3697 1806 novissimo-

2115 1845 2344 1912 rum,in
2395 1844 2518 1898 istis
2546 1844 2684 1900 citra
2718 1844 3200 1913 perturbationum
3251 1845 3535 1899 molestias
3580 1846 3700 1898 ani-

2115 1951 2238 1990 mus
2288 1942 2440 1990 tenet
2477 1935 2848 2004 principatum
2881 1952 2894 1988 :
2930 1936 3077 1990 sicut
3113 1934 3339 2005 quidam
3387 1935 3700 2005 spiritualis

2113 2034 2171 2080 et
2209 2023 2550 2095 experientia
2575 2025 2775 2081 doctus
2805 2034 3016 2081 censet.
3058 2025 3178 2080 Non
3214 2035 3448 2095 possunt
3480 2041 3699 2089 omnes,

2116 2116 2317 2185 inquit,
2350 2131 2450 2184 per
2476 2114 2700 2169 virtutis
2745 2116 2998 2170 semitam
3042 2115 3338 2169 incedere:
3373 2114 3468 2169 sed
3504 2116 3539 2168 ii
3574 2124 3700 2170 tan-

2116 2216 2253 2272 tum,
2298 2208 2390 2277 qui
2422 2206 2799 2262 continentius
2834 2207 3048 2261 vivunt.
3103 2206 3383 2262 Virtutum
3428 2216 3611 2261 autem
3644 2215 3698 2260 et

2117 2299 2492 2369 praestantior,
2541 2306 2599 2353 et
2628 2299 2824 2352 melior
2868 2308 2954 2353 est
2982 2298 3297 2368 prudentia,
3342 2314 3464 2368 quae
3493 2299 3698 2368 cogita-

2117 2392 2267 2446 tione
2300 2400 2356 2445 et
2402 2391 2616 2444 ratione
2670 2390 2928 2445 universe
2977 2390 3275 2460 plurimum
3319 2391 3602 2461 adjuvant.
3640 2390 3699 2445 Si

2118 2485 2266 2540 enim
2300 2484 2464 2550 ratio,
2495 2493 2557 2537 ut
2604 2483 2788 2537 bonus
2832 2483 3049 2551 auriga,
3091 2491 3278 2552 partes
3320 2498 3443 2553 qua:
3473 2482 3700 2553 quidem

2122 2587 2355 2640 naturae,
2418 2583 2477 2629 ut
2528 2575 2665 2636 dixi,
2739 2574 3078 2628 irrationalis
3118 2584 3267 2636 sunt.
3318 2573 3473 2629 freno
3514 2584 3699 2630 autem

2116 2670 2346 2725 rationis
2380 2670 2520 2724 bene
2558 2667 2799 2738 regentis
2826 2665 3085 2722 feruntur
3114 2675 3170 2722 et
3204 2676 3396 2737 parcnt
3427 2667 3609 2731 facile,
3644 2668 3697 2719 in

2116 2764 2321 2834 quibus
2378 2761 2640 2821 voluerit.
2683 2761 2826 2815 bene
2857 2762 3084 2825 rexerit,
3141 2775 3204 2814 ea
3247 2761 3475 2813 materia
3520 2759 3703 2814 laudis

2119 2856 2179 2909 tit
2210 2852 2503 2909 sanctioris
2549 2852 2677 2906 vitae
2716 2851 3006 2908 studiosis.
3038 2851 3172 2917 Quae
3212 2859 3343 2906 sunt
3393 2850 3698 2906 secundum

2120 2956 2399 3011 naturam,
2432 2944 2609 3011 ﬁunt;
2643 2960 2765 3015 quae
2811 2952 3001 2998 contra
3029 2952 3177 3007 sunt,
3218 2942 3524 3013 fugiuntur,
3561 2943 3706 2996 sicut

2120 3040 2176 3094 in
2210 3038 2646 3109 praecedentibus
2689 3037 3004 3092 docuimus.
3055 3034 3111 3091 Si
3156 3043 3337 3090 autem
3372 3035 3512 3089 ratio
3546 3034 3699 3103 prin-

2120 3146 2249 3201 ceps
2274 3146 2383 3186 non
2406 3129 2546 3184 bene
2562 3136 2735 3200 regat,
2767 3129 2894 3198 quia
2915 3125 3121 3190 deﬁcit,
3139 3127 3298 3198 cujus
3327 3137 3410 3181 est
3440 3124 3569 3195 quid
3603 3124 3702 3179 de-

2121 3234 2245 3277 ceat
2274 3223 2543 3293 judicare,
2587 3221 2655 3276 de
2687 3230 2887 3277 caetero
2914 3236 3079 3276 omne
3125 3220 3519 3275 detrimentum
3555 3219 3608 3272 in
3644 3233 3707 3272 se

2120 3314 2285 3368 vertit
2311 3317 2350 3368 '.
2390 3313 2496 3367 Res
2530 3327 2748 3368 sursum
2781 3327 2843 3366 ac
2872 3311 3129 3367 deorsum
3165 3320 3333 3375 eunt;
3364 3310 3513 3364 illico
3554 3309 3705 3364 enim

2120 3407 2325 3461 veritas
2342 3414 2569 3475 putatur
2592 3405 2966 3470 mendacium,
2992 3414 3050 3458 et
3071 3404 3218 3473 quod
3237 3403 3398 3458 dulce
3419 3412 3525 3464 est.
3550 3416 3709 3455 ama~

2122 3511 2267 3560 rum,
2285 3489 2602 3550 etamarum
2625 3495 2804 3550 dulce.
2829 3495 3038 3549 Lumen
3067 3495 3123 3548 tit
3140 3495 3450 3549 tenebrmet
3467 3493 3710 3549 tenebrae

2121 3588 2340 3650 lumen;
2375 3590 2517 3644 mala
2562 3599 2784 3654 natura,
2825 3589 3086 3644 videntur
3138 3588 3366 3658 optima,
3410 3595 3467 3642 et
3500 3588 3708 3657 optima

2123 3681 2401 3752 fugienda.
2441 3683 2494 3737 Si
2528 3684 2654 3753 quis
2693 3682 3043 3738 instiusmodi
3082 3680 3214 3736 falsa
3259 3681 3469 3751 judicia
3522 3682 3711 3747 faciat,

2127 3774 2323 3828 vitium
2357 3784 2412 3829 et
2447 3775 2660 3845 peccati
2711 3773 2968 3846 contagio
3016 3773 3212 3829 abesse
3258 3788 3368 3827 non
3406 3780 3605 3843 potest.
3640 3771 3712 3826 Et

2127 3875 2257 3921 tunc
2305 3866 2514 3921 zizania
2560 3881 2683 3921 eum
2724 3867 2970 3936 germine
3013 3873 3363 3930 excrescunt,
3397 3866 3711 3935 stirpesque

2125 3958 2350 4013 inutiles
2385 3958 2441 4013 in
2493 3959 2642 4028 agris
2679 3957 3062 4028 spiritualibus
3096 3972 3156 4012 se
3194 3956 3559 4035 profundqpt,
3597 3957 3710 4011 uli-

2124 4055 2284 4125 leque
2337 4053 2607 4119 triticum,
2656 4061 2714 4108 et
2763 4052 3025 4108 alimento
3078 4051 3337 4109 idoneum
3390 4051 3711 4116 discoloria,

2121 4158 2177 4202 et
2206 4163 2234 4201 a
2271 4155 2462 4201 natura
2498 4145 2857 4201 abhorrentia
2904 4143 3180 4199 suﬂocant
3333 4143 3469 4198 Nam
3518 4152 3580 4197 ut
3631 4153 3715 4197 te-

2123 4238 2345 4294 terrima
2376 4246 2683 4308 praeterque
2715 4245 2990 4301 naturam,
3041 4244 3099 4288 et
3139 4233 3450 4288 adulterina
3496 4233 3710 4288 semina

2121 4345 2245 4383 cum
2296 4329 2643 4383 naturalibus
2697 4326 3195 4397 comprehendant,
3257 4334 3315 4379 et
3362 4325 3709 4395 proveniant.

2122 4421 2239 4475 fieri
2296 4422 2509 4491 nequit.
2546 4420 2814 4475 Voluntas
2867 4418 3137 4487 corporis,
3177 4415 3467 4486 prudentia
3501 4414 3714 4479 carnis,

2120 4512 2464 4580 voluptatum
2519 4511 2822 4580 impostura
2870 4517 3073 4578 praeter
3134 4515 3390 4561 naturam
3455 4504 3714 4577 propagi-

436 4599 587 4655 enim
620 4598 799 4667 ipsum
825 4595 1128 4666 appetitum
1154 4595 1337 4651 cordis
1363 4602 1589 4649 movent
1613 4612 1626 4659 ;
1651 4605 1746 4649 aut
1772 4595 2015 4649 animum
2051 4590 2095 4647 D
2122 4619 2221 4659 nes
2262 4612 2411 4659 sum,
2480 4602 2627 4668 Quas
2666 4602 2711 4656 si
2758 4602 2964 4655 sanctis
3032 4599 3319 4653 laboribus
3377 4595 3725 4668 oppresseri-

441 4692 511 4747 ad
544 4692 680 4748 iram
714 4700 770 4746 et
826 4690 993 4745 bilem
1031 4690 1377 4756 accendunt;
1415 4698 1512 4744 aut
1543 4689 1781 4759 denique
1814 4690 2017 4745 rationi

436 4786 701 4839 tenebras
727 4782 1045 4837 offundunt.
1091 4782 1170 4835 Ex
1198 4781 1400 4851 quibus
1449 4780 1739 4848 contingit.
1776 4790 2015 4836 mentem

436 4874 684 4929 intimam
739 4879 1088 4929 obscuratum
1124 4874 1429 4943 producere
1463 4873 1516 4925 in
1571 4871 1794 4942 longum
1831 4888 2017 4929 sacras

435 4983 630 5038 preces
683 4982 792 5021 non
847 4981 1034 5036 posse,
1088 4966 1601 5037 intelligentemque
1656 4973 1713 5019 et
1773 4964 2014 5021 divinam

436 5069 647 5128 partem
696 5058 762 5112 ad
812 5057 997 5113 lumen
1050 5058 1296 5113 divinum
1347 5055 1620 5111 hebetari.
1678 5055 1753 5112 Τὸ
1798 5058 2019 5126 λογικὸν

2123 4710 2265 4759 mus,
2313 4694 2620 4763 spiritualia
2662 4701 2939 4748 crescunt.
2979 4689 3247 4744 Triticum
3291 4697 3377 4743 est
3409 4689 3717 4743 secundum

2119 4794 2393 4839 naturam.
2455 4783 2669 4838 Etenim
2725 4780 2950 4836 virtutis
3012 4778 3239 4849 igniculi
3294 4792 3325 4830 a
3378 4786 3576 4831 natura
3619 4790 3724 4829 no-

2119 4878 2206 4932 bis
2254 4888 2384 4933 sunt
2436 4877 2623 4941 insiti;
2673 4885 2857 4930 motus
2890 4882 3075 4928 autem
3130 4870 3360 4935 turbidi,
3394 4880 3591 4941 praeter
3619 4883 3721 4923 na-

2121 4981 2301 5025 turam
2331 4979 2481 5035 sunt,
2522 4979 2585 5024 ut
2608 4970 2721 5024 dixi

2197 5062 2252 5118 Si
2295 5064 2441 5119 enim
2488 5063 2808 5133 improbitas
2844 5073 2993 5118 esset
3046 5061 3251 5131 aliqua,
3282 5065 3346 5112 ut
3392 5056 3467 5112 ita
3513 5054 3716 5119 dicam,

1913 5198 2190 5263 Scholia.

519 5330 534 5348 ‘
564 5325 861 5401 Gregorius
889 5325 1191 5401 Nyssenus.
1228 5321 1511 5401 Qeceptnm
1546 5321 1851 5401 intellectus
1873 5324 2031 5401 judi-

440 5400 604 5458 cium.
637 5392 753 5466 ipsa
806 5412 887 5449 res
929 5392 1187 5466 sequitur.
1227 5392 1540 5466 Cum‘enim
1593 5394 1842 5462 imperita
1864 5392 2031 5466 gratio

442 5485 548 5522 non
582 5456 837 5522 inuenerit
874 5466 963 5518 ubi
1000 5456 1206 5516 utiliter
1241 5456 1404 5515 armfs
1444 5471 1645 5524 utatur,
1672 5456 1733 5516 in
1768 5480 1823 5515 se
1854 5465 2027 5533 ipsam

439 5541 646 5605 ferrum
684 5536 1073 5589 auxiliator-um
1104 5535 1378 5597 convertit,
1409 5534 1463 5585 ei
1492 5534 1581 5598 qui
1612 5534 1754 5587 male
1781 5551 1904 5588 usus
1931 5545 2027 5600 est,

440 5609 813 5677 perniciosum.

514 5682 551 5698 “
577 5678 864 5731 Maximus.
897 5672 994 5728 Res
1024 5673 1153 5742 ipste
1186 5673 1395 5742 quidem
1423 5682 1570 5727 extra
1607 5675 1845 5727 animum
1882 5686 2025 5740 sunt,

382 5802 387 5809 ,
441 5764 627 5802 earum
685 5764 804 5800 vero
856 5745 1198 5814 cogitationes
1253 5760 1314 5796 ac
1356 5761 1537 5797 sensus
1591 5746 1735 5797 intra
1782 5746 2022 5799 animum

441 5820 756 5871 consistunt.
812 5816 977 5868 Penes
1012 5815 1184 5882 ipsum
1230 5814 1390 5879 igitur
1436 5825 1530 5877 est,
1562 5817 1699 5868 hisce
1756 5822 1848 5867 aut
1894 5815 2023 5868 bene

446 5895 539 5942 aut
571 5903 717 5940 secus
741 5887 817 5940 uti
842 5902 859 5939 :
885 5900 977 5938 nec
1007 5882 1156 5936 aliud
1183 5884 1473 5953 quidquam
1507 5892 1581 5939 est
1612 5884 1836 5947 malum,
1861 5902 2021 5955 quam

2133 5333 2456 5401 operationis
2488 5331 2807 5401 facultatum
2852 5339 3060 5384 natura’
3090 5327 3349 5401 adﬁnem
3390 5325 3718 5395 propositum

2131 5399 2413 5475 insitarum
2446 5399 2687 5472 defectio,
2720 5404 2826 5457 sive
2853 5401 3002 5455 bonae
3040 5399 3282 5475 omnium
3335 5409 3721 5475 rerumcauste

2130 5472 2437 5545 ignorantia
2461 5490 2479 5526 :
2499 5465 2616 5543 qum
2636 5489 2754 5526 cum
2783 5480 3007 5545 mentem
3029 5471 3323 5545 [inmanam
3346 5465 3715 5545 debiﬁtaverit.

2129 5533 2301 5611 ipsam
2329 5561 2359 5595 α
2391 5533 2571 5597 diuina
2600 5543 2898 5612 cognitione
2920 5540 3125 5610 penitus
3156 5539 3493 5609 peregrinam
3522 5533 3718 5597 reddit,

2130 5621 2178 5665 et
2210 5613 2361 5667 aliud
2398 5630 2615 5682 prorsus
2644 5613 2793 5667 nihil.

2201 5684 2261 5703 ‘"
2284 5673 2622 5753 Imp'robitas,
2657 5694 2747 5736 aut
2771 5681 3035 5753 illaudata
3066 5680 3287 5753 nﬁ'ectio,
3310 5675 3638 5753 naturaliter
3657 5673 3717 5727 in

2131 5761 2329 5807 natura
2368 5749 2475 5808 non
2506 5756 2767 5808 conterent
2800 5769 2861 5805 ac
2890 5752 3213 5815 subsistunt;
3252 5749 3389 5805 Deus
3424 5749 3564 5804 enim
3598 5750 3716 5799 tur-

2129 5824 2467 5879 bulentarum
2492 5825 2783 5879 motionum
2808 5836 2911 5877 non
2940 5830 3014 5875 est
3046 5820 3308 5875 conditor.
