4036 6422
395 402 515 469 853

398 602 756 676 supplicium,
814 610 918 652 nec
979 593 1251 647 virtutum
1310 588 1621 646 cultoribus
1686 586 1977 658 prmmium

399 675 545 753 esset
575 689 941 763 propositum.
978 685 1038 740 Si
1064 684 1189 754 quis
1217 696 1348 753 ergo
1377 677 1779 737 consuetudine
1811 675 1975 740 mala,

396 796 454 841 et
499 781 612 838 vita
661 780 803 834 male
846 776 1043 833 feriata
1085 772 1411 829 ail‘eetiones
1454 787 1485 825 a
1527 778 1733 825 natura
1770 767 1979 821 alienas

403 877 460 930 in
486 873 739 929 habitum
759 864 1121 930 converterit,
1145 864 1193 918 is
1211 878 1433 918 rursum
1456 856 1860 916 consuetudine
1884 858 1981 911 ho-

397 981 472 1020 na
500 964 610 1017 vim
642 963 792 1017 illam
826 958 947 1014 vitii
967 958 1024 1011 in
1044 954 1266 1011 virtutis
1282 954 1401 1007 vim
1430 951 1728 1021 remigrare
1752 955 1914 1019 cogat
1935 949 1977 1001 ‘.

397 1056 697 1123 Postquam
735 1051 884 1105 enim
939 1048 1075 1103 lines
1130 1061 1263 1101 suos
1287 1058 1509 1115 egressa
1557 1040 1747 1106 luerit,
1796 1041 1979 1095 denuo

406 1148 463 1201 in
491 1145 729 1214 seipsam
759 1141 1017 1197 celeriter
1047 1139 1228 1194 redire
1259 1135 1643 1205 compellatur.
1676 1132 1746 1188 Et
1774 1132 1981 1187 idcirco

404 1252 638 1309 magnus
662 1235 755 1291 ille
779 1234 1019 1305 agricola
1051 1229 1334 1303 praecepit,
1357 1226 1720 1296 relinquenda
1747 1225 1980 1287 zizania,

404 1338 468 1383 ut
495 1335 746 1384 crescant
778 1339 904 1380 cum
935 1325 1143 1389 tritico,
1176 1330 1238 1377 ut
1263 1322 1471 1393 plastes
1495 1318 1796 1390 providens
1822 1317 1983 1372 nobis

406 1434 476 1476 ne
505 1434 567 1474 re
593 1427 787 1473 natura
820 1415 1197 1487 pulcherrima
1229 1414 1578 1476 orbaremur,
1610 1425 1680 1465 ne
1705 1407 1981 1479 cupiditas

409 1528 534 1568 eum
595 1511 845 1583 germine
906 1506 1278 1579 improbitatis
1337 1503 1501 1559 simul
1538 1501 1978 1558 exscinderetnr.

408 1606 544 1660 Nam
573 1606 618 1659 si
653 1617 761 1659 una
792 1617 919 1658 cum
948 1602 1014 1656 iis
1063 1615 1186 1671 quae
1215 1606 1414 1669 praeter
1450 1605 1706 1652 naturam
1738 1600 1888 1659 sunt,
1917 1607 1983 1646 ea

407 1711 531 1767 qua:
559 1694 865 1751 secundum
886 1701 1140 1747 naturam
1165 1697 1295 1744 sunt
1321 1687 1505 1741 omnia
1535 1683 1980 1746 extraherentur,

408 1796 611 1845 natura
642 1787 883 1842 humana
930 1783 998 1839 ad
1040 1782 1306 1839 auxilium
1347 1793 1509 1835 suum
1545 1777 1725 1843 aliter,
1756 1783 1812 1830 et
1841 1774 1991 1829 bene

406 1883 480 1938 iis
513 1880 595 1936 uti
633 1895 745 1934 non
784 1887 992 1948 posset.
1024 1875 1310 1930 Cbaritate
1361 1872 1532 1935 enim,
1572 1884 1694 1941 qum
1726 1866 1988 1938 pulcher-

413 1974 553 2027 rima
583 1969 905 2041 cupiditatis
937 1968 1121 2039 proles
1155 1974 1260 2028 est,
1291 1980 1322 2020 e
1365 1963 1528 2018 nobis
1576 1962 1741 2017 simul
1782 1960 1985 2023 excisa,

406 2063 556 2133 quod
613 2061 835 2118 tandem
887 2060 1249 2130 pharmacum
1300 2056 1512 2110 utiliter
1564 2051 1991 2109 adhibebimus?

409 2156 517 2212 ista
561 2162 745 2210 autem
805 2152 969 2209 simul
1021 2149 1326 2214 difﬂuentc,
1370 2162 1493 2217 quae
1544 2161 1698 2200 arma
1747 2145 1874 2215 quis
1919 2143 1990 2199 ad

406 2246 807 2303 defensionem-
829 2244 916 2298 sui
961 2251 1156 2299 contra
1200 2238 1391 2319 hostes
1423 2239 1641 2294 occulte
1678 2252 1779 2293 nos
1814 2252 1991 2307 oppu-

408 2352 644 2413 gnantes
674 2339 916 2395 habeat?
947 2338 1240 2393 Armorum
1271 2332 1478 2405 quippe
1514 2334 1634 2387 loco
1668 2330 1990 2387 hominibus

409 2442 540 2489 sunt
569 2431 847 2502 appetitus
903 2437 962 2485 et
994 2428 1097 2482 ira.
1124 2426 1284 2494 Quod
1312 2425 1357 2479 si
1391 2426 1509 2480 haec
1541 2424 1807 2479 radicitus
1830 2423 1989 2478 evul-

408 2525 572 2587 seris,
608 2522 886 2594 quomodo
932 2520 1116 2574 nudus
1160 2518 1391 2589 spiritus
1442 2516 1509 2571 ad
1553 2530 1790 2585 pugnam
1823 2523 1879 2569 et
1908 2514 1992 2568 lu-

410 2628 557 2673 ctam
615 2623 806 2670 contra
862 2613 1161 2675 daemones,
1216 2619 1378 2679 atque
1434 2607 1502 2661 ad
1559 2609 1734 2662 aciem
1794 2612 1990 2659 contra

412 2706 692 2776 principes
722 2703 1073 2758 tenebrarum
1104 2699 1480 2757 instruendam
1509 2696 1859 2770 aggrediatur
1884 2695 1963 2747 *Ὗ

483 2838 585 2904 Qui
646 2837 797 2892 enim
844 2834 1152 2891 secundum
1202 2833 1489 2904 spiritum,
1524 2847 1635 2886 non
1683 2829 1987 2885 secundum

421 2932 649 2985 animam
684 2938 920 2995 tantum,
951 2929 1071 2984 sive
1115 2927 1419 2983 secundum
1468 2940 1688 2979 carnem
1730 2922 1874 2976 hanc
1905 2921 1987 2974 vi—

417 3038 544 3077 rere
589 3031 1022 3085 consueverunt,
1074 3035 1172 3075 eos
1221 3026 1432 3074 eertum
1488 3025 1570 3071 est
1617 3031 1648 3071 a
1693 3030 1806 3069 non
1842 3014 1987 3069 bono

416 3123 640 3186 propter
661 3114 865 3169 bonum
898 3110 1066 3182 pungi
1094 3127 1157 3165 ac
1186 3109 1480 3164 stimulari.
1505 3107 1609 3173 Qui
1640 3122 1770 3162 vero
1797 3105 2001 3158 vivunt.

412 3206 468 3261 in
497 3220 661 3261 carne
693 3204 935 3260 carnalia
977 3205 1221 3274 sapiunt.
1271 3221 1289 3252 ι
1319 3199 1586 3255 Animalis
1630 3197 1778 3253 enim
1820 3196 1988 3250 homo

412 3312 520 3352 non
552 3295 789 3367 percipit
816 3310 881 3350 ea
913 3308 1035 3363 quae
1056 3304 1186 3348 sunt
1224 3292 1449 3361 spiritus
1474 3291 1517 3352 ⁸,
1551 3308 1568 3341 ι
1609 3288 1808 3342 Paulus
1844 3287 1996 3340 velut

413 3403 481 3443 ex
526 3389 638 3443 alto
689 3386 1048 3458 pronuntiat;
1099 3401 1208 3439 non
1253 3384 1403 3439 enim
1455 3392 1540 3437 est
1587 3380 1842 3450 spiritus,
1896 3378 1991 3448 qui

414 3480 716 3537 secundum
747 3494 970 3534 carnem
1002 3477 1157 3541 vivit,
1190 3476 1349 3545 cuius
1384 3473 1677 3543 prudentia
1707 3480 1793 3526 est
1837 3484 1988 3525 mors

419 3571 724 3641 periculum
750 3584 1032 3640 magnum,
1059 3577 1111 3621 et
1141 3581 1319 3636 pugna
1346 3571 1401 3618 et
1428 3559 1693 3616 distantia
1728 3576 1756 3614 a
1785 3557 1990 3613 divinis

418 3661 670 3732 penitus;
704 3660 907 3715 divinis
943 3659 1089 3712 enim
1126 3656 1338 3727 legibus
1366 3652 1695 3708 omnimodis
1730 3649 1989 3704 adversa-

422 3766 529 3809 tur.
570 3753 870 3810 Prudentia
920 3764 1102 3807 autem
1147 3747 1393 3819 spiritus,
1431 3759 1617 3815 pacem
1648 3743 1825 3796 vivam
1869 3756 1987 3795 sca-

366 3880 373 3887 ι
419 3847 555 3901 turit
579 3847 620 3901 δ.
647 3846 751 3913 Qui
774 3844 994 3901 carnale
1023 3858 1207 3898 semen
1235 3839 1488 3902 seminat,
1514 3838 1583 3891 de
1607 3848 1772 3890 carne
1796 3840 1985 3893 metet.

420 3945 588 3991 metet
620 3946 803 3991 autem
854 3943 1106 3990 mortem.
1147 3931 1250 3999 Qui
1288 3938 1473 3985 autem
1531 3927 1587 3981 in
1646 3926 1843 3995 spiritu
1902 3937 1992 3977 εθ-

422 4030 614 4092 minat,
664 4029 971 4100 spiritualia
1032 4037 1224 4094 metet,
1277 4033 1335 4080 et
1394 4033 1628 4077 messem
1682 4016 1997 4087 corruptio-

421 4121 505 4175 nis
534 4121 577 4174 '.

490 4364 517 4399 "
544 4364 559 4417 l
595 4362 719 4419 Cor.
756 4378 817 4429 η,
850 4362 937 4417 Η.
1014 4362 1036 4394 ⁸
1068 4363 1229 4418 Rom.
1254 4375 1372 4427 vm,
1403 4356 1437 4415 6
1459 4375 1614 4430 seqq.

1839 382 2195 448 DIOPTRA.

397 503 791 570 substantiatio
848 511 949 559 aut‘
996 509 1216 564 natura,
1273 512 1375 553 nec
1433 493 1801 552 sectatoribus
1860 495 2057 566 ejusA

3549 359 3658 426 85d

2663 484 2888 542 CAPUT
2928 480 3065 538 Xlll.

2087 626 2347 693 Quisnam
2398 622 2825 693 carnalistquis
2880 615 3152 693 animalis,
3192 613 3308 683 quis
3340 606 3658 693 .spiritualis

2156 677 2507 766 appellandus
2536 677 2846 766 sit.'Sdlum
2886 689 2941 766 id
2989 677 3180 766 bonum
3205 677 3351 765 quod
3392 677 3660 766 exliberp

2158 754 2431 820 voluntate
2475 761 2744 834 prazcedit,
2797 759 3006 814 laudem
3033 764 3080 810 et
3107 754 3386 827 prtcmium
3439 761 3657 802 meren.

2158 903 2354 957 ANIIM.
2406 899 2514 955 Sed
2568 913 2689 969 age,
2730 893 3101 951 diﬂ‘erentiam
3158 898 3548 959 personarum,
3603 888 3662 935 et

2086 995 2210 1066 quis
2223 993 2480 1057 carnalis,
2504 992 2628 1061 quis
2653 987 2978 1060 spiritualis,
3006 983 3133 1055 quis
3158 981 3379 1036 demum
3407 973 3662 1031 animalis

2086 1090 2179 1149 sit,
2217 1086 2351 1141 mihi
2385 1084 2639 1150 declara;
2676 1096 2779 1136 nec
2809 1079 2958 1137 enim
2991 1089 3223 1132 noscere
3249 1086 3416 1142 queo.

2158 1176 2326 1233 Cum.
2347 1176 2566 1231 Primus
2595 1175 2795 1228 horum
2833 1168 3052 1239 corpori
3078 1164 3426 1233 obsequitur,
3451 1168 3509 1216 et
3538 1172 3663 1214 cor-

2090 1270 2240 1339 poris
2272 1266 2656 1338 voluptatibus
2688 1265 2882 1329 servit,
2914 1262 3197 1329 vitamque
3237 1265 3450 1312 tantum
3481 1251 3661 1308 sensi-

2091 1364 2529 1434 bnssubjectam
2563 1360 2619 1415 in
2668 1359 2838 1415 rebus
2886 1355 3111 1413 caducis
3150 1352 3342 1422 exigit,
3382 1348 3438 1402 in
3467 1359 3578 1417 quo
3605 1351 3666 1398 et

2089 1459 2336 1513 deterius
2377 1472 2410 1511 a
2454 1454 2838 1524 praestantiore
2889 1450 3180 1505 subactum
3233 1452 3337 1500 est.
3391 1437 3665 1496 Animalis

2088 1551 2305 1607 solutus
2338 1557 2395 1602 et
2429 1547 2587 1601 laxus
2611 1555 2698 1601 est
2739 1543 2809 1598 ad
2840 1542 3065 1596 habitus
3097 1550 3289 1592 revera
3319 1546 3433 1588 non
3467 1531 3662 1591 bonos,

2090 1642 2446 1709 animumque
2487 1636 2735 1692 nondum
2772 1635 3104 1689 illustratum
3151 1628 3354 1692 habet;
3390 1622 3488 1679 sed
3529 1620 3667 1675 vivit

2091 1735 2158 1790 ad
2180 1732 2509 1805 appetitum,
2539 1729 2636 1800 qui
2665 1728 2890 1783 videtur
2921 1724 3195 1792 optimus,
3217 1717 3484 1780 motibus,
3516 1713 3667 1769 desi-

2020 1838 2063 1892 B
2091 1825 2285 1889 deriis,
2327 1832 2384 1878 et
2406 1830 2622 1878 naturae
2650 1815 3047 1874 blandimentis
3081 1811 3351 1881 indulget.
3390 1805 3664 1877 Spiritua-

2089 1919 2196 1974 lem
2258 1929 2524 1971 vocamus
2579 1920 2855 1968 amantem
2909 1923 3097 1965 rerum
3159 1902 3508 1966 etelestium;
3570 1897 3666 1968 qui

2097 2007 2333 2062 internis
2387 2003 2568 2060 oculis
2623 2001 2812 2057 divina
2870 1997 3118 2068 respicit,
3170 2004 3228 2049 et
3284 1987 3668 2047 tantummodo

2090 2099 2264 2155 vitam
2327 2095 2722 2165 sempiternam
2795 2091 2998 2161 diligit,
3055 2085 3242 2142 omnia
3311 2077 3666 2151 voluptuaria

2091 2190 2404 2253 concaleat,
2455 2186 2664 2243 sanctis
2720 2178 3219 2239 exercitationibus
3266 2190 3326 2232 se
3374 2172 3564 2237 dedit,
3611 2179 3670 2224 et

2092 2279 2315 2352 spiritui
2344 2293 2566 2335 carnem
2607 2274 2851 2347 subiicit.
2882 2271 3039 2339 Quod
3084 2269 3130 2326 si
3162 2268 3342 2338 placet
3385 2265 3510 2330 tibi,
3552 2278 3668 2318 rem

2093 2375 2203 2430 alio
2269 2372 2446 2427 modo
2499 2368 2828 2441 explanabo.
2884 2362 3278 2431 Unusquisque
3360 2354 3668 2413 secundum

2096 2474 2348 2518 naturam
2384 2473 2440 2517 et
2466 2476 2689 2516 carnem
2719 2456 3048 2517 viventium,
3076 2455 3237 2523 plane
3273 2456 3506 2505 vocatur
3548 2445 3672 2501 ani—

2093 2557 2269 2618 malis,
2307 2565 2367 2609 ut
2402 2554 2496 2624 qui
2534 2561 2716 2612 mente
2761 2550 3006 2605 nondum
3051 2543 3346 2617 profecerit
3374 2543 3458 2596 “'.

2166 2649 2425 2703 Viventes
2473 2647 2620 2699 intra
2675 2643 2955 2713 spiritum,-
3009 2637 3262 2695 carnales
3308 2632 3650 2703 appellamus

2091 2739 2193 2807 Qui
2244 2752 2431 2793 autem
2485 2743 2738 2790 naturam
2781 2734 2847 2788 ad
2896 2732 3156 2802 spiritum
3204 2732 3664 2793 attemperarunt,

2099 2827 2418 2899 spiritualcs
2465 2825 2724 2891 audiunt,
2762 2822 2830 2877 Jut
2884 2822 2988 2890 qui.
3033 2820 3298 2875 virtutem
3349 2820 3673 2871 exerceant.

2092 2922 2297 2977 Adhuc
2332 2919 2549 2976 tertiam
2570 2917 2991 2987 explicationem
3026 2912 3253 2967 afferam
3279 2925 3301 2960 ι
3332 2906 3522 2961 Mutuo
3570 2903 3674 2959 ad-

2091 3022 2384 3069 versantur
2413 3026 2540 3066 caro
2597 3018 2654 3064 et
2686 3008 2934 3078 spiritus.
2972 3006 3031 3060 in
3065 3018 3176 3074 quo
3204 3016 3333 3057 caro
3370 3012 3672 3069 superave-

2093 3108 2189 3170 rit,
2221 3107 2267 3160 is
2297 3105 2500 3160 dieitur
2522 3102 2776 3158 carnalis.
2826 3101 2882 3155 ln
2925 3114 3034 3168 quo
3071 3095 3295 3167 spiritus
3318 3092 3537 3154 vicerit,
3582 3089 3673 3145 ille

2093 3208 2178 3254 est
2195 3197 2516 3268 spiritualis,
2534 3195 2727 3265 etjure
2745 3192 2958 3247 fructus
2974 3189 3201 3260 spiritus
3221 3185 3486 3241 dicendus
3502 3185 3601 3236 “".

2163 3288 2320 3355 Quod
2364 3288 2410 3343 si
2452 3288 2596 3341 inter
2630 3285 2793 3339 ambo
2831 3298 2937 3352 pax
2983 3279 3197 3335 inutilis
3230 3278 3416 3340 fuerit,
3462 3274 3573 3330 erit
3625 3274 3673 3329 is

2095 3382 2265 3437 homo
2309 3380 2586 3443 animalis,
2638 3377 2732 3447 qui
2785 3389 2918 3431 vere
2955 3371 3324 3443 cognitionem
3372 3367 3562 3427 habet,
3616 3374 3674 3419 et

2095 3473 2265 3528 vitam
2294 3472 2492 3526 animat
2521 3467 2741 3523 insitam
2773 3475 2831 3521 et
2854 3478 3171 3520 concessam
3203 3460 3357 3515 vivit.
3386 3459 3499 3513 Nec
3523 3456 3670 3510 enim

2095 3563 2393 3619 seminavit
2439 3560 2493 3614 in
2543 3574 2729 3619 carne,
2765 3568 2826 3613 ut
2863 3556 3293 3625 corruptionem;
3325 3558 3495 3605 mctat
3527 3565 3540 3600 :
3575 3561 3675 3599 nee

2099 3668 2293 3708 rursus
2329 3651 2383 3705 in
2429 3641 2653 3719 spiritu,
2689 3658 2750 3703 ut
2784 3646 2949 3701 vitam
2979 3656 3244 3701 aeternam
3277 3650 3476 3702 metat;
3512 3648 3675 3706 atque

2096 3744 2226 3797 hinc
2256 3750 2314 3796 ut
2351 3741 2588 3794 medium
2619 3738 2906 3808 quiddam,
2936 3747 2992 3792 et
3015 3734 3266 3790 animalis
3294 3740 3378 3787 est

2172 3833 2364 3900 Qualis
2413 3832 2486 3885 sit
2532 3813 3001 3890 carnalis'homo,
3032 3826 3211 3897 qualis
3256 3820 3582 3893 spiritualis,
3619 3826 3672 3873 et

2093 3942 2204 3999 quo
2233 3935 2393 3996 pacto
2429 3939 2487 3979 se
2523 3934 2758 3993 uterque
2786 3921 3010 3986 habeat,
3041 3914 3441 3989 perfectissime
3474 3910 3678 3965 Paulus

2095 4021 2266 4075 novit.
2295 4017 2399 4073 Sed
2428 4027 2607 4071 tamen
2624 4031 2721 4069 eos
2748 4014 2892 4068 inter
2918 4027 2976 4067 se
2998 4022 3348 4078 comparans,
3372 4014 3674 4070 utrumque

2040 4164 2045 4169 .
2095 4128 2193 4182 per
2227 4126 2285 4165 se
2338 4108 2641 4179 plurimum
2680 4106 2863 4161 valere
2912 4110 3106 4159 contra
3138 4101 3375 4156 alterum
3418 4095 3674 4149 amrmat.

2093 4201 2333 4257 Medium
2363 4210 2551 4257 tenent
2579 4199 2786 4264 locum,
2808 4196 3012 4268 quibus
3036 4209 3148 4251 non
3179 4193 3246 4248 ab
3279 4187 3675 4247 exercitatione

1692 4363 1714 4394 ⁸
1741 4360 1920 4416 Galat.
1957 4375 2035 4421 vr.
2060 4360 2116 4417 8.

1899 4525 2177 4587 Scholia.

495 4703 795 4760 ‘lsidorus.
821 4700 975 4756 Multi
999 4700 1251 4756 mortales
1277 4710 1490 4772 peccata
1516 4710 1563 4753 et
1595 4701 1725 4755 uitia
1752 4701 1993 4769 quamvis
2029 4701 2071 4756 Ι)
2105 4699 2233 4772 dum
2272 4708 2525 4772 naturam
2556 4706 2680 4772 sunt
2710 4695 3076 4772 avellerentur.

422 4793 526 4830 non
542 4775 843 4835 didicerint,
864 4781 1039 4825 tamen
1058 4771 1397 4841 perpetrant;
1416 4771 1550 4824 bona
1566 4779 1737 4824 autem
1751 4772 1994 4838 quamvis

419 4864 484 4900 ea
516 4847 676 4908 docti,
706 4860 813 4897 non
844 4842 1150 4911 intelligunt
1182 4854 1204 4893 .'
1227 4842 1317 4894 sed
1341 4841 1614 4911 suppliciis
1646 4842 1867 4911 gravida
1902 4857 1994 4909 per

420 4933 476 4968 se
527 4930 710 4969 amare
757 4921 806 4966 et
858 4913 1220 4981 concupiscere
1266 4927 1370 4965 non
1416 4912 1663 4965 desinunt
1715 4928 1728 4962 ε
1770 4926 1993 4965 coronas

421 4994 597 5040 autem
619 4983 980 5048 conciliantia,
1006 4990 1065 5034 ut
1092 4993 1446 5051 exsequantur
1468 4982 1658 5035 adduci
1686 4983 1990 5051 neutiquam

422 5064 659 5126 possunt.

492 5127 665 5180 Nilus.
708 5124 809 5177 Per
847 5131 1094 5177 conatum
1130 5122 1361 5175 studiose
1417 5122 1634 5175 antundi
1679 5121 1863 5185 Deum,
1898 5137 1989 5172 ne-

420 5195 689 5265 gligentia:
726 5196 830 5248 vim
869 5193 1133 5265 debellare
1175 5202 1222 5246 et
1263 5193 1509 5261 frangere
1573 5191 1724 5245 uelis.
1764 5190 1993 5246 Consue-

425 5264 550 5319 tudo
579 5269 714 5319 enim
745 5264 1120 5318 consuetudine
1151 5273 1393 5316 mutatur
1421 5278 1436 5315 :
1474 5269 1682 5314 tantum
1720 5278 1783 5314 ne
1819 5271 2004 5331 tyran-

426 5337 602 5389 nidem
637 5336 907 5389 obtendas.

500 5411 537 5426 “
567 5405 883 5474 Cnpiditatis
905 5405 1094 5474 stirpes
1112 5411 1234 5456 sunt
1256 5402 1578 5474 charitos,_et
1611 5402 2003 5474 temperantia;

426 5477 496 5529 ad
538 5471 655 5530 lucc
700 5471 1112 5543 intemperantia
1153 5482 1201 5526 et
1252 5473 1430 5526 libido.
1482 5472 1560 5524 Ea:
1605 5473 1688 5525 ira
1745 5471 2001 5540 fortitudo

426 5547 638 5608 emicat,
665 5547 889 5608 insuper
920 5544 1166 5608 audacia,
1210 5554 1258 5595 ct
1297 5543 1553 5595 timiditas
1606 5550 1800 5607 prrrter
1843 5551 2001 5594 natu-

430 5631 567 5697 ram.
711 5617 892 5668 anima
914 5630 1030 5683 qua,
1050 5623 1125 5668 est
1151 5614 1374 5667 rationis
1403 5614 1684 5697 particeps,
1715 5611 1996 5694 prudentia

430 5694 477 5736 et
507 5686 742 5753 justitia,
773 5682 969 5753 praeter
1008 5693 1261 5737 naturam
1302 5698 1424 5737 vero
1461 5682 1709 5743 stultitia,
1741 5682 1989 5744 auaritia,

427 5746 840 5823 imiqualitas'ét
863 5754 1144 5823 injustitia.
1177 5754 1328 5818 Quod
1356 5754 1420 5811 si.
1472 5767 1589 5820 quia
1618 5759 1809 5821 prccter
1834 5759 1992 5803 natu-

430 5839 545 5877 ram
571 5834 710 5892 sunt,
746 5823 1010 5878 evellenda
1051 5834 1240 5891 essent,
1263 5823 1423 5878 simul
1452 5824 1628 5876 rnnnia
1668 5838 1784 5891 qua:
1810 5837 1993 5875 secun-

2174 4770 2432 4825 Basilius.
2476 4767 2616 4833 Quid
2649 4767 2783 4820 lucri
2826 4772 2924 4827 est,
2975 4764 3029 4816 in
3084 4761 3263 4817 multis
3305 4772 3500 4833 vacare
3535 4759 3680 4833 enini

2102 4826 2518 4911 perturbatione:
2550 4839 2595 4891 si
2624 4838 2687 4890 ab
2724 4852 2829 4911 una
2848 4826 3051 4911 _c0rpus
3087 4836 3458 4911 corrumpatur
3476 4827 3515 4880 ?'
3539 4826 3676 4881 Nam

2102 4900 2295 4963 Petrus
2328 4900 2551 4979 post__tot
2581 4907 2792 4979 egregia
2837 4900 3092 4979 facta,_ct_
3130 4900 3542 4979 prwdicationes
3578 4903 3674 4958 tot,

2101 4980 2305 5033 audiuit
2328 4972 2356 5033 ἐ
2388 4996 2407 5028 «
2435 4976 2551 5031 Nisi
2577 4972 2755 5029 lavero
2782 4984 2850 5036 tc,
2874 4989 2977 5025 non
3004 4972 3211 5025 habebis
3244 4978 3448 5041 portent
3475 4982 3677 5021 mecum

2101 5048 2282 5117 (Joan.
2320 5064 2433 5109 xm,
2471 5046 2547 5110 8).

2172 5121 2236 5140 “'
2265 5117 2525 5190 Cyrillus.
2564 5113 2824 5190 Animalis
2850 5122 2949 5177 est,
2984 5111 3101 5190 qui_
3125 5109 3411 5190 secundum.
3464 5122 3677 5161 carnem

2099 5181 2520 5250 niveum-animo
2553 5202 2646 5257 per
2680 5186 2931 5253 spiritum
2959 5182 3193 5257 nondum
3226 5181 3527 5257 illustratus
3556 5186 3679 5257 est;

2102 5261 2193 5312 sed
2225 5248 2625 5327 intelligentiam
2659 5248 3023 5327 tantummodo
3065 5253 3356 5327 humanam
3392 5248 3681 5318 ingenitam

2102 5330 2277 5390 habet,
2309 5320 2468 5397 qudm
2507 5327 2741 5397 omnium
2775 5325 3056 5397 animabus
3084 5322 3269 5397 Qpifex
3298 5320 3501 5397 insuit.

2174 5389 2271 5420 ""7
2285 5389 2743 5462 Quemadmodum
2762 5396 2911 5448 rebus
2929 5395 3085 5465 ﬂuxis
3103 5389 3331 5465 immista
3357 5389 3539 5442 anima
3559 5401 3682 5465 eoa-

2099 5471 2176 5523 dit
2207 5458 2464 5524 carnalis.
2509 5468 2585 5518 ita
2627 5481 2815 5533 corpus
2867 5458 2961 5533 per
2998 5463 3447 5533 incorruptionem
3484 5458 3680 5508 animae

2096 5541 2285 5594 semini
2318 5537 2593 5590 Dominico
2623 5531 2831 5588 unitum
2859 5531 3138 5604 spirituale
3168 5531 3424 5604 redditur.

2173 5609 2285 5630 "“'
2311 5607 2432 5662 Scio
2465 5607 2625 5667 enim,
2669 5614 2726 5657 ut
2751 5593 3066 5658 discordiam
3091 5598 3377 5671 quamdam
3402 5593 3678 5662 optimam,

2105 5679 2181 5733 sic
2208 5679 2368 5731 etiam
2413 5665 2748 5729 concordiam
2775 5674 3061 5735 quamdam
3095 5665 3522 5725 nocentissimum
3546 5677 3676 5735 esse.

2107 5730 2305 5821 Helius
2329 5756 2404 5801 est
2433 5747 2572 5801 enim
2601 5730 2869 5800 laudabile
2909 5742 3121 5807 bellum,
3163 5753 3319 5810 quam
3350 5748 3456 5803 pax
3502 5750 3535 5787 a
3574 5730 3687 5785 Dea

2102 5835 2380 5889 separaris.
