4036 6478
340 362 446 426 855

1585 358 1929 421 ΡΗΙΙ.1ΡΡΙ
1970 357 2366 418 SOLlTARlI

3508 365 3615 429 856

339 474 591 545 contigit,
626 477 722 532 sed
751 478 957 547 absque
989 479 1275 535 laboribus
1316 477 1505 531 innata
1545 482 1630 531 est
1658 475 1918 531 castimo-
1952 478 1998 533 A
2031 469 2088 522 in
2150 469 2472 535 memoriam
2526 468 2672 525 dicta
2720 482 3069 527 revocantes.
3112 472 3377 529 Dominus
3422 476 3611 548 igitur.

338 566 452 627 nia.
510 576 568 623 et
604 569 783 624 honor
826 572 1012 626 nullus
1050 571 1308 634 habetur,
1367 585 1472 625 nec
1520 584 1756 625 coronas
1801 584 1921 624 me-

342 672 553 725 rentur,
581 662 675 731 qui
725 671 928 717 statum
984 663 1259 719 castitatis
1307 663 1426 717 sine
1456 664 1757 718 certamine
1792 671 1923 718 sunt

342 754 546 822 :nlcpti.
578 752 793 806 Etenim
835 769 902 808 ex
943 764 1104 810 utero
1145 756 1337 811 matris
1367 756 1607 811 eunuchi
1650 755 1783 821 nati,
1818 770 1923 810 nec

346 847 626 902 molestias
675 846 926 902 sentiunt
967 847 1103 903 fcedi
1144 850 1372 913 amoris,
1418 865 1522 904 nec
1561 865 1747 904 rerum
1792 866 1920 905 cum

344 937 855 1007 perturbationibus
901 941 1347 1011 conjunctarum.
1402 939 1515 995 Nec
1555 939 1788 1009 proinde
1839 940 1922 994 di-

337 1029 539 1097 gnandi
597 1038 727 1083 sunt
794 1030 1009 1098 gloria,
1062 1041 1158 1086 aut
1211 1032 1417 1102 gratia,
1467 1031 1919 1101 quandoquidem

341 1122 559 1176 labores
587 1136 695 1179 non
740 1122 1134 1179 toleraverunt.
1165 1124 1375 1179 Bonum
1421 1124 1627 1194 quippe
1670 1124 1920 1178 naturale

339 1213 791 1282 approbationem
825 1223 883 1270 et
912 1215 1129 1270 laudem
1160 1230 1271 1270 non
1299 1225 1544 1271 meretur
1566 1220 1604 1269 ‘.

414 1305 512 1361 Sin
540 1319 608 1360 ex
638 1305 822 1361 animo
853 1315 912 1360 et
939 1307 1222 1363 voluntate
1251 1315 1562 1377 praestetur,
1587 1309 1735 1379 juste
1760 1323 1919 1363 coro-

340 1413 467 1453 nam
497 1398 752 1454 sortitur.
797 1399 1164 1469 Prasrogativa
1199 1400 1372 1465 enim,
1417 1409 1473 1456 et
1516 1402 1918 1472 adjumentum,

339 1488 489 1555 quod
518 1490 822 1559 cujuSpiam
846 1496 1058 1544 natura:
1081 1489 1257 1555 adest,
1293 1506 1404 1545 non
1434 1499 1519 1547 est
1548 1507 1717 1548 causa
1741 1493 1921 1548 laudis

340 1582 395 1635 in
427 1581 514 1635 his
538 1581 743 1651 quibus
769 1580 963 1648 adest;
1007 1582 1105 1637 sed
1135 1582 1189 1637 id
1216 1584 1403 1653 potius
1425 1585 1618 1641 divine
1646 1585 1920 1643 beneficio

340 1672 759 1729 attribuendum
785 1681 896 1728 est.
928 1672 1050 1729 Non
1077 1674 1319 1730 habetur
1350 1676 1524 1745 gratia
1573 1676 1684 1747 igni
1735 1678 1917 1733 urenti

340 1776 399 1821 et
441 1767 777 1824 illuminanti
818 1788 833 1824 :

340 1860 567 1919 Minime
606 1860 797 1931 gratias
835 1871 1077 1933 aguntur
1117 1862 1252 1928 nivi,
1291 1862 1437 1933 quod
1476 1862 1798 1934 frigefaciat.
1829 1862 1924 1919 Sol

340 1953 650 2009 clarissime
681 1953 850 2019 lueet,
889 1954 1058 2017 lueet,
1102 1954 1348 2024 inquam,
1396 1969 1499 2009 nee
1549 1954 1667 2009 vult
1711 1954 1922 2010 lucere.

343 2045 532 2101 Solum
562 2045 703 2101 velle
730 2061 853 2116 quas
877 2046 1329 2115 praestantissima
1358 2053 1509 2114 sunt,
1536 2046 1769 2117 gratiam
1794 2061 1928 2117 pro-

343 2146 605 2194 meretur.
637 2136 797 2203 Quod
837 2136 883 2191 si
910 2136 1135 2191 modum
1158 2137 1440 2207 exquiras,
1468 2137 1723 2207 quamvis
1749 2150 1918 2191 carne

340 2237 582 2294 constes,
651 2228 907 2298 superior
964 2242 1153 2285 amore
1209 2229 1462 2298 corporis
1519 2228 1834 2299 apparebis,
1873 2235 1929 2284 et

343 2320 646 2376 seminabis
690 2320 746 2374 in
787 2319 985 2390 spiritu
1039 2329 1304 2376 evacuata
1349 2337 1542 2376 carne.
1596 2322 1708 2393 Ego
1755 2331 1811 2376 et
1868 2332 1926 2376 tu

343 2409 563 2481 spiritui
614 2398 955 2473 serviamus,
1004 2411 1225 2481 corpori
1272 2411 1426 2466 nullo
1488 2412 1672 2466 modo.
1721 2412 1929 2469 Paulus

345 2501 465 2556 haec
513 2500 760 2570 loquitur
800 2501 868 2556 ad
912 2503 1195 2559 Romanos
1237 2503 1488 2559 scribens
1525 2522 1539 2558 :
1594 2523 1612 2555 ι
1669 2503 1725 2560 Si
1776 2505 1928 2559 enim

344 2595 572 2665 spiritus
588 2594 792 2651 Christi
815 2606 921 2664 est,
950 2597 1116 2653 etiam
1144 2597 1199 2650 in
1215 2597 1373 2652 nobis
1390 2597 1482 2662 sit,
1514 2616 1533 2649 ι
1567 2607 1627 2652 ιιι
1648 2597 1844 2652 dixit“.
1869 2597 1927 2654 Si

346 2695 529 2743 autem
553 2689 677 2759 quis
702 2704 813 2745 non
833 2689 1001 2745 fuerit
1022 2688 1299 2759 particeps
1320 2689 1483 2760 hujus
1506 2689 1924 2757 charismatum,

345 2796 455 2835 non
481 2793 565 2837 εει
584 2780 676 2837 hic
693 2780 925 2846 Christi,
954 2780 1050 2835 sed
1068 2779 1396 2835 Antichristi
1424 2780 1610 2849 potius
1634 2797 1649 2835 :
1679 2798 1698 2832 ε
1726 2780 1932 2847 Quem-

345 2874 641 2930 admodum
713 2875 881 2945 igitur
954 2872 1299 2945 portavimus
1355 2872 1649 2943 imaginem
1719 2875 1929 2929 terreni

347 2969 425 3034 (et
458 2967 635 3023 factus
662 2976 749 3022 est
784 2966 839 3021 in
869 2966 1109 3021 animam
1143 2965 1441 3029 viventem,
1468 2973 1527 3018 ut
1558 2965 1635 3019 ait
1668 2964 1927 3036 Scriptu-

348 3074 407 3114 ra
429 3059 474 3128 ')
496 3066 780 3127 portemus
801 3066 857 3111 et
880 3056 1174 3126 imaginem
1200 3053 1444 3109 ctelestis
1458 3054 1503 3119 ⁸,
1528 3072 1549 3106 ι
1580 3056 1624 3110 si
1650 3055 1926 3123 volumus,

879 1771 973 1826 sed
1018 1770 1190 1871 magis
1214 1772 1284 1871 ἐἰ
1330 1770 1435 1871 ψεῖ.
1473 1771 1657 1871 ignem
1695 1771 1917 1871 struxit.
1951 1812 1999 1871 Β

2026 562 2123 632 qui
2186 562 2354 617 hosce
2437 560 2580 617 duos
2638 563 2875 621 mundos
2932 564 3214 631 condidit,
3263 568 3605 637 superiorem

2027 671 2228 725 nempe
2280 665 2339 712 et
2413 656 2678 729 priorem,
2730 657 3100 726 posteriorem
3162 668 3220 715 et
3269 658 3612 726 inferiorem,

2026 749 2440 821 intelligentiam
2474 761 2532 804 et
2553 765 2800 817 sensum,
2830 758 2885 805 et
2915 751 3033 811 haec
3062 752 3277 819 omnia,
3315 752 3407 813 hic
3438 771 3611 811 unum

2025 842 2229 899 animal
2264 840 2545 897 hominem
2579 842 2763 899 facere
2812 843 3009 908 voluit,
3042 844 3189 915 quod
3224 860 3293 905 es
3330 847 3615 905 ambobus

2020 936 2131 1004 jam
2168 933 2337 991 dictis
2368 935 2683 991 mistionem
2724 943 2781 992 et
2812 945 3311 1007 temperamentum
3348 940 3610 999 haberet.

2026 1027 2094 1083 Et
2140 1027 2346 1083 factum
2406 1036 2464 1087 et
2504 1028 2792 1084 conditum
2837 1040 2923 1085 est
2968 1031 3255 1092 voluntate
3297 1032 3606 1097 Creatoris,

2024 1120 2118 1193 qui
2151 1135 2249 1175 sua
2281 1135 2444 1174 manu
2473 1130 2531 1176 et
2558 1121 2825 1190 sapientia
2859 1122 3139 1183 hominem
3174 1125 3331 1182 tinxit

2092 1211 2392 1267 Considera
2416 1213 2760 1284 mysterium,
2782 1214 2927 1283 quod
2962 1214 3383 1283 intelligentiam
3408 1218 3606 1275 vineit.

2023 1302 2350 1360 Universam
2371 1314 2624 1363 naturam
2639 1321 2901 1375 superqu
2923 1315 2980 1360 et
3004 1305 3265 1371 inferum,
3283 1316 3337 1362 et
3365 1309 3611 1365 rationes

2023 1394 2203 1451 omnis
2236 1405 2449 1452 natura
2466 1396 2521 1451 in
2545 1412 2716 1451 unum
2734 1396 3051 1466 frequentes
3073 1398 3416 1461 conducens.
3439 1407 3496 1454 et
3543 1416 3613 1455 ex

2024 1487 2301 1553 omnibus,
2335 1500 2396 1543 ut
2417 1488 2725 1553 collectam,
2755 1489 2904 1558 quod
2929 1498 3077 1546 esset
3107 1492 3463 1560 praestantius
3519 1507 3609 1548 se-

2025 1596 2283 1646 cernens,
2313 1596 2343 1639 a
2380 1590 2530 1637 terra
2553 1581 2731 1652 frigus
2761 1590 2818 1641 et
2838 1581 3143 1643 siceitatem
3168 1584 3356 1648 simul,
3386 1594 3443 1638 et
3483 1599 3612 1639 cum

2027 1675 2160 1747 ipsis
2188 1684 2362 1741 atram
2395 1677 2563 1735 bilem
2603 1678 2794 1733 sumit.
2821 1677 3105 1747 Phlegma.
3156 1678 3467 1742 humorem,
3515 1679 3617 1737 fri-

2025 1785 2127 1841 gus
2150 1770 2221 1831 ab
2243 1786 2404 1840 aqua.
2432 1769 2627 1827 Comva
2657 1779 2843 1829 autem
2867 1773 3014 1827 aeris
3045 1771 3330 1827 binarium
3361 1772 3614 1827 humoris

2027 1872 2084 1919 et
2108 1864 2308 1921 caloris
2341 1879 2557 1919 necnon
2618 1863 2946 1935 sanguinem
2975 1862 3045 1917 ab
3090 1863 3309 1919 eodem.
3333 1862 3612 1926 Calorem,

2029 1954 2396 2023 similiterque
2425 1954 2731 2013 siceitatem
2762 1954 2832 2011 ab
2865 1955 3012 2025 igne,
3049 1953 3197 2010 unde
3253 1964 3471 2010 certum
3523 1963 3611 2009 est

2027 2042 2226 2101 flavam
2261 2044 2428 2099 bilem
2469 2044 2756 2100 exsistere.
2796 2044 2842 2100 A
2866 2043 3139 2114 stirpibus
3170 2043 3281 2100 vim
3334 2043 3517 2099 alendi
3550 2053 3609 2097 et

2027 2136 2291 2208 augendi,
2352 2137 2471 2194 haec
2530 2137 2663 2203 duo,
2704 2139 2951 2207 inquam.
3014 2136 3252 2193 Sensum
3299 2152 3331 2192 a
3383 2136 3616 2193 rationis

2028 2231 2377 2303 expertibus,
2405 2246 2647 2302 eumque
2699 2230 3104 2288 admirabilem.
3131 2230 3177 2285 A
3235 2229 3515 2300 lapidibus
3556 2234 3616 2283 et

2028 2324 2199 2395 lignis
2228 2339 2337 2379 non
2365 2324 2739 2381 sentientibus
2764 2324 3116 2384 densitatem,
3144 2331 3204 2377 et
3219 2320 3613 2379 cohaerentiam

2032 2417 2086 2470 in
2119 2416 2327 2481 nervis,
2374 2415 2431 2472 in
2479 2416 2720 2473 ossibus.
2770 2414 3061 2471 Rationem
3089 2423 3148 2469 et
3202 2422 3447 2469 mentem
3477 2412 3617 2468 divi-

2029 2522 2163 2562 num
2188 2505 2455 2577 quiddam
2487 2506 2681 2575 utique
2698 2505 2769 2561 ab
2796 2504 3113 2575 angelorum
3135 2512 3351 2566 natura,
3384 2502 3451 2557 ad
3483 2516 3619 2571 quo-

2032 2615 2154 2655 rum
2179 2598 2597 2654 similitudinem
2620 2613 2719 2667 per
2738 2597 2856 2653 haec
2875 2596 3209 2652 accedimus.
3237 2595 3489 2650 Animam
3517 2608 3617 2648 au-

2033 2703 2144 2748 tem
2196 2708 2226 2747 a
2272 2692 2572 2762 semetipso
2630 2691 2889 2755 contulit,
2954 2690 3234 2762 inspirans
3283 2686 3616 2759 spiraculum

2030 2785 2178 2840 vitae.
2202 2783 2456 2838 Animam
2488 2783 2724 2855 seipsam
2754 2793 3089 2849 moventem,
3117 2789 3171 2838 et
3208 2779 3421 2835 moveri
3472 2794 3618 2833 nun-

2030 2892 2195 2948 quam
2254 2877 2623 2944 desinentem,
2677 2876 2915 2932 animam
2948 2875 3277 2945 simplicem,
3338 2873 3621 2927 immorta-

2030 2968 2163 3031 lem.
2202 2984 2485 3037 nunquam
2521 2977 2928 3031 senescentem,
2956 2967 3095 3022 nihil
3130 2965 3426 3021 habentem
3463 2979 3619 3018 eras-

2033 3061 2314 3123 situdinis,
2352 3074 2457 3116 nec
2487 3060 2731 3115 materia;
2751 3070 3075 3131 eorporatae,
3109 3066 3364 3114 naturam
3405 3056 3487 3113 sui
3525 3057 3618 3126 ju-

347 3160 404 3205 et
447 3150 670 3220 quidem
730 3148 923 3220 magis,
979 3154 1065 3202 est
1116 3145 1265 3201 enim
1311 3144 1589 3200 secundus
1642 3146 1815 3201 Adam
1874 3148 1999 3221 inc
2035 3154 2115 3209 ris
2154 3162 2210 3208 et
2261 3152 2505 3219 arbitrii,
2563 3152 2891 3208 honoratam
2957 3150 3172 3205 ratione
3227 3148 3615 3217 conditamque

347 3259 458 3313 quo
503 3253 590 3299 est
636 3243 826 3299 vivere
869 3241 925 3295 in
960 3240 1184 3310 spiritu.
1242 3246 1298 3293 et
1353 3238 1540 3293 vivere
1574 3238 1629 3293 in
1684 3239 1935 3295 incorru-

347 3339 537 3410 ptione
558 3336 618 3389 “'.

426 3450 445 3482 ι
486 3430 817 3499 Quicunque
843 3428 992 3483 enim
1036 3428 1217 3499 ipsum
1248 3439 1601 3501 receperunt,
1636 3428 1791 3485 dedit
1823 3427 1930 3492 eis,

351 3525 555 3593 inquit,
591 3522 737 3577 filios
774 3522 868 3577 Dei
909 3523 1031 3592 (per
1065 3523 1319 3594 gratiam)
1359 3523 1473 3579 fieri
1503 3525 1554 3591 ’ς
1590 3542 1609 3575 ι
1636 3523 1788 3588 deos,
1823 3536 1934 3576 non

353 3617 518 3680 tilies,
570 3616 718 3686 quod
774 3616 933 3686 longe
987 3616 1164 3683 maius
1212 3626 1378 3687 atque
1428 3616 1777 3688 praestantius
1823 3621 1929 3671 est.

352 3712 483 3778 Qum
515 3717 847 3775 sequuntur,
880 3700 1201 3775 admodum,
1238 3719 1298 3765 ut
1327 3725 1474 3775 reor,
1515 3708 1853 3765 intellexisti.

959 3826 1186 3884 CAPUT
1220 3826 1361 3884 XIV.

355 3916 810 3983 Quemadmodum
845 3919 985 3974 Deus
1025 3921 1290 3979 hominem
1327 3936 1444 3973 cum
1477 3920 1736 3973 creaturis
1772 3918 1941 3971 omni-

424 3992 515 4045 bus
548 3991 1023 4045 communic‘antcm
1058 3989 1295 4059 ﬁnxerit.
1331 3988 1606 4054 Quomodo
1636 3989 1774 4043 idem
1817 3986 1937 4042 Tri-

429 4063 612 4117 nitatis
644 4062 931 4133 imaginem
963 4062 1253 4115 contineat.

427 4174 533 4229 Sed
573 4174 720 4231 unde
752 4175 941 4239 erepit,
971 4175 1168 4229 eodem
1201 4183 1517 4229 revertetur
1546 4174 1747 4239 oratio,
1780 4173 1933 4229 diee-

324 4276 608 4338 ‘inusque,
658 4275 719 4321 ut
770 4281 1097 4337 pessumus,
1145 4266 1215 4322 de
1259 4268 1649 4337 procreatione
1706 4276 1939 4337 propter

358 4360 465 4413 duo
506 4359 631 4424 ista,
668 4359 954 4428 superiora
997 4366 1310 4429 repetentes
1353 4360 1690 4425 summatim,
1728 4369 1785 4415 et
1831 4358 1934 4414 tibi

424 4481 445 4512 ‘
476 4480 635 4535 Rom.
668 4493 785 4542 vui,
813 4476 867 4532 9.

2034 3246 2273 3301 maxime
2300 3245 2364 3299 ad
2390 3246 2687 3315 imaginem
2711 3242 3100 3303 divinam.non
3135 3248 3316 3295 tamen
3346 3256 3410 3294 ex
3431 3237 3616 3291 divina

2032 3338 2364 3404 substantia,
2395 3337 2542 3407 quod
2573 3338 2696 3407 fuge
2725 3336 2811 3390 vel
2846 3335 3108 3406 cogitare,
3142 3333 3225 3389 vel
3261 3332 3446 3387 dicere
3485 3328 3619 3385 :scd

2031 3448 2099 3489 ex
2133 3433 2339 3487 virtute
2392 3429 2781 3500 omnipotenti,
2823 3443 2929 3497 qua
2978 3425 3186 3482 creavit
3228 3425 3411 3479 omnia
3438 3424 3548 3476 "".

2105 3523 2480 3581 Substantiam
2514 3519 2883 3583 individuam,
2915 3518 2967 3573 in
3000 3533 3107 3589 qua
3149 3514 3622 3585 inestiotelligen-

2033 3616 2131 3684 tia,
2159 3625 2216 3671 et
2250 3629 2409 3670 mens
2439 3613 2690 3673 omnino.
2711 3623 2770 3668 et
2800 3610 3028 3665 verbum
3050 3620 3233 3663 mente
3258 3615 3622 3676 conceptum;

2036 3724 2163 3766 nam
2198 3723 2383 3765 sermo
2418 3709 2510 3778 qui
2550 3715 2635 3761 est
2686 3706 2740 3759 in
2769 3700 3229 3774 lingua,proferri
3258 3709 3315 3756 et
3336 3700 3427 3756 edi
3477 3698 3626 3754 foras

2037 3803 2107 3859 ad
2144 3802 2436 3857 audientes
2467 3808 2669 3870 potest.
2699 3797 2870 3858 Mens,
2899 3795 3065 3860 ratio,
3102 3794 3308 3856 anima,
3340 3792 3458 3849 haec
3514 3790 3622 3846 tria

2037 3906 2169 3953 sunt
2198 3911 2305 3950 una
2333 3904 2552 3959 natura,
2591 3890 2972 3967 unmessentia
3003 3888 3315 3958 congenita,
3351 3882 3624 3941 stabilita-

2042 3999 2149 4045 tem
2172 3987 2407 4050 habens,
2445 3983 2813 4055 separationis
2835 3991 2889 4037 et
2918 3980 3203 4047 sectionis,
3241 3986 3297 4032 et
3332 3976 3625 4034 divisionis

2041 4096 2272 4154 prorsus
2294 4095 2494 4150 expers
2526 4095 2541 4133 :
2583 4076 2719 4148 quin
2746 4084 2936 4131 contra
2966 4074 3171 4145 potius,
3194 4081 3256 4127 ut
3281 4069 3625 4141 inseparabi-

2043 4174 2111 4230 lis
2139 4175 2304 4229 Pater
2355 4181 2413 4226 et
2479 4171 2717 4227 Verbum
2759 4177 2817 4223 et
2849 4167 3110 4239 Spiritus,
3178 4173 3373 4219 natura
3414 4170 3472 4218 et
3514 4160 3628 4215 vir-

2044 4277 2200 4332 tute;
2229 4274 2315 4322 est
2349 4266 2497 4321 enim
2529 4261 2697 4333 μονὰς
2725 4259 2907 4331 τριάς,
2933 4259 3090 4330 quasi
3117 4257 3269 4313 dicas
3294 4257 3477 4312 unitas
3495 4253 3623 4309 Tri-

2041 4359 2207 4425 nitas,
2234 4357 2473 4414 essentia
2524 4353 2843 4418 uniformis,
2872 4360 2930 4406 et
2962 4350 3280 4409 dominatus
3325 4362 3470 4403 unus
3490 4348 3624 4407 «οισι,

949 4476 969 4507 ⁷
1000 4476 1136 4532 Gen.
1173 4493 1232 4545 ιι,
1265 4478 1317 4532 7.
1395 4479 1416 4509 ⁸
1448 4478 1469 4533 Ι
1497 4478 1624 4534 Cor.
1663 4494 1753 4541 xv,
1795 4479 1884 4533 49.
1965 4478 1987 4510 ’
2016 4476 2176 4533 Joan.
2210 4493 2247 4541 ι,
2279 4475 2367 4529 η.

1849 4589 2127 4653 SchoHe.

437 4700 454 4718 ‘
476 4696 734 4766 Equidem
772 4694 966 4766 multos
1023 4693 1185 4748 habeo
1235 4693 1496 4766 proferre,
1532 4709 1622 4766 qut
1650 4700 1849 4745 natura
1879 4692 1942 4745 ab
1978 4696 2023 4765 ι)
2050 4690 2323 4766 angelus,_
2356 4701 2406 4743 et
2437 4691 2646 4766 _anima
2709 4688 2930 4766 rationis
2997 4700 3228 4766 compos.
3258 4765 3263 4766 γ
3288 4682 3631 4766 Facultatum

356 4764 587 4825 iactanda
623 4764 841 4819 muliere
879 4765 1218 4819 abhorreant.
1255 4766 1337 4819 An
1375 4764 1538 4831 igitur
1579 4764 1729 4831 hosce
1772 4770 1944 4816 castos

361 4836 775 4908 appellabimus,
811 4842 903 4889 aut
949 4836 1166 4904 praemio
1218 4830 1541 4904 efﬁciemus?
1573 4830 1721 4884 nullo
1768 4837 1941 4908 modo.

359 4902 632 4963 castitatis
694 4907 835 4960 enim
890 4902 965 4959 est
1026 4902 1294 4959 continere
1354 4919 1486 4963 sese,
1545 4913 1592 4955 ct
1660 4902 1946 4971 pugnando

361 4996 450 5047 per
476 4978 679 5031 labores
705 4976 1047 5046 sudoresque,
1084 4974 1506 5046 perturbationes
1525 4981 1572 5026 et
1598 4971 1942 5038 cupiditatem

357 5050 613 5118 subigere.

438 5114 491 5142 ’θ’
510 5117 800 5173 Maximus.
836 5116 1023 5188 Imago
1051 5117 1247 5170 terreni
1271 5114 1497 5188 nominis
1521 5114 1787 5188 prtccipuq
1809 5115 1936 5167 uitia

360 5199 515 5251 sunt,
571 5190 840 5252 amentia,
900 5181 1354 5255 intemperantia.
1407 5181 1692 5255 injustitia.
1756 5181 1947 5254 Imago

365 5269 539 5313 mitem
595 5256 812 5313 caelestis
876 5256 1178 5313 cardinales
1234 5257 1473 5319 virtutes,
1527 5263 1582 5308 ut
1641 5255 1946 5325 prudentia,

364 5328 636 5401 fortitudo,
666 5329 902 5401 justitia,
939 5330 1311 5394 temperantia.

441 5406 505 5423 "'
538 5397 858 5468 Quin’tuplex
900 5408 977 5452 est
1022 5405 1219 5468 natura
1264 5414 1440 5451 rerum
1472 5397 1804 5452 conditarum
1837 5411 1951 5448 om-

363 5473 532 5525 nium.
566 5467 896 5541 Intelligens,
953 5477 1009 5523 ut
1050 5467 1385 5541 angelorum.
1425 5468 1663 5541 Rationis
1706 5482 1945 5541 compos,

362 5551 417 5595 ut
451 5536 1047 5600 honrinumeentiens,
1079 5536 1136 5591 ut
1178 5539 1484 5593 bestiarum.
1520 5538 1634 5592 Vim
1661 5536 1863 5595 alendi,
1892 5544 1941 5586 et

362 5611 591 5680 augendi
610 5609 827 5673 habens,
853 5617 911 5664 ut
936 5608 1267 5678 plantarum.
1290 5608 1564 5673 lnanima,
1592 5616 1646 5662 ut
1674 5606 1939 5675 lapidum:

365 5683 471 5734 lucc
499 5681 679 5734 omnia
712 5697 926 5734 rursum
959 5686 1051 5733 aut
1089 5696 1207 5733 cum
1238 5680 1463 5734 materia
1506 5680 1814 5749 conjuncta.
1847 5683 1940 5728 aut

366 5753 430 5803 ab
478 5767 540 5803 ea
584 5758 1038 5820 segregatalsunt.
1084 5749 1287 5804 Prioris
1331 5751 1536 5820 generis
1583 5757 1727 5820 sunt.
1775 5757 1940 5820 terra,

369 5835 480 5881 αρν,
533 5816 691 5892 ignis,
736 5816 904 5890 aqua,
968 5829 1017 5875 et
1064 5836 1127 5875 ea:
1180 5822 1257 5876 Itis
1312 5816 1575 5876 cbncrctu.
1636 5816 1945 5873 Postcrioris

2050 4752 2210 4833 porro
2254 4752 2323 4815 ad
2355 4761 2595 4833 animum
2628 4758 3004 4833 pertinentium
3044 4752 3265 4833 alialest
3300 4752 3631 4833 nutritionis,

2049 4822 2161 4888 alia
2192 4831 2530 4891 uccretionis,
2565 4822 2639 4883 αι’
2673 4829 2727 4882 in
2765 4828 3016 4897 stirpibus
3046 4823 3302 4897 uidelicet.
3326 4822 3460 4897 Alia
3488 4824 3628 4897 ima-

2050 4904 2288 4974 ginatria:
2333 4909 2405 4974 et
2432 4907 2685 4974 appetens
2706 4938 2721 4960 ,
2776 4908 2833 4951 ut
2859 4894 2875 4974 μ’
2906 4899 2973 4974 in
3018 4895 3185 4949 brutis
3218 4894 3627 4974 _animatzti_bus.

2051 4963 2174 5028 illia
2222 4963 2617 5031 ratiocinatrix,
2663 4979 2713 5022 et
2755 4967 3063 5037 cogitatiua,
3110 4978 3166 5018 ut
3212 4967 3266 5021 in
3308 4963 3627 5018 hominibus.

2053 5043 2125 5095 Et
2168 5044 2399 5114 quidem,
2422 5040 2703 5111 facultates
2741 5037 3354 5114 superiorumgeneruin
3387 5043 3628 5114 pereunt,

2049 5106 2190 5168 tcrtii
2228 5106 2431 5183 generis
2473 5120 2548 5183 est
2596 5106 2940 5178 sempiterna.
2979 5106 3167 5176 Opifcas
3218 5114 3395 5159 autem
3424 5106 3631 5183 _horum

2047 5174 2410 5239 universorum
2491 5180 2633 5234 Deus
2684 5174 2935 5232 naturam
2988 5174 3195 5230 omnem
3242 5174 3630 5243 mentiumque

2046 5256 2246 5309 excedit
2257 5295 2267 5304 .

2117 5328 2205 5347 “"
2230 5322 2637 5379 Theodoretus.
2683 5318 2852 5374 Habet
2888 5319 3028 5371 enim
3054 5317 3172 5377 ipsa
3197 5312 3424 5382 (animo)
3462 5312 3629 5366 ratio-

2048 5413 2165 5451 nem
2184 5406 2232 5449 et
2253 5394 2472 5450 liberam
2494 5393 2577 5447 sui
2591 5397 2922 5462 potestatem.
2946 5386 3013 5462 Et
3031 5392 3249 5462 generat
3267 5383 3474 5453 quidem
3485 5395 3637 5438 mens

2049 5473 2332 5523 rationem.
2359 5482 2477 5519 cum
2496 5456 2601 5532 qua
2624 5460 2859 5531 procedit
2879 5458 3120 5532 spiritus,
3147 5456 3238 5526 qui
3280 5469 3384 5507 non
3404 5469 3632 5523 genera-

2051 5546 2157 5594 tur.
2184 5538 2393 5590 utratio
2416 5552 2433 5600 ;
2465 5528 2556 5588 sed
2576 5528 2695 5586 eam
2716 5546 2922 5600 semper
2948 5528 3255 5588 comitatur,
3278 5532 3329 5600 et
3379 5540 3516 5600 εαξη
3542 5538 3636 5600 ge-

2052 5592 2239 5663 nerata
2269 5592 2523 5677 procedit.
2559 5601 2734 5668 Quam
2773 5592 2841 5654 ob'
2857 5614 3075 5653 causam
3097 5604 3145 5650 et
3183 5598 3320 5650 ratio
3373 5592 3636 5660 subsistit,

2050 5680 2349 5733 etsviritus.

2123 5697 2400 5801 amr-"3:145
2447 5744 2874 5814 compositionem
2922 5756 3026 5814 non
3078 5738 3332 5814 admittit,
3376 5746 3633 5814 omneque

2060 5808 2741 5892 quodimmateriale'est,“
2760 5826 2964 5868 omnem
2983 5808 3376 5878 simplicitatem
3393 5809 3631 5870 supcrat.
