4036 6426
307 355 406 423 857

1747 365 2105 429 ΒΙΟΡἸἪΛ.

3460 378 3571 443 858

373 468 640 561 Utautem
658 469 832 524 ethoc
850 469 1298 537 dicamus.illud,
1326 493 1344 526 ‹
1369 477 1885 549 sccundumimagi-
1916 478 1964 536 Α
1995 480 2151 539 mihi.
2216 483 2493 554 qitomodo
2538 486 2740 550 anima,
2799 504 2923 544 cum
2996 490 3068 544 sit
3104 493 3340 561 gemina
3394 492 3575 551 beatis

308 576 452 623 nem,
484 580 502 612 ι
533 558 588 614 id
611 570 717 623 est,
737 561 940 621 anima.
965 579 1121 618 mens
1139 577 1196 619 et
1221 567 1385 627 ratio.
1408 584 1754 641 consequens
1772 582 1876 637 est,

307 660 368 705 ut
392 650 779 720 inseparabilia
840 653 984 720 sint;
1042 671 1167 709 naui
1217 657 1413 728 imago,
1446 672 1503 717 et
1551 673 1882 735 prototypon

305 744 498 803 eodem
528 743 644 797 fere
676 745 842 799 modo
871 759 930 798 se
960 746 1183 805 habent.
1207 749 1364 816 Quod
1396 752 1442 808 si
1466 753 1612 808 'nihil
1671 754 1881 810 discre-

306 838 546 907 pueriltt,
575 846 659 899 erit
690 841 989 902 identitas:
1017 860 1197 913 neque
1222 847 1496 918 ejusmodi
1551 862 1642 902 res
1684 847 1882 915 imago,

305 946 407 989 nec
445 933 805 991 simulacrum
848 940 1090 992 vocanda
1146 951 1252 993 est.
1289 939 1422 993 [llud
1475 939 1622 994 enim
1668 939 1877 994 increa-

304 1031 446 1088 tum,
481 1025 662 1096 imago
722 1037 908 1082 creata
963 1037 1067 1083 est.
1098 1029 1167 1083 Et
1222 1029 1327 1084 hoc
1350 1041 1435 1085 est
1483 1030 1774 1095 rationale,
1800 1046 1887 1087 re-

303 1131 472 1185 gnum
522 1119 721 1173 animat
750 1129 805 1174 et
841 1135 986 1190 pars.
1011 1129 1066 1175 et
1100 1122 1302 1178 mentis
1330 1122 1554 1193 quidam
1588 1132 1800 1193 partus,
1830 1132 1888 1179 et

302 1204 556 1261 divinum
596 1209 1096 1279 propugnaculum,
1133 1219 1191 1266 et
1239 1212 1436 1268 animae
1495 1211 1795 1281 peculium,
1831 1219 1889 1268 et

304 1299 476 1363 simul
506 1315 707 1369 prosus
742 1316 869 1357 cum
907 1318 973 1358 ea
1012 1312 1225 1359 natum.
1254 1303 1332 1358 Ita
1366 1318 1557 1374 porro,
1587 1312 1644 1359 et
1668 1304 1888 1374 cupidi-

305 1400 389 1451 tas
410 1390 481 1447 ab
510 1392 692 1451 anima
712 1394 874 1449 bruta
898 1394 1148 1453 sdmistaa
1190 1405 1320 1451 sunt
1349 1395 1548 1451 animm
1610 1395 1887 1461 humanas,

302 1492 362 1541 et
392 1498 517 1543 eum
547 1485 741 1549 eadem
771 1488 929 1557 quasi
955 1489 1009 1543 in
1033 1503 1141 1545 una
1193 1488 1434 1544 statione
1480 1487 1786 1551 collocatae,
1829 1496 1891 1542 ut

304 1590 609 1646 uitansque
641 1577 707 1637 ad
729 1587 1036 1636 extremum
1089 1579 1409 1635 cohabitent
1453 1588 1620 1648 atque
1669 1592 1891 1647 perma-

302 1681 489 1725 neant.
512 1671 666 1737 Quod
685 1673 904 1742 quidem
920 1673 1141 1743 quando
1160 1683 1449 1729 venturum
1467 1674 1539 1729 sit
1554 1674 1782 1728 soliDeo
1792 1687 1891 1728 co-

300 1764 636 1837 gnitumest.
660 1765 871 1838 thuia
899 1761 1057 1822 simul
1080 1767 1428 1832 exstiterunt,
1460 1775 1645 1836 partes
1666 1765 1891 1836 quidem

300 1865 433 1913 sunt
450 1855 670 1921 animai,
693 1872 803 1913 non
816 1866 996 1913 tamen
1018 1858 1469 1929 naturaliteripsa
1486 1856 1692 1919 anima,
1723 1856 1895 1927 siqui-

302 1944 426 2005 dem
443 1947 627 2003 anima
640 1962 748 2003 non
766 1956 850 2004 est
873 1949 975 2013 ira,
993 1958 1049 2005 et
1068 1950 1524 2019 cupiditas,sicut
1553 1951 1715 2015 ratio,
1740 1964 1895 2009 mens

300 2047 356 2093 et
377 2038 608 2109 spiritus
626 2047 856 2110 cognata
890 2041 1250 2112 ejusdemque
1271 2041 1490 2112 generis
1522 2048 1674 2099 sunt.
1705 2042 1894 2111 Neque

300 2143 436 2187 vero
468 2128 573 2185 ista
590 2128 701 2201 duo
718 2129 787 2185 ab
804 2130 983 2187 anima
1005 2131 1197 2188 abesse
1221 2141 1508 2203 nequeunt
1533 2150 1547 2187 :
1584 2142 1671 2188 est
1719 2132 1890 2197 enim,

301 2234 429 2283 cum
459 2220 539 2277 illi
569 2221 894 2287 adsunt,est
916 2238 1041 2279 cum
1074 2239 1183 2285 non
1209 2224 1430 2282 adsunt.
1452 2223 1670 2294 Quippe
1714 2223 1892 2279 donec

307 2309 495 2367 anima
519 2310 573 2365 in
603 2325 835 2381 corpore
866 2311 1191 2380 perstiterit,
1220 2311 1337 2367 haec
1387 2326 1609 2381 quoque
1643 2319 1706 2365 ut
1733 2310 1885 2367 inse-

298 2401 573 2473 parabilia
614 2402 865 2471 quaedam
897 2404 1311 2475 propugnacula
1358 2404 1411 2463 ei
1471 2403 1886 2470 adhaerescunt,

303 2510 411 2565 per
436 2509 560 2564 quae
582 2494 937 2559 adversariis,
966 2495 1416 2566 oppugnantibus
1440 2496 1670 2558 resistit.
1696 2508 1755 2553 et
1782 2495 1886 2551 ad-

300 2598 520 2643 versum
544 2598 639 2639 eos
663 2584 750 2639 bis
797 2584 1026 2655 indiget,
1075 2586 1222 2643 sicut
1262 2600 1427 2641 carne
1449 2585 1517 2640 ad
1576 2585 1893 2656 operimen-

305 2683 419 2728 tum
449 2683 505 2729 et
539 2682 914 2744 tegumentum
935 2689 1076 2743 opus
1102 2674 1289 2741 habet,
1321 2675 1638 2745 quandiufin
1666 2677 1889 2737 bacvita

309 2777 585 2825 versatur.
632 2767 736 2825 Ubi
758 2782 789 2822 e
819 2782 1051 2837 corpore
1071 2769 1176 2825 isto
1203 2768 1546 2834 discesserit,
1574 2769 1644 2824 iis
1685 2769 1755 2825 de
1787 2784 1891 2825 cae.

304 2870 428 2920 tero
459 2875 566 2917 non
598 2859 905 2930 indigebit;
929 2860 1191 2915 sicutnec
1214 2874 1417 2928 corpus
1446 2861 1698 2919 exanime
1731 2870 1889 2930 tegu-

308 2950 506 3007 mentis
520 2958 663 3022 eget.
693 2951 828 3006 Nam
858 2965 984 3005 cum
1014 2950 1233 3006 tandem
1272 2950 1469 3021 iudicii
1495 2952 1644 3007 illius
1675 2961 1888 3022 tempus

305 3043 506 3109 aderit,
532 3044 653 3100 duae
684 3053 870 3115 partes
918 3045 1038 3099 ista:
1083 3043 1430 3105 auferantur.
1482 3043 1659 3101 Causa
1718 3045 1885 3117 hujus

1993 572 2102 627 illis
2134 574 2410 629 mentibus
2447 578 2625 646 (vacat
2648 579 2793 633 enim
2831 581 2978 635 cultui
3035 583 3389 638 concretione
3437 600 3565 640 cor-

1987 667 2201 734 porea),
2243 675 2421 725 tamen
2451 668 2588 722 adeo
2624 671 2789 726 rebus
2829 670 3086 728 inanibus
3114 689 3236 743 qua:
3262 689 3424 730 sensu
3456 692 3575 746 pcr-

1986 755 2290 826 cipiuntur,
2353 758 2682 830 implicetur,
2752 762 2965 818 illarum
3027 765 3272 834 appetitu
3335 764 3571 834 ferveat,

1987 845 2095 902 illis
2127 847 2309 904 dedita
2349 858 2402 905 et
2435 850 2588 905 aliixa
2618 852 2709 914 sit,
2748 864 2803 908 et
2849 854 2918 907 ab
2955 854 3072 909 istis
3117 854 3475 913 inferioribus
3498 872 3561 922 se

1996 941 2166 1009 abripi
2246 943 2502 1012 patiatur.
2563 943 2681 998 Non
2735 945 2881 999 enim
2944 946 3231 1015 oportebat
3271 947 3562 1002 amatoria

1988 1034 2215 1087 liberam
2250 1035 2549 1105 quidquam
2584 1051 2708 1091 cum
2759 1035 2826 1091 iis
2860 1036 3065 1093 habere
3094 1054 3408 1105 commune,
3457 1055 3571 1109 quo

1991 1126 2216 1178 materia
2287 1126 2675 1193 continentur;
2754 1142 2857 1182 nec
2918 1130 3264 1198 corruptioni
3330 1129 3569 1183 obnoxia

1993 1215 2319 1279 consectari,
2365 1216 2613 1283 adeoque
2662 1218 3376 1290 corrumpiacorruptione
3436 1219 3571 1275 alie—

1992 1323 2117 1361 nam
2146 1315 2201 1360 et
2229 1307 2467 1362 divinam
2496 1326 2511 1375 ;
2550 1312 2705 1383 cujus
2764 1312 3047 1381 proprium
3074 1320 3162 1367 est
3194 1311 3489 1381 respicere,
3515 1323 3576 1367 et

1996 1400 2287 1454 intendere
2339 1401 2467 1457 illuc
2510 1418 2674 1457 omne
2708 1403 3065 1468 desiderium,
3117 1402 3266 1460 unde
3305 1403 3574 1474 originem

1998 1491 2174 1546 ducit.

2064 1581 2227 1639 Cano.
2254 1582 2523 1649 Quoniam
2547 1592 2820 1648 creatura,
2862 1594 2917 1640 et
2956 1585 3237 1642 mutabilis
3262 1594 3373 1651 est,
3408 1586 3575 1643 etiam

1997 1676 2253 1746 spiritum
2288 1684 2482 1731 mutat.
2518 1675 2795 1747 Quidquid
2857 1676 3003 1733 enim
3039 1678 3322 1733 conditum
3346 1687 3403 1733 et
3428 1693 3578 1732 com-

1998 1766 2235 1834 positum
2265 1774 2369 1827 est,
2400 1766 2691 1820 mutationi
2717 1766 3025 1838 subjectum
3050 1777 3155 1823 est.
3208 1768 3578 1824 lmmutabili-

2001 1865 2083 1910 Ias
2116 1866 2298 1910 autem
2331 1858 2449 1927 ejus
2478 1866 2686 1912 natura:
2741 1868 2847 1922 est,
2882 1874 3004 1929 qua:
3029 1858 3144 1915 sola
3170 1868 3424 1915 naturam
3455 1874 3576 1913 om-

1998 1964 2121 2004 nem
2154 1950 2593 2022 supergreditur.
2619 1950 2872 2005 Animam
2929 1967 3092 2022 porro
3129 1952 3460 2023 simplicem,
3495 1952 3579 2008 in-

1998 2059 2319 2112 corporcam
2384 2043 2744 2099 substantiam
2815 2044 3150 2114 procreavit,
3204 2044 3365 2115 eique
3414 2060 3575 2101 usum

1994 2133 2228 2188 liberum
2265 2132 2495 2189 rationis
2538 2133 2838 2198 concessit,
2862 2142 2918 2189 et
2968 2150 3130 2205 agere
3158 2135 3225 2191 ad
3254 2135 3399 2205 quod
3440 2135 3578 2193 ferri

1997 2225 2325 2293 incitarique
2348 2223 2535 2279 sentit.
2575 2224 2944 2293 Quamobrem
2982 2233 3042 2280 ut
3068 2226 3333 2296 quiddam
3366 2227 3452 2284 sui
3483 2228 3578 2299 ju-

1995 2319 2072 2374 ris
2122 2335 2185 2373 ac
2241 2319 2549 2387 potestatis,
2587 2320 2753 2374 etiam
2809 2319 3061 2390 spiritum
3115 2330 3310 2377 mutat.
3346 2320 3578 2378 Constat

1994 2417 2199 2472 autem,
2236 2418 2297 2463 ut
2323 2408 2664 2474 dicebamus,
2694 2410 2910 2465 duabus
2968 2424 3025 2467 et
3077 2411 3257 2468 tribus
3303 2413 3577 2484 partibus.

1992 2511 2087 2550 seu
2133 2494 2391 2564 bipartita
2435 2505 2491 2553 et
2550 2496 2820 2566 tripartita
2871 2505 2973 2552 cst.
3013 2497 3145 2553 Pars
3171 2499 3374 2569 quippe
3431 2500 3580 2554 illius

1995 2587 2169 2641 altera
2194 2602 2318 2642 cum
2345 2587 2708 2658 intelligentia
2740 2590 3033 2659 conjuncta
3061 2598 3168 2651 cst.
3187 2591 3363 2646 altera
3384 2591 3577 2647 eadem

1992 2685 2166 2740 caret,
2191 2686 2253 2733 ut
2274 2692 2440 2747 supra
2474 2677 2783 2734 docuimus.
2819 2677 2899 2732 Ad
2950 2677 3317 2734 substantiam
3365 2694 3496 2735 vero
3521 2691 3579 2733 ct

1993 2776 2244 2820 naturam
2284 2766 2430 2836 quod
2465 2766 2681 2829 attinet,
2736 2767 2967 2839 simplex
3000 2780 3104 2824 est.
3137 2771 3317 2840 Atque
3339 2769 3471 2825 hinc
3497 2767 3580 2823 die

1991 2857 2151 2921 visio,
2196 2857 2251 2911 in
2302 2873 2409 2927 qua
2454 2858 2612 2912 tertia
2664 2873 2791 2928 pars
2848 2860 3161 2930 reperitur:
3190 2870 3391 2932 praeter
3436 2860 3575 2916 iram

1992 2945 2249 3000 nimirum
2272 2954 2329 2999 et
2354 2946 2717 3016 cupiditatem
2743 2947 2907 3015 ratio,
2937 2950 3177 3020 partium
3224 2948 3575 3020 praestantis-

1992 3040 2149 3106 sima,
2183 3039 2432 3106 confusa,
2462 3047 2519 3095 et
2554 3040 2916 3098 similitudine
2951 3040 3273 3098 substantia:
3318 3041 3575 3096 devincta

303 3134 406 3203 rei,
437 3152 601 3206 supra
630 3136 776 3190 libro
802 3136 1046 3191 secundo
1087 3136 1356 3207 esplicata
1384 3143 1492 3205 est,
1520 3136 1706 3206 ibique
1735 3139 1890 3197 testis
1921 3151 1965 3210 ο
2004 3147 2130 3187 cum
2156 3132 2530 3203 sempiternis,
2560 3144 2836 3203 quatenus
2877 3134 3198 3207 angelorum
3247 3145 3460 3189 natura:
3492 3149 3579 3188 rc—

302 3229 661 3303 gravissitnus
724 3228 998 3284 adductus
1066 3225 1366 3296 Gregorius
1410 3226 1710 3299 Nyssenus.
1776 3228 1883 3284 Sed

303 3321 450 3381 unde
478 3320 710 3392 digressi
740 3335 954 3384 sumus,
976 3334 1043 3374 eo
1095 3318 1408 3375 redeamus.
1444 3320 1656 3391 Duplex
1681 3319 1888 3377 dicitur

300 3414 505 3476 anima.
541 3412 776 3484 geminis
811 3426 841 3466 e
871 3409 1121 3481 partibus
1150 3410 1469 3488 conjuncta,
1502 3426 1741 3481 quarum
1780 3411 1889 3468 alia

302 3505 518 3567 ratione
551 3510 789 3565 constat,
826 3503 932 3558 alia
963 3516 1076 3557 non
1100 3509 1337 3561 constat.
1376 3501 1475 3557 Est
1531 3502 1759 3573 insuper
1787 3502 1891 3557 ui.

300 3596 428 3667 ple:
458 3610 558 3651 seu
587 3593 883 3664 tripartita,
910 3602 966 3648 et
1031 3591 1231 3647 merito
1284 3602 1510 3664 propter
1579 3593 1887 3651 ternionem

301 3689 567 3758 partium,
597 3700 719 3757 quae
746 3695 877 3741 sunt
924 3683 1089 3748 ratio,
1148 3685 1228 3739 ira
1288 3689 1345 3743 et
1404 3682 1723 3755 cupiditas:
1759 3698 1885 3741 cum

300 3776 610 3835 substantia
641 3791 748 3831 una
775 3776 847 3833 sit
888 3784 943 3832 et
982 3773 1243 3847 simplex.
1276 3772 1427 3830 Nihil
1482 3773 1637 3836 enim
1674 3784 1888 3835 natura:

298 3883 581 3941 corporeae
603 3866 788 3931 habet,
816 3883 928 3924 non
978 3867 1225 3937 ﬁguram,
1263 3880 1375 3925 non
1436 3867 1709 3934 colorem,
1768 3882 1879 3923 non

300 3962 664 4034 prolundum,
694 3976 803 4017 non
838 3961 1217 4027 intervallum,
1245 3976 1357 4019 non
1386 3961 1634 4034 longum,
1665 3978 1776 4021 non
1802 3962 1886 4018 la-

301 4065 443 4111 tum.
474 4054 635 4110 Nulla
672 4054 728 4108 in
756 4069 822 4111 ea
861 4053 1207 4127 magnitudo,
1242 4053 1395 4111 nulla
1434 4052 1691 4111 durities.
1726 4054 1884 4121 Quod

301 4148 534 4205 rationis
554 4155 641 4203 est
661 4162 907 4217 compos.
939 4148 996 4202 in
1019 4162 1088 4206 eo
1122 4146 1349 4220 angelos
1388 4157 1592 4217 aequat.
1638 4148 1886 4219 Reliquis

299 4241 520 4297 duobus
540 4239 610 4295 ad
633 4250 884 4297 naturam
916 4239 1275 4297 animantium
1309 4238 1545 4299 rationis
1576 4240 1882 4310 espertium

300 4332 540 4398 accedit,
576 4331 677 4397 ira,
700 4340 758 4388 et
773 4331 1079 4403 cupiditate
1109 4331 1399 4397 nimirum,
1428 4332 1631 4403 quain
1691 4332 1883 4393 bestiis

1999 3222 2278 3293 spondet:
2313 3223 2459 3278 sicut
2508 3224 2739 3293 reliqua:
2792 3225 2914 3280 duae
2984 3232 3171 3294 partes
3223 3240 3347 3280 cum
3378 3232 3579 3281 natura

1993 3317 2301 3372 belluarum
2336 3317 2765 3372 communicant.
2800 3317 2957 3373 Paria
2991 3321 3141 3373 enim
3188 3317 3417 3388 paribus
3441 3334 3578 3389 gau-

1991 3409 2145 3474 dent,
2175 3417 2379 3466 etcum
2417 3409 2484 3464 iis
2517 3412 2995 3481 congregantur“.
3568 3480 3573 3483 _

2059 3499 2214 3568 Quod
2246 3501 2448 3556 mentis
2500 3509 2555 3557 et
2601 3501 2819 3557 consilii
2850 3508 2957 3569 est,
3013 3501 3380 3559 substantiam
3434 3501 3581 3574 ejus-

1991 3595 2138 3648 modi
2170 3593 2536 3663 concupiscit,
2591 3593 3074 3666 immortalemque
3120 3593 3440 3666 angelorum
3473 3593 3578 3649 ali-

1989 3686 2229 3741 moniam
2263 3686 2460 3742 esurit.
2494 3685 2651 3752 Quod
2682 3686 2897 3741 ratione
2947 3693 3119 3752 caret,
3153 3686 3295 3741 infra
3337 3687 3580 3757 positum

1989 3777 2143 3831 humi
2191 3787 2531 3844 nascentem,
2577 3777 2990 3845 corruptibilem
3068 3786 3124 3833 et
3156 3775 3363 3832 ﬂuxum
3411 3777 3577 3848 plane
3677 3775 3680 3778 ’

1987 3871 2173 3927 cibum
2246 3873 2475 3941 appetit.
2534 3868 2806 3936 Quoniam
2856 3869 3023 3939 igitur
3068 3869 3153 3925 hie
3196 3878 3404 3939 partes,
3445 3867 3576 3923 licet

1987 3962 2151 4018 simul
2180 3962 2312 4027 sint,
2352 3961 2497 4016 inter
2530 3976 2588 4015 se
2615 3960 2956 4027 discordant,
2986 3969 3042 4015 et
3069 3959 3327 4015 cominus
3347 3973 3575 4029 congre-

1986 4054 2237 4119 diuntur,
2268 4060 2324 4108 et
2372 4052 2576 4107 bellum
2612 4051 2887 4122 quoddam
2942 4050 3234 4116 conﬂatur,
3280 4049 3463 4106 anima
3518 4060 3585 4106 et

1988 4165 2221 4220 corpore
2250 4147 2665 4207 decertantibus
2707 4146 3061 4217 vicissimque
3115 4161 3174 4201 se
3201 4144 3406 4200 acriter
3449 4159 3576 4215 pre-

1991 4240 2270 4296 mentibus
2327 4248 2384 4294 et
2435 4239 2696 4297 seditiose
2722 4236 3129 4310 exagitantibus
3162 4236 3292 4291 dum
3323 4234 3414 4291 illa
3448 4248 3578 4304 pars

1989 4348 2228 4403 superna
2257 4330 2556 4395 desiderat,
2605 4344 2783 4402 eaque
2811 4329 3093 4384 intuetur:
3130 4328 3232 4385 ista
3288 4326 3405 4382 haec
3436 4324 3577 4380 infe-

296 4424 467 4485 etiam
501 4423 864 4493 reperiuntur
892 4439 994 4481 :ex
1016 4438 1250 4496 corpore
1277 4424 1575 4496 siquidem,
1597 4433 1652 4480 et
1675 4426 1880 4487 anima.
1916 4436 1960 4491 ι)
1990 4427 2136 4481 riora
2168 4424 2595 4495 propensissime
2622 4421 2853 4492 appetit,
2881 4431 2938 4475 et
2972 4436 3174 4491 corpus
3199 4417 3447 4489 pondere
3468 4432 3582 4471 suo

297 4512 683 4569 commistione
763 4515 1281 4589 temperationeque
1348 4514 1660 4575 admirabili

296 4605 581 4683 hominem
603 4604 811 4665 enituit
848 4608 889 4660 '.

908 4698 1136 4761 CAPUT
1164 4700 1281 4757 XV.

295 4789 410 4846 Cur
439 4795 643 4863 anima,
671 4809 790 4847 cum
827 4793 895 4847 sit
919 4793 1257 4863 incorporea,
1301 4791 1451 4863 rebus
1495 4801 1674 4863 tamen
1705 4810 1887 4863 corpo-

371 4862 476 4914 reis
519 4879 580 4915 ac
608 4864 878 4932 iper-ituris
941 4861 1286 4932 adhlcrescat.
1324 4861 1471 4916 Unde
1501 4862 1698 4917 bellant
1741 4861 1886 4918 intra

367 4932 562 5004 ipsam.
584 4929 713 5004 Quis
735 4929 1333 5004 paciﬁcatokraQuatuor
1361 4933 1613 4987 virtutum
1641 4934 1890 4987 cardina.

371 5002 505 5074 linus
535 5000 943 5073 oﬁieia.'6ratia
990 5000 1216 5073 Spiritus
1241 5003 1413 5055 sancti
1468 5004 1679 5074 quando
1714 5004 1886 5058 homi-

374 5072 526 5128 nibus
563 5072 871 5128 auxilietur.

365 5182 566 5241 Astu.
617 5182 1054 5241 Admirationem
1108 5187 1165 5236 et
1222 5188 1506 5250 stuporem
1570 5190 1885 5237 commovet

1743 4515 1890 4573 Deus
1991 4527 2216 4575 terreno
2258 4516 2326 4571 ad
2380 4516 2567 4571 inﬁma
2618 4515 2883 4580 declinat,
2927 4513 3160 4585 spiritus
3204 4511 3479 4566 violenter
3509 4523 3581 4564 ac

1989 4626 2089 4680 per
2120 4608 2465 4679 tyrannidem
2510 4607 2768 4662 deorsum
2797 4606 3054 4668 trahitur,
3076 4614 3134 4660 et
3178 4603 3245 4658 ad
3293 4601 3580 4673 improbos

1986 4699 2223 4785 allectus
2252 4699 2575 4770 impellitur,
2624 4712 2843 4767 Imque
2880 4695 3188 4767 prolabitur
3211 4696 3298 4749 δ”.

2058 4811 2215 4868 ﬂens
2243 4820 2429 4867 autem
2459 4817 2522 4864 ut
2553 4809 2876 4878 imperatrix
2935 4807 3206 4877 quaedam,
3243 4814 3299 4860 ct
3345 4796 3574 4861 domina

1989 4904 2158 4961 etiam
2194 4903 2695 4974 perturbationum,
2720 4908 2777 4955 et
2801 4909 2861 4954 ut
2883 4914 3049 4969 supra
3087 4898 3385 4969 tetigimus,
3432 4897 3575 4952 divi-

1989 5012 2097 5054 nus
2123 4996 2320 5051 anima:
2338 4995 2551 5057 oculus,
2582 5002 2638 5049 et
2682 5000 3065 5047 ornamentum
3123 4999 3177 5045 et
3230 4989 3573 5047 instrumen-

1991 5098 2131 5154 tum,
2151 5103 2219 5143 es
2236 5088 2410 5144 altera
2436 5095 2590 5158 parte
2619 5095 2862 5149 tutamen
2891 5084 3120 5139 rationis
3141 5082 3353 5156 objicit;
3384 5091 3439 5137 ct
3458 5090 3575 5139 tota

1992 5179 2344 5251 cogitationis
2371 5178 2424 5233 vi
2459 5179 2773 5245 intervenit,
2802 5186 2858 5233 et
2889 5184 3166 5231 momenta
3197 5175 3365 5232 duelli
3407 5174 3578 5246 hujus

1780 5297 1967 5360 Schol
1983 5297 2062 5359 ia.

300 5417 396 5471 Est
423 5419 563 5491 enim
589 5419 841 5490 quiddam
875 5419 1120 5491 simplex,
1159 5429 1207 5475 et
1236 5421 1551 5491 omnimodis
1593 5422 1879 5491 sincerum,

302 5504 411 5562 non
444 5490 690 5550 mistum:
723 5506 827 5543 non
849 5489 1215 5561 compositum,
1259 5507 1353 5544 nec
1367 5490 1597 5562 ﬁguram
1631 5489 1874 5561 aliquam

298 5559 532 5626 recipere
562 5568 751 5628 potest.

371 5629 387 5644 '
631 5632 711 5684 hic
747 5629 1008 5704 (inpleret
1038 5632 1228 5704 triplex
1248 5630 1441 5704 dicitur
1475 5646 1493 5684 :
1519 5638 1634 5704 post
1693 5646 1873 5684 resur-

298 5698 595 5773 rectionem
622 5716 746 5773 vero
783 5716 876 5773 nec
919 5698 1119 5772 dupleai
1151 5718 1246 5756 nec
1285 5700 1496 5773 triplex,
1520 5698 1618 5755 sed
1665 5707 1873 5755 tantum

296 5766 527 5835 simplex
550 5770 659 5824 sive
687 5766 1004 5841 intelligens
1021 5774 1202 5842 futura
1233 5782 1330 5827 est.

2048 5421 2086 5444 “
2108 5417 2269 5474 Omne
2299 5418 2504 5472 animal
2519 5419 2688 5489 diligit
2708 5420 2805 5472 sibi
2825 5416 3016 5482 simile,
3042 5427 3089 5471 et
3108 5418 3261 5470 homo
3279 5420 3566 5477 hominem,

1976 5492 2022 5544 si
2050 5490 2203 5543 modo
2230 5491 2401 5542 omnis
2424 5489 2774 5543 humanitatis
2804 5505 2988 5556 expers
3013 5504 3117 5543 non
3155 5495 3253 5540 est.

2048 5563 2117 5581 “‘
2156 5558 2358 5613 Paulus
2388 5574 2575 5628 corpus
2611 5576 2821 5612 carnem
2872 5553 3061 5613 uacare
3123 5553 3411 5628 consuevit,
3454 5567 3563 5605 non

1975 5630 2187 5701 quidem
2239 5621 2686 5701 naturaniipsam
2708 5630 2941 5701 corporis
2963 5630 3210 5701 hacqeoce
3243 5621 3560 5701 intelligens,

1975 5648 2187 5699 qutaem
2239 5648 2489 5683 naturam
2517 5648 2686 5701 ipsum
2708 5648 2796 5682 cor
2837 5648 2941 5681 arts
2963 5648 3060 5681 nac
3090 5648 3210 5679 voce
3243 5648 3560 5690 "ut'tugcus,

1973 5700 2064 5753 sed
2087 5715 2386 5770 perversam
2416 5698 2758 5770 voluntatem.
2791 5648 3011 5770 litem.
3055 5696 3200 5770 dicit:
3234 5711 3252 5742 ι
3302 5690 3423 5770 Vos
3454 5704 3561 5770 non

1978 5758 2099 5823 estis}
2125 5772 2179 5824 in
2207 5769 2509 5831 carne,.sed
2524 5770 2576 5823 in
2606 5770 2790 5839 spiritu
2819 5768 2992 5841 (Rom.
3031 5781 3146 5824 rm,
3172 5764 3249 5830 9).
3295 5779 3314 5812 ι
3357 5758 3426 5814 Et
3454 5760 3561 5815 ite-
