4036 6462
1912 293 2047 308 ωηο..

420 432 534 497 859

420 650 612 705 aequus
630 648 693 688 ac
714 630 932 701 sapiens
960 628 1347 700 pronuntians,
1379 628 1740 700 cogitationes
1801 627 1999 681 melio-

429 742 520 781 res
552 740 582 779 a
611 723 985 782 deterioribus
1026 722 1259 787 dirimit,
1291 730 1346 778 et
1398 722 1518 777 illas
1556 721 1875 785 admittens,
1912 720 2011 773 has

423 815 566 869 foras
584 814 768 883 ejicit;
798 821 962 883 atque
979 821 1039 867 ut
1064 813 1342 883 inspector
1373 813 1647 877 indicans,
1670 811 2006 867 sententiam

424 908 549 969 fert,
593 922 687 962 seu
745 907 883 976 quid
920 915 1115 961 natura
1146 908 1378 977 justum,
1408 923 1502 962 seu
1535 916 1734 976 praeter
1762 916 2011 958 naturam

423 998 608 1052 fuerit.
629 998 818 1062 Menti,
836 998 915 1069 τῷ
930 999 1026 1069 νῷ,
1047 1009 1283 1069 quatuor
1303 1000 1590 1053 facultates
1601 1012 1826 1053 annexa:
1840 1003 1968 1051 sunt
1996 1012 2009 1048 :

428 1091 807 1162 intelligentia,
835 1091 1042 1161 ingenii
1067 1091 1391 1156 acrimonia,
1425 1090 1876 1160 comprehensio,
1921 1102 2014 1142 so-

428 1185 610 1239 lertia.
653 1183 779 1239 Haec
819 1193 1079 1254 quatuor,
1121 1185 1368 1253 inquam,
1403 1183 1528 1239 inde
1563 1193 1818 1253 tanquam
1851 1198 1881 1237 a
1903 1195 2018 1235 ma-

1655 427 2007 489 PHILIPPI
2050 424 2443 488 SOLITARH

420 540 697 612 inspicit:
755 537 1178 607 arbitriumque,
1222 541 1290 590 ut-
1333 534 1505 606 judex
1557 544 1614 590 et
1667 534 2008 604 disceptator
2038 539 2087 596 Α

3585 407 3709 474 860

2688 522 2912 581 CAPUT
2990 520 3129 578 XVI.

2114 647 2298 701 Prima
2327 646 2474 714 origo
2499 640 2621 695 belli
2678 640 2816 714 inter
2865 652 3053 714 corpus
3081 643 3131 714 et
3172 635 3451 714 animantia.-
3484 631 3700 686 Diaboli‘

2184 704 2596 786 oppugnationes
2622 710 2767 763 nobis
2791 708 3023 786 accidere
3035 704 3325 786 salutares.
3348 704 3697 786 Animalquo-

2189 771 2519 838 r'tt'm'extra
2571 797 2758 850 corpus
2811 777 3130 850 recordetur.
3187 771 3456 850 Quomodo
3504 772 3697 850 absque

2187 870 2403 923 corpore
2434 852 2602 905 Deum
2641 843 2987 923 laudet.__Quo
3024 854 3175 914 pacto
3214 843 3511 923 afﬁciantur
3542 843 3701 923 spiri-

2186 912 2445 985 tus'beati,
2472 923 2615 976 exuti
2658 912 3059 987 corporibus._et
3104 912 3303 987 sensus
3323 915 3434 967 sine
3464 912 3699 987 sensibus

2187 981 2443 1049 habeant;
2478 992 2552 1044 De
2581 981 2900 1043 incremento
2922 985 3186 1056 felicitatis
3211 984 3519 1037 animarum
3540 981 3596 1036 in
3613 996 3701 1034 se-

2189 1064 2359 1118 cundo
2385 1062 2581 1116 Christi
2605 1061 2855 1113 adventu.

2156 1198 2454 1254 .ANIIIA.A
2508 1194 2782 1267 principio
2836 1206 3038 1263 corpus
3075 1198 3133 1245 et
3158 1189 3343 1244 anima
3384 1189 3437 1242 in
3488 1199 3717 1243 summa-

432 1285 515 1329 tre
560 1276 909 1345 prodierunt,
967 1284 1023 1329 et
1050 1275 1259 1329 veluta
1309 1274 1483 1344 stirpe
1531 1273 1892 1344 pullularunt.
1922 1274 2018 1325 Ast

432 1366 633 1421 anima:
709 1366 997 1433 tripartitte
1028 1367 1273 1436 germina
1315 1381 1537 1419 rursum
1584 1363 1701 1417 lure
1730 1372 1877 1417 sunt.
1911 1361 2018 1415 Τοῦ

434 1457 619 1524 λόγου,
649 1456 879 1510 rationis
935 1455 1252 1525 prudentia.
1308 1465 1363 1510 et
1414 1456 1649 1525 iustitia,
1676 1464 1736 1507 ut
1797 1454 2017 1523 sapien-

437 1548 679 1601 tissimus
701 1547 960 1617 magister
986 1548 1227 1602 Joannes
1254 1548 1630 1602 Damascenus
1663 1546 1759 1599 ait.
1794 1544 2019 1614 Cupidi-

437 1637 563 1691 tatis
597 1638 965 1707 pulcherrima
996 1639 1218 1693 subtiles
1275 1647 1359 1693 est
1403 1637 1784 1707 temperantia.
1813 1635 1856 1691 E
1889 1637 2022 1692 cali—

437 1727 596 1781 cibus
652 1727 747 1782 εγω
807 1727 1075 1782 fortitudo
1130 1728 1462 1798 prorumpit.
1512 1726 1834 1790 Prudentia,
1900 1740 2023 1797 quae

2123 1289 2526 1360 tranquillitate
2552 1287 2832 1349 vivebant,
2851 1283 3326 1351 conveniebatque
3348 1279 3457 1335 illis
3483 1288 3708 1334 natura-

2120 1385 2268 1447 liter,
2288 1389 2346 1437 et
2367 1381 2584 1452 vigebat
2613 1379 2759 1433 inter
2789 1393 2856 1433 ea
2903 1376 3055 1432 nulla
3110 1372 3415 1429 offensione
3465 1372 3709 1425 interce-

2121 1477 2287 1532 dente
2337 1473 2655 1530 concordia.
2682 1471 2841 1528 Unde
2890 1485 3045 1541 ergo,
3079 1477 3136 1523 et
3167 1467 3392 1536 quinam
3439 1464 3493 1519 in
3530 1471 3716 1518 tantas

2121 1567 2505 1625 dimicationes
2533 1564 2895 1621 inciderunt?
2922 1570 2979 1618 et
3013 1576 3138 1632 quae
3184 1560 3449 1628 utrinque
3498 1572 3715 1627 pugna-

2122 1675 2251 1715 rum
2274 1658 2506 1713 istarum
2541 1653 2766 1710 causae?

2193 1771 2358 1827 Cano.
2388 1769 2471 1824 Ex
2499 1782 2610 1838 quo
2640 1763 3004 1837 transgressio
3026 1759 3316 1816 hominum
3363 1757 3553 1830 generi
3587 1770 3716 1812 eve—

438 1819 639 1886 prima,
674 1827 729 1872 et
762 1819 1139 1889 pulcherrima
1168 1827 1274 1884 est,
1306 1818 1591 1888 peculiare
1628 1834 1827 1872 munus
1857 1818 2025 1873 habet

441 1910 698 1977 scrutari,
730 1920 785 1966 et
826 1926 1158 1983 pernoscere
1191 1912 1463 1983 profunda
1515 1911 1765 1982 spiritus.
1807 1910 2028 1967 iustitia

442 2004 811 2075 aequalitatem
864 2020 1105 2072 servare,
1139 2018 1195 2060 et
1235 2005 1555 2070 amicitiam,
1598 2005 1737 2058 bene
1762 2002 2034 2076 judicare,

442 2097 585 2151 bene
640 2097 885 2152 rationes
935 2098 1264 2163 subducere,
1329 2095 1713 2152 convenientia
1773 2095 2037 2163 utiliaque

443 2187 787 2256 dispensare.
841 2187 1148 2258 {Equalitas
1196 2188 1346 2244 enim
1379 2187 1445 2241 ad
1478 2187 1568 2257 jus
1616 2184 1876 2255 pertinet,
1926 2198 2037 2252 quo

445 2278 594 2334 enim
645 2278 753 2332 alio
806 2278 1156 2348 pertineret?
1200 2276 1603 2347 Temperantis,
1631 2274 1913 2344 proprium
1954 2283 2040 2329 est

449 2370 789 2425 castimonia:
840 2370 1118 2440 splendor,
1147 2378 1204 2424 et
1246 2369 1505 2439 gaudium
1566 2366 1814 2440 Spiritus,
1838 2375 1895 2420 et
1933 2364 2038 2420 alia

452 2478 795 2532 quaecunque
822 2463 890 2518 de
938 2479 1001 2519 ea
1044 2463 1385 2517 scribuntur.
1430 2434 1720 2517 Generosa;
1753 2458 2037 2514 fortitudi—

454 2555 541 2609 nis
568 2554 772 2609 bellum
806 2562 998 2607 contra
1034 2553 1189 2617 vitia,
1219 2552 1366 2622 quod
1389 2550 1571 2623 gladio
1597 2556 1830 2614 instans,
1850 2564 2037 2604 eorum

454 2647 695 2716 impetus
720 2655 774 2701 et
796 2647 1048 2701 incursus
1075 2654 1428 2717 prretruncat.
1460 2643 1880 2716 PerSpicuitatis
1908 2657 2040 2714 ergo

454 2739 792 2809 exemplum,
825 2737 1320 2809 brevissimamque
1341 2737 1623 2793 notionem
1649 2736 1717 2790 ad
1748 2735 2044 2791 dilucidio-

458 2846 574 2887 rem
602 2831 856 2886 notitiam
884 2833 1004 2904 ejus
1043 2830 1189 2903 quod
1216 2831 1456 2886 diximus
1490 2832 1905 2902 subjungemus.
1946 2818 2044 2884 Est

458 2922 654 2978 animze
708 2923 1065 2986 conscientia,
1092 2924 1206 2979 sive
1232 2924 1319 2979 lex
1360 2925 1634 2995 quaedam,
1668 2939 1795 2980 cum
1830 2924 2045 2994 legibus

459 3013 854 3084 praeceptisque
910 3014 1114 3070 divinis
1145 3016 1488 3085 conspirans,
1538 3015 1873 3085 optimorum
1908 3029 2044 3083 ope-

463 3120 584 3160 rum
617 3108 959 3176 cooperatrix
993 3116 1046 3163 et
1091 3107 1449 3172 administra;
1495 3115 1551 3161 et
1610 3106 1714 3161 ista
1754 3105 2045 3161 conscien-

2062 1888 2100 1943 Β
2127 1865 2234 1931 nit,
2271 1879 2339 1920 ex
2372 1878 2504 1933 quo,
2547 1862 2797 1930 inquam,
2858 1857 3101 1913 Adamus
3148 1855 3337 1923 lapsus
3362 1861 3469 1913 est,
3500 1849 3713 1904 bellum

2138 1953 2285 2008 inter
2329 1952 2447 2006 haec
2491 1951 2726 2021 geritur,
2751 1956 2808 2003 et
2826 1963 2895 2002 ex
2930 1962 3018 2012 eo,
3055 1945 3291 2014 abrupto
3322 1941 3531 1997 foedere
3572 1940 3731 1994 intra:

2138 2060 2260 2107 nos,
2288 2045 2489 2099 misere
2512 2050 2568 2098 et
2593 2057 2622 2096 a
2650 2041 2766 2096 Deo
2794 2050 2850 2095 et
2872 2038 2941 2093 ab
2968 2036 3137 2091 Edem
3161 2033 3503 2097 exturbatos,
3528 2039 3731 2085 natum

2137 2147 2241 2202 est,
2274 2136 2343 2192 de
2371 2151 2481 2206 quo
2511 2134 2646 2189 satis
2686 2130 2861 2187 multa
2893 2130 2948 2184 in
2984 2125 3423 2199 praecedentibus
3451 2122 3728 2178 disserui-

2141 2245 2284 2284 mus.
2321 2229 2510 2283 Restat
2538 2224 2767 2295 proinde
2791 2221 3071 2277 diabolus.
3103 2219 3171 2274 de
3202 2232 3313 2287 quo
3335 2216 3500 2271 etiam
3532 2213 3731 2268 dicen-7

2139 2318 2291 2381 dum,
2324 2313 2601 2385 quomodo
2651 2311 2872 2367 tandem
2912 2310 3088 2364 lrostis
3134 2305 3451 2362 hominibus
3498 2304 3730 2358 relictus

2138 2418 2242 2472 est,
2280 2403 2546 2476 permissu
2582 2401 2883 2465 Creatoris,
2914 2415 3025 2469 quo
3048 2396 3263 2468 judicio
3295 2396 3414 2465 ipse
3452 2394 3623 2449 novit.
3653 2391 3723 2447 Et

2140 2496 2417 2567 quomodo
2447 2509 2556 2549 non
2587 2492 2814 2562 perierit
2860 2489 3108 2550 omnino,
3135 2502 3246 2556 quo
3300 2484 3441 2539 nihil
3490 2492 3577 2539 est
3608 2482 3734 2537 esi-

2144 2590 2358 2644 tiosius.
2388 2586 2496 2643 Sed
2526 2601 2647 2655 age,
2683 2585 2849 2654 hujus
2877 2596 3119 2646 causam,
3151 2595 3246 2635 seu
3280 2580 3547 2633 rationem
3576 2590 3732 2629 nunc

2142 2680 2350 2749 accipe.
2386 2677 2507 2733 Vita
2572 2677 2674 2731 ista
2728 2675 2964 2731 stadium
3019 2682 3075 2727 et
3129 2680 3403 2727 certamen
3454 2665 3733 2737 quoddam

2141 2782 2197 2829 et
2226 2774 2371 2827 lucta
2402 2782 2508 2826 est.
2538 2768 2596 2825 Si
2632 2768 2807 2823 hostis
2866 2764 3126 2828 defuerit,
3150 2778 3259 2833 quo
3305 2770 3462 2831 pacto
3512 2757 3745 2813 laudem-

2142 2862 2548 2935 assequemur?
2574 2861 2630 2917 Si
2670 2870 2950 2916 certamen
3012 2857 3225 2912 nullum
3256 2854 3346 2919 sit,
3374 2868 3480 2922 qua
3515 2851 3733 2905 ratione

2145 2956 2256 3011 dux
2279 2955 2552 3026 quispiam
2578 2952 2697 3024 regi.
2713 2952 2918 3008 charus
2943 2949 3161 3005 fortiter
3183 2962 3241 3002 se
3259 2944 3449 3017 geret?
3471 2942 3525 2997 Si
3550 2941 3744 2997 absint

2149 3051 2472 3113 certamina,
2493 3046 2772 3119 quomodo
2799 3045 3017 3116 praemia
3048 3042 3439 3104 certaminum,
3471 3049 3527 3094 et
3557 3038 3737 3092 hono-

2147 3158 2255 3207 res,
2287 3149 2345 3197 et
2366 3140 2621 3195 donabis
2647 3139 2742 3209 qui
2789 3137 3031 3208 legitime
3078 3134 3433 3196 certaverint,
3478 3130 3735 3186 tribuen-

464 3200 539 3254 tia
571 3207 658 3295 est
704 3199 791 3295 lett
838 3200 1087 3295 spiritus.
1113 3198 1363 3295 _Contra_
1402 3198 1492 3254 lex
1527 3198 1762 3295 peccati,
1794 3198 1911 3254 sive
1962 3197 2118 3294 [exc
2149 3197 2284 3289 ὠή
2306 3231 2365 3289 εἰ
2422 3197 2680 3289 manda“;
2732 3197 2874 3285 non“
2900 3228 3147 3291 veniam,
3204 3224 3483 3295 quomodo
3547 3223 3753 3276 ﬁrmus

463 3289 648 3345 carnis
684 3290 984 3355 seductrix,
1015 3305 1084 3346 ex
1113 3289 1475 3360 impressione
1528 3288 1838 3344 daemonum
1872 3288 2046 3345 inhae-

465 3397 598 3438 rens
655 3380 918 3437 membris
962 3382 1194 3448 nostris,
1244 3389 1383 3437 etut
1426 3379 1566 3451 ignis
1607 3379 1970 3447 inflammans,
1995 3387 2050 3434 et

467 3473 821 3529 mstuantium
874 3472 1238 3543 cupiditatum
1314 3473 1658 3529 dulcitudine
1711 3471 2049 3538 demulcens,

469 3563 703 3635 paribus
735 3562 902 3618 armis
947 3564 1052 3635 legi
1085 3564 1436 3622 conscientia!
1481 3564 1827 3629 adversatur,
1864 3564 2053 3618 volen-

475 3666 697 3724 temque
755 3669 950 3725 parere
999 3654 1211 3725 legibus
1261 3653 1492 3719 domini,
1530 3654 1770 3719 lacessit,
1818 3653 2055 3724 indeque

475 3744 733 3815 spiritum
789 3760 1105 3816 quanquam
1171 3745 1377 3816 peccati
1437 3745 1868 3801 fraudulentiam
1913 3744 2057 3800 indi-

477 3847 758 3906 gnantem,
794 3838 947 3894 velut
975 3839 1253 3910 captivum
1288 3838 1533 3894 abducit.
1566 3839 1639 3895 Ut
1678 3837 2059 3894 inimicissima

479 3938 663 3984 autem
733 3929 1116 3991 blandimento
1161 3931 1462 4002 voluptatis
1511 3939 1734 4002 pugnat,
1764 3939 1927 4000 atque
1984 3930 2059 3984 ita

478 4019 711 4089 peccati,
742 4020 889 4093 quod
924 4020 1123 4076 servile
1151 4028 1256 4085 est,
1287 4036 1505 4075 servum
1530 4020 1681 4075 facit.
1706 4019 1812 4075 Sed
1840 4019 2063 4075 divinus

481 4113 796 4170 l’aracletus
852 4113 1119 4169 miserans
1171 4114 1293 4169 hoc.
1323 4115 1757 4177 incommodum,
1798 4112 2063 4167 adversus

482 4204 729 4276 spuriam
779 4212 836 4260 et
885 4203 1135 4259 fallacem
1158 4206 1339 4261 carnis
1381 4206 1554 4279 legem
1607 4205 1777 4261 robur
1825 4203 2065 4275 desuper

488 4296 863 4369 pratstantiori
901 4296 1007 4367 legi
1043 4295 1452 4352 subministrat.
1486 4298 1604 4354 Lex
1644 4306 1827 4352 autem
1885 4294 2067 4351 carnis

487 4397 573 4443 est
611 4388 906 4457 cupiditas,
937 4387 1275 4442 irrationalis
1306 4387 1500 4444 animae
1527 4404 1675 4459 pars.

559 4507 755 4557 ΑΝικΑ.
789 4503 857 4558 Ει
880 4502 1176 4574 quomodo,
1211 4513 1268 4559 et
1298 4503 1519 4573 quando
1552 4503 1729 4575 gratia
1762 4504 1921 4560 nobis
1944 4504 2067 4575 opi-

493 4596 740 4652 tulatur?

2149 3324 2425 3396 quispiam
2456 3332 2515 3379 et
2574 3330 2837 3379 constans
2900 3318 3233 3390 apparebit?
3282 3317 3338 3372 Si
3378 3331 3540 3386 quem
3590 3313 3751 3368 nulla

2154 3419 2394 3473 incessat
2423 3415 2728 3479 tribulatio,
2757 3412 3035 3484 quomodo
3060 3411 3320 3482 gaudium
3349 3409 3701 3464 nanciscetur
3719 3406 3751 3457 τ

2156 3510 2214 3565 Si
2244 3508 2438 3581 frigida
2471 3508 2652 3563 hiems
2688 3521 2801 3561 non
2831 3504 3125 3576 praecedat,
3152 3502 3373 3575 quando
3402 3508 3561 3555 aestas
3579 3496 3744 3552 efful-

2155 3600 2350 3673 gebit?
2386 3599 2576 3670 Itaque
2599 3606 2655 3653 et
2678 3596 2892 3653 daemon
2914 3595 2981 3651 ad
3012 3594 3216 3650 bellum
3242 3600 3433 3648 contra
3458 3605 3556 3643 nos
3584 3604 3745 3643 exar-

2156 3694 2365 3759 deseat,
2403 3701 2463 3747 ut
2492 3690 2623 3746 dum
2660 3698 2894 3762 tyranno
2924 3687 3255 3750 resistimus,
3278 3682 3593 3739 adversario
3621 3696 3746 3750 per-

2160 3799 2324 3839 cusso
2359 3783 2653 3839 victoriam
2689 3782 2998 3837 referamus
3030 3781 3254 3851 (mirum
3292 3791 3417 3833 cum
3464 3775 3533 3829 sit
3565 3774 3757 3828 incor-

2159 3892 2365 3949 poreus
2424 3890 2551 3931 eum
2614 3875 2761 3930 vinci
2794 3873 2864 3928 ab
2901 3871 3242 3940 hominibus)
3289 3870 3652 3935 victoresque,
3689 3872 3754 3918 ut

2162 3969 2375 4026 strenui
2393 3967 2703 4031 bellatores,
2725 3962 3168 4033 honorentur,fet
3196 3956 3759 4027 coronamjaecipiant

2166 4058 2695 4125 immarcessibilem,
2720 4072 2998 4129 quemque
3025 4055 3116 4111 ille
3157 4064 3287 4111 ante
3344 4070 3534 4110 casum
3589 4067 3759 4107 suum

2167 4152 2367 4212 tenuit.
2384 4159 2587 4206 statum
2606 4148 3095 4218 conditionemque
3116 4146 3513 4216 adipiscantur.
3533 4144 3577 4198 Ο
3592 4143 3751 4213 abys-

2167 4258 2289 4299 sum
2316 4242 2692 4313 benignitatis,
2743 4256 2777 4296 ο
2808 4237 3481 4308 divitiaslmiserieordite,
3534 4234 3747 4292 odium.

2171 4336 2413 4395 studium
2435 4334 2723 4407 perdendi,
2763 4333 3059 4403 petitiones
3091 4329 3405 4386 seductoris
3439 4328 3504 4382 ad
3546 4326 3755 4381 utilita-

2171 4438 2282 4485 tem
2314 4428 2612 4499 etgloriam
2626 4440 2853 4480 suorum
2880 4423 3179 4478 amicorum
3204 4421 3495 4484 convertit,
3514 4419 3605 4489 qui
3634 4433 3759 4471 om-

2177 4523 2268 4578 nia
2290 4523 2345 4575 in
2377 4521 2577 4575 melius
2609 4519 2820 4573 mutatl
2857 4516 2922 4571 Et
2950 4516 3005 4570 fit
3036 4515 3295 4585 quiddam
3335 4513 3460 4576 tale,
3498 4510 3658 4581 quale
3709 4507 3762 4563 si

2103 4586 2427 4670 Dmedicus
2479 4611 2753 4681 quispiam
2817 4608 3019 4679 viperis
3073 4614 3169 4661 aut
3242 4604 3364 4660 aliis
3427 4600 3765 4672 quibusdam

566 4706 732 4763 Cano.
789 4707 929 4763 Cum
975 4708 1100 4778 quis
1150 4723 1394 4764 amorem
1453 4716 1511 4764 et
1560 4708 1813 4765 timorem
1855 4709 2074 4765 Domini

492 4801 814 4871 acquisierit
877 4808 934 4856 et
996 4810 1265 4872 perpetuo
1308 4803 1759 4869 novissimorum,
1805 4813 1870 4857 ut
1913 4819 2079 4873 supra

495 4892 830 4958 monuimus,
856 4908 1065 4948 memor
1090 4893 1280 4949 fuerit.
1308 4892 1446 4950 Cum
1471 4909 1560 4949 res
1584 4893 1845 4949 adversas
1876 4895 2082 4964 gratias

496 4999 663 5053 agens
695 4985 1043 5053 toleraverit;
1063 5000 1189 5041 eum
1210 5000 1430 5057 semper
1451 4985 1713 5051 oraverit,
1739 4994 1796 5042 et
1812 4986 2079 5042 divinitus

499 5073 797 5143 inspiratas
850 5076 1164 5148 Scripturas
1217 5078 1443 5135 assiduo
1522 5094 1711 5135 secum
1770 5088 2076 5149 pertracta-

500 5166 662 5222 verit.

2179 4708 2340 4762 tetris
2358 4716 2412 4761 et
2436 4702 2766 4760 nocentibus
2788 4698 2992 4771 alioqui
3031 4694 3447 4753 medicamentis
3495 4693 3563 4748 ad
3589 4706 3764 4761 aegro-

2174 4785 2356 4856 torum
2387 4796 2726 4853 curationem
2755 4801 3003 4848 uteretur
3030 4807 3045 4856 ;
3068 4785 3532 4859 quemadmodum
3560 4791 3617 4838 et
3649 4781 3764 4834 fra-

2175 4901 2393 4948 ternum
2429 4888 2618 4944 odium
2644 4884 2885 4955 Josepho
2907 4881 3202 4936 utilitatem
3234 4877 3526 4933 maximam
3556 4888 3765 4943 appor-

2178 4981 2332 5045 tavit,
2363 4987 2420 5034 et
2468 4976 2765 5048 singularis
2814 4973 3101 5043 cujusdam
3155 4965 3478 5025 teconomiae
3531 4961 3769 5018 materia

2175 5077 2298 5144 fuit,
2329 5092 2435 5147 qua
2465 5076 2609 5130 Deus
2630 5071 2796 5128 etiam
2844 5068 3005 5124 vendi
3048 5066 3297 5137 permisit
3327 5065 3586 5135 juvenem
3638 5058 3766 5129 pul-

2177 5169 2533 5233 cherrimum,
2566 5175 2629 5221 ut
2645 5180 2772 5222 eum
2800 5161 3015 5235 Egypti
3046 5160 3349 5232 principem
3378 5154 3765 5215 constitueret.

2000 5353 2275 5415 SchoHa.

511 5563 651 5610 rum,
680 5564 699 5597 ι
730 5544 831 5611 Qui
855 5551 1030 5599 autem
1078 5545 1135 5599 in
1167 5560 1326 5599 carne
1366 5554 1508 5608 sunt,
1562 5542 1667 5598 Deo
1726 5542 1934 5613 placere
1971 5558 2077 5596 non

510 5625 725 5689 possunt
758 5615 919 5689 (Ibid.
945 5616 1022 5689 8).
1050 5635 1070 5668 δ
1101 5615 1239 5671 Nam
1259 5615 1500 5689 ipse__ille,
1536 5615 1624 5684 qui
1648 5615 1762 5689 lucc
1798 5613 1959 5689 dirit,_
1982 5628 2081 5665 an-

512 5683 617 5743 non
651 5683 866 5742 carnem
902 5686 1121 5742 indutus
1152 5683 1318 5740 erat?
1345 5684 1462 5740 Non
1490 5683 1615 5754 ergo
1639 5685 1746 5738 htec
1764 5684 1862 5737 sibi
1888 5683 2080 5754 adver-

514 5760 626 5811 sat-'i
649 5758 760 5822 ait;
788 5757 881 5811 sed
932 5756 1386 5829 deimprobarttm
1416 5753 1778 5829 bonarumque
1808 5753 2079 5829 cogitatio-

516 5844 643 5881 num
680 5820 970 5883 certamine
1000 5820 1251 5898 loqt'titur.
1279 5825 1486 5881 Etenim
1516 5823 1646 5879 velle
1669 5820 1716 5878 ct
1743 5820 1903 5891 nolle,
1928 5838 2083 5893 penes

2183 5539 2419 5593 animam
2450 5546 2593 5592 sunt.
2645 5537 2816 5607 Atque
2860 5534 3054 5607 ideirco
3090 5528 3245 5607 niti}
3279 5525 3402 5607 Haec
3443 5532 3640 5607 autem.
3670 5520 3772 5577 sibi

2184 5611 2405 5663 invicem
2444 5593 2798 5662 adversantur
2823 5600 3029 5673 (Gnlat.
3054 5616 3109 5665 v,
3131 5600 3245 5673 17).
3282 5616 3300 5649 ι
3333 5596 3405 5650 Et
3450 5603 3511 5649 ut
3548 5593 3766 5673 animm,

2191 5681 2247 5732 in
2272 5681 2451 5749 pravis
2483 5667 2858 5747 cupiditatibus
2893 5674 3001 5726 suis
3024 5669 3302 5749 procedere
3331 5682 3395 5749 ne
3416 5667 3769 5749 permitteret,

2189 5733 2446 5818 tanquam
2501 5733 2818 5818 pt't’tlagogus
2853 5752 2901 5796 et
2932 5733 3182 5812 magister
3224 5741 3279 5793 in
3317 5733 3459 5793 viain
3500 5733 3771 5789 meliorem

2190 5836 2281 5873 nos
2298 5814 2527 5883 'ducens,
2554 5814 2665 5871 Iure
2680 5814 2984 5883 prolocutus
3016 5822 3110 5867 est.
