4036 6426
358 429 459 494 set
1805 428 2166 490 DIOPI‘RA.
3525 410 3630 494 862

361 536 623 597 Similiter
651 545 710 593 et
743 538 1002 594 Satanam
1041 536 1363 593 certaminis
1394 535 1566 593 noslri
1601 552 1805 607 praeses
1838 554 1941 593 nos
1970 543 2013 598 Α
2045 539 2163 592 sola
2212 536 2377 607 longe
2413 535 2648 607 plurima
2697 544 2753 591 et
2784 537 2928 593 bona
2959 546 3015 594 et
3056 539 3196 595 mala
3251 551 3532 612 operatur,
3576 551 3635 599 et

362 643 679 702 oppugnare
728 643 839 683 non
873 635 1043 692 vetat,
1077 636 1138 681 ut
1199 634 1401 697 tropaza
1435 626 1504 682 de
1541 627 1780 683 inimicis
1834 639 1946 683 sta-
2052 630 2248 694 Deum,
2297 629 2343 683 si
2381 628 2544 683 modo
2581 644 2718 699 pura
2775 629 2867 696 sit,
2909 638 2968 686 et
3031 631 3075 685 si
3112 631 3372 705 voluerit,
3404 634 3636 689 vocibus

364 723 651 779 tuentibus
670 737 907 779 coronas
926 721 1114 792 gloriae
1145 728 1351 777 nectat.
1396 720 1614 787 Quanto
1639 720 1944 776 dill'iciliora
2050 720 2237 777 cordis
2286 722 2604 776 intrinseeis
2635 721 2898 787 celebrat,
2945 738 3050 777 nec
3082 724 3341 780 alicunde
3368 726 3636 796 prohibe-

367 816 696 879 certamina,
721 824 874 870 tanto
898 814 1196 870 illustriora
1244 813 1486 879 decora;
1525 828 1636 883 quo
1668 812 1948 883 graviores
2051 824 2162 877 tur,
2206 815 2565 884 quantumvis
2618 815 2800 869 anima
2856 815 3038 870 adhuc
3088 817 3306 885 corpori
3346 818 3630 888 colligata.

363 905 710 967 aﬂlietiones,
747 920 815 959 eo
852 903 1258 973 splendidiores
1292 919 1534 959 coronae.
1581 903 1947 972 Proportione
2052 911 2088 960 A
2128 922 2239 977 quo
2284 916 2559 977 exempta,
2596 906 2651 961 id
2692 907 2867 977 magis
2895 908 3059 962 etiam
3118 908 3400 979 magisque
3453 909 3631 965 facit:

365 998 510 1053 enim
548 1013 759 1052 merces
790 997 964 1052 labori
988 997 1361 1068 persolvitur;
1398 995 1449 1049 id
1474 995 1618 1066 quod
1663 995 1774 1065 jam
1821 1002 1947 1073 ante
2048 1000 2269 1070 quando
2296 1000 2408 1054 Deo
2448 1014 2712 1069 praesens,
2746 1000 2966 1055 sublato
3008 1001 3118 1067 jam
3159 1002 3385 1070 speculo
3423 1001 3628 1057 clarius

366 1089 659 1158 perspicue
687 1087 998 1143 docuimus.
1040 1086 1147 1142 Sed
1182 1088 1410 1157 pelagus
1428 1086 1733 1141 clementiae
1761 1095 1817 1140 et
1845 1085 1946 1139 bo-
2051 1093 2231 1162 ipsum
2257 1092 2715 1161 manifestiusque
2747 1093 3176 1162 contemplatur,
3209 1102 3266 1147 et
3309 1109 3411 1163 pro
3432 1094 3630 1150 amicis

366 1182 557 1236 nitatis
587 1180 1151 1252 pcrpende.Labores
1175 1196 1239 1235 ac
1269 1179 1660 1234 tribulationcs
1687 1194 1790 1233 una
1820 1192 1945 1232 cum
2049 1184 2168 1239 sine
2206 1198 2341 1237 voce
2387 1191 2669 1254 precatur,
2726 1192 2787 1237 ut
2828 1199 2951 1253 qum
2991 1199 3020 1238 a
3069 1183 3364 1254 semetipsa
3412 1199 3631 1254 semper

363 1274 468 1329 hac
496 1273 607 1327 vita
636 1272 801 1335 finiri,
828 1270 1148 1342 absolvique
1175 1273 1316 1333 vult,
1340 1286 1462 1341 qua:
1484 1269 1729 1340 angustis
1765 1268 1948 1323 termi-
2050 1285 2336 1329 moveatur
2374 1284 2430 1330 et
2469 1275 2750 1330 incitetur.
2803 1274 3020 1329 Laudes
3050 1275 3197 1329 enim
3221 1275 3437 1329 divinas
3473 1274 3630 1330 inde-

365 1365 456 1420 nis
505 1363 1006 1427 circumscribitur.
1032 1371 1089 1417 ει
1130 1362 1187 1417 in
1225 1378 1332 1432 αυτι
1374 1377 1496 1417 cum
1531 1369 1796 1431 Perpetua
1840 1360 1949 1415 Sim
2050 1367 2191 1422 (esse
2225 1383 2350 1422 eum
2399 1368 2610 1436 angelis
2638 1366 2921 1423 celebrare
2958 1382 3069 1420 non
3123 1365 3475 1429 dormientis,
3532 1364 3630 1421 sed

366 1472 488 1525 quae
520 1453 785 1526 aﬂlignnt,
816 1470 1092 1526 perpauca
1123 1463 1252 1509 sunt
1279 1470 1401 1525 quae
1424 1454 1639 1509 animos
1665 1462 1944 1507 recreant.
2048 1459 2325 1530 vigilantis
2345 1468 2448 1514 est.
2475 1450 2633 1524 Quod
2655 1473 2775 1512 eam
2798 1467 3057 1528 praestare
3082 1457 3182 1513 SS.
3203 1459 3427 1514 Patrum
3453 1466 3633 1514 coetus

369 1548 504 1615 Quia
532 1546 796 1601 nimirum
838 1546 1109 1616 quidquid
1154 1558 1238 1601 est
1267 1547 1434 1617 hujus
1465 1547 1703 1617 generis,
1764 1544 1947 1599 futuro
2048 1550 2228 1606 docet.
2267 1550 2501 1621 Lingua,
2533 1558 2590 1604 et
2618 1564 2872 1605 sermone
2894 1550 3026 1605 huic
3051 1550 3196 1615 vitae,
3227 1558 3283 1604 et
3310 1548 3632 1604 hominibus

364 1640 570 1695 szeculo
606 1649 874 1704 reservat,
905 1657 1007 1711 per
1063 1641 1225 1711 cujus
1277 1641 1455 1710 Spatia
1509 1639 1663 1695 nullo
1706 1650 1946 1707 unquam
2050 1638 2138 1694 hic
2177 1639 2493 1693 viventibus
2528 1639 2802 1707 imprimis
2832 1655 2972 1708 opus
2993 1648 3098 1702 est,
3139 1639 3285 1709 quod
3320 1638 3625 1708 quidquam

365 1732 475 1786 fine
502 1731 807 1787 claudenda
833 1730 1069 1786 felicitas
1095 1732 1445 1788 extendetur.
2048 1730 2134 1783 vel
2162 1728 2382 1793 audire,
2415 1728 2500 1783 vel
2565 1727 2790 1791 eil‘erre,
2824 1728 2912 1782 vel
2984 1742 3144 1782 sensa
3189 1725 3427 1782 aliorum
3475 1739 3629 1794 quae-

438 1827 636 1879 ANIMA.
665 1824 779 1893 Ego
802 1838 968 1893 porro
1001 1823 1135 1878 illud
1163 1824 1328 1879 etiam
1351 1833 1516 1895 atque
1555 1826 1744 1886 etiam.
1775 1828 1945 1883 vehe-
1973 1872 2023 1931 Β
2051 1822 2286 1888 stiones,
2315 1822 2520 1893 placita
2562 1822 2666 1877 nisi
2704 1836 2808 1892 per
2839 1835 3150 1876 sermonem
3204 1834 3299 1874 ore
3330 1827 3387 1874 et
3439 1817 3630 1888 lingua

365 1924 693 1985 menterqne
747 1914 1016 1980 admiror,
1070 1915 1350 1985 quomodo
1398 1917 1582 1972 anima
1637 1918 1945 1973 divinarum
1973 1912 2021 1931 ”
2051 1918 2348 1987 prolatum,
2373 1923 2429 1971 et
2447 1915 2685 1986 cogitata
2713 1930 2812 1984 per
2825 1929 3010 1969 acrem
3031 1913 3274 1970 medium
3294 1912 3632 1968 indicantem

367 2006 638 2061 mentium
668 2005 884 2067 similis,
918 1991 1547 2077 hostium‘intelligentia
1569 2009 1945 2078 praeditorum,
2006 2008 2358 2087 lintelligere
2409 2013 2719 2076 nequeunt.
2773 2005 2887 2060 Nec
2935 2013 3116 2076 potest
3167 2004 3629 2073 animaquandiu

366 2100 903 2171 atqueideonatura
946 2098 1163 2169 parium
1214 2099 1452 2153 insultus
1498 2100 1805 2169 praevidere
1856 2117 1947 2156 ne-
2050 2100 2106 2155 in
2135 2100 2489 2155 tabernaculo
2545 2114 2647 2154 suo
2677 2096 2912 2161 habitat,
2965 2095 3085 2151 sine
3130 2094 3521 2152 instrumentis
3573 2102 3633 2151 et

365 2202 553 2263 queat.
592 2190 698 2247 Sed
735 2190 789 2245 in
815 2205 980 2245 causa
1020 2199 1103 2245 est
1131 2189 1317 2245 carnis
1351 2190 1650 2254 crassities,
1682 2208 1802 2262 qua:
1828 2207 1953 2262 pro-
2049 2206 2183 2247 voce
2236 2190 2565 2247 sententiam
2621 2203 2778 2245 suam
2826 2185 3136 2250 enuntiare,
3170 2195 3227 2241 et
3286 2201 3452 2256 agere
3507 2198 3635 2255 quae

366 2285 541 2339 hibct.
571 2283 759 2352 Itaque
792 2281 884 2338 nbi
916 2296 1147 2352 corpore
1170 2281 1350 2336 soluta
1400 2280 1586 2345 fuerit,
1623 2291 1739 2336 tum
1793 2283 1952 2339 deni-
2050 2283 2188 2346 vult,
2229 2292 2287 2338 et
2332 2281 2416 2352 agi
2447 2287 2532 2336 est
2557 2295 2733 2349 opus;
2785 2292 2888 2332 nec
2919 2284 3070 2331 motu
3106 2284 3337 2333 externo
3367 2276 3434 2331 ad
3465 2289 3636 2346 opera

365 2391 477 2445 que
519 2373 861 2443 praevidebit.

2050 2376 2283 2440 moveri,
2318 2390 2418 2445 per
2458 2389 2581 2444 quae
2613 2372 2796 2443 qualis
2829 2371 2905 2426 sit
2951 2378 3305 2442 agnoscatur.
3340 2369 3499 2424 Tunc
3529 2367 3630 2423 ab-

438 2465 606 2521 Cano.
639 2464 1018 2536 Significatum
1043 2475 1130 2521 est
1150 2464 1598 2536 praecedentibus
1625 2464 1954 2537 disputatio—
2045 2470 2189 2541 jecta
2219 2469 2405 2523 carnis
2431 2466 2598 2529 mole,
2649 2481 2776 2520 cum
2807 2464 2876 2519 ad
2910 2462 3177 2518 mundum
3210 2459 3619 2532 supramunda-

366 2557 553 2620 nibus,
590 2564 704 2610 tres
764 2555 818 2609 in
867 2556 1100 2611 cerebro
1147 2556 1439 2611 facultates
1471 2556 1675 2622 inesse,
1719 2556 1949 2612 remini-
2049 2577 2184 2617 num
2238 2559 2578 2631 pervenerit,
2617 2557 2686 2612 ad
2744 2556 3011 2611 mundum
3054 2555 3475 2624 intelligentcm,
3528 2553 3634 2606 im-

367 2660 637 2712 scentem.
690 2647 1101 2718 imaginanlcm.
1162 2648 1495 2718 cogitantem
1546 2646 1817 2713 videlicet.
1852 2662 1952 2719 per
2051 2655 2365 2720 mortalem,
2394 2651 2573 2706 omnis
2606 2634 2852 2704 materia
2869 2657 3153 2717 expertem
3181 2661 3245 2701 ac
3277 2644 3636 2710 divinum,ut

368 2756 506 2810 quas
530 2739 804 2802 meminit,
859 2740 1061 2812 cogitat
1091 2748 1147 2795 et
1186 2740 1356 2796 videt.
1393 2739 1498 2795 Sed
1540 2740 1587 2794 si
1618 2738 1759 2795 forte
1790 2738 1952 2795 laeda-
2051 2743 2280 2799 materia
2318 2756 2545 2800 vacans,
2598 2747 2659 2793 ut
2705 2736 2924 2791 ratione
2978 2745 3162 2799 utens,
3211 2741 3267 2788 et
3311 2731 3636 2788 substantiae

374 2844 462 2888 tur
481 2832 666 2902 aliquo
685 2830 849 2886 modo
868 2832 952 2886 vis
985 2832 1222 2895 cerebri,
1250 2832 1359 2886 ictu
1385 2831 1476 2888 teli
1499 2840 1591 2886 aut
1618 2830 1782 2902 gladii
1808 2847 1954 2886 more
2050 2836 2198 2892 socia
2221 2849 2333 2889 non
2361 2840 2487 2903 eget
2512 2831 2712 2885 horum
2756 2829 2942 2897 aliquo
2968 2838 3312 2896 quaecunque
3340 2829 3633 2892 corporata

379 2924 550 2985 tifero,
578 2923 693 2978 haec
725 2922 831 2977 tria
858 2938 887 2976 a
908 2937 995 2978 me
1022 2922 1171 2978 dicta
1206 2922 1367 2977 simul
1399 2922 1643 2987 amittit;
1673 2922 1847 2977 otiosa
1867 2929 1953 2978 est
2051 2939 2215 2985 sum;
2254 2940 2368 2981 non
2397 2923 2631 2980 cerebro
2661 2918 2733 2976 ad
2782 2918 3128 2984 memoriam,
3172 2931 3281 2970 non
3332 2913 3519 2977 corde,
3572 2920 3634 2967 et

370 3019 520 3074 enim
557 3017 843 3081 memoria,
881 3025 937 3071 et
967 3017 1257 3086 phantasia
1294 3026 1430 3081 tota,
1483 3017 1658 3071 otiosa
1693 3018 1820 3070 item
1855 3028 1950 3071 co-
2050 3018 2378 3075 visceribus.
2417 3011 2863 3071 Praestantiorem
2917 3024 3050 3064 vero
3083 3015 3367 3078 aspectum
3423 3019 3625 3061 causa-

367 3107 583 3181 gitatio,
607 3106 926 3177 prudentia,
951 3107 1212 3177 cognitio,
1250 3107 1416 3170 actio,
1451 3105 1645 3171 motio,
1677 3114 1732 3160 et
1756 3121 1953 3175 opera-
2050 3115 2239 3187 quitur
2271 3127 2430 3169 mens
2476 3112 2619 3182 (qua;
2677 3125 2800 3165 cum
2865 3106 3050 3161 anima
3104 3112 3233 3160 nata
3286 3109 3343 3158 et
3398 3115 3524 3156 cum
3567 3114 3634 3156 ea

368 3201 468 3257 εἷο·
515 3200 657 3255 Νυῐη
710 3199 878 3270 igitur
919 3199 1170 3255 dicemus
1224 3199 1489 3264 inﬁmam.
1525 3215 1651 3253 cum
1694 3199 1949 3268 θιρεάῖίδ
1977 3232 2019 3288 c
2053 3226 2225 3267 unum
2255 3220 2311 3265 et
2332 3208 2581 3263 divinum
2611 3204 2718 3277 est)
2751 3201 3028 3261 sermonis
3055 3206 3241 3256 autem
3266 3196 3474 3253 vocalis
3499 3204 3630 3251 tunc

368 3306 609 3361 corpore
640 3290 706 3345 ad
733 3290 1039 3352 Christum,
1084 3290 1346 3345 Ecclesiae
1380 3298 1567 3360 caput,
1597 3299 1659 3344 ut
1682 3291 1947 3361 scriptum
2052 3305 2239 3361 “unus
2270 3302 2380 3358 ει-ίι
2408 3303 2591 3357 usust,

367 3391 456 3441 est
492 3382 559 3447 ιο,
609 3381 907 3438 excesserit
968 3382 1130 3436 talem
1196 3382 1586 3438 excessuram?
1650 3382 1950 3437 Recordari

2123 3396 2221 3453 Ast
2249 3394 2551 3460 interioris,
2581 3391 2675 3463 qui
2705 3391 2762 3445 in
2819 3389 3019 3446 aﬂ'ectu
3070 3398 3128 3443 et
3175 3393 3327 3443 motu
3381 3381 3634 3439 rationali

370 3487 491 3531 “1m
522 3476 731 3546 Ροιοτῖι
754 3484 1013 3531 notorum
1060 3485 1118 3532 ει
1146 3485 1526 3546 οοεηίιιοτιιιην
1554 3485 1611 3530 ει
1643 3476 1950 3530 amicorum
2052 3496 2160 3551 est,
2197 3497 2261 3544 ut
2289 3495 2505 3559 partus,
2533 3492 2590 3541 et
2614 3483 2790 3550 notio,
2833 3490 2890 3539 et
2908 3481 3191 3537 munimen
3224 3475 3478 3538 rationis,
3516 3474 3636 3530 sive

368 3577 432 3625 et
462 3567 694 3622 fratrum
725 3581 977 3633 suorum,
1017 3576 1073 3622 et
1096 3566 1424 3633 liberorum,
1453 3575 1509 3622 et
1542 3576 1858 3637 parentum,
1889 3583 1953 3622 ac

2053 3578 2251 3634 animae
2296 3585 2354 3633 et
2388 3575 2590 3632 mentis
2637 3573 2813 3630 divini
2858 3570 3355 3642 aspectus,-hnjus,
3389 3569 3634 3637 inquam,

369 3674 476 3731 pro
531 3658 598 3713 iis
643 3658 972 3729 simpliciter
1028 3673 1187 3713 orare
1230 3659 1547 3725 Dominum,
1598 3661 1741 3714 sicut
1795 3659 1952 3714 tertia
2059 3687 2198 3726 usus
2224 3670 2354 3726 erit,
2384 3669 2506 3724 Non
2533 3675 2620 3724 est
2653 3674 2839 3724 autem
2870 3665 3018 3720 aliud
3055 3664 3125 3718 ab
3177 3662 3308 3723 alio.
3363 3658 3462 3716 sed
3493 3657 3639 3713 idem

369 3750 751 3821 disputatione
779 3748 1250 3814 confirmavimus,
1285 3748 1450 3819 idque
1490 3764 1592 3804 nec
1636 3748 1951 3816 cerebrum,

2055 3772 2277 3828 natura,
2339 3759 2601 3830 supernis
2638 3766 2697 3814 et
2740 3773 2773 3811 a
2820 3754 2935 3812 Deo
2987 3752 3207 3809 donatis
3245 3747 3640 3820 splendoribus

370 3859 479 3899 nec
502 3858 621 3902 (εον.
663 3856 768 3896 nec
797 3840 949 3897 ³ηυά
980 3841 1294 3897 membrum
1328 3842 1578 3912 εοτροτίε
1627 3841 1860 3907 habens»
1899 3841 1953 3896 Ῐη
2055 3854 2385 3914 excitatum.
2423 3851 2564 3906 citra
2596 3864 2812 3911 vocem,
2844 3854 2902 3902 et
2928 3859 3214 3902 sermones
3234 3843 3330 3913 qui
3384 3839 3641 3897 sentiun-

369 3935 580 4004 quibus
611 3949 786 3998 mens,
812 3942 873 3988 ut
900 3936 955 3988 in
980 3934 1209 3990 sedibus
1226 3934 1341 3989 suis
1390 3948 1633 3996 manere,
1657 3941 1713 3986 et
1735 3934 1957 4004 requie-
2058 3955 2167 4001 ιιιιι,
2200 3943 2394 3999 sermo
2441 3951 2627 3998 autem
2685 3940 2788 3996 iste
2818 3946 3007 3994 noster
3039 3951 3139 4006 per
3166 3932 3633 3994 enuntiationem.

371 4040 536 4082 scere
577 4025 856 4091 creditur,
894 4041 996 4081 nec
1050 4042 1325 4115 organum‘
1363 4025 1588 4095 aliquod
1618 4025 1791 4087 vocis,
1847 4040 1956 4079 non

2056 4053 2163 4094 nec
2198 4035 2361 4091 aliter
2408 4032 2715 4104 profertur,
2754 4039 2817 4086 ut
2865 4045 2896 4085 a
2927 4024 3424 4084 circumslantibus
3453 4020 3641 4093 perci-

370 4118 641 4189 lingnam.
681 4134 790 4174 non
835 4117 988 4175 labra
1020 4116 1283 4186 denique
1350 4130 1369 4143 ’
2058 4127 2265 4199 piatur.
2314 4124 2641 4194 Paradigma
2688 4137 2824 4177 vero
2898 4121 3054 4191 prius
3106 4118 3175 4174 de
3236 4116 3475 4180 cithara,
3528 4127 3640 4169 non

446 4211 639 4264 ANIMA.
698 4208 956 4265 Exoritur
1022 4208 1159 4262 mihi
1230 4209 1545 4279 scrupulus.
1608 4208 1731 4277 Quo
1796 4217 1958 4279 pacto

2060 4235 2462 4293 usquequaque
2496 4234 2624 4274 cum
2676 4217 2883 4282 anima,
2937 4230 3046 4285 qua
3100 4212 3372 4268 rationem
3422 4207 3639 4265 obtinet

372 4302 562 4358 dixisti
599 4310 748 4365 ante,
778 4301 1104 4359 memoriam
1139 4310 1274 4357 tunc
1303 4303 1609 4357 amicorum
1640 4301 1790 4357 nulla
1823 4301 1962 4357 obli-
2059 4314 2335 4385 οοηειιυῑι,
2363 4311 2561 4367 Anima
2588 4310 2736 4365 enim
2798 4309 3046 4380 seiuncta
3093 4312 3181 4361 est
3208 4319 3239 4359 a
3266 4299 3499 4358 materia
3532 4311 3642 4369 qua

370 4394 540 4451 vionc
564 4395 801 4450 deletam
838 4393 929 4461 iri,
958 4402 1014 4450 et
1047 4405 1230 4451 tamen
1271 4409 1392 4449 eam
1423 4392 1562 4447 citra
1592 4408 1795 4464 corpus
1818 4394 1956 4448 nihil
2060 4404 2273 4459 cithara
2296 4411 2540 4461 constat,
2572 4402 2971 4470 Incorporeum
3008 4411 3176 4467 porro
3214 4403 3273 4451 et
3311 4404 3641 4462 corporeum

371 4485 585 4558 P0533?
2063 4498 2207 4552 inter
2229 4512 2289 4552 se
2315 4494 2541 4551 diversa
2579 4500 2731 4553 sunt,
2766 4500 2824 4547 et
2848 4488 3083 4545 nimium
3113 4493 3380 4557 quantum
3408 4482 3643 4537 alterum

448 4577 611 4634 Cano.
646 4578 715 4633 Et
742 4577 850 4633 hoc
894 4576 1148 4648 exemplo
1182 4576 1420 4648 quodam
1447 4575 1603 4633 brevi
1633 4574 1950 4632 declarabo.
1987 4578 2031 4634 υ

2060 4590 2129 4644 ab
2154 4588 2330 4643 altero
2372 4585 2563 4651 distat,
2591 4592 2648 4640 et
2674 4590 2974 4652 utrumque
3016 4574 3486 4647 comparationem
3519 4584 3646 4640 pro-

371 4670 555 4726 Etiam
590 4671 795 4740 psaltes
846 4669 1191 4726 citharoedus
1220 4678 1341 4725 arte
1391 4669 1604 4725 musica
1651 4678 1959 4739 temperare
2061 4680 2237 4751 priam
2269 4693 2334 4732 εχ
2369 4677 2589 4737 eodem,
2624 4682 2681 4729 et
2722 4671 2788 4727 ad
2821 4671 2988 4731 idem,
3028 4664 3332 4722 secundum
3384 4668 3639 4716 naturam

370 4763 552 4819 melos
577 4763 716 4818 citra
745 4761 1177 4817 instrumentum
1202 4777 1313 4816 non
1363 4769 1565 4831 potest,
1603 4775 1707 4816 nec
1731 4760 1958 4825 tibicen,

2061 4749 2316 4829 sortitur.
2373 4768 2511 4823 Cum
2565 4781 2731 4822 sensu
2772 4763 2921 4817 enim
2972 4775 3187 4819 sensus,
3237 4765 3295 4810 et
3343 4749 3644 4808 intellectio

374 4854 425 4909 si
460 4854 626 4915 tibias
660 4853 864 4909 fractas
906 4852 1186 4907 habuerit.
1216 4851 1430 4922 Corpus
1478 4867 1600 4907 esse
1641 4860 1772 4923 puta
1804 4868 1960 4924 orsa.
2061 4878 2187 4920 cum
2222 4859 2619 4920 intellectione,
2652 4861 2713 4908 ut
2742 4852 2922 4908 simile
2952 4864 3078 4905 cum
3131 4844 3297 4902 simili
3349 4854 3644 4911 compara-

374 4962 534 5008 num.
571 4963 671 5002 seu
707 4946 1160 5011 instrumentum,
1186 4943 1456 4999 artificem
1490 4944 1663 5015 ipsam
1695 4944 1957 4999 animam.

2064 4965 2174 5011 tur.
2204 4952 2282 5006 Ne
2312 4958 2475 5021 putes
2518 4954 2701 5002 autem
2748 4944 2983 5013 spiritus
3027 4937 3259 5011 perinde
3305 4933 3468 4999 atlici,
3516 4948 3641 4988 cunt

450 5040 644 5094 ANIIIA-
680 5038 759 5094 Ne
808 5037 1111 5101 ειιηθιθτῖε,
1147 5051 1284 5092 neve
1330 5035 1517 5091 tardes
1550 5036 1957 5091 dilbilalionem
2065 5045 2204 5101 hinc
2232 5040 2526 5104 evolarint,
2574 5047 2635 5093 nt
2664 5037 2754 5091 hic
2774 5033 3177 5089 aﬂieiebantur.
3211 5027 3335 5084 Alio
3383 5024 3548 5080 modo
3582 5037 3642 5078 se

378 5132 618 5188 solvure'
2060 5136 2230 5193 habet
2265 5135 2476 5204 utique.
2531 5132 2648 5186 Illic
2689 5129 2837 5185 enim
2886 5125 3092 5180 divinis
3152 5119 3462 5193 fulgoribus
3498 5115 3647 5197 illu-

448 5226 615 5281 ϋηο.
675 5227 920 5296 Apparet
980 5234 1033 5281 te
1085 5223 1243 5279 valde
1287 5221 1617 5278 obliviosam
1648 5232 1707 5278 et
1760 5224 1961 5278 imme-

2062 5234 2330 5289 strantur,
2356 5231 2414 5278 et
2449 5238 2479 5276 a
2502 5222 2665 5283 Patre
2686 5218 2957 5273 luminum
2985 5211 3293 5269 luminibus
3338 5206 3643 5277 replentur,

382 5332 591 5373 morem
628 5332 752 5373 esse
789 5333 987 5374 eorum
1041 5333 1164 5387 quae
1224 5318 1390 5373 tertia
1423 5317 1802 5387 disputatione
1843 5316 1962 5371 dis-
2071 5326 2241 5390 prout
2293 5318 2531 5387 quisque
2587 5314 2652 5369 ad
2686 5311 2977 5367 fruendum
3024 5308 3207 5362 lumen
3257 5310 3344 5358 est
3390 5299 3643 5356 idoneus.

362 5411 529 5485 serui
576 5420 633 5466 et
652 5410 973 5466 memoravi.
997 5410 1150 5468 Mens
1167 5410 1313 5466 cnim
1339 5409 1591 5482 quamvis
1620 5408 1964 5481 penitissime
2066 5408 2224 5465 Sicut
2267 5405 2415 5461 enim
2471 5404 2617 5474 ignis
2659 5404 2867 5457 ferrum
2913 5405 3190 5470 penetrat,
3229 5403 3285 5449 et
3332 5401 3645 5461 quanquam

457 5527 502 5562 ¹⁰
525 5527 728 5599 Ephes.
752 5543 793 5594 ι,
826 5528 918 5583 22.
2004 5592 2009 5595 _

3646 5524 3674 5541 ς

1712 5638 1717 5643 ·
1874 5618 2152 5691 Schoﬁa.

456 5726 470 5745 ‘
492 5722 747 5779 Basilius.
779 5721 928 5781 Visus
956 5723 1191 5790 corporis
1219 5730 1297 5775 est
1341 5721 1406 5777 ab
1439 5721 1616 5789 oculo,
1650 5723 1789 5776 visus
1845 5726 1965 5776 ani—
2072 5731 2121 5776 et
2147 5722 2353 5775 anima.
2386 5716 2481 5772 Est
2499 5714 2762 5785 siquidem
2804 5707 3070 5767 naturalis
3124 5693 3645 5823 quredamifncullas

456 5810 485 5823 η
506 5811 535 5823 ..
567 5802 740 5823 ...λκιο
769 5793 864 5823 “'1..-
890 5792 1137 5823 :........;:...
1178 5790 1417 5823 ..εληιεροο
1440 5810 1452 5821 .
1498 5808 1601 5823 κη..
1648 5792 1725 5823 ειη
1759 5800 1932 5823 om..-“
2071 5794 2241 5823 ........'.
2278 5790 2468 5823 ..ηεηυη
2493 5783 2779 5823 mannuli:
2826 5792 2874 5823 οι
2904 5796 3007 5823 mm
3029 5775 3336 5823 aduentura.
3421 5763 3645 5820 loculus

380 5810 536 5849 mea
567 5763 740 5847 :nente
765 5778 864 5845 sibi
890 5763 1137 5862 ingenitae
1178 5790 1452 5855 videlicet;
1498 5763 1616 5846 non,
1648 5792 1725 5846 ita
1757 5800 1955 5853 tamen,
2071 5794 2241 5861 partis
2275 5790 2468 5862 animm
2493 5763 2803 5845 rationalis,
2826 5792 2874 5835 et
2897 5796 3007 5862 non
3029 5763 3647 5862 adveniunt;E13253?

380 5845 707 5923 uicturum
743 5845 973 5917 nitet-iu;
990 5845 1199 5917 natur-te
1232 5864 1331 5916 sit:
1357 5845 1448 5917 sed
1505 5863 1645 5916 idem
1690 5845 1767 5917 est
1810 5845 1955 5917 mens
2068 5845 2483 5931 quidemanimw
2510 5867 2586 5913 est
2606 5870 2771 5921 mens,
2791 5849 2969 5906 oculus
2990 5857 3168 5903 autem
3186 5845 3380 5897 mentis
3398 5845 3644 5908 cognitio.
