4036 6432
424 455 532 519 863

1658 448 1999 508 PiIlLlPl’l
2042 445 2437 507 SOLlTARIl

3580 437 3689 505 £66

427 565 685 630 densum,
717 572 897 619 tamen
944 559 1100 616 facile
1127 566 1406 627 penetrat,
1456 563 1823 624 naturamque
1871 554 2003 609 ferri
2036 556 2083 613 Α
2111 555 2399 623 Spiritibus
2456 563 2511 609 et
2562 552 2852 608 animabus
2909 550 3332 622 concipe:has,
3374 564 3499 605 cum
3554 548 3688 607 hinc

428 656 677 726 iguitam,
707 662 762 709 et
797 653 976 723 ignem
1008 650 1176 707 efﬁcit
1199 666 1212 702 :
1239 648 1387 720 quod
1415 664 1539 704 cum
1565 648 2002 719 alioquinigrum

429 748 524 810 sit,
558 746 823 810 rubescit,
875 754 931 801 et
967 745 1269 800 obscurum
1300 742 1491 813 fulget,
1523 749 1579 796 et
1608 740 1868 811 frigidum
1913 756 2007 796 ca-

425 839 584 892 lescit
626 846 683 892 ct
739 836 1075 895 incenditur.
1105 844 1163 890 et
1215 835 1360 889 urit?
1395 832 1540 904 quod
1566 832 1712 909 tangi
1764 842 2000 902 poterat,

427 938 652 1000 propter
681 939 1001 999 susceptum
1053 928 1234 998 ignem
1271 927 1344 981 sit
1384 924 1765 990 intractabile;
1815 923 1887 980 ita
1945 936 2001 979 tu

425 1023 492 1077 de
525 1022 727 1084 anima.
763 1020 820 1076 et
855 1023 923 1077 de
960 1022 1080 1093 ejus
1111 1019 1404 1091 splendore
1427 1017 1586 1072 velim
1634 1019 1997 1081 ratiocincris,

427 1131 457 1168 a
483 1130 594 1183 quo
634 1129 700 1167 ex
735 1113 1051 1167 Divinitatis
1087 1111 1549 1181 contemplatione
1591 1109 1867 1173 clarescit,
1906 1126 2000 1179 po-

427 1212 642 1273 testque
672 1202 1027 1258 intellectuali
1055 1201 1219 1256 modo
1250 1201 1457 1264 videre,
1500 1200 1675 1270 loqui,
1704 1211 1761 1257 et
1787 1200 2000 1267 audire,

429 1305 484 1350 et
504 1296 710 1350 sentire
750 1296 958 1359 lumen,
990 1304 1190 1350 etcum
1221 1293 1439 1364 angelis
1464 1294 1743 1349 exsultare
1779 1294 1998 1364 gaudio,

426 1395 483 1442 et
510 1385 702 1442 eadem
723 1402 845 1442 cum
874 1386 983 1441 illis
1014 1385 1480 1455 contemplatione
1507 1384 1739 1456 perfrui,
1778 1393 1837 1439 et
1873 1400 2004 1439 con-

430 1478 753 1544 tubernaiis,
784 1487 839 1534 ct
867 1477 1234 1533 cohabitatrix
1260 1477 1538 1548 justorum
1563 1474 1864 1545 appellari:
1891 1490 2002 1530 non

430 1579 609 1623 tamen
643 1569 945 1624 secundum
987 1584 1209 1625 sensum
1242 1567 1511 1639 corporis,
1547 1567 1644 1622 sed
1692 1566 2004 1637 intelligen-

427 1660 555 1715 tiam
577 1660 773 1716 solam.
805 1660 948 1716 Sunt
970 1660 1119 1715 enim
1169 1659 1287 1716 iure
1319 1659 1593 1731 ejusmodi
1641 1666 1839 1714 natura
1881 1674 2001 1725 sua,

428 1757 489 1807 ut
558 1761 770 1806 tantum
826 1752 1134 1822 intelligant
1188 1760 1246 1807 et
1314 1751 1709 1823 intelligantur,
1765 1760 1822 1829 et
1880 1751 2003 1808 illos

426 1840 676 1911 quinque
715 1834 966 1911 corporis
996 1856 1193 1897 sensus
1227 1855 1420 1897 omnes
1475 1841 1759 1913 effugiant.
1820 1841 2002 1898 Mente

2108 647 2518 717 emigraverint,
2562 661 2759 701 sensus
2806 659 3089 700 assumere
3124 643 3193 697 ad
3224 642 3587 713 loquendum,
3628 656 3687 699 et

2107 738 2425 803 vivendum,
2447 747 2503 793 et
2529 747 2760 795 cancros
2810 751 3020 791 omnes.
3048 733 3159 789 Sed
3195 749 3477 789 assumere
3521 736 3678 788 ratio-

2107 846 2174 885 ne
2210 830 2447 899 quadam
2481 846 2589 884 non
2627 843 2914 899 corporea,
2936 826 3066 882 dum
3102 834 3299 881 natura
3326 842 3447 896 quia
3479 836 3565 881 est
3592 842 3687 880 su-

2105 939 2202 994 pra
2240 934 2494 977 naturam
2551 932 2817 993 operatur
2868 920 2924 975 in
2981 918 3240 975 omnibus
3286 925 3344 971 et
3376 920 3447 972 sit
3503 922 3683 974 omnia

2104 1016 2364 1071 omnibus
2417 1005 2584 1085 supra
2631 1028 2795 1085 quam
2867 1011 3261 1081 comprehendi
3317 1020 3517 1080 potest.
3566 1011 3682 1065 Non

2102 1109 2249 1163 enim
2284 1107 2531 1162 divinum
2568 1121 2772 1161 numen
2810 1116 2936 1176 eget
2985 1119 3103 1167 ore,
3148 1119 3256 1156 non
3287 1118 3538 1173 corpore,
3569 1120 3678 1156 non

2104 1201 2314 1271 lingua.
2348 1215 2458 1255 non
2489 1197 2675 1269 aliquo
2705 1198 2814 1253 alio
2848 1196 2916 1252 ad
2949 1195 3473 1251 communicandum
3519 1194 3686 1265 spiri-

2105 1292 2274 1355 tibus,
2313 1300 2370 1346 et
2392 1292 2590 1346 animm
2620 1289 2871 1354 cuilibet,
2903 1303 3026 1359 qua:
3065 1286 3326 1341 voluerit.
3348 1286 3454 1340 Sed
3492 1302 3686 1356 quem-

2104 1380 2401 1436 admodum
2422 1379 2721 1435 virtutibus
2753 1377 3257 1441 administratoriis,
3278 1377 3355 1430 ita
3384 1376 3472 1431 his
3493 1377 3685 1432 eadem

2103 1474 2352 1543 largitur.
2382 1471 2667 1528 Sententia
2689 1474 2837 1528 enim
2871 1486 2997 1527 cum
3036 1469 3406 1527 sentientibus
3427 1479 3478 1523 et
3506 1470 3641 1523 intt-l
3670 1501 3684 1509 ο

2102 1564 2323 1635 ligentia
2376 1579 2504 1619 cum
2559 1562 3012 1633 intelligentibus,
3071 1568 3135 1614 ut
3162 1558 3364 1613 similia
3384 1559 3691 1614 cumsimi-

2102 1656 2249 1710 libus
2280 1654 2532 1711 conferre
2556 1654 2769 1726 justum
2800 1662 2905 1709 est.
2945 1650 3310 1723 lntelligcntia
3345 1660 3527 1705 autem
3559 1667 3685 1705 cum

2106 1748 2479 1805 sentientibus
2508 1764 2540 1804 e
2586 1746 2809 1804 diverso
2868 1760 3189 1817 comparare
3240 1743 3414 1809 nefas,
3465 1754 3691 1815 propter

2105 1849 2428 1894 naturarum
2463 1838 2757 1893 discrimen
2804 1837 3018 1893 scilicet
3045 1853 3060 1889 :
3086 1833 3182 1890 sed
3213 1834 3538 1903 incorporea
3561 1849 3687 1887 cum

425 1933 543 1989 sola
566 1933 760 1997 utitur,
787 1949 850 1989 ea
886 1933 1058 1996 videt,
1089 1943 1145 1987 et
1173 1933 1457 2003 prmvidet,
1486 1933 1611 1988 visu
1656 1933 1997 1997 acutissimo,
2034 1904 2077 1960 Β
2105 1929 2467 2000 incorporeis,
2492 1937 2549 1983 et
2594 1943 2828 1999 corpora
2876 1926 3118 1982 vicissim
3182 1941 3308 1980 cum
3365 1924 3691 1994 corporibus

426 2023 747 2095 angelorum
789 2024 1033 2095 proprio,
1070 2025 1398 2096 divinasque
1439 2035 1497 2081 et
1520 2043 1806 2097 nunquam
1851 2026 2018 2103 visas‘
2102 2038 2434 2094 componere
2464 2029 2682 2092 oportet
2702 2024 2764 2077 “.
3419 2017 3428 2027 ’

426 2114 873 2184 pulchritudines
925 2116 1348 2186 contemplatur.
1405 2117 1562 2184 Quod
1617 2118 1661 2174 si
1704 2134 1827 2189 quae
1876 2119 2001 2174 dico

406 2204 526 2260 tibi
556 2206 832 2276 paradoxa
885 2207 1170 2274 videntur,
1226 2208 1295 2264 ad
1350 2207 1512 2265 fidem
1567 2210 2001 2266 conﬁrmandam

428 2298 745 2370 paradigma
778 2298 1050 2354 adhibebo
1071 2303 1110 2353 ⁸.

493 2390 549 2444 Si
581 2400 744 2446 noctu
782 2407 881 2461 per
906 2394 1147 2461 quietem
1180 2392 1400 2448 videres
1448 2393 1709 2465 juvenem
1764 2394 2002 2464 aliquem

419 2489 631 2536 statura
676 2479 873 2535 eximia
921 2480 1207 2551 formaque
1247 2482 1710 2551 pulcherrimum,
1743 2492 1861 2538 arte
1914 2484 2000 2537 in-

418 2572 807 2642 superabilem,
849 2587 1017 2643 opere
1070 2572 1481 2637 inimitabilem,
1512 2573 1697 2643 specie
1760 2576 2001 2632 maxime

420 2663 731 2727 invidenda,
786 2663 978 2734 procul
1010 2681 1040 2718 a
1072 2664 1247 2734 patria
1301 2678 1422 2730 sua,
1452 2664 1693 2719 cateruis
1742 2665 2004 2722 internis-

420 2770 528 2824 que
578 2754 922 2811 claritatibus
973 2753 1359 2825 conspicuum,
1404 2754 1714 2810 incredibili
1749 2756 2007 2812 candoris

422 2845 603 2900 nitore
660 2857 939 2911 ornatum,
991 2846 1342 2916 capillorum,
1398 2861 1534 2901 auro
1583 2846 1753 2917 magis
1787 2846 2004 2901 radian-

422 2933 559 2987 tium
591 2935 853 2990 varietate
891 2935 1233 3002 distinctum,
1264 2936 1508 3006 undique
1539 2936 2004 2993 circumfusarum

418 3025 690 3081 luminum
734 3025 970 3081 ﬂammis
1003 3036 1424 3095 coruscantem;
1456 3027 1681 3098 plausus
1713 3038 1768 3085 et
1806 3031 2005 3086 carmi-

418 3132 490 3172 na
523 3134 553 3172 a
588 3118 972 3173 ministrorum
1006 3118 1183 3174 turbis
1214 3119 1505 3185 ferentem,
1527 3129 1584 3174 et
1629 3121 2002 3176 ministerium

2176 2120 2309 2187 Quae
2339 2128 2525 2174 autem
2562 2116 2783 2188 superis
2813 2130 2877 2171 ac
2907 2115 3229 2174 caelestibus
3261 2133 3387 2173 cum
3427 2116 3512 2171 his
3564 2115 3688 2170 inii-

2103 2212 2209 2268 mis
2271 2211 2618 2280 terrenisque
2681 2210 3046 2279 comparatio,
3099 2218 3193 2264 aut
3256 2208 3687 2265 convenientia?

2105 2313 2201 2360 aut
2227 2320 2350 2375 quae
2384 2300 2701 2357 communio
2728 2301 2898 2355 menti
2935 2314 3062 2354 cum
3105 2301 3193 2355 his
3217 2315 3341 2371 quae
3394 2310 3687 2370 apparent.

2108 2405 2205 2451 aut
2235 2395 2452 2465 corpori
2494 2409 2619 2449 cum
2665 2392 2752 2447 his
2802 2407 2925 2462 qum
2956 2407 3159 2462 corpus
3191 2407 3299 2446 non
3335 2395 3500 2447 sunt?
3528 2391 3687 2459 Quod

2103 2490 2150 2547 si
2185 2489 2308 2560 quis
2338 2496 2451 2543 tota
2480 2502 2605 2542 cum
2635 2485 2765 2541 totis
2819 2485 3138 2550 contulerit,
3178 2500 3286 2538 non
3314 2486 3425 2556 jam
3465 2484 3683 2554 paradi—

2104 2598 2248 2654 gma.
2279 2580 2373 2636 sed
2405 2588 2500 2634 aut
2537 2578 2613 2634 ita
2647 2579 2849 2642 dicam,
2878 2577 3134 2633 identitas
3172 2579 3298 2632 crit.
3327 2577 3464 2633 Cum
3499 2577 3688 2646 itaque

2106 2676 2161 2729 in
2212 2673 2440 2728 materia
2489 2671 2810 2726 vacantibus
2860 2670 3329 2739 con'tparationcm
3371 2686 3479 2724 non
3531 2671 3685 2725 iuve-

2105 2766 2276 2830 niam,
2306 2764 2693 2834 paradigmatis
2740 2762 3115 2817 matcrialibus
3167 2763 3479 2818 necessario
3539 2770 3686 2817 utor.

2104 2857 2284 2923 Quare
2315 2871 2383 2911 ne
2412 2853 2778 2925 reprehende,
2803 2868 2872 2907 ne
2904 2852 3227 2924 indigneris,
3270 2866 3490 2907 causam
3538 2852 3687 2905 enim

2106 2947 2430 3019 ignorantiae
2469 2960 2602 3000 meze
2637 2945 2791 3015 prius
2825 2943 3129 2999 enuntiavi.
3178 2942 3330 2998 biens
3358 2942 3693 2997 intrinsecus

2106 3054 2228 3109 qua:
2256 3038 2532 3108 concepit,
2555 3051 2651 3092 seu
2676 3036 2912 3106 cogitata
2942 3050 3039 3091 sua
3071 3034 3280 3105 profert
3311 3032 3455 3105 apud
3492 3048 3573 3099 se,
3607 3033 3661 3088 id

2107 3148 2215 3202 que
2251 3146 2486 3200 semper,
2525 3144 2627 3185 nec
2662 3131 2937 3199 patiatur;
2963 3144 3083 3199 qua}
3130 3127 3354 3197 quidctn
3413 3126 3563 3182 foras
3617 3126 3688 3181 ad

418 3211 1050 3280 perpetuumdougequc
1078 3210 1563 3281 iucundissimum-
1591 3212 1839 3266 Ιηοίάίειὶ
1877 3221 1991 3267 lum
2028 3235 2072 3298 ρ
2105 3224 2243 3279 alios
2271 3223 2546 3294 depromi,
2576 3231 2632 3276 et
2664 3223 2731 3276 ab
2758 3222 2828 3277 iis
2855 3221 3114 3292 cognosci
3160 3237 3269 3275 non
3307 3219 3692 3291 possunt.Nec

418 3316 639 3371 quoque
673 3301 727 3355 in
756 3302 995 3356 amicum
1023 3302 1179 3357 valde
1211 3303 1425 3358 clarum
1448 3318 1614 3373 quem
1642 3304 1831 3359 vidisti
1857 3321 2002 3360 nun--

421 3409 609 3463 quam,
638 3394 926 3463 quaerebas
958 3401 1141 3449 autem
1186 3395 1455 3467 reperire,
1491 3404 1550 3451 et
1594 3396 1787 3454 videre
1836 3400 2000 3454 etiam

422 3484 621 3550 oculis,
646 3487 789 3540 sicut
822 3485 1250 3555 cogitationibus
1277 3486 1489 3543 vidisti.
1517 3488 1815 3545 Absentem
1855 3492 1999 3546 enim

419 3591 490 3632 ex
514 3574 656 3631 fama
682 3585 895 3632 tantum
915 3576 1206 3646 dilexeras,
1226 3586 1286 3633 ut
1304 3579 1540 3635 amicum
1568 3581 1730 3637 laude
1752 3582 1999 3653 dignum,

419 3675 479 3720 et
514 3666 569 3720 in
602 3682 835 3723 numero
862 3669 1273 3739 ponendum.Si
1313 3670 1416 3726 tibi
1463 3673 1761 3743 contigerit
1799 3675 1914 3730 haec
1948 3675 1999 3731 in

421 3758 633 3815 somnis
657 3758 864 3826 videre,
890 3776 959 3816 an
998 3771 1154 3832 potes
1193 3763 1402 3830 dicere,
1448 3767 1728 3835 quomodo
1770 3773 1884 3821 tum
1934 3769 2000 3824 ad

421 3850 605 3906 locum
636 3853 956 3918 accesseris,
984 3863 1039 3910 et
1073 3855 1354 3924 quomodo
1381 3856 1438 3910 in
1475 3857 1681 3911 lectulo
1709 3860 1918 3929 jaccns,
1946 3871 2003 3916 et

421 3958 671 4010 manens,
710 3953 767 4001 et
799 3944 1103 4015 dormiens,
1147 3954 1205 4002 et
1254 3947 1472 4002 interno
1526 3958 1677 4004 motu
1731 3950 2000 4006 immobili

420 4046 730 4094 commotus
764 4038 831 4093 ad
876 4054 968 4094 res
1002 4040 1145 4104 illas,
1167 4049 1227 4094 ut
1259 4040 1517 4110 putabas,
1550 4042 1773 4106 adieris,
1799 4042 2002 4112 quibus

421 4128 640 4183 tandem
675 4128 933 4200 pedibus,
961 4146 1068 4201 qua
1116 4146 1284 4187 carne
1342 4140 1515 4187 totum
1556 4148 1780 4189 cursum
1806 4148 2001 4205 repen-

417 4226 477 4274 te
506 4219 872 4291 celeriterque
912 4221 1241 4293 peregeris?
1281 4220 1496 4290 Quibus
1537 4223 1717 4279 oculis
1768 4224 2002 4281 intuitus

418 4309 498 4364 sis
527 4310 745 4377 faciem,
769 4312 970 4383 quibus
995 4315 1223 4370 auribus
1257 4315 1520 4384 audieris,
1547 4331 1669 4386 quin
1694 4326 1749 4372 te
1778 4318 2002 4374 audisse

420 4403 621 4471 putas?
647 4405 851 4473 quibus
879 4421 1045 4477 porro
1078 4407 1244 4463 labiis
1276 4408 1517 4463 amicam
1546 4410 1867 4466 osculatus?
1890 4426 2001 4482 quo

417 4507 540 4557 ore,
563 4510 669 4565 qua
707 4496 890 4568 lingua
918 4515 1045 4554 eum
1074 4500 1387 4556 allocutus?
1420 4500 1559 4557 Vere
1589 4501 1728 4557 mihi
1764 4516 2000 4574 respon-

2108 3316 2256 3389 enim
2294 3324 2476 3386 potest
2508 3315 2673 3369 etiam
2709 3315 2920 3385 lingua,
2953 3324 3008 3368 ct
3044 3313 3112 3368 ad
3160 3312 3449 3368 audientes
3508 3312 3689 3366 notio-

2110 3423 2241 3461 num
2271 3413 2328 3461 et
2364 3405 2851 3477 intelligentiarum
2903 3420 3130 3462 suarum
3189 3404 3359 3460 fetum
3416 3403 3687 3475 proferre.

2109 3496 2494 3559 Verumtamen
2537 3495 2816 3565 quomodo
2850 3511 2959 3551 non
2992 3496 3184 3566 possit,
3224 3494 3410 3549 dicere
3435 3508 3542 3548 non
3596 3492 3694 3548 ba-

2108 3587 2212 3643 beo
2236 3602 2481 3657 prorsus.
2505 3587 2702 3641 Partus
2734 3586 2881 3643 enim
2912 3587 3137 3650 mentis,
3177 3585 3393 3641 tametsi
3431 3599 3689 3641 sermone

2110 3681 2221 3735 sint
2241 3680 2617 3751 explicabiles,
2641 3689 2822 3735 tamen
2868 3678 3163 3749 aliquando
3208 3693 3305 3734 eos
3351 3693 3533 3734 sermo
3592 3691 3690 3732 ex-

2108 3771 2346 3842 primere
2371 3770 2582 3839 nequit.
2612 3768 2670 3824 Si
2702 3770 2851 3823 enim
2884 3782 3073 3839 posses
3115 3767 3300 3829 edere,
3332 3777 3387 3822 et
3416 3768 3471 3821 in
3510 3766 3690 3822 lucem

2108 3861 2323 3925 eﬂ'crre,
2351 3870 2482 3915 tunc
2510 3860 2673 3915 etiam
2706 3858 2912 3913 donum
2940 3858 3283 3928 aliquantum
3322 3857 3546 3928 majoris
3596 3873 3690 3912 co-

2108 3954 2394 4025 gnitionis,
2416 3961 2471 4007 et
2500 3951 2570 4006 ab
2599 3951 2986 4005 universorum
3028 3950 3138 4005 Deo
3173 3949 3449 4006 charisma
3499 3951 3691 4019 quale-

2108 4059 2327 4115 cunque
2353 4044 2581 4098 haberet
2598 4044 2679 4097 "‘.

2180 4137 2503 4208 Paradigma
2549 4136 2714 4191 breve
2744 4134 2797 4189 in
2827 4133 2971 4189 hanc
3018 4147 3132 4188 rem
3186 4130 3503 4187 adoremus.
3545 4129 3617 4186 Ut
3644 4131 3689 4184 si

2108 4229 2232 4298 quis
2261 4228 2327 4283 ad
2367 4227 2616 4283 homines
2652 4228 2883 4282 diversae
2908 4225 3112 4296 lingua;
3168 4225 3408 4284 venerit.
3441 4230 3499 4278 et
3548 4231 3690 4277 tem-

2108 4335 2239 4390 pore
2304 4328 2572 4389 quantum
2632 4318 2900 4389 placuerit
2977 4315 3123 4388 apud
3173 4331 3270 4371 eos
3327 4320 3679 4383 consumpto,

2109 4426 2273 4467 voces
2303 4410 2525 4481 quidem
2561 4412 2709 4482 ipsas
2748 4408 3040 4481 intelligat,
3063 4424 3158 4464 eas
3208 4418 3388 4463 tamen
3423 4422 3521 4461 ore
3567 4418 3695 4475 pro-

2107 4501 2363 4557 nuntiare
2429 4511 2692 4572 nequeat,
2754 4516 2858 4556 uec
2920 4501 3033 4557 ullo
3109 4500 3273 4555 modo
3371 4498 3690 4564 dialectum,

419 4585 612 4643 dehis:
640 4588 758 4645 Non
798 4590 911 4647 vidi
946 4591 1142 4647 faciem
1191 4592 1366 4648 oculis
1397 4595 1685 4663 corporis;
1713 4593 1994 4664 quomodo
2024 4594 2071 4654 D
2097 4611 2192 4652 seu
2225 4594 2556 4665 peculiarem
2589 4595 2737 4665 genti
2767 4592 3008 4665 linguam
3059 4606 3158 4648 sua
3210 4591 3395 4663 lingua
3442 4603 3690 4646 versare.

417 4677 570 4732 enim
630 4681 958 4751 consepitus
1010 4682 1420 4739 videremised
1472 4684 1676 4739 mentis
1706 4694 1764 4740 et
1802 4685 1997 4739 anima:

419 4768 669 4837 pupillis,
710 4772 816 4826 hoc
840 4783 1051 4830 certum
1085 4784 1186 4830 est.
1219 4774 1275 4832 Si
1313 4775 1429 4831 haec
1463 4774 1600 4830 mihi
1639 4776 1996 4845 respondeas,

416 4856 475 4912 id
524 4861 684 4928 dicis,
741 4864 888 4935 quod
945 4875 1220 4922 amantem
1271 4866 1521 4922 veritatis
1585 4866 1766 4933 decet,
1791 4874 1848 4921 et
1894 4881 1998 4936 ego

418 4953 797 5011 testimonium
831 4956 930 5013 tibi
960 4956 1152 5025 feram,
1175 4966 1232 5014 et
1261 4957 1553 5014 assentiar.
1581 4956 1713 5012 Tale
1761 4956 1895 5027 quid
1927 4956 1998 5013 de

2105 4685 2235 4741 Tale
2261 4685 2429 4757 igitur
2458 4692 2516 4741 et
2544 4684 2684 4740 mihi
2718 4700 2823 4740 usu
2860 4684 3030 4740 venit.
3078 4683 3313 4739 Sensum
3355 4696 3419 4737 ac
3448 4688 3689 4736 mentem

2105 4779 2436 4848 scriptorum
2469 4776 2678 4847 eptime
2716 4775 3003 4848 percipio;
3028 4775 3125 4832 sed
3152 4792 3273 4846 quae
3309 4772 3552 4845 percepi,
3578 4785 3689 4827 non

2104 4866 2273 4922 etiam
2298 4866 2486 4937 lingua
2516 4865 2843 4937 depromere
2874 4881 3121 4936 possum.
3160 4864 3267 4921 Sed
3326 4863 3475 4919 unde
3528 4859 3695 4917 delle-

2106 4959 2308 5027 ximus,
2338 4975 2405 5015 co
2454 4974 2646 5015 rursus
2690 4958 3057 5023 redeundum,
3086 4968 3141 5013 et
3201 4955 3458 5028 probatio
3515 4953 3693 5025 major

1918 5100 2199 5164 Scholia.

486 5223 505 5242 ‘
534 5219 835 5297 Sciendum,
865 5221 1015 5277 aliud
1035 5238 1166 5297 _e_sse
1203 5225 1543 5297 paradigma,
1585 5227 1736 5281 aliud
1773 5229 2002 5297 parabo-

414 5294 553 5348 tam.
576 5291 906 5361 Paradigma
954 5292 1167 5361 quidem
1191 5291 1289 5356 est,
1311 5296 1358 5348 si
1388 5291 1561 5351 simile
1598 5297 1763 5351 simili
1774 5291 1783 5297 ’
1814 5300 1999 5362 confe-

420 5380 561 5423 rant.
591 5370 640 5416 et
668 5378 978 5432 componam
1005 5378 1022 5415 :
1049 5369 1106 5416 ut
1154 5364 1421 5418 rationale
1468 5384 1587 5420 cum
1644 5367 1919 5431 rationali,
1947 5378 1996 5421 et

418 5433 659 5503 rationis
682 5448 866 5501 expers
893 5448 1012 5485 cum
1043 5433 1266 5503 rationis
1296 5446 1527 5503 experte.
1567 5437 1853 5499 Parabola,
1881 5454 2001 5491 cum

419 5502 710 5573 iitwqttale,
733 5518 825 5555 seu
883 5501 1136 5573 dissimile
1166 5518 1282 5555 cum
1308 5501 1600 5573 dissimili,
1623 5516 1679 5560 ut
1736 5509 2000 5561 hominem

419 5570 549 5627 cuni
579 5572 748 5646 leone,
773 5580 875 5646 aut
894 5570 1103 5641 planta,
1123 5581 1238 5646 aut,
1257 5572 1363 5628 alio
1395 5577 1715 5646 Imjusmodi.

498 5646 537 5666 "
568 5642 1000 5716 Comparationes
1049 5643 1187 5695 enim
1222 5645 1276 5696 in
1323 5647 1401 5698 liis
1455 5642 1573 5716 qua:
1606 5648 1840 5715 ejusdem
1878 5656 2003 5700 sunt

420 5714 653 5786 galeris,
675 5712 912 5786 adhiberi
960 5723 1337 5786 consueverunt
1359 5730 1377 5768 :
1400 5712 1477 5769 ear
1506 5712 1763 5771 similibus
1810 5718 2002 5786 quippe

427 5781 623 5835 similia
649 5783 971 5856 discuntur.
1010 5781 1088 5836 Ne
1117 5783 1282 5856 igitur
1313 5789 1491 5839 omnia
1542 5789 1598 5839 in
1634 5781 2001 5856 paradiymale

431 5853 749 5921 respondere
772 5852 1022 5919 postules,
1052 5852 1149 5907 aut
1167 5855 1220 5911 in
1258 5865 1399 5926 typo,
1423 5867 1515 5910 aut
1548 5859 1600 5911 in
1626 5852 1875 5927 imagine.
1902 5855 2004 5912 Nec

2111 5232 2251 5282 enim
2304 5229 2416 5293 iam
2465 5229 2808 5298 paradigma,
2849 5236 2945 5281 aut
2997 5234 3172 5298 typus,
3197 5232 3292 5277 aut
3316 5225 3503 5298 imago
3536 5233 3688 5293 esset,

2106 5301 2154 5354 si
2176 5299 2390 5352 haberet
2411 5295 2593 5352 omnia
2617 5295 2874 5359 absolute,
2895 5295 3089 5367 qumin
3113 5297 3233 5365 ipsa
3264 5310 3321 5348 re
3344 5311 3463 5351 acre
3485 5295 3688 5359 insunt,

2107 5369 2198 5423 sed
2227 5370 2366 5421 idem
2398 5386 2633 5434 prorsus.

2274 5438 2617 5493 Gennadius.
2648 5437 2739 5492 Est
2757 5439 2893 5491 enim
2911 5438 3156 5506 cognitio,
3179 5451 3295 5506 qua:
3327 5451 3567 5490 sermone
3594 5451 3688 5489 ea:-

2109 5507 2300 5577 plicari
2328 5518 2494 5576 potest
2537 5509 2730 5577 absque
2777 5522 3015 5561 sermone
3046 5516 3133 5561 :ct
3169 5514 3245 5558 est
3288 5509 3516 5577 cognitio
3566 5522 3690 5560 cum

2106 5594 2366 5631 sermone.
2399 5578 2534 5632 Sunt
2571 5580 2709 5632 enim
2742 5578 2916 5638 multi,
2963 5577 3312 5647 cognitionem
3353 5577 3563 5646 quidem
3592 5577 3691 5629 Ita-

2109 5648 2305 5708 bentes,
2328 5665 2624 5702 sermonem
2661 5664 2997 5718 nequaquam
3012 5645 3036 5711 ξ
3058 5655 3112 5700 nt
3149 5645 3553 5718 _idiotrc,retqui
3582 5661 3689 5698 non

2113 5727 2330 5787 possunt
2355 5719 2657 5787 significare
2688 5716 2749 5771 ac
2779 5717 2961 5770 docere
2986 5716 3274 5786 perspicue,
3299 5731 3416 5784 qua:
3436 5717 3491 5770 in
3517 5722 3690 5781 mente

2113 5786 2324 5849 habent,
2344 5799 2391 5841 et
2410 5786 2670 5859 proferre,
2692 5786 2853 5841 donec
2892 5787 3027 5841 Deus
3058 5788 3136 5841 his
3168 5800 3462 5839 sermonem
3494 5787 3684 5852 imper-

2119 5858 2311 5910 tiverit.
