4036 6414
347 341 454 410 865

1797 342 2154 408 DIOPTRA.

3514 357 3622 428 866

347 456 602 528 ponenda
639 457 694 511 in
728 471 921 512 eorum
951 457 1316 528 gratiam,qui
1351 471 1438 511 res
1480 456 1677 510 animae
1709 471 1739 510 c
1771 457 1927 511 testi-
1960 471 2000 526 Α
2033 475 2197 528 quam
2242 462 2376 531 justi
2417 473 2547 519 sunt
2602 467 2877 537 adepturi,
2929 471 3177 540 quando,
3213 480 3270 527 ut
3312 472 3621 542 docuimus,

346 548 547 604 moniis
577 547 1018 618 Scripturarum,
1067 559 1123 604 et
1155 549 1405 604 doctrina
1465 565 1619 604 sacra
1653 551 1932 619 perdisce—

345 653 400 692 re
435 638 688 708 cupiunt.
708 638 810 694 Per
834 654 956 708 quae
977 647 1242 708 quantum
1264 638 1461 692 anima:
1485 637 1700 692 valeam
1721 638 1932 708 perSpi-

343 731 476 785 cias.
508 730 712 785 Verum
745 744 866 800 age,
895 745 1017 799 quae
1049 730 1138 784 hic
1168 729 1374 799 scripta
1409 737 1540 783 sunt
1573 728 1725 782 audi.

607 840 690 896 Ea:
717 839 919 912 Cyrillo
948 842 1258 911 patriarcha
1289 841 1674 894 Alexandrinae.

409 958 664 1012 Rationis
695 971 887 1027 capax,
913 963 970 1012 et
1004 958 1315 1028 intelligens
1340 955 1544 1020 anima,
1570 965 1692 1026 post
1719 955 1926 1010 disces-

336 1056 460 1104 sum
494 1065 563 1104 ex
595 1050 703 1104 hoc
747 1065 983 1120 corpore
1021 1060 1078 1104 et
1123 1051 1284 1112 Vivit,
1311 1057 1368 1102 ct
1400 1056 1708 1118 permanet,
1755 1058 1812 1102 et
1845 1049 1929 1100 lo-

346 1132 543 1212 quitur
578 1152 970 1212 congruenter,
993 1152 1049 1196 et
1083 1149 1345 1211 operatur
1376 1141 1654 1206 similiter,
1686 1155 1796 1194 non
1821 1139 1924 1195 sub

334 1234 593 1306 imagine,
651 1235 746 1290 sed
805 1249 933 1290 vere
987 1243 1041 1289 et
1075 1233 1534 1295 substantialiter,
1575 1248 1702 1302 erga
1750 1233 1924 1286 Deum

333 1325 546 1380 habens
607 1325 886 1388 fiduciam,
928 1340 1040 1394 quo
1084 1325 1314 1394 jubente
1377 1323 1618 1378 mittitur
1668 1322 1724 1376 in
1784 1323 1925 1378 hanc

331 1418 524 1482 vitam,
557 1425 781 1486 propter
840 1417 1073 1471 aliorum
1107 1417 1408 1470 multorum
1449 1414 1921 1469 commoditatem.

332 1506 548 1563 Etenim
577 1524 704 1563 cum
729 1525 948 1579 semper
981 1518 1287 1572 moveatur,
1319 1523 1599 1578 nunquam
1649 1523 1759 1562 non
1790 1509 1921 1578 agit.

330 1603 480 1657 Deus
530 1602 719 1671 utique
763 1617 876 1656 non
934 1611 1019 1656 est
1080 1611 1448 1667 mortuorum,
1496 1600 1594 1654 sed
1647 1601 1920 1664 vivorum,

327 1709 526 1748 omnes
579 1696 728 1749 enim
775 1694 852 1748 illi
911 1693 1127 1748 vivunt.
1159 1693 1314 1760 Quod
1359 1694 1404 1748 si
1457 1709 1569 1748 non
1621 1706 1924 1763 Operantur

327 1787 526 1842 anima:
554 1798 638 1856 tut
667 1787 854 1842 multis
883 1787 1109 1858 placet),
1135 1803 1315 1858 neque
1345 1787 1510 1842 etiam
1549 1788 1762 1841 vivunt.
1787 1786 1919 1841 Nam

334 1972 496 2025 lium.
525 1972 668 2027 Deus
708 1973 1024 2042 spirituum,
1057 1983 1113 2027 et
1146 1973 1327 2026 omnis
1353 1974 1554 2027 carnis.
1584 1973 1729 2027 Deus
1757 1972 1922 2042 spiri-

340 2074 521 2130 tuum,
544 2065 800 2121 videlicct
826 2066 1154 2120 animarum.
1182 2066 1351 2121 Aiunt
1378 2067 1560 2136 itaque
1588 2075 1700 2121 tres
1727 2065 1882 2136 pueri
1905 2083 1918 2119 :

345 2180 363 2211 ι
409 2159 742 2224 Benedicite,
792 2158 1019 2228 spiritus
1059 2169 1115 2213 et
1155 2160 1352 2213 animae
1390 2160 1688 2229 justorum,
1738 2159 1909 2212 Domi-

329 2251 546 2314 no',‘“‘.
561 2251 741 2317 sQuod
759 2251 984 2305 laudant
997 2261 1054 2306 et
1074 2250 1686 2319 bcnedicuntjustorum
1703 2252 1917 2317 animm,

327 2359 439 2398 non
471 2350 557 2397 est
583 2341 997 2408 dormientium,
1044 2355 1146 2395 nec
1184 2341 1512 2395 otiosorum.
1545 2341 1732 2412 thui
1768 2341 1918 2395 videt

327 2435 548 2487 animas
576 2441 918 2498 sanctorum,
946 2432 1161 2486 animas
1187 2441 1505 2486 sanctorum
1530 2433 1698 2486 videt.
1729 2434 1794 2486 Et
1820 2433 1914 2502 qui

325 2525 478 2579 videt
508 2523 825 2594 angelorum
859 2523 1151 2585 visionem,
1189 2524 1412 2592 angelos
1463 2522 1634 2576 videt.
1665 2521 1733 2576 Et
1777 2522 1914 2575 ordo

327 2619 382 2672 in
416 2617 666 2671 ordinem
695 2631 806 2670 non
839 2625 1220 2679 convcrtetur,
1244 2626 1438 2684 etquae
1473 2624 1786 2684 sequuntur
1809 2615 1911 2684 (a).

398 2711 592 2763 Amm.
643 2709 698 2762 Si
752 2709 920 2779 igitur
974 2707 1322 2762 verissimum
1364 2715 1467 2773 est,
1511 2715 1572 2760 ut
1608 2717 1694 2760 est
1727 2706 1910 2775 plane,

333 2805 541 2856 animas
603 2802 877 2855 bonorum
929 2801 986 2854 in
1045 2800 1244 2854 coelum
1301 2798 1559 2862 subvehi,
1617 2797 1674 2851 in
1709 2797 1914 2866 quibus

336 2895 470 2950 locis
519 2895 613 2949 Dei
650 2894 846 2958 Filius,
891 2909 1058 2964 super
1101 2893 1323 2957 throno,
1362 2891 1428 2944 ad
1482 2889 1765 2944 dexteram
1815 2886 1911 2942 Dei

331 2989 506 3044 Patris
559 2989 785 3054 residet,
815 2996 875 3042 ut
908 2988 1178 3056 scriptum
1208 2993 1292 3038 est
1322 2984 1383 3048 ⁸³,
1407 2991 1464 3037 et
1496 2979 1910 3036 ministratoriae

328 3082 564 3137 virtutes
611 3097 736 3135 cum
779 3081 975 3135 timore
1028 3079 1442 3142 circumastant,
1489 3083 1548 3128 ut
1595 3075 1709 3146 jam
1748 3082 1908 3128 antea

326 3173 574 3230 secundo
619 3172 765 3226 libro
800 3171 1059 3235 docuisti,
1090 3170 1405 3225 evehuntur
1431 3179 1640 3232 autem,
1670 3175 1730 3220 ut
1765 3181 1908 3235 prae-
1937 3175 1982 3232 (ι

325 3265 436 3319 mia
479 3278 807 3318 coronarum
849 3261 1143 3332 accipiant,
1176 3261 1400 3332 quando
1442 3260 1621 3317 ludes
1661 3259 1910 3313 omnium

323 3355 393 3410 ad
417 3355 686 3426 judicium
723 3355 1094 3409 exercendum
1128 3354 1520 3416 venerit,num
1555 3360 1701 3405 tanta
1737 3352 1910 3420 gloria

320 3446 530 3517 poterit
559 3447 877 3518 contingere
898 3445 1537 3517 quidpiamjucundius?
1565 3445 1632 3498 Et
1659 3459 1908 3514 quaenam

320 3539 554 3593 omnino
585 3537 759 3608 gloria
791 3537 895 3592 hac
920 3537 1270 3607 praestantior
1299 3538 1618 3606 contingat:
1647 3545 1742 3588 aut
1768 3549 1909 3603 quo-

319 3629 492 3685 modo
532 3629 870 3700 glorificetur
908 3645 1078 3700 penes
1103 3629 1250 3699 quod
1304 3637 1388 3684 est
1440 3629 1621 3682 omnis
1654 3627 1908 3698 gloria,et

316 3721 554 3792 gloriam
619 3736 837 3776 omnem
893 3735 1319 3789 sermonemque
1395 3720 1706 3788 superans?
1746 3718 1906 3787 Apud

316 3828 491 3885 quem
523 3825 656 3868 sunt
707 3827 904 3867 omnes
954 3811 1156 3866 divina:
1204 3810 1392 3881 glorias
1455 3810 1719 3864 thesauri.
1770 3810 1906 3863 Nam

318 3905 473 3978 quod
505 3906 726 3976 pienum
756 3915 863 3972 est,
890 3913 1116 3959 externa
1147 3903 1464 3958 accessione
1499 3902 1642 3955 haud
1671 3901 1901 3972 indiget.

317 3999 630 4054 Animabus
663 4007 847 4052 autem
900 4005 1111 4050 tantum
1152 3995 1471 4064 impcrtitur
1500 3994 1686 4064 gloriae
1715 4002 1772 4048 et
1799 3994 1908 4048 cla-

317 4093 524 4157 ritatis,
551 4090 736 4146 habita
761 4088 974 4144 ratione
999 4089 1268 4158 cujusque
1295 4087 1645 4153 meritorum,
1675 4095 1736 4141 ut
1763 4086 1907 4140 mul-

317 4196 437 4240 tum
467 4183 632 4239 etiam
667 4181 925 4252 supersit.
945 4179 1093 4234 Idem
1128 4178 1339 4248 angelis
1367 4177 1484 4231 ﬁt“.

379 4278 553 4334 Cano.
585 4276 744 4331 Nunc
777 4290 906 4345 pars
936 4273 1153 4328 modica
1181 4273 1368 4343 gloria:
1417 4272 1566 4326 illius
1605 4272 1900 4338 universa,

312 4377 414 4424 aut
444 4367 642 4438 pignus
676 4367 861 4436 potius
909 4363 1184 4433 quoddam
1226 4361 1576 4427 conceditur,
1610 4361 1754 4416 unde
1781 4373 1902 4417 tan-

309 4475 484 4533 quam
515 4476 583 4514 ex
621 4473 802 4528 ungue
835 4457 1052 4512 leonem
1096 4455 1380 4526 conjicias,
1408 4453 1616 4524 gloriae,
1649 4454 1899 4524 inquam,

384 4590 510 4622 “'"
542 4591 679 4644 Dan.
711 4603 792 4652 nt,
827 4586 914 4641 86.
997 4585 1040 4615 ⁸³
1077 4585 1286 4640 Coloss.
1315 4599 1398 4649 ιιι,
1437 4584 1487 4638 i.

1572 4585 1634 4616 ³³⁸
1661 4585 1820 4640 Joan.
1851 4603 1944 4657 xx,
1977 4588 2069 4644 2-1.

2038 549 2094 603 in
2125 550 2300 621 gloria
2331 553 2640 624 jndicatum
2694 561 2932 628 venerit,
2965 573 3016 617 ct
3077 577 3314 633 corpora
3371 566 3622 623 rediviva

2036 643 2360 710 prodibant,
2389 656 2452 700 ut
2488 647 2651 704 simul
2713 652 2883 722 gloria
2943 654 3253 710 atliciantur
3300 664 3357 710 et
3388 656 3620 728 majore,

2031 744 2087 788 et
2135 734 2459 806 insigniore,
2500 748 2557 794 et
2595 745 2855 812 gaudium
2892 761 2959 799 ex
3005 748 3226 816 gaudio,
3275 748 3506 818 gloriam
3551 763 3620 804 ex

2031 825 2202 893 gloria
2236 829 2565 897 percipiant,
2594 846 2863 902 prtesente
2890 835 3000 904 jam
3027 836 3132 891 line
3157 839 3340 892 saeculi
3367 853 3494 893 eum
3521 839 3620 892 Do-

2031 920 2296 975 minusad
2312 921 2476 978 linem
2503 926 3056 984 rebusinducendum
3079 932 3314 995 venerit,
3337 941 3397 984 ut
3413 932 3526 985 dixi

2097 1012 2330 1078 Quando
2393 1016 2562 1087 igitur
2622 1018 2877 1074 Salvator
2927 1035 3294 1094 exsurgense
3329 1025 3613 1094 sepulcro,

2028 1105 2267 1174 primum
2294 1107 2363 1162 ad
2409 1108 2716 1180 discipulos
2774 1111 2925 1166 intus
2963 1123 3324 1184 congregatos
3362 1124 3616 1180 accessit,

2028 1210 2084 1254 ct
2150 1215 2342 1269 pacem
2407 1201 2561 1256 dedit
2594 1204 2636 1234 ⁸³
2659 1206 2700 1269 ⁸,
2727 1214 2788 1258 ut
2841 1205 3101 1275 princeps
3159 1207 3312 1276 pacis
3337 1207 3380 1237 ”
3415 1219 3623 1260 munus

2030 1293 2327 1346 maximum
2363 1295 2613 1349 divinum
2650 1297 2909 1366 Spiritum
2937 1298 3299 1353 eisdonavit.

2097 1386 2291 1441 Amm.
2325 1389 2467 1443 Num
2517 1391 2758 1460 perfecte
2782 1403 2836 1447 et
2871 1393 3084 1464 integre
3139 1392 3400 1464 spiritum
3454 1408 3618 1449 acces

2027 1491 2247 1549 perunt,
2269 1490 2365 1535 aut
2392 1482 2527 1551 quid
2567 1484 2825 1538 tandem?

2093 1567 2258 1624 Cano.
2308 1570 2385 1624 Ne
2421 1570 2570 1625 istud
2629 1573 3026 1643 eogites,ncve
3075 1575 3249 1640 dicas,
3273 1591 3382 1631 non
3415 1585 3612 1643 totum,

2029 1676 2199 1714 unum
2231 1671 2412 1716 autem
2481 1671 2612 1718 tunc
2665 1665 2967 1730 charisma,
2993 1667 3241 1722 solvendi
3297 1669 3614 1740 ligandiqne

2027 1751 2348 1807 hominibus
2408 1765 2628 1823 peccata
2694 1769 3043 1826 acceperunt.
3099 1759 3236 1814 Cum
3296 1761 3613 1816 advenisset

329 1828 526 1842 ...........
556 1828 638 1856 κ...
668 1828 854 1842 ..........
883 1828 1109 1858 pm.-.“
1136 1828 1315 1858 ...μνη
1345 1828 1510 1842 ν.......
2403 1849 2408 1855 ,
2685 1849 2695 1858 _
2887 1850 2896 1860 _
2967 1852 2978 1861 .
3087 1851 3097 1862 Ο
3280 1853 3290 1863 ⁸

329 1895 440 1933 non
479 1880 718 1948 operari,
743 1895 1040 1950 corporum
1069 1889 1155 1936 est
1185 1889 1550 1944 mortuormu,
1577 1889 1634 1933 et
1661 1874 1922 1933 iinmo’bi4-
2029 1853 2216 1950 imi?"
2272 1844 2582 1944 desum!”
2643 1851 2786 1950 d’f?’
2823 1849 3100 1950 .fl'scfpul'
3143 1862 3387 1950 _g'a_l'am
3443 1863 3614 1950 NW"

2025 1932 2257 2001 Spiritus
2299 1935 2658 2006 acceperunt.
2701 1939 2891 1994 Simile
2943 1941 3013 1996 de
3066 1945 3356 1998 animabus
3407 1945 3612 2015 cogita,

2024 2041 2146 2080 Cttttt
2173 2027 2441 2096 judicium
2476 2030 2710 2097 venerit,
2731 2032 2971 2102 etjudex
2993 2034 3222 2099 sederit,
3243 2047 3302 2089 ut
3332 2037 3388 2089 in
3421 2053 3478 2090 ιιι
3510 2038 3609 2092 lib.

2023 2117 2231 2172 dictum
2260 2128 2364 2175 est.
2397 2120 2553 2175 Nunc
2601 2125 2768 2176 etiam
2813 2137 2985 2192 super
3020 2127 3124 2180 hoc
3162 2128 3478 2198 paradigma
3513 2146 3611 2199 po-

2023 2210 2291 2264 nendum.
2324 2211 2394 2264 Et
2421 2212 2645 2280 plurimi
2685 2223 2742 2268 et
2774 2217 2968 2284 optimi
3002 2217 3104 2270 viri
3151 2219 3206 2272 iu
3247 2221 3413 2290 regali
3456 2222 3607 2290 pala-

2023 2301 2100 2353 tio
2157 2303 2387 2370 degunt,
2431 2310 2488 2356 et
2540 2312 2788 2374 tempore
2837 2308 3121 2377 aliquanto
3177 2311 3293 2380 regi
3337 2312 3609 2380 serviunt,

2019 2408 2148 2447 cum
2206 2394 2500 2449 intuentur
2551 2398 2804 2465 quotidie
2877 2409 2934 2454 et
2981 2412 3220 2456 amant:
3258 2418 3365 2457 non
3427 2413 3610 2461 tamen

2017 2486 2202 2540 statim
2248 2486 2522 2542 honorum
2567 2492 2792 2559 pmmia
2841 2503 3283 2562 consequuntur,
3319 2497 3413 2550 sed
3461 2507 3610 2568 post,

2019 2590 2078 2633 ut
2114 2590 2418 2645 tuerentur,
2446 2582 2518 2635 ita
2549 2583 2634 2638 eis
2671 2584 2847 2654 gratia
2879 2586 3138 2653 refertur,
3169 2596 3225 2642 et
3263 2590 3608 2657 conditione,

2015 2679 2071 2725 et
2103 2672 2351 2737 nomine,
2367 2681 2424 2727 et
2453 2675 2744 2739 ordine,et
2769 2677 2921 2730 enini
2947 2678 3278 2748 dignitatum
3308 2681 3608 2749 splendore

2013 2765 2467 2824 cohonestantur.
2487 2766 2608 2821 Non
2643 2769 2942 2824 admodum
2975 2771 3260 2827 dissimilis
3285 2782 3369 2827 est
3390 2775 3606 2829 anima-

2015 2871 2138 2911 rum
2172 2856 2405 2911 ratian
2430 2857 2583 2913 caelis
2610 2860 2832 2929 quidem
2864 2861 3106 2930 perfecte
3136 2863 3408 2928 habitant,
3441 2864 3607 2920 Crea-

2015 2948 2233 3017 torique
2261 2947 2604 3015 assistentes,
2627 2965 2754 3005 cum
2783 2951 3229 3021 contemplemur
3251 2961 3309 3008 et
3331 2956 3602 3023 gaudent,

2014 3039 2120 3094 Sed
2147 3054 2273 3094 cum
2321 3039 2545 3094 tandem
2590 3053 2794 3112 corpus
2844 3059 3065 3113 quoque
3096 3043 3150 3097 in
3190 3045 3609 3100 resurrectione

2015 3133 2106 3187 illa
2133 3134 2382 3189 omnium
2417 3137 2698 3190 communi
2741 3138 3075 3208 receperint,
3121 3147 3253 3195 tunc
3281 3139 3445 3193 etiam
3479 3154 3608 3210 gra-

2017 3230 2104 3284 tiae
2136 3231 2368 3299 gloriam
2411 3242 2469 3287 et
2510 3231 2762 3287 laborum
2801 3234 3020 3303 praemia
3062 3234 3402 3304 plenissima,
3435 3246 3602 3289 coro-

2014 3337 2224 3392 nasque
2251 3323 2656 3395 adipiscentur.

2613 3456 2840 3512 CAPUT
2878 3456 3045 3511 XVII.

2013 3563 2278 3621 Christum
2308 3551 2430 3640 cunt
2463 3571 2670 3622 latrone
2695 3570 3092 3640 inparadiaunt
3117 3568 3275 3624 illum
3297 3578 3624 3632 terrestrem,

2082 3653 2188 3689 non
2238 3639 2522 3716 introiisse.
2555 3655 2660 3716 nec
2710 3639 2880 3692 ullam
2933 3643 3240 3716 intimorum
3293 3653 3602 3694 sanctorum

2080 3715 2196 3776 post
2223 3711 2338 3775 ejus
2379 3711 2814 3762 resurrectionem
2847 3725 2912 3762 eo
2946 3711 3201 3764 introire.

2037 3837 2058 3852 ο
2078 3819 2300 3876 Christo
2334 3822 2615 3888 cruciﬁxo,
2635 3824 2773 3896 etin
2818 3824 2987 3877 vitam
3041 3839 3290 3891 reverso,
3314 3840 3465 3879 nunc
3487 3825 3602 3896 jam

2007 3914 2170 3969 nobis
2220 3915 2475 3971 fidelibus
2505 3924 2630 3985 post
2663 3892 2991 3986 praesentem
3029 3918 3196 3972 vitam
3234 3892 3508 3983 terrestri,
3536 3929 3596 3972 et

2007 4007 2112 4063 sub
2145 4022 2366 4062 sensum
2393 4010 2622 4062 cadente
2652 4009 2908 4079 paradiso
2939 4026 3049 4064 non
3079 4019 3164 4065 est
3191 4026 3353 4080 opus,
3378 4011 3588 4080 ingres-

2006 4115 2068 4154 su
2110 4099 2165 4154 in
2220 4100 2420 4155 caelum
2492 4101 2756 4155 erunibus
2828 4101 3128 4170 patefacto,
3187 4102 3601 4156 exsultantibus

2004 4208 2224 4264 semper
2255 4193 2398 4263 apud
2428 4194 2630 4263 ipsum,
2657 4203 2716 4250 at
2745 4203 2806 4250 et
2833 4210 2935 4250 nos
2973 4195 3170 4259 simus,
3199 4195 3296 4249 ubi
3331 4195 3450 4264 ipse
3485 4206 3592 4250 est.

2003 4278 2096 4332 Ait
2152 4280 2328 4347 enim,
2357 4298 2376 4331 ι
2411 4289 2472 4334 ut
2522 4282 2616 4334 ubi
2656 4297 2759 4352 ego
2802 4299 2946 4347 sum,
2971 4292 3026 4338 et
3059 4299 3161 4338 vos
3208 4285 3412 4338 sitis”.
3437 4284 3601 4352 Quod

2004 4384 2172 4439 porro
2205 4372 2575 4428 Dainascenus
2615 4374 2715 4441 ait,
2773 4375 2827 4428 in
2879 4377 3137 4445 sepulcro
3165 4391 3417 4446 corpore,
3449 4377 3594 4447 apud

2006 4461 2213 4518 inferos
2232 4464 2436 4532 anima,
2461 4477 2519 4521 ut
2537 4467 2682 4524 Deus
2700 4469 2755 4523 in
2778 4470 3034 4540 paradiso
3064 4485 3193 4526 cum
3226 4471 3597 4542 latroue(l7),

2150 4592 2192 4624 ”
2225 4593 2327 4648 lsa.
2362 4609 2436 4658 Ix,
2460 4593 2514 4647 6.
2595 4595 2638 4627 “‘
2667 4593 2825 4650 Joan.
2857 4609 2970 4660 xxv,
3011 4595 3060 4646 5.

1550 4701 1772 4762 Jacobi
1803 4703 2080 4766 Gretseri
2128 4717 2315 4770 nolze.

383 4835 498 4906 (Π)
530 4831 700 4906 Docet
728 4837 920 4882 aucior
955 4826 1225 4906 latronem
1262 4825 1332 4905 .in
1367 4825 1683 4906 paradisum
1716 4836 1894 4906 terre-

307 4895 491 4964 strem
536 4901 822 4955 inductum
856 4913 923 4951 ex
972 4896 1064 4950 illo
1099 4896 1370 4963 promisso
1424 4895 1674 4950 Christi:
1723 4895 1894 4950 Hodie

308 4990 519 5032 nierum
553 4974 654 5025 eris
682 4972 737 5022 in
782 4967 1055 5038 paradiso.
1099 4967 1203 5038 Sed
1229 4965 1540 5038 communis
1561 4974 1618 5019 et
1645 4982 1900 5038 veracit-

311 5045 518 5117 positio
551 5051 637 5117 est
668 5036 948 5117 Christum
991 5037 1193 5090 latroni
1224 5037 1332 5089 illis
1355 5036 1540 5117 verbis
1574 5037 1900 5117 promisisse

309 5106 584 5170 visionem
615 5110 950 5168 beatificam.
975 5121 1206 5175 eamque
1233 5106 1471 5174 paradisi
1492 5107 1714 5160 neruine
1749 5108 1900 5161 desi-

305 5201 530 5257 gnasse.
572 5182 725 5257 Vide
763 5175 1407 5257 Franciscum“Stiarez,
1462 5185 1595 5255 tom.
1621 5177 1677 5257 Ill
1713 5179 1806 5230 5-3
1844 5195 1895 5246 p.

305 5245 366 5313 ἓ.
401 5256 628 5309 Thema:
661 5251 729 5305 ad
777 5257 882 5304 art.
916 5265 976 5314 ιι,
1005 5264 1060 5318 q.
1096 5247 1185 5300 46.
1219 5245 1277 5298 ιιι
1314 5246 1530 5300 cancris
1582 5249 1744 5315 plane
1779 5245 1891 5301 non

2000 4829 2148 4886 favet
2187 4832 2410 4904 Dioptra
2441 4834 2618 4888 errori
2654 4829 3589 4904 recentiorunrtirtecorum,asse-

2001 4905 2267 4967 rentium,
2292 4899 2533 4956 animam
2559 4905 2835 4971 justorum
2861 4911 2987 4953 ante
3010 4901 3153 4953 diem
3182 4899 3374 4968 judicii
3410 4903 3589 4955 beati-

2004 4973 2194 5026 tudine
2242 4989 2351 5026 non
2391 4975 2619 5042 perfrui.
2665 4973 2779 5025 lino
2825 4973 3096 5042 adversus
3143 4971 3292 5042 hunc
3341 4985 3585 5026 errorem

1999 5044 2183 5096 omnia
2223 5040 2403 5096 verba
2436 5044 2670 5112 Diaptra:
2721 5044 2824 5096 hoc
2861 5041 3057 5112 eodem
3107 5040 3287 5109 capite
3337 5055 3584 5112 pugnare

2001 5113 2285 5166 videntur.
2319 5114 2392 5165 De
2427 5111 2545 5181 quo
2576 5112 2743 5165 multa
2773 5111 3286 5166 etiarn-Gennadius
3316 5111 3585 5168 adversus

1998 5188 2294 5303 pilipulares
2329 5199 2459 5238 suos
2504 5183 2726 5237 Graecos
2782 5183 2836 5236 in
2885 5182 3200 5252 Defensione
3232 5195 3328 5251 pro
3358 5184 3584 5238 concilio

2026 5265 2035 5285 ί
2070 5257 2334 5303 orentino.

2026 5253 2334 5309 Florentino.

1849 5345 2126 5409 Scholia.

380 5450 742 5515 'Dionysius.
800 5448 1008 5501 Etenim
1059 5448 1135 5499 ita
1177 5445 1526 5515 intelligente;
1577 5444 1888 5514 angelorum

303 5533 534 5576 natura;
566 5510 803 5574 novimus
827 5519 997 5571 adhuc
1025 5533 1309 5577 assumere,
1351 5510 1668 5584 semperque
1705 5532 1735 5567 a
1771 5516 1887 5584 glo-

301 5596 392 5646 ria
428 5594 482 5644 in
529 5592 783 5661 gloriam,
826 5599 874 5640 et
903 5606 933 5640 a
963 5589 1258 5661 cognitione
1298 5589 1352 5638 in
1389 5587 1761 5655 cognitionem,
1781 5595 1828 5636 et
1855 5604 1887 5638 a

298 5655 564 5716 citaritate
590 5664 645 5714 in
675 5661 988 5714 cltaritotem
1015 5655 1286 5728 projicere.

2071 5455 2108 5469 "
2144 5451 2280 5505 Pars
2317 5468 2560 5521 qua’anm
2599 5453 2722 5506 doni
2756 5462 2829 5506 cst
2867 5454 3120 5518 arrlialw,
3148 5463 3193 5505 ct
3230 5471 3396 5523 parva
3429 5463 3582 5522 gutla

1995 5520 2059 5594 (le
2094 5525 2269 5589 gratia
2297 5524 2414 5574 illa.
2439 5525 2581 5576 'Iunc
2621 5527 2862 5576 mriversa
2894 5525 3069 5594 gratia
3109 5520 3236 5576 doni
3263 5520 3456 5577 Christi
3477 5528 3581 5574 da-

1996 5591 2136 5642 bitur
2159 5594 2476 5655 hominibus,
2506 5605 2552 5644 et
2587 5596 2799 5664 tristitia
2830 5591 2990 5664 quem
3023 5593 3212 5646 habent
3244 5594 3438 5645 animae
3460 5606 3580 5664 pec-

1995 5671 2255 5728 catorum,
2281 5663 2560 5731 infernalis
2585 5663 2828 5718 suoulicii
2867 5683 2992 5731 pars
3027 5673 3122 5716 est.
3249 5665 3366 5715 sola
3394 5663 3579 5716 anima

375 5782 457 5849 (a)
487 5779 665 5835 Locus
712 5779 928 5848 longior
959 5785 1045 5853 est
1092 5776 1360 5853 fortassis,
1390 5775 1456 5829 .in
1491 5774 1650 5828 libris
1717 5783 1907 5830 contra
1947 5773 2225 5835 Julianmn
2270 5797 2283 5834 :
2314 5789 2369 5834 et
2403 5781 2516 5851 ipsa
2550 5782 2753 5853 scripta
2810 5783 2869 5838 B.
2896 5782 3081 5853 Cyr-illi
3146 5791 3382 5845 exstant,
3431 5779 3579 5836 unde

299 5852 414 5906 sibi
440 5846 658 5921 reliqua
685 5846 874 5920 petere
907 5850 1032 5917 quis
1071 5847 1292 5917 poterit.
1307 5846 1615 5902 PONTANUS.
