4036 6468
370 375 481 443 867

1639 362 1986 430 l’lllLlPPI
2028 360 2424 428 SOLITARII

3519 354 3625 421 868

371 492 430 542 et
479 495 606 553 qua!
661 480 1087 551 sequuntur,ad
1138 478 1459 548 Opinionem
1507 479 1941 534 confirmandam
1969 485 2347 547 Acorporum
2409 478 2703 534 exsistant.
2756 489 2882 529 cum
2938 475 3140 545 quibus
3215 484 3537 538 nascuntur,
3572 474 3629 528 et

373 575 514 630 mihi
542 573 707 628 valet.
753 570 965 627 Etenim
1001 571 1057 625 in
1107 570 1194 625 his
1226 572 1486 626 omnibus
1516 570 1796 625 Christum
1826 586 1947 641 esse

374 667 529 731 dicit,
556 666 650 720 scd
679 664 882 719 deitate
940 662 1078 727 sola,
1110 678 1221 732 qua
1272 665 1466 733 implet
1502 664 1705 716 omnia.
1736 662 1949 717 Nosua:

373 766 557 811 autem
596 753 776 809 carnis
822 767 1002 807 massa
1053 752 1214 821 plene
1274 752 1602 814 subsistens,
1637 751 1692 803 in
1750 750 1949 804 ccelum

375 847 639 910 ascendit,
681 853 737 898 et
780 845 926 899 viam
978 846 1141 899 nobis
1171 843 1365 900 eodem
1418 844 1633 913 aperuit
1666 841 1870 905 denuo,
1893 851 1951 894 ut

374 939 676 995 secundum
702 937 953 992 divinum
987 937 1344 1005 promissum,
1387 934 1482 989 ubi
1529 932 1786 989 Christus
1834 934 1951 1002 ipse

373 1042 457 1087 est
484 1042 539 1087 et
564 1047 666 1086 nos
711 1030 904 1085 simus.
948 1028 1041 1082 Ait
1091 1028 1239 1082 enim
1279 1045 1293 1081 :
1330 1045 1348 1077 ι
1388 1026 1508 1092 Quo
1534 1040 1636 1095 ego
1666 1024 1806 1078 vado
1857 1040 1955 1078 vos

373 1124 548 1188 scitis,
576 1131 635 1178 et
666 1123 809 1177 viam
838 1122 1014 1183 scitis,
1048 1131 1112 1175 ut
1138 1120 1228 1174 ubi
1256 1134 1357 1189 ego
1379 1134 1524 1183 sum,
1567 1128 1625 1172 et
1649 1132 1749 1171 vos
1772 1117 1949 1170 sitis.)

372 1216 434 1271 ln
464 1216 611 1270 hunc
647 1217 795 1270 enim
824 1225 1013 1284 raptus
1046 1213 1267 1273 Paulus.
1307 1221 1364 1266 et
1400 1211 1706 1281 ingressus,
1735 1209 1950 1263 audivit

375 1325 579 1365 arcana
611 1309 799 1364 verba.
831 1308 889 1362 ln
943 1305 1281 1377 paradisum,
1328 1320 1491 1373 quem
1527 1314 1581 1357 tu
1619 1305 1777 1369 juxta
1811 1300 1958 1355 afﬁr-

376 1402 676 1456 mationem
707 1400 1019 1454 divinarum
1080 1398 1417 1452 Litterarum
1470 1396 1790 1467 cognitione
1846 1411 1957 1448 non

376 1493 707 1562 assequeris.
734 1490 837 1544 Sed
875 1491 1102 1545 Paulum
1136 1490 1270 1543 mihi
1299 1489 1369 1543 de
1409 1489 1515 1543 hoc
1542 1488 1609 1541 ad
1640 1485 1959 1542 Corinthios

378 1584 454 1638 ita
504 1584 868 1637 disserentem
924 1580 1218 1636 considera
1260 1598 1273 1634 :
1320 1598 1338 1631 ι
1394 1579 1523 1633 Scio
1568 1579 1847 1633 hominem
1901 1577 1957 1630 in

375 1672 598 1727 Christo
629 1681 758 1726 ante
787 1686 964 1725 annos
1003 1671 1449 1740 quatuordeeim,
1474 1670 1736 1740 quoniam
1773 1680 1960 1740 raptus

376 1773 462 1819 est
488 1764 542 1818 in
563 1763 903 1833 paradisum,
929 1771 985 1816 et
1015 1762 1228 1817 audivit
1246 1776 1445 1815 arcana
1469 1761 1711 1816 verba".
1743 1781 1763 1812 ι
1803 1761 1960 1816 Hunc

377 1855 695 1925 paradisum
748 1866 806 1910 et
858 1870 1111 1925 magnum
1165 1855 1429 1911 Basilium
1479 1855 1741 1924 adeptum
1794 1855 1954 1920 scito,
1991 1838 2031 1892 Β

378 1963 548 2017 super
579 1949 780 2002 coelum
811 1950 1101 2013 caelorum,
1128 1948 1219 2002 ubi
1252 1947 1411 2003 sedet
1440 1948 1614 2003 Filius
1656 1948 1856 2002 Patris.
1885 1948 1961 2002 De

377 2039 485 2094 hoc
502 2049 709 2105 autem,
733 2050 789 2094 et
811 2055 924 2093 non
947 2040 1016 2094 de
1051 2040 1299 2095 terrestri
1329 2039 1607 2109 paradiso,
1639 2045 1809 2093 verba
1841 2039 1961 2094 fieri

378 2130 670 2186 confirmat
727 2131 844 2200 ipse
896 2131 1119 2197 Paulus,
1163 2146 1262 2200 per
1299 2147 1365 2185 ea
1396 2146 1518 2200 quae
1565 2130 1960 2201 subjiciuntur.

378 2223 675 2292 Postquam
711 2223 861 2277 enim
899 2223 1039 2277 dixit
1071 2241 1086 2278 :
1131 2243 1149 2275 ι
1187 2222 1315 2278 Scio
1350 2223 1631 2277 hominem
1693 2238 1867 2293 usque
1893 2223 1962 2278 ad

382 2315 603 2369 tertium
647 2315 847 2370 coelum
896 2324 1136 2384 raptum,
1183 2334 1201 2367 ι
1231 2315 1483 2386 adjungit
1510 2315 1627 2370 haec
1652 2334 1665 2369 :
1695 2334 1714 2367 ι
1745 2306 1812 2371 Et
1848 2317 1964 2371 scio

384 2406 703 2478 hujusmodi
746 2407 1048 2473 hominem,
1080 2408 1341 2477 quoniam
1372 2416 1561 2478 raptus
1591 2417 1677 2463 est
1718 2409 1773 2463 in
1807 2425 1967 2479 para-

383 2498 587 2554 disum.
611 2519 633 2552 ι
666 2498 810 2566 Quin
842 2501 1007 2555 etiam
1040 2500 1334 2570 signiﬁcat,
1378 2517 1438 2557 se
1481 2504 1649 2557 tertio
1697 2503 1839 2557 ctelo
1867 2518 1964 2573 pe-

387 2599 609 2646 netrato
657 2590 839 2646 adhuc
892 2591 949 2645 in
1006 2607 1259 2662 magnam
1306 2592 1699 2647 sublimitatem
1749 2602 1966 2663 raptum

383 2696 526 2748 esse,
560 2683 617 2737 in
641 2698 750 2753 qua
778 2693 865 2738 est
897 2686 1015 2754 ipse
1067 2685 1234 2739 Deus.
1264 2684 1365 2740 Hic
1414 2694 1502 2739 est
1555 2684 1867 2755 paradisus,
1909 2685 1965 2739 in

384 2790 548 2845 quem
583 2784 772 2846 raptus
803 2783 891 2831 est
938 2776 1165 2842 Paulus,
1226 2774 1284 2831 in
1337 2792 1503 2846 quem
1555 2776 1874 2847 Gregorius,
1911 2788 1968 2831 et

383 2880 615 2937 magnus
646 2881 772 2922 cum
807 2860 932 2923 aliis
984 2867 1269 2939 ingressus
1305 2877 1391 2924 est
1444 2868 1703 2938 Basilius,
1750 2869 1805 2923 in
1843 2871 1966 2924 infl-

385 2957 523 3023 nita,
564 2967 623 3014 et
659 2957 869 3026 divina,
903 2968 962 3015 et
1017 2969 1222 3015 aeterna
1272 2960 1417 3016 bona
1461 2960 1718 3030 illa,quas
1774 2961 1971 3017 oculus

385 3046 741 3102 allectionum
799 3048 1069 3103 malarum
1117 3063 1280 3105 emno
1325 3049 1583 3104 turbidus
1645 3064 1758 3103 non
1804 3050 1967 3116 vidit,

384 3141 532 3194 auris
560 3140 945 3196 incredulitate
977 3140 1249 3196 obdurata
1280 3157 1392 3196 non
1428 3141 1660 3209 audivit,
1689 3152 1745 3198 et
1773 3143 1830 3197 in
1869 3158 1967 3198 cor

384 3229 688 3297 sordidum,
713 3232 975 3302 quodque
1004 3247 1071 3286 ex
1103 3240 1262 3303 parte
1303 3243 1526 3288 terrena
1562 3234 1667 3288 ista
1714 3234 1970 3305 degusta-

384 3321 483 3385 vit,
514 3328 624 3375 non
672 3325 1061 3378 ascenderunt.
1120 3322 1314 3378 Totam
1356 3326 1739 3381 tractationem
1789 3327 1978 3383 disse--

385 3413 556 3466 rendo
578 3413 809 3468 absolvi.
828 3429 891 3468 ac
917 3429 1018 3483 pro
1064 3430 1132 3468 eo
1165 3423 1223 3468 ut
1252 3415 1386 3469 mihi
1416 3430 1637 3495 quoque
1680 3418 1968 3474 scientiam

387 3503 561 3569 dedit,
597 3505 691 3573 qui
756 3506 1043 3560 scientiam
1084 3506 1265 3574 docet,
1311 3510 1644 3579 quaestiones
1685 3514 1967 3585 proposui,

387 3594 807 3664 propositasque
845 3594 1079 3651 absolvi.

958 3711 1183 3769 CAPUT
1215 3713 1403 3771 XVIII.

387 3818 583 3875 Rerum
609 3833 800 3894 quarto
833 3824 967 3880 libro
1009 3836 1463 3897 pertractatarum
1494 3833 1964 3904 anaceplialaeosis.

460 3936 630 3992 Docui
682 3950 883 4009 quarto
943 3940 1111 4006 libro,
1158 3944 1439 4012 quomodo
1512 3948 1678 4002 semel
1743 3948 1966 4018 quidem

391 4026 535 4083 Deus
562 4040 774 4087 mentes
795 4032 850 4086 in
881 4034 1023 4090 ctnlo
1045 4037 1463 4103 produxerit,et
1505 4040 1785 4108 quomodo
1826 4043 1968 4096 infra

389 4121 543 4175 otnni
578 4121 684 4178 hoc
746 4133 994 4195 tempore
1048 4142 1329 4196 operetur.
1387 4131 1675 4196 Quomodo
1719 4136 1967 4189 omnium

392 4212 677 4269 hominum
708 4219 906 4272 anima:
929 4220 1167 4289 aequales
1204 4220 1316 4276 sint
1343 4221 1487 4278 inter
1511 4239 1589 4291 se,
1608 4225 1969 4297 ejusdemque

389 4304 731 4361 substantiae.
779 4309 1133 4365 Conditorem
1188 4327 1300 4368 non
1361 4315 1628 4372 formasse
1688 4318 1759 4373 ab
1809 4320 1969 4373 initio

391 4394 541 4450 hunc
596 4398 818 4466 quidem
867 4402 1191 4472 sapientem,
1243 4406 1397 4461 illum
1450 4408 1824 4479 insipientem,
1866 4428 1969 4467 nec

2050 584 2301 640 quaenam
2331 569 2409 625 rei
2447 583 2634 624 causa.
2661 567 2953 634 Quomodo
3003 566 3325 636 inexplebili
3364 566 3629 636 praditns

2051 662 2256 716 invidia
2291 661 2460 717 Satan
2490 662 2855 732 cogitationes
2880 661 3049 715 malas
3078 661 3131 713 in
3163 661 3330 715 corde
3361 662 3629 719 scminet;

2051 769 2159 822 qua
2191 752 2404 807 ratione
2447 768 2549 807 nos
2593 768 2710 817 eas,
2746 751 2792 807 si
2827 753 3078 815 velimus,
3118 752 3386 807 radicitus
3434 754 3632 807 exstir-

2053 860 2268 915 pemus.
2296 844 2586 909 Quomodo
2616 844 2873 899 homines
2898 845 3010 899 Deo
3069 844 3402 899 connivente
3452 858 3634 913 oppu-

2052 946 2202 1007 gnet.
2235 936 2468 1002 Quando
2498 937 2698 991 animus
2746 947 2873 1007 post
2927 936 3071 991 hanc
3110 939 3277 991 vitam
3304 936 3631 1001 amicorum,

2052 1029 2603 1098 propinquorumque
2662 1028 3112 1092 reminiscantur,
3146 1043 3211 1083 ac
3271 1027 3494 1082 demum
3532 1043 3634 1097 pro

2055 1119 2189 1188 ipsis
2240 1126 2558 1186 precentur,
2604 1133 2918 1187 quanquam
2972 1119 3123 1176 solae.
3160 1130 3216 1173 et
3246 1134 3275 1171 a
3307 1120 3639 1188 corporibus

2054 1219 2341 1278 separatae.
2368 1210 2656 1276 Quomodo
2678 1211 2906 1280 spiritus
2928 1211 3154 1265 omnino
3183 1213 3340 1266 vacui
3365 1226 3474 1265 non
3498 1212 3635 1265 sint.

2056 1303 2151 1357 sed
2183 1315 2484 1373 operentur
2513 1304 2718 1373 potius,
2745 1313 2805 1357 ut
2833 1304 3373 1370 demonstravimus;
3400 1304 3503 1358 etsi
3533 1304 3641 1358 hoc

2057 1394 2176 1449 solo
2203 1396 2430 1463 praemio
2463 1404 2689 1449 careant
2716 1395 3081 1463 (beatitudine
3113 1397 3383 1464 corporis)
3416 1395 3643 1464 praecla-

2059 1500 2247 1539 rorum
2283 1486 2536 1541 laborutn
2566 1499 2820 1551 suorum,
2849 1487 2982 1542 licet
3030 1486 3196 1541 modo
3247 1502 3373 1541 cum
3416 1486 3642 1541 Christo

2061 1576 2247 1630 vivant

2646 1650 2871 1710 CAPUT
2900 1644 3045 1710 XIX.

2062 1738 2179 1793 Non
2203 1758 2322 1804 sua,
2341 1745 2432 1796 sed
2454 1738 2631 1800 aliena
2657 1747 2928 1800 voluntate
2965 1758 3012 1801 et
3036 1751 3351 1803 auctoritate
3395 1752 3465 1802 ad
3507 1750 3642 1802 εει-εδ

2128 1810 2354 1865 bendum
2411 1830 2463 1867 se
2521 1819 2819 1871 accessisse.
2848 1816 3040 1871 Omnes
3090 1823 3318 1875 actiones
3374 1828 3581 1873 nostras
3610 1832 3644 1872 a

2134 1880 2244 1957 Deo
2273 1888 2542 1957 pendere:
2560 1884 2704 1939 Libri
2742 1892 3016 1957 utriusque
3049 1887 3385 1943 Testamenti.
3429 1891 3645 1942 Diversa

2134 1954 2332 2021 scripta
2374 1952 2476 2008 SS.
2504 1953 2752 2011 Patrum.
2793 1952 3065 2023 Quomodo
3094 1960 3433 2023 scriptoribus
3471 1962 3645 2013 divino

2137 2023 2338 2098 auxilio
2362 2025 2430 2076 sit
2461 2041 2612 2093 opus.
2650 2026 2800 2081 Unde
2823 2029 3122 2098 profecerit.
3171 2023 3562 2085 Nonnullorum
3583 2045 3648 2082 ea:

2136 2093 2349 2146 medicis
2372 2108 2704 2164 sumpturum
2729 2093 2960 2152 summa.

2137 2206 2432 2276 Ceterum,
2494 2211 2684 2269 Patres
2731 2213 2787 2268 in
2840 2202 3089 2279 Christo,
3129 2215 3332 2273 fratres
3373 2229 3430 2272 et
3462 2217 3644 2283 ειιιιίιὶ,

2064 2314 2230 2355 nemo
2278 2315 2473 2357 eorum
2541 2304 2635 2374 qui
2683 2305 2891 2362 librum
2944 2308 3096 2363 hunc
3154 2310 3485 2377 evolvcrint,
3562 2292 3649 2364 ine

2066 2397 2456 2453 ostentationis
2491 2414 2657 2455 causa
2691 2400 2809 2457 haec
2842 2403 3130 2474 scripsisse
3164 2414 3340 2476 putet,
3366 2416 3427 2461 ut
3472 2407 3652 2462 inanis

2066 2488 2254 2558 gloria
2283 2491 2568 2560 cupidum,
2599 2502 2658 2548 et
2687 2509 2786 2550 sua
2809 2496 3072 2566 opinione
3101 2499 3430 2567 sapientem.
3469 2510 3526 2553 et
3553 2515 3645 2553 ars

2068 2585 2342 2651 rogantis,
2361 2585 2557 2640 morbo
2573 2587 2836 2656 pessimo,
2876 2588 3243 2656 laborantem,
3268 2601 3323 2646 et
3358 2602 3648 2661 propterea

2066 2672 2274 2728 frustra
2299 2674 2450 2730 hunc
2482 2676 2687 2733 librum
2721 2680 3046 2737 confecisse.
3089 2683 3210 2738 Non
3277 2694 3474 2753 sponte
3531 2701 3649 2740 mea

2070 2763 2177 2818 huc
2208 2766 2573 2835 prosilui,sed
2610 2785 2641 2824 a
2675 2771 2950 2841 Spirituali
2976 2760 3094 2828 viro
3117 2773 3383 2830 Callinico
3402 2775 3648 2836 nomine.

2071 2854 2124 2908 in
2160 2857 2441 2913 montibus
2469 2859 2848 2930 Moglenorum
2880 2862 3187 2928 habitante,
3218 2866 3354 2920 mihi
3393 2867 3654 2921 commis-

2071 2962 2195 3000 sum
2235 2965 2440 3006 munus
2464 2954 2704 3024 suscepi.
2738 2954 2965 3010 Patrum
3023 2956 3190 3027 igitur
3242 2957 3652 3012 hortationibus

2072 3051 2128 3096 et
2153 3045 2445 3115 praeceptis
2479 3046 2705 3112 cedens,
2730 3063 2873 3118 opus
2904 3050 3011 3104 hoc
3039 3065 3139 3120 pro
3169 3050 3383 3104 viribus
3432 3065 3655 3120 compo—

2072 3136 2182 3204 sui,
2208 3137 2345 3192 nihil
2380 3137 2493 3195 fere
2523 3156 2555 3197 e
2597 3147 2831 3198 cerebro
2863 3159 3008 3209 meo,
3026 3160 3216 3199 verum
3253 3161 3375 3214 qua:
3406 3146 3535 3202 hinc
3565 3147 3652 3200 in-

2072 3233 2141 3287 de
2170 3234 2364 3305 collegi
2389 3246 2447 3288 et
2488 3235 2799 3305 corrogavi,
2820 3235 2927 3291 hoc
2957 3236 3235 3292 volumine
3262 3254 3382 3293 sum
3415 3240 3656 3309 complc-

2070 3338 2194 3389 xus,
2245 3323 2421 3394 ﬁgura
2461 3324 2732 3379 orationis
2779 3325 2836 3380 in
2864 3327 3027 3382 metri
3074 3325 3270 3382 faciem
3295 3338 3652 3393 commutata,

2070 3413 2218 3483 quod
2254 3428 2284 3467 a
2319 3413 2498 3470 doctis
2530 3414 2817 3483 politicum
2846 3424 3098 3481 vocatur,
3139 3417 3355 3471 tametsi
3396 3416 3650 3485 simplex,

2071 3505 2373 3560 barbarum
2420 3515 2480 3561 et
2534 3507 2801 3562 soloecum
2833 3507 3084 3578 insuper,
3115 3515 3177 3562 ut
3213 3507 3282 3563 ab
3320 3508 3545 3564 indocto
3597 3523 3654 3563 et

2071 3595 2233 3663 plane
2256 3595 2514 3666 imperito
2532 3611 2787 3653 sermone
2806 3598 3131 3664 artificioso,
3160 3599 3254 3655 sed
3276 3611 3384 3655 non
3399 3599 3654 3665 scientia,

2071 3686 2443 3755 compositum
2469 3692 2508 3740 °.

2140 3775 2313 3830 Nemo
2338 3778 2505 3847 igitur
2546 3793 2635 3833 me
2669 3779 2918 3848 irrideat,
2957 3796 3097 3835 neve
3139 3798 3274 3839 naso
3327 3784 3651 3854 suspendar

2070 3866 2204 3921 Nam
2233 3882 2359 3922 cum
2409 3868 2794 3937 obtemperare
2825 3880 2881 3925 et
2929 3871 3125 3928 cedere
3174 3877 3488 3931 statuissem
3536 3892 3656 3933 esse

2070 3958 2363 4027 optimum,
2428 3960 2827 4014 venerabilium
2878 3964 3125 4017 virorum
3198 3968 3513 4021 auctoritati
3568 3983 3655 4023 me

2072 4049 2325 4113 submisi,
2384 4049 2568 4107 sciens
2622 4054 2842 4122 penitus
2901 4054 3150 4110 damnari
3202 4058 3654 4117 inobedientiam.

2072 4140 2395 4197 Obedientia
2428 4142 2562 4210 vita,
2608 4145 2985 4201 inobedientia
3042 4164 3193 4203 mors
3244 4159 3349 4206 est.
3410 4151 3566 4217 Quod
3608 4152 3656 4208 si

2071 4237 2197 4304 quis
2222 4237 2448 4291 mordax
2477 4248 2535 4292 et
2562 4239 2906 4294 conviciator
2950 4241 3226 4296 incessere
3281 4260 3369 4298 me
3402 4245 3540 4310 vult,
3598 4256 3656 4301 et

2073 4331 2332 4396 probrum
2357 4329 2491 4382 mihi
2523 4330 2766 4395 inurere,
2815 4343 2875 4386 ut
2923 4331 3223 4397 fastuosus,
3279 4345 3340 4389 ut
3371 4352 3657 4408 arrogans,

2070 4426 2127 4471 et
2156 4417 2335 4480 dicax,
2361 4419 2507 4474 dicat
2535 4432 2591 4476 ct
2622 4422 2789 4477 faciat
2824 4424 2969 4491 quod
3000 4425 3135 4479 libet

389 4487 561 4542 alium
592 4492 871 4559 pudicum,
902 4494 1068 4549 alium
1094 4508 1475 4555 scortatorem.
1521 4502 1850 4559 Hominibus
1878 4504 1964 4558 di~
1994 4516 2048 4578 ι)
2144 4505 2257 4575 Ego
2297 4523 2450 4573 sane,
2478 4510 2728 4573 utvolui,
2768 4487 2867 4579 pro
2893 4528 2956 4566 ea
3008 4530 3115 4584 qua
3166 4530 3287 4570 sum
3327 4519 3660 4576 eruditionis

389 4592 581 4632 versas
637 4594 759 4635 esse
816 4596 979 4638 voces
1034 4600 1100 4639 ac
1154 4590 1688 4656 pronuntiationem.
1754 4593 1966 4658 Quibus

390 4668 537 4723 Deus
567 4669 708 4725 bene
738 4672 892 4739 velit,
915 4690 1106 4730 eorum
1141 4680 1453 4735 voluntates
1475 4682 1541 4736 ad
1576 4682 1750 4738 bonas
1780 4695 1966 4753 partes

389 4777 421 4814 a
468 4762 836 4821 deterioribus
892 4772 1175 4838 converti;
1228 4774 1529 4841 praesertim
1594 4773 1686 4827 ubi
1747 4776 1963 4831 illorum

388 4866 607 4923 quoque
633 4856 870 4911 stadium
901 4862 1216 4917 accesserit.
1242 4862 1532 4928 Quomodo
1562 4874 1619 4919 et
1653 4868 1797 4921 unde
1829 4870 1964 4923 vitia

462 4969 504 5000 "
528 4969 570 5025 Il
595 4970 720 5026 Cor.
750 4989 848 5041 xu,
883 4976 972 5030 40.
1051 4978 1093 5009 ¹⁷
1128 4977 1255 5049 Sap.
1289 4995 1407 5045 VIII,
1453 4980 1507 5033 7.

2074 4598 2553 4665 mediocritate,et
2573 4603 2627 4655 in
2652 4604 2861 4671 primis,
2897 4607 3006 4660 Deo
3038 4606 3355 4678 adjuvante,
3383 4612 3486 4666 hoe
3516 4631 3657 4683 opus

2072 4692 2304 4747 absolvi.
2330 4692 2622 4762 Sapientiae
2653 4697 2800 4751 enim
2831 4702 3235 4769 suppeditator,
3279 4713 3336 4758 et
3388 4706 3657 4777 insipien-

2073 4796 2187 4838 tum
2218 4788 2559 4853 emendator,
2590 4791 2683 4858 qui
2713 4792 2875 4846 docet
2902 4794 3183 4851 hominem
3228 4800 3574 4868 prudentiam
3600 4813 3658 4857 et

2076 4877 2360 4933 scientiam
2394 4881 2437 4911 ¹⁷
2462 4897 2480 4947 ;
2510 4883 2605 4950 qui
2646 4883 2739 4939 dat
2793 4884 3049 4943 virtutem
3085 4892 3357 4947 sermonis
3391 4894 3446 4947 in
3495 4910 3658 4964 aper-

1928 5080 2203 5143 Scholia.

392 5199 531 5272 rccle
565 5192 781 5261 fecisset,
809 5201 979 5254 solum
1002 5203 1489 5272 Aquoquejcoronari
1515 5205 1811 5271 oportebat.
1834 5206 1972 5272 Quia

390 5270 563 5343 autem
597 5279 713 5316 cum
746 5281 962 5345 corpore
993 5270 1128 5345 bona
1156 5271 1279 5339 egit,
1305 5287 1420 5322 cum
1445 5270 1556 5342 ipso
1574 5273 1718 5326 debet
1748 5270 1972 5345 praemia

391 5334 646 5405 accipere,
665 5344 712 5386 et
740 5334 966 5405 gloriam
996 5342 1047 5390 in
1087 5334 1287 5405 laturo.

466 5407 477 5419 '
497 5403 759 5479 Isidorus.
795 5405 999 5461 Veritas
1031 5403 1244 5477 sapiens
1276 5410 1528 5478 quiddam
1551 5427 1648 5479 cst,
1670 5420 1901 5472 maxime
1926 5421 1973 5474 si

387 5471 610 5554 siniplea:
634 5486 681 5554 et
713 5475 879 5528 brevis
905 5488 978 5529 est
1011 5493 1028 5529 :
1059 5471 1244 5554 contra
1271 5471 1494 5554 stultum
1518 5493 1614 5549 est,
1634 5471 1774 5554 guod
1794 5471 1972 5543 varie;

390 5551 498 5593 tate
531 5545 838 5628 distinctum
881 5556 977 5609 est,
1004 5550 1241 5616 quamvis
1283 5551 1488 5605 dicendi
1522 5554 1575 5606 vi
1601 5545 1671 5607 ’ἐι
1708 5557 1972 5628 elegantia

392 5620 638 5666 ornatum
669 5616 927 5668 videatur.

420 5749 430 5759 .
464 5682 803 5767 "Clirysos‘t.
834 5683 971 5767 Quid
990 5688 1132 5739 enim
1162 5694 1964 5767 iiocumentisermonisimperi-

391 5752 467 5800 tia
495 5752 679 5819 aﬁerat
700 5753 725 5805 ?
747 5757 886 5818 Quid
909 5767 1092 5812 contra
1117 5760 1363 5814 utilitatis
1386 5764 1659 5818 verborum
1691 5752 1968 5835 fcstibitas,

2071 5213 2115 5264 si
2144 5217 2404 5296 sententia
2440 5217 2773 5296 ipsa_diuinis
2797 5221 3034 5275 sensibus
3077 5235 3254 5296 careat
3275 5228 3300 5279 ?
3332 5225 3399 5279 Ut
3441 5228 3655 5296 gladius

2071 5286 2234 5347 enim,
2263 5286 2313 5366 si
2334 5286 2520 5366 ansam
2566 5287 2748 5366 (iubeat
2784 5300 3117 5366 argenteam,
3150 5294 3350 5366 [ci-rum
3380 5286 3557 5350 au'tem
3580 5299 3662 5366 ip-

2070 5369 2187 5405 sum
2220 5354 2429 5430 plumbo
2457 5358 2763 5426 ﬂexibilius,
2801 5354 2937 5413 nihil
2967 5354 3194 5430 prodest.
3241 5364 3375 5417 Nam
3406 5354 3662 5422 oratiouis

2071 5427 2374 5505 compositio
2421 5438 2469 5480 et
2515 5430 2780 5505 distinctio
2819 5447 2852 5482 a
2882 5427 3129 5505 studiosis
3176 5434 3582 5505 elegantiarum,
3609 5447 3661 5491 et

2073 5494 2357 5567 plausuum
2392 5500 2773 5567 captatoribus,
2803 5504 3133 5555 ornamentis
3159 5494 3278 5557 istis
3304 5494 3658 5561 uelutitrans-

2074 5562 2329 5646 forma'ta,
2380 5562 3108 5646 q_ii_oduinnio.locorrumpit,
3154 5575 3292 5642 quod
3331 5579 3659 5646 prapositum

2076 5642 2150 5714 est
2184 5635 2253 5715 ad
2280 5637 2743 5716 considerandum,
2782 5635 3271 5716 latenter'notitiam
3298 5635 3586 5716 suﬂ'u'rans,
3608 5657 3658 5701 et

2077 5704 2130 5755 in
2165 5705 2238 5756 rei
2259 5707 2503 5776 subjecta:
2532 5708 2878 5777 intelligentia
2913 5708 3186 5767 lectoribu:
3215 5704 3443 5770 obs-laus.
