  <div class='ocr_page' id='page_1' title='image "/cluster/home/n/w/nwhite01/storage/ocr_20150623/127/coo.31924054870328/442.png"; bbox 0 0 4036 6414; ppageno 0'>
   <div class='ocr_carea' id='block_1_1' title="bbox 266 367 379 436">
    <p class='ocr_par' dir='ltr' id='par_1_1' title="bbox 266 367 379 436">
     <span class='ocr_line' id='line_1_1' title="bbox 266 367 379 436; baseline 0 0"><span class='ocrx_word' id='word_1_1' title='bbox 266 367 379 436; x_wconf 79' lang='lat'><strong>869</strong></span> 
     </span>
    </p>
   </div>
   <div class='ocr_carea' id='block_1_2' title="bbox 1730 359 2083 422">
    <p class='ocr_par' dir='ltr' id='par_1_2' title="bbox 1730 359 2083 422">
     <span class='ocr_line' id='line_1_2' title="bbox 1730 359 2083 422; baseline -0.011 0"><span class='ocrx_word' id='word_1_2' title='bbox 1730 359 2083 422; x_wconf 84' lang='lat' dir='ltr'><strong>DIOPTRA.</strong></span> 
     </span>
    </p>
   </div>
   <div class='ocr_carea' id='block_1_3' title="bbox 3434 363 3539 426">
    <p class='ocr_par' dir='ltr' id='par_1_3' title="bbox 3434 363 3539 426">
     <span class='ocr_line' id='line_1_3' title="bbox 3434 363 3539 426; baseline 0.019 -2"><span class='ocrx_word' id='word_1_3' title='bbox 3434 363 3539 426; x_wconf 79' lang='lat'><strong>870</strong></span> 
     </span>
    </p>
   </div>
   <div class='ocr_carea' id='block_1_4' title="bbox 273 469 3561 548">
    <p class='ocr_par' dir='ltr' id='par_1_4' title="bbox 273 469 3561 548">
     <span class='ocr_line' id='line_1_4' title="bbox 273 469 3561 548; baseline -0.001 -14"><span class='ocrx_word' id='word_1_4' title='bbox 273 488 418 543; x_wconf 62' lang='lat' dir='ltr'><strong>tione</strong></span> <span class='ocrx_word' id='word_1_5' title='bbox 453 481 568 537; x_wconf 86' lang='lat' dir='ltr'><strong>oris</strong></span> <span class='ocrx_word' id='word_1_6' title='bbox 595 478 680 545; x_wconf 79' lang='grc'><strong>¹⁸;</strong></span> <span class='ocrx_word' id='word_1_7' title='bbox 717 487 777 533; x_wconf 92' lang='lat' dir='ltr'><strong>et</strong></span> <span class='ocrx_word' id='word_1_8' title='bbox 817 480 1048 533; x_wconf 87' lang='lat' dir='ltr'><strong>verbum</strong></span> <span class='ocrx_word' id='word_1_9' title='bbox 1076 476 1286 548; x_wconf 65' lang='lat' dir='ltr'><strong>przebet</strong></span> <span class='ocrx_word' id='word_1_10' title='bbox 1330 475 1766 546; x_wconf 65' lang='lat' dir='ltr'><strong>praedicantibus</strong></span> <span class='ocrx_word' id='word_1_11' title='bbox 1808 475 1865 528; x_wconf 90' lang='lat' dir='ltr'><strong>in</strong></span> <span class='ocrx_word' id='word_1_12' title='bbox 1896 476 1941 530; x_wconf 76' lang='grc' dir='ltr'><strong>Α</strong></span> <span class='ocrx_word' id='word_1_13' title='bbox 1971 470 2066 525; x_wconf 98' lang='lat' dir='ltr'><strong>Dei</strong></span> <span class='ocrx_word' id='word_1_14' title='bbox 2102 469 2437 539; x_wconf 91' lang='lat' dir='ltr'><strong>publicando</strong></span> <span class='ocrx_word' id='word_1_15' title='bbox 2497 481 2885 542; x_wconf 77' lang='lat' dir='ltr'><strong>peragrarunt.</strong></span> <span class='ocrx_word' id='word_1_16' title='bbox 2933 471 3128 529; x_wconf 88' lang='lat' dir='ltr'><strong>Postea</strong></span> <span class='ocrx_word' id='word_1_17' title='bbox 3186 489 3318 530; x_wconf 91' lang='lat' dir='ltr'><strong>vero</strong></span> <span class='ocrx_word' id='word_1_18' title='bbox 3368 476 3561 532; x_wconf 84' lang='lat' dir='ltr'><strong>Patres</strong></span> 
     </span>
    </p>
   </div>
   <div class='ocr_carea' id='block_1_5' title="bbox 272 568 1865 640">
    <p class='ocr_par' dir='ltr' id='par_1_5' title="bbox 272 568 1865 640">
     <span class='ocr_line' id='line_1_5' title="bbox 272 568 1865 640; baseline -0.005 -10"><span class='ocrx_word' id='word_1_19' title='bbox 272 583 499 640; x_wconf 88' lang='lat' dir='ltr'><strong>virtute,</strong></span> <span class='ocrx_word' id='word_1_20' title='bbox 534 581 595 626; x_wconf 92' lang='lat' dir='ltr'><strong>ut</strong></span> <span class='ocrx_word' id='word_1_21' title='bbox 621 571 765 625; x_wconf 90' lang='lat' dir='ltr'><strong>liber</strong></span> <span class='ocrx_word' id='word_1_22' title='bbox 793 570 1141 625; x_wconf 87' lang='lat' dir='ltr'><strong>Psalmorum</strong></span> <span class='ocrx_word' id='word_1_23' title='bbox 1181 569 1235 624; x_wconf 94' lang='lat' dir='ltr'><strong>in</strong></span> <span class='ocrx_word' id='word_1_24' title='bbox 1268 570 1470 639; x_wconf 87' lang='lat' dir='ltr'><strong>spiritu</strong></span> <span class='ocrx_word' id='word_1_25' title='bbox 1515 569 1698 635; x_wconf 92' lang='lat' dir='ltr'><strong>docet,</strong></span> <span class='ocrx_word' id='word_1_26' title='bbox 1749 568 1865 637; x_wconf 90' lang='lat' dir='ltr'><strong>ipse</strong></span> 
     </span>
    </p>
   </div>
   <div class='ocr_carea' id='block_1_6' title="bbox 272 660 1864 731">
    <p class='ocr_par' dir='ltr' id='par_1_6' title="bbox 272 660 1864 731">
     <span class='ocr_line' id='line_1_6' title="bbox 272 660 1864 731; baseline -0.006 -9"><span class='ocrx_word' id='word_1_27' title='bbox 272 668 436 723; x_wconf 87' lang='lat' dir='ltr'><strong>etiam</strong></span> <span class='ocrx_word' id='word_1_28' title='bbox 464 666 568 719; x_wconf 90' lang='lat' dir='ltr'><strong>hoc</strong></span> <span class='ocrx_word' id='word_1_29' title='bbox 593 678 691 718; x_wconf 92' lang='lat' dir='ltr'><strong>seu</strong></span> <span class='ocrx_word' id='word_1_30' title='bbox 733 662 1032 730; x_wconf 86' lang='lat' dir='ltr'><strong>abjectnm,</strong></span> <span class='ocrx_word' id='word_1_31' title='bbox 1065 676 1160 716; x_wconf 87' lang='lat' dir='ltr'><strong>seu</strong></span> <span class='ocrx_word' id='word_1_32' title='bbox 1206 677 1463 731; x_wconf 83' lang='lat' dir='ltr'><strong>magnum</strong></span> <span class='ocrx_word' id='word_1_33' title='bbox 1497 660 1788 730; x_wconf 77' lang='lat' dir='ltr'><strong>inspiravit</strong></span> <span class='ocrx_word' id='word_1_34' title='bbox 1825 665 1864 713; x_wconf 87' lang='lat'><strong>&#39;.</strong></span> 
     </span>
    </p>
   </div>
   <div class='ocr_carea' id='block_1_7' title="bbox 341 752 1867 817">
    <p class='ocr_par' dir='ltr' id='par_1_7' title="bbox 341 752 1867 817">
     <span class='ocr_line' id='line_1_7' title="bbox 341 752 1867 817; baseline -0.005 -4"><span class='ocrx_word' id='word_1_35' title='bbox 341 757 455 814; x_wconf 85' lang='lat' dir='ltr'><strong>Nisi</strong></span> <span class='ocrx_word' id='word_1_36' title='bbox 505 756 655 813; x_wconf 87' lang='lat' dir='ltr'><strong>enim</strong></span> <span class='ocrx_word' id='word_1_37' title='bbox 697 755 901 809; x_wconf 92' lang='lat' dir='ltr'><strong>donum</strong></span> <span class='ocrx_word' id='word_1_38' title='bbox 960 753 1255 807; x_wconf 85' lang='lat' dir='ltr'><strong>desursum</strong></span> <span class='ocrx_word' id='word_1_39' title='bbox 1307 752 1693 817; x_wconf 85' lang='lat' dir='ltr'><strong>descenderet,</strong></span> <span class='ocrx_word' id='word_1_40' title='bbox 1748 752 1867 806; x_wconf 90' lang='lat' dir='ltr'><strong>sine</strong></span> 
     </span>
    </p>
   </div>
   <div class='ocr_carea' id='block_1_8' title="bbox 275 842 1868 922">
    <p class='ocr_par' dir='ltr' id='par_1_8' title="bbox 275 842 1868 922">
     <span class='ocr_line' id='line_1_8' title="bbox 275 842 1868 922; baseline -0.006 -19"><span class='ocrx_word' id='word_1_41' title='bbox 275 850 468 919; x_wconf 87' lang='lat' dir='ltr'><strong>plaste,</strong></span> <span class='ocrx_word' id='word_1_42' title='bbox 501 845 633 918; x_wconf 91' lang='lat' dir='ltr'><strong>quid</strong></span> <span class='ocrx_word' id='word_1_43' title='bbox 665 846 874 915; x_wconf 85' lang='lat' dir='ltr'><strong>plasma</strong></span> <span class='ocrx_word' id='word_1_44' title='bbox 907 842 1345 909; x_wconf 86' lang='lat' dir='ltr'><strong>faceret?Quam</strong></span> <span class='ocrx_word' id='word_1_45' title='bbox 1377 844 1524 898; x_wconf 87' lang='lat' dir='ltr'><strong>enim</strong></span> <span class='ocrx_word' id='word_1_46' title='bbox 1556 843 1680 922; x_wconf 70' lang='lat' dir='ltr'><strong>quis</strong></span> <span class='ocrx_word' id='word_1_47' title='bbox 1709 842 1868 895; x_wconf 90' lang='lat' dir='ltr'><strong>intel-</strong></span> 
     </span>
    </p>
   </div>
   <div class='ocr_carea' id='block_1_9' title="bbox 272 936 1867 1012">
    <p class='ocr_par' dir='ltr' id='par_1_9' title="bbox 272 936 1867 1012">
     <span class='ocr_line' id='line_1_9' title="bbox 272 936 1867 1012; baseline -0.005 -16"><span class='ocrx_word' id='word_1_48' title='bbox 272 941 579 1012; x_wconf 81' lang='lat' dir='ltr'><strong>ligentiam,</strong></span> <span class='ocrx_word' id='word_1_49' title='bbox 616 948 678 994; x_wconf 88' lang='lat' dir='ltr'><strong>ut</strong></span> <span class='ocrx_word' id='word_1_50' title='bbox 715 940 923 994; x_wconf 87' lang='lat' dir='ltr'><strong>donum</strong></span> <span class='ocrx_word' id='word_1_51' title='bbox 957 953 988 992; x_wconf 91' lang='lat' dir='ltr'><strong>a</strong></span> <span class='ocrx_word' id='word_1_52' title='bbox 1021 936 1322 991; x_wconf 85' lang='lat' dir='ltr'><strong>Conditore</strong></span> <span class='ocrx_word' id='word_1_53' title='bbox 1358 937 1575 1000; x_wconf 87' lang='lat' dir='ltr'><strong>habuit,</strong></span> <span class='ocrx_word' id='word_1_54' title='bbox 1622 936 1713 989; x_wconf 89' lang='lat' dir='ltr'><strong>illa</strong></span> <span class='ocrx_word' id='word_1_55' title='bbox 1750 936 1867 1005; x_wconf 91' lang='lat' dir='ltr'><strong>ipsa</strong></span> 
     </span>
    </p>
   </div>
   <div class='ocr_carea' id='block_1_10' title="bbox 274 1028 1864 1100">
    <p class='ocr_par' dir='ltr' id='par_1_10' title="bbox 274 1028 1864 1100">
     <span class='ocr_line' id='line_1_10' title="bbox 274 1028 1864 1100; baseline -0.002 -15"><span class='ocrx_word' id='word_1_56' title='bbox 274 1033 516 1090; x_wconf 80' lang='lat' dir='ltr'><strong>vicissim</strong></span> <span class='ocrx_word' id='word_1_57' title='bbox 549 1032 617 1086; x_wconf 92' lang='lat' dir='ltr'><strong>ab</strong></span> <span class='ocrx_word' id='word_1_58' title='bbox 641 1046 709 1086; x_wconf 90' lang='lat' dir='ltr'><strong>eo</strong></span> <span class='ocrx_word' id='word_1_59' title='bbox 740 1031 962 1085; x_wconf 89' lang='lat' dir='ltr'><strong>tandem</strong></span> <span class='ocrx_word' id='word_1_60' title='bbox 1015 1037 1317 1100; x_wconf 87' lang='lat' dir='ltr'><strong>repetetur.</strong></span> <span class='ocrx_word' id='word_1_61' title='bbox 1365 1030 1500 1100; x_wconf 86' lang='lat' dir='ltr'><strong>Ligo</strong></span> <span class='ocrx_word' id='word_1_62' title='bbox 1530 1028 1700 1092; x_wconf 88' lang='lat' dir='ltr'><strong>enim,</strong></span> <span class='ocrx_word' id='word_1_63' title='bbox 1735 1028 1864 1093; x_wconf 80' lang='lat' dir='ltr'><strong>falx,</strong></span> 
     </span>
    </p>
   </div>
   <div class='ocr_carea' id='block_1_11' title="bbox 273 1120 1869 1195">
    <p class='ocr_par' dir='ltr' id='par_1_11' title="bbox 273 1120 1869 1195">
     <span class='ocr_line' id='line_1_11' title="bbox 273 1120 1869 1195; baseline -0.003 -15"><span class='ocrx_word' id='word_1_64' title='bbox 273 1134 535 1188; x_wconf 89' lang='lat' dir='ltr'><strong>rastrum,</strong></span> <span class='ocrx_word' id='word_1_65' title='bbox 560 1138 737 1195; x_wconf 83' lang='lat' dir='ltr'><strong>serra,</strong></span> <span class='ocrx_word' id='word_1_66' title='bbox 779 1121 1030 1185; x_wconf 88' lang='lat' dir='ltr'><strong>dolabra,</strong></span> <span class='ocrx_word' id='word_1_67' title='bbox 1065 1120 1303 1184; x_wconf 82' lang='lat' dir='ltr'><strong>terebra,</strong></span> <span class='ocrx_word' id='word_1_68' title='bbox 1338 1121 1572 1192; x_wconf 89' lang='lat' dir='ltr'><strong>gladius,</strong></span> <span class='ocrx_word' id='word_1_69' title='bbox 1611 1120 1788 1183; x_wconf 89' lang='lat' dir='ltr'><strong>basta,</strong></span> <span class='ocrx_word' id='word_1_70' title='bbox 1813 1128 1869 1175; x_wconf 80' lang='lat' dir='ltr'><strong>et</strong></span> 
     </span>
    </p>
   </div>
   <div class='ocr_carea' id='block_1_12' title="bbox 271 1212 1868 1289">
    <p class='ocr_par' dir='ltr' id='par_1_12' title="bbox 271 1212 1868 1289">
     <span class='ocr_line' id='line_1_12' title="bbox 271 1212 1868 1289; baseline -0.004 -15"><span class='ocrx_word' id='word_1_71' title='bbox 271 1218 544 1289; x_wconf 86' lang='lat' dir='ltr'><strong>quidquid</strong></span> <span class='ocrx_word' id='word_1_72' title='bbox 598 1216 727 1272; x_wconf 66' lang='lat' dir='ltr'><strong>vita:</strong></span> <span class='ocrx_word' id='word_1_73' title='bbox 764 1215 1019 1271; x_wconf 75' lang='lat' dir='ltr'><strong>humana:</strong></span> <span class='ocrx_word' id='word_1_74' title='bbox 1098 1215 1350 1278; x_wconf 87' lang='lat' dir='ltr'><strong>inservit,</strong></span> <span class='ocrx_word' id='word_1_75' title='bbox 1432 1212 1868 1284; x_wconf 80' lang='lat' dir='ltr'><strong>unumquodque</strong></span> 
     </span>
    </p>
   </div>
   <div class='ocr_carea' id='block_1_13' title="bbox 272 1306 1870 1377">
    <p class='ocr_par' dir='ltr' id='par_1_13' title="bbox 272 1306 1870 1377">
     <span class='ocr_line' id='line_1_13' title="bbox 272 1306 1870 1377; baseline -0.006 -11"><span class='ocrx_word' id='word_1_76' title='bbox 272 1313 474 1366; x_wconf 88' lang='lat' dir='ltr'><strong>horum</strong></span> <span class='ocrx_word' id='word_1_77' title='bbox 509 1309 755 1364; x_wconf 87' lang='lat' dir='ltr'><strong>omnium</strong></span> <span class='ocrx_word' id='word_1_78' title='bbox 781 1307 851 1362; x_wconf 89' lang='lat' dir='ltr'><strong>ad</strong></span> <span class='ocrx_word' id='word_1_79' title='bbox 899 1322 1040 1377; x_wconf 86' lang='lat' dir='ltr'><strong>epus</strong></span> <span class='ocrx_word' id='word_1_80' title='bbox 1082 1317 1167 1361; x_wconf 89' lang='lat' dir='ltr'><strong>est</strong></span> <span class='ocrx_word' id='word_1_81' title='bbox 1200 1306 1509 1369; x_wconf 87' lang='lat' dir='ltr'><strong>inventum,</strong></span> <span class='ocrx_word' id='word_1_82' title='bbox 1545 1321 1652 1359; x_wconf 87' lang='lat' dir='ltr'><strong>non</strong></span> <span class='ocrx_word' id='word_1_83' title='bbox 1687 1314 1870 1359; x_wconf 88' lang='lat' dir='ltr'><strong>tamen</strong></span> 
     </span>
    </p>
   </div>
   <div class='ocr_carea' id='block_1_14' title="bbox 274 1393 1867 1472">
    <p class='ocr_par' dir='ltr' id='par_1_14' title="bbox 274 1393 1867 1472">
     <span class='ocr_line' id='line_1_14' title="bbox 274 1393 1867 1472; baseline -0.007 -14"><span class='ocrx_word' id='word_1_84' title='bbox 274 1404 449 1458; x_wconf 91' lang='lat' dir='ltr'><strong>ullum</strong></span> <span class='ocrx_word' id='word_1_85' title='bbox 484 1414 711 1472; x_wconf 86' lang='lat' dir='ltr'><strong>prorsus</strong></span> <span class='ocrx_word' id='word_1_86' title='bbox 738 1414 837 1469; x_wconf 91' lang='lat' dir='ltr'><strong>per</strong></span> <span class='ocrx_word' id='word_1_87' title='bbox 856 1414 914 1453; x_wconf 88' lang='lat' dir='ltr'><strong>se</strong></span> <span class='ocrx_word' id='word_1_88' title='bbox 940 1407 1150 1451; x_wconf 90' lang='lat' dir='ltr'><strong>motum</strong></span> <span class='ocrx_word' id='word_1_89' title='bbox 1176 1397 1344 1450; x_wconf 87' lang='lat' dir='ltr'><strong>habet</strong></span> <span class='ocrx_word' id='word_1_90' title='bbox 1377 1413 1389 1449; x_wconf 90' lang='lat'>:</span> <span class='ocrx_word' id='word_1_91' title='bbox 1420 1396 1515 1450; x_wconf 90' lang='lat' dir='ltr'><strong>sed</strong></span> <span class='ocrx_word' id='word_1_92' title='bbox 1549 1395 1691 1448; x_wconf 86' lang='lat' dir='ltr'><strong>alius</strong></span> <span class='ocrx_word' id='word_1_93' title='bbox 1718 1393 1867 1449; x_wconf 90' lang='lat' dir='ltr'><strong>aliud</strong></span> 
     </span>
    </p>
   </div>
   <div class='ocr_carea' id='block_1_15' title="bbox 276 1485 1869 1561">
    <p class='ocr_par' dir='ltr' id='par_1_15' title="bbox 276 1485 1869 1561">
     <span class='ocr_line' id='line_1_15' title="bbox 276 1485 1869 1561; baseline -0.005 -13"><span class='ocrx_word' id='word_1_94' title='bbox 276 1492 507 1558; x_wconf 84' lang='lat' dir='ltr'><strong>invenit,</strong></span> <span class='ocrx_word' id='word_1_95' title='bbox 541 1503 602 1547; x_wconf 89' lang='lat' dir='ltr'><strong>ut</strong></span> <span class='ocrx_word' id='word_1_96' title='bbox 625 1506 723 1561; x_wconf 92' lang='lat' dir='ltr'><strong>per</strong></span> <span class='ocrx_word' id='word_1_97' title='bbox 754 1489 808 1544; x_wconf 90' lang='lat' dir='ltr'><strong>id</strong></span> <span class='ocrx_word' id='word_1_98' title='bbox 840 1498 1022 1560; x_wconf 86' lang='lat' dir='ltr'><strong>posset</strong></span> <span class='ocrx_word' id='word_1_99' title='bbox 1048 1487 1195 1558; x_wconf 89' lang='lat' dir='ltr'><strong>quod</strong></span> <span class='ocrx_word' id='word_1_100' title='bbox 1219 1487 1419 1541; x_wconf 89' lang='lat' dir='ltr'><strong>liberet</strong></span> <span class='ocrx_word' id='word_1_101' title='bbox 1447 1485 1681 1542; x_wconf 76' lang='lat' dir='ltr'><strong>efﬁcere.</strong></span> <span class='ocrx_word' id='word_1_102' title='bbox 1717 1485 1869 1540; x_wconf 81' lang='lat' dir='ltr'><strong>Velle</strong></span> 
     </span>
    </p>
   </div>
   <div class='ocr_carea' id='block_1_16' title="bbox 276 1581 1869 1652">
    <p class='ocr_par' dir='ltr' id='par_1_16' title="bbox 276 1581 1869 1652">
     <span class='ocr_line' id='line_1_16' title="bbox 276 1581 1869 1652; baseline -0.004 -15"><span class='ocrx_word' id='word_1_103' title='bbox 276 1596 487 1648; x_wconf 88' lang='lat' dir='ltr'><strong>autem,</strong></span> <span class='ocrx_word' id='word_1_104' title='bbox 517 1593 573 1637; x_wconf 88' lang='lat' dir='ltr'><strong>et</strong></span> <span class='ocrx_word' id='word_1_105' title='bbox 622 1597 783 1652; x_wconf 86' lang='lat' dir='ltr'><strong>posse</strong></span> <span class='ocrx_word' id='word_1_106' title='bbox 833 1598 864 1636; x_wconf 93' lang='lat' dir='ltr'><strong>a</strong></span> <span class='ocrx_word' id='word_1_107' title='bbox 898 1582 1012 1635; x_wconf 84' lang='lat' dir='ltr'><strong>Deo</strong></span> <span class='ocrx_word' id='word_1_108' title='bbox 1049 1581 1284 1650; x_wconf 84' lang='lat' dir='ltr'><strong>accepit,</strong></span> <span class='ocrx_word' id='word_1_109' title='bbox 1318 1588 1474 1635; x_wconf 82' lang='lat' dir='ltr'><strong>extra</strong></span> <span class='ocrx_word' id='word_1_110' title='bbox 1509 1594 1672 1649; x_wconf 87' lang='lat' dir='ltr'><strong>quem</strong></span> <span class='ocrx_word' id='word_1_111' title='bbox 1706 1594 1869 1633; x_wconf 89' lang='lat' dir='ltr'><strong>nemo</strong></span> 
     </span>
    </p>
   </div>
   <div class='ocr_carea' id='block_1_17' title="bbox 273 1672 1867 1745">
    <p class='ocr_par' dir='ltr' id='par_1_17' title="bbox 273 1672 1867 1745">
     <span class='ocr_line' id='line_1_17' title="bbox 273 1672 1867 1745; baseline -0.004 -16"><span class='ocrx_word' id='word_1_112' title='bbox 273 1674 581 1745; x_wconf 84' lang='lat' dir='ltr'><strong>quidquam</strong></span> <span class='ocrx_word' id='word_1_113' title='bbox 614 1682 819 1743; x_wconf 88' lang='lat' dir='ltr'><strong>potest,</strong></span> <span class='ocrx_word' id='word_1_114' title='bbox 851 1688 961 1726; x_wconf 86' lang='lat' dir='ltr'><strong>non</strong></span> <span class='ocrx_word' id='word_1_115' title='bbox 1000 1688 1182 1743; x_wconf 88' lang='lat' dir='ltr'><strong>agere,</strong></span> <span class='ocrx_word' id='word_1_116' title='bbox 1219 1688 1329 1726; x_wconf 89' lang='lat' dir='ltr'><strong>non</strong></span> <span class='ocrx_word' id='word_1_117' title='bbox 1375 1672 1538 1736; x_wconf 85' lang='lat' dir='ltr'><strong>velle,</strong></span> <span class='ocrx_word' id='word_1_118' title='bbox 1587 1686 1695 1724; x_wconf 91' lang='lat' dir='ltr'><strong>non</strong></span> <span class='ocrx_word' id='word_1_119' title='bbox 1740 1686 1867 1739; x_wconf 87' lang='lat' dir='ltr'><strong>par-</strong></span> 
     </span>
    </p>
   </div>
   <div class='ocr_carea' id='block_1_18' title="bbox 273 1761 1866 1838">
    <p class='ocr_par' dir='ltr' id='par_1_18' title="bbox 273 1761 1866 1838">
     <span class='ocr_line' id='line_1_18' title="bbox 273 1761 1866 1838; baseline -0.004 -19"><span class='ocrx_word' id='word_1_120' title='bbox 273 1783 429 1831; x_wconf 82' lang='lat' dir='ltr'><strong>vum,</strong></span> <span class='ocrx_word' id='word_1_121' title='bbox 459 1782 568 1820; x_wconf 89' lang='lat' dir='ltr'><strong>non</strong></span> <span class='ocrx_word' id='word_1_122' title='bbox 594 1780 852 1838; x_wconf 87' lang='lat' dir='ltr'><strong>magnum</strong></span> <span class='ocrx_word' id='word_1_123' title='bbox 885 1766 1124 1835; x_wconf 89' lang='lat' dir='ltr'><strong>denique</strong></span> <span class='ocrx_word' id='word_1_124' title='bbox 1164 1783 1175 1818; x_wconf 92' lang='lat'>:</span> <span class='ocrx_word' id='word_1_125' title='bbox 1207 1765 1355 1819; x_wconf 89' lang='lat' dir='ltr'><strong>sicut</strong></span> <span class='ocrx_word' id='word_1_126' title='bbox 1386 1764 1597 1818; x_wconf 90' lang='lat' dir='ltr'><strong>nullum</strong></span> <span class='ocrx_word' id='word_1_127' title='bbox 1635 1761 1866 1817; x_wconf 89' lang='lat' dir='ltr'><strong>istorum</strong></span> 
     </span>
    </p>
   </div>
   <div class='ocr_carea' id='block_1_19' title="bbox 274 1857 1866 1927">
    <p class='ocr_par' dir='ltr' id='par_1_19' title="bbox 274 1857 1866 1927">
     <span class='ocr_line' id='line_1_19' title="bbox 274 1857 1866 1927; baseline -0.004 -14"><span class='ocrx_word' id='word_1_128' title='bbox 274 1861 774 1914; x_wconf 83' lang='lat' dir='ltr'><strong>instrumentorum</strong></span> <span class='ocrx_word' id='word_1_129' title='bbox 802 1857 1085 1927; x_wconf 85' lang='lat' dir='ltr'><strong>quidpiam</strong></span> <span class='ocrx_word' id='word_1_130' title='bbox 1126 1859 1305 1927; x_wconf 89' lang='lat' dir='ltr'><strong>ipsum</strong></span> <span class='ocrx_word' id='word_1_131' title='bbox 1360 1871 1391 1910; x_wconf 94' lang='lat' dir='ltr'><strong>a</strong></span> <span class='ocrx_word' id='word_1_132' title='bbox 1448 1870 1529 1919; x_wconf 91' lang='lat' dir='ltr'><strong>se,</strong></span> <span class='ocrx_word' id='word_1_133' title='bbox 1572 1864 1629 1908; x_wconf 90' lang='lat' dir='ltr'><strong>et</strong></span> <span class='ocrx_word' id='word_1_134' title='bbox 1680 1870 1778 1925; x_wconf 88' lang='lat' dir='ltr'><strong>per</strong></span> <span class='ocrx_word' id='word_1_135' title='bbox 1807 1868 1866 1908; x_wconf 90' lang='lat' dir='ltr'><strong>se</strong></span> 
     </span>
    </p>
   </div>
   <div class='ocr_carea' id='block_1_20' title="bbox 276 1945 1869 2017">
    <p class='ocr_par' dir='ltr' id='par_1_20' title="bbox 276 1945 1869 2017">
     <span class='ocr_line' id='line_1_20' title="bbox 276 1945 1869 2017; baseline -0.003 -14"><span class='ocrx_word' id='word_1_136' title='bbox 276 1956 511 2013; x_wconf 88' lang='lat' dir='ltr'><strong>motum,</strong></span> <span class='ocrx_word' id='word_1_137' title='bbox 537 1947 716 2003; x_wconf 88' lang='lat' dir='ltr'><strong>facere</strong></span> <span class='ocrx_word' id='word_1_138' title='bbox 750 1962 854 2002; x_wconf 90' lang='lat' dir='ltr'><strong>nec</strong></span> <span class='ocrx_word' id='word_1_139' title='bbox 898 1957 1092 2016; x_wconf 80' lang='lat' dir='ltr'><strong>Sponte</strong></span> <span class='ocrx_word' id='word_1_140' title='bbox 1123 1947 1189 2001; x_wconf 92' lang='lat' dir='ltr'><strong>ad</strong></span> <span class='ocrx_word' id='word_1_141' title='bbox 1223 1962 1362 2017; x_wconf 91' lang='lat' dir='ltr'><strong>opus</strong></span> <span class='ocrx_word' id='word_1_142' title='bbox 1389 1945 1524 2000; x_wconf 88' lang='lat' dir='ltr'><strong>cieri</strong></span> <span class='ocrx_word' id='word_1_143' title='bbox 1559 1955 1765 2014; x_wconf 83' lang='lat' dir='ltr'><strong>potest,</strong></span> <span class='ocrx_word' id='word_1_144' title='bbox 1822 1945 1869 1999; x_wconf 90' lang='lat' dir='ltr'><strong>si</strong></span> 
     </span>
    </p>
   </div>
   <div class='ocr_carea' id='block_1_21' title="bbox 276 2038 1871 2109">
    <p class='ocr_par' dir='ltr' id='par_1_21' title="bbox 276 2038 1871 2109">
     <span class='ocr_line' id='line_1_21' title="bbox 276 2038 1871 2109; baseline -0.003 -14"><span class='ocrx_word' id='word_1_145' title='bbox 276 2040 498 2103; x_wconf 72' lang='lat' dir='ltr'><strong>artifex,</strong></span> <span class='ocrx_word' id='word_1_146' title='bbox 524 2050 582 2094; x_wconf 88' lang='lat' dir='ltr'><strong>et</strong></span> <span class='ocrx_word' id='word_1_147' title='bbox 620 2054 817 2094; x_wconf 90' lang='lat' dir='ltr'><strong>manus</strong></span> <span class='ocrx_word' id='word_1_148' title='bbox 844 2040 1098 2104; x_wconf 78' lang='lat' dir='ltr'><strong>artificis,</strong></span> <span class='ocrx_word' id='word_1_149' title='bbox 1131 2054 1256 2109; x_wconf 76' lang='lat' dir='ltr'><strong>qua:</strong></span> <span class='ocrx_word' id='word_1_150' title='bbox 1279 2049 1432 2093; x_wconf 89' lang='lat' dir='ltr'><strong>motu</strong></span> <span class='ocrx_word' id='word_1_151' title='bbox 1464 2039 1530 2093; x_wconf 92' lang='lat' dir='ltr'><strong>ad</strong></span> <span class='ocrx_word' id='word_1_152' title='bbox 1557 2039 1742 2108; x_wconf 88' lang='lat' dir='ltr'><strong>operis</strong></span> <span class='ocrx_word' id='word_1_153' title='bbox 1772 2038 1871 2092; x_wconf 90' lang='lat' dir='ltr'><strong>ali-</strong></span> 
     </span>
    </p>
   </div>
   <div class='ocr_carea' id='block_1_22' title="bbox 277 2130 1873 2205">
    <p class='ocr_par' dir='ltr' id='par_1_22' title="bbox 277 2130 1873 2205">
     <span class='ocr_line' id='line_1_22' title="bbox 277 2130 1873 2205; baseline -0.002 -18"><span class='ocrx_word' id='word_1_154' title='bbox 277 2135 439 2205; x_wconf 82' lang='lat' dir='ltr'><strong>cujus</strong></span> <span class='ocrx_word' id='word_1_155' title='bbox 453 2147 613 2188; x_wconf 89' lang='lat' dir='ltr'><strong>usum</strong></span> <span class='ocrx_word' id='word_1_156' title='bbox 643 2140 849 2196; x_wconf 87' lang='lat' dir='ltr'><strong>utatur,</strong></span> <span class='ocrx_word' id='word_1_157' title='bbox 877 2146 984 2185; x_wconf 90' lang='lat' dir='ltr'><strong>non</strong></span> <span class='ocrx_word' id='word_1_158' title='bbox 1009 2130 1272 2187; x_wconf 86' lang='lat' dir='ltr'><strong>adfuerit.</strong></span> <span class='ocrx_word' id='word_1_159' title='bbox 1296 2132 1407 2187; x_wconf 88' lang='lat' dir='ltr'><strong>Nec</strong></span> <span class='ocrx_word' id='word_1_160' title='bbox 1426 2132 1536 2186; x_wconf 93' lang='lat' dir='ltr'><strong>ullo</strong></span> <span class='ocrx_word' id='word_1_161' title='bbox 1559 2132 1723 2187; x_wconf 91' lang='lat' dir='ltr'><strong>modo</strong></span> <span class='ocrx_word' id='word_1_162' title='bbox 1744 2131 1873 2185; x_wconf 90' lang='lat' dir='ltr'><strong>abs-</strong></span> 
     </span>
    </p>
   </div>
   <div class='ocr_carea' id='block_1_23' title="bbox 276 2210 1870 2296">
    <p class='ocr_par' dir='ltr' id='par_1_23' title="bbox 276 2210 1870 2296">
     <span class='ocr_line' id='line_1_23' title="bbox 276 2210 1870 2296; baseline -0.001 -16"><span class='ocrx_word' id='word_1_163' title='bbox 276 2242 385 2296; x_wconf 89' lang='lat' dir='ltr'><strong>que</strong></span> <span class='ocrx_word' id='word_1_164' title='bbox 407 2227 588 2279; x_wconf 89' lang='lat' dir='ltr'><strong>divina</strong></span> <span class='ocrx_word' id='word_1_165' title='bbox 621 2239 724 2294; x_wconf 91' lang='lat' dir='ltr'><strong>ope</strong></span> <span class='ocrx_word' id='word_1_166' title='bbox 780 2224 1052 2293; x_wconf 87' lang='lat' dir='ltr'><strong>quispiam</strong></span> <span class='ocrx_word' id='word_1_167' title='bbox 1088 2225 1172 2278; x_wconf 89' lang='lat' dir='ltr'><strong>vel</strong></span> <span class='ocrx_word' id='word_1_168' title='bbox 1220 2235 1364 2295; x_wconf 91' lang='lat' dir='ltr'><strong>agat,</strong></span> <span class='ocrx_word' id='word_1_169' title='bbox 1405 2226 1489 2279; x_wconf 91' lang='lat' dir='ltr'><strong>vel</strong></span> <span class='ocrx_word' id='word_1_170' title='bbox 1527 2210 1753 2296; x_wconf 78' lang='lat' dir='ltr'><strong>cogitet,</strong></span> <span class='ocrx_word' id='word_1_171' title='bbox 1786 2224 1870 2279; x_wconf 91' lang='lat' dir='ltr'><strong>vel</strong></span> 
     </span>
    </p>
   </div>
   <div class='ocr_carea' id='block_1_24' title="bbox 277 2316 1871 2388">
    <p class='ocr_par' dir='ltr' id='par_1_24' title="bbox 277 2316 1871 2388">
     <span class='ocr_line' id='line_1_24' title="bbox 277 2316 1871 2388; baseline -0.002 -14"><span class='ocrx_word' id='word_1_172' title='bbox 277 2320 562 2388; x_wconf 87' lang='lat' dir='ltr'><strong>loquatur.</strong></span> <span class='ocrx_word' id='word_1_173' title='bbox 601 2316 746 2371; x_wconf 87' lang='lat' dir='ltr'><strong>Deus</strong></span> <span class='ocrx_word' id='word_1_174' title='bbox 795 2317 943 2371; x_wconf 87' lang='lat' dir='ltr'><strong>enim</strong></span> <span class='ocrx_word' id='word_1_175' title='bbox 987 2316 1259 2382; x_wconf 89' lang='lat' dir='ltr'><strong>condidit,</strong></span> <span class='ocrx_word' id='word_1_176' title='bbox 1302 2317 1448 2372; x_wconf 90' lang='lat' dir='ltr'><strong>Deus</strong></span> <span class='ocrx_word' id='word_1_177' title='bbox 1499 2318 1648 2372; x_wconf 90' lang='lat' dir='ltr'><strong>enim</strong></span> <span class='ocrx_word' id='word_1_178' title='bbox 1699 2318 1871 2372; x_wconf 90' lang='lat' dir='ltr'><strong>vitam</strong></span> 
     </span>
    </p>
   </div>
   <div class='ocr_carea' id='block_1_25' title="bbox 276 2407 1870 2482">
    <p class='ocr_par' dir='ltr' id='par_1_25' title="bbox 276 2407 1870 2482">
     <span class='ocr_line' id='line_1_25' title="bbox 276 2407 1870 2482; baseline -0.002 -16"><span class='ocrx_word' id='word_1_179' title='bbox 276 2410 531 2482; x_wconf 84' lang='lat' dir='ltr'><strong>largitur.</strong></span> <span class='ocrx_word' id='word_1_180' title='bbox 569 2407 648 2463; x_wconf 82' lang='lat' dir='ltr'><strong>Ab</strong></span> <span class='ocrx_word' id='word_1_181' title='bbox 678 2408 772 2463; x_wconf 91' lang='lat' dir='ltr'><strong>illo</strong></span> <span class='ocrx_word' id='word_1_182' title='bbox 799 2423 982 2478; x_wconf 82' lang='lat' dir='ltr'><strong>posse,</strong></span> <span class='ocrx_word' id='word_1_183' title='bbox 1016 2419 1069 2462; x_wconf 87' lang='lat' dir='ltr'><strong>ct</strong></span> <span class='ocrx_word' id='word_1_184' title='bbox 1104 2409 1337 2477; x_wconf 89' lang='lat' dir='ltr'><strong>spirare,</strong></span> <span class='ocrx_word' id='word_1_185' title='bbox 1363 2416 1422 2463; x_wconf 89' lang='lat' dir='ltr'><strong>et</strong></span> <span class='ocrx_word' id='word_1_186' title='bbox 1446 2409 1586 2464; x_wconf 87' lang='lat' dir='ltr'><strong>velle</strong></span> <span class='ocrx_word' id='word_1_187' title='bbox 1613 2411 1870 2465; x_wconf 90' lang='lat' dir='ltr'><strong>sumitur.</strong></span> 
     </span>
    </p>
   </div>
   <div class='ocr_carea' id='block_1_26' title="bbox 278 2500 1876 2573">
    <p class='ocr_par' dir='ltr' id='par_1_26' title="bbox 278 2500 1876 2573">
     <span class='ocr_line' id='line_1_26' title="bbox 278 2500 1876 2573; baseline 0 -15"><span class='ocrx_word' id='word_1_188' title='bbox 278 2505 346 2559; x_wconf 86' lang='lat' dir='ltr'><strong>Et</strong></span> <span class='ocrx_word' id='word_1_189' title='bbox 380 2502 662 2573; x_wconf 88' lang='lat' dir='ltr'><strong>quomodo</strong></span> <span class='ocrx_word' id='word_1_190' title='bbox 698 2503 835 2556; x_wconf 88' lang='lat' dir='ltr'><strong>citra</strong></span> <span class='ocrx_word' id='word_1_191' title='bbox 866 2500 1168 2572; x_wconf 88' lang='lat' dir='ltr'><strong>potentiam</strong></span> <span class='ocrx_word' id='word_1_192' title='bbox 1204 2502 1533 2558; x_wconf 89' lang='lat' dir='ltr'><strong>sustinentis</strong></span> <span class='ocrx_word' id='word_1_193' title='bbox 1562 2506 1769 2568; x_wconf 86' lang='lat' dir='ltr'><strong>omnia,</strong></span> <span class='ocrx_word' id='word_1_194' title='bbox 1819 2512 1876 2558; x_wconf 89' lang='lat' dir='ltr'><strong>et</strong></span> 
     </span>
    </p>
   </div>
   <div class='ocr_carea' id='block_1_27' title="bbox 244 2593 1874 2666">
    <p class='ocr_par' dir='ltr' id='par_1_27' title="bbox 244 2593 1874 2666">
     <span class='ocr_line' id='line_1_27' title="bbox 244 2593 1874 2666; baseline 0.002 -21"><span class='ocrx_word' id='word_1_195' title='bbox 244 2594 590 2660; x_wconf 84' lang='lat' dir='ltr'><strong>-scientiam,</strong></span> <span class='ocrx_word' id='word_1_196' title='bbox 631 2600 687 2649; x_wconf 75' lang='lat' dir='ltr'><strong>et</strong></span> <span class='ocrx_word' id='word_1_197' title='bbox 718 2608 916 2648; x_wconf 88' lang='lat' dir='ltr'><strong>manus</strong></span> <span class='ocrx_word' id='word_1_198' title='bbox 968 2593 1101 2647; x_wconf 90' lang='lat' dir='ltr'><strong>mihi</strong></span> <span class='ocrx_word' id='word_1_199' title='bbox 1162 2602 1219 2649; x_wconf 91' lang='lat' dir='ltr'><strong>et</strong></span> <span class='ocrx_word' id='word_1_200' title='bbox 1253 2593 1422 2664; x_wconf 81' lang='lat' dir='ltr'><strong>pedes</strong></span> <span class='ocrx_word' id='word_1_201' title='bbox 1483 2595 1874 2666; x_wconf 89' lang='lat' dir='ltr'><strong>impertientis,</strong></span> 
     </span>
    </p>
   </div>
   <div class='ocr_carea' id='block_1_28' title="bbox 281 2682 1875 2759">
    <p class='ocr_par' dir='ltr' id='par_1_28' title="bbox 281 2682 1875 2759">
     <span class='ocr_line' id='line_1_28' title="bbox 281 2682 1875 2759; baseline 0 -17"><span class='ocrx_word' id='word_1_202' title='bbox 281 2689 400 2758; x_wconf 84' lang='lat' dir='ltr'><strong>ipse</strong></span> <span class='ocrx_word' id='word_1_203' title='bbox 428 2702 527 2758; x_wconf 86' lang='lat' dir='ltr'><strong>per</strong></span> <span class='ocrx_word' id='word_1_204' title='bbox 566 2701 656 2740; x_wconf 90' lang='lat' dir='ltr'><strong>me</strong></span> <span class='ocrx_word' id='word_1_205' title='bbox 702 2682 1007 2755; x_wconf 87' lang='lat' dir='ltr'><strong>quidquam</strong></span> <span class='ocrx_word' id='word_1_206' title='bbox 1046 2685 1355 2757; x_wconf 84' lang='lat' dir='ltr'><strong>intelligere</strong></span> <span class='ocrx_word' id='word_1_207' title='bbox 1386 2695 1443 2742; x_wconf 90' lang='lat' dir='ltr'><strong>et</strong></span> <span class='ocrx_word' id='word_1_208' title='bbox 1488 2702 1651 2759; x_wconf 87' lang='lat' dir='ltr'><strong>agere</strong></span> <span class='ocrx_word' id='word_1_209' title='bbox 1690 2688 1875 2742; x_wconf 86' lang='lat' dir='ltr'><strong>divina</strong></span> 
     </span>
    </p>
   </div>
   <div class='ocr_carea' id='block_1_29' title="bbox 279 2774 1877 2850">
    <p class='ocr_par' dir='ltr' id='par_1_29' title="bbox 279 2774 1877 2850">
     <span class='ocr_line' id='line_1_29' title="bbox 279 2774 1877 2850; baseline -0.001 -14"><span class='ocrx_word' id='word_1_210' title='bbox 279 2782 523 2850; x_wconf 86' lang='lat' dir='ltr'><strong>desuper</strong></span> <span class='ocrx_word' id='word_1_211' title='bbox 560 2784 830 2848; x_wconf 85' lang='lat' dir='ltr'><strong>potestate</strong></span> <span class='ocrx_word' id='word_1_212' title='bbox 859 2774 1187 2832; x_wconf 86' lang='lat' dir='ltr'><strong>adversante</strong></span> <span class='ocrx_word' id='word_1_213' title='bbox 1212 2777 1469 2847; x_wconf 87' lang='lat' dir='ltr'><strong>possem?</strong></span> <span class='ocrx_word' id='word_1_214' title='bbox 1492 2777 1759 2849; x_wconf 83' lang='lat' dir='ltr'><strong>Exemplo</strong></span> <span class='ocrx_word' id='word_1_215' title='bbox 1786 2796 1877 2834; x_wconf 90' lang='lat' dir='ltr'><strong>res</strong></span> 
     </span>
    </p>
   </div>
   <div class='ocr_carea' id='block_1_30' title="bbox 288 2868 1877 2938">
    <p class='ocr_par' dir='ltr' id='par_1_30' title="bbox 288 2868 1877 2938">
     <span class='ocr_line' id='line_1_30' title="bbox 288 2868 1877 2938; baseline -0.001 -14"><span class='ocrx_word' id='word_1_216' title='bbox 288 2870 486 2925; x_wconf 85' lang='lat' dir='ltr'><strong>clarior</strong></span> <span class='ocrx_word' id='word_1_217' title='bbox 533 2869 648 2925; x_wconf 81' lang='lat' dir='ltr'><strong>ﬂet.</strong></span> <span class='ocrx_word' id='word_1_218' title='bbox 708 2868 969 2932; x_wconf 90' lang='lat' dir='ltr'><strong>Ferrarii,</strong></span> <span class='ocrx_word' id='word_1_219' title='bbox 1019 2882 1258 2938; x_wconf 87' lang='lat' dir='ltr'><strong>quorum</strong></span> <span class='ocrx_word' id='word_1_220' title='bbox 1299 2883 1442 2938; x_wconf 90' lang='lat' dir='ltr'><strong>opus</strong></span> <span class='ocrx_word' id='word_1_221' title='bbox 1481 2869 1539 2923; x_wconf 91' lang='lat' dir='ltr'><strong>in</strong></span> <span class='ocrx_word' id='word_1_222' title='bbox 1576 2868 1726 2925; x_wconf 88' lang='lat' dir='ltr'><strong>ferro</strong></span> <span class='ocrx_word' id='word_1_223' title='bbox 1769 2880 1877 2934; x_wconf 88' lang='lat' dir='ltr'><strong>est,</strong></span> 
     </span>
    </p>
   </div>
   <div class='ocr_carea' id='block_1_31' title="bbox 282 2957 1881 3031">
    <p class='ocr_par' dir='ltr' id='par_1_31' title="bbox 282 2957 1881 3031">
     <span class='ocr_line' id='line_1_31' title="bbox 282 2957 1881 3031; baseline 0 -18"><span class='ocrx_word' id='word_1_224' title='bbox 282 2960 491 3013; x_wconf 78' lang='lat' dir='ltr'><strong>ferrum</strong></span> <span class='ocrx_word' id='word_1_225' title='bbox 519 2966 755 3013; x_wconf 88' lang='lat' dir='ltr'><strong>tractant</strong></span> <span class='ocrx_word' id='word_1_226' title='bbox 809 2966 975 3028; x_wconf 82' lang='lat' dir='ltr'><strong>atque</strong></span> <span class='ocrx_word' id='word_1_227' title='bbox 1013 2958 1078 3012; x_wconf 88' lang='lat' dir='ltr'><strong>ad</strong></span> <span class='ocrx_word' id='word_1_228' title='bbox 1121 2957 1440 3029; x_wconf 88' lang='lat' dir='ltr'><strong>largitorem</strong></span> <span class='ocrx_word' id='word_1_229' title='bbox 1472 2959 1630 3026; x_wconf 85' lang='lat' dir='ltr'><strong>ferri,</strong></span> <span class='ocrx_word' id='word_1_230' title='bbox 1662 2969 1718 3014; x_wconf 91' lang='lat' dir='ltr'><strong>et</strong></span> <span class='ocrx_word' id='word_1_231' title='bbox 1761 2960 1881 3031; x_wconf 82' lang='lat' dir='ltr'><strong>Opi-</strong></span> 
     </span>
    </p>
   </div>
   <div class='ocr_carea' id='block_1_32' title="bbox 285 3045 1878 3117">
    <p class='ocr_par' dir='ltr' id='par_1_32' title="bbox 285 3045 1878 3117">
     <span class='ocr_line' id='line_1_32' title="bbox 285 3045 1878 3117; baseline -0.002 -15"><span class='ocrx_word' id='word_1_232' title='bbox 285 3049 442 3104; x_wconf 84' lang='lat' dir='ltr'><strong>ﬁcem</strong></span> <span class='ocrx_word' id='word_1_233' title='bbox 460 3048 707 3103; x_wconf 86' lang='lat' dir='ltr'><strong>omnium</strong></span> <span class='ocrx_word' id='word_1_234' title='bbox 736 3045 1062 3117; x_wconf 89' lang='lat' dir='ltr'><strong>respiciunt.</strong></span> <span class='ocrx_word' id='word_1_235' title='bbox 1089 3045 1151 3100; x_wconf 87' lang='lat' dir='ltr'><strong>In</strong></span> <span class='ocrx_word' id='word_1_236' title='bbox 1175 3060 1410 3101; x_wconf 86' lang='lat' dir='ltr'><strong>massam</strong></span> <span class='ocrx_word' id='word_1_237' title='bbox 1432 3054 1615 3101; x_wconf 86' lang='lat' dir='ltr'><strong>autem</strong></span> <span class='ocrx_word' id='word_1_238' title='bbox 1640 3047 1878 3117; x_wconf 90' lang='lat' dir='ltr'><strong>primum</strong></span> 
     </span>
    </p>
   </div>
   <div class='ocr_carea' id='block_1_33' title="bbox 1971 560 3561 630">
    <p class='ocr_par' dir='ltr' id='par_1_33' title="bbox 1971 560 3561 630">
     <span class='ocr_line' id='line_1_33' title="bbox 1971 560 3561 630; baseline 0.005 -16"><span class='ocrx_word' id='word_1_239' title='bbox 1971 560 2307 630; x_wconf 85' lang='lat' dir='ltr'><strong>complures,</strong></span> <span class='ocrx_word' id='word_1_240' title='bbox 2336 560 2577 615; x_wconf 88' lang='lat' dir='ltr'><strong>humana</strong></span> <span class='ocrx_word' id='word_1_241' title='bbox 2593 578 2657 616; x_wconf 91' lang='lat' dir='ltr'><strong>ac</strong></span> <span class='ocrx_word' id='word_1_242' title='bbox 2682 562 2867 617; x_wconf 85' lang='lat' dir='ltr'><strong>divina</strong></span> <span class='ocrx_word' id='word_1_243' title='bbox 2900 563 3171 630; x_wconf 79' lang='lat' dir='ltr'><strong>sapientia</strong></span> <span class='ocrx_word' id='word_1_244' title='bbox 3196 565 3475 628; x_wconf 88' lang='lat' dir='ltr'><strong>instructi,</strong></span> <span class='ocrx_word' id='word_1_245' title='bbox 3505 578 3561 622; x_wconf 72' lang='lat' dir='ltr'><strong>et.</strong></span> 
     </span>
    </p>
   </div>
   <div class='ocr_carea' id='block_1_34' title="bbox 1970 653 3565 716">
    <p class='ocr_par' dir='ltr' id='par_1_34' title="bbox 1970 653 3565 716">
     <span class='ocr_line' id='line_1_34' title="bbox 1970 653 3565 716; baseline 0.004 -12"><span class='ocrx_word' id='word_1_246' title='bbox 1970 665 2250 704; x_wconf 88' lang='lat' dir='ltr'><strong>sacrarum</strong></span> <span class='ocrx_word' id='word_1_247' title='bbox 2302 667 2488 705; x_wconf 89' lang='lat' dir='ltr'><strong>rerum</strong></span> <span class='ocrx_word' id='word_1_248' title='bbox 2540 653 2918 716; x_wconf 85' lang='lat' dir='ltr'><strong>scientissimi,</strong></span> <span class='ocrx_word' id='word_1_249' title='bbox 2975 654 3134 709; x_wconf 90' lang='lat' dir='ltr'><strong>libris</strong></span> <span class='ocrx_word' id='word_1_250' title='bbox 3202 656 3355 711; x_wconf 89' lang='lat' dir='ltr'><strong>hisce</strong></span> <span class='ocrx_word' id='word_1_251' title='bbox 3398 659 3565 714; x_wconf 73' lang='lat' dir='ltr'><strong>velut</strong></span> 
     </span>
    </p>
   </div>
   <div class='ocr_carea' id='block_1_35' title="bbox 1970 743 3555 819">
    <p class='ocr_par' dir='ltr' id='par_1_35' title="bbox 1970 743 3555 819">
     <span class='ocr_line' id='line_1_35' title="bbox 1970 743 3555 819; baseline 0.003 -21"><span class='ocrx_word' id='word_1_252' title='bbox 1970 743 2684 815; x_wconf 87' lang='lat' dir='ltr'><strong>fundamentisquibusdam</strong></span> <span class='ocrx_word' id='word_1_253' title='bbox 2707 745 2979 810; x_wconf 83' lang='lat' dir='ltr'><strong>nixi,cum</strong></span> <span class='ocrx_word' id='word_1_254' title='bbox 3006 748 3339 819; x_wconf 84' lang='lat' dir='ltr'><strong>martyribus</strong></span> <span class='ocrx_word' id='word_1_255' title='bbox 3356 765 3555 819; x_wconf 87' lang='lat' dir='ltr'><strong>super-</strong></span> 
     </span>
    </p>
   </div>
   <div class='ocr_carea' id='block_1_36' title="bbox 1967 836 3562 917">
    <p class='ocr_par' dir='ltr' id='par_1_36' title="bbox 1967 836 3562 917">
     <span class='ocr_line' id='line_1_36' title="bbox 1967 836 3562 917; baseline 0.003 -27"><span class='ocrx_word' id='word_1_256' title='bbox 1967 836 2335 917; x_wconf 54' lang='lat' dir='ltr'><strong>aediflcagunt,</strong></span> <span class='ocrx_word' id='word_1_257' title='bbox 2387 844 2443 890; x_wconf 90' lang='lat' dir='ltr'><strong>et</strong></span> <span class='ocrx_word' id='word_1_258' title='bbox 2476 836 2751 906; x_wconf 57' lang='lat' dir='ltr'><strong>primaevae</strong></span> <span class='ocrx_word' id='word_1_259' title='bbox 2802 837 3068 892; x_wconf 73' lang='lat' dir='ltr'><strong>doctrina:</strong></span> <span class='ocrx_word' id='word_1_260' title='bbox 3120 855 3185 892; x_wconf 76' lang='lat' dir='ltr'><strong>ex</strong></span> <span class='ocrx_word' id='word_1_261' title='bbox 3220 841 3370 894; x_wconf 77' lang='lat' dir='ltr'><strong>enini</strong></span> <span class='ocrx_word' id='word_1_262' title='bbox 3402 852 3562 911; x_wconf 89' lang='lat' dir='ltr'><strong>parte</strong></span> 
     </span>
    </p>
   </div>
   <div class='ocr_carea' id='block_1_37' title="bbox 1969 926 3566 996">
    <p class='ocr_par' dir='ltr' id='par_1_37' title="bbox 1969 926 3566 996">
     <span class='ocr_line' id='line_1_37' title="bbox 1969 926 3566 996; baseline 0.004 -15"><span class='ocrx_word' id='word_1_263' title='bbox 1969 928 2337 992; x_wconf 76' lang='lat' dir='ltr'><strong>adhaerentes,</strong></span> <span class='ocrx_word' id='word_1_264' title='bbox 2368 926 2588 996; x_wconf 88' lang='lat' dir='ltr'><strong>scriptis</strong></span> <span class='ocrx_word' id='word_1_265' title='bbox 2623 929 2736 980; x_wconf 65' lang='lat' dir='ltr'><strong>suis</strong></span> <span class='ocrx_word' id='word_1_266' title='bbox 2775 927 3075 983; x_wconf 86' lang='lat' dir='ltr'><strong>Ecclesiam</strong></span> <span class='ocrx_word' id='word_1_267' title='bbox 3122 931 3320 984; x_wconf 88' lang='lat' dir='ltr'><strong>mirum</strong></span> <span class='ocrx_word' id='word_1_268' title='bbox 3354 932 3408 985; x_wconf 89' lang='lat' dir='ltr'><strong>in</strong></span> <span class='ocrx_word' id='word_1_269' title='bbox 3447 948 3566 987; x_wconf 83' lang='lat' dir='ltr'><strong>mo-</strong></span> 
     </span>
    </p>
   </div>
   <div class='ocr_carea' id='block_1_38' title="bbox 1970 1018 3559 1093">
    <p class='ocr_par' dir='ltr' id='par_1_38' title="bbox 1970 1018 3559 1093">
     <span class='ocr_line' id='line_1_38' title="bbox 1970 1018 3559 1093; baseline 0.004 -20"><span class='ocrx_word' id='word_1_270' title='bbox 1970 1018 2099 1073; x_wconf 89' lang='lat' dir='ltr'><strong>dum</strong></span> <span class='ocrx_word' id='word_1_271' title='bbox 2117 1027 2473 1073; x_wconf 82' lang='lat' dir='ltr'><strong>exornarunt.</strong></span> <span class='ocrx_word' id='word_1_272' title='bbox 2500 1019 2656 1074; x_wconf 86' lang='lat' dir='ltr'><strong>Alius</strong></span> <span class='ocrx_word' id='word_1_273' title='bbox 2691 1021 2840 1073; x_wconf 90' lang='lat' dir='ltr'><strong>enim</strong></span> <span class='ocrx_word' id='word_1_274' title='bbox 2872 1022 3007 1075; x_wconf 86' lang='lat' dir='ltr'><strong>odas</strong></span> <span class='ocrx_word' id='word_1_275' title='bbox 3034 1025 3374 1093; x_wconf 81' lang='lat' dir='ltr'><strong>composuit;</strong></span> <span class='ocrx_word' id='word_1_276' title='bbox 3398 1025 3559 1091; x_wconf 87' lang='lat' dir='ltr'><strong>alius,</strong></span> 
     </span>
    </p>
   </div>
   <div class='ocr_carea' id='block_1_39' title="bbox 1972 1113 3560 1185">
    <p class='ocr_par' dir='ltr' id='par_1_39' title="bbox 1972 1113 3560 1185">
     <span class='ocr_line' id='line_1_39' title="bbox 1972 1113 3560 1185; baseline 0.003 -18"><span class='ocrx_word' id='word_1_277' title='bbox 1972 1113 2182 1167; x_wconf 86' lang='lat' dir='ltr'><strong>cantica</strong></span> <span class='ocrx_word' id='word_1_278' title='bbox 2213 1128 2353 1182; x_wconf 82' lang='lat' dir='ltr'><strong>quos</strong></span> <span class='ocrx_word' id='word_1_279' title='bbox 2386 1114 2616 1182; x_wconf 73' lang='grc' dir='ltr'><strong>εξρμοὺς</strong></span> <span class='ocrx_word' id='word_1_280' title='bbox 2648 1125 2847 1168; x_wconf 87' lang='lat' dir='ltr'><strong>vocant</strong></span> <span class='ocrx_word' id='word_1_281' title='bbox 2875 1130 2889 1179; x_wconf 93' lang='lat'><strong>;</strong></span> <span class='ocrx_word' id='word_1_282' title='bbox 2936 1113 3098 1178; x_wconf 88' lang='lat' dir='ltr'><strong>alius,</strong></span> <span class='ocrx_word' id='word_1_283' title='bbox 3134 1130 3368 1183; x_wconf 87' lang='lat' dir='ltr'><strong>versus;</strong></span> <span class='ocrx_word' id='word_1_284' title='bbox 3398 1118 3560 1185; x_wconf 88' lang='lat' dir='ltr'><strong>alius,</strong></span> 
     </span>
    </p>
   </div>
   <div class='ocr_carea' id='block_1_40' title="bbox 1969 1204 3564 1279">
    <p class='ocr_par' dir='ltr' id='par_1_40' title="bbox 1969 1204 3564 1279">
     <span class='ocr_line' id='line_1_40' title="bbox 1969 1204 3564 1279; baseline 0.004 -20"><span class='ocrx_word' id='word_1_285' title='bbox 1969 1204 2152 1274; x_wconf 87' lang='lat' dir='ltr'><strong>lepida</strong></span> <span class='ocrx_word' id='word_1_286' title='bbox 2179 1204 2415 1274; x_wconf 75' lang='grc' dir='ltr'><strong>στιχηρὰ</strong></span> <span class='ocrx_word' id='word_1_287' title='bbox 2444 1204 2666 1267; x_wconf 89' lang='lat' dir='ltr'><strong>triodia,</strong></span> <span class='ocrx_word' id='word_1_288' title='bbox 2697 1207 2963 1275; x_wconf 89' lang='lat' dir='ltr'><strong>troparia,</strong></span> <span class='ocrx_word' id='word_1_289' title='bbox 3014 1209 3343 1279; x_wconf 80' lang='grc' dir='ltr'><strong>προσόμοια,</strong></span> <span class='ocrx_word' id='word_1_290' title='bbox 3391 1226 3564 1266; x_wconf 82' lang='lat' dir='ltr'><strong>cano-</strong></span> 
     </span>
    </p>
   </div>
   <div class='ocr_carea' id='block_1_41' title="bbox 1972 1297 3565 1374">
    <p class='ocr_par' dir='ltr' id='par_1_41' title="bbox 1972 1297 3565 1374">
     <span class='ocr_line' id='line_1_41' title="bbox 1972 1297 3565 1374; baseline 0.006 -24"><span class='ocrx_word' id='word_1_291' title='bbox 1972 1312 2092 1362; x_wconf 89' lang='lat' dir='ltr'><strong>nas,</strong></span> <span class='ocrx_word' id='word_1_292' title='bbox 2143 1297 2525 1367; x_wconf 74' lang='grc' dir='ltr'><strong>ἁναόαθμοὺς,</strong></span> <span class='ocrx_word' id='word_1_293' title='bbox 2575 1299 2914 1369; x_wconf 81' lang='grc' dir='ltr'><strong>καθὶσματα,</strong></span> <span class='ocrx_word' id='word_1_294' title='bbox 2948 1303 3227 1369; x_wconf 88' lang='lat' dir='ltr'><strong>contacia;</strong></span> <span class='ocrx_word' id='word_1_295' title='bbox 3259 1304 3418 1369; x_wconf 87' lang='lat' dir='ltr'><strong>alius,</strong></span> <span class='ocrx_word' id='word_1_296' title='bbox 3453 1306 3565 1374; x_wconf 84' lang='lat' dir='ltr'><strong>spi-</strong></span> 
     </span>
    </p>
   </div>
   <div class='ocr_carea' id='block_1_42' title="bbox 1974 1378 3566 1467">
    <p class='ocr_par' dir='ltr' id='par_1_42' title="bbox 1974 1378 3566 1467">
     <span class='ocr_line' id='line_1_42' title="bbox 1974 1378 3566 1467; baseline 0.006 -24"><span class='ocrx_word' id='word_1_297' title='bbox 1974 1390 2255 1444; x_wconf 91' lang='lat' dir='ltr'><strong>ritualium</strong></span> <span class='ocrx_word' id='word_1_298' title='bbox 2288 1390 2539 1446; x_wconf 89' lang='lat' dir='ltr'><strong>modulos</strong></span> <span class='ocrx_word' id='word_1_299' title='bbox 2563 1378 2937 1461; x_wconf 86' lang='lat' dir='ltr'><strong>Psalmorum;</strong></span> <span class='ocrx_word' id='word_1_300' title='bbox 2961 1393 3076 1459; x_wconf 89' lang='lat' dir='ltr'><strong>alii,</strong></span> <span class='ocrx_word' id='word_1_301' title='bbox 3102 1396 3371 1463; x_wconf 86' lang='lat' dir='ltr'><strong>profunda</strong></span> <span class='ocrx_word' id='word_1_302' title='bbox 3402 1398 3566 1467; x_wconf 57' lang='lat' dir='ltr'><strong>spéri-</strong></span> 
     </span>
    </p>
   </div>
   <div class='ocr_carea' id='block_1_43' title="bbox 1977 1479 3566 1550">
    <p class='ocr_par' dir='ltr' id='par_1_43' title="bbox 1977 1479 3566 1550">
     <span class='ocr_line' id='line_1_43' title="bbox 1977 1479 3566 1550; baseline 0.004 -16"><span class='ocrx_word' id='word_1_303' title='bbox 1977 1492 2065 1535; x_wconf 93' lang='lat' dir='ltr'><strong>tus</strong></span> <span class='ocrx_word' id='word_1_304' title='bbox 2106 1490 2161 1534; x_wconf 90' lang='lat' dir='ltr'><strong>et</strong></span> <span class='ocrx_word' id='word_1_305' title='bbox 2183 1479 2443 1535; x_wconf 67' lang='lat' dir='ltr'><strong>Ecclesiae</strong></span> <span class='ocrx_word' id='word_1_306' title='bbox 2460 1483 2712 1550; x_wconf 80' lang='lat' dir='ltr'><strong>dogmata</strong></span> <span class='ocrx_word' id='word_1_307' title='bbox 2738 1491 3146 1550; x_wconf 89' lang='lat' dir='ltr'><strong>tractaverunt;</strong></span> <span class='ocrx_word' id='word_1_308' title='bbox 3176 1485 3268 1539; x_wconf 86' lang='lat' dir='ltr'><strong>alii</strong></span> <span class='ocrx_word' id='word_1_309' title='bbox 3293 1486 3359 1539; x_wconf 89' lang='lat' dir='ltr'><strong>de</strong></span> <span class='ocrx_word' id='word_1_310' title='bbox 3381 1487 3566 1541; x_wconf 84' lang='lat' dir='ltr'><strong>incar-</strong></span> 
     </span>
    </p>
   </div>
   <div class='ocr_carea' id='block_1_44' title="bbox 1972 1569 3562 1646">
    <p class='ocr_par' dir='ltr' id='par_1_44' title="bbox 1972 1569 3562 1646">
     <span class='ocr_line' id='line_1_44' title="bbox 1972 1569 3562 1646; baseline 0.004 -22"><span class='ocrx_word' id='word_1_311' title='bbox 1972 1569 2199 1625; x_wconf 88' lang='lat' dir='ltr'><strong>natione</strong></span> <span class='ocrx_word' id='word_1_312' title='bbox 2222 1571 2385 1626; x_wconf 82' lang='lat' dir='ltr'><strong>Verbi</strong></span> <span class='ocrx_word' id='word_1_313' title='bbox 2414 1572 2784 1641; x_wconf 89' lang='lat' dir='ltr'><strong>disputantes,</strong></span> <span class='ocrx_word' id='word_1_314' title='bbox 2820 1576 3068 1628; x_wconf 91' lang='lat' dir='ltr'><strong>omnium</strong></span> <span class='ocrx_word' id='word_1_315' title='bbox 3104 1577 3562 1646; x_wconf 76' lang='lat' dir='ltr'><strong>blaSpbcmomm</strong></span> 
     </span>
    </p>
   </div>
   <div class='ocr_carea' id='block_1_45' title="bbox 1974 1662 3568 1732">
    <p class='ocr_par' dir='ltr' id='par_1_45' title="bbox 1974 1662 3568 1732">
     <span class='ocr_line' id='line_1_45' title="bbox 1974 1662 3568 1732; baseline 0.006 -18"><span class='ocrx_word' id='word_1_316' title='bbox 1974 1676 2347 1732; x_wconf 88' lang='lat' dir='ltr'><strong>perverseque</strong></span> <span class='ocrx_word' id='word_1_317' title='bbox 2393 1662 2741 1732; x_wconf 86' lang='lat' dir='ltr'><strong>opinantium</strong></span> <span class='ocrx_word' id='word_1_318' title='bbox 2787 1679 2883 1718; x_wconf 91' lang='lat' dir='ltr'><strong>ora</strong></span> <span class='ocrx_word' id='word_1_319' title='bbox 2937 1666 3367 1727; x_wconf 79' lang='lat' dir='ltr'><strong>obstruxerunt;</strong></span> <span class='ocrx_word' id='word_1_320' title='bbox 3422 1672 3568 1723; x_wconf 79' lang='lat' dir='ltr'><strong>alius</strong></span> 
     </span>
    </p>
   </div>
   <div class='ocr_carea' id='block_1_46' title="bbox 1973 1752 3565 1826">
    <p class='ocr_par' dir='ltr' id='par_1_46' title="bbox 1973 1752 3565 1826">
     <span class='ocr_line' id='line_1_46' title="bbox 1973 1752 3565 1826; baseline 0.004 -19"><span class='ocrx_word' id='word_1_321' title='bbox 1973 1752 2289 1822; x_wconf 88' lang='lat' dir='ltr'><strong>eloquentia</strong></span> <span class='ocrx_word' id='word_1_322' title='bbox 2318 1753 2844 1820; x_wconf 79' lang='lat' dir='ltr'><strong>excellentissimus;</strong></span> <span class='ocrx_word' id='word_1_323' title='bbox 2880 1754 3022 1810; x_wconf 86' lang='lat' dir='ltr'><strong>alius</strong></span> <span class='ocrx_word' id='word_1_324' title='bbox 3045 1757 3358 1826; x_wconf 87' lang='lat' dir='ltr'><strong>disputator</strong></span> <span class='ocrx_word' id='word_1_325' title='bbox 3387 1775 3515 1813; x_wconf 91' lang='lat' dir='ltr'><strong>acer</strong></span> <span class='ocrx_word' id='word_1_326' title='bbox 3534 1788 3565 1804; x_wconf 88' lang='lat'><strong>-</strong></span> 
     </span>
    </p>
   </div>
   <div class='ocr_carea' id='block_1_47' title="bbox 1977 1844 3567 1919">
    <p class='ocr_par' dir='ltr' id='par_1_47' title="bbox 1977 1844 3567 1919">
     <span class='ocr_line' id='line_1_47' title="bbox 1977 1844 3567 1919; baseline 0.004 -20"><span class='ocrx_word' id='word_1_327' title='bbox 1977 1846 2188 1912; x_wconf 91' lang='lat' dir='ltr'><strong>rimus;</strong></span> <span class='ocrx_word' id='word_1_328' title='bbox 2245 1844 2387 1900; x_wconf 88' lang='lat' dir='ltr'><strong>alius</strong></span> <span class='ocrx_word' id='word_1_329' title='bbox 2432 1849 2859 1902; x_wconf 84' lang='lat' dir='ltr'><strong>commentarios</strong></span> <span class='ocrx_word' id='word_1_330' title='bbox 2911 1849 3136 1919; x_wconf 87' lang='lat' dir='ltr'><strong>reliquit</strong></span> <span class='ocrx_word' id='word_1_331' title='bbox 3180 1850 3249 1903; x_wconf 86' lang='lat' dir='ltr'><strong>de</strong></span> <span class='ocrx_word' id='word_1_332' title='bbox 3284 1850 3465 1904; x_wconf 83' lang='lat' dir='ltr'><strong>anima</strong></span> <span class='ocrx_word' id='word_1_333' title='bbox 3513 1861 3567 1905; x_wconf 87' lang='lat' dir='ltr'><strong>et</strong></span> 
     </span>
    </p>
   </div>
   <div class='ocr_carea' id='block_1_48' title="bbox 1974 1926 3609 2008">
    <p class='ocr_par' dir='ltr' id='par_1_48' title="bbox 1974 1926 3609 2008">
     <span class='ocr_line' id='line_1_48' title="bbox 1974 1926 3609 2008; baseline 0.003 -16"><span class='ocrx_word' id='word_1_334' title='bbox 1974 1938 2094 2007; x_wconf 84' lang='lat' dir='ltr'><strong>ejus</strong></span> <span class='ocrx_word' id='word_1_335' title='bbox 2148 1937 2527 2002; x_wconf 87' lang='lat' dir='ltr'><strong>tabernaculo,</strong></span> <span class='ocrx_word' id='word_1_336' title='bbox 2563 1938 2630 1992; x_wconf 89' lang='lat' dir='ltr'><strong>de</strong></span> <span class='ocrx_word' id='word_1_337' title='bbox 2683 1939 3103 2008; x_wconf 85' lang='lat' dir='ltr'><strong>pulchritudine</strong></span> <span class='ocrx_word' id='word_1_338' title='bbox 3138 1926 3362 1996; x_wconf 83' lang='lat' dir='ltr'><strong>virtutis</strong></span> <span class='ocrx_word' id='word_1_339' title='bbox 3409 1952 3464 1996; x_wconf 88' lang='lat' dir='ltr'><strong>et</strong></span> <span class='ocrx_word' id='word_1_340' title='bbox 3499 1945 3568 1998; x_wconf 81' lang='lat' dir='ltr'><strong>de</strong></span> <span class='ocrx_word' id='word_1_341' title='bbox 3593 1943 3609 1953; x_wconf 84' lang='lat'><strong><em>&#39;</em></strong></span> 
     </span>
    </p>
   </div>
   <div class='ocr_carea' id='block_1_49' title="bbox 1976 2030 3567 2100">
    <p class='ocr_par' dir='ltr' id='par_1_49' title="bbox 1976 2030 3567 2100">
     <span class='ocr_line' id='line_1_49' title="bbox 1976 2030 3567 2100; baseline 0.004 -17"><span class='ocrx_word' id='word_1_342' title='bbox 1976 2030 2319 2100; x_wconf 87' lang='lat' dir='ltr'><strong>turpitudine</strong></span> <span class='ocrx_word' id='word_1_343' title='bbox 2350 2030 2633 2094; x_wconf 89' lang='lat' dir='ltr'><strong>vitiorum,</strong></span> <span class='ocrx_word' id='word_1_344' title='bbox 2670 2031 2736 2085; x_wconf 91' lang='lat' dir='ltr'><strong>ad</strong></span> <span class='ocrx_word' id='word_1_345' title='bbox 2783 2033 3134 2087; x_wconf 90' lang='lat' dir='ltr'><strong>commodum</strong></span> <span class='ocrx_word' id='word_1_346' title='bbox 3171 2042 3225 2088; x_wconf 88' lang='lat' dir='ltr'><strong>et</strong></span> <span class='ocrx_word' id='word_1_347' title='bbox 3272 2035 3567 2092; x_wconf 86' lang='lat' dir='ltr'><strong>utilitatem</strong></span> 
     </span>
    </p>
   </div>
   <div class='ocr_carea' id='block_1_50' title="bbox 1972 2121 3568 2194">
    <p class='ocr_par' dir='ltr' id='par_1_50' title="bbox 1972 2121 3568 2194">
     <span class='ocr_line' id='line_1_50' title="bbox 1972 2121 3568 2194; baseline 0.003 -19"><span class='ocrx_word' id='word_1_348' title='bbox 1972 2121 2189 2176; x_wconf 87' lang='lat' dir='ltr'><strong>litteras</strong></span> <span class='ocrx_word' id='word_1_349' title='bbox 2218 2122 2678 2178; x_wconf 87' lang='lat' dir='ltr'><strong>consectantium.</strong></span> <span class='ocrx_word' id='word_1_350' title='bbox 2719 2121 2821 2178; x_wconf 88' lang='lat' dir='ltr'><strong>Cui</strong></span> <span class='ocrx_word' id='word_1_351' title='bbox 2856 2124 3045 2194; x_wconf 88' lang='lat' dir='ltr'><strong>igitur,</strong></span> <span class='ocrx_word' id='word_1_352' title='bbox 3085 2134 3145 2179; x_wconf 92' lang='lat' dir='ltr'><strong>ut</strong></span> <span class='ocrx_word' id='word_1_353' title='bbox 3170 2124 3446 2189; x_wconf 85' lang='lat' dir='ltr'><strong>dicebam,</strong></span> <span class='ocrx_word' id='word_1_354' title='bbox 3486 2126 3568 2180; x_wconf 86' lang='lat' dir='ltr'><strong>fa-</strong></span> 
     </span>
    </p>
   </div>
   <div class='ocr_carea' id='block_1_51' title="bbox 1976 2215 3570 2281">
    <p class='ocr_par' dir='ltr' id='par_1_51' title="bbox 1976 2215 3570 2281">
     <span class='ocr_line' id='line_1_51' title="bbox 1976 2215 3570 2281; baseline 0.002 -12"><span class='ocrx_word' id='word_1_355' title='bbox 1976 2215 2154 2270; x_wconf 90' lang='lat' dir='ltr'><strong>cultas</strong></span> <span class='ocrx_word' id='word_1_356' title='bbox 2180 2215 2450 2270; x_wconf 84' lang='lat' dir='ltr'><strong>orationis</strong></span> <span class='ocrx_word' id='word_1_357' title='bbox 2483 2230 2746 2270; x_wconf 87' lang='lat' dir='ltr'><strong>concessa</strong></span> <span class='ocrx_word' id='word_1_358' title='bbox 2778 2224 2880 2281; x_wconf 88' lang='lat' dir='ltr'><strong>est,</strong></span> <span class='ocrx_word' id='word_1_359' title='bbox 2913 2217 3003 2271; x_wconf 86' lang='lat' dir='ltr'><strong>hic</strong></span> <span class='ocrx_word' id='word_1_360' title='bbox 3041 2217 3206 2273; x_wconf 90' lang='lat' dir='ltr'><strong>etiam</strong></span> <span class='ocrx_word' id='word_1_361' title='bbox 3234 2232 3303 2272; x_wconf 81' lang='lat' dir='ltr'><strong>ex</strong></span> <span class='ocrx_word' id='word_1_362' title='bbox 3344 2231 3463 2274; x_wconf 88' lang='lat' dir='ltr'><strong>arte</strong></span> <span class='ocrx_word' id='word_1_363' title='bbox 3498 2220 3570 2273; x_wconf 82' lang='lat' dir='ltr'><strong>li—</strong></span> 
     </span>
    </p>
   </div>
   <div class='ocr_carea' id='block_1_52' title="bbox 1977 2305 3573 2378">
    <p class='ocr_par' dir='ltr' id='par_1_52' title="bbox 1977 2305 3573 2378">
     <span class='ocr_line' id='line_1_52' title="bbox 1977 2305 3573 2378; baseline 0.003 -19"><span class='ocrx_word' id='word_1_364' title='bbox 1977 2305 2107 2360; x_wconf 87' lang='lat' dir='ltr'><strong>bros</strong></span> <span class='ocrx_word' id='word_1_365' title='bbox 2133 2315 2317 2375; x_wconf 86' lang='lat' dir='ltr'><strong>potest</strong></span> <span class='ocrx_word' id='word_1_366' title='bbox 2369 2320 2748 2374; x_wconf 90' lang='lat' dir='ltr'><strong>componere:</strong></span> <span class='ocrx_word' id='word_1_367' title='bbox 2798 2306 2947 2376; x_wconf 89' lang='lat' dir='ltr'><strong>quod</strong></span> <span class='ocrx_word' id='word_1_368' title='bbox 2990 2307 3135 2363; x_wconf 90' lang='lat' dir='ltr'><strong>idem</strong></span> <span class='ocrx_word' id='word_1_369' title='bbox 3174 2308 3463 2378; x_wconf 89' lang='lat' dir='ltr'><strong>imperitus</strong></span> <span class='ocrx_word' id='word_1_370' title='bbox 3516 2319 3573 2363; x_wconf 88' lang='lat' dir='ltr'><strong>et</strong></span> 
     </span>
    </p>
   </div>
   <div class='ocr_carea' id='block_1_53' title="bbox 1976 2387 3573 2472">
    <p class='ocr_par' dir='ltr' id='par_1_53' title="bbox 1976 2387 3573 2472">
     <span class='ocr_line' id='line_1_53' title="bbox 1976 2387 3573 2472; baseline 0.003 -19"><span class='ocrx_word' id='word_1_371' title='bbox 1976 2398 2251 2453; x_wconf 89' lang='lat' dir='ltr'><strong>barbarus</strong></span> <span class='ocrx_word' id='word_1_372' title='bbox 2310 2397 2547 2453; x_wconf 81' lang='lat' dir='ltr'><strong>barbare</strong></span> <span class='ocrx_word' id='word_1_373' title='bbox 2606 2387 2908 2468; x_wconf 77' lang='lat' dir='ltr'><strong>pnestabit.</strong></span> <span class='ocrx_word' id='word_1_374' title='bbox 2946 2401 3055 2456; x_wconf 90' lang='lat' dir='ltr'><strong>Sed</strong></span> <span class='ocrx_word' id='word_1_375' title='bbox 3109 2403 3573 2472; x_wconf 87' lang='lat' dir='ltr'><strong>quemadmodum</strong></span> 
     </span>
    </p>
   </div>
   <div class='ocr_carea' id='block_1_54' title="bbox 1976 2488 3577 2557">
    <p class='ocr_par' dir='ltr' id='par_1_54' title="bbox 1976 2488 3577 2557">
     <span class='ocr_line' id='line_1_54' title="bbox 1976 2488 3577 2557; baseline 0.004 -15"><span class='ocrx_word' id='word_1_376' title='bbox 1976 2488 2133 2557; x_wconf 79' lang='lat' dir='ltr'><strong>faber</strong></span> <span class='ocrx_word' id='word_1_377' title='bbox 2153 2489 2422 2544; x_wconf 84' lang='lat' dir='ltr'><strong>ferrarius</strong></span> <span class='ocrx_word' id='word_1_378' title='bbox 2443 2503 2653 2545; x_wconf 81' lang='lat' dir='ltr'><strong>massas</strong></span> <span class='ocrx_word' id='word_1_379' title='bbox 2674 2489 2808 2544; x_wconf 86' lang='lat' dir='ltr'><strong>ferri</strong></span> <span class='ocrx_word' id='word_1_380' title='bbox 2836 2500 3051 2556; x_wconf 85' lang='lat' dir='ltr'><strong>tractat,</strong></span> <span class='ocrx_word' id='word_1_381' title='bbox 3083 2494 3369 2548; x_wconf 88' lang='lat' dir='ltr'><strong>materiam</strong></span> <span class='ocrx_word' id='word_1_382' title='bbox 3403 2496 3577 2549; x_wconf 80' lang='lat' dir='ltr'><strong>infor-</strong></span> 
     </span>
    </p>
   </div>
   <div class='ocr_carea' id='block_1_55' title="bbox 1978 2580 3572 2652">
    <p class='ocr_par' dir='ltr' id='par_1_55' title="bbox 1978 2580 3572 2652">
     <span class='ocr_line' id='line_1_55' title="bbox 1978 2580 3572 2652; baseline 0.003 -16"><span class='ocrx_word' id='word_1_383' title='bbox 1978 2597 2121 2636; x_wconf 88' lang='lat' dir='ltr'><strong>mem</strong></span> <span class='ocrx_word' id='word_1_384' title='bbox 2164 2591 2432 2650; x_wconf 87' lang='lat' dir='ltr'><strong>paratam,</strong></span> <span class='ocrx_word' id='word_1_385' title='bbox 2480 2580 2794 2652; x_wconf 87' lang='lat' dir='ltr'><strong>futurisque</strong></span> <span class='ocrx_word' id='word_1_386' title='bbox 2838 2583 3126 2639; x_wconf 88' lang='lat' dir='ltr'><strong>laboribus</strong></span> <span class='ocrx_word' id='word_1_387' title='bbox 3182 2584 3436 2640; x_wconf 88' lang='lat' dir='ltr'><strong>ferrariis</strong></span> <span class='ocrx_word' id='word_1_388' title='bbox 3468 2587 3572 2641; x_wconf 89' lang='lat' dir='ltr'><strong>ob-</strong></span> 
     </span>
    </p>
   </div>
   <div class='ocr_carea' id='block_1_56' title="bbox 1979 2676 3578 2743">
    <p class='ocr_par' dir='ltr' id='par_1_56' title="bbox 1979 2676 3578 2743">
     <span class='ocr_line' id='line_1_56' title="bbox 1979 2676 3578 2743; baseline 0.001 -12"><span class='ocrx_word' id='word_1_389' title='bbox 1979 2676 2124 2731; x_wconf 88' lang='lat' dir='ltr'><strong>viam</strong></span> <span class='ocrx_word' id='word_1_390' title='bbox 2153 2676 2386 2737; x_wconf 88' lang='lat' dir='ltr'><strong>habens,</strong></span> <span class='ocrx_word' id='word_1_391' title='bbox 2415 2676 2631 2730; x_wconf 89' lang='lat' dir='ltr'><strong>laborat</strong></span> <span class='ocrx_word' id='word_1_392' title='bbox 2657 2686 2842 2730; x_wconf 87' lang='lat' dir='ltr'><strong>autem</strong></span> <span class='ocrx_word' id='word_1_393' title='bbox 2874 2676 2929 2730; x_wconf 93' lang='lat' dir='ltr'><strong>in</strong></span> <span class='ocrx_word' id='word_1_394' title='bbox 2965 2692 3031 2732; x_wconf 90' lang='lat' dir='ltr'><strong>ea</strong></span> <span class='ocrx_word' id='word_1_395' title='bbox 3065 2686 3129 2731; x_wconf 90' lang='lat' dir='ltr'><strong>ut</strong></span> <span class='ocrx_word' id='word_1_396' title='bbox 3163 2679 3300 2743; x_wconf 85' lang='lat' dir='ltr'><strong>vult,</strong></span> <span class='ocrx_word' id='word_1_397' title='bbox 3333 2689 3389 2733; x_wconf 90' lang='lat' dir='ltr'><strong>et</strong></span> <span class='ocrx_word' id='word_1_398' title='bbox 3418 2679 3578 2733; x_wconf 84' lang='lat' dir='ltr'><strong>adhi-</strong></span> 
     </span>
    </p>
   </div>
   <div class='ocr_carea' id='block_1_57' title="bbox 1979 2768 3577 2842">
    <p class='ocr_par' dir='ltr' id='par_1_57' title="bbox 1979 2768 3577 2842">
     <span class='ocr_line' id='line_1_57' title="bbox 1979 2768 3577 2842; baseline 0.001 -17"><span class='ocrx_word' id='word_1_399' title='bbox 1979 2769 2099 2825; x_wconf 87' lang='lat' dir='ltr'><strong>bito</strong></span> <span class='ocrx_word' id='word_1_400' title='bbox 2122 2769 2271 2840; x_wconf 90' lang='lat' dir='ltr'><strong>igne,</strong></span> <span class='ocrx_word' id='word_1_401' title='bbox 2296 2769 2353 2822; x_wconf 94' lang='lat' dir='ltr'><strong>in</strong></span> <span class='ocrx_word' id='word_1_402' title='bbox 2369 2768 2599 2823; x_wconf 88' lang='lat' dir='ltr'><strong>formam</strong></span> <span class='ocrx_word' id='word_1_403' title='bbox 2618 2783 2783 2839; x_wconf 89' lang='lat' dir='ltr'><strong>quam</strong></span> <span class='ocrx_word' id='word_1_404' title='bbox 2813 2770 3073 2825; x_wconf 89' lang='lat' dir='ltr'><strong>voluntas</strong></span> <span class='ocrx_word' id='word_1_405' title='bbox 3090 2769 3198 2825; x_wconf 90' lang='lat' dir='ltr'><strong>fert</strong></span> <span class='ocrx_word' id='word_1_406' title='bbox 3223 2770 3426 2841; x_wconf 77' lang='lat' dir='ltr'><strong>redigit</strong></span> <span class='ocrx_word' id='word_1_407' title='bbox 3449 2772 3577 2842; x_wconf 90' lang='lat' dir='ltr'><strong>(nec</strong></span> 
     </span>
    </p>
   </div>
   <div class='ocr_carea' id='block_1_58' title="bbox 1979 2860 3588 2932">
    <p class='ocr_par' dir='ltr' id='par_1_58' title="bbox 1979 2860 3588 2932">
     <span class='ocr_line' id='line_1_58' title="bbox 1979 2860 3588 2932; baseline 0.002 -16"><span class='ocrx_word' id='word_1_408' title='bbox 1979 2862 2129 2916; x_wconf 89' lang='lat' dir='ltr'><strong>enim</strong></span> <span class='ocrx_word' id='word_1_409' title='bbox 2161 2862 2298 2915; x_wconf 87' lang='lat' dir='ltr'><strong>citra</strong></span> <span class='ocrx_word' id='word_1_410' title='bbox 2324 2860 2504 2932; x_wconf 90' lang='lat' dir='ltr'><strong>ignem</strong></span> <span class='ocrx_word' id='word_1_411' title='bbox 2522 2860 2840 2925; x_wconf 88' lang='lat' dir='ltr'><strong>fabricabit,</strong></span> <span class='ocrx_word' id='word_1_412' title='bbox 2865 2861 2994 2917; x_wconf 87' lang='lat' dir='ltr'><strong>lic&#39;et</strong></span> <span class='ocrx_word' id='word_1_413' title='bbox 3014 2872 3133 2917; x_wconf 89' lang='lat' dir='ltr'><strong>arte</strong></span> <span class='ocrx_word' id='word_1_414' title='bbox 3160 2862 3588 2918; x_wconf 67' lang='lat' dir='ltr'><strong>malleatorihus&#39;</strong></span> 
     </span>
    </p>
   </div>
   <div class='ocr_carea' id='block_1_59' title="bbox 1983 2948 3547 3026">
    <p class='ocr_par' dir='ltr' id='par_1_59' title="bbox 1983 2948 3547 3026">
     <span class='ocr_line' id='line_1_59' title="bbox 1983 2948 3547 3026; baseline 0.001 -15"><span class='ocrx_word' id='word_1_415' title='bbox 1983 2948 2258 3011; x_wconf 77' lang='lat' dir='ltr'><strong>universis</strong></span> <span class='ocrx_word' id='word_1_416' title='bbox 2273 2954 2614 3024; x_wconf 87' lang='lat' dir='ltr'><strong>antecellat),</strong></span> <span class='ocrx_word' id='word_1_417' title='bbox 2655 2953 2729 3007; x_wconf 91' lang='lat' dir='ltr'><strong>ita</strong></span> <span class='ocrx_word' id='word_1_418' title='bbox 2751 2953 2993 3008; x_wconf 83' lang='lat' dir='ltr'><strong>divinam</strong></span> <span class='ocrx_word' id='word_1_419' title='bbox 3018 2954 3360 3025; x_wconf 87' lang='lat' dir='ltr'><strong>Scripturam</strong></span> <span class='ocrx_word' id='word_1_420' title='bbox 3398 2972 3456 3011; x_wconf 89' lang='lat' dir='ltr'><strong>se</strong></span> <span class='ocrx_word' id='word_1_421' title='bbox 3479 2972 3547 3026; x_wconf 90' lang='lat' dir='ltr'><strong>pe</strong></span> 
     </span>
    </p>
   </div>
   <div class='ocr_carea' id='block_1_60' title="bbox 1984 3044 3575 3118">
    <p class='ocr_par' dir='ltr' id='par_1_60' title="bbox 1984 3044 3575 3118">
     <span class='ocr_line' id='line_1_60' title="bbox 1984 3044 3575 3118; baseline 0 -17"><span class='ocrx_word' id='word_1_422' title='bbox 1984 3049 2137 3102; x_wconf 89' lang='lat' dir='ltr'><strong>nitus</strong></span> <span class='ocrx_word' id='word_1_423' title='bbox 2192 3044 2396 3101; x_wconf 89' lang='lat' dir='ltr'><strong>habere</strong></span> <span class='ocrx_word' id='word_1_424' title='bbox 2445 3044 2722 3100; x_wconf 86' lang='lat' dir='ltr'><strong>existima.</strong></span> <span class='ocrx_word' id='word_1_425' title='bbox 2788 3046 3036 3116; x_wconf 88' lang='lat' dir='ltr'><strong>Apostoli</strong></span> <span class='ocrx_word' id='word_1_426' title='bbox 3078 3046 3408 3116; x_wconf 70' lang='lat' dir='ltr'><strong>praedicant,</strong></span> <span class='ocrx_word' id='word_1_427' title='bbox 3441 3062 3575 3118; x_wconf 87' lang='lat' dir='ltr'><strong>pro-</strong></span> 
     </span>
    </p>
   </div>
   <div class='ocr_carea' id='block_1_61' title="bbox 275 3136 3575 3224">
    <p class='ocr_par' dir='ltr' id='par_1_61' title="bbox 275 3136 3575 3224">
     <span class='ocr_line' id='line_1_61' title="bbox 275 3136 3575 3224; baseline 0 -30"><span class='ocrx_word' id='word_1_428' title='bbox 275 3148 537 3195; x_wconf 88' lang='lat' dir='ltr'><strong>coactum</strong></span> <span class='ocrx_word' id='word_1_429' title='bbox 562 3138 875 3204; x_wconf 88' lang='lat' dir='ltr'><strong>ferrum,ad</strong></span> <span class='ocrx_word' id='word_1_430' title='bbox 904 3138 1234 3193; x_wconf 88' lang='lat' dir='ltr'><strong>variosusus</strong></span> <span class='ocrx_word' id='word_1_431' title='bbox 1256 3147 1439 3208; x_wconf 89' lang='lat' dir='ltr'><strong>potest</strong></span> <span class='ocrx_word' id='word_1_432' title='bbox 1454 3138 1881 3204; x_wconf 84' lang='lat' dir='ltr'><strong>accommodari_</strong></span> <span class='ocrx_word' id='word_1_433' title='bbox 1912 3168 1955 3224; x_wconf 69' lang='grc' dir='ltr'>ο</span> <span class='ocrx_word' id='word_1_434' title='bbox 1989 3140 2168 3211; x_wconf 69' lang='lat' dir='ltr'><strong>pheta:</strong></span> <span class='ocrx_word' id='word_1_435' title='bbox 2196 3139 2585 3209; x_wconf 65' lang='lat' dir='ltr'><strong>praenuntiant,</strong></span> <span class='ocrx_word' id='word_1_436' title='bbox 2629 3136 2879 3219; x_wconf 73' lang='lat' dir='ltr'><strong>Scriptor</strong></span> <span class='ocrx_word' id='word_1_437' title='bbox 2907 3153 3102 3192; x_wconf 91' lang='lat' dir='ltr'><strong>eorum</strong></span> <span class='ocrx_word' id='word_1_438' title='bbox 3152 3138 3318 3194; x_wconf 90' lang='lat' dir='ltr'><strong>dictis</strong></span> <span class='ocrx_word' id='word_1_439' title='bbox 3356 3148 3413 3193; x_wconf 89' lang='lat' dir='ltr'><strong>et</strong></span> <span class='ocrx_word' id='word_1_440' title='bbox 3438 3139 3575 3195; x_wconf 85' lang='lat' dir='ltr'><strong>locis</strong></span> 
     </span>
    </p>
   </div>
   <div class='ocr_carea' id='block_1_62' title="bbox 283 3233 1873 3306">
    <p class='ocr_par' dir='ltr' id='par_1_62' title="bbox 283 3233 1873 3306">
     <span class='ocr_line' id='line_1_62' title="bbox 283 3233 1873 3306; baseline -0.003 -14"><span class='ocrx_word' id='word_1_441' title='bbox 283 3236 433 3292; x_wconf 84' lang='lat' dir='ltr'><strong>Emit</strong></span> <span class='ocrx_word' id='word_1_442' title='bbox 462 3236 611 3291; x_wconf 88' lang='lat' dir='ltr'><strong>enim</strong></span> <span class='ocrx_word' id='word_1_443' title='bbox 637 3234 1024 3306; x_wconf 85' lang='lat' dir='ltr'><strong>hujuscemodi</strong></span> <span class='ocrx_word' id='word_1_444' title='bbox 1047 3250 1255 3291; x_wconf 88' lang='lat' dir='ltr'><strong>massas</strong></span> <span class='ocrx_word' id='word_1_445' title='bbox 1275 3234 1431 3290; x_wconf 89' lang='lat' dir='ltr'><strong>faber</strong></span> <span class='ocrx_word' id='word_1_446' title='bbox 1466 3233 1752 3298; x_wconf 88' lang='lat' dir='ltr'><strong>ferrarius,</strong></span> <span class='ocrx_word' id='word_1_447' title='bbox 1779 3243 1873 3287; x_wconf 90' lang='lat' dir='ltr'><strong>aut</strong></span> 
     </span>
    </p>
   </div>
   <div class='ocr_carea' id='block_1_63' title="bbox 280 3327 1873 3398">
    <p class='ocr_par' dir='ltr' id='par_1_63' title="bbox 280 3327 1873 3398">
     <span class='ocr_line' id='line_1_63' title="bbox 280 3327 1873 3398; baseline -0.004 -14"><span class='ocrx_word' id='word_1_448' title='bbox 280 3328 546 3397; x_wconf 82' lang='lat' dir='ltr'><strong>serarius,</strong></span> <span class='ocrx_word' id='word_1_449' title='bbox 578 3337 636 3384; x_wconf 88' lang='lat' dir='ltr'><strong>et</strong></span> <span class='ocrx_word' id='word_1_450' title='bbox 661 3328 978 3398; x_wconf 89' lang='lat' dir='ltr'><strong>quicunque</strong></span> <span class='ocrx_word' id='word_1_451' title='bbox 1024 3328 1380 3383; x_wconf 80' lang='lat' dir='ltr'><strong>mechanicas</strong></span> <span class='ocrx_word' id='word_1_452' title='bbox 1409 3327 1668 3391; x_wconf 89' lang='lat' dir='ltr'><strong>voluerit,</strong></span> <span class='ocrx_word' id='word_1_453' title='bbox 1697 3341 1873 3394; x_wconf 86' lang='lat' dir='ltr'><strong>eoque</strong></span> 
     </span>
    </p>
   </div>
   <div class='ocr_carea' id='block_1_64' title="bbox 276 3418 1873 3490">
    <p class='ocr_par' dir='ltr' id='par_1_64' title="bbox 276 3418 1873 3490">
     <span class='ocr_line' id='line_1_64' title="bbox 276 3418 1873 3490; baseline -0.003 -16"><span class='ocrx_word' id='word_1_454' title='bbox 276 3421 346 3474; x_wconf 85' lang='lat' dir='ltr'><strong>ad</strong></span> <span class='ocrx_word' id='word_1_455' title='bbox 368 3435 533 3475; x_wconf 85' lang='lat' dir='ltr'><strong>suum</strong></span> <span class='ocrx_word' id='word_1_456' title='bbox 564 3434 707 3490; x_wconf 91' lang='lat' dir='ltr'><strong>opus</strong></span> <span class='ocrx_word' id='word_1_457' title='bbox 734 3429 789 3474; x_wconf 91' lang='lat' dir='ltr'><strong>et</strong></span> <span class='ocrx_word' id='word_1_458' title='bbox 813 3420 1093 3490; x_wconf 77' lang='lat' dir='ltr'><strong>negotium</strong></span> <span class='ocrx_word' id='word_1_459' title='bbox 1138 3420 1336 3474; x_wconf 88' lang='lat' dir='ltr'><strong>utitur.</strong></span> <span class='ocrx_word' id='word_1_460' title='bbox 1391 3419 1683 3474; x_wconf 86' lang='lat' dir='ltr'><strong>Fabricant</strong></span> <span class='ocrx_word' id='word_1_461' title='bbox 1724 3418 1873 3473; x_wconf 87' lang='lat' dir='ltr'><strong>enim</strong></span> 
     </span>
    </p>
   </div>
   <div class='ocr_carea' id='block_1_65' title="bbox 278 3511 1874 3583">
    <p class='ocr_par' dir='ltr' id='par_1_65' title="bbox 278 3511 1874 3583">
     <span class='ocr_line' id='line_1_65' title="bbox 278 3511 1874 3583; baseline -0.001 -15"><span class='ocrx_word' id='word_1_462' title='bbox 278 3512 482 3577; x_wconf 86' lang='lat' dir='ltr'><strong>ascias,</strong></span> <span class='ocrx_word' id='word_1_463' title='bbox 518 3512 706 3579; x_wconf 89' lang='lat' dir='ltr'><strong>falces,</strong></span> <span class='ocrx_word' id='word_1_464' title='bbox 742 3514 982 3582; x_wconf 87' lang='lat' dir='ltr'><strong>scalpra,</strong></span> <span class='ocrx_word' id='word_1_465' title='bbox 1010 3512 1382 3582; x_wconf 66' lang='lat' dir='ltr'><strong>rhompbaaas,</strong></span> <span class='ocrx_word' id='word_1_466' title='bbox 1415 3512 1701 3583; x_wconf 83' lang='lat' dir='ltr'><strong>pugiones,</strong></span> <span class='ocrx_word' id='word_1_467' title='bbox 1761 3511 1874 3581; x_wconf 80' lang='lat' dir='ltr'><strong>gla-</strong></span> 
     </span>
    </p>
   </div>
   <div class='ocr_carea' id='block_1_66' title="bbox 282 3603 1873 3676">
    <p class='ocr_par' dir='ltr' id='par_1_66' title="bbox 282 3603 1873 3676">
     <span class='ocr_line' id='line_1_66' title="bbox 282 3603 1873 3676; baseline -0.004 -12"><span class='ocrx_word' id='word_1_468' title='bbox 282 3611 427 3669; x_wconf 85' lang='lat' dir='ltr'><strong>dios,</strong></span> <span class='ocrx_word' id='word_1_469' title='bbox 458 3607 783 3675; x_wconf 71' lang='lat' dir='ltr'><strong>machaeras,</strong></span> <span class='ocrx_word' id='word_1_470' title='bbox 829 3622 1109 3662; x_wconf 86' lang='lat' dir='ltr'><strong>armorum</strong></span> <span class='ocrx_word' id='word_1_471' title='bbox 1139 3621 1303 3661; x_wconf 88' lang='lat' dir='ltr'><strong>omne</strong></span> <span class='ocrx_word' id='word_1_472' title='bbox 1333 3621 1527 3676; x_wconf 91' lang='lat' dir='ltr'><strong>genus,</strong></span> <span class='ocrx_word' id='word_1_473' title='bbox 1560 3605 1764 3675; x_wconf 89' lang='lat' dir='ltr'><strong>quibus</strong></span> <span class='ocrx_word' id='word_1_474' title='bbox 1805 3603 1873 3659; x_wconf 92' lang='lat' dir='ltr'><strong>ad</strong></span> 
     </span>
    </p>
   </div>
   <div class='ocr_carea' id='block_1_67' title="bbox 280 3695 1871 3767">
    <p class='ocr_par' dir='ltr' id='par_1_67' title="bbox 280 3695 1871 3767">
     <span class='ocr_line' id='line_1_67' title="bbox 280 3695 1871 3767; baseline -0.004 -9"><span class='ocrx_word' id='word_1_475' title='bbox 280 3705 412 3758; x_wconf 74' lang='lat' dir='ltr'><strong>vita:</strong></span> <span class='ocrx_word' id='word_1_476' title='bbox 441 3715 601 3755; x_wconf 86' lang='lat' dir='ltr'><strong>usum</strong></span> <span class='ocrx_word' id='word_1_477' title='bbox 630 3708 685 3755; x_wconf 87' lang='lat' dir='ltr'><strong>et</strong></span> <span class='ocrx_word' id='word_1_478' title='bbox 726 3698 1176 3755; x_wconf 88' lang='lat' dir='ltr'><strong>commoditatem</strong></span> <span class='ocrx_word' id='word_1_479' title='bbox 1232 3712 1426 3752; x_wconf 91' lang='lat' dir='ltr'><strong>omnes</strong></span> <span class='ocrx_word' id='word_1_480' title='bbox 1467 3712 1714 3767; x_wconf 89' lang='lat' dir='ltr'><strong>egemus.</strong></span> <span class='ocrx_word' id='word_1_481' title='bbox 1765 3695 1871 3753; x_wconf 89' lang='lat' dir='ltr'><strong>Sed</strong></span> 
     </span>
    </p>
   </div>
   <div class='ocr_carea' id='block_1_68' title="bbox 275 3789 1874 3863">
    <p class='ocr_par' dir='ltr' id='par_1_68' title="bbox 275 3789 1874 3863">
     <span class='ocr_line' id='line_1_68' title="bbox 275 3789 1874 3863; baseline -0.003 -13"><span class='ocrx_word' id='word_1_482' title='bbox 275 3797 430 3850; x_wconf 86' lang='lat' dir='ltr'><strong>alius</strong></span> <span class='ocrx_word' id='word_1_483' title='bbox 460 3800 523 3847; x_wconf 88' lang='lat' dir='ltr'><strong>ut</strong></span> <span class='ocrx_word' id='word_1_484' title='bbox 552 3792 818 3863; x_wconf 86' lang='lat' dir='ltr'><strong>probatus</strong></span> <span class='ocrx_word' id='word_1_485' title='bbox 846 3790 1057 3852; x_wconf 86' lang='lat' dir='ltr'><strong>ferrum</strong></span> <span class='ocrx_word' id='word_1_486' title='bbox 1093 3790 1307 3845; x_wconf 88' lang='lat' dir='ltr'><strong>emollit</strong></span> <span class='ocrx_word' id='word_1_487' title='bbox 1340 3805 1407 3845; x_wconf 92' lang='lat' dir='ltr'><strong>ac</strong></span> <span class='ocrx_word' id='word_1_488' title='bbox 1449 3789 1658 3856; x_wconf 91' lang='lat' dir='ltr'><strong>domat,</strong></span> <span class='ocrx_word' id='word_1_489' title='bbox 1694 3805 1759 3845; x_wconf 91' lang='lat' dir='ltr'><strong>ac</strong></span> <span class='ocrx_word' id='word_1_490' title='bbox 1790 3789 1874 3845; x_wconf 82' lang='lat' dir='ltr'><strong>fa-</strong></span> 
     </span>
    </p>
   </div>
   <div class='ocr_carea' id='block_1_69' title="bbox 282 3880 1877 3951">
    <p class='ocr_par' dir='ltr' id='par_1_69' title="bbox 282 3880 1877 3951">
     <span class='ocr_line' id='line_1_69' title="bbox 282 3880 1877 3951; baseline -0.002 -11"><span class='ocrx_word' id='word_1_491' title='bbox 282 3886 498 3941; x_wconf 88' lang='lat' dir='ltr'><strong>bricam</strong></span> <span class='ocrx_word' id='word_1_492' title='bbox 538 3897 693 3938; x_wconf 83' lang='lat' dir='ltr'><strong>suam</strong></span> <span class='ocrx_word' id='word_1_493' title='bbox 724 3880 1019 3936; x_wconf 83' lang='lat' dir='ltr'><strong>artificiose</strong></span> <span class='ocrx_word' id='word_1_494' title='bbox 1034 3888 1278 3946; x_wconf 81' lang='lat' dir='ltr'><strong>exercet,</strong></span> <span class='ocrx_word' id='word_1_495' title='bbox 1310 3887 1368 3935; x_wconf 89' lang='lat' dir='ltr'><strong>et</strong></span> <span class='ocrx_word' id='word_1_496' title='bbox 1393 3880 1664 3951; x_wconf 89' lang='lat' dir='ltr'><strong>quidquid</strong></span> <span class='ocrx_word' id='word_1_497' title='bbox 1689 3883 1877 3950; x_wconf 88' lang='lat' dir='ltr'><strong>operis</strong></span> 
     </span>
    </p>
   </div>
   <div class='ocr_carea' id='block_1_70' title="bbox 278 3972 1876 4044">
    <p class='ocr_par' dir='ltr' id='par_1_70' title="bbox 278 3972 1876 4044">
     <span class='ocr_line' id='line_1_70' title="bbox 278 3972 1876 4044; baseline -0.003 -11"><span class='ocrx_word' id='word_1_498' title='bbox 278 3976 549 4040; x_wconf 80' lang='lat' dir='ltr'><strong>efficitur,</strong></span> <span class='ocrx_word' id='word_1_499' title='bbox 574 3973 631 4028; x_wconf 87' lang='lat' dir='ltr'><strong>id</strong></span> <span class='ocrx_word' id='word_1_500' title='bbox 669 3988 864 4029; x_wconf 87' lang='lat' dir='ltr'><strong>omnes</strong></span> <span class='ocrx_word' id='word_1_501' title='bbox 896 3972 1277 4044; x_wconf 82' lang='lat' dir='ltr'><strong>spectantibus</strong></span> <span class='ocrx_word' id='word_1_502' title='bbox 1306 3972 1730 4027; x_wconf 88' lang='lat' dir='ltr'><strong>admirationem</strong></span> <span class='ocrx_word' id='word_1_503' title='bbox 1754 3988 1876 4028; x_wconf 88' lang='lat' dir='ltr'><strong>mo-</strong></span> 
     </span>
    </p>
   </div>
   <div class='ocr_carea' id='block_1_71' title="bbox 281 4063 1873 4136">
    <p class='ocr_par' dir='ltr' id='par_1_71' title="bbox 281 4063 1873 4136">
     <span class='ocr_line' id='line_1_71' title="bbox 281 4063 1873 4136; baseline -0.003 -15"><span class='ocrx_word' id='word_1_504' title='bbox 281 4078 397 4130; x_wconf 84' lang='lat' dir='ltr'><strong>vet,</strong></span> <span class='ocrx_word' id='word_1_505' title='bbox 429 4077 491 4122; x_wconf 91' lang='lat' dir='ltr'><strong>ut</strong></span> <span class='ocrx_word' id='word_1_506' title='bbox 527 4067 772 4136; x_wconf 86' lang='lat' dir='ltr'><strong>elegans,</strong></span> <span class='ocrx_word' id='word_1_507' title='bbox 822 4064 958 4119; x_wconf 89' lang='lat' dir='ltr'><strong>utile</strong></span> <span class='ocrx_word' id='word_1_508' title='bbox 1013 4075 1070 4119; x_wconf 90' lang='lat' dir='ltr'><strong>et</strong></span> <span class='ocrx_word' id='word_1_509' title='bbox 1132 4063 1407 4118; x_wconf 79' lang='lat' dir='ltr'><strong>laudabile</strong></span> <span class='ocrx_word' id='word_1_510' title='bbox 1461 4063 1739 4118; x_wconf 89' lang='lat' dir='ltr'><strong>videlicet.</strong></span> <span class='ocrx_word' id='word_1_511' title='bbox 1770 4063 1873 4131; x_wconf 85' lang='lat' dir='ltr'><strong>Qui</strong></span> 
     </span>
    </p>
   </div>
   <div class='ocr_carea' id='block_1_72' title="bbox 282 4156 1875 4221">
    <p class='ocr_par' dir='ltr' id='par_1_72' title="bbox 282 4156 1875 4221">
     <span class='ocr_line' id='line_1_72' title="bbox 282 4156 1875 4221; baseline -0.004 -5"><span class='ocrx_word' id='word_1_512' title='bbox 282 4173 474 4216; x_wconf 87' lang='lat' dir='ltr'><strong>autem</strong></span> <span class='ocrx_word' id='word_1_513' title='bbox 518 4160 655 4213; x_wconf 90' lang='lat' dir='ltr'><strong>artis</strong></span> <span class='ocrx_word' id='word_1_514' title='bbox 701 4167 787 4212; x_wconf 87' lang='lat' dir='ltr'><strong>est</strong></span> <span class='ocrx_word' id='word_1_515' title='bbox 835 4156 1014 4219; x_wconf 86' lang='lat' dir='ltr'><strong>rudis,</strong></span> <span class='ocrx_word' id='word_1_516' title='bbox 1047 4165 1144 4210; x_wconf 89' lang='lat' dir='ltr'><strong>aut</strong></span> <span class='ocrx_word' id='word_1_517' title='bbox 1183 4170 1303 4210; x_wconf 89' lang='lat' dir='ltr'><strong>eam</strong></span> <span class='ocrx_word' id='word_1_518' title='bbox 1337 4158 1477 4209; x_wconf 88' lang='lat' dir='ltr'><strong>male</strong></span> <span class='ocrx_word' id='word_1_519' title='bbox 1510 4156 1721 4221; x_wconf 87' lang='lat' dir='ltr'><strong>didicit,</strong></span> <span class='ocrx_word' id='word_1_520' title='bbox 1766 4171 1875 4210; x_wconf 91' lang='lat' dir='ltr'><strong>non</strong></span> 
     </span>
    </p>
   </div>
   <div class='ocr_carea' id='block_1_73' title="bbox 282 4248 1877 4317">
    <p class='ocr_par' dir='ltr' id='par_1_73' title="bbox 282 4248 1877 4317">
     <span class='ocr_line' id='line_1_73' title="bbox 282 4248 1877 4317; baseline -0.004 -9"><span class='ocrx_word' id='word_1_521' title='bbox 282 4253 468 4309; x_wconf 85' lang='lat' dir='ltr'><strong>solum</strong></span> <span class='ocrx_word' id='word_1_522' title='bbox 523 4250 829 4306; x_wconf 88' lang='lat' dir='ltr'><strong>secundum</strong></span> <span class='ocrx_word' id='word_1_523' title='bbox 883 4260 1057 4304; x_wconf 89' lang='lat' dir='ltr'><strong>artem</strong></span> <span class='ocrx_word' id='word_1_524' title='bbox 1113 4248 1408 4313; x_wconf 87' lang='lat' dir='ltr'><strong>fabricare,</strong></span> <span class='ocrx_word' id='word_1_525' title='bbox 1466 4256 1522 4302; x_wconf 92' lang='lat' dir='ltr'><strong>et</strong></span> <span class='ocrx_word' id='word_1_526' title='bbox 1581 4263 1749 4317; x_wconf 75' lang='lat' dir='ltr'><strong>opera</strong></span> <span class='ocrx_word' id='word_1_527' title='bbox 1808 4248 1877 4303; x_wconf 87' lang='lat' dir='ltr'><strong>de</strong></span> 
     </span>
    </p>
   </div>
   <div class='ocr_carea' id='block_1_74' title="bbox 283 4339 1875 4414">
    <p class='ocr_par' dir='ltr' id='par_1_74' title="bbox 283 4339 1875 4414">
     <span class='ocr_line' id='line_1_74' title="bbox 283 4339 1875 4414; baseline -0.005 -13"><span class='ocrx_word' id='word_1_528' title='bbox 283 4345 583 4412; x_wconf 87' lang='lat' dir='ltr'><strong>industria,</strong></span> <span class='ocrx_word' id='word_1_529' title='bbox 616 4354 674 4400; x_wconf 88' lang='lat' dir='ltr'><strong>et</strong></span> <span class='ocrx_word' id='word_1_530' title='bbox 695 4353 758 4398; x_wconf 92' lang='lat' dir='ltr'><strong>ut</strong></span> <span class='ocrx_word' id='word_1_531' title='bbox 781 4345 923 4398; x_wconf 91' lang='lat' dir='ltr'><strong>ratio</strong></span> <span class='ocrx_word' id='word_1_532' title='bbox 947 4342 1190 4414; x_wconf 90' lang='lat' dir='ltr'><strong>postulat</strong></span> <span class='ocrx_word' id='word_1_533' title='bbox 1210 4341 1485 4398; x_wconf 85' lang='lat' dir='ltr'><strong>conﬁcere</strong></span> <span class='ocrx_word' id='word_1_534' title='bbox 1514 4341 1708 4410; x_wconf 90' lang='lat' dir='ltr'><strong>nequit</strong></span> <span class='ocrx_word' id='word_1_535' title='bbox 1735 4357 1748 4393; x_wconf 88' lang='lat'><strong>:</strong></span> <span class='ocrx_word' id='word_1_536' title='bbox 1780 4339 1875 4395; x_wconf 89' lang='lat' dir='ltr'><strong>sed</strong></span> 
     </span>
    </p>
   </div>
   <div class='ocr_carea' id='block_1_75' title="bbox 282 4433 1873 4508">
    <p class='ocr_par' dir='ltr' id='par_1_75' title="bbox 282 4433 1873 4508">
     <span class='ocr_line' id='line_1_75' title="bbox 282 4433 1873 4508; baseline -0.007 -12"><span class='ocrx_word' id='word_1_537' title='bbox 282 4442 498 4496; x_wconf 84' lang='lat' dir='ltr'><strong>ferrum</strong></span> <span class='ocrx_word' id='word_1_538' title='bbox 519 4452 741 4508; x_wconf 86' lang='lat' dir='ltr'><strong>quoque</strong></span> <span class='ocrx_word' id='word_1_539' title='bbox 765 4435 967 4491; x_wconf 86' lang='lat' dir='ltr'><strong>frustra</strong></span> <span class='ocrx_word' id='word_1_540' title='bbox 997 4435 1293 4490; x_wconf 88' lang='lat' dir='ltr'><strong>consumit.</strong></span> <span class='ocrx_word' id='word_1_541' title='bbox 1324 4435 1444 4491; x_wconf 81' lang='lat' dir='ltr'><strong>Jam</strong></span> <span class='ocrx_word' id='word_1_542' title='bbox 1468 4434 1535 4488; x_wconf 88' lang='lat' dir='ltr'><strong>de</strong></span> <span class='ocrx_word' id='word_1_543' title='bbox 1562 4433 1873 4503; x_wconf 88' lang='lat' dir='ltr'><strong>Scriptura,</strong></span> 
     </span>
    </p>
   </div>
   <div class='ocr_carea' id='block_1_76' title="bbox 1985 3236 3573 3309">
    <p class='ocr_par' dir='ltr' id='par_1_76' title="bbox 1985 3236 3573 3309">
     <span class='ocr_line' id='line_1_76' title="bbox 1985 3236 3573 3309; baseline 0 -17"><span class='ocrx_word' id='word_1_544' title='bbox 1985 3248 2167 3302; x_wconf 90' lang='lat' dir='ltr'><strong>utens,</strong></span> <span class='ocrx_word' id='word_1_545' title='bbox 2205 3238 2251 3291; x_wconf 89' lang='lat' dir='ltr'><strong>si</strong></span> <span class='ocrx_word' id='word_1_546' title='bbox 2305 3253 2417 3290; x_wconf 91' lang='lat' dir='ltr'><strong>non</strong></span> <span class='ocrx_word' id='word_1_547' title='bbox 2457 3237 2624 3292; x_wconf 79' lang='lat' dir='ltr'><strong>etiam</strong></span> <span class='ocrx_word' id='word_1_548' title='bbox 2691 3236 2784 3291; x_wconf 90' lang='lat' dir='ltr'><strong>Dei</strong></span> <span class='ocrx_word' id='word_1_549' title='bbox 2824 3237 3059 3309; x_wconf 86' lang='lat' dir='ltr'><strong>gratiam</strong></span> <span class='ocrx_word' id='word_1_550' title='bbox 3114 3253 3174 3293; x_wconf 89' lang='lat' dir='ltr'><strong>se</strong></span> <span class='ocrx_word' id='word_1_551' title='bbox 3218 3239 3573 3308; x_wconf 85' lang='lat' dir='ltr'><strong>adjuvantem</strong></span> 
     </span>
    </p>
   </div>
   <div class='ocr_carea' id='block_1_77' title="bbox 1982 3329 3576 3400">
    <p class='ocr_par' dir='ltr' id='par_1_77' title="bbox 1982 3329 3576 3400">
     <span class='ocr_line' id='line_1_77' title="bbox 1982 3329 3576 3400; baseline 0.001 -16"><span class='ocrx_word' id='word_1_552' title='bbox 1982 3330 2201 3394; x_wconf 87' lang='lat' dir='ltr'><strong>habeat,</strong></span> <span class='ocrx_word' id='word_1_553' title='bbox 2246 3330 2383 3383; x_wconf 86' lang='lat' dir='ltr'><strong>nihil</strong></span> <span class='ocrx_word' id='word_1_554' title='bbox 2413 3339 2564 3385; x_wconf 87' lang='lat' dir='ltr'><strong>recte</strong></span> <span class='ocrx_word' id='word_1_555' title='bbox 2595 3329 2924 3400; x_wconf 86' lang='lat' dir='ltr'><strong>intelligere,</strong></span> <span class='ocrx_word' id='word_1_556' title='bbox 2962 3345 3065 3385; x_wconf 92' lang='lat' dir='ltr'><strong>nec</strong></span> <span class='ocrx_word' id='word_1_557' title='bbox 3118 3339 3267 3386; x_wconf 90' lang='lat' dir='ltr'><strong>recte</strong></span> <span class='ocrx_word' id='word_1_558' title='bbox 3301 3331 3576 3386; x_wconf 86' lang='lat' dir='ltr'><strong>disserere</strong></span> 
     </span>
    </p>
   </div>
   <div class='ocr_carea' id='block_1_78' title="bbox 1982 3422 3578 3494">
    <p class='ocr_par' dir='ltr' id='par_1_78' title="bbox 1982 3422 3578 3494">
     <span class='ocr_line' id='line_1_78' title="bbox 1982 3422 3578 3494; baseline 0 -17"><span class='ocrx_word' id='word_1_559' title='bbox 1982 3423 2206 3493; x_wconf 86' lang='lat' dir='ltr'><strong>poterit.</strong></span> <span class='ocrx_word' id='word_1_560' title='bbox 2244 3422 2421 3476; x_wconf 85' lang='lat' dir='ltr'><strong>Fabro</strong></span> <span class='ocrx_word' id='word_1_561' title='bbox 2446 3422 2711 3476; x_wconf 85' lang='lat' dir='ltr'><strong>auxilium</strong></span> <span class='ocrx_word' id='word_1_562' title='bbox 2756 3423 2917 3493; x_wconf 85' lang='lat' dir='ltr'><strong>ignis,</strong></span> <span class='ocrx_word' id='word_1_563' title='bbox 2955 3423 3213 3493; x_wconf 82' lang='lat' dir='ltr'><strong>scriptori</strong></span> <span class='ocrx_word' id='word_1_564' title='bbox 3261 3424 3434 3494; x_wconf 84' lang='lat' dir='ltr'><strong>gratia</strong></span> <span class='ocrx_word' id='word_1_565' title='bbox 3495 3423 3578 3477; x_wconf 85' lang='lat' dir='ltr'><strong>di-</strong></span> 
     </span>
    </p>
   </div>
   <div class='ocr_carea' id='block_1_79' title="bbox 1984 3514 3579 3587">
    <p class='ocr_par' dir='ltr' id='par_1_79' title="bbox 1984 3514 3579 3587">
     <span class='ocr_line' id='line_1_79' title="bbox 1984 3514 3579 3587; baseline 0.001 -18"><span class='ocrx_word' id='word_1_566' title='bbox 1984 3515 2111 3570; x_wconf 89' lang='lat' dir='ltr'><strong>vina</strong></span> <span class='ocrx_word' id='word_1_567' title='bbox 2146 3524 2389 3585; x_wconf 83' lang='lat' dir='ltr'><strong>praestat.</strong></span> <span class='ocrx_word' id='word_1_568' title='bbox 2448 3514 2596 3570; x_wconf 80' lang='lat' dir='ltr'><strong>Citra</strong></span> <span class='ocrx_word' id='word_1_569' title='bbox 2640 3515 2756 3570; x_wconf 63' lang='lat' dir='ltr'><strong>haec</strong></span> <span class='ocrx_word' id='word_1_570' title='bbox 2801 3515 3006 3571; x_wconf 73' lang='lat' dir='ltr'><strong>auxilia</strong></span> <span class='ocrx_word' id='word_1_571' title='bbox 3065 3533 3185 3587; x_wconf 77' lang='lat' dir='ltr'><strong>quae</strong></span> <span class='ocrx_word' id='word_1_572' title='bbox 3234 3517 3288 3570; x_wconf 89' lang='lat' dir='ltr'><strong>in</strong></span> <span class='ocrx_word' id='word_1_573' title='bbox 3326 3517 3579 3571; x_wconf 82' lang='lat' dir='ltr'><strong>manibus</strong></span> 
     </span>
    </p>
   </div>
   <div class='ocr_carea' id='block_1_80' title="bbox 1985 3607 3580 3678">
    <p class='ocr_par' dir='ltr' id='par_1_80' title="bbox 1985 3607 3580 3678">
     <span class='ocr_line' id='line_1_80' title="bbox 1985 3607 3580 3678; baseline 0 -15"><span class='ocrx_word' id='word_1_574' title='bbox 1985 3616 2136 3668; x_wconf 89' lang='lat' dir='ltr'><strong>sunt,</strong></span> <span class='ocrx_word' id='word_1_575' title='bbox 2166 3623 2333 3677; x_wconf 88' lang='lat' dir='ltr'><strong>opera</strong></span> <span class='ocrx_word' id='word_1_576' title='bbox 2367 3607 2640 3664; x_wconf 81' lang='lat' dir='ltr'><strong>coniicere</strong></span> <span class='ocrx_word' id='word_1_577' title='bbox 2670 3618 2873 3663; x_wconf 89' lang='lat' dir='ltr'><strong>neuter</strong></span> <span class='ocrx_word' id='word_1_578' title='bbox 2911 3620 3115 3678; x_wconf 83' lang='lat' dir='ltr'><strong>potest.</strong></span> <span class='ocrx_word' id='word_1_579' title='bbox 3160 3609 3215 3664; x_wconf 89' lang='lat' dir='ltr'><strong>Si</strong></span> <span class='ocrx_word' id='word_1_580' title='bbox 3248 3609 3395 3663; x_wconf 89' lang='lat' dir='ltr'><strong>enim</strong></span> <span class='ocrx_word' id='word_1_581' title='bbox 3439 3610 3580 3663; x_wconf 88' lang='lat' dir='ltr'><strong>alter</strong></span> 
     </span>
    </p>
   </div>
   <div class='ocr_carea' id='block_1_81' title="bbox 1985 3696 3580 3767">
    <p class='ocr_par' dir='ltr' id='par_1_81' title="bbox 1985 3696 3580 3767">
     <span class='ocr_line' id='line_1_81' title="bbox 1985 3696 3580 3767; baseline -0.003 -15"><span class='ocrx_word' id='word_1_582' title='bbox 1985 3698 2218 3753; x_wconf 89' lang='lat' dir='ltr'><strong>alterum</strong></span> <span class='ocrx_word' id='word_1_583' title='bbox 2253 3697 2452 3752; x_wconf 88' lang='lat' dir='ltr'><strong>borum</strong></span> <span class='ocrx_word' id='word_1_584' title='bbox 2501 3713 2613 3751; x_wconf 90' lang='lat' dir='ltr'><strong>non</strong></span> <span class='ocrx_word' id='word_1_585' title='bbox 2647 3696 3035 3766; x_wconf 87' lang='lat' dir='ltr'><strong>assumpserit,</strong></span> <span class='ocrx_word' id='word_1_586' title='bbox 3077 3697 3199 3766; x_wconf 89' lang='lat' dir='ltr'><strong>ejus</strong></span> <span class='ocrx_word' id='word_1_587' title='bbox 3250 3711 3392 3764; x_wconf 83' lang='lat' dir='ltr'><strong>opus</strong></span> <span class='ocrx_word' id='word_1_588' title='bbox 3433 3696 3580 3767; x_wconf 83' lang='lat' dir='ltr'><strong>inju-</strong></span> 
     </span>
    </p>
   </div>
   <div class='ocr_carea' id='block_1_82' title="bbox 1983 3787 3582 3857">
    <p class='ocr_par' dir='ltr' id='par_1_82' title="bbox 1983 3787 3582 3857">
     <span class='ocr_line' id='line_1_82' title="bbox 1983 3787 3582 3857; baseline -0.003 -12"><span class='ocrx_word' id='word_1_589' title='bbox 1983 3789 2249 3856; x_wconf 89' lang='lat' dir='ltr'><strong>cundum,</strong></span> <span class='ocrx_word' id='word_1_590' title='bbox 2279 3789 2492 3852; x_wconf 86' lang='lat' dir='ltr'><strong>mutile,</strong></span> <span class='ocrx_word' id='word_1_591' title='bbox 2543 3787 2806 3842; x_wconf 86' lang='lat' dir='ltr'><strong>vitiosum</strong></span> <span class='ocrx_word' id='word_1_592' title='bbox 2857 3787 3075 3853; x_wconf 87' lang='lat' dir='ltr'><strong>evadet,</strong></span> <span class='ocrx_word' id='word_1_593' title='bbox 3123 3788 3474 3857; x_wconf 87' lang='lat' dir='ltr'><strong>incautisque</strong></span> <span class='ocrx_word' id='word_1_594' title='bbox 3522 3796 3582 3842; x_wconf 85' lang='lat' dir='ltr'><strong>et</strong></span> 
     </span>
    </p>
   </div>
   <div class='ocr_carea' id='block_1_83' title="bbox 1983 3876 3577 3952">
    <p class='ocr_par' dir='ltr' id='par_1_83' title="bbox 1983 3876 3577 3952">
     <span class='ocr_line' id='line_1_83' title="bbox 1983 3876 3577 3952; baseline -0.003 -16"><span class='ocrx_word' id='word_1_595' title='bbox 1983 3881 2327 3952; x_wconf 87' lang='lat' dir='ltr'><strong>simplicibus</strong></span> <span class='ocrx_word' id='word_1_596' title='bbox 2380 3879 2679 3949; x_wconf 87' lang='lat' dir='ltr'><strong>plurimum</strong></span> <span class='ocrx_word' id='word_1_597' title='bbox 2721 3877 3243 3933; x_wconf 80' lang='lat' dir='ltr'><strong>incommodabitur.</strong></span> <span class='ocrx_word' id='word_1_598' title='bbox 3306 3876 3577 3944; x_wconf 77' lang='lat' dir='ltr'><strong>Quocirca</strong></span> 
     </span>
    </p>
   </div>
   <div class='ocr_carea' id='block_1_84' title="bbox 1985 3970 3574 4035">
    <p class='ocr_par' dir='ltr' id='par_1_84' title="bbox 1985 3970 3574 4035">
     <span class='ocr_line' id='line_1_84' title="bbox 1985 3970 3574 4035; baseline -0.004 -8"><span class='ocrx_word' id='word_1_599' title='bbox 1985 3974 2197 4034; x_wconf 85' lang='lat' dir='ltr'><strong>monui,</strong></span> <span class='ocrx_word' id='word_1_600' title='bbox 2231 3981 2286 4026; x_wconf 92' lang='lat' dir='ltr'><strong>et</strong></span> <span class='ocrx_word' id='word_1_601' title='bbox 2319 3987 2537 4025; x_wconf 87' lang='lat' dir='ltr'><strong>rursum</strong></span> <span class='ocrx_word' id='word_1_602' title='bbox 2567 3987 2713 4026; x_wconf 89' lang='lat' dir='ltr'><strong>nunc</strong></span> <span class='ocrx_word' id='word_1_603' title='bbox 2746 3986 2968 4035; x_wconf 86' lang='lat' dir='ltr'><strong>moneo,</strong></span> <span class='ocrx_word' id='word_1_604' title='bbox 2998 3985 3085 4024; x_wconf 85' lang='lat' dir='ltr'><strong>nte</strong></span> <span class='ocrx_word' id='word_1_605' title='bbox 3115 3971 3171 4025; x_wconf 89' lang='lat' dir='ltr'><strong>in</strong></span> <span class='ocrx_word' id='word_1_606' title='bbox 3199 3970 3348 4024; x_wconf 89' lang='lat' dir='ltr'><strong>hunc</strong></span> <span class='ocrx_word' id='word_1_607' title='bbox 3369 3970 3574 4024; x_wconf 86' lang='lat' dir='ltr'><strong>librum</strong></span> 
     </span>
    </p>
   </div>
   <div class='ocr_carea' id='block_1_85' title="bbox 1983 4062 3580 4143">
    <p class='ocr_par' dir='ltr' id='par_1_85' title="bbox 1983 4062 3580 4143">
     <span class='ocr_line' id='line_1_85' title="bbox 1983 4062 3580 4143; baseline -0.003 -24"><span class='ocrx_word' id='word_1_608' title='bbox 1983 4065 2121 4119; x_wconf 90' lang='lat' dir='ltr'><strong>nihil</strong></span> <span class='ocrx_word' id='word_1_609' title='bbox 2151 4081 2181 4118; x_wconf 91' lang='lat' dir='ltr'><strong>a</strong></span> <span class='ocrx_word' id='word_1_610' title='bbox 2219 4063 2502 4134; x_wconf 86' lang='lat' dir='ltr'><strong>Scriptura</strong></span> <span class='ocrx_word' id='word_1_611' title='bbox 2536 4064 2776 4117; x_wconf 89' lang='lat' dir='ltr'><strong>alienum</strong></span> <span class='ocrx_word' id='word_1_612' title='bbox 2827 4062 3308 4143; x_wconf 46' lang='lat' dir='ltr'><strong>inseruissepsed</strong></span> <span class='ocrx_word' id='word_1_613' title='bbox 3360 4062 3467 4116; x_wconf 90' lang='lat' dir='ltr'><strong>alia</strong></span> <span class='ocrx_word' id='word_1_614' title='bbox 3510 4077 3580 4115; x_wconf 75' lang='lat' dir='ltr'><strong>ex</strong></span> 
     </span>
    </p>
   </div>
   <div class='ocr_carea' id='block_1_86' title="bbox 1986 4154 3578 4223">
    <p class='ocr_par' dir='ltr' id='par_1_86' title="bbox 1986 4154 3578 4223">
     <span class='ocr_line' id='line_1_86' title="bbox 1986 4154 3578 4223; baseline -0.004 -10"><span class='ocrx_word' id='word_1_615' title='bbox 1986 4157 2189 4222; x_wconf 86' lang='lat' dir='ltr'><strong>Veteri,</strong></span> <span class='ocrx_word' id='word_1_616' title='bbox 2219 4157 2325 4211; x_wconf 90' lang='lat' dir='ltr'><strong>alia</strong></span> <span class='ocrx_word' id='word_1_617' title='bbox 2358 4172 2425 4211; x_wconf 86' lang='lat' dir='ltr'><strong>ex</strong></span> <span class='ocrx_word' id='word_1_618' title='bbox 2454 4156 2610 4210; x_wconf 88' lang='lat' dir='ltr'><strong>Novo</strong></span> <span class='ocrx_word' id='word_1_619' title='bbox 2660 4154 3041 4220; x_wconf 82' lang='lat' dir='ltr'><strong>Testamento,</strong></span> <span class='ocrx_word' id='word_1_620' title='bbox 3076 4155 3182 4209; x_wconf 87' lang='lat' dir='ltr'><strong>alia</strong></span> <span class='ocrx_word' id='word_1_621' title='bbox 3217 4169 3283 4209; x_wconf 82' lang='lat' dir='ltr'><strong>ex</strong></span> <span class='ocrx_word' id='word_1_622' title='bbox 3343 4164 3578 4223; x_wconf 90' lang='lat' dir='ltr'><strong>utroque</strong></span> 
     </span>
    </p>
   </div>
   <div class='ocr_carea' id='block_1_87' title="bbox 1985 4247 3582 4319">
    <p class='ocr_par' dir='ltr' id='par_1_87' title="bbox 1985 4247 3582 4319">
     <span class='ocr_line' id='line_1_87' title="bbox 1985 4247 3582 4319; baseline -0.004 -14"><span class='ocrx_word' id='word_1_623' title='bbox 1985 4250 2255 4314; x_wconf 88' lang='lat' dir='ltr'><strong>hausisse,</strong></span> <span class='ocrx_word' id='word_1_624' title='bbox 2291 4250 2399 4304; x_wconf 86' lang='lat' dir='ltr'><strong>alia</strong></span> <span class='ocrx_word' id='word_1_625' title='bbox 2429 4266 2460 4304; x_wconf 91' lang='lat' dir='ltr'><strong>e</strong></span> <span class='ocrx_word' id='word_1_626' title='bbox 2492 4249 2771 4319; x_wconf 83' lang='lat' dir='ltr'><strong>magistris</strong></span> <span class='ocrx_word' id='word_1_627' title='bbox 2804 4257 2861 4303; x_wconf 92' lang='lat' dir='ltr'><strong>et</strong></span> <span class='ocrx_word' id='word_1_628' title='bbox 2906 4247 3233 4303; x_wconf 84' lang='lat' dir='ltr'><strong>doctoribus</strong></span> <span class='ocrx_word' id='word_1_629' title='bbox 3280 4247 3458 4301; x_wconf 89' lang='lat' dir='ltr'><strong>sacris</strong></span> <span class='ocrx_word' id='word_1_630' title='bbox 3485 4261 3582 4299; x_wconf 82' lang='lat' dir='ltr'><strong>cx-</strong></span> 
     </span>
    </p>
   </div>
   <div class='ocr_carea' id='block_1_88' title="bbox 1984 4338 3576 4413">
    <p class='ocr_par' dir='ltr' id='par_1_88' title="bbox 1984 4338 3576 4413">
     <span class='ocr_line' id='line_1_88' title="bbox 1984 4338 3576 4413; baseline -0.003 -15"><span class='ocrx_word' id='word_1_631' title='bbox 1984 4343 2289 4413; x_wconf 86' lang='lat' dir='ltr'><strong>cerpsisse,</strong></span> <span class='ocrx_word' id='word_1_632' title='bbox 2325 4358 2674 4413; x_wconf 71' lang='lat' dir='ltr'><strong>quaecunque</strong></span> <span class='ocrx_word' id='word_1_633' title='bbox 2697 4341 2960 4396; x_wconf 89' lang='lat' dir='ltr'><strong>nimirum</strong></span> <span class='ocrx_word' id='word_1_634' title='bbox 2992 4341 3059 4397; x_wconf 91' lang='lat' dir='ltr'><strong>ad</strong></span> <span class='ocrx_word' id='word_1_635' title='bbox 3102 4342 3409 4396; x_wconf 87' lang='lat' dir='ltr'><strong>institutam</strong></span> <span class='ocrx_word' id='word_1_636' title='bbox 3439 4338 3576 4394; x_wconf 89' lang='lat' dir='ltr'><strong>scri-</strong></span> 
     </span>
    </p>
   </div>
   <div class='ocr_carea' id='block_1_89' title="bbox 1984 4435 3579 4507">
    <p class='ocr_par' dir='ltr' id='par_1_89' title="bbox 1984 4435 3579 4507">
     <span class='ocr_line' id='line_1_89' title="bbox 1984 4435 3579 4507; baseline -0.003 -16"><span class='ocrx_word' id='word_1_637' title='bbox 1984 4437 2231 4505; x_wconf 90' lang='lat' dir='ltr'><strong>ptionem</strong></span> <span class='ocrx_word' id='word_1_638' title='bbox 2264 4436 2553 4507; x_wconf 88' lang='lat' dir='ltr'><strong>profutura</strong></span> <span class='ocrx_word' id='word_1_639' title='bbox 2585 4437 2800 4491; x_wconf 89' lang='lat' dir='ltr'><strong>censui.</strong></span> <span class='ocrx_word' id='word_1_640' title='bbox 2831 4436 2995 4490; x_wconf 89' lang='lat' dir='ltr'><strong>Plura</strong></span> <span class='ocrx_word' id='word_1_641' title='bbox 3030 4446 3216 4491; x_wconf 88' lang='lat' dir='ltr'><strong>autem</strong></span> <span class='ocrx_word' id='word_1_642' title='bbox 3249 4445 3307 4490; x_wconf 90' lang='lat' dir='ltr'><strong>et</strong></span> <span class='ocrx_word' id='word_1_643' title='bbox 3349 4435 3579 4488; x_wconf 88' lang='lat' dir='ltr'><strong>meliora</strong></span> 
     </span>
    </p>
   </div>
   <div class='ocr_carea' id='block_1_90' title="bbox 282 4526 3578 4611">
    <p class='ocr_par' dir='ltr' id='par_1_90' title="bbox 282 4526 3578 4611">
     <span class='ocr_line' id='line_1_90' title="bbox 282 4526 3578 4611; baseline -0.003 -25"><span class='ocrx_word' id='word_1_644' title='bbox 282 4540 341 4586; x_wconf 89' lang='lat' dir='ltr'><strong>et</strong></span> <span class='ocrx_word' id='word_1_645' title='bbox 369 4539 492 4586; x_wconf 87' lang='lat' dir='ltr'><strong>arte</strong></span> <span class='ocrx_word' id='word_1_646' title='bbox 519 4529 822 4600; x_wconf 70' lang='lat' dir='ltr'><strong>Scriptum</strong></span> <span class='ocrx_word' id='word_1_647' title='bbox 855 4526 1059 4583; x_wconf 88' lang='lat' dir='ltr'><strong>similia</strong></span> <span class='ocrx_word' id='word_1_648' title='bbox 1093 4527 1294 4598; x_wconf 88' lang='lat' dir='ltr'><strong>cogita.</strong></span> <span class='ocrx_word' id='word_1_649' title='bbox 1358 4527 1598 4597; x_wconf 88' lang='lat' dir='ltr'><strong>Spiritus</strong></span> <span class='ocrx_word' id='word_1_650' title='bbox 1653 4537 1880 4581; x_wconf 87' lang='lat' dir='ltr'><strong>sanctus</strong></span> <span class='ocrx_word' id='word_1_651' title='bbox 1914 4530 1956 4585; x_wconf 90' lang='lat' dir='ltr'><strong>D</strong></span> <span class='ocrx_word' id='word_1_652' title='bbox 1985 4543 2016 4584; x_wconf 92' lang='lat' dir='ltr'><strong>e</strong></span> <span class='ocrx_word' id='word_1_653' title='bbox 2051 4526 2317 4598; x_wconf 84' lang='lat' dir='ltr'><strong>Gregorio</strong></span> <span class='ocrx_word' id='word_1_654' title='bbox 2342 4527 2612 4599; x_wconf 79' lang='lat' dir='ltr'><strong>Nysseno.</strong></span> <span class='ocrx_word' id='word_1_655' title='bbox 2643 4527 2746 4594; x_wconf 87' lang='lat' dir='ltr'><strong>Qui</strong></span> <span class='ocrx_word' id='word_1_656' title='bbox 2774 4543 2906 4599; x_wconf 90' lang='lat' dir='ltr'><strong>ergo</strong></span> <span class='ocrx_word' id='word_1_657' title='bbox 2947 4527 3578 4611; x_wconf 72' lang='lat' dir='ltr'><strong>hunecommentarium</strong></span> 
     </span>
    </p>
   </div>
   <div class='ocr_carea' id='block_1_91' title="bbox 284 4620 1880 4695">
    <p class='ocr_par' dir='ltr' id='par_1_91' title="bbox 284 4620 1880 4695">
     <span class='ocr_line' id='line_1_91' title="bbox 284 4620 1880 4695; baseline -0.003 -16"><span class='ocrx_word' id='word_1_658' title='bbox 284 4624 591 4695; x_wconf 87' lang='lat' dir='ltr'><strong>prophetas</strong></span> <span class='ocrx_word' id='word_1_659' title='bbox 622 4621 903 4692; x_wconf 75' lang='lat' dir='ltr'><strong>purgavit,</strong></span> <span class='ocrx_word' id='word_1_660' title='bbox 967 4621 1230 4684; x_wconf 91' lang='lat' dir='ltr'><strong>erudivit,</strong></span> <span class='ocrx_word' id='word_1_661' title='bbox 1265 4623 1438 4691; x_wconf 89' lang='lat' dir='ltr'><strong>gratia</strong></span> <span class='ocrx_word' id='word_1_662' title='bbox 1477 4630 1532 4676; x_wconf 92' lang='lat' dir='ltr'><strong>et</strong></span> <span class='ocrx_word' id='word_1_663' title='bbox 1565 4620 1880 4692; x_wconf 89' lang='lat' dir='ltr'><strong>cognitione</strong></span> 
     </span>
    </p>
   </div>
   <div class='ocr_carea' id='block_1_92' title="bbox 283 4711 1882 4786">
    <p class='ocr_par' dir='ltr' id='par_1_92' title="bbox 283 4711 1882 4786">
     <span class='ocr_line' id='line_1_92' title="bbox 283 4711 1882 4786; baseline -0.004 -16"><span class='ocrx_word' id='word_1_664' title='bbox 283 4714 561 4786; x_wconf 85' lang='lat' dir='ltr'><strong>implevit.</strong></span> <span class='ocrx_word' id='word_1_665' title='bbox 594 4712 772 4767; x_wconf 87' lang='lat' dir='ltr'><strong>Etiam</strong></span> <span class='ocrx_word' id='word_1_666' title='bbox 808 4711 1124 4767; x_wconf 87' lang='lat' dir='ltr'><strong>illitteratos</strong></span> <span class='ocrx_word' id='word_1_667' title='bbox 1173 4711 1500 4781; x_wconf 89' lang='lat' dir='ltr'><strong>sapientiam</strong></span> <span class='ocrx_word' id='word_1_668' title='bbox 1543 4712 1750 4767; x_wconf 91' lang='lat' dir='ltr'><strong>docuit.</strong></span> <span class='ocrx_word' id='word_1_669' title='bbox 1802 4711 1882 4765; x_wconf 91' lang='lat' dir='ltr'><strong>lta</strong></span> 
     </span>
    </p>
   </div>
   <div class='ocr_carea' id='block_1_93' title="bbox 282 4805 1882 4880">
    <p class='ocr_par' dir='ltr' id='par_1_93' title="bbox 282 4805 1882 4880">
     <span class='ocr_line' id='line_1_93' title="bbox 282 4805 1882 4880; baseline -0.002 -17"><span class='ocrx_word' id='word_1_670' title='bbox 282 4824 390 4880; x_wconf 84' lang='lat' dir='ltr'><strong>per</strong></span> <span class='ocrx_word' id='word_1_671' title='bbox 415 4807 648 4880; x_wconf 79' lang='lat' dir='ltr'><strong>gratiam</strong></span> <span class='ocrx_word' id='word_1_672' title='bbox 680 4805 952 4863; x_wconf 88' lang='lat' dir='ltr'><strong>doccfacti</strong></span> <span class='ocrx_word' id='word_1_673' title='bbox 982 4815 1040 4861; x_wconf 90' lang='lat' dir='ltr'><strong>et</strong></span> <span class='ocrx_word' id='word_1_674' title='bbox 1065 4805 1306 4877; x_wconf 86' lang='lat' dir='ltr'><strong>purgati,</strong></span> <span class='ocrx_word' id='word_1_675' title='bbox 1328 4815 1387 4861; x_wconf 89' lang='lat' dir='ltr'><strong>et</strong></span> <span class='ocrx_word' id='word_1_676' title='bbox 1433 4806 1630 4876; x_wconf 91' lang='lat' dir='ltr'><strong>spiritu</strong></span> <span class='ocrx_word' id='word_1_677' title='bbox 1690 4820 1882 4862; x_wconf 89' lang='lat' dir='ltr'><strong>corro-</strong></span> 
     </span>
    </p>
   </div>
   <div class='ocr_carea' id='block_1_94' title="bbox 284 4897 1888 4966">
    <p class='ocr_par' dir='ltr' id='par_1_94' title="bbox 284 4897 1888 4966">
     <span class='ocr_line' id='line_1_94' title="bbox 284 4897 1888 4966; baseline -0.002 -10"><span class='ocrx_word' id='word_1_678' title='bbox 284 4901 498 4966; x_wconf 88' lang='lat' dir='ltr'><strong>borati,</strong></span> <span class='ocrx_word' id='word_1_679' title='bbox 522 4914 811 4955; x_wconf 84' lang='lat' dir='ltr'><strong>sermones</strong></span> <span class='ocrx_word' id='word_1_680' title='bbox 851 4898 1073 4954; x_wconf 87' lang='lat' dir='ltr'><strong>divinos</strong></span> <span class='ocrx_word' id='word_1_681' title='bbox 1101 4897 1420 4963; x_wconf 90' lang='lat' dir='ltr'><strong>ediderunt,</strong></span> <span class='ocrx_word' id='word_1_682' title='bbox 1453 4908 1511 4953; x_wconf 86' lang='lat' dir='ltr'><strong>et</strong></span> <span class='ocrx_word' id='word_1_683' title='bbox 1557 4898 1731 4954; x_wconf 89' lang='lat' dir='ltr'><strong>libros</strong></span> <span class='ocrx_word' id='word_1_684' title='bbox 1771 4913 1888 4952; x_wconf 90' lang='lat' dir='ltr'><strong>om-</strong></span> 
     </span>
    </p>
   </div>
   <div class='ocr_carea' id='block_1_95' title="bbox 287 4990 1876 5062">
    <p class='ocr_par' dir='ltr' id='par_1_95' title="bbox 287 4990 1876 5062">
     <span class='ocr_line' id='line_1_95' title="bbox 287 4990 1876 5062; baseline -0.003 -15"><span class='ocrx_word' id='word_1_685' title='bbox 287 5007 415 5060; x_wconf 88' lang='lat' dir='ltr'><strong>nes,</strong></span> <span class='ocrx_word' id='word_1_686' title='bbox 448 5006 682 5047; x_wconf 88' lang='lat' dir='ltr'><strong>numero</strong></span> <span class='ocrx_word' id='word_1_687' title='bbox 709 4990 995 5062; x_wconf 78' lang='lat' dir='ltr'><strong>sexaginta</strong></span> <span class='ocrx_word' id='word_1_688' title='bbox 1020 4996 1455 5060; x_wconf 88' lang='lat' dir='ltr'><strong>composuerunt</strong></span> <span class='ocrx_word' id='word_1_689' title='bbox 1480 5005 1494 5043; x_wconf 87' lang='lat'><strong>:</strong></span> <span class='ocrx_word' id='word_1_690' title='bbox 1522 5003 1616 5044; x_wconf 80' lang='lat' dir='ltr'><strong>sex</strong></span> <span class='ocrx_word' id='word_1_691' title='bbox 1658 4997 1713 5043; x_wconf 90' lang='lat' dir='ltr'><strong>et</strong></span> <span class='ocrx_word' id='word_1_692' title='bbox 1738 5002 1876 5058; x_wconf 81' lang='lat' dir='ltr'><strong>qua-</strong></span> 
     </span>
    </p>
   </div>
   <div class='ocr_carea' id='block_1_96' title="bbox 285 5078 1879 5156">
    <p class='ocr_par' dir='ltr' id='par_1_96' title="bbox 285 5078 1879 5156">
     <span class='ocr_line' id='line_1_96' title="bbox 285 5078 1879 5156; baseline -0.004 -17"><span class='ocrx_word' id='word_1_693' title='bbox 285 5084 546 5156; x_wconf 87' lang='lat' dir='ltr'><strong>draginta</strong></span> <span class='ocrx_word' id='word_1_694' title='bbox 596 5082 943 5139; x_wconf 82' lang='lat' dir='ltr'><strong>Testamenti</strong></span> <span class='ocrx_word' id='word_1_695' title='bbox 994 5081 1251 5147; x_wconf 82' lang='lat' dir='ltr'><strong>Veteris,</strong></span> <span class='ocrx_word' id='word_1_696' title='bbox 1306 5090 1517 5150; x_wconf 90' lang='lat' dir='ltr'><strong>septem</strong></span> <span class='ocrx_word' id='word_1_697' title='bbox 1571 5090 1629 5134; x_wconf 89' lang='lat' dir='ltr'><strong>et</strong></span> <span class='ocrx_word' id='word_1_698' title='bbox 1681 5078 1879 5150; x_wconf 86' lang='lat' dir='ltr'><strong>viginti</strong></span> 
     </span>
    </p>
   </div>
   <div class='ocr_carea' id='block_1_97' title="bbox 284 5170 1881 5241">
    <p class='ocr_par' dir='ltr' id='par_1_97' title="bbox 284 5170 1881 5241">
     <span class='ocr_line' id='line_1_97' title="bbox 284 5170 1881 5241; baseline -0.004 -11"><span class='ocrx_word' id='word_1_699' title='bbox 284 5174 631 5230; x_wconf 82' lang='lat' dir='ltr'><strong>Testamenti</strong></span> <span class='ocrx_word' id='word_1_700' title='bbox 656 5173 794 5229; x_wconf 86' lang='lat' dir='ltr'><strong>Novi</strong></span> <span class='ocrx_word' id='word_1_701' title='bbox 819 5182 875 5228; x_wconf 91' lang='lat' dir='ltr'><strong>et</strong></span> <span class='ocrx_word' id='word_1_702' title='bbox 911 5173 1293 5229; x_wconf 82' lang='lat' dir='ltr'><strong>Recentioris:</strong></span> <span class='ocrx_word' id='word_1_703' title='bbox 1329 5186 1537 5241; x_wconf 83' lang='lat' dir='ltr'><strong>eosque</strong></span> <span class='ocrx_word' id='word_1_704' title='bbox 1566 5185 1666 5241; x_wconf 88' lang='lat' dir='ltr'><strong>per</strong></span> <span class='ocrx_word' id='word_1_705' title='bbox 1688 5170 1881 5225; x_wconf 88' lang='lat' dir='ltr'><strong>orbem</strong></span> 
     </span>
    </p>
   </div>
   <div class='ocr_carea' id='block_1_98' title="bbox 288 5262 1881 5336">
    <p class='ocr_par' dir='ltr' id='par_1_98' title="bbox 288 5262 1881 5336">
     <span class='ocr_line' id='line_1_98' title="bbox 288 5262 1881 5336; baseline -0.001 -16"><span class='ocrx_word' id='word_1_706' title='bbox 288 5272 570 5320; x_wconf 85' lang='lat' dir='ltr'><strong>terrarum</strong></span> <span class='ocrx_word' id='word_1_707' title='bbox 601 5265 711 5320; x_wconf 87' lang='lat' dir='ltr'><strong>late</strong></span> <span class='ocrx_word' id='word_1_708' title='bbox 743 5264 1197 5332; x_wconf 88' lang='lat' dir='ltr'><strong>disseminarunt,</strong></span> <span class='ocrx_word' id='word_1_709' title='bbox 1226 5279 1391 5336; x_wconf 91' lang='lat' dir='ltr'><strong>quem</strong></span> <span class='ocrx_word' id='word_1_710' title='bbox 1423 5264 1590 5320; x_wconf 88' lang='lat' dir='ltr'><strong>etiam</strong></span> <span class='ocrx_word' id='word_1_711' title='bbox 1644 5262 1881 5335; x_wconf 85' lang='lat' dir='ltr'><strong>gratiam</strong></span> 
     </span>
    </p>
   </div>
   <div class='ocr_carea' id='block_1_99' title="bbox 370 5381 861 5452">
    <p class='ocr_par' dir='ltr' id='par_1_99' title="bbox 370 5381 861 5452">
     <span class='ocr_line' id='line_1_99' title="bbox 370 5381 861 5452; baseline 0.004 -16"><span class='ocrx_word' id='word_1_712' title='bbox 370 5384 415 5415; x_wconf 78' lang='grc'><strong>¹³</strong></span> <span class='ocrx_word' id='word_1_713' title='bbox 438 5381 643 5452; x_wconf 84' lang='lat' dir='ltr'><strong>Ephes.</strong></span> <span class='ocrx_word' id='word_1_714' title='bbox 667 5398 745 5450; x_wconf 69' lang='grc' dir='ltr'><strong>γι,</strong></span> <span class='ocrx_word' id='word_1_715' title='bbox 775 5381 861 5438; x_wconf 75' lang='lat' dir='ltr'><strong>i9.</strong></span> 
     </span>
    </p>
   </div>
   <div class='ocr_carea' id='block_1_100' title="bbox 362 5601 1882 5675">
    <p class='ocr_par' dir='ltr' id='par_1_100' title="bbox 362 5601 1882 5675">
     <span class='ocr_line' id='line_1_100' title="bbox 362 5601 1882 5675; baseline 0.003 -19"><span class='ocrx_word' id='word_1_716' title='bbox 362 5602 384 5621; x_wconf 74' lang='lat'><em>‘</em></span> <span class='ocrx_word' id='word_1_717' title='bbox 421 5602 651 5675; x_wconf 73' lang='lat' dir='ltr'><strong>Pselius.</strong></span> <span class='ocrx_word' id='word_1_718' title='bbox 685 5601 975 5669; x_wconf 76' lang='lat' dir='ltr'><strong>Splendens</strong></span> <span class='ocrx_word' id='word_1_719' title='bbox 1002 5607 1142 5660; x_wconf 87' lang='lat' dir='ltr'><strong>enim</strong></span> <span class='ocrx_word' id='word_1_720' title='bbox 1195 5603 1532 5675; x_wconf 79' lang='lat' dir='ltr'><strong>pulchritudo</strong></span> <span class='ocrx_word' id='word_1_721' title='bbox 1584 5605 1882 5673; x_wconf 77' lang='lat' dir='ltr'><strong>verborum,</strong></span> 
     </span>
    </p>
   </div>
   <div class='ocr_carea' id='block_1_101' title="bbox 289 5673 1882 5746">
    <p class='ocr_par' dir='ltr' id='par_1_101' title="bbox 289 5673 1882 5746">
     <span class='ocr_line' id='line_1_101' title="bbox 289 5673 1882 5746; baseline 0.004 -21"><span class='ocrx_word' id='word_1_722' title='bbox 289 5684 349 5725; x_wconf 84' lang='lat' dir='ltr'><strong>ut</strong></span> <span class='ocrx_word' id='word_1_723' title='bbox 379 5673 804 5726; x_wconf 75' lang='lat' dir='ltr'><strong>tuba-insonans</strong></span> <span class='ocrx_word' id='word_1_724' title='bbox 850 5676 1063 5729; x_wconf 76' lang='lat' dir='ltr'><strong>auribus</strong></span> <span class='ocrx_word' id='word_1_725' title='bbox 1111 5673 1302 5746; x_wconf 74' lang='lat' dir='ltr'><strong>easque</strong></span> <span class='ocrx_word' id='word_1_726' title='bbox 1354 5676 1672 5739; x_wconf 78' lang='lat' dir='ltr'><strong>concutiens,</strong></span> <span class='ocrx_word' id='word_1_727' title='bbox 1731 5684 1781 5729; x_wconf 88' lang='lat' dir='ltr'><strong>et</strong></span> <span class='ocrx_word' id='word_1_728' title='bbox 1818 5678 1882 5731; x_wconf 78' lang='lat' dir='ltr'><strong>iis</strong></span> 
     </span>
    </p>
   </div>
   <div class='ocr_carea' id='block_1_102' title="bbox 289 5745 1883 5815">
    <p class='ocr_par' dir='ltr' id='par_1_102' title="bbox 289 5745 1883 5815">
     <span class='ocr_line' id='line_1_102' title="bbox 289 5745 1883 5815; baseline 0.003 -22"><span class='ocrx_word' id='word_1_729' title='bbox 289 5745 568 5815; x_wconf 79' lang='lat' dir='ltr'><strong>oberrans.</strong></span> <span class='ocrx_word' id='word_1_730' title='bbox 597 5759 700 5815; x_wconf 83' lang='lat' dir='ltr'><strong>non</strong></span> <span class='ocrx_word' id='word_1_731' title='bbox 738 5746 914 5815; x_wconf 66' lang='lat' dir='ltr'><strong>ﬂuens</strong></span> <span class='ocrx_word' id='word_1_732' title='bbox 973 5754 1149 5799; x_wconf 85' lang='lat' dir='ltr'><strong>autem</strong></span> <span class='ocrx_word' id='word_1_733' title='bbox 1185 5748 1238 5799; x_wconf 89' lang='lat' dir='ltr'><strong>in</strong></span> <span class='ocrx_word' id='word_1_734' title='bbox 1287 5747 1548 5815; x_wconf 82' lang='lat' dir='ltr'><strong>animam,</strong></span> <span class='ocrx_word' id='word_1_735' title='bbox 1592 5762 1755 5815; x_wconf 82' lang='lat' dir='ltr'><strong>neque</strong></span> <span class='ocrx_word' id='word_1_736' title='bbox 1792 5763 1883 5800; x_wconf 87' lang='lat' dir='ltr'><strong>cor</strong></span> 
     </span>
    </p>
   </div>
   <div class='ocr_carea' id='block_1_103' title="bbox 290 5812 1873 5882">
    <p class='ocr_par' dir='ltr' id='par_1_103' title="bbox 290 5812 1873 5882">
     <span class='ocr_line' id='line_1_103' title="bbox 290 5812 1873 5882; baseline 0.006 -18"><span class='ocrx_word' id='word_1_737' title='bbox 290 5812 574 5868; x_wconf 80' lang='lat' dir='ltr'><strong>deliniens.</strong></span> <span class='ocrx_word' id='word_1_738' title='bbox 605 5812 790 5882; x_wconf 73' lang='lat' dir='ltr'><strong>Qualis</strong></span> <span class='ocrx_word' id='word_1_739' title='bbox 829 5816 1083 5870; x_wconf 78' lang='lat' dir='ltr'><strong>mentibus</strong></span> <span class='ocrx_word' id='word_1_740' title='bbox 1126 5817 1217 5870; x_wconf 73' lang='lat' dir='ltr'><strong>Dei</strong></span> <span class='ocrx_word' id='word_1_741' title='bbox 1264 5812 1564 5870; x_wconf 77' lang='lat' dir='ltr'><strong>amantibus</strong></span> <span class='ocrx_word' id='word_1_742' title='bbox 1606 5812 1677 5870; x_wconf 25' lang='lat' dir='ltr'><strong>in‘</strong></span> <span class='ocrx_word' id='word_1_743' title='bbox 1702 5818 1873 5873; x_wconf 82' lang='lat' dir='ltr'><strong>attici-</strong></span> 
     </span>
    </p>
   </div>
   <div class='ocr_carea' id='block_1_104' title="bbox 1980 4618 3580 4690">
    <p class='ocr_par' dir='ltr' id='par_1_104' title="bbox 1980 4618 3580 4690">
     <span class='ocr_line' id='line_1_104' title="bbox 1980 4618 3580 4690; baseline -0.003 -14"><span class='ocrx_word' id='word_1_744' title='bbox 1980 4620 2329 4690; x_wconf 88' lang='lat' dir='ltr'><strong>perlecturus</strong></span> <span class='ocrx_word' id='word_1_745' title='bbox 2366 4629 2469 4685; x_wconf 88' lang='lat' dir='ltr'><strong>est,</strong></span> <span class='ocrx_word' id='word_1_746' title='bbox 2498 4621 2544 4675; x_wconf 93' lang='lat' dir='ltr'><strong>si</strong></span> <span class='ocrx_word' id='word_1_747' title='bbox 2568 4621 2699 4690; x_wconf 91' lang='lat' dir='ltr'><strong>quid</strong></span> <span class='ocrx_word' id='word_1_748' title='bbox 2734 4622 2789 4675; x_wconf 91' lang='lat' dir='ltr'><strong>in</strong></span> <span class='ocrx_word' id='word_1_749' title='bbox 2813 4636 2881 4675; x_wconf 93' lang='lat' dir='ltr'><strong>eo</strong></span> <span class='ocrx_word' id='word_1_750' title='bbox 2929 4636 3133 4676; x_wconf 87' lang='lat' dir='ltr'><strong>novum</strong></span> <span class='ocrx_word' id='word_1_751' title='bbox 3193 4619 3488 4683; x_wconf 90' lang='lat' dir='ltr'><strong>invenerit,</strong></span> <span class='ocrx_word' id='word_1_752' title='bbox 3523 4618 3580 4672; x_wconf 88' lang='lat' dir='ltr'><strong>id</strong></span> 
     </span>
    </p>
   </div>
   <div class='ocr_carea' id='block_1_105' title="bbox 1980 4709 3578 4783">
    <p class='ocr_par' dir='ltr' id='par_1_105' title="bbox 1980 4709 3578 4783">
     <span class='ocr_line' id='line_1_105' title="bbox 1980 4709 3578 4783; baseline -0.003 -17"><span class='ocrx_word' id='word_1_753' title='bbox 1980 4712 2171 4783; x_wconf 79' lang='lat' dir='ltr'><strong>gratiae</strong></span> <span class='ocrx_word' id='word_1_754' title='bbox 2192 4711 2289 4767; x_wconf 89' lang='lat' dir='ltr'><strong>Dei</strong></span> <span class='ocrx_word' id='word_1_755' title='bbox 2333 4713 2594 4768; x_wconf 83' lang='lat' dir='ltr'><strong>ascribat.</strong></span> <span class='ocrx_word' id='word_1_756' title='bbox 2632 4712 2688 4766; x_wconf 88' lang='lat' dir='ltr'><strong>Si</strong></span> <span class='ocrx_word' id='word_1_757' title='bbox 2731 4713 2880 4767; x_wconf 88' lang='lat' dir='ltr'><strong>enim</strong></span> <span class='ocrx_word' id='word_1_758' title='bbox 2910 4724 2998 4767; x_wconf 89' lang='lat' dir='ltr'><strong>est</strong></span> <span class='ocrx_word' id='word_1_759' title='bbox 3041 4711 3352 4766; x_wconf 89' lang='lat' dir='ltr'><strong>industrius</strong></span> <span class='ocrx_word' id='word_1_760' title='bbox 3381 4710 3448 4763; x_wconf 88' lang='lat' dir='ltr'><strong>ad</strong></span> <span class='ocrx_word' id='word_1_761' title='bbox 3497 4709 3578 4762; x_wconf 75' lang='lat' dir='ltr'><strong>di~</strong></span> 
     </span>
    </p>
   </div>
   <div class='ocr_carea' id='block_1_106' title="bbox 1982 4802 3580 4874">
    <p class='ocr_par' dir='ltr' id='par_1_106' title="bbox 1982 4802 3580 4874">
     <span class='ocr_line' id='line_1_106' title="bbox 1982 4802 3580 4874; baseline -0.003 -15"><span class='ocrx_word' id='word_1_762' title='bbox 1982 4802 2270 4867; x_wconf 87' lang='lat' dir='ltr'><strong>scendum,</strong></span> <span class='ocrx_word' id='word_1_763' title='bbox 2304 4803 2510 4874; x_wconf 89' lang='lat' dir='ltr'><strong>aliquid</strong></span> <span class='ocrx_word' id='word_1_764' title='bbox 2544 4804 2695 4869; x_wconf 90' lang='lat' dir='ltr'><strong>novi,</strong></span> <span class='ocrx_word' id='word_1_765' title='bbox 2733 4811 2789 4857; x_wconf 89' lang='lat' dir='ltr'><strong>et</strong></span> <span class='ocrx_word' id='word_1_766' title='bbox 2823 4803 2969 4858; x_wconf 89' lang='lat' dir='ltr'><strong>unde</strong></span> <span class='ocrx_word' id='word_1_767' title='bbox 2998 4804 3124 4868; x_wconf 87' lang='lat' dir='ltr'><strong>huc,</strong></span> <span class='ocrx_word' id='word_1_768' title='bbox 3148 4814 3206 4857; x_wconf 90' lang='lat' dir='ltr'><strong>et</strong></span> <span class='ocrx_word' id='word_1_769' title='bbox 3233 4818 3264 4857; x_wconf 92' lang='lat' dir='ltr'><strong>e</strong></span> <span class='ocrx_word' id='word_1_770' title='bbox 3288 4817 3397 4872; x_wconf 87' lang='lat' dir='ltr'><strong>qua</strong></span> <span class='ocrx_word' id='word_1_771' title='bbox 3433 4802 3580 4855; x_wconf 82' lang='lat' dir='ltr'><strong>seri-</strong></span> 
     </span>
    </p>
   </div>
   <div class='ocr_carea' id='block_1_107' title="bbox 1985 4894 3583 4966">
    <p class='ocr_par' dir='ltr' id='par_1_107' title="bbox 1985 4894 3583 4966">
     <span class='ocr_line' id='line_1_107' title="bbox 1985 4894 3583 4966; baseline -0.001 -17"><span class='ocrx_word' id='word_1_772' title='bbox 1985 4904 2146 4966; x_wconf 91' lang='lat' dir='ltr'><strong>ptura</strong></span> <span class='ocrx_word' id='word_1_773' title='bbox 2182 4904 2485 4965; x_wconf 76' lang='lat' dir='ltr'><strong>sumptura,</strong></span> <span class='ocrx_word' id='word_1_774' title='bbox 2519 4909 2836 4966; x_wconf 85' lang='lat' dir='ltr'><strong>cognoscet.</strong></span> <span class='ocrx_word' id='word_1_775' title='bbox 2874 4895 3031 4962; x_wconf 87' lang='lat' dir='ltr'><strong>Quod</strong></span> <span class='ocrx_word' id='word_1_776' title='bbox 3066 4897 3111 4949; x_wconf 88' lang='lat' dir='ltr'><strong>si</strong></span> <span class='ocrx_word' id='word_1_777' title='bbox 3162 4894 3288 4963; x_wconf 87' lang='lat' dir='ltr'><strong>quis</strong></span> <span class='ocrx_word' id='word_1_778' title='bbox 3342 4895 3496 4948; x_wconf 87' lang='lat' dir='ltr'><strong>rudis</strong></span> <span class='ocrx_word' id='word_1_779' title='bbox 3524 4904 3583 4947; x_wconf 91' lang='lat' dir='ltr'><strong>et</strong></span> 
     </span>
    </p>
   </div>
   <div class='ocr_carea' id='block_1_108' title="bbox 1987 4987 3580 5059">
    <p class='ocr_par' dir='ltr' id='par_1_108' title="bbox 1987 4987 3580 5059">
     <span class='ocr_line' id='line_1_108' title="bbox 1987 4987 3580 5059; baseline -0.001 -17"><span class='ocrx_word' id='word_1_780' title='bbox 1987 4987 2140 5042; x_wconf 88' lang='lat' dir='ltr'><strong>iners</strong></span> <span class='ocrx_word' id='word_1_781' title='bbox 2179 4987 2366 5051; x_wconf 85' lang='lat' dir='ltr'><strong>fuerit,</strong></span> <span class='ocrx_word' id='word_1_782' title='bbox 2394 5004 2463 5041; x_wconf 91' lang='lat' dir='ltr'><strong>ne</strong></span> <span class='ocrx_word' id='word_1_783' title='bbox 2490 5005 2733 5059; x_wconf 88' lang='lat' dir='ltr'><strong>unquam</strong></span> <span class='ocrx_word' id='word_1_784' title='bbox 2770 4988 3136 5058; x_wconf 84' lang='lat' dir='ltr'><strong>impossibilia</strong></span> <span class='ocrx_word' id='word_1_785' title='bbox 3171 4996 3384 5042; x_wconf 88' lang='lat' dir='ltr'><strong>tentare</strong></span> <span class='ocrx_word' id='word_1_786' title='bbox 3423 4987 3580 5041; x_wconf 89' lang='lat' dir='ltr'><strong>velit.</strong></span> 
     </span>
    </p>
   </div>
   <div class='ocr_carea' id='block_1_109' title="bbox 1988 5079 3583 5146">
    <p class='ocr_par' dir='ltr' id='par_1_109' title="bbox 1988 5079 3583 5146">
     <span class='ocr_line' id='line_1_109' title="bbox 1988 5079 3583 5146; baseline 0 -11"><span class='ocrx_word' id='word_1_787' title='bbox 1988 5079 2068 5135; x_wconf 78' lang='lat' dir='ltr'><strong>Ex</strong></span> <span class='ocrx_word' id='word_1_788' title='bbox 2091 5079 2286 5135; x_wconf 90' lang='lat' dir='ltr'><strong>alienis</strong></span> <span class='ocrx_word' id='word_1_789' title='bbox 2301 5080 2431 5137; x_wconf 90' lang='lat' dir='ltr'><strong>item</strong></span> <span class='ocrx_word' id='word_1_790' title='bbox 2453 5097 2483 5135; x_wconf 93' lang='lat' dir='ltr'><strong>a</strong></span> <span class='ocrx_word' id='word_1_791' title='bbox 2509 5080 2614 5136; x_wconf 85' lang='lat' dir='ltr'><strong>fide</strong></span> <span class='ocrx_word' id='word_1_792' title='bbox 2633 5080 2970 5146; x_wconf 82' lang='lat' dir='ltr'><strong>Christiana,</strong></span> <span class='ocrx_word' id='word_1_793' title='bbox 2990 5090 3046 5136; x_wconf 90' lang='lat' dir='ltr'><strong>et</strong></span> <span class='ocrx_word' id='word_1_794' title='bbox 3070 5079 3350 5136; x_wconf 89' lang='lat' dir='ltr'><strong>veteribus</strong></span> <span class='ocrx_word' id='word_1_795' title='bbox 3375 5080 3482 5135; x_wconf 90' lang='lat' dir='ltr'><strong>illis</strong></span> <span class='ocrx_word' id='word_1_796' title='bbox 3497 5095 3583 5135; x_wconf 89' lang='lat' dir='ltr'><strong>sa-</strong></span> 
     </span>
    </p>
   </div>
   <div class='ocr_carea' id='block_1_110' title="bbox 1989 5171 3586 5246">
    <p class='ocr_par' dir='ltr' id='par_1_110' title="bbox 1989 5171 3586 5246">
     <span class='ocr_line' id='line_1_110' title="bbox 1989 5171 3586 5246; baseline 0 -21"><span class='ocrx_word' id='word_1_797' title='bbox 1989 5172 2270 5243; x_wconf 89' lang='lat' dir='ltr'><strong>pientibus</strong></span> <span class='ocrx_word' id='word_1_798' title='bbox 2301 5171 2510 5229; x_wconf 86' lang='lat' dir='ltr'><strong>Galeno</strong></span> <span class='ocrx_word' id='word_1_799' title='bbox 2565 5182 2621 5228; x_wconf 92' lang='lat' dir='ltr'><strong>et</strong></span> <span class='ocrx_word' id='word_1_800' title='bbox 2673 5173 3008 5243; x_wconf 82' lang='lat' dir='ltr'><strong>Hippocrate</strong></span> <span class='ocrx_word' id='word_1_801' title='bbox 3043 5173 3271 5246; x_wconf 73' lang='lat' dir='ltr'><strong>physica</strong></span> <span class='ocrx_word' id='word_1_802' title='bbox 3319 5172 3586 5229; x_wconf 88' lang='lat' dir='ltr'><strong>nonnulla</strong></span> 
     </span>
    </p>
   </div>
   <div class='ocr_carea' id='block_1_111' title="bbox 1991 5267 3589 5339">
    <p class='ocr_par' dir='ltr' id='par_1_111' title="bbox 1991 5267 3589 5339">
     <span class='ocr_line' id='line_1_111' title="bbox 1991 5267 3589 5339; baseline 0.001 -19"><span class='ocrx_word' id='word_1_803' title='bbox 1991 5273 2303 5336; x_wconf 82' lang='lat' dir='ltr'><strong>Opportune</strong></span> <span class='ocrx_word' id='word_1_804' title='bbox 2331 5267 2567 5323; x_wconf 85' lang='lat' dir='ltr'><strong>mutuati</strong></span> <span class='ocrx_word' id='word_1_805' title='bbox 2590 5282 2805 5333; x_wconf 88' lang='lat' dir='ltr'><strong>sumus,</strong></span> <span class='ocrx_word' id='word_1_806' title='bbox 2845 5267 2939 5322; x_wconf 87' lang='lat' dir='ltr'><strong>ubi</strong></span> <span class='ocrx_word' id='word_1_807' title='bbox 2971 5267 3319 5339; x_wconf 84' lang='lat' dir='ltr'><strong>potissimum</strong></span> <span class='ocrx_word' id='word_1_808' title='bbox 3351 5267 3420 5325; x_wconf 85' lang='lat' dir='ltr'><strong>de</strong></span> <span class='ocrx_word' id='word_1_809' title='bbox 3473 5281 3589 5321; x_wconf 85' lang='lat' dir='ltr'><strong>ma-</strong></span> 
     </span>
    </p>
   </div>
   <div class='ocr_carea' id='block_1_112' title="bbox 1825 5480 2112 5544">
    <p class='ocr_par' dir='ltr' id='par_1_112' title="bbox 1825 5480 2112 5544">
     <span class='ocr_line' id='line_1_112' title="bbox 1825 5480 2112 5544; baseline 0 0"><span class='ocrx_word' id='word_1_810' title='bbox 1825 5480 2112 5544; x_wconf 78' lang='lat' dir='ltr'><strong>Schdlia.</strong></span> 
     </span>
    </p>
   </div>
   <div class='ocr_carea' id='block_1_113' title="bbox 1993 5604 3582 5678">
    <p class='ocr_par' dir='ltr' id='par_1_113' title="bbox 1993 5604 3582 5678">
     <span class='ocr_line' id='line_1_113' title="bbox 1993 5604 3582 5678; baseline -0.006 -14"><span class='ocrx_word' id='word_1_811' title='bbox 1993 5625 2107 5664; x_wconf 88' lang='lat' dir='ltr'><strong>smo</strong></span> <span class='ocrx_word' id='word_1_812' title='bbox 2133 5607 2338 5663; x_wconf 77' lang='lat' dir='ltr'><strong>utilitas</strong></span> <span class='ocrx_word' id='word_1_813' title='bbox 2358 5608 2384 5661; x_wconf 75' lang='lat'><em>7</em></span> <span class='ocrx_word' id='word_1_814' title='bbox 2410 5606 2614 5662; x_wconf 66' lang='lat' dir='ltr'><strong>Divinis</strong></span> <span class='ocrx_word' id='word_1_815' title='bbox 2636 5608 2844 5678; x_wconf 78' lang='lat' dir='ltr'><strong>quidem</strong></span> <span class='ocrx_word' id='word_1_816' title='bbox 2870 5607 3151 5678; x_wconf 71' lang='lat' dir='ltr'><strong>sapientia:</strong></span> <span class='ocrx_word' id='word_1_817' title='bbox 3172 5604 3328 5660; x_wconf 76' lang='lat' dir='ltr'><strong>dictio</strong></span> <span class='ocrx_word' id='word_1_818' title='bbox 3343 5604 3582 5678; x_wconf 65' lang='lat' dir='ltr'><strong>(inutilis,</strong></span> 
     </span>
    </p>
   </div>
   <div class='ocr_carea' id='block_1_114' title="bbox 1992 5674 3584 5746">
    <p class='ocr_par' dir='ltr' id='par_1_114' title="bbox 1992 5674 3584 5746">
     <span class='ocr_line' id='line_1_114' title="bbox 1992 5674 3584 5746; baseline -0.004 -11"><span class='ocrx_word' id='word_1_819' title='bbox 1992 5680 2254 5735; x_wconf 76' lang='lat' dir='ltr'><strong>sententia</strong></span> <span class='ocrx_word' id='word_1_820' title='bbox 2278 5679 2513 5733; x_wconf 74' lang='lat' dir='ltr'><strong>sublimis</strong></span> <span class='ocrx_word' id='word_1_821' title='bbox 2546 5695 2609 5732; x_wconf 85' lang='lat' dir='ltr'><strong>ac</strong></span> <span class='ocrx_word' id='word_1_822' title='bbox 2639 5674 2879 5733; x_wconf 73' lang='lat' dir='ltr'><strong>coelestis.</strong></span> <span class='ocrx_word' id='word_1_823' title='bbox 2913 5674 3271 5732; x_wconf 75' lang='lat' dir='ltr'><strong>Externorum</strong></span> <span class='ocrx_word' id='word_1_824' title='bbox 3303 5674 3433 5728; x_wconf 76' lang='lat' dir='ltr'><strong>nitet</strong></span> <span class='ocrx_word' id='word_1_825' title='bbox 3466 5675 3584 5746; x_wconf 81' lang='lat' dir='ltr'><strong>qui-</strong></span> 
     </span>
    </p>
   </div>
   <div class='ocr_carea' id='block_1_115' title="bbox 1993 5748 3198 5819">
    <p class='ocr_par' dir='ltr' id='par_1_115' title="bbox 1993 5748 3198 5819">
     <span class='ocr_line' id='line_1_115' title="bbox 1993 5748 3198 5819; baseline -0.006 -14"><span class='ocrx_word' id='word_1_826' title='bbox 1993 5753 2111 5805; x_wconf 84' lang='lat' dir='ltr'><strong>dem</strong></span> <span class='ocrx_word' id='word_1_827' title='bbox 2142 5750 2385 5812; x_wconf 81' lang='lat' dir='ltr'><strong>elocutio,</strong></span> <span class='ocrx_word' id='word_1_828' title='bbox 2427 5750 2691 5803; x_wconf 78' lang='lat' dir='ltr'><strong>sententia</strong></span> <span class='ocrx_word' id='word_1_829' title='bbox 2727 5752 2841 5819; x_wconf 85' lang='lat' dir='ltr'><strong>ipsa</strong></span> <span class='ocrx_word' id='word_1_830' title='bbox 2865 5750 3012 5803; x_wconf 79' lang='lat' dir='ltr'><strong>humi</strong></span> <span class='ocrx_word' id='word_1_831' title='bbox 3047 5748 3198 5817; x_wconf 85' lang='lat' dir='ltr'><strong>repit.</strong></span> 
     </span>
    </p>
   </div>
  </div>
