4036 6464
388 436 500 507 871

1633 419 1981 486 PHILIPPI
2023 390 2415 482 soitrAntt

3570 410 3676 479 δη

382 548 547 614 gen-ia,
569 553 627 603 et
654 543 726 601 de
764 539 1075 606 elementis,
1110 536 1459 608 simplicibus
1490 546 1733 608 quatuor
1768 545 1826 591 et
1861 535 1977 605 pri-
2009 548 2051 599 Α
2084 544 2236 586 luunt
2292 528 2557 600 plorabis,
2615 537 2670 582 et
2721 529 3048 598 supplicucr
3079 541 3177 582 eos
3211 526 3423 609 orabis,
3452 527 3508 581 itt
3561 529 3681 584 hac

383 642 491 699 mis
520 636 844 711 corporibus
870 634 1188 699 disserunt,
1221 638 1278 685 et
1311 629 1594 700 quomodo
1627 643 1694 683 ex
1721 627 1809 681 bis
1842 642 1980 694 qua-

385 746 516 791 tuor
551 733 844 787 humorum
875 740 1102 798 genera,
1141 722 1393 794 sanguis,
1440 722 1719 792 phlegma,
1770 732 1888 774 atra
1926 728 1984 774 et

384 826 525 880 ﬂava
558 821 687 877 bilis
718 804 1083 891 generentur:
1106 830 1175 868 ex
1213 812 1420 883 quibus
1471 812 1710 865 humana
1749 823 1982 879 corpora

384 921 762 986 coagmentata
799 917 950 975 sunt,
988 918 1046 963 et
1071 907 1140 963 de
1167 914 1408 979 quatuor
1438 901 1694 958 artatibus
1727 899 1985 955 tbtidem-

384 1027 492 1084 que
537 1008 666 1065 anni
722 1004 1090 1077 temporibus,
1140 1018 1263 1074 quae
1314 1009 1446 1056 sunt
1491 1014 1609 1064 ver,
1661 1005 1981 1059 autumnus,

382 1114 567 1169 testas,
594 1102 798 1157 hiems.
843 1099 918 1154 De
950 1107 1110 1153 utero
1157 1110 1379 1166 quoque
1407 1102 1465 1148 et
1514 1089 1767 1147 crasibus
1807 1088 1985 1144 infan-

385 1196 524 1250 tium
560 1196 616 1249 in
648 1209 717 1249 eo
746 1190 860 1248 fieri
890 1189 1067 1246 solitis
1098 1189 1332 1258 egimus.
1374 1187 1609 1256 Insuper
1653 1183 1801 1239 unde
1836 1198 1985 1254 sym-

386 1295 656 1359 ptomata,
708 1295 766 1340 et
826 1283 1139 1354 pathemata
1190 1280 1282 1335 illa
1321 1277 1589 1349 probrosa
1626 1276 1983 1339 exsisterent,

385 1392 610 1434 causam
646 1376 929 1448 physicam
954 1379 1211 1428 accurate
1229 1372 1633 1442 indagavimus,
1658 1384 1724 1424 ac
1750 1366 1818 1423 de
1847 1378 1988 1423 tem-

387 1470 776 1542 perationibus
805 1469 1157 1540 qualitatum,
1186 1479 1493 1535 earumque
1518 1461 1847 1527 rationibus,
1868 1476 1988 1516 mo-

392 1580 515 1619 rum
547 1579 611 1618 ac
641 1572 949 1633 temporum
988 1558 1494 1625 vicissitudinibus,
1517 1567 1575 1613 et
1608 1558 1791 1630 qualis
1821 1571 1986 1611 causa

391 1656 823 1728 unumquodque
883 1653 1262 1721 antecederet,
1302 1652 1420 1707 haec
1477 1654 1686 1716 omnia,
1737 1650 1986 1720 inquam,

392 1750 533 1806 libro
566 1758 767 1820 quarto
809 1745 1187 1817 exposuimus.
1233 1744 1389 1811 Quod
1423 1744 1469 1799 si
1514 1744 1570 1798 in
1601 1742 1930 1813 quibusdam
1954 1757 1987 1794 ιι

391 1841 598 1897 decoro
624 1840 900 1901 aberravi.
930 1839 985 1894 id
1017 1837 1310 1908 imperitiae
1348 1845 1405 1891 et
1450 1835 1685 1891 inscitiae
1719 1850 1855 1890 mete
1884 1833 1987 1889 tri-

2086 622 2251 679 verba
2288 640 2301 674 :
2334 622 2467 675 Date
2501 617 2636 673 mihi
2673 620 2914 688 spatium
2954 618 3022 673 ad
3072 617 3476 688 pmnitendum,
3525 627 3584 672 et
3610 621 3681 675 ad

2083 711 2465 768 lamentandas
2492 720 2658 782 atque
2697 709 3003 765 abluendas
3033 720 3389 780 peccatorum
3425 724 3678 763 meorum

2083 806 2349 859 maculas.
2387 802 2686 859 Concedite
2738 801 2896 866 mihi,
2956 801 3214 870 obsecro,
3259 801 3343 856 vel
3404 800 3682 856 tantillum

2089 905 2327 966 tempus,
2379 905 2438 949 ut
2488 911 2591 967 ego
2645 894 2810 949 vitam
2861 894 2916 948 in
2960 892 3180 950 Christo
3222 894 3408 949 vivere
3455 909 3681 964 queam,

2084 997 2140 1042 ct
2174 988 2426 1042 miserias
2460 996 2676 1041 nostras
2708 986 3062 1041 miserantem
3116 985 3288 1055 magis
3320 984 3676 1039 miserantem

2085 1080 2344 1136 efliciam.
2378 1080 2447 1135 Et
2474 1090 2603 1136 tunc
2634 1095 2721 1133 me
2755 1079 2826 1133 ab
2857 1078 2944 1132 his
2967 1077 3190 1132 caducis
3229 1075 3471 1143 auferte,
3511 1088 3685 1147 atque

2087 1174 2349 1229 abducite
2404 1173 2484 1228 llli
2518 1173 2657 1228 dure
2686 1171 2932 1243 quidem,
2963 1171 3110 1242 juste
3153 1178 3336 1225 tamen
3381 1169 3689 1240 responde-

2088 1266 2228 1321 bunt
2258 1283 2271 1320 :
2308 1266 2552 1337 Tempus
2581 1267 2708 1320 vita:
2736 1273 2844 1320 tua:
2870 1272 3323 1320 consummatum
3353 1271 3471 1329 est;
3524 1278 3688 1334 egre-

2088 1357 2244 1425 dere,
2275 1358 2452 1414 Judex
2476 1357 2743 1424 decrevit,
2783 1355 2908 1412 ﬁnis
2932 1354 3097 1410 linem
3123 1354 3309 1410 habet.
3338 1354 3575 1431 Necesse
3598 1364 3689 1410 est

2090 1461 2144 1505 te
2196 1450 2480 1505 transire:
2524 1465 2593 1506 ne
2638 1430 2950 1513 ’cuncteris,
3012 1463 3081 1503 ne
3132 1448 3393 1519 pigreris.
3436 1430 3686 1504 Aita'em

2091 1551 2240 1598 tuam
2281 1544 2336 1597 in
2372 1542 2520 1597 omni
2554 1541 2888 1597 remissione
2939 1538 3307 1610 socordiaque
3347 1540 3687 1607 contrivisti,

2090 1634 2269 1692 Vitam
2306 1632 2831 1705 prodegisti,annos
2858 1640 2982 1686 tuos
3030 1629 3233 1685 frustra
3295 1630 3683 1700 absumpsisti.

2088 1726 2294 1782 Nones
2332 1725 2621 1782 recordata
2663 1723 2791 1779 linis
2819 1724 2919 1787 tui,
2966 1737 3077 1778 non
3142 1722 3295 1776 hora:
3341 1722 3570 1776 ultimae.
3623 1722 3693 1776 Et

2089 1835 2259 1885 nunc,
2296 1829 2351 1873 ut
2389 1817 2490 1883 ais,
2522 1828 2574 1872 te
2599 1818 2819 1882 horum,
2851 1826 2909 1871 et
2940 1817 3031 1869 vix
3063 1816 3253 1880 etiam,
3282 1816 3533 1885 poenitet.
3574 1817 3689 1868 An-

390 1935 617 1990 buawr.
654 1933 723 1989 Ει
761 1947 953 1988 omnes
1000 1907 1188 1994 oratos
1233 1930 1379 1995 volo,
1417 1936 1479 1984 υι
1503 1929 1639 1984 mihi
1678 1929 1985 2000 ignoscam,
2020 1910 2064 1966 Β
2090 1929 2200 1969 non
2234 1913 2479 1984 quotidie
2512 1923 2695 1983 patres
2738 1912 3041 1967 clamantes
3082 1909 3372 1970 audiebas,
3425 1907 3610 1978 qualia
3636 1917 3693 1962 et

390 2035 448 2080 et
485 2033 709 2094 peccata
736 2024 790 2076 in
821 2022 924 2076 hac
958 2020 1258 2091 scriptione
1298 2018 1594 2076 commissa
1623 2017 1937 2073 condonent
1968 2034 1982 2071 :

391 2114 743 2170 attendentes
770 2113 838 2168 ad
869 2127 1099 2183 sc0pum
1134 2110 1268 2165 mihi
1304 2110 1653 2181 propositum
1686 2109 1986 2180 praecipue,

390 2223 502 2263 non
533 2205 600 2261 ad
623 2221 689 2263 ea
713 2221 836 2277 quae
862 2205 947 2259 vel
980 2205 1154 2259 risum
1186 2213 1531 2267 mereantur,
1560 2200 1609 2258 si
1648 2201 1815 2257 modo
1866 2201 1988 2257 ani-

392 2314 607 2354 marum
640 2312 865 2353 suarum
892 2294 1133 2352 fructum
1163 2297 1580 2365 concupiscant.

997 2410 1232 2468 CAPUT
1262 2409 1384 2466 XX.

397 2526 608 2580 Flebilis
636 2526 947 2581 lamentatio
978 2534 1027 2579 et
1051 2525 1385 2596 querimonia
1406 2595 1426 2596 ί
1445 2525 1697 2580 adversus
1728 2527 1988 2580 animum.

468 2597 647 2651 Multa
674 2599 737 2650 de
764 2598 950 2651 mundi
998 2595 1346 2653 vanitatibus.
1398 2595 1470 2650 De
1507 2606 1741 2651 extremo
1787 2597 1992 2667 judicio

469 2676 518 2719 et
557 2666 746 2721 ultima
786 2669 907 2721 vita:
929 2669 1084 2721 hora.
1123 2667 1196 2720 De
1217 2667 1411 2721 caelesti
1443 2668 1695 2737 paradiso
1730 2666 1992 2736 et'inferis

475 2737 929 2794 consideratione:
956 2738 1193 2808 πορίσω.

465 2846 609 2916 Quid
639 2846 715 2903 ita
743 2842 947 2903 sedes?
981 2846 1114 2917 quid
1142 2848 1292 2902 omni
1315 2862 1448 2903 cura
1481 2848 1683 2903 vacas?
1719 2846 1856 2919 quid
1907 2859 1992 2905 te-

396 2946 509 2993 ntet
533 2940 607 2993 ita
643 2939 891 3012 negligis,
925 2940 1107 2994 anima
1131 2939 1292 2996 mea?
1316 2940 1597 3012 quomodo
1645 2956 1840 2997 eorum
1872 2956 1996 3011 quae

398 3031 728 3102 insipienter
785 3031 971 3103 egisti,
1018 3032 1412 3104 cogitationem
1447 3049 1666 3089 omnem
1703 3033 1997 3103 abiecisti?

397 3117 678 3187 quomodo
707 3118 958 3175 amabilis
972 3120 1327 3190 'ptenitentite
1361 3122 1634 3178 rationem
1662 3123 1868 3177 nullam
1897 3123 1995 3178 ha-

401 3209 605 3265 buisti?
654 3208 944 3278 Quomodo
997 3228 1108 3267 non
1160 3228 1424 3284 properas
1478 3224 1746 3285 quantum
1802 3224 1993 3286 potes,

401 3301 648 3373 quandiu
683 3301 737 3356 in
772 3301 877 3357 bac
893 3304 1005 3358 vita
1038 3317 1251 3368 manes,
1286 3304 1353 3359 ad
1377 3305 1566 3360 Patres
1600 3308 1917 3377 spirituales
1935 3319 1992 3365 et

405 3393 621 3448 divinos
654 3392 984 3463 magistros;
1010 3408 1214 3464 eosque
1237 3408 1381 3460 oras,
1412 3396 1694 3462 obsecras,
1746 3400 1991 3457 obtesta-

402 3483 481 3539 ris
518 3483 763 3547 assidue,
796 3490 854 3538 ct
887 3499 1014 3539 cum
1048 3483 1346 3553 gemitibus
1385 3493 1550 3557 atque
1577 3488 1836 3560 lacrymis
1865 3507 1993 3560 per-

2022 3270 2066 3331 ϐ

402 3573 703 3634 cunctaris,
733 3588 843 3642 quo
894 3583 1056 3643 pacto
1087 3572 1418 3629 delictorum
1444 3577 1827 3634 remissionem
1864 3564 2023 3651 pos:

404 3661 486 3716 sis
524 3663 801 3729 invenire,
853 3670 909 3717 et
937 3678 1046 3733 qua
1102 3666 1315 3720 ratione
1354 3673 1434 3720 tot
1480 3674 1768 3739 tantasque
1801 3670 1994 3726 sordes

400 3750 594 3806 cluas?
619 3750 908 3817 Quomodo
936 3752 1088 3807 horae
1128 3752 1333 3810 ultima:
1366 3755 1466 3811 tibi
1507 3755 1562 3811 in
1609 3767 1848 3814 mentem
1885 3777 1993 3816 non

401 3842 577 3909 venit,
625 3852 685 3896 et
731 3845 1195 3913 quemadmodum
1233 3845 1415 3901 Judici
1471 3849 1719 3904 omnium
1761 3860 1993 3921 respon-

342 3999 346 4002 ,
401 3935 874 4002 deastQumnodo
906 3938 1079 3993 oblita
1105 3954 1166 3994 es
1191 3941 1439 3996 studiose
1462 3943 1782 3999 meminisse
1803 3947 1992 4001 novis-

400 4028 670 4084 simorum
709 4038 953 4094 tuorum,
994 4042 1051 4086 et
1083 4047 1194 4101 quo
1224 4041 1384 4102 pacto
1417 4034 1636 4089 tandem
1672 4052 1739 4091 ex
1773 4037 1878 4094 hoc
1909 4048 1989 4094 ta-

400 4120 703 4178 bernaculo
735 4123 1054 4183 abeundum
1089 4124 1200 4180 sit?
1242 4124 1432 4191 Multa,
1459 4134 1517 4181 et
1558 4128 1791 4183 nimium
1822 4132 1994 4186 multa

404 4214 596 4279 habes,
630 4228 757 4284 qua:
795 4214 852 4268 in
889 4225 942 4269 te
971 4215 1256 4284 observes,
1299 4224 1357 4272 et
1390 4218 1671 4289 inspicias.
1718 4220 1993 4291 Polluisti,

400 4307 893 4373 contaminasti,et
918 4307 1173 4365 inutilem
1204 4310 1373 4365 vitam
1405 4321 1555 4367 tuam
1589 4314 1904 4372 reddidisti.
1938 4317 1994 4374 Si

407 4397 577 4466 igitur
607 4397 887 4453 Creatoris
916 4400 1075 4471 jussu
1113 4404 1370 4457 venerint
1391 4405 1593 4475 angeli,
1619 4415 1680 4461 ut
1702 4414 1754 4461 te
1793 4408 1861 4463 ab
1884 4409 1997 4464 his-

403 4502 467 4542 ce
494 4489 763 4557 perituris
795 4489 1032 4546 educant
1064 4502 1120 4547 et
1153 4508 1383 4564 corpore
1405 4498 1710 4564 exsolvant,
1745 4499 1887 4555 heu!
1918 4516 1997 4557 va:

404 4578 508 4632 tibi
551 4577 762 4645 infelix,
788 4580 832 4634 si
868 4591 983 4634 tum
1015 4582 1140 4637 talis
1171 4588 1473 4653 reperiare,
1516 4588 1695 4657 qualis
1717 4605 1866 4646 nunc
1913 4607 1990 4658 es,

403 4668 544 4723 adeo
577 4669 716 4723 nihil
749 4671 1012 4738 sollicita,
1045 4673 1184 4727 adeo
1212 4674 1362 4730 vitiis
1391 4676 1598 4740 dedita,
1629 4677 1769 4732 adeo
1801 4682 1994 4748 piacu-

403 4762 474 4824 tis
500 4760 698 4816 obruta
728 4763 742 4817 t
776 4762 972 4820 Gravis
1000 4767 1370 4837 est_abruptio
1397 4769 1614 4838 anlmze,
1663 4771 1844 4840 gravis
1874 4780 2005 4827 tunc

406 4854 680 4909 sentietnr
704 4858 975 4912 tumultus
1004 4876 1018 4911 :
1049 4861 1225 4914 multo
1258 4859 1479 4930 gravius
1503 4860 1612 4913 erit
1638 4861 1831 4917 audire
1858 4878 2007 4917 acer-

406 4943 512 4999 bos
551 4945 676 5000 illos
707 4949 971 5017 gemitus,
1014 4950 1240 5018 quando
1273 4950 1534 5003 lectulum
1569 4959 1727 5004 tuum
1769 4952 2007 5007 circum-

403 5044 615 5091 stantes
642 5052 836 5093 omnes
878 5040 955 5093 tui
1009 5042 1229 5107 fratres,
1267 5042 1509 5110 cognati,
1545 5051 1750 5112 patres,
1796 5046 2001 5100 contri-

403 5128 586 5197 bules,
606 5128 839 5197 ﬂebunt,
876 5135 1182 5204 ejulabunt,
1210 5133 1497 5204 lugebant,
1522 5135 1994 5206 lamentabuntur,

404 5231 700 5278 cernentes
757 5224 885 5279 hinc
943 5228 1096 5279 nulla
1142 5241 1237 5296 spe
1314 5225 1525 5283 reditus
1600 5228 1994 5286 discedendum

405 5330 548 5370 esse.
596 5318 666 5373 Et
721 5321 902 5374 ottinia
957 5322 1074 5376 ha'c
1115 5322 1328 5376 videbis
1362 5324 1608 5393 quidem,
1640 5335 1695 5380 et
1745 5330 1996 5396 ploratus

404 5409 618 5478 audies,
653 5416 830 5470 oculis
862 5419 1130 5486 corporis,
1163 5426 1218 5472 et
1245 5417 1428 5473 cordis
1458 5420 1711 5475 fortasse.
1758 5422 1875 5476 Non
1912 5430 1994 5477 ta-

406 5516 532 5555 men
558 5503 743 5574 lingua
769 5506 1008 5560 arefacta
1044 5508 1218 5577 loqui,
1259 5525 1360 5564 nec
1395 5510 1774 5579 familiarium,
1812 5524 1869 5567 ct
1904 5530 1997 5569 ne-

405 5594 768 5650 cessariorum
792 5598 1000 5652 luctum
1029 5601 1303 5655 consolari
1332 5605 1578 5670 poteris:
1618 5602 1713 5659 sed
1742 5604 1996 5661 obtutum

409 5683 463 5736 in
495 5686 628 5740 solis
668 5689 875 5758 angelis
914 5690 1153 5747 deﬁxum
1188 5693 1441 5761 habebis,
1487 5704 1544 5750 et
1572 5695 1716 5765 apud
1750 5698 1997 5754 animum

486 5881 534 5911 ¹⁹
567 5882 711 5936 Psal.
744 5898 897 5954 chv,
934 5889 987 5942 4.

2093 2014 2296 2076 quanta
2324 2013 2447 2075 post
2481 2013 2714 2058 mortem
2745 2000 3075 2058 evenirent?
3099 2000 3223 2056 Non
3259 2000 3507 2064 videbas,
3545 2016 3691 2069 quo-

2093 2096 2228 2153 tidie
2254 2095 2385 2151 hinc
2403 2093 2759 2165 cmigrantes,
2791 2093 3031 2160 adultos,
3085 2092 3487 2157 adolescentes,
3529 2099 3691 2145 atate

2091 2189 2375 2255 ﬂorentes,
2417 2202 2613 2244 omnes
2666 2186 2947 2257 denique?
2996 2186 3066 2242 Et
3111 2184 3395 2256 quomodo
3444 2194 3686 2239 mentem

2091 2299 2205 2339 non
2229 2280 2492 2337 mutaSti?
2513 2279 2791 2350 quomodo
2822 2278 3110 2334 recordata
3129 2292 3239 2333 non
3259 2276 3363 2333 es?
3396 2277 3691 2341 Vadamus,

2092 2378 2296 2433 cursim
2326 2376 2608 2440 abeamus,
2654 2372 2806 2429 nulla
2863 2374 3028 2429 datur
3068 2371 3513 2444 procrastinatio.
3567 2369 3703 2426 Cito

2094 2485 2352 2540 sequere,
2376 2484 2541 2540 perge
2567 2466 2637 2522 ad
2664 2466 3009 2522 Creatorem.

2169 2562 2310 2616 Tum
2343 2562 2527 2616 carnis
2556 2559 2743 2632 hujus,
2769 2567 2826 2614 et
2849 2558 3228 2615 membrorum
3284 2568 3341 2613 et
3394 2574 3690 2622 venarum,

2095 2652 2457 2721 omniumque
2475 2662 2803 2721 compagum
2819 2648 3056 2705 nexibus
3078 2632 3352 2705 violenter
3366 2650 3693 2717 exsolveris,

2095 2755 2161 2795 ac
2183 2754 2401 2793 summo
2424 2753 2550 2793 cum
2588 2739 2817 2794 horrore
2856 2738 3168 2793 abduceris.
3199 2737 3336 2805 Quis
3396 2747 3529 2794 tunc
3582 2740 3696 2794 erit

2097 2847 2296 2888 sensus
2326 2831 2497 2886 tuus?
2526 2846 2650 2901 quae
2680 2830 2987 2902 cogitatio?
3019 2830 3140 2885 Non
3168 2839 3303 2885 tunc
3338 2830 3548 2895 uxoris,
3578 2846 3692 2886 non

2099 2925 2337 2981 ﬁliorum
2357 2923 2465 2980 ulla
2486 2924 2697 2982 subibit
2717 2925 3002 2989 memoria,
3022 2939 3148 2978 cum
3163 2938 3251 2995 pet
3266 2922 3455 2989 ierint,
3480 2922 3695 2979 utdicit

2100 3016 2388 3089 Scriptura
2408 3019 2475 3085 ",
2512 3027 2570 3074 et
2602 3017 2969 3089 cogitationes
3006 3027 3154 3073 totae.
3188 3016 3468 3072 Judiciuut
3506 3016 3691 3073 solum

2104 3102 2468 3176 horrendum,
2491 3109 2766 3181 judicium
2795 3106 3167 3173 tremendum,
3191 3107 3341 3178 quod
3365 3115 3559 3162 contra
3578 3119 3633 3163 te
3660 3122 3692 3162 a

2100 3200 2296 3257 Judice
2315 3200 2643 3273 proferetur.
2664 3199 2896 3257 Ubinam
2918 3208 3047 3253 tunc
3064 3198 3466 3269 possessiones,
3485 3197 3576 3253 ubi
3597 3213 3696 3269 pe-

2098 3297 2277 3352 cuniae
2305 3306 2362 3351 et
2380 3294 2606 3360 divitiae,
2666 3293 2759 3349 ubi
2789 3308 2985 3364 genus,
3010 3293 3105 3348 ubi
3131 3292 3355 3358 fratres,
3384 3291 3476 3347 ubi
3504 3291 3600 3347 fihi
3638 3303 3697 3348 et

2096 3391 2315 3464 patres?
2333 3388 2505 3445 Nemo
2527 3399 2658 3444 tune
2677 3396 2964 3459 patronus,
2993 3403 3224 3459 prorsus
3241 3402 3404 3443 nemo
3426 3387 3695 3443 liberator

2096 3486 2403 3557 apparebit.
2433 3486 2555 3542 Non
2581 3484 2695 3540 illic
2714 3499 2970 3539 escarum
2989 3483 3390 3554 potionumque
3414 3481 3651 3537 varietas
3676 3500 3690 3536 :

2096 3593 2207 3633 non
2235 3577 2513 3648 exquisita
2545 3575 2923 3639 condimenta,
2956 3590 3065 3629 non
3095 3573 3238 3637 coci,
3263 3588 3697 3644 mensarumque

2095 3667 2405 3734 lnxns,non
2422 3666 2754 3736 voluptates,
2773 3681 2882 3720 non
2902 3664 3014 3719 vita
3033 3663 3284 3719 molliset
3300 3663 3501 3732 soluta,
3517 3663 3697 3720 otiosa

2094 3756 2405 3814 etdelicata
2430 3775 2444 3824 ;
2475 3774 2586 3812 non
2616 3756 3021 3813 elaboratiores
3053 3765 3275 3822 cantus,
3297 3764 3355 3810 et
3374 3756 3576 3811 choros
3599 3755 3698 3810 du-

2095 3851 2338 3906 centium
2366 3850 2612 3920 plausus,
2643 3865 2742 3919 per
2766 3864 2892 3918 qua:
2928 3848 3114 3903 omnia
3153 3849 3345 3917 mundi
3391 3849 3560 3920 hujus
3596 3865 3694 3904 va-

2096 3941 2299 3995 nitates
2324 3955 2674 3995 exercemus.
2734 3937 2930 3996 Omnia
2964 3956 3115 3995 mera
3163 3950 3297 3997 sunt
3338 3941 3604 4004 ludibria,
3637 3954 3697 3998 et

2097 4045 2158 4089 ut
2188 4033 2465 4088 somnium
2497 4044 2860 4098 evanescunt,
2919 4043 3087 4104 atque
3135 4035 3312 4089 instar
3363 4034 3612 4104 pulveris
3663 4051 3697 4088 a

2100 4126 2321 4179 turbine
2385 4134 2613 4195 repente
2669 4125 3032 4195 dissipantur.
3069 4125 3213 4192 Quid
3262 4134 3378 4180 tum
3427 4126 3700 4197 profucrit

2099 4221 2198 4275 tibi
2231 4220 2463 4289 corpus?
2493 4218 2626 4289 quid
2662 4233 2818 4273 amor
2853 4229 2912 4274 et
2933 4234 3066 4274 cura
3114 4220 3339 4275 carnis?
3375 4220 3550 4287 Quam
3589 4221 3695 4277 etsi

2098 4311 2281 4367 studio
2309 4312 2573 4382 singulari
2621 4311 2962 4378 confoveris,
3006 4311 3373 4367 nihilominus
3417 4313 3471 4366 in
3505 4313 3695 4383 sepul-

2099 4421 2197 4461 cro
2228 4415 2515 4476 putrescet
2540 4413 2596 4459 et
2648 4413 3065 4475 corrumpetur,
3093 4415 3152 4460 et
3192 4406 3246 4459 in
3275 4407 3560 4476 pulverem
3608 4406 3696 4460 ni-

2100 4499 2177 4554 hil
2201 4499 2536 4554 sentientem
2576 4498 2889 4567 redigetur,
2925 4505 2977 4552 te
3000 4513 3135 4553 vero
3166 4496 3326 4553 dolor
3374 4514 3489 4553 non
3541 4498 3700 4554 dese-

2101 4600 2205 4647 ret.
2238 4592 2517 4661 lntpu.:ice
2546 4591 2828 4662 aspexisti,
2853 4591 3058 4646 coloris
3088 4592 3361 4646 suavitate
3388 4602 3586 4661 captus
3612 4606 3701 4647 es.

2104 4682 2315 4753 Lingua
2351 4693 2406 4739 ct
2463 4699 2525 4737 os
2562 4693 2716 4737 tuum
2749 4682 3104 4738 contumeliis
3134 4693 3439 4747 vacarunt;
3472 4684 3698 4739 aurium

2104 4774 2359 4830 fenestrae
2416 4776 2650 4845 impuris
2701 4775 3085 4831 auditionibus
3136 4786 3460 4845 patuerunt.
3508 4776 3703 4832 Manus

2107 4876 2213 4923 tua:
2242 4868 2311 4922 ad
2367 4868 2474 4921 vim
2526 4876 2581 4921 ct
2637 4868 2913 4938 rapinam,
2972 4869 3038 4923 ad
3090 4868 3516 4939 proximumque
3578 4870 3703 4923 sine

2106 4975 2271 5015 causa
2320 4960 2646 5030 pulsandum
2703 4971 2939 5017 extenta:
2994 4964 3238 5016 luerunt.
3284 4961 3460 5016 Pedes
3488 4961 3567 5015 tui
3629 4962 3698 5016 ad

2107 5066 2277 5121 Opera
2305 5051 2536 5115 nefaria,
2569 5053 2635 5106 ad
2675 5053 2966 5113 inhonesta
2993 5052 3331 5122 spectacula,
3382 5051 3452 5113 ad
3488 5067 3702 5122 pugnas

2107 5156 2163 5199 ct
2185 5145 2462 5216 nequitias
2493 5156 2921 5202 concurrerunt.
2955 5147 3114 5202 Nune
3142 5155 3194 5201 to
3217 5145 3440 5215 quidem
3488 5146 3700 5217 premit

2107 5236 2473 5307 lacryntarum
2512 5238 2674 5306 plena
2741 5238 3066 5302 necessitas,
3106 5245 3163 5291 et
3201 5251 3408 5306 corpus
3455 5238 3702 5306 puttel'a-

2107 5339 2258 5384 ctum
2293 5329 2579 5384 vermibus
2612 5340 2806 5385 scatet.

2167 5422 2303 5488 Quis
2327 5424 2412 5477 vel
2453 5438 2639 5479 sermo
2673 5424 2969 5494 exprimet,
3013 5423 3098 5478 vel
3129 5422 3445 5479 intellectus
3476 5423 3697 5478 tandem

2096 5518 2296 5587 capiet,
2348 5534 2511 5589 quam
2542 5519 2908 5574 calamitatem
2939 5520 3257 5575 necessario
3297 5519 3588 5574 subiturus
3613 5533 3696 5583 es,

2097 5612 2320 5680 quando
2374 5612 2607 5667 instabit
2666 5628 2697 5666 a
2754 5626 2991 5683 corpore
3046 5611 3367 5683 separatio?
3411 5611 3699 5666 Daemones

2100 5700 2244 5756 male
2273 5699 2455 5756 feriati
2483 5714 2609 5755 cum
2636 5702 2875 5755 tumultu
2903 5700 3219 5767 advenient,
3250 5700 3620 5771 chirographa
3643 5708 3696 5754 et
