2018 3207
156 179 209 211 873

879 173 1056 204 DlOP‘I‘liA.

1736 171 1789 204 874

151 239 328 271 peccatorum
345 240 459 261 acervo:
474 235 662 267 apportantes.
677 230 770 265 Angeli
785 229 943 256 humaniter
957 230 982 259 Λ
995 235 1076 263 quam
1102 227 1258 254 mansiones
1286 226 1347 254 illas
1371 234 1467 254 omnes
1492 228 1721 262 pertransiveris,
1744 238 1792 257 ex-

150 290 184 309 ea
210 288 261 317 per
279 279 413 307 trutinam
440 277 650 317 examinabunt,
675 277 778 311 quibus
807 276 945 303 damtones

151 316 280 364 graviora
294 331 340 353 tua
352 326 469 353 crimina
484 316 627 359 adiicient.
645 322 672 350 Si
686 322 795 358 jurasti,
807 322 830 349 si
841 321 943 349 furtutn

153 374 255 407 fecisti,
282 373 306 401 si
324 371 491 399 calumniam
517 369 655 401 struxisti,
682 369 705 396 si
722 368 905 396 scortationes
917 372 945 394 et

152 420 289 448 adulteria
299 418 476 454 perpetrasti,
492 416 514 444 si
530 424 643 444 aversus
655 415 810 450 intpudicus
822 413 908 444 fuisti,
922 412 945 439 si

153 472 180 495 te
191 474 274 502 supra
288 466 388 493 fratres
400 463 533 495 extulisti,
549 463 571 490 si
586 460 681 490 contra
693 462 797 488 amicos
813 460 945 487 ntentitns

152 521 194 541 es.
206 513 306 541 'l'otum
316 512 437 546 denique
445 515 473 537 et
481 508 644 543 simpliciter
652 512 826 542 peccatorum
835 511 944 532 tuorutn

152 559 308 593 catalogum
318 565 364 585 seu
379 557 469 584 sciens
490 563 537 582 seu
555 554 690 586 nesciens,
705 561 753 580 seu
767 551 888 580 sentiens
898 559 945 578 seu

155 613 213 632 non
226 604 349 632 sentiens
362 603 408 629 illa
421 601 605 629 commiseris.
618 600 647 627 ln
658 600 780 626 humeris
788 598 946 633 gestabunt,

156 656 185 678 et
202 648 386 684 apportabunt
399 647 491 673 ontuia
514 646 647 675 malolice,
664 643 898 676 festinabunlque,
917 647 946 667 ιιι

153 697 299 724 hominum
316 694 400 722 exitio
415 694 549 723 laetantes,
570 696 597 717 et
614 698 679 717 nunt
696 694 871 723 peccatorum
884 688 944 713 lanx

154 744 286 770 deorsum
304 744 407 775 vergat,
424 738 623 766 observabunt.
643 736 708 762 lieni
726 743 791 761 vero
806 734 893 768 angeli
920 733 946 759 in

155 789 268 816 alteram
288 787 393 813 lancem
408 784 513 811 decenti
533 783 624 816 specie
646 782 731 808 bonas
754 780 876 806 actiones
899 779 947 805 int-

154 839 268 868 ponent.
286 833 388 866 Nempe
401 831 423 858 si
440 830 598 857 misericors
613 828 685 854 fuisti
700 836 707 859 ;
721 827 742 853 si
757 825 887 852 fratribus
902 833 947 859 pe~

153 880 265 916 percisti
278 888 285 911 ;
298 879 319 906 si
337 879 399 905 cibo
411 877 579 904 esurientem
594 874 733 905 refecisti;
748 873 769 899 si
783 872 885 899 sitienti
900 879 946 906 po-

155 933 213 954 tum
224 925 377 961 pra-buisti;
389 925 410 951 si
427 923 531 950 ttudttttt
544 922 645 956 quibus
656 919 769 954 potuisti
785 918 948 953 tegumentis

153 973 288 1009 operuisti
302 981 309 1005 ;
328 971 351 998 si
366 970 469 998 carceri
485 968 627 995 mandatos
643 970 670 992 et
684 970 801 999 a'grotos
818 964 946 995 invisisti;

153 1022 177 1049 si
196 1019 357 1056 peregrinos
372 1023 399 1043 ct
416 1016 537 1050 ltoSpitio
554 1018 680 1040 carentes
698 1013 724 1038 in
742 1011 814 1038 :cdes
832 1015 891 1037 tuas
908 1011 945 1035 in-

154 1066 274 1098 duxisti;
293 1066 316 1092 si
335 1063 502 1099 pauperibus
526 1065 555 1087 et
578 1059 724 1094 egentibus
749 1065 827 1092 opem
855 1057 948 1082 attuli-

154 1114 206 1146 sti;
224 1113 247 1139 si
269 1110 344 1138 aliud
371 1106 550 1135 humanitatis
567 1105 688 1132 ol'liciunt
714 1102 871 1129 humaniter
888 1101 947 1128 cui-

154 1159 227 1194 piam
239 1155 400 1192 praestitisti.
416 1153 478 1180 llaec
492 1157 517 1179 te
531 1152 557 1178 in
574 1151 640 1177 ltora
651 1154 773 1176 extrema
787 1147 946 1174 tuebutttur.

152 1203 269 1237 Quando
284 1202 367 1236 igitur
385 1200 508 1226 actiones
524 1203 584 1224 tuas
599 1198 626 1223 in
643 1195 765 1222 ntcdiunt
782 1192 948 1228 protulerint

155 1249 286 1284 profanas
303 1247 414 1282 quidem
429 1245 579 1275 (innitentes,
589 1242 678 1277 angeli
692 1246 783 1268 autem
797 1241 892 1272 bonas,
908 1240 949 1265 lu-

155 1296 211 1323 cidi
239 1294 354 1326 lucidas,
378 1291 516 1319 tenebrosi
538 1289 725 1319 tenebrarum,
746 1291 774 1314 ct
801 1287 835 1313 iis
856 1287 949 1313 lattccs

153 1341 342 1372 oneraverint,
373 1343 500 1365 utrorttm
527 1344 591 1370 pars
610 1332 870 1369 praeponderaverit,
889 1332 949 1357 illus

154 1388 282 1422 voluptas
294 1391 321 1413 et
333 1385 463 1421 gaudium
481 1384 608 1411 iureesset.
623 1385 751 1414 tanquant
765 1379 885 1405 victores
896 1377 948 1403 sci-

156 1435 233 1466 licet,
256 1438 284 1460 et
299 1432 365 1459 victi
383 1429 621 1458 eontristabuntur
650 1424 902 1453 vehementissime,
921 1429 948 1449 ut

156 1485 292 1508 testantur
305 1477 457 1512 Gregorius
476 1477 618 1502 Romanus
638 1473 664 1500 itt
678 1472 807 1506 Dialogis,
823 1478 949 1505 magnus-

153 1534 210 1562 que
236 1531 264 1553 et
280 1524 448 1552 omnimodis
466 1530 591 1557 magnus,
609 1525 637 1548 et
665 1520 776 1546 divinus
803 1517 947 1547 Antonius,

967 910 985 935 Β

153 1573 347 1608 magistrorum
365 1568 615 1597 reverendissintus
640 1571 667 1594 ct
679 1570 836 1593 sanctorum
852 1564 945 1590 decus.
964 1581 983 1607 α

190 1620 220 1648 Si
238 1619 323 1654 igitur
338 1617 473 1651 benignus
490 1622 517 1642 et
548 1614 704 1641 misericors
736 1614 807 1640 Deus
828 1616 902 1642 tunc,
934 1620 949 1636 υ

153 1666 258 1697 anima,
277 1664 460 1691 humilitatem
488 1666 561 1688 luant
585 1660 696 1691 viderit,
724 1659 870 1685 vincentur
896 1658 950 1683 the-

154 1719 263 1743 mones,
279 1711 456 1740 erubescent,
474 1707 633 1737 abscedeut,
663 1705 807 1739 angelique
831 1704 951 1730 victores

153 1755 341 1786 libentissime
357 1759 384 1781 te
401 1753 548 1787 accipient,
565 1756 592 1777 et
611 1750 773 1785 gaudentes,
791 1757 840 1783 pro
876 1755 950 1773 more

154 1806 183 1832 in
200 1803 280 1830 sedes
300 1801 434 1828 mthereas
460 1799 588 1825 inferent.
609 1796 733 1823 invenies
756 1800 784 1821 et
813 1793 951 1827 principes

156 1850 371 1886 publicanorum
398 1846 426 1873 in
450 1845 554 1875 ntedio,
586 1846 734 1871 tentantes,
765 1839 949 1868 retrahentes,

154 1896 258 1924 acerbe
278 1894 428 1929 exigentes,
448 1891 668 1921 mattifcstorunt,
682 1887 909 1920 occultorumqne
924 1890 952 1911 et

154 1942 282 1969 omnium
299 1940 411 1967 ultores.
422 1937 451 1964 Hi
467 1941 531 1964 sunt
542 1934 653 1970 superbi
674 1941 774 1964 mores,
791 1932 894 1962 odium,
910 1930 951 1956 itt-

155 1988 243 2015 vidia.
262 1987 405 2014 Rationem
420 1988 565 2018 reposcent
583 1981 685 2013 miseri,
717 1984 744 2007 ct
772 1979 804 2005 ad
832 1978 952 2005 calculos

155 2033 298 2061 vocabunt
313 2031 416 2061 omnia,
432 2030 514 2063 idque
530 2028 617 2054 donec
632 2026 665 2052 ad
682 2030 774 2060 portas
784 2024 844 2050 cmli
857 2029 953 2057 perve-

159 2079 246 2107 neris.
264 2079 410 2111 Pnstquam
426 2075 535 2102 turbam
544 2074 642 2100 ltorutn
653 2067 952 2097 adversarioruutciln-

156 2125 243 2162 geris,
272 2123 357 2151 et-ad
383 2123 575 2155 ittcorruplunt
595 2118 719 2145 Judiccm
750 2115 951 2148 hominumque

157 2178 237 2200 tuuut
254 2169 414 2200 accesseris,
432 2167 587 2202 procidcns,
615 2163 736 2197 legitime
755 2162 830 2187 illttttt
852 2160 951 2186 adora-

157 2219 214 2245 bis.
233 2218 299 2244 lndc
313 2215 407 2243 divino
432 2212 577 2240 accedente
596 2210 735 2239 mandato,
765 2211 909 2241 postquam
924 2210 952 2232 et

998 273 1135 305 sultahis,
1160 273 1329 308 voluptatent
1357 274 1495 308 iustorum
1525 274 1656 308 intuens,
1680 281 1708 303 ct
1744 284 1792 304 eo-

998 328 1058 347 rum
1085 320 1292 347 contubernalis
1316 320 1447 355 appellari
1478 319 1662 354 desiderabis,
1698 331 1792 357 preca-

997 366 1126 398 lterisquc
1144 366 1228 393 duces
1244 366 1366 401 angelos,
1382 366 1476 393 omnia
1501 366 1549 393 tibi
1573 375 1792 397 commonstran-

998 419 1049 443 tes.
1065 417 1093 439 et
1109 420 1155 447 per
1172 412 1232 439 loca
1244 411 1346 444 lucida,
1359 416 1386 439 et
1399 412 1557 444 viridantia.
1569 417 1598 440 et
1610 412 1791 442 felicitatibus

997 458 1130 485 scatentia
1146 457 1398 490 circumducetttes,
1412 462 1440 485 et
1463 458 1562 485 timore
1577 458 1679 486 laetitiae
1709 460 1791 488 misto

998 504 1092 531 dices:
1113 503 1200 530 Sinite
1217 511 1270 535 mc,
1293 503 1410 536 domini,
1426 511 1488 531 cum
1503 504 1546 532 ltis
1556 513 1677 537 manere,
1696 506 1791 538 sinite.

997 557 1102 584 quasso.
1119 553 1147 577 et
1170 551 1283 585 gratiam
1295 558 1345 584 pro
1361 550 1448 585 gratia
1465 550 1583 578 debebo.
1599 551 1649 578 Ast
1664 551 1790 587 illijuxta

1000 596 1158 622 mandatum
1178 594 1271 627 Verbi,
1286 601 1314 622 et
1326 595 1488 628 Salvatoris,
1507 596 1529 624 si
1544 596 1654 628 idonea,
1670 603 1698 625 et
1709 606 1789 633 pura,

999 645 1027 668 ct
1039 641 1120 676 digna
1134 641 1227 673 fueris,
1245 646 1402 669 consortem
1415 648 1444 669 et
1464 643 1687 671 contubernalem
1710 648 1735 671 te
1748 645 1793 679 ju-

1001 694 1106 715 s’orunt
1139 687 1249 720 facient,
1266 693 1293 715 et
1317 688 1390 723 quod
1414 689 1462 716 tibi
1479 679 1643 718 confirmare
1668 698 1790 725 possunt,

1000 741 1063 760 cum
1092 734 1146 761 illis
1179 735 1262 769 deges
1282 740 1310 762 et
1322 735 1467 763 laetaberis.
1487 736 1520 763 Et
1547 736 1605 764 haec
1629 737 1739 771 quidem
1770 738 1793 764 si

1001 780 1116 808 meliora
1132 781 1253 815 pondere
1267 781 1394 809 vicerint.
1419 781 1446 809 Si
1464 786 1555 809 autem
1581 783 1703 817 gravitas
1723 783 1794 810 deli-

1003 831 1111 855 etorum
1134 828 1241 855 lancem
1269 828 1399 856 deorsum
1431 829 1553 860 traxerit,
1570 834 1627 857 tum
1652 829 1794 865 principes

1002 873 1192 906 tenebrarum,
1221 878 1249 901 et
1275 874 1355 902 bonis
1386 875 1541 902 invidentes
1559 875 1735 910 impudenter
1765 881 1793 903 te

1001 919 1150 955 abripient,
1166 924 1195 948 et
1217 921 1350 948 audacter
1367 921 1401 948 ad
1431 922 1536 949 inferos
1563 921 1736 949 abstrahent.
1755 921 1794 949 Ac

1000 965 1119 1000 primum
1134 965 1247 1000 quidem
1267 971 1468 994 tormentorum
1484 967 1556 996 loca.
1574 967 1704 994 tenebras
1715 971 1795 994 exte-

993 1007 1097 1044 riores,
1112 1015 1140 1039 et
1155 1012 1263 1046 pejores
1288 1012 1417 1039 omnibus
1433 1011 1564 1044 tenebris,
1591 1019 1713 1039 vermem
1726 1012 1797 1039 irrc‘

1000 1057 1137 1091 quietum,
1165 1057 1288 1085 dolorem
1318 1065 1460 1092 nunquam
1489 1057 1652 1090 finiendum,
1678 1058 1794 1085 [luvium

1001 1102 1122 1136 igneum,
1134 1102 1298 1137 supplicium
1310 1102 1452 1137 gehennae,
1463 1103 1610 1137 strepitum
1632 1102 1796 1130 stridorem-

997 1156 1054 1184 que
1080 1148 1205 1176 dentium
1230 1148 1388 1176 ostendent.
1420 1148 1518 1176 Omnia
1545 1148 1626 1183 plena
1663 1149 1795 1181 ululatus,

1000 1194 1081 1228 plena
1095 1194 1245 1221 cruciatus.

1036 1241 1102 1274 Qum
1114 1241 1215 1272 oratio,
1229 1248 1290 1275 qua:
1302 1240 1412 1268 dicendi
1428 1240 1543 1268 facultas
1564 1240 1704 1268 declarare
1719 1245 1798 1275 pote-

1002 1288 1047 1319 rit,
1064 1295 1124 1322 qua:
1150 1287 1183 1314 ad
1207 1287 1341 1321 supplicia
1358 1291 1535 1321 peccatorum
1559 1286 1708 1321 pertinent,
1721 1294 1798 1321 qua:-

1001 1341 1053 1368 que
1066 1333 1099 1360 :td
1126 1339 1220 1367 pmnas
1235 1337 1263 1359 et
1288 1332 1453 1359 aﬂlictiones
1468 1340 1565 1359 eorum
1595 1336 1689 1366 parata
1708 1332 1798 1359 sunt?

1001 1380 1040 1406 lbi
1051 1379 1174 1413 ploratus
1188 1378 1385 1413 sempiternus,
1400 1378 1436 1404 ibi
1449 1378 1545 1412 ingens
1561 1378 1731 1406 lamentatio.
1744 1378 1797 1405 La-

1001 1425 1202 1452 utctttabuntur
1226 1424 1376 1456 incassum,
1391 1424 1618 1451 vociferabuntur
1648 1423 1794 1451 inutiliter.

1000 1472 1099 1498 Pereat
1124 1470 1193 1502 dies,
1213 1469 1371 1496 clamabunt
1391 1469 1425 1500 ²⁰,
1453 1476 1506 1503 qua
1523 1468 1550 1495 in
1579 1468 1662 1496 vitam
1692 1469 1797 1497 frustra

1002 1517 1116 1552 ingressi
1132 1523 1238 1543 sumus.
1252 1515 1426 1542 l’oenitudine
1440 1514 1559 1549 capieris
1588 1518 1616 1541 tu
1633 1521 1754 1549 quoque,
1768 1519 1798 1542 et

1000 1563 1099 1590 acerbe
1111 1561 1254 1594 clamabis,
1270 1561 1328 1588 llcu
1342 1560 1393 1587 heu
1409 1561 1415 1586 !
1431 1560 1530 1587 ntisera
1543 1564 1570 1586 et
1586 1559 1680 1587 infelix
1703 1560 1796 1588 anima

1003 1616 1061 1636 inca
1072 1610 1079 1635 l
1555 1596 1558 1598 ’

1038 1656 1088 1683 Ubi
1112 1656 1270 1683 felicitatem
1282 1660 1312 1683 et
1336 1655 1521 1683 cruciamenta
1535 1654 1732 1689 suppliciorum
1744 1675 1751 1687 ,
1767 1658 1797 1681 et

1002 1703 1093 1729 omnia
1105 1709 1164 1735 qua:
1175 1706 1239 1728 sunt
1249 1700 1372 1733 luminis,
1385 1705 1414 1727 et
1424 1707 1483 1734 qua:
1495 1699 1670 1726 tenebrarum
1681 1698 1794 1731 videris,

1003 1749 1113 1775 tandem
1127 1748 1154 1774 itt
1172 1747 1232 1775 loco
1246 1755 1261 1774 a
1272 1747 1346 1782 justo
1368 1745 1464 1773 Judicc
1480 1745 1529 1773 tibi
1547 1745 1661 1772 deﬁnito
1676 1748 1702 1772 te
1728 1752 1798 1772 cono

1003 1795 1130 1827 stituent,
1148 1794 1174 1821 itt
1186 1802 1241 1828 quo
1256 1794 1383 1820 ultimum
1400 1793 1525 1819 ontniutn
1538 1799 1665 1824 examen,
1680 1795 1709 1819 et
1722 1799 1799 1819 cont-

1004 1848 1114 1867 munem
1127 1840 1250 1867 omttiuut
1269 1839 1511 1870 resurrectionem,
1527 1838 1666 1873 vitamque
1683 1837 1796 1872 etjudi-

1002 1886 1076 1913 ciunt
1088 1884 1272 1919 exspectabis.
1287 1884 1366 1910 Tunc
1383 1883 1447 1910 tuba
1470 1883 1621 1910 clarissime
1646 1887 1739 1915 canet,
1766 1887 1798 1911 ut

1003 1931 1167 1959 exaudiatur
1181 1931 1215 1957 ab
1240 1930 1378 1960 otttnibus,
1408 1929 1473 1955 tuba
1489 1929 1638 1961 ittsonabit,
1655 1933 1683 1955 et
1699 1936 1797 1956 omnes

1003 1977 1087 2005 veluti
1103 1976 1228 2004 concussi
1245 1975 1325 2003 simul
1352 1978 1505 2009 resurgent.
1524 1973 1650 2001 Reddent
1667 1978 1739 2001 terra
1768 1979 1797 2001 et

1003 2030 1078 2049 mare
1093 2021 1227 2056 quidquid
1237 2020 1340 2047 habent
1352 2020 1384 2051 ἰ,
1396 2019 1594 2053 quotquotjam
1605 2018 1668 2046 inde
1681 2019 1714 2045 ab
1726 2018 1796 2056 orbe

1004 2068 1116 2095 condito
1132 2067 1257 2094 homines
1271 2069 1449 2099 acceperunt,
1479 2072 1527 2091 seu
1544 2064 1587 2090 leo
1602 2063 1665 2090 illos
1681 2052 1797 2090 devora-

1004 2114 1053 2145 vit,
1067 2121 1115 2141 seu
1133 2112 1264 2148 pardalis,
1278 2120 1327 2139 seu
1343 2116 1433 2142 cetus,
1451 2118 1499 2137 seu
1516 2110 1611 2143 draco,
1628 2117 1677 2137 seu
1700 2110 1793 2144 lupus,

1004 2168 1051 2188 seu
1070 2160 1156 2191 canis,
1170 2167 1218 2186 seu
1240 2159 1314 2186 aliud
1332 2158 1467 2185 tnarinum
1496 2161 1662 2184 terrestreve
1676 2156 1792 2184 animal.

1003 2207 1099 2240 Quivis
1113 2207 1195 2232 homo
1216 2206 1372 2236 reviviscet,
1390 2204 1494 2231 dontiui
1513 2208 1540 2231 et
1554 2204 1659 2236 famuli,
1675 2203 1795 2235 nobiles,

157 2263 339 2297 voluptatem,
356 2265 384 2287 et
411 2258 550 2285 cruciatus
565 2255 736 2290 cognoveris,
755 2257 894 2286 acceptant
924 2256 948 2277 te
967 2258 988 2284 ι)
1004 2251 1141 2282 honorati,
1154 2258 1250 2277 omnes
1263 2251 1384 2285 dynastas
1398 2254 1427 2276 et
1443 2249 1592 2283 principes.
1616 2249 1753 2283 loparcba-
1768 2253 1797 2275 et

156 2309 308 2339 adducent,
327 2311 354 2334 et
373 2305 480 2332 videbis
496 2311 556 2338 quat
572 2302 687 2331 videbis.
721 2301 811 2327 locum
830 2298 950 2332 splendi-

156 2356 316 2386 dissimum,
333 2353 444 2380 ordines
461 2355 631 2380 sanctorum,
655 2348 804 2377 Abraham,
823 2346 897 2372 lsaac
924 2349 951 2370 et

156 2401 255 2431 Jacob,
271 2400 400 2427 sedentes
418 2398 444 2424 in
469 2396 553 2432 gloria
570 2402 677 2426 omnes,
704 2394 807 2424 Patres,
832 2396 859 2418 et
888 2396 951 2416 ante

157 2449 248 2483 legem
265 2449 293 2473 et
306 2445 479 2480 pestlegem,
495 2449 522 2469 et
540 2445 674 2475 quotquot
692 2439 833 2474 prophetrc
858 2437 951 2463 Salva-

158 2501 248 2521 torent
263 2491 493 2528 praenuntiarunt,
505 2487 720 2515 incarnationem
735 2484 863 2512 videlicet
880 2484 949 2517 ejus,

159 2544 278 2567 mortem
294 2541 322 2564 et
344 2536 493 2565 cruciatus,
520 2538 547 2559 ct
566 2539 736 2566 quzccunque
755 2530 895 2564 plasmatis
909 2528 950 2555 sui

157 2585 284 2614 salvandi
297 2591 379 2611 causa
394 2582 535 2610 sustinuit.
546 2579 626 2606 Verbi
650 2582 828 2612 spectatores,
844 2575 951 2610 agmina

158 2632 285 2661 Patrum,
299 2629 335 2656 ob
346 2628 498 2656 certamina
514 2629 717 2655 coronatorum,
743 2621 951 2651 venerabilium,

155 2680 297 2713 justorum
324 2681 352 2702 et
368 2678 536 2701 sanctorum.
563 2671 632 2697 Ante
662 2677 757 2696 omnes
784 2667 949 2695 Genitriccnt

159 2724 243 2752 Verbi
255 2721 443 2756 θεανθρώπου,
463 2717 667 2754 gaudiuutillud
680 2715 818 2742 iueliabilc
834 2719 861 2741 et
873 2715 950 2741 inex-

159 2768 288 2804 plicabile
304 2770 437 2802 quantum
453 2765 497 2796 sit,
518 2772 568 2791 nec
586 2763 651 2795 dici,
675 2769 726 2788 nec
753 2761 892 2787 intellectu
908 2759 950 2786 vol

160 2818 284 2842 humano
312 2814 356 2840 vel
381 2812 504 2847 angelico
523 2809 717 2846 comprehendi
741 2812 843 2842 potest.
870 2806 950 2834 Post-

198 2904 221 2920 ²⁰
236 2905 296 2931 Job.
313 2910 354 2934 ut,
369 2906 396 2930 5.
437 2903 458 2917 ²¹
475 2905 559 2936 Apoc.
578 2908 622 2932 xx,
640 2900 681 2928 l5.
720 2900 742 2913 ¹²
757 2898 809 2924 l.—a.
827 2903 887 2930 va,
909 2894 950 2921 i7.

256 2950 397 3000 Ῥιτιιοι..
421 2949 480 2981 Gn.
505 2947 652 2978 CXXVII.

1004 2297 1171 2332 phylarclne,
1190 2296 1318 2323 monachi
1337 2300 1364 2322 et
1386 2295 1464 2329 justi,
1482 2302 1611 2321 convert:e
1625 2299 1652 2321 ct
1667 2298 1795 2329 peccato-

1003 2351 1056 2370 res.

1037 2389 1104 2421 Quis
1117 2389 1208 2415 verbis
1234 2391 1429 2422 (onsequatur,
1448 2394 1509 2421 qua:
1521 2390 1586 2413 tunc
1609 2384 1794 2412 eritomniunt

1003 2442 1096 2461 reruttt
1113 2434 1255 2461 turbatio?
1271 2434 1335 2466 Qna:
1364 2434 1463 2464 oratio,
1492 2441 1552 2468 qum
1579 2431 1720 2467 cogitatio,
1734 2438 1795 2466 qua)

1003 2481 1106 2516 lingua,
1123 2488 1183 2515 qua:
1199 2480 1294 2507 mens?
1308 2487 1362 2506 non
1377 2479 1472 2506 fundet
1488 2479 1579 2506 lunten
1589 2479 1640 2509 sol,
1655 2485 1709 2504 non
1720 2477 1797 2506 luce-

1004 2530 1044 2555 lzil
1057 2529 1130 2560 luna,
1147 2528 1232 2556 stellae
1245 2528 1278 2554 de
1292 2528 1361 2554 emlo
1376 2526 1484 2554 cadent.
1501 2526 1585 2554 Terra
1606 2530 1633 2553 et
1647 2518 1748 2553 coelum
1766 2526 1795 2554 in

1005 2575 1102 2602 tnclius
1115 2576 1307 2602 ntutabutttur.
1328 2574 1518 2609 Magniloquus
1538 2573 1621 2600 Isaias
1637 2574 1671 2605 ",
1687 2573 1796 2600 instau-

1005 2620 1138 2647 rationem
1152 2624 1284 2647 creatura:
1299 2618 1451 2654 praevidens
1469 2618 1663 2654 inpostcrunt,
1693 2625 1797 2645 novum

1005 2666 1116 2698 cmlum,
1132 2671 1160 2692 el,
1176 2670 1275 2692 terram
1294 2672 1403 2697 novatn,
1416 2672 1532 2701 omnem
1554 2664 1693 2697 decorent,
1706 2664 1797 2699 qualis

1005 2712 1128 2739 omnium
1148 2712 1253 2746 pritttus
1269 2715 1339 2742 erat,
1368 2712 1525 2738 restitutum
1555 2710 1589 2737 lri
1617 2710 1793 2742 vaticinatur,

1005 2758 1120 2793 abjectis
1137 2757 1313 2792 purgatisque
1324 2757 1453 2784 sordibus
1466 2760 1493 2783 ct
1505 2756 1620 2783 tttaeulis
1631 2755 1766 2782 universis
1784 2762 1792 2781 :

1005 2809 1033 2831 vt
1048 2804 1140 2832 omnia
1155 2811 1216 2838 quze
1237 2803 1308 2830 intra
1335 2803 1425 2838 polum
1442 2807 1469 2830 et
1482 2808 1562 2830 terra:
1578 2806 1702 2830 centrum
1718 2803 1796 2834 sunt,

1602 2933 1642 2963 28
