4036 6422
461 330 578 393 -875

1704 321 2056 381 PHILll’Pl
2095 319 2491 381 SOLITARlI

3631 327 3740 393 876

475 454 616 500 nutu
653 449 710 498 ct
735 439 1018 498 voluntate
1054 436 1266 491 Domini
1299 435 1599 492 novitatem
1631 435 1881 491 induent.
1929 435 2059 490 Scc-
2088 441 2131 496 Α
2164 443 2220 489 et
2257 434 2538 500 viriditas,
2576 432 2769 488 fidem.
2810 434 2930 488 Non
2999 446 3179 490 tamen
3238 438 3392 492 locus
3441 437 3633 505 Edent,
3684 442 3739 504 in

477 549 662 608 ptrum
691 537 924 606 regium,
959 545 1156 600 nempe
1186 543 1344 596 crux,
1403 538 1592 598 postea
1661 538 1721 584 ut
1752 529 1806 582 in
1857 543 2056 598 pompa

477 627 860 697 triumphabit,
919 631 1194 679 ostentata
1230 622 1287 677 in
1353 622 1602 687 sublimi,
1647 630 1708 677 ut
1766 621 2055 676 Matthmus

471 719 666 775 scribit
697 719 765 781 ",
816 715 1288 771 intellectualibus
1347 713 1639 768 ordinibus
1693 713 2050 784 Angelorum,

468 808 965 879 nrcbangelorum,
1002 803 1443 874 Principatuum,
1474 804 1837 868 Potestatum,
1865 803 2054 859 Virtu-

471 913 610 966 tum,
643 898 1118 959 Dominationum,
1149 895 1525 962 Thronorum,
1583 894 2050 960 Cherubinorum,

464 993 902 1064 Seraphinorum
939 988 1234 1059 conspicue
1265 986 1703 1059 praecedentibus
1721 1003 1734 1040 :
1754 995 1810 1040 et
1826 985 2052 1042 venien-

457 1097 579 1142 tem
616 1086 670 1140 in
702 1084 877 1156 gloria
901 1082 1185 1138 Christum
1229 1080 1696 1150 praecurrentibus
1746 1079 1801 1134 in
1846 1079 2052 1144 locum,

469 1177 524 1230 in
559 1192 670 1246 quo
697 1175 766 1229 ad
790 1173 1062 1244 judicium
1090 1170 1460 1228 exercendum
1513 1169 1816 1226 consedere
1848 1179 2056 1226 statue-

471 1264 560 1318 r-it.
588 1262 787 1318 Positis
817 1263 1002 1331 itaque
1050 1261 1286 1327 thronis,
1319 1269 1375 1316 et
1422 1260 1629 1330 paratis
1672 1260 1848 1326 libris,
1879 1260 2056 1315 Iudex

458 1365 524 1408 et
563 1354 832 1408 Dominus
868 1353 1054 1424 gloriae
1083 1351 1298 1408 sedebit
1332 1353 1479 1422 juste
1511 1351 1862 1421 judicaturus
1891 1351 2056 1406 simul

465 1447 627 1500 vivos
646 1454 701 1500 et
727 1451 996 1499 mortuos.
1032 1444 1209 1515 Reges
1249 1443 1617 1510 adducentur,
1650 1443 1896 1514 dynasta:
1924 1459 2056 1498 con-

465 1538 862 1609 gregabantur.
893 1537 1174 1607 Pauperes
1199 1544 1256 1591 et
1277 1535 1480 1590 divites
1503 1551 1628 1591 cum
1662 1545 1900 1591 tremore
1916 1544 2059 1592 asta-

459 1632 625 1695 bunt,
677 1630 969 1702 agentibus
1014 1627 1472 1698 rapientibusque
1522 1627 1752 1698 angelis,
1803 1637 1861 1680 ut
1894 1626 2058 1682 ratio-

455 1738 591 1777 nem
611 1722 888 1778 factorum
917 1721 1177 1786 reddant,
1205 1730 1263 1775 et
1292 1720 1564 1790 cperibus
1606 1719 1845 1790 pretium
1867 1719 2058 1774 condi-

464 1830 633 1883 gnum
661 1813 956 1882 accipiant.
987 1811 1138 1866 Libri
1168 1812 1516 1882 aperientur,
1567 1820 1624 1868 et
1643 1811 2053 1868 exhibebantur

454 1906 651 1960 omnia
669 1905 738 1959 ".
763 1905 843 1959 lbi
871 1914 985 1960 tum
1010 1904 1436 1960 consistentium
1459 1903 1748 1958 hominum
1774 1903 2052 1972 separatio

462 1997 783 2062 inducetur,
809 2011 936 2052 cum
963 2011 1116 2061 oves,
1153 2006 1214 2050 ut
1245 1995 1563 2060 fructiferae,
1591 2011 1622 2049 a
1648 1994 1876 2062 dextris,
1902 1994 2052 2051 hmdi

456 2096 669 2152 autem,
705 2097 762 2143 et
786 2101 983 2142 omnes
1033 2085 1344 2156 infrugiferi
1371 2094 1428 2142 et
1452 2086 1679 2142 inutiles
1711 2087 1857 2141 servi
1887 2095 2052 2156 atque

459 2187 750 2244 creaturae,
778 2186 840 2232 ut
866 2193 991 2247 ego,
1020 2176 1088 2231 ad
1128 2176 1410 2232 sinistram
1440 2177 1884 2232 collocabuntur.
1903 2177 2051 2232 Nudi

452 2285 631 2340 porro
660 2281 717 2325 et
752 2269 1030 2325 manifesti
1070 2269 1250 2339 palam
1283 2277 1622 2334 statuantur,
1658 2268 2049 2336 lamentantes,

461 2363 560 2417 sed
591 2362 854 2427 inaniter,
891 2363 1211 2426 clamantes,
1247 2361 1343 2415 sed
1395 2359 1620 2415 frustra.
1652 2360 1896 2417 Audient
1917 2376 2050 2417 oves

452 2469 656 2509 vocem
690 2452 1038 2509 benedictam
1071 2470 1085 2507 :
1116 2471 1136 2505 ι
1189 2451 1408 2518 Venite,
1439 2453 1626 2516 amici,
1677 2452 1911 2522 accipite
1958 2468 2050 2508 re-

451 2558 653 2614 gnum,
681 2543 828 2614 quod
861 2545 1021 2600 vobis
1053 2552 1304 2614 paratum
1326 2552 1412 2598 est
1437 2553 1566 2598 ante
1594 2544 2049 2600 constitutionem

449 2635 654 2690 mundi
685 2638 752 2688 ".
795 2654 816 2687 ι
845 2636 1198 2690 Esurientem
1223 2635 1371 2690 enim
1397 2651 1460 2690 ac
1495 2636 1775 2691 sitientem
1803 2653 1912 2701 me,
1941 2653 2047 2692 nur

459 2728 614 2793 dum,
647 2742 876 2799 aegrum,
924 2727 1208 2783 sedentem
1246 2728 1301 2782 in
1360 2742 1606 2794 carcere,
1659 2727 1949 2793 advenam,
1993 2739 2050 2785 et

456 2819 733 2888 hospitem
766 2819 1026 2889 hospitio,
1059 2819 1184 2874 cibo
1217 2828 1274 2874 et
1304 2828 1622 2890 legumento
1650 2819 1860 2891 dignati
1891 2821 2046 2876 estis.

461 2911 528 2965 Et
549 2911 666 2966 haec
686 2911 912 2980 quidem
968 2925 1120 2967 oves.
1157 2910 1257 2966 Ast
1305 2911 1508 2975 hmdis,
1559 2929 1724 2981 quam
1778 2929 1944 2978 sana,
1992 2923 2049 2970 et

451 3001 623 3065 dura.
653 3010 713 3056 et
744 3002 1088 3058 intoleranda
1118 3003 1455 3058 omnimodis
1495 3003 1756 3060 dicentur
1783 3007 1795 3058 ι
1835 3024 1853 3056 ς
1885 3005 2047 3062 Abite

449 3105 489 3146 θ
520 3107 608 3147 me
636 3093 857 3161 procul,
911 3092 1096 3162 longe,
1140 3091 1445 3158 maledicti,
1477 3093 1532 3147 in
1567 3095 1748 3164 ignem
1803 3097 2046 3151 exterio-

457 3197 598 3248 rem,
628 3182 721 3252 qui
746 3191 1086 3252 praeparatus
1102 3193 1188 3239 est
1213 3184 1434 3240 diabolo
1460 3194 1517 3240 et
1543 3187 1751 3256 angelis
1773 3187 1892 3257 ejus
1913 3189 1979 3254 “,
2018 3209 2037 3242 ›

452 3281 513 3329 et
539 3273 802 3328 omnibus
834 3272 931 3342 qui
1000 3273 1323 3329 servierunt
1369 3277 1630 3345 operibus
1666 3277 2038 3347 infructuosis,

439 3369 513 3418 et
543 3370 669 3432 post
697 3361 1012 3418 voluntates
1044 3378 1175 3419 suas
1226 3364 1678 3431 ambulaverunt,
1705 3370 1798 3438 qui
1834 3371 1974 3426 male
2008 3387 2040 3426 a

455 3453 570 3507 Deo
602 3453 783 3508 aversi
814 3461 964 3518 sunt,
988 3463 1045 3510 et
1091 3469 1380 3510 sermones
1435 3471 1609 3523 meos,
1664 3467 1725 3511 ut
1784 3459 2040 3514 mandata

443 3557 578 3606 :mea
605 3553 1057 3612 aspernarentur,
1082 3554 1139 3600 et
1165 3546 1349 3601 omnia
1379 3546 1638 3616 baptismi
1682 3548 1889 3604 foedera
1924 3550 2039 3606 dis-

453 3635 767 3704 solverent;
832 3639 1015 3692 omnia
1074 3642 1531 3710 promittentibus
1558 3652 1614 3699 et
1662 3645 1799 3699 mihi
1857 3655 2037 3702 tamen

453 3728 876 3785 mentientibus.
927 3730 1095 3787 Satan
1126 3742 1311 3789 autem
1344 3736 1637 3804 malevolo,
1669 3747 1726 3792 et
1755 3755 1879 3808 qua:
1907 3751 2039 3796 sunt

450 3817 669 3876 Satana
693 3821 1124 3880 adlmrentibus.
1144 3825 1223 3882 lte
1252 3826 1419 3897 igitur
1433 3828 1500 3882 ad
1525 3837 1736 3899 patrem
1763 3839 2032 3888 vestrum.

451 3909 609 3978 Quod
640 3911 686 3966 si
710 3912 923 3981 possint
949 3913 1155 3980 emori,
1182 3929 1516 3986 rursumque
1574 3933 1888 3990 resurgere,
1921 3930 2032 3977 tam

449 3999 709 4057 horribili
734 4002 906 4058 verbo
945 4004 1294 4075 exspirarent
1353 4021 1569 4075 omnes,
1631 4017 1740 4064 tam
1775 4011 2034 4068 acerbum

443 4092 738 4148 arbitrium
768 4110 880 4150 non
905 4096 1266 4153 sustinentes.

451 4253 456 4263 ⁴
513 4185 718 4240 Anima
751 4196 873 4242 mea
904 4195 1045 4252 atra,
1080 4187 1412 4257 miserrima,
1445 4191 1637 4258 stulta,
1664 4209 1748 4249 vae
1781 4193 1881 4250 tibi
1905 4210 2029 4266 pro-

439 4287 575 4348 alter
599 4277 1036 4344 damnationem,
1067 4293 1148 4334 vae
1184 4289 1412 4351 propter
1438 4281 1728 4351 judicium.
1786 4284 2032 4342 Conver-

441 4377 536 4422 .tes
564 4373 616 4423 te
635 4366 909 4429 crebrius,
931 4366 1040 4422 huc
1060 4368 1192 4424 illuc
1215 4372 1516 4442 respiciens
1544 4391 1560 4440 ;
1583 4374 1681 4429 sed
1713 4390 2029 4448 propugna-

455 4465 630 4512 torem
657 4465 715 4512 et
743 4455 1092 4514 defensorem
1120 4461 1332 4516 nullum
1356 4473 1584 4534 propter
1609 4480 1804 4536 opera,
1823 4468 2030 4538 cegita-

441 4548 633 4604 ;tiones
663 4557 719 4604 et
743 4548 1135 4606 conscientiam
1166 4553 1435 4622 invenies,
1455 4573 1579 4627 qua:
1606 4567 1738 4614 tunc
1769 4559 2028 4628 aderunt,

442 4648 508 4695 et
544 4639 924 4696 testimonium
957 4652 1149 4698 contra
1179 4653 1230 4700 te
1260 4647 1463 4714 ferent,
1487 4657 1544 4703 et
1569 4657 1718 4703 recta
1743 4649 1798 4703 in
1848 4653 2032 4722 ignem

445 4739 506 4788 et
521 4729 800 4787 flammam
825 4741 877 4789 te
916 4733 1214 4803 deducent,
1239 4737 1334 4792 ubi
1370 4739 1652 4794 cruciatus
1691 4741 2037 4796 inenarrabi-

447 4814 546 4888 lis,
575 4822 800 4878 alllictio
825 4824 1114 4892 immensa,
1147 4842 1309 4898 poena
1361 4827 1728 4896 intoleranda,
1757 4833 2038 4902 negotium

447 4913 600 4970 omni
655 4914 923 4982 patientia
987 4917 1187 4987 majus.
1245 4916 1489 4989 Tempus
1541 4919 2041 4979 animadversionis

447 5001 612 5058 finem
638 5004 851 5058 nullum
873 5005 1062 5062 liabet.
1107 5007 1432 5062 Avellentur
1457 5008 1527 5062 ab
1557 5010 1752 5068 amicis
1781 5020 1838 5068 et
1867 5012 2026 5068 fami-

445 5095 700 5162 liaribus,
725 5112 758 5151 a
790 5097 940 5167 filiis,
969 5107 1026 5154 et
1049 5101 1337 5161 uxoribus.
1379 5117 1408 5153 a
1442 5103 1690 5174 cognatis
1712 5107 2028 5163 amantissi-

446 5186 576 5239 mis.
612 5187 869 5259 Episcopi
903 5200 1266 5245 secernentur
1316 5209 1347 5247 a
1384 5195 1747 5266 coepiscopis.
1783 5198 2026 5256 Sacrifici

442 5287 502 5330 et
539 5278 842 5349 presbyteri
876 5296 907 5334 a
947 5281 1236 5351 dignitatis
1265 5298 1379 5337 suae
1411 5285 1596 5341 sociis.
1656 5287 1724 5341 Et
1754 5288 1872 5344 haec
1900 5292 2026 5361 qui-

443 5366 569 5420 dem
596 5368 962 5424 intolerabilia
992 5373 1044 5424 in
1071 5372 1294 5428 sanistra
1325 5383 1478 5442 parte
1505 5374 1656 5431 fient.

513 5459 618 5526 Qui
649 5476 834 5518 autem
870 5480 994 5518 cum
1017 5464 1212 5520 ovibus
1237 5483 1268 5520 a
1299 5466 1508 5522 dextris
1554 5471 1802 5536 stabunt,
1838 5471 2032 5527 lmtan-

439 5558 528 5606 tes
556 5553 620 5606 ad
653 5563 861 5611 sortem
894 5570 1048 5609 suam
1082 5556 1337 5613 abibunt.
1392 5558 1567 5616 Locus
1595 5561 1685 5616 hic
1708 5571 1792 5619 est
1818 5564 2028 5634 gaudii,

514 5669 561 5749 '3
588 5667 777 5724 nam“
810 5688 955 5749 ων,
985 5672 1053 5749 29
1079 5688 1237 5749 ἔθηίῐ-
1345 5677 1390 5708 ’³
1421 5677 1592 5748 Apoc.
1619 5696 1706 5749 xx,
1746 5681 1834 5736 12.

443 5738 489 5768 ³³
525 5737 680 5794 Joan.
721 5757 833 5808 xw,
863 5737 949 5798 6.7
994 5746 1036 5774 ’-'
1073 5737 1233 5800 Itoni.
1270 5764 1363 5812 xu,
1401 5737 1486 5803 1ὃῖ

1941 5685 1985 5716 ’⁸
2019 5683 2213 5741 Matth.
2257 5703 2378 5755 xxv,
2413 5690 2503 5746 54.

2161 541 2274 595 quo
2302 525 2474 580 Adam
2499 536 2586 581 est
2613 526 2905 580 formatus.
2943 526 3048 581 Sed
3080 528 3368 597 paradisus
3411 529 3742 598 ipsissimus,

2162 617 2216 670 in
2243 633 2408 686 quem
2450 628 2638 688 raptus
2659 630 2745 672 est
2773 619 2996 684 Paulus,
3023 629 3079 674 et
3103 621 3158 674 in
3182 621 3330 676 hunc
3357 623 3744 680 multitudines

2155 703 2434 773 justorum
2490 705 2852 775 recipientur,
2883 707 3080 771 Adam,
3107 708 3268 773 Abel,
3317 709 3473 773 Seth,
3528 712 3743 782 Enoch,

2168 797 2262 865 qui
2291 798 2444 866 prius
2467 797 2700 853 Domino
2730 815 2797 854 ex
2812 800 3440 872 operibusplacuerunt.
3465 803 3745 861 Abraham

2163 888 2478 958 hospitalis,
2513 890 2637 957 Lot,
2669 892 2889 963 reliqui,
2915 893 3146 964 Moyses,
3175 896 3379 960 Aaron,
3412 906 3587 952 eteius
3617 913 3747 967 pro-

2159 982 2473 1051 phetarum,
2505 995 2562 1039 et
2602 988 2774 1056 magis
2828 990 2925 1058 qui
2993 989 3097 1043 sub
3158 990 3335 1060 gratia
3399 989 3647 1053 fuerunt,
3689 1004 3742 1046 et

2159 1086 2500 1144 spectatores
2555 1080 2704 1134 verbi
2770 1083 3032 1150 apostoli,
3095 1095 3330 1139 catervae
3386 1093 3442 1137 et
3497 1085 3747 1155 legiones

2160 1166 2390 1222 Patrum
2423 1185 2488 1223 ac
2534 1181 2861 1242 martyrum,
2904 1174 2998 1229 Dei
3061 1172 3311 1229 Genitrix
3346 1175 3536 1239 Maria,
3574 1177 3669 1245 qui
3712 1193 3748 1231 a

2158 1257 2333 1326 gratia
2373 1260 2702 1330 appellatur,
2735 1263 2974 1319 Joannes
2998 1266 3331 1320 Prmcursor.
3368 1266 3573 1321 Omnes
3610 1269 3744 1321 viri-

2159 1353 2278 1416 tim,
2315 1363 2370 1407 et
2395 1355 2705 1410 secundum
2735 1355 2930 1411 faciem
2989 1357 3133 1410 inter
3181 1374 3240 1412 sc
3279 1368 3528 1424 noscent,
3588 1360 3749 1412 habi-

2162 1447 2465 1514 tabuntquc
2485 1461 2608 1500 cum
2635 1447 2931 1503 Conditore
2955 1450 3222 1504 omnium.
3245 1451 3528 1520 Quotquot
3555 1461 3745 1506 autem

2160 1535 2365 1590 fuerint
2422 1538 2594 1606 partis
2641 1537 2953 1602 hmdorum,
2990 1550 3188 1609 printer
3236 1556 3516 1596 carcerem
3575 1543 3729 1596 illum

2161 1636 2462 1683 tartaream
2495 1645 2662 1700 quem
2700 1632 3078 1698 sustinebunt,
3111 1634 3278 1689 etiam
3309 1652 3418 1689 non
3451 1636 3739 1699 videbunt,

2158 1735 2262 1774 nec
2307 1733 2608 1792 agnoscent
2639 1735 2916 1780 mutuum.
2950 1725 3052 1781 Ubi
3111 1729 3258 1782 enim
3305 1729 3546 1782 tenebrae
3589 1740 3740 1788 sunt.

2090 1795 2272 1867 Billic
2306 1816 2451 1870 oculi
2504 1815 2686 1872 ofIicio
2741 1833 2842 1873 suo
2904 1835 3015 1873 non
3068 1819 3398 1892 funguntur.
3453 1820 3744 1887 Quomodo

2159 1905 2328 1976 igitur
2353 1907 2498 1964 inter
2530 1925 2589 1965 se
2633 1910 2823 1966 videre
2871 1921 2929 1967 ct
2964 1928 3267 1984 agnoscere
3310 1917 3550 1984 queant?
3579 1915 3747 1970 Com-

2159 2013 2328 2054 mune
2362 2010 2547 2056 autem
2595 2002 2804 2056 malum
2857 2003 2987 2070 erit,
3029 2021 3251 2060 carcere
3306 2007 3628 2061 conclusum
3661 2017 3744 2061 tr-

2157 2082 2302 2152 ne'ri,
2328 2088 2617 2146 lamentari
2650 2102 2878 2163 propter
2911 2097 3216 2162 cruciatus,
3250 2098 3440 2168 lugere
3482 2108 3539 2154 et
3589 2101 3744 2172 inge-

2156 2178 2414 2236 miscere.
2442 2181 2564 2237 Non
2590 2183 2737 2239 enim
2759 2186 2925 2240 datur
2941 2203 3174 2258 superas
3201 2191 3441 2246 evadere
3461 2193 3529 2247 ad
3552 2209 3738 2259 auras,

2153 2288 2257 2328 nec
2300 2273 2471 2328 ullum
2509 2283 2787 2331 tantorum
2814 2279 3089 2335 malorum
3119 2281 3385 2354 eflugium
3426 2295 3595 2355 patet.

2229 2365 2531 2434 Resipisce.
2587 2383 2816 2441 resurge
2855 2389 2868 2425 :
2905 2373 3001 2442 qui
3053 2376 3131 2428 ita
3189 2387 3460 2446 perpetuo
3489 2378 3739 2434 dormis?

2153 2457 2387 2526 Evigila,
2426 2459 2820 2531 cogitationem
2856 2465 3058 2519 seriam
3117 2468 3359 2538 suscipe,
3405 2486 3518 2525 rem
3545 2487 3741 2542 aggre-

2152 2549 2305 2615 dere,
2339 2550 2610 2620 ignaviam
2637 2553 2836 2625 abjice,
2865 2558 3248 2628 expergiscere
3270 2569 3326 2614 et
3347 2561 3571 2632 festina,
3600 2582 3742 2620 som-

2155 2657 2289 2696 num
2322 2651 2547 2709 excute,
2598 2646 2877 2718 pigritiam
2939 2649 3177 2720 depone,
3232 2670 3357 2723 quae
3413 2655 3615 2723 fecisti,
3669 2662 3738 2713 ab

2155 2738 2314 2792 initio
2373 2755 2550 2810 usque
2605 2742 2674 2796 ad
2707 2742 2872 2799 finem
2900 2745 3191 2813 confitere.
3239 2762 3432 2820 pertus
3483 2763 3733 2822 percute,

2153 2832 2329 2900 plora,
2351 2847 2418 2886 ex
2445 2836 2554 2889 imo
2575 2844 2801 2906 pectore
2822 2839 3120 2896 clamorem
3149 2843 3300 2908 tolle,
3334 2845 3738 2918 eleemosynam

2152 2924 2492 2992 pauperibus
2518 2926 2826 2992 distribue,
2865 2931 3120 3002 disperti,
3155 2934 3240 2991 ale
3289 2937 3436 2993 illos.
3471 2939 3738 2996 Nuntium

2153 3015 2309 3070 mitte
2340 3019 2605 3085 peccatis,
2637 3034 2870 3090 operare
2898 3022 3064 3090 bona,
3109 3027 3318 3081 exitum
3364 3029 3491 3083 vitae
3519 3045 3739 3103 semper

2151 3120 2432 3175 exspecta.
2473 3108 2619 3163 Mors
2661 3113 2984 3181 supervenit
3015 3115 3160 3172 sicut
3183 3116 3271 3172 leo
3306 3134 3492 3187 rapax,
3550 3123 3738 3192 inspe-

2151 3205 2288 3262 rata,
2335 3199 2659 3270 improvisa,
2713 3218 2825 3258 non
2859 3217 3201 3276 exspectata,
3240 3220 3300 3264 ut
3324 3211 3435 3278 fur,
3462 3223 3519 3267 et
3547 3216 3741 3272 timen-

2152 3291 2283 3344 dum
2312 3307 2382 3347 ne
2411 3302 2462 3348 te
2516 3295 2981 3365 comprehensum
3012 3299 3198 3355 subito
3246 3304 3480 3361 auferat.
3515 3306 3740 3363 Dimitte

2149 3380 2498 3438 debitoribus
2539 3385 2649 3440 tuis
2674 3385 2947 3442 debitum.
2984 3389 3242 3448 Proximo
3271 3395 3510 3464 ignosce,
3567 3407 3626 3452 ut
3650 3400 3740 3456 lex

2147 3472 2434 3529 cluat-italis
2470 3477 2722 3546 requirit.
2755 3477 3054 3537 Prosterne
3086 3490 3138 3539 te
3182 3484 3452 3556 Deipare,
3484 3491 3738 3560 supplica

2145 3574 2408 3631 quantum
2429 3577 2630 3636 potest.
2656 3568 2934 3637 UtMater,
2954 3573 3254 3642 plurimum
3280 3589 3482 3647 potest,
3514 3582 3560 3636 si
3585 3583 3736 3639 velit.

2143 3653 2251 3710 Ora
2298 3667 2355 3711 et
2376 3666 2670 3730 martyres,
2699 3676 2798 3717 ora
2856 3674 3101 3730 sanctos,
3140 3677 3204 3722 ut
3250 3669 3398 3739 apud
3445 3672 3736 3729 Dominum

2143 3760 2366 3800 causam
2398 3757 2546 3803 tuam
2577 3759 2760 3820 agant.
2782 3751 2840 3808 Si
2866 3753 2985 3810 hinc
3013 3765 3066 3810 te
3095 3767 3293 3827 agente
3322 3775 3472 3816 mors
3496 3766 3735 3829 venerit,

2143 3837 2256 3894 noli
2291 3837 2508 3896 timere.
2544 3840 2708 3906 Mors.
2741 3845 2788 3900 si
2809 3860 2968 3902 mens
2981 3863 3119 3918 pura
3153 3849 3340 3918 fuerit,
3365 3855 3584 3924 requies
3603 3859 3734 3925 erit,

2141 3939 2199 3984 et
2233 3931 2478 3986 scrvanti
2517 3948 2809 3992 sermones
2849 3938 2996 4007 ejus,
3055 3955 3183 3996 vere
3230 3957 3341 3998 non
3392 3960 3564 4011 mors,
3621 3963 3734 4002 non

2140 4032 2304 4087 paena
2330 4021 2621 4092 contingit,
2655 4025 2958 4082 utJudatos
2987 4027 3178 4085 docuit
3203 4031 3324 4102 ipse
3376 4034 3728 4102 Dominus";

2140 4109 2236 4167 sed
2258 4119 2345 4166 est
2374 4111 2565 4181 potius
2590 4114 2817 4184 quidam
2846 4120 3115 4174 transitus
3143 4122 3211 4175 ad
3236 4123 3401 4181 vitam
3421 4128 3727 4194 caelestem,

2139 4202 2298 4272 cujus
2348 4201 2475 4258 finis
2517 4206 2706 4262 nullus
2751 4209 2884 4275 erit,
2936 4219 2993 4266 et
3039 4213 3214 4280 gloria
3255 4231 3365 4272 non
3418 4219 3728 4276 intercidet.

2139 4289 2262 4346 Vita
2289 4301 2374 4348 est
2416 4292 2695 4362 Christus,
2721 4307 2778 4352 et
2802 4299 3035 4368 ipsemet
3066 4303 3190 4359 vitae
3232 4307 3614 4378 suppeditatur
3657 4313 3728 4375 ”,

2137 4382 2242 4443 En.
2265 4386 2450 4440 omnia
2477 4387 2572 4441 tibi
2590 4390 2872 4458 proposui.
2890 4395 3075 4448 omnia
3098 4395 3390 4462 edisserui,
3411 4410 3468 4455 et
3501 4402 3731 4472 insuper

2139 4475 2465 4545 conscripsi,
2500 4478 2646 4534 sicut
2679 4483 2858 4550 potui,
2902 4494 2960 4539 et
3015 4485 3291 4544 bonorum
3342 4493 3728 4564 malorumque

2136 4570 2187 4617 te
2215 4561 2500 4628 admonui.
2525 4575 2586 4621 ut
2637 4576 2690 4623 te
2733 4573 2882 4640 quod
2910 4574 2978 4628 ad
3009 4576 3242 4633 salutem
3295 4581 3518 4647 attinet,
3572 4561 3728 4640 nullo

2135 4666 2403 4725 prwtcxtu
2436 4673 2704 4717 excusare
2729 4667 2930 4733 possis.

2211 4747 2317 4802 Vos
2343 4759 2524 4803 autem
2551 4766 2744 4808 omnes
2770 4756 2823 4810 in
2846 4757 3070 4814 Christo
3099 4759 3293 4828 Patres
3323 4773 3380 4819 et
3413 4766 3599 4836 amici,
3624 4771 3720 4839 qui

2137 4836 2244 4891 hoc
2270 4840 2599 4906 opusculum
2622 4843 2818 4900 lecturi
2849 4849 3007 4917 estis,
3033 4849 3160 4909 flete
3179 4863 3236 4910 et
3253 4855 3466 4924 plorato
3481 4836 3722 4926 mecum,

2140 4929 2445 4984 secundum
2475 4935 2795 4992 mandatum
2823 4939 3104 4996 Creatoris
3128 4961 3144 5008 ;
3175 4945 3415 5004 charitas
3437 4951 3587 5005 enirn
3613 4969 3727 5008 ma-

2137 5021 2336 5078 nifesta
2357 5034 2463 5086 est,
2493 5025 2625 5082 flere
2655 5045 2781 5083 cum
2812 5031 3093 5101 ﬂentibus,
3123 5046 3179 5092 et
3207 5040 3467 5108 gaudere,
3495 5053 3555 5097 ut
3575 5048 3718 5100 scri-

2138 5120 2293 5181 ptum
2318 5125 2403 5168 est
2433 5118 2499 5181 '9,
2532 5134 2656 5172 cum
2690 5124 3080 5191 gaudentibus.
3113 5129 3290 5186 Etiam
3315 5150 3464 5204 rogo,
3503 5153 3717 5193 mecum

2138 5203 2284 5268 llete,
2315 5215 2371 5260 et
2392 5223 2495 5277 pro
2533 5225 2621 5265 me
2652 5227 2716 5268 ac
2745 5218 2984 5284 peccatis
3008 5221 3145 5275 meis
3193 5203 3476 5282 Conditori
3527 5245 3722 5300 preces

2143 5298 2374 5357 fundite.
2402 5301 2532 5358 lnde
2575 5306 2722 5361 enim
2772 5311 2991 5366 veniam
3038 5314 3174 5368 mihi
3238 5328 3294 5372 et
3339 5298 3718 5378 remissionem

2139 5388 2507 5447 conciliabitis
2537 5393 2606 5447 ab
2658 5411 2726 5451 eo
2770 5399 2865 5467 qui
2895 5401 3065 5471 lapsis
3095 5405 3337 5473 perfecte
3366 5411 3621 5481 ignoscit.
3649 5416 3722 5470 Et.

2139 5494 2364 5534 manum
2395 5485 2529 5539 mihi
2551 5496 2608 5542 et
2637 5488 2906 5544 auxilium
2937 5494 3200 5561 praebete.
3237 5498 3458 5556 l’lastcn
3495 5518 3720 5558 exacer-

2140 5568 2630 5636 bavi,Creatorein
2676 5579 2911 5648 irritavi,
2976 5585 3184 5652 verbis,
3239 5592 3514 5660 cogitatis,
3539 5593 3714 5647 actio-

2608 5696 2653 5727 “
2685 5696 2823 5751 Ibid.
2861 5699 2950 5755 41.
3053 5705 3096 5735 ²⁷
3130 5705 3286 5761 Joan.
3316 5726 3429 5776 vm,
3462 5712 3521 5766 5i
3559 5726 3714 5784 seqq-
