4036 6482
324 412 430 474 877

1773 406 2128 467 DiOl’TRA.

3479 408 3583 470 848

325 525 491 578 nibus
545 529 601 576 et
644 520 823 577 factis.
865 519 1168 577 All‘ectibus
1197 520 1396 576 servivi
1445 528 1502 577 et
1532 518 1762 576 submisi
1813 533 1897 572 me
1930 526 1971 578 Α
2003 515 2224 586 largire.
2253 514 2445 570 Dixisti
2471 516 2641 580 enim,
2667 530 2778 570 non
2803 529 2990 580 sanos,
3021 515 3116 572 sed
3137 529 3312 587 aegros
3353 530 3594 587 lnutgcrc

325 613 568 684 penitus.
593 612 821 668 lndutus
841 627 964 667 sum
985 612 1122 668 viles
1145 627 1358 683 pannos
1378 613 1445 667 ad
1465 612 1708 668 dedecus
1731 626 1912 665 meum

323 712 564 758 tantum.
617 704 1008 774 Voluptatibus
1036 703 1230 760 aﬂixus
1259 719 1404 768 sum,
1461 705 1516 758 in
1550 701 1917 758 immunditiis

325 795 534 863 haereo,
554 797 935 866 paenitentiam
963 810 1072 852 non
1090 797 1291 860 habeo,
1316 804 1549 850 mortem
1576 807 1685 850 non
1712 803 1916 857 tremo,

324 897 522 956 stupor
545 902 632 943 me
661 889 960 959 oppressit,
987 903 1168 944 caecus
1221 903 1341 957 sum
1374 887 1582 954 animo,
1636 886 1786 940 horae
1833 884 1919 939 ul-

325 977 476 1033 tima:
522 994 632 1034 non
681 980 930 1036 memini.
981 981 1286 1052 lmparatus
1334 995 1477 1036 sum.
1510 977 1782 1049 Segnitics
1830 990 1917 1032 me

325 1069 567 1126 obsidet.
611 1071 869 1127 Exscindi
929 1086 1139 1138 metuo,
1201 1073 1578 1139 maledictum,
1625 1079 1678 1125 et
1739 1070 1916 1124 minas

328 1162 492 1234 ignis,
520 1175 576 1219 et
599 1165 864 1220 ultionem
896 1166 950 1220 in
981 1167 1199 1222 inferno
1237 1175 1623 1222 consternatus
1653 1163 1910 1218 formido.

402 1253 533 1321 Sed,
580 1256 740 1311 Pater
787 1257 1228 1322 miserationutn.
1257 1258 1408 1314 solus
1446 1259 1786 1320 misericors,
1816 1254 1911 1324 qui

330 1361 613 1416 nunquam
647 1349 730 1404 vis
765 1359 997 1405 mortem
1033 1352 1362 1422 peccatoris,
1395 1349 1490 1405 sed
1523 1358 1586 1404 ut
1631 1349 1909 1419 poeniten-

331 1439 462 1492 tiam
495 1449 638 1508 agat,
679 1450 735 1496 et
780 1441 952 1508 vivat,
987 1452 1045 1498 et
1083 1444 1329 1499 salvetur
1357 1443 1425 1509 ³ο,
1475 1451 1643 1512 atque
1681 1439 1827 1495 istud
1856 1440 1910 1494 in

331 1529 749 1600 longanimitate
819 1543 1130 1604 exspectas,
1161 1533 1428 1605 gemitum
1475 1531 1602 1587 boni
1632 1530 1913 1602 publicani

335 1621 473 1676 mihi
508 1621 677 1679 dona.
710 1623 1005 1696 Lacrymas
1037 1625 1208 1692 Petri,
1231 1634 1288 1681 et
1342 1625 1654 1681 meretricis
1686 1625 1752 1679 ad
1783 1640 1912 1694 pur-

333 1713 510 1784 ganda
545 1724 603 1770 et
623 1717 860 1772 eluenda
889 1716 1127 1787 plurima
1176 1717 1593 1788 inquinamenta
1621 1730 1743 1772 mea
1776 1715 1912 1770 mihi

405 1849 450 1884 ³ο
479 1849 682 1906 Ezecb.
716 1868 876 1917 xvm,
907 1853 968 1906 2|
1001 1867 1156 1923 seqq.

1919 2019 1990 2032 ..-

1988 607 2291 662 ‘medicina
2319 607 2386 661 ³¹.
2422 608 2491 665 Ut
2517 608 2690 679 igitur
2727 623 2960 679 corpore
2991 617 3047 663 et
3087 609 3271 664 anima
3304 621 3594 680 aegrotum,
3645 638 3650 642 -

2012 701 2173 757 visita
2203 716 2310 762 me.
2345 702 2598 766 Domine,
2630 702 2886 769 obsecro,
2936 711 2992 758 et
3040 718 3165 758 rore
3201 705 3597 762 misericordiae

2014 801 2122 849 tua:
2145 807 2232 848 me
2254 807 2500 864 asperge.
2530 793 2677 850 Sane
2705 795 2797 864 qui
2821 794 2972 850 solus
3015 796 3172 852 facile
3196 799 3597 861 τθοοιιοὶιὶοιίε,

2014 895 2072 941 et
2099 886 2251 940 solus
2286 901 2350 941 es
2421 885 2759 955 misericors,
2806 901 2906 956 per
2963 887 3400 942 misericordiam
3448 899 3596 943 tuam

2014 977 2242 1050 dignare
2269 993 2356 1033 me
2375 977 2779 1034 misericordia.
2813 979 2927 1050 Ego
2959 993 3080 1034 sum
3132 981 3221 1034 illa
3254 981 3374 1036 ovis
3401 998 3522 1051 qua:
3568 999 3597 1035 a

2011 1070 2203 1127 divino
2228 1071 2357 1126 ovili
2386 1071 2546 1142 longe
2568 1069 2864 1126 aberravit.
2895 1069 3088 1137 Quaere
3104 1081 3159 1126 et
3176 1073 3342 1127 salva.
3365 1073 3472 1126 Seu
3503 1089 3600 1126 ve-

2011 1163 2130 1229 lim,
2146 1163 2317 1229 salva,
2333 1177 2430 1218 seu
2449 1178 2558 1218 non
2573 1163 2832 1230 vilim,ut
2851 1178 2974 1217 cum
2993 1163 3424 1232 magnitudinem
3446 1163 3526 1216 ὺυι
3552 1179 3584 1214 e

2015 1253 2268 1311 ﬁcientim
2287 1264 2390 1310 tua:
2407 1254 2620 1320 videro,
2641 1270 2703 1310 os
2720 1270 2902 1310 meum
2928 1254 2996 1308 ad
3017 1255 3314 1324 gratiarum
3333 1254 3602 1308 actionem

2011 1345 2278 1416 aperiam.
2321 1345 2458 1413 Quid
2498 1355 2681 1400 autem
2726 1346 3000 1401 retribuat
3033 1345 3157 1416 quis
3185 1345 3468 1401 Couditori
3506 1362 3604 1415 pro

2012 1440 2269 1494 omnibus
2296 1455 2417 1509 quae
2445 1439 2703 1494 retribuit
2733 1439 2892 1493 nobis
2909 1440 2992 1494 "i
3021 1439 3195 1493 David
3227 1455 3458 1510 magnus
3505 1439 3601 1492 ait.

2014 1531 2121 1587 Sed
2142 1532 2288 1587 Deus
2301 1546 2458 1587 meus
2471 1547 2532 1587 es
2551 1542 2629 1596 tu,
2646 1531 2894 1597 Domine,
2913 1530 3231 1603 gloriﬁcabo
3247 1539 3299 1588 te
3312 1531 3605 1586 vehemen-

2015 1635 2099 1682 ter
2118 1625 2184 1690 ³³,
2209 1635 2266 1680 et
2306 1641 2507 1681 nomen
2532 1637 2784 1682 sanctum
2805 1636 2960 1682 tuum
2981 1643 3106 1682 eum
3122 1627 3394 1697 Pr0plieta
3413 1625 3607 1680 lauda-

2012 1717 2120 1773 bo?
2149 1717 2418 1774 Mirabilia
2445 1720 2594 1773 enim
2616 1729 2673 1774 et
2708 1718 2944 1789 plurima
2984 1718 3039 1774 in
3073 1734 3160 1774 me
3183 1731 3244 1774 es
3265 1727 3544 1789 operatus.

1234 1853 1276 1884 “
1309 1853 1499 1907 Matth.
1535 1868 1607 1916 Ix,
1639 1853 1726 1907 η.
1806 1853 1850 1884 ³⁸
1886 1851 2029 1907 Psal.
2058 1868 2178 1918 cxv,
2208 1853 2296 1907 12.
2372 1854 2419 1887 ³⁸
2445 1853 2587 1908 Ibid.
2627 1855 2713 1908 15.

3295 1929 3370 2005 Ο

409 2141 801 2214 Fragmentum
843 2156 1106 2213 sequens,
1145 2141 1293 2214 quod
1323 2141 1526 2199 frustra
1555 2157 1770 2213 quaeras
1803 2144 1858 2198 in
1887 2142 2145 2202 versione
2176 2143 2294 2200 Jac.
2319 2145 2578 2212 Pontani,
2611 2144 2787 2200 edidit
2814 2144 2976 2200 Joan.
3011 2144 3168 2216 Bapt.
3209 2143 3521 2201 Cotelerius
3555 2147 3612 2201 in

337 2239 488 2296 notis
541 2238 610 2294 ad
661 2237 1104 2294 Constitutioncs
1165 2238 1519 2309 apostolicae,
1574 2239 1674 2294 lib.
1711 2253 1826 2307 vni,
1886 2255 2012 2310 cap.
2045 2239 2148 2304 73;
2205 2240 2302 2295 sed
2343 2240 2412 2295 ad
2457 2249 2621 2311 quem
2676 2240 2860 2295 locum
2899 2239 3133 2312 Dioptra:
3157 2251 3389 2312 Spectet,
3423 2241 3616 2297 dicere

339 2333 552 2389 omisit.

338 2457 481 2527 Περὶ
531 2454 640 2509 τοῦ
685 2452 814 2520 πῶς
863 2452 1260 2522 ἐπιτελοῦμεν
1295 2454 1480 2527 τρίτα,
1522 2451 1746 2507 ἕννατα
1771 2497 1785 2520 ,
1824 2455 1925 2508 καὶ

2067 2456 2146 2511 De
2177 2457 2330 2511 modo
2362 2473 2464 2525 quo
2505 2456 2826 2513 celebramus
2867 2458 2976 2511 dies
3016 2460 3252 2523 tertium,
3293 2470 3582 2522 nonum,et

886 2524 1371 2592 τεσσαρακοστά.

414 2644 536 2716 Χρὴ
567 2643 845 2697 καὶτοῦτο
874 2641 1190 2710 γινώσκειν,
1229 2643 1311 2696 ὅτι
1355 2643 1457 2707 τὰς
1508 2646 1924 2716 τεσσαράκοντα

343 2735 560 2807 ἡμέρας
611 2733 712 2788 τοῦ
764 2733 1000 2788 παλαιοῦ
1057 2733 1288 2797 πένθους
1355 2737 1516 2809 τριχῇ
1568 2735 1835 2802 διελόντες
1875 2737 1926 2791 οἱ

341 2827 658 2892 ἀπόστολοι,
699 2827 780 2889 εις
809 2825 993 2896 τρίτα,
1023 2827 1119 2878 καὶ
1170 2826 1394 2891 ἔννατα,
1440 2829 1537 2882 καὶ
1583 2843 1928 2899 τεσσαρακο-

344 2919 471 2974 nd.
503 2917 662 2974 οὕτω
686 2919 797 2989 τὰρ
840 2920 936 2972 καὶ
985 2918 1150 2982 αὐτὸς
1183 2919 1212 2971 ὀ
1243 2917 1449 2989 Κύριος
1476 2919 1618 2988 μετὰ
1644 2917 1743 2990 τὴν
1809 2936 1929 2990 τρι-

348 3011 559 3082 ήμερον
587 3009 807 3082 ἔγερσιν
844 3009 1194 3082 ἐφανέρωσεν
1245 3010 1440 3066 ἑαυτὸν
1479 3011 1591 3076 τοῖς
1637 3015 1929 3086 μαθηταῖς,

345 3103 456 3158 τῶν
482 3102 663 3174 Θυρῶν
720 3101 1150 3172 κεκλεισμένων,
1201 3103 1696 3175 καὶ’ὲνεφύσησεν
1745 3106 1933 3170 αὐτοῖς

347 3192 548 3260 λέγων·
597 3191 820 3248 Λάϐετε
864 3189 1113 3262 Πνεῦμα
1150 3191 1344 3262 ἅγιον.
1401 3194 1512 3247 Καὶ
1543 3193 1664 3264 μεθ’
1717 3194 1932 3266 ἡμέρας

345 3284 516 3350 ὀκτὼ,
543 3283 708 3338 πάλιν
732 3283 845 3338 ἰδοὺ
869 3283 1011 3352 μετὰ
1041 3284 1140 3356 τὴν
1168 3285 1471 3340 ἀνάστασιν
1485 3287 1635 3350 ὲντδς
1660 3287 1768 3340 τῶν
1787 3283 1934 3338 ὀκτὼ

350 3377 595 3450 ἡμερῶν,
636 3377 894 3450 δεύτερον
921 3377 1097 3448 ἐφάνη
1136 3380 1343 3446 αὐτοῖς.
1377 3379 1562 3435 Εἰπὼν
1594 3381 1688 3437 οὖν
1718 3384 1747 3436 ὁ
1772 3383 1937 3451 εὐαγ-

349 3467 626 3541 γελιστὴς,
654 3468 796 3524 Μεθ’
818 3469 1042 3540 ἡμέρας
1061 3470 1236 3540 ὀκτὼ,
1267 3471 1368 3543 τὴν
1392 3471 1765 3544 ἁναστάσιμον
1794 3471 1937 3544 ἠμέ-

354 3577 458 3632 ραν
484 3560 549 3614 οὐ
570 3559 969 3632 συνηρωμησε.
992 3561 1126 3616 Μετ’
1144 3563 1361 3633 ἐκείνης
1413 3563 1547 3632 γοῦν
1608 3565 1768 3618 ἐννέα
1800 3581 1938 3618 κατ-

350 3649 736 3723 αριθμοῦνται.
755 3651 913 3706 Κατὰ
929 3652 1062 3722 γοῦν
1089 3654 1184 3708 τὸν
1218 3653 1388 3707 τύπον
1404 3653 1615 3719 τοῦτον,
1639 3655 1802 3726 ἡμεῖς
1830 3653 1939 3708 ἀπὸ

352 3744 454 3814 τῆς
481 3745 662 3815 ταφῆς
705 3743 814 3808 ἓως
864 3743 976 3798 τῶν
1034 3746 1277 3801 ἑννάτων
1307 3745 1567 3818 δεύτερον
1593 3747 1694 3811 τὰς
1743 3746 1937 3817 μνείας

353 3808 467 3887 τεὸν
515 3808 677 3900 bene;
715 3835 1142 3908 κεκοιμημένων
1188 3808 1568 3910 ὲπιτελοῦρίεν.
1608 3808 1842 3910 Ὀιιοὶως
1875 3808 1932 3892 at
1962 3808 2007 3869 θ

357 3926 456 3981 καὶ
496 3927 568 3982 τὰ
607 3931 1050 4000 τεσσαρακοστὰ,
1091 3931 1281 4003 ἐπειδὴ
1354 3931 1424 4003 τῇ
1516 3930 1935 4002 τεσσαρακοστῇ

359 4019 547 4092 ἡμέρᾳ
587 4019 873 4094 ἀνελήφθη
933 4022 962 4077 ὁ
1003 4022 1234 4094 Κύριος.

2594 2528 3082 2599 quadragesimum.

2103 2641 2172 2697 Et
2216 2642 2323 2698 hoc
2365 2642 2653 2698 sciendum
2719 2652 2824 2707 est,
2865 2643 3014 2712 quod
3064 2644 3429 2715 quadraginta
3501 2647 3622 2701 dies

2028 2733 2235 2790 veteris
2256 2734 2440 2789 luctus
2478 2734 2534 2788 in
2595 2734 2699 2789 tria
2764 2734 3348 2804 divisorintapostoli;
3412 2736 3466 2790 in
3510 2747 3622 2791 ter-

2031 2825 2169 2880 tium
2195 2825 2362 2890 diem,
2390 2833 2446 2881 et
2467 2841 2698 2892 nonum,
2727 2836 2784 2882 et
2821 2825 3422 2897 quadragesimumJta
3470 2830 3622 2884 enim

2033 2917 2151 2986 ipse
2201 2916 2467 2971 Dominus
2509 2925 2632 2986 post
2691 2917 3152 2972 resurrectionem
3221 2919 3382 2974 tertia
3413 2920 3501 2974 die
3554 2924 3624 2974 fa-

2033 3018 2212 3072 ctam,
2252 3009 2494 3079 seipsum
2555 3008 2796 3064 ostendit
2863 3009 3150 3081 discipulis
3185 3049 3200 3074 ,
3235 3011 3424 3082 januis
3467 3013 3624 3067 clau-

2034 3105 2133 3167 sis,
2196 3111 2253 3156 et
2298 3100 2594 3156 insulllavit
2638 3101 2721 3156 eis
2752 3101 2990 3160 dicens:
3053 3104 3283 3172 Accipite
3361 3101 3622 3172 Spiritum

2032 3205 2297 3250 sanctum.
2371 3193 2440 3248 Et
2477 3201 2601 3264 post
2665 3192 2786 3248 dies
2825 3201 2974 3258 octo,
2998 3195 3341 3251 iterumeccc
3394 3206 3511 3265 post
3533 3212 3623 3250 re-

2036 3291 2440 3344 surrectionem
2503 3287 2648 3342 intra
2707 3294 2833 3342 octo
2873 3287 3014 3350 dies,
3045 3286 3290 3342 secundo
3335 3287 3470 3355 ipsis
3521 3302 3624 3354 ap-

2036 3380 2242 3452 paruit.
2278 3380 2470 3450 ltaque
2513 3380 2856 3450 evangelista
2893 3379 3106 3444 dicens,
3161 3378 3288 3433 Post
3351 3380 3459 3432 dies
3485 3388 3624 3442 octo,

2038 3475 2186 3530 diem
2224 3473 2647 3530 resurrectionis
2681 3487 2791 3528 non
2835 3471 3151 3527 numeravit
3178 3485 3304 3526 eum
3358 3471 3482 3525 aliis
3510 3470 3627 3524 die-

2038 3566 2164 3623 bus.
2250 3565 2434 3633 Quare
2515 3580 2640 3620 cum
2704 3565 2798 3620 illo
2838 3579 3041 3620 novem
3107 3572 3493 3619 numerantur.
3542 3561 3626 3617 Ad

2040 3659 2186 3714 hanc
2230 3673 2364 3728 ergo
2431 3656 2688 3720 formam,
2730 3671 2832 3712 nos
2872 3671 2905 3710 a
2963 3655 3247 3725 sepultura
3303 3655 3370 3708 ad
3421 3669 3627 3709 nonum

2042 3751 2190 3806 diem
2221 3747 2470 3805 secundo
2538 3746 2836 3801 memorias
2868 3759 3064 3802 eorum
3115 3744 3468 3800 celebramus
3522 3745 3622 3812 qui

2040 3850 2230 3898 sancte
2259 3839 2702 3896 obdormierunt.
2726 3837 2796 3893 Et
2831 3851 2963 3892 vero
2987 3836 3108 3907 pari
3155 3837 3367 3891 ratione
3393 3834 3632 3905 quadra-

2045 3928 2802 4005 gesimumperagimus,quia
2839 3927 2930 3984 die
2983 3925 3406 3999 quadragesimo
3423 3938 3631 3980 assum-

2051 4031 2181 4094 ptus
2208 4031 2297 4078 est
2326 4019 2611 4077 Dominus.

374 4205 3607 4247 W

1682 4366 2310 4503 MONITU'M.

435 4768 594 4838 Quod
631 4767 735 4824 sub
781 4765 1008 4822 nomine
1047 4761 1287 4833 Philippi
1320 4760 1594 4827 Solitarii,
1626 4759 2016 4814 auctoritatem
2043 4758 2226 4827 secuti
2265 4754 2497 4812 Androm
2532 4753 2829 4817 Gallandii,
2876 4753 2970 4823 qui
3031 4767 3099 4807 eo
3134 4755 3360 4809 nomine
3394 4753 3451 4809 in
3511 4758 3663 4810 suis'

367 4861 703 4917 adversariis
731 4858 1064 4930 opusculum
1097 4855 1536 4926 praascripserat,
1570 4853 1811 4920 edimus,
1861 4850 2151 4920 ἁνονύμως
2181 4851 2368 4906 Grtrce
2402 4859 2456 4904 et
2489 4849 2685 4904 Latine
2717 4846 2992 4901 extulerat
3048 4847 3206 4917 prius
3253 4846 3634 4906 Combeiisius

369 4956 424 5009 in
454 4954 598 5009 Novo
625 4952 904 5016 Auctario,
929 4957 1064 5003 tom.
1095 4947 1162 5013 ll,
1196 4962 1314 5017 pag.
1345 4944 1471 5002 τοι.
1505 4946 1613 5001 Sed
1642 4947 1729 5000 vir
1762 4943 2017 5001 eruditus
2043 4943 2097 4998 in
2132 4943 2276 4998 notis
2308 4959 2372 4998 ex
2413 4957 2516 4996 ms.
2549 4941 2741 4996 codice
2763 4940 3014 4994 Palatino
3050 4939 3325 4995 Demetrio
3355 4940 3632 5012 Cyziceno

369 5047 637 5112 restituit,
655 5053 713 5100 et
739 5044 844 5100 sub
870 5058 938 5098 eo
969 5043 1099 5097 item
1130 5040 1355 5095 nomine
1378 5040 1619 5094 habetur
1650 5039 1706 5094 in
1735 5038 2072 5096 Scorialensi
2099 5035 2460 5099 bibliotheca,
2512 5042 2652 5090 teste
2671 5033 2972 5088 Possevino
3000 5032 3055 5086 in
3086 5032 3386 5103 Apparatu,
3415 5050 3469 5104 p.
3500 5034 3633 5102 10ος

369 5137 576 5207 quibus
597 5133 1052 5191 succenturiatur
1082 5131 1252 5188 etiam
1296 5130 1538 5196 Caveus,
1583 5129 1807 5186 Dissert.
1850 5146 1904 5201 p.
1945 5129 2068 5185 170.
2105 5129 2264 5185 Unde
2291 5127 2904 5191 bauseritGallandius,
2935 5127 3205 5197 scriptum
3240 5127 3375 5182 illud
3405 5129 3472 5183 ad
3509 5129 3641 5183 Phi-

366 5229 579 5298 lippum
607 5227 930 5282 Solitarium
959 5225 1263 5296 pertinere,
1294 5241 1404 5279 non
1437 5234 1677 5279 constat.
1698 5222 1902 5278 Confer
1923 5221 1992 5277 de
2011 5221 2290 5276 Demetrio
2317 5220 2654 5286 Fabricium,
2683 5219 2933 5273 Bibliot/i.
2963 5218 3057 5275 Gr.
3087 5229 3222 5274 tom.
3246 5217 3338 5283 Vl,
3361 5236 3486 5291 pag.
3505 5221 3634 5278 588.

370 5322 603 5377 Videtur
633 5331 852 5384 auctor,
887 5319 1143 5392 quisquis
1176 5317 1268 5372 ille
1301 5317 1489 5380 fuerit,
1520 5316 1726 5370 vixisse
1757 5315 1860 5370 sub
1895 5314 2284 5369 Armeniorum
2320 5327 2448 5382 rege
2479 5313 2830 5367 Paneratuue
2883 5310 3210 5381 Sympatbo,
3247 5321 3302 5366 et
3338 5311 3633 5367 Catbolico

375 5413 526 5469 Isaac
552 5430 579 5467 ιι
609 5414 960 5470 Bazacastro.
999 5411 1112 5467 Hos
1147 5411 1354 5483 quippe
1381 5408 1575 5464 ultimo
1611 5408 1734 5463 loco
1783 5405 2181 5463 commemorat
2234 5406 2288 5460 in
2330 5403 2437 5460 line
2479 5405 2650 5459 libelli
2700 5405 2806 5470 sui,
2849 5404 3004 5475 regni
3029 5413 3085 5459 et
3115 5404 3638 5475 archiepiscopatus

372 5509 534 5563 annis
560 5509 782 5565 silentio
810 5504 1214 5578 praetermissis.
1259 5537 1324 5547 ——
1363 5501 1614 5557 Bibliolh.
1646 5499 1928 5567 Galland.,
1963 5509 2096 5555 tom.
2136 5497 2275 5554 XIV.
