4036 6414
404 336 521 404 879

1638 332 1983 394 PHILIPPI
2024 331 2413 394 SOLITARII

1193 496 1317 506 ...-
1330 496 1393 504 ,--
1414 494 2041 504 *~—.——-—-_—_———

1069 671 1916 828 PHILIPPI
2030 665 3011 826 SOLITARII

1798 939 2277 1004 TRACTATUS

1289 1137 1478 1250 DE
1562 1135 2015 1254 REBUS
2100 1133 2843 1251 ARMENIIE.

547 1530 624 1585 De
655 1527 1018 1583 Jacobitarum
1050 1525 1240 1580 heresi
1274 1535 1323 1579 et
1358 1524 1858 1580 Chatzitzariorum.

485 1713 529 1768 1.
569 1710 672 1766 llic
703 1707 965 1771 Jacobus,
991 1720 1023 1761 a
1054 1719 1168 1774 quo
1206 1703 1294 1758 isti
1343 1703 1771 1774 appellationem
1814 1705 1997 1761 sortiti

416 1814 571 1871 sunt,
625 1804 799 1874 Syrus
849 1799 1072 1870 quidam
1140 1796 1469 1863 monachus,
1522 1796 1786 1867 ignobilis
1836 1797 1997 1852 valde

417 1909 587 1968 atque
641 1894 917 1948 obscurus
968 1891 1093 1955 fuit,
1137 1888 1464 1960 cognomine
1514 1888 1867 1953 Tzantzalus,
1916 1889 1990 1944 ob

419 1986 714 2050 summam,
750 1992 907 2055 puto,
933 1982 1055 2050 ejus
1077 1980 1371 2034 vilitatem.
1390 1979 1491 2035 llic
1512 1994 1645 2050 ergo
1671 1980 1997 2051 Eutychetis

420 2078 709 2150 amplexus
736 2075 1069 2140 doctrinam,
1097 2072 1245 2145 apud
1284 2072 1453 2143 Syros
1479 2087 1602 2128 eam
1652 2072 1997 2143 praedicavit.

412 2172 548 2228 Fuit
579 2184 711 2224 vero
730 2152 1011 2239 Eutychos
1030 2164 1377 2236 temporibus
1402 2164 1703 2220 Theodosii
1723 2163 1996 2230 Junioris,

412 2261 727 2317 monachus
756 2258 1029 2313 exsistcns
1082 2271 1147 2311 ac
1196 2254 1632 2311 archimandrita
1682 2254 1999 2311 Constanti—

423 2352 634 2425 nopoli.
652 2354 730 2407 Ac
753 2350 977 2421 quidem
1024 2348 1331 2404 orthodoxa
1355 2362 1421 2402 ac
1436 2346 1705 2402 catholica
1728 2346 1996 2411 Ecclesia,

428 2442 722 2499 Dominum
772 2448 1024 2495 nostrum
1075 2438 1268 2493 Iesum
1319 2435 1630 2501 Christum,
1703 2450 1998 2506 personam

429 2551 592 2591 unam
619 2550 689 2590 ex
718 2533 938 2588 duabus
971 2530 1209 2596 naturis,
1242 2530 1429 2584 divina
1463 2538 1522 2585 et
1552 2529 1816 2595 humana,
1847 2545 2002 2584 com-

420 2629 661 2699 positam
689 2627 957 2692 sentieus,
991 2626 1182 2681 ambas
1211 2622 1524 2688 inconfuse,
1561 2620 1998 2686 immutabiliter,

430 2722 580 2776 nulla
624 2719 955 2775 alterations
1016 2729 1244 2771 scrvare
1279 2713 1481 2768 credit.
1515 2712 1802 2783 Duplicem
1853 2712 2000 2768 enim

421 2826 610 2884 ipsum
638 2810 997 2875 conﬁtemur,
1051 2808 1160 2863 hoc
1183 2813 1294 2872 est,
1334 2805 1506 2861 Deum
1569 2806 1775 2875 pariter
1799 2821 1862 2861 ac
1897 2804 2001 2859 ho-

2019 1528 2065 1586 Α
2096 1523 2173 1597 (1)
2208 1524 2342 1596 Περὶ
2376 1525 2664 1596 αιρέσεως
2713 1523 2831 1597 τῶν
2866 1521 3236 1597 κ’Ῑακωόιτῶν
3282 1521 3382 1579 καὶ
3416 1545 3426 1571 2

2734 1594 3082 1665 τᾷτζηρίων.

2170 1711 2249 1765 A'.
2297 1707 2356 1764 Ὀ
2397 1707 2652 1772 Ἰάκωϐος
2684 1702 2861 1774 οὗτος,
2900 1709 2995 1777 ἀφ’
3028 1701 3092 1763 οὗ
3147 1706 3244 1762 καὶ
3277 1701 3425 1764 οὗτοι
3449 1705 3687 1761 καλοῦν-

2096 1817 2212 1867 ται,
2268 1801 2503 1873 μοναχός
2558 1818 2644 1864 τις
2692 1801 2888 1870 γέγονε
2934 1800 3128 1871 Σύρος,
3159 1799 3348 1867 ἄδοξος
3404 1799 3549 1855 πάνυ
3589 1800 3688 1853 καὶ

2099 1890 2337 1961 ἀφανὴς,
2372 1888 2719 1954 Τζάντζαλος
2764 1888 3263 1959 ἐπονομαζόμενος,
3299 1889 3386 1944 διὰ
3416 1890 3517 1959 τὴν
3544 1889 3688 1957 ἄγαν

2099 1982 2289 2047 αὐτοῦ,
2334 1979 2412 2047 ὡς
2441 1976 2619 2053 οἶμαι,
2670 1980 2973 2037 εὐτέλειαν.
3010 1976 3180 2045 Οὗτος
3214 1979 3329 2047 οὖν,
3359 1980 3422 2034 τὸ
3454 1978 3551 2034 τοῦ
3584 1979 3687 2033 Εὑ-

2099 2076 2297 2147 τυχούς
2323 2075 2725 2146 ἀναδεξάμενος
2775 2076 2976 2147 δόγμα,
3029 2077 3162 2147 περὶ
3209 2076 3289 2146 (ί)
3323 2077 3441 2139 τοῖς
3470 2075 3688 2146 Συρίοις

2099 2168 2261 2223 τοῦτο
2286 2170 2607 2240 ἐκήρυττεν.
2652 2169 2716 2221 ’0
2745 2167 2804 2222 δὲ
2832 2167 3079 2239 Εὑτυχὴς
3108 2168 3205 2222 liti
3241 2167 3352 2221 τῶν
3383 2167 3593 2239 χρόνων
3617 2164 3687 2237 ἦν

2101 2261 2203 2331 τῆς
2258 2260 2538 2332 βασιλείας
2569 2259 2854 2313 Θεοδοσίου
2888 2258 2982 2312 τοῦ
3029 2258 3270 2330 Μικροῦ,
3327 2257 3562 2330 μοναχδς
3591 2258 3689 2312 καὶ

2102 2352 2534 2425 ἀρχιμανδρίτης
2566 2351 2832 2424 ὑπάρχων
2872 2352 2931 2404 ὲν
2956 2350 3554 2406 Κωνσταντινουπόλει.
3576 2349 3689 2404 Καὶ

2102 2448 2136 2518 ἡ
2182 2445 2282 2516 μὲν
2328 2444 2609 2516 όρθόδοξος
2647 2446 2744 2499 καὶ⁵
2794 2442 3061 2516 καθολικὴ
3117 2444 3419 2515 Ἐκκλησία
3477 2440 3689 2509 δοξάζει

2103 2538 2195 2592 τὸν
2222 2536 2428 2608 Κύριον
2454 2536 2612 2608 ἡμῶν
2657 2536 2869 2607 Ἰησοῦν
2902 2536 3165 2609 Χριστὸν.
3203 2537 3336 2606 μίαν
3386 2536 3690 2590 ὑπόστασιν

2105 2627 2247 2686 εἶναι
2274 2629 2550 2697 σύνθετον,
2590 2629 2656 2683 ἑκ
2680 2628 2775 2684 δύο
2808 2628 3049 2700 φύσεων,
3082 2627 3336 2699 θεότητός
3367 2643 3428 2681 τε
3478 2628 3574 2682 καί
3597 2626 3693 2680 άν-

2107 2721 2460 2795 θρωπότητος
2481 2735 2496 2752 ⁸
2530 2720 2626 2774 καὶ
2658 2718 2863 2785 ταύτας
2911 2718 3011 2783 τὰς
3036 2718 3131 2773 δύο
3160 2718 3355 2789 φύσεις
3399 2717 3690 2788 φυλάττειν

2108 2812 2471 2885 ἀσυγχύτους,
2508 2812 2834 2883 ἀτρέπτους,
2864 2809 3287 2875 ἁναλλοιὼτους.
3318 2808 3553 2863 Διπλοῦν
3581 2809 3693 2879 γὰρ

430 2908 657 2971 minem,
701 2904 912 2976 duplici
965 2913 1163 2958 natura
1213 2915 1279 2956 ac
1328 2900 1612 2955 voluntate
1662 2898 2002 2971 prmditum:

2112 2905 2297 2960 τοῦτον
2329 2904 2724 2979 ὁμολογοῦμεν,
2770 2906 2941 2977 ἧγουν
2973 2904 3108 2960 Θεόν
3140 2921 3198 2958 τε
3238 2904 3335 2959 καὶ
3375 2902 3689 2975 ἄνθρωπον,

420 3003 792 3074 duplicesque
813 2999 1111 3055 habentem
1143 2996 1515 3067 operationes,
1548 2994 1765 3050 divinas
1792 2994 2007 3050 scilicet

423 3107 486 3151 et
514 3095 821 3158 humanas;
876 3104 986 3145 non
1047 3087 1194 3143 nuda
1243 3087 1508 3158 opinione
1551 3101 1616 3142 ac
1657 3085 2002 3156 apparentia,

432 3186 529 3243 sed
565 3184 820 3240 veritate.
852 3183 920 3236 At
948 3195 1084 3236 vero
1112 3180 1409 3251 Eutyches,
1437 3187 1566 3233 ante
1595 3177 1822 3248 quidem
1849 3178 2009 3233 unio-

424 3291 581 3339 nem.
627 3274 684 3330 id
725 3281 810 3330 est
839 3271 1045 3327 Christi
1103 3270 1563 3332 incarnationem,
1616 3268 1756 3323 duas
1792 3276 1848 3323 ct
1882 3268 1999 3338 ipse

425 3374 686 3428 naturas,
720 3376 842 3434 qua
882 3363 1088 3416 unione
1115 3359 1413 3425 coivcrint,
1450 3358 1707 3425 diccbat;
1746 3358 2009 3413 nimirum

428 3455 697 3510 deitatem
730 3467 797 3507 ac
836 3451 1239 3506 humanitatem
1267 3466 1284 3500 :
1316 3457 1443 3520 post
1495 3458 1680 3505 autem
1719 3449 2007 3516 unionem,

431 3554 667 3601 naturas
697 3541 890 3597 ambas
930 3540 987 3595 in
1028 3555 1194 3595 unam
1229 3540 1559 3596 commixtas
1594 3555 1718 3595 esse
1751 3540 2006 3605 docebat,

432 3651 502 3692 ac
545 3635 592 3690 si
623 3634 752 3705 quis
804 3632 994 3688 vinum
1027 3647 1156 3688 cum
1196 3646 1339 3700 aqua
1391 3632 1716 3700 miscuerit;
1763 3641 1825 3688 ut
1879 3631 2010 3689 inde

439 3730 624 3786 mistio
654 3727 903 3799 quaedam
936 3743 1002 3783 ac
1029 3726 1289 3783 confusio
1328 3726 1769 3797 ’immutatioque
1822 3727 2011 3783 amba-

441 3843 561 3882 rum
581 3836 906 3882 naturarum
934 3825 1131 3881 ell‘ecta
1161 3824 1254 3881 sit.
1280 3822 1495 3894 Quippe
1516 3822 1871 3893 perspicuum
1903 3827 2008 3884 cst,

435 3920 707 3991 siquidem
731 3919 871 3975 duas
901 3927 1154 3985 naturas,
1176 3916 1332 3989 juxta
1355 3929 1478 3970 eam
1506 3913 1662 3986 impii
1690 3912 2013 3985 Eutychetis

435 4012 787 4075 sententiam,
833 4012 890 4066 iu
930 4025 1099 4066 unam
1149 4014 1597 4077 contemperatas
1636 4004 1807 4061 fuisse
1838 4003 2008 4059 dede-

437 4108 633 4171 rimus,
665 4104 900 4175 periisse
932 4111 1253 4171 utramque,
1301 4113 1363 4154 ac
1393 4113 1584 4154 earum
1617 4096 2006 4169 proprietates,

2108 3001 2168 3055 ιν
2205 2999 2300 3055 δύο
2325 3001 2520 3070 φύσεσι
2552 3000 2647 3054 καὶ
2674 2999 2929 3070 θελήσεσι
2948 3015 2963 3032 ·
2993 2997 3088 3053 δύο
3117 3015 3179 3052 τε
3205 2997 3488 3069 ἐνεργείας
3525 2995 3693 3051 αὐτὸν

2110 3091 2276 3164 ἔχειν,
2305 3091 2496 3157 θεῖκὰς
2529 3091 2665 3163 ὁμοῦ
2691 3091 2786 3147 καὶ
2810 3090 3194 3162 άνθρωπικάςο
3224 3089 3286 3146 ού
3311 3090 3453 3144 κατὰ
3488 3104 3697 3157 φανταο

2113 3185 2236 3241 σίαν
2258 3186 2352 3239 καὶ
2384 3184 2629 3254 δόκησιν,
2661 3182 2799 3238 ἀλλὰ
2829 3182 2973 3241 κατὰ
3000 3182 3280 3253 ἀλήθειαν.
3324 3180 3383 3235 ’0
3429 3180 3487 3234 ει
3522 3180 3696 3234 Εὐτυ-

2112 3273 2211 3346 χὴς
2246 3269 2425 3338 οὗτος,
2458 3271 2565 3345 πρὸ
2596 3273 2698 3343 μὲν
2742 3272 3011 3337 ἑνώσεως,
3054 3272 3176 3344 ητοι
3206 3272 3305 3343 τῆς
3334 3269 3696 3340 ενανθρωπη·

2114 3387 2255 3436 σεως
2283 3369 2377 3424 τοῦ
2409 3368 2673 3441 Χριστοῦ,
2729 3366 2824 3422 δύο
2851 3367 3043 3436 φύσεις
3076 3362 3220 3419 εἶναι
3248 3363 3346 3429 τὰς
3373 3363 3694 3427 ἑνωθείσας.

2114 3463 2210 3517 καὶ
2232 3462 2391 3525 αὐτὸς
2414 3460 2590 3531 ἔλεγε,
2612 3460 2845 3531 θεότητά
2863 3476 2923 3512 τε
2955 3456 3048 3515 καὶ
3086 3455 3487 3529 ἀνθρωπότητα
3504 3470 3519 3485 °
3552 3456 3695 3525 μετᾶ

2113 3554 2170 3610 δὲ
2207 3554 2307 3626 τὴν
2356 3553 2573 3617 ἕνωσιν,
2626 3552 2726 3617 τὰς
2757 3551 2853 3606 δύο
2904 3549 3101 3619 φύσεις
3142 3547 3414 3620 κραθῆναι
3457 3548 3539 3610 εἰς
3561 3546 3696 3618 μίαν

2108 3647 2326 3709 άσεδῶς
2377 3644 2768 3716 ἐδογμάτισεν·
2821 3641 2899 3706 ὡς
2953 3643 3019 3697 ἂν
3085 3642 3137 3696 ετ
3169 3657 3254 3701 τις
3311 3639 3522 3711 μίξειεν
3550 3632 3697 3691 οἶνον

2116 3737 2290 3804 ὕδατι,
2320 3738 2394 3800 ὼς
2420 3739 2484 3791 ἐκ
2531 3736 2722 3790 τούτου
2756 3734 3013 3803 γενέσθαι
3043 3731 3261 3804 φυρμὸν
3309 3731 3403 3785 καὶ
3435 3730 3698 3801 σύγχυσιν

2115 3833 2213 3886 καὶ
2241 3829 2528 3884 ἀλλοίωσιν
2556 3828 2666 3882 τῶν
2716 3826 2811 3882 δύο
2848 3826 3085 3896 φύσεων.
3116 3823 3394 3897 Πρόδηλον
3437 3822 3569 3893 γάρ,
3614 3822 3699 3876 δτι

2117 3924 2166 3977 εἰ
2193 3922 2249 3977 αἱ
2276 3922 2370 3976 δύο
2404 3920 2599 3992 φύσεις
2628 3918 2771 3974 κατὰ
2800 3919 2892 3972 τὸν
2920 3918 3081 3972 ἄθεον
3107 3914 3297 3971 τοῦτον
3329 3913 3547 3984 Εὐτυχῆ
3573 3929 3697 3966 συν-

2117 4013 2433 4086 εκράθησαν
2463 4014 2544 4077 εἰς
2570 4011 2719 4083 μίαν,
2747 4009 3029 4064 ἀπώλεσεν
3060 4009 3299 4079 ἑκάτερα
3330 4008 3400 4063 τά
3428 4007 3698 4075 ἰδιώματα

2118 4106 2327 4176 αὐτῆςσ
2374 4103 2564 4176 ὥσπερ
2591 4103 2685 4158 καὶ
2725 4104 2753 4157 ό
2798 4099 2942 4166 οἶνος
2989 4099 3325 4171 μιγνύμενος
3363 4096 3541 4153 ὕδατι.
3588 4096 3699 4151 Καὶ

435 4195 893 4266 quemadmodum
925 4193 1069 4264 perit
1088 4194 1299 4256 vinum,
1320 4208 1446 4248 cum
1464 4191 1805 4246 admiscetur
1828 4204 2003 4260 aqua}.

2117 4198 2305 4252 λοιπὸν
2331 4199 2450 4253 κατ’
2483 4198 2678 4261 αὐτοὺς
2702 4198 2731 4250 ό
2763 4196 2996 4266 Χριστὸς
3025 4194 3101 4264 (3)
3127 4195 3352 4263 ἐνήργει
3371 4190 3445 4251 ὡς
3475 4187 3607 4250 Θεὸς
3628 4187 3697 4238 τά

345 4306 353 4313 ·
432 4291 642 4345 Eorum
676 4290 899 4345 demum
931 4288 1230 4351 sententia,
1268 4285 1522 4341 Christus
1557 4298 1737 4355 neque
1767 4292 1828 4338 ut
1868 4283 2012 4339 Deus

2116 4292 2259 4357 θεῖα,
2293 4293 2390 4344 καὶ
2433 4290 2509 4355 ὡς
2537 4290 2825 4362 ἄνθρωπος
2855 4288 2926 4341 τά
2955 4284 3314 4357 ἀνθρώπινασ
3347 4281 3470 4335 οὐδὲ
3502 4276 3569 4350 ἦν
3600 4280 3698 4331 καί

432 4381 624 4435 divina
657 4379 1010 4450 operabatur,
1034 4386 1200 4447 atque
1231 4385 1291 4431 ut
1325 4377 1492 4432 homo
1519 4375 1789 4445 humana;
1832 4387 2015 4442 neque

440 4479 559 4525 erat
592 4471 740 4525 Deus
783 4468 1169 4539 impassibilis,
1204 4482 1269 4521 ac
1317 4465 1600 4537 passibilis
1651 4465 1818 4519 homo
1857 4480 1869 4516 :
1917 4462 2014 4516 sed

436 4562 617 4617 deitas
647 4561 856 4632 pariter
885 4576 1011 4616 cum
1039 4575 1207 4617 carne
1252 4561 1586 4629 patiebatur,
1625 4574 1657 4612 a
1700 4573 1810 4626 qua
1841 4556 2011 4610 etiam

440 4655 658 4718 haeresi,
710 4655 804 4724 qui
845 4654 919 4709 ita
942 4653 1167 4719 docent,
1192 4650 1617 4722 Theopaschita:
1662 4648 2014 4719 appellantur

437 4766 465 4800 τι
494 4747 769 4801 Patribus.

458 4876 465 4883 ι
504 4840 567 4895 l-l.
596 4840 712 4894 lloc
732 4854 904 4909 porro
933 4838 1261 4911 Eutychetis
1311 4835 1608 4906 profanum
1647 4832 1845 4901 dogma
1881 4845 2016 4885 con-

436 4932 674 4986 ﬁrmavit
698 4931 996 4987 Dioscorus
1025 4928 1343 5001 patriarcha
1389 4924 1817 4986 Alexandrinus,
1847 4936 2011 4993 quem

436 5020 713 5075 Marciano
746 5020 1081 5089 imperatore
1114 5018 1357 5091 synodus
1388 5013 1859 5069 Chalcedonensis
1881 5028 2009 5067 sex-

436 5120 725 5164 remorum
781 5120 1099 5165 sanctorum
1148 5112 1371 5165 Patrum
1433 5107 1710 5176 deposuit.
1773 5105 2013 5176 ldipsum

437 5219 659 5273 quoque
689 5203 899 5273 impius
948 5204 1189 5259 Severus
1244 5200 1456 5265 docuit,
1505 5216 1571 5254 ex
1629 5200 1830 5269 quibus
1881 5198 2011 5264 orti,

436 5313 576 5367 quos
624 5298 819 5352 dicunt
870 5296 1282 5361 Monothelitas,
1357 5296 1535 5368 Cyrus
1582 5293 2010 5356 Alexandrinus,

438 5390 667 5461 Sergius
725 5389 1393 5459 Constantinopolitanus,
1451 5404 1515 5444 ac
1565 5387 1788 5458 reliqui,
1853 5401 2010 5441 suam

436 5480 849 5533 constituerunt
880 5477 1156 5542 hmresim,
1208 5495 1351 5549 quos
1381 5490 1532 5536 sexta
1565 5479 1810 5552 synodus
1852 5475 1969 5532 Con
1990 5505 2010 5518 -

430 5573 927 5643 stantinopolitana
956 5572 1200 5626 devovit.

508 5692 584 5761 (l)
610 5692 689 5745 Ex
721 5691 869 5761 regio
901 5690 1024 5746 cod.
1056 5688 1206 5745 1820.

513 5763 589 5831 (2)
626 5763 810 5829 Forte,
853 5764 1025 5833 παρὰ.

2111 4383 2244 4447 Θεὸς
2266 4382 2507 4452 ἀπαθὴς,
2530 4384 2626 4436 καί
2641 4379 2926 4450 ἄνθρωπος
2945 4376 3209 4447 παθητὸς,
3226 4374 3365 4430 άλλά
3390 4373 3696 4436 συνέπασιε

2110 4478 2177 4546 τῇ
2210 4476 2373 4546 σαρκὶ
2398 4475 2432 4543 ἠ
2460 4473 2671 4543 θεότης,
2691 4471 2753 4536 ἐξ
2774 4462 2835 4524 οὗ
2865 4471 2959 4523 καὶ
2973 4467 3348 4538 Θεοπασχίτας
3371 4465 3498 4527 τοὺς
3524 4461 3698 4516 ταῦτα
3780 4540 3785 4547 ι

2113 4566 2543 4637 δογματίζοντας
2570 4565 2621 4617 οἱ
2648 4564 2887 4633 Πατέρες
2915 4561 3194 4617 καλοῦσιν.

2190 4833 2266 4887 B'.
2294 4832 2466 4886 Τοῦτο
2492 4832 2551 4886 δὲ
2591 4831 2653 4885 τὸ
2702 4829 2899 4904 μιαρὸν
2933 4828 3109 4899 δόγμα
3145 4825 3239 4880 τοῦ
3272 4820 3546 4895 Εὖτυχοῦς
3574 4817 3701 4875 ἐκύ-

2121 4941 2264 4995 ρωσε
2313 4924 2602 4995 Διόσκορος
2654 4925 2682 4976 ὁ
2731 4922 3083 4993 πατριάρχης
3149 4914 3582 4987 Ἀλεξανδρείας,
3641 4910 3701 4962 ὃν

2118 5016 2372 5068 καθεῖλεν
2409 5016 2500 5067 ἐπὶ
2548 5012 2872 5085 Μαρκιανοῦ
2927 5009 3196 5083 βασιλέως
3246 5009 3362 5079 ήὲν
3392 5003 3700 5074 Χαλκηδόνι

2122 5109 2336 5171 σύνοδος
2370 5108 2479 5159 τῶν
2512 5105 2588 5177 χλ⁰
2625 5105 2801 5173 ἁγίων
2856 5104 3137 5173 Πατέρων.
3172 5101 3245 5153 Τὸ
3301 5097 3433 5151 αὐτὸ
3464 5097 3520 5149 δὲ
3545 5094 3640 5148 καὶ
3673 5099 3700 5145 ὁ

2122 5199 2388 5269 δυσσεϐὴς
2440 5198 2767 5268 ἐδογμάτισε
2820 5197 3077 5266 Σευῆρος.
3110 5193 3204 5261 ἀφ’
3235 5187 3308 5246 ὧν
3346 5192 3439 5245 καὶ
3464 5190 3514 5242 οἱ
3546 5188 3700 5255 λεγό-

2128 5308 2279 5363 μενοι
2316 5291 2709 5361 Μονοθελῆται,
2763 5290 2945 5360 Κῦρος
2988 5285 3417 5356 Ἀλεξανδρείας,
3476 5279 3700 5351 Σέργιός

2120 5402 2180 5437 τε
2213 5384 2868 5445 Κωνσταντινουπόλεως,
2918 5381 3012 5435 καὶ
3040 5381 3089 5433 οἱ
3121 5380 3320 5443 λοιποὶ,
3368 5377 3469 5448 τὴν
3518 5374 3701 5428 αὑτων

2123 5476 2335 5547 αἵρεσιν
2372 5478 2794 5548 συνεστήσαντο,
2836 5474 2989 5544 οὖςή
3039 5474 3097 5527 ἐν
3129 5461 3702 5527 Κωνσταντινουπὸλει

2123 5569 2256 5639 ἕκτη
2290 5568 2505 5631 σύνοδος
2536 5569 2915 5636 ἀνεθεμάτισε.

2195 5688 2273 5760 (5)
2304 5687 2468 5744 Deest
2500 5688 2642 5742 οὐδέ.
