4036 6450
1244 420 1265 449 1

324 483 424 543 881

1379 490 1615 551 LIBER
1653 491 1761 552 ΒΕ
1798 492 2048 555 REBUS
2080 490 2478 553 ARMENIE.

3469 490 3577 551 882

391 594 464 649 Γ.
502 593 608 649 Τοῦ
642 595 824 650 τοίνυν
847 596 1179 669 δηλωθέντος
1222 600 1482 655 Ἰακώϐου
1521 592 1706 657 ἰδ’τοῦ
1736 605 1906 658 Εὐτυ-

2078 604 2169 659 Ill.
2207 601 2440 660 Praefato
2464 602 2657 671 itaque
2695 580 2903 656 Jacobo
2930 597 3252 670 Eutychetis
3276 597 3587 657 doctrinam

324 688 454 757 χοῦς
481 687 661 756 δόγμα
709 692 1293 762 πεπαρρησιασμὲνως
1346 694 1733 763 κηρύττοντος,
1785 698 1905 769 σχί-

327 797 439 848 σμα
484 781 711 849 γέγονεν
744 782 974 855 ὕστερον
1012 786 1071 837 ἓν
1112 786 1223 848 τοῖς
1252 784 1468 857 Σύροις,
1504 787 1600 841 καὶ
1628 790 1676 843 οί
1711 789 1811 860 μὲν
1836 793 1904 863 τῇ

326 872 595 943 ὀρθοδόξῳ
621 876 833 940 πίστει,
854 878 922 948 τῇ
957 878 1161 949 συνόδῳ
1183 895 1264 943 τε,
1295 880 1391 932 καὶ
1419 879 1495 950 τῷ
1522 880 1733 950 βασιλεί
1746 885 1906 956 Μαρ-

327 963 499 1033 κιανῷ
528 965 1017 1037 ἀκολουθήσαντες,
1057 968 1369 1040 ἐκλήθησαν
1401 972 1687 1043 Μελχῑται,
1741 975 1908 1047 ἤγουν

331 1053 621 1122 βασιλικοί.
659 1059 848 1126 Μελχὶ
882 1060 993 1131 γὰρ
1034 1060 1157 1114 καθ’
1191 1061 1478 1134 Ἐϐραίους
1507 1066 1603 1119 καὶ
1627 1067 1835 1139 Σύρους
1882 1071 1911 1123 ὁ

331 1145 586 1212 βασιλεὺς
607 1148 846 1217 λέγεται.
875 1151 939 1204 Oi
981 1153 1060 1215 σὲ,
1118 1152 1500 1225 Ἀποσχισταὶ,
1529 1158 1578 1210 οί
1609 1158 1705 1212 καὶ
1731 1160 1909 1213 Move-

329 1238 555 1309 θελῆται
588 1240 898 1311 κληθέντες.
924 1244 988 1297 Οί
1008 1244 1087 1312 τῷ
1112 1247 1331 1318 μοναχῷ
1372 1248 1617 1321 Ἰακώϐῳ
1649 1251 1727 1322 τῷ
1752 1250 1913 1323 Σύρῳ

330 1330 669 1400 πεισθέντες,
698 1334 1106 1407 ὠνομάσθησαν
1139 1336 1469 1407 ’ῐακωὸίται,
1505 1344 1602 1397 καὶ
1627 1344 1693 1398 ὲκ
1718 1344 1912 1407 τούτου

334 1421 498 1493 μέχρι
527 1423 623 1477 τοῦ
646 1422 763 1491 νῦν,
794 1423 971 1489 οὕτως
1003 1426 1102 1480 ἀπ’
1125 1427 1340 1482 ἐκείνου
1375 1431 1692 1489 καλοῦνται.
1730 1435 1794 1487 Οί
1819 1433 1915 1487 καὶ

332 1512 684 1577 πιστεύοντες
746 1516 846 1585 μὲν
894 1518 976 1580 είς
1015 1518 1238 1588 Πατέρα
1291 1526 1384 1575 καὶ
1436 1522 1566 1577 Υίδν
1618 1526 1714 1579 καὶ
1760 1525 1916 1594 ἆγιον

334 1604 562 1674 Πνεῦμα
588 1606 838 1662 δοκοῦσιν
867 1603 1019 1664 εἶναι
1058 1612 1352 1682 ὀρθόδοξοι,
1386 1615 1483 1670 καὶ
1513 1617 1600 1688 δὴ,
1635 1617 1727 1671 διὰ
1756 1616 1917 1671 τοῦτο

332 1697 582 1751 πλανῶσι
621 1700 748 1765 τοὺς
779 1703 1250 1773 ἐντυγχάνοντας·
1291 1707 1426 1761 καθὸ
1468 1708 1526 1763 δὲ
1562 1709 1654 1763 ἐπὶ
1694 1710 1797 1782 τῆς
1825 1714 1915 1764 ὲν-

334 1789 543 1861 σάρκου
569 1793 910 1864 οἰκονομίας,
934 1796 1043 1870 πρὸ
1093 1799 1193 1868 μὲν
1238 1800 1338 1872 τῆς
1369 1801 1639 1870 ἑνώσεως,
1670 1806 1791 1877 ἦτοι
1817 1805 1918 1874 τῆς

333 1881 828 1954 ἑνανθρωπήσεως,
869 1888 1225 1960 προείρηται,
1251 1893 1334 1945 ὅτι
1379 1893 1475 1947 δύο
1502 1894 1693 1964 φύσεις
1723 1896 1918 1967 ὁμολο-

332 1972 556 2040 γοῦσιν*
596 1980 735 2043 μετὰ
783 1977 843 2031 δὲ
874 1979 974 2051 τὴν
998 1980 1218 2048 ἕνωσιν,
1268 1985 1329 2037 οὐ
1378 1984 1472 2039 δύο
1526 1986 1738 2057 φύσεις,
1783 1987 1919 2041 ἀλλὰ

337 2063 471 2134 μίαν
509 2064 607 2119 καὶ
652 2068 910 2123 ἐντεῦθεν
963 2071 1230 2145 σύγχυσιν
1281 2080 1375 2131 καὶ
1411 2079 1626 2151 φυρμὸν
1675 2081 1784 2135 τῶν
1826 2080 1921 2135 δύο

334 2156 556 2222 φύσεων
584 2158 918 2228 εἰσάγουσιν.
986 2163 1509 2238 Ἀναθεματίζονται
1554 2171 1629 2236 ὡς
1667 2173 1921 2244 Μονοιρυ-

338 2251 488 2303 σῖται
546 2253 641 2306 καὶ
685 2253 1087 2327 Θεοπασχίταιο
1145 2260 1315 2327 μόνας
1365 2261 1423 2316 δὲ
1488 2262 1593 2326 τὰς
1644 2265 1923 2335 προτέρας

333 2344 486 2413 τρεῖς
520 2344 773 2411 συνόδους
803 2348 1070 2420 δέχονται,
1103 2351 1272 2422 ἤγουν
1293 2353 1392 2426 τὴν
1415 2356 1474 2408 ὲν
1493 2356 1543 2409 Ν
1549 2357 1721 2429 ικαίᾳ,
1745 2357 1844 2428 τὴν
1866 2360 1925 2411 ὲν

336 2436 938 2508 Κωνσταντινουπόλει,
970 2443 1068 2497 καὶ
1096 2444 1196 2515 τὴν
1247 2446 1307 2500 ἐν
1356 2448 1603 2519 Ἐφέσῳ·
1638 2449 1738 2521 τὴν
1776 2450 1834 2505 δὲ
1866 2454 1926 2505 ἐν

337 2525 670 2600 Χαλκηδόνι,
700 2532 796 2585 καὶ
824 2533 925 2597 τὰς
955 2536 1076 2604 μετ’
1103 2538 1299 2608 αὐτὴν,
1325 2538 1613 2593 ἀθετοῦσιν
1660 2543 1757 2595 καὶ
1795 2544 1926 2607 τοὺς

335 2618 550 2673 τούτων
596 2622 851 2694 Πατέρας
881 2625 967 2696 τῷ
996 2627 1304 2699 ἁναθέματι
1339 2630 1758 2702 καθυπάγουσιν
1783 2652 1796 2665 ·
1830 2636 1927 2689 καὶ

335 2711 404 2763 τὸ
429 2710 496 2780 δὴ
523 2713 926 2787 χαλεπώτερον,
978 2719 1074 2772 καὶ
1100 2721 1276 2785 πάθος
1309 2722 1688 2792 προσάπτουσι
1710 2728 1775 2797 τῇ
1805 2725 1925 2779 θεό-

337 2819 487 2871 τητι,
519 2804 714 2860 παθεῖν
742 2808 838 2863 καὶ
867 2807 1039 2879 αὐτὴν
1093 2811 1233 2880 μετὰ
1265 2812 1365 2883 τῆς
1395 2815 1600 2885 σαρκὸς
1629 2818 1689 2870 ἐν
1719 2817 1801 2888 τῷ
1830 2818 1924 2872 τοῦ

341 2894 553 2959 πάθους
584 2900 764 2970 καιρῷ
780 2900 1226 2971 δογματίζοντες.
1283 2905 1397 2961 Kal.
1418 2906 1560 2979 αὕτη
1594 2909 1695 2979 μὲν
1722 2911 1757 2981 ἠ
1783 2911 1927 2983 ἁρχὴ

339 2989 446 3058 τῆς
474 2991 742 3061 αίρέσεως
763 2993 873 3051 τῶν
899 2996 1079 3053 ἀθέων
1120 2998 1478 3056 ἰακωϐιτῶν.

418 3170 494 3224 Δ’.
536 3169 806 3243 Ὕστερον
856 3174 914 3229 δὲ
944 3176 1199 3249 ἐφεῦρον,
1241 3178 1339 3233 καῒ⁵
1365 3178 1427 3233 τὸ
1456 3178 1537 3233 ἑνὶ
1569 3179 1820 3252 δακτύλῳ
1850 3179 1927 3251 (4)

344 3259 423 3313 τὰ
442 3262 753 3333 πρόσωπον,
778 3264 855 3330 ὡς
885 3266 983 3338 τὴν
1013 3268 1146 3338 μίαν
1195 3270 1253 3322 ὲν
1287 3268 1510 3341 Χριστῷ
1544 3268 1707 3339 φύσιν
1755 3287 1927 3341 πρεσ·

342 3352 603 3419 ὂεύοντες
624 3373 638 3389 ’
666 3358 762 3411 καὶ
814 3358 895 3425 τὸ,
943 3359 1043 3414 οὑκ
1072 3360 1179 3415 ἀπὸ
1209 3361 1400 3428 δεξιῶν
1431 3363 1526 3417 ἐπὶ
1567 3361 1638 3416 τὰ
1667 3363 1932 3433 ἀριστερὰ

341 3447 451 3517 τὴν
491 3451 651 3517 χεῖρα
677 3452 871 3511 κινεῖν.
897 3450 973 3514 ὡς
1015 3452 1201 3522 ἡμεῖς,
1257 3452 1398 3509 ἀλλὰ
1448 3454 1589 3526 πρὸς
1639 3454 1933 3520 ἀνάπαλιν,

342 3538 462 3592 ἀπὺ
497 3538 606 3596 τῶν
639 3540 946 3613 ἀριστερῶν
975 3542 1070 3596 ἐπὶ
1113 3543 1183 3598 τὰ
1228 3543 1418 3611 δεξιά*
1458 3546 1554 3600 καὶ
1591 3546 1697 3616 τὴν
1723 3547 1936 3601 ἑαυτῶν

350 3631 675 3705 προσφορὰν
701 3633 867 3704 ἐλαίῳ
897 3634 1327 3705 ἀναμιγνύουσιν
1352 3651 1366 3666 ο
1396 3636 1496 3695 καὶ
1515 3636 1616 3707 τὴν
1638 3635 1774 3710 παρ’
1803 3639 1936 3710 ἡμῖν

347 3720 521 3789 ἁγίαν
549 3724 835 3779 κοινωνίαν
862 3724 938 3789 ὡς
965 3725 1122 3780 οὐδὲν
1157 3726 1439 3796 ἡγοῦνται,
1485 3729 1540 3781 εἴ
1561 3744 1624 3782 τε
1649 3729 1934 3801 μεταλαμ-

348 3815 610 3879 ϐάνοντες
636 3816 864 3890 ταύτης,
909 3819 963 3872 εί
983 3837 1042 3873 τε
1075 3821 1170 3874 καὶ
1221 3821 1320 3892 μή.
1365 3821 1506 3876 Ἀλλ’
1537 3823 1661 3878 οὐδὲ
1697 3823 1843 3896 ὕδωρ
1879 3827 1939 3880 ὲν

344 3908 422 3978 τῇ
458 3906 653 3961 ἑνὼσει
699 3912 799 3982 τῆς
827 3910 1008 3966 αὐτῶν
1059 3913 1406 3985 λειτουργίας
1457 3915 1814 3986 ἐμϐάλλουσι.
1864 3916 1939 3972 Τὸ

296 4034 306 4042 .
348 3997 495 4050 αὐτὸ
546 3998 606 4053 δὲ
655 4001 750 4055 καὶ
805 4003 935 4073 περὶ
971 4004 1081 4057 τῶν
1115 4004 1288 4074 ἁγίων
1321 4006 1546 4061 είκόνων
1588 4006 1841 4079 ἔχουσιν⁸
1880 4011 1940 4064 ἐν

348 4090 481 4160 ἴσῳ,
509 4092 605 4149 καὶ
630 4094 692 4147 τδ
721 4097 1049 4165 προσκυνεῖν
1078 4098 1268 4165 αὐτὰς,
1294 4100 1389 4154 καὶ
1417 4101 1479 4155 τὸ
1510 4101 1588 4175 μὴ
1612 4106 1941 4170 προσκυνεῖν

354 4181 695 4252 ποιούμενοι.
738 4185 800 4239 Ei
830 4185 890 4240 δέ
922 4203 1052 4240 ποτε
1084 4190 1179 4242 καὶ
1203 4191 1584 4261 προσκυνῆσαι
1615 4193 1795 4266 συμϐῇ
1812 4193 1941 4246 τού-

351 4289 496 4337 τοις,
526 4274 698 4345 αὐτὴν
748 4274 849 4346 μὲν
877 4275 978 4329 οὐκ
1011 4277 1375 4345 ἀσπάζονται,
1432 4280 1580 4352 μόνῳ
1607 4280 1665 4334 δὲ
1691 4281 1942 4355 δακτύλῳ

355 4365 792 4433 προσψαύοντες,
840 4368 935 4421 τὸν
958 4367 1223 4422 δάκτυλον
1255 4369 1374 4424 ἀντ’
1414 4370 1631 4441 ἐκείνης
1657 4370 1940 4437 ἀσπάζον-

348 4472 469 4510 ται.
508 4456 673 4511 Ἀλλά
699 4459 793 4511 καὶ
824 4456 923 4511 τὸν
952 4459 1135 4530 τίμιον
1165 4461 1423 4531 σταυρὸν,
1469 4463 1539 4533 τῇ
1573 4460 1788 4535 μεγάλῃ
1833 4481 1941 4518 πα-

354 4551 604 4622 ρασκευῇ
634 4549 1093 4622 κατορύττοντες,
1129 4552 1293 4625 μέχρι
1330 4557 1428 4625 τῆς
1460 4554 1625 4624 ἁγίας
1658 4556 1942 4630 Κυριακῆς

2008 696 2184 751 libere
2212 696 2568 767 praedicante,
2599 693 2803 749 factum
2834 698 2919 748 est
2945 698 3135 761 postea
3168 690 3411 746 schisma
3441 696 3587 764 apud

2009 790 2195 861 Syros.
2231 788 2411 858 Atque
2443 787 2532 842 alii
2558 786 2804 857 quidem,
2828 788 2923 858 qui
2947 803 3144 859 nempe
3196 796 3403 844 rectam
3424 786 3589 840 ﬁdem

2011 882 2416 954 synodumque,
2461 895 2526 937 ac
2574 879 2912 937 Marcianum
2962 882 3355 952 imperatorem
3414 878 3591 934 secuti

2013 980 2220 1037 essent,
2263 970 2522 1041 appellati
2556 979 2686 1044 sunt
2715 970 3005 1034 Melcbilar,
3053 970 3115 1026 id
3156 980 3263 1034 est,
3292 968 3449 1041 Regii
3491 984 3592 1024 seu

2011 1064 2407 1136 lmperialistaa.
2439 1061 2630 1118 Melclu'
2658 1062 2806 1118 enim
2834 1063 3191 1119 Hebraeorum
3226 1077 3291 1116 ac
3328 1061 3596 1131 Syrorum

2012 1157 2220 1228 lingua,
2255 1156 2461 1212 dicitur
2504 1172 2620 1212 rex.
2653 1154 2759 1211 Alii
2803 1161 2987 1211 autem
3035 1154 3229 1218 Scissi,
3282 1163 3377 1210 aut
3427 1153 3596 1209 ctiam

2015 1248 2389 1305 Monothelitae
2440 1248 2699 1319 appellati
2750 1257 2900 1313 sunt,
2938 1247 3035 1318 qui
3088 1247 3350 1302 nimirum
3389 1246 3598 1302 Iacobo

2017 1338 2155 1411 Syro
2185 1339 2454 1395 monacho
2504 1339 2666 1394 ﬁdem
2703 1340 3036 1410 praebentes,
3084 1338 3461 1395 Jacobitarum
3498 1353 3597 1391 no-

2015 1445 2141 1485 men
2172 1430 2573 1496 obtinuerunt;
2606 1430 2797 1500 sicque
2850 1429 3129 1486 hactenus
3162 1430 3233 1485 ab
3281 1445 3351 1487 eo
3408 1432 3599 1502 appel-

2017 1520 2226 1575 lantur.
2262 1519 2342 1575 Ac
2372 1519 2621 1590 quidem,
2653 1520 2801 1590 quod
2842 1520 2897 1577 in
2927 1521 3147 1577 Patrem
3198 1530 3255 1578 et
3307 1521 3505 1578 Filium
3543 1528 3603 1578 et

2018 1611 2287 1680 Spiritum
2337 1620 2589 1667 sanctum
2647 1612 2898 1678 credant,
2954 1612 3249 1669 orthodoxi
3314 1612 3598 1680 videntur,

2019 1718 2195 1772 eaque
2223 1703 2439 1758 ratione
2473 1718 2571 1758 eos
2604 1703 2913 1774 decipiunt,
2945 1706 3037 1776 qui
3072 1720 3200 1761 cum
3250 1705 3332 1760 cis
3366 1720 3602 1776 congre-

2021 1795 2272 1849 diuntur.
2311 1794 2516 1849 Verum
2553 1797 2700 1866 quod
2738 1806 2951 1866 spectat
2996 1798 3063 1852 ad
3095 1797 3303 1853 Christi
3334 1797 3388 1852 in
3433 1813 3601 1853 carne

2021 1884 2493 1954 dispensationem
2523 1926 2537 1952 ,
2590 1895 2717 1943 ante
2754 1888 2978 1957 quidem
3043 1889 3328 1955 unionem,
3386 1889 3440 1944 id
3490 1897 3597 1952 est,

2022 1975 2341 2045 priusquam
2381 1975 2472 2031 ille
2520 1976 2687 2032 homo
2720 1978 2896 2041 ﬁeret,
2922 1978 3035 2045 iam
3067 1978 3279 2035 dictum
3313 1991 3399 2035 est
3443 1979 3604 2034 fateri

2022 2082 2118 2121 eos
2154 2066 2295 2122 duas
2325 2076 2556 2141 naturas
2592 2085 2613 2124 :
2661 2079 2787 2141 post
2830 2084 2963 2126 vero
2996 2087 3139 2137 eam,
3177 2088 3287 2126 non
3320 2071 3458 2128 duas
3506 2086 3607 2125 na-

2028 2171 2206 2222 turas,
2231 2160 2324 2214 sed
2360 2176 2527 2216 unam
2579 2173 2907 2233 agnoscunt,
2943 2164 3186 2234 indeque
3221 2165 3605 2220 confusionem

2027 2269 2092 2308 ac
2131 2253 2586 2309 commixtionem
2646 2255 2916 2310 invehunt
2967 2256 3203 2311 duarum
3256 2267 3605 2312 naturarum.

2027 2347 2377 2403 Devoventur
2397 2356 2781 2403 utassertores
2802 2346 2967 2403 unius
2995 2357 3229 2411 naturae,
3259 2356 3316 2402 et
3344 2357 3405 2402 ut
3428 2347 3610 2402 Theo-

2028 2438 2314 2510 pascbitze.
2367 2438 2609 2493 Tantum
2679 2454 2813 2493 vero
2868 2438 3174 2494 admittunt
3227 2446 3340 2494 tres
3392 2438 3612 2509 priores

2029 2531 2289 2603 synodos,
2344 2546 2565 2601 nempe,
2599 2530 2899 2597 Nicarnam,
2937 2531 3606 2601 Constantinopolitanam

2028 2622 2463 2691 ctEphesinam.
2495 2622 3003 2680 Chalcedonensem
3054 2633 3263 2690 autem,
3316 2641 3378 2680 ac
3426 2640 3488 2680 ea
3515 2640 3614 2695 po-

2031 2713 2295 2771 steriores
2352 2715 2537 2770 irritas
2594 2715 2924 2782 decernunt,
2976 2731 3042 2772 ac
3090 2731 3283 2772 earum
3334 2715 3610 2772 devovent

2029 2804 2264 2861 Patres:
2309 2807 2567 2877 quodque
2614 2808 2839 2878 gravius
2897 2815 3005 2873 est,
3064 2808 3233 2863 etiam
3297 2807 3611 2877 passionem

2032 2898 2231 2953 Deitati
2262 2897 2548 2967 atIingunt,
2580 2897 2893 2968 docentque
2922 2902 3096 2969 ipsam
3119 2915 3342 2970 quoque
3393 2914 3611 2969 passam

2024 2996 2141 3044 una
2165 3004 2290 3044 cum
2330 3004 2517 3045 carne
2541 2994 2788 3060 tempere
2813 2991 3113 3062 passionis.
3145 2990 3326 3061 Atque
3356 2991 3445 3047 his
3500 2992 3611 3046 ini-

2033 3080 2147 3145 tiis,
2178 3080 2474 3151 impiorum
2495 3080 2873 3137 Jacobitarum
2898 3083 3069 3153 coepit
3099 3083 3352 3141 hrcresis.

2104 3175 2193 3231 IV.
2218 3174 2413 3230 Postea
2439 3189 2575 3229 vero
2598 3172 2704 3229 hoc
2750 3190 2972 3245 quoque
3020 3176 3378 3238 invenerunt,
3415 3183 3477 3229 ut
3503 3191 3619 3229 uno

1960 3295 2004 3354 ο
2037 3266 2211 3338 digito
2233 3267 2625 3338 consignarent
2652 3266 2876 3335 faciem,
2905 3268 3057 3324 velut
3100 3284 3263 3324 unam
3298 3269 3350 3322 in
3386 3268 3613 3324 Christo

2039 3367 2289 3412 naturam
2312 3358 2672 3429 proﬁtentes;
2705 3368 2876 3429 utque
2909 3374 3132 3414 manum
3186 3376 3296 3415 non
3327 3377 3356 3415 a
3408 3360 3617 3415 dextris

2037 3449 2106 3503 ad
2137 3449 2416 3504 sinistram
2447 3449 2738 3517 ducerent,
2792 3450 2872 3504 uti
2926 3465 3028 3506 nos
3064 3469 3077 3504 :
3115 3451 3212 3506 sed
3266 3468 3296 3506 e
3326 3455 3544 3514 contra,
3585 3468 3616 3504 a

2037 3539 2278 3595 sinistris
2322 3539 2391 3594 ad
2433 3540 2685 3596 dextram
2723 3556 2738 3594 :
2795 3555 2950 3596 suam
3007 3555 3229 3611 quoque
3277 3541 3617 3597 oblationem

2041 3632 2276 3688 miscent
2307 3632 2461 3700 oleo;
2489 3648 2554 3689 ac
2603 3648 2842 3701 sacram,
2872 3648 2996 3703 qua:
3019 3633 3166 3704 apud
3193 3649 3296 3690 nos
3328 3641 3435 3698 est,
3463 3649 3616 3689 com-

2039 3724 2380 3789 munionem,
2416 3738 2518 3794 pro
2551 3724 2726 3779 nihilo
2775 3724 3002 3791 habent,
3033 3727 3149 3780 sive
3176 3725 3617 3792 communicent,

2038 3817 2158 3873 sive
2199 3832 2330 3871 non.
2383 3816 2453 3872 At
2498 3833 2680 3887 neque
2708 3832 2908 3887 aquam
2942 3817 2998 3872 in
3044 3833 3159 3873 sua:
3196 3819 3390 3873 missae
3414 3820 3623 3875 unione

2040 3909 2288 3965 mittunt.
2321 3908 2529 3963 Eodem
2586 3909 2750 3963 modo
2789 3924 2848 3964 se
2885 3907 3093 3963 habent
3140 3909 3206 3962 ad
3240 3924 3429 3964 sacras
3479 3911 3624 3964 ima-

2041 3999 2229 4070 gines;
2284 4015 2384 4070 pro
2422 3999 2617 4055 eodem
2664 4000 2939 4055 habentes
2972 4007 3032 4053 ut
3083 4000 3340 4066 adorent,
3372 4000 3460 4054 vel
3509 4015 3624 4055 non

2042 4089 2294 4145 adorent.
2332 4089 2490 4157 Quod
2517 4090 2563 4145 si
2597 4090 2820 4161 quando
2839 4091 3006 4147 etiam
3037 4090 3321 4161 contingat
3343 4091 3577 4146 adorare
3599 4130 3617 4154 ,

2044 4180 2216 4252 ipsam
2259 4181 2484 4252 quidem
2519 4180 2812 4253 imaginem
2856 4195 2967 4235 non
2999 4182 3344 4246 osculantur,
3375 4178 3470 4234 sed
3504 4178 3627 4235 solo

2043 4273 2219 4345 digito
2252 4274 2611 4346 attingentes,
2659 4275 2782 4346 ejus
2829 4273 2953 4329 loco
2991 4274 3319 4330 osculantur
3355 4272 3620 4343 digitum.

2047 4364 2157 4420 Sed
2191 4375 2248 4421 et
2280 4367 2578 4437 pretiosam
2625 4381 2849 4422 crucem
2882 4381 3077 4438 magna
3118 4367 3423 4422 Parasccve
3457 4364 3627 4421 suﬂ'o-

2045 4457 2283 4524 dientes,
2314 4473 2493 4529 usque
2524 4459 2592 4514 ad
2624 4473 2845 4514 sacrum
2871 4458 3018 4514 diem
3066 4459 3415 4514 Dominicum
3445 4458 3628 4514 occul-

2050 4556 2158 4601 tam
2195 4556 2424 4603 tenent:
2470 4556 2698 4619 tumque
2736 4550 2912 4619 prima
2944 4550 3067 4604 luce
3103 4563 3202 4618 per
3230 4549 3385 4604 vicos
3422 4557 3484 4631 et
3513 4548 3629 4618 pla-

354 4642 750 4713 κεκρυμμένον
776 4643 993 4714 ἔχουσιν
1015 4660 1031 4675 ·
1075 4642 1193 4700 εἶτα
1222 4646 1343 4716 ἅμα
1389 4646 1535 4718 φωτὶ
1560 4647 1930 4720 διατρέχουσικ

2049 4647 2166 4695 teas
2203 4639 2609 4704 discurrentes,
2673 4642 2817 4695 sitne
2876 4640 2968 4696 hic
3020 4639 3303 4703 Christus,
3373 4655 3443 4694 an
3492 4637 3628 4704 illic,

352 4734 460 4798 τάς
488 4750 551 4787 τε
590 4734 771 4805 ῥύμας
794 4734 893 4789 καί⁵
929 4735 1058 4801 τοὺς
1106 4736 1399 4808 ρεγιῶνας,
1432 4737 1821 4809 ἐπιζητοῦντες
1866 4740 1952 4794 ὅτι

353 4824 598 4880 ἐνταῦθα
623 4828 772 4880 ἐστιν
802 4827 832 4882 ὁ
856 4827 1112 4900 Χριστὸς,
1143 4829 1461 4900 ἢὲνταῦθαο
1498 4831 1596 4885 καὶ
1633 4830 1756 4885 τότε
1787 4849 1953 4899 φανε-

358 4915 553 4985 ροῦσιν
585 4916 1050 4987 αὑτόν.Λέγουσιν
1086 4920 1141 4974 δὲ
1167 4918 1260 4973 καὶ
1278 4918 1522 4986 ἐκθέσεις
1539 4921 1687 4992 ἔχειν
1709 4922 1952 4993 λειτουρ-

357 5006 501 5076 γιῶν
531 5008 850 5080 διαφόρους,
903 5009 1057 5082 παρὰ
1109 5012 1208 5074 τὰς
1260 5010 1731 5082 ὲκκλησιαστικὰς
1768 5031 1952 5084 παρα-

355 5100 560 5163 δόσεις.
583 5100 1004 5173 Κρεοφαγοῦσιν
1026 5101 1084 5155 δὲ
1101 5105 1198 5155 καὶ
1216 5101 1316 5174 τὴν
1350 5102 1622 5174 ἑϐδομάδα
1653 5104 1756 5173 τῆς
1773 5105 1950 5176 Τυροο

359 5193 565 5264 φάγου.
592 5193 911 5265 Παρέλαόον
933 5194 992 5249 δὲ
1020 5195 1119 5250 καὶ
1149 5194 1260 5249 ἀπὸ
1296 5194 1507 5266 Πέτρου
1535 5196 1631 5248 τοῦ
1663 5196 1948 5265 Κναφέως,

360 5286 722 5359 προστιθέναι
741 5289 800 5343 ἐν
823 5288 1092 5361 τρισαγίῳ
1119 5289 1275 5361 ὕμνῳ
1304 5289 1490 5358 λέγειν
1516 5288 1579 5342 τό
1603 5302 1618 5317 '
1670 5288 1725 5341 Ὀ
1764 5306 1951 5344 atav-

359 5382 578 5450 ρωθεὶς
602 5381 679 5437 δι’
706 5381 889 5453 ἡμᾶς,
917 5382 1183 5450 ἐλέησον
1230 5381 1411 5452 ἡμᾶς.
1462 5383 1574 5438 Καὶ
1622 5384 1794 5441 ταῦτα
1851 5385 1951 5455 μὲν

363 5477 501 5546 περὶ
525 5476 636 5530 τῶν
677 5475 1029 5537 Ἰακωδιτῶν.

444 5567 519 5623 Ε’.
552 5569 617 5623 Οἱ
640 5567 699 5622 δὲ
728 5568 1117 5640 Χατζιτζάριοι
1141 5567 1541 5641 ὠνομάσθησαν
1586 5569 1695 5623 ἀπὸ
1724 5571 1824 5641 τῆς
1851 5570 1947 5625 τοῦ

368 5661 612 5731 σταυροῦ
667 5660 1003 5731 ὀνομασίας·
1058 5663 1151 5715 τὸν
1207 5662 1265 5716 δὲ
1315 5665 1548 5732 σταυρὸν
1577 5663 1950 5734 προσκυνοῦσι

369 5753 471 5807 καὶ
505 5753 775 5807 σέϐονται.
826 5751 1000 5814 Χατζὶ
1037 5754 1092 5807 δὲ
1126 5753 1255 5824 παρ’
1289 5756 1496 5822 αὐτοῖς,
1527 5756 1553 5808 ὁ
1613 5754 1951 5825 σταυρωθεὶς

456 5932 528 6003 (Α)
561 5932 725 5990 Deest
748 5934 1104 6007 σφραγίζειν.·

2050 4734 2377 4804 inquirunt;
2411 4733 2604 4802 sicque
2635 4732 2858 4787 demum
2884 4731 3171 4800 detegunt.
3225 4731 3426 4784 Dicunt
3459 4730 3628 4784 etiam

2048 4839 2109 4880 se
2172 4824 2378 4878 habere
2439 4825 2688 4878 diversas
2725 4823 3020 4877 missarum
3082 4820 3382 4885 editiones,
3437 4830 3628 4875 contra

2061 4915 2388 4972 traditiones
2415 4914 2845 4970 ecclesiasticas.
2871 4914 3185 4970 Vescuntur
3217 4914 3482 4969 carnibus
3513 4913 3629 4984 ipsa

2055 5023 2280 5078 quoque
2303 5006 2648 5063 hebdomada
2668 5005 3052 5076 Carnisprivii.
3105 5004 3367 5062 Omnium
3408 5005 3637 5062 cumulo

2050 5108 2387 5169 acceperunt
2436 5115 2467 5153 a
2506 5099 2669 5153 Petro
2725 5097 2957 5152 Fullone
3000 5104 3064 5152 ut
3110 5096 3317 5169 hymno
3382 5098 3638 5169 Trisagio

2051 5189 2343 5255 adderent,
2367 5190 2468 5256 Qui
2488 5190 2773 5256 cruciﬁxus
2795 5205 2847 5243 es
2872 5204 2968 5260 pro
2998 5190 3167 5257 nobis,
3192 5190 3441 5246 miserere
3463 5190 3627 5249 nobis.

2053 5280 2333 5337 Hactenus
2364 5282 2431 5337 de
2450 5282 2743 5338 Jacobitis.

2131 5569 2196 5625 ν.
2227 5565 2582 5624 Chatzitzarii
2616 5578 2801 5623 autem
2825 5567 3086 5637 appellati
3120 5574 3270 5630 sunt,
3295 5574 3632 5633 cognomen-

2062 5673 2118 5717 to
2157 5677 2185 5717 a
2212 5676 2401 5718 cruce.
2457 5660 2499 5715 li
2556 5675 2726 5730 porro
2755 5659 2989 5714 adorant
3022 5675 3087 5714 ac
3141 5658 3331 5712 colunt
3382 5667 3631 5709 crucem.

2059 5756 2196 5811 Nam
2225 5752 2370 5825 apud
2404 5769 2524 5819 eos,
2576 5752 2875 5809 crucifixus
2918 5751 3106 5807 Chatzi
3135 5748 3468 5818 appellatur.
3505 5744 3631 5802 Sin-
