4036 6480
424 449 533 516 887

1660 445 1999 511 PIIILIPPI
2044 447 2438 511 SOLI'I‘ARII

3594 441 3705 508 888

380 624 385 627 _
433 569 528 629 ris.
555 565 830 622 celebrata
857 571 940 618 est
984 560 1145 618 tertia
1201 559 1444 632 synodus
1492 560 1859 616 ducentorum
1908 561 2003 614 Pa-

2130 562 2275 627 ὶέως,
2303 563 2522 631 ἐγένετο
2562 565 2596 634 ἡ
2640 562 2795 635 τρίτη
2829 563 3044 628 σύνοδος
3076 562 3184 617 τῶν
3223 561 3266 615 τ’
3314 562 3593 633 Πατέρων,
3623 561 3703 614 οἱ-

435 673 605 722 trum,
633 657 724 726 qui
754 654 1071 709 Nestorium
1099 652 1560 707 condemnarunt.
1590 652 1719 707 Post
1756 667 1878 706 eam
1911 666 2010 706 au-

434 766 541 810 tem
574 751 914 820 compositus
964 748 1068 803 fuit
1099 748 1340 819 hymnus
1366 747 1598 803 Sanetus
1630 746 1791 813 Deus,
1815 759 1906 802 etc
1933 783 1951 810 ,
1981 761 2011 800 a

433 849 595 902 beato
628 844 853 906 Proclo,
888 840 1517 909 Constantinopolitanze
1548 839 1700 894 urbis
1729 839 2011 909 episcopo,

429 941 495 993 ad
530 938 747 993 Domini
781 937 875 991 Dei
907 935 1344 990 misericordiam
1375 933 1800 1004 impetrandam,
1825 950 1924 1003 pro
1949 948 2014 987 ea

429 1046 553 1100 qua:
576 1034 1004 1099 supervenerat,
1040 1036 1200 1082 terra:
1231 1035 1416 1079 motus
1458 1025 1770 1080 calamitate
1821 1025 2013 1095 depel-

378 1188 383 1193 λ
430 1122 613 1178 lcnda.
648 1123 842 1191 Exque
873 1135 942 1175 eo
976 1130 1223 1188 tempore
1246 1118 1493 1187 suscepit
1525 1118 1773 1172 Ecclesia
1805 1116 2013 1173 Catho-

430 1215 536 1269 lica
562 1215 827 1285 hymnum
854 1211 897 1267 Τ
895 1228 951 1265 er
972 1209 1224 1273 Sanctus,
1270 1209 1324 1263 in
1354 1209 1576 1263 modum
1602 1208 2017 1279 gloriﬁcationis

432 1306 608 1367 illius,
651 1318 813 1373 quam
850 1302 962 1357 Deo
1011 1300 1339 1356 submittere
1391 1298 1679 1371 Seraphim
1720 1301 2018 1356 didicimus

429 1412 497 1451 cx
529 1395 686 1449 Isaia.

504 1488 590 1541 IV.
625 1486 880 1555 Ejusdem
914 1485 1208 1541 Theodosii
1248 1497 1517 1552 tempore,
1568 1484 1762 1540 beatus
1808 1485 2016 1541 Flavia-

432 1593 560 1642 nus,
598 1578 653 1632 in
683 1578 838 1632 urbis
867 1578 1031 1648 regias
1064 1576 1267 1647 Palatio
1300 1576 1662 1647 Eutychetem
1710 1575 2017 1645 deponens,

433 1672 486 1725 in
509 1686 636 1724 cum
665 1670 961 1724 anathema
992 1667 1151 1722 dixit.
1172 1665 1317 1722 Adiit
1348 1667 1533 1735 itaque
1560 1666 1649 1723 illc
1672 1665 2016 1730 Dioscormn,

434 1778 635 1833 rogans
684 1771 746 1817 ut
793 1771 946 1831 petat
975 1759 1044 1816 ab
1077 1761 1409 1830 imperatore
1442 1759 1605 1813 aliam
1631 1758 1901 1830 synodum
1930 1773 2021 1813 cc-

436 1854 644 1911 Iehrari
678 1853 904 1923 Ephesi,
933 1868 1039 1923 qua
1092 1852 1500 1908 condemnatur
1546 1863 1773 1907 sanctus
1805 1853 2015 1908 Flavia-

437 1955 565 2006 nus,
592 1942 874 2012 Eutyches
908 1950 1094 1996 autem
1116 1940 1331 2011 judicio
1355 1942 1694 1998 absolvatur.
1724 1943 2019 1999 Dioscorus

436 2044 621 2089 autem
656 2042 821 2103 atque
871 2034 1151 2105 Eutyches
1202 2034 1427 2091 immani
1475 2035 1608 2091 odio
1655 2045 2019 2106 occupantur,

436 2125 583 2182 haud
618 2140 780 2180 secus
807 2134 972 2194 atque
1002 2140 1205 2180 corvos
1234 2125 1289 2180 in
1321 2142 1549 2183 nemore
1573 2169 1589 2195 ,
1619 2142 1684 2183 ac
1730 2128 1878 2184 sicut
1922 2143 2023 2200 ny-

434 2219 679 2279 cticorax
708 2218 762 2272 in
796 2217 1027 2289 petrinis
1064 2232 1129 2273 ac
1158 2217 1474 2277 ruderibus.

506 2394 575 2449 ν.
597 2393 724 2450 Haec
754 2409 923 2464 porro
959 2405 1019 2452 ut
1048 2395 1246 2453 beatus
1280 2397 1393 2454 Leo
1432 2398 1717 2456 Romanus
1768 2417 1930 2472 papa,
1958 2417 2023 2458 ac

438 2487 697 2542 Ecclesiae
716 2488 1098 2545 confusionem
1117 2492 1396 2560 cognovit,
1416 2494 1623 2548 acriter
1642 2495 2020 2565 reprehendit,

436 2589 632 2653 petens
673 2594 702 2635 a
728 2580 1045 2639 Theodosio
1089 2584 1363 2640 celebrari
1414 2586 1686 2659 synodum
1732 2589 2020 2644 universa-

435 2670 567 2728 Iem.
617 2670 843 2729 Interim
886 2690 1018 2731 vero
1060 2675 1362 2747 imperator
1404 2677 1553 2733 diem
1598 2678 1758 2743 obiit,
1793 2696 1901 2750 qua
1952 2695 2019 2734 ex

434 2779 603 2822 causa
656 2766 952 2821 consilium
1009 2768 1388 2840 interquievit.
1443 2770 1756 2829 Marcianus
1807 2781 2021 2839 autem,

435 2857 654 2928 imperii
684 2872 989 2924 successor,
1015 2861 1313 2917 concilium
1353 2862 1487 2918 illud
1530 2864 1585 2918 in
1623 2864 1786 2919 linem
1818 2864 2025 2935 perdu-

436 2949 537 3007 xit.
580 2948 853 3006 Caeterum
904 2961 1029 3022 post
1078 2968 1256 3010 annos
1303 2970 1399 3010 sex
1450 2955 1521 3011 ab
1566 2955 1721 3012 obitu
1756 2957 1814 3013 S.
1847 2958 2017 3025 Isaac,

436 3041 578 3097 facta
615 3052 699 3097 est
730 3044 976 3116 synodus
1009 3045 1065 3101 in
1100 3045 1375 3117 Sapebau.

504 3133 593 3187 Vl.
619 3132 786 3190 Beato
824 3135 1009 3205 itaque
1036 3150 1101 3191 ac
1149 3145 1342 3190 sancto
1379 3134 1534 3190 Isaac
1566 3134 1678 3189 vita
1711 3134 1940 3201 functo,
1976 3135 2023 3191 is

2115 670 2260 719 τινες
2292 655 2700 725 ἀνεθεμάτισαν
2726 656 2818 709 τὸν
2841 657 3137 727 Νεστόριον
3154 672 3169 686 ο
3195 656 3286 708 καὶ
3326 654 3466 724 μετὰ
3492 652 3703 721 ταύτην

2118 750 2371 821 ἡρμόσθη
2412 750 2494 813 τ’),
2532 750 2741 821 Ἀτιος
2775 753 2809 805 d
2861 751 3028 815 Θεὸς,
3083 749 3233 820 παρὰ
3271 748 3365 801 τοῦ
3424 746 3702 818 μακαρίου

2119 841 2368 911 Πρόκλου
2417 841 2512 896 τοῦ
2542 842 2847 897 ἐπισκόπου
2880 841 3527 905 Κωνσταντινουπόλεως,
3558 839 3703 911 ὑπὲρ

2116 931 2214 985 τοῦ
2248 932 2430 1000 εὑρεῖν
2478 933 2624 995 ἔλεος
2659 935 2811 1003 παρὰ
2857 934 3065 999 Κυρίου
3100 930 3196 983 τοῦ
3250 930 3408 993 Θεοῦ,
3458 929 3546 981 διὰ
3600 927 3702 997 τὴν

2118 1024 2456 1078 ἐπελθοῦσαν
2517 1025 2805 1096 συμφορὰν
2857 1024 2952 1077 τοῦ
3004 1022 3252 1094 σεισμοῦ.
3290 1023 3403 1075 Καὶ
3443 1021 3549 1073 ἀπὸ
3579 1019 3704 1072 τότε

2123 1116 2433 1188 παρέλαϐεν
2451 1118 2483 1188 ή
2502 1118 2763 1188 καθολική
2789 1118 3084 1187 Ἐκκλησία
3105 1117 3194 1170 τὸν
3223 1115 3253 1167 ii
3262 1133 3393 1185 μνον
3420 1114 3514 1168 τὸν
3536 1111 3707 1180 τρισ-

2119 1207 2311 1278 άγιον,
2344 1211 2487 1264 κατὰ
2519 1210 2619 1279 τὴν
2673 1208 2981 1278 δοξολογίαν
3028 1210 3138 1262 τῶν
3178 1207 3451 1279 Σεραιρῖμ,
3483 1204 3550 1275 ἢν
3607 1202 3705 1256 καὶ

2120 1301 2274 1370 παρὰ
2294 1301 2388 1355 τοῦ
2414 1304 2699 1375 προφήτου
2751 1301 2973 1356 Ἡσαΐου
3006 1302 3431 1373 μεμαθήκαμεν.

2191 1487 2264 1541 Δ’.
2308 1484 2396 1538 Ἐν
2423 1484 2479 1538 δὲ
2505 1486 2619 1548 τοῖς
2643 1484 2860 1555 χρόνοις
2883 1482 2979 1537 τοῦ
3007 1481 3170 1536 αὑτοῦ
3198 1478 3510 1541 Θεοδοσίου,
3539 1478 3568 1530 ὁ
3604 1494 3707 1547 μα-

2120 1577 2312 1647 κάριος
2344 1573 2643 1638 Φλαδιανδς
2673 1577 2731 1627 ἐν
2777 1574 2855 1645 τῷ
2886 1572 3133 1644 παλατίῳ
3156 1574 3256 1642 τῆς
3285 1568 3560 1642 βασιλίδος
3601 1567 3674 1619 πό
3693 1597 3707 1605 -

2120 1668 2279 1730 λεως,
2329 1666 2424 1721 τδν
2471 1667 2721 1738 μυσαρὸν
2771 1666 3037 1737 Εὐτυχὲα,
3096 1661 3419 1731 καθαίρεσιν
3471 1658 3709 1729 ποιήσας

2121 1760 2244 1813 κατ’
2274 1758 2464 1822 αὐτοῦ,
2506 1758 2902 1829 ἀνεθεμάτισεν
2945 1758 3129 1812 αὐτόν.
3163 1752 3489 1827 Προσελθὼν
3525 1750 3711 1805 τοίνυν

2121 1852 2149 1903 ό
2177 1851 2341 1914 αὐτὸς
2361 1849 2440 1921 τῷ
2467 1851 2767 1921 Διοσκόρῳ,
2804 1848 2944 1902 ὥστε
2973 1848 3196 1917 αἰτῆσαι
3224 1846 3315 1899 τὸν
3339 1843 3586 1916 βασιλέα,
3619 1842 3710 1895 ἵνα

2124 1942 2327 2014 ποιήσῃ
2357 1941 2525 2010 ἄλλην
2552 1941 2773 1996 σύνοδον
2801 1944 2861 1996 ἐν
2902 1941 3133 2008 Ἐφέσῳ,
3163 1936 3259 1992 καὶ
3282 1933 3591 2007 κατακρίνῃ
3615 1932 3712 1987 τὸν

2123 2034 2273 2087 ὅσιον
2320 2032 2645 2098 Φλαδιανδν,
2703 2032 2796 2087 τὸν
2843 2032 2901 2086 δέ
2931 2030 3181 2102 Εὑτυχία
3206 2027 3500 2098 δικαιώσῃ.
3544 2026 3603 2080 Ὀ
3648 2026 3713 2079 δὲ

2123 2124 2418 2194 Διόσκορος
2446 2122 2544 2176 καὶ
2572 2122 2819 2193 Εύτυχὴς
2852 2123 2997 2193 μήνη
3048 2120 3125 2191 (7)
3174 2117 3602 2189 κατελήφθησαν
3630 2115 3711 2170 δί-

2124 2234 2229 2285 κην
2253 2214 2488 2288 κόρακος
2517 2216 2577 2269 ἐν
2600 2214 2818 2287 δρυμῷ,
2858 2214 3050 2285 ὥσπερ
3077 2211 3413 2286 νυκτικόραξ
3446 2212 3507 2266 ἐν
3546 2209 3709 2265 οἱκο-

2125 2311 2290 2378 πέδῳ.

2197 2401 2272 2456 E'.
2309 2402 2478 2466 Γνοὺς
2507 2402 2565 2456 δέ
2597 2404 2625 2456 ό
2666 2400 2939 2472 μακάριος
2965 2399 3215 2461 Λέοντιος
3247 2396 3441 2462 ταῦτα,
3467 2395 3496 2450 δ
3523 2395 3715 2460 πάπας

2135 2496 2376 2566 Ῥώμης,
2411 2496 2509 2550 καὶ
2546 2496 2647 2566 τὴν
2680 2494 2947 2566 σύγχυσιν
2976 2494 3077 2565 τῆς
3117 2491 3470 2563 Ἑκκλησίας,
3505 2492 3716 2561 σφόδρα

2125 2587 2545 2660 κατεμέμψατο,
2576 2586 2728 2658 παρὰ
2752 2586 2847 2641 τοῦ
2877 2585 3164 2640 Θεοδοσίου
3185 2585 3419 2655 αἰτήσας
3441 2584 3539 2638 τοῦ
3563 2583 3718 2653 βασι·

2123 2679 2262 2743 λόως
2297 2679 2599 2750 καθολικὴν
2626 2678 2845 2733 σύνοδον
2868 2676 3146 2746 γενέσθαι,
3184 2678 3247 2730 ἐν
3269 2670 3315 2745 ᾧ
3348 2677 3528 2748 χρόνῳ
3552 2677 3580 2729 ό
3613 2674 3715 2746 βα-

2129 2771 2309 2836 σιλεὺς
2334 2771 2680 2843 ἐτελεύτησε,
2722 2770 2820 2823 ια).
2850 2773 2883 2840 ἠ
2915 2769 3082 2842 βουλὴ
3126 2767 3556 2841 παρεσιωπήθη.
3586 2768 3716 2820 Δια-

2123 2865 2419 2935 δεξάμενος
2440 2864 2498 2917 δέ
2528 2864 2627 2935 τὴν
2652 2862 2933 2934 βασιλείαν
2962 2866 2991 2915 ό
3018 2861 3365 2932 Μαρκιανὸς,
3387 2860 3487 2931 τὴν
3517 2857 3719 2930 βουλὴν

2127 2961 2207 3022 εἰς
2240 2957 2416 3028 πέρας
2442 2958 2619 3027 ἧγαγε
2646 2973 2661 2988 ’
2695 2956 2792 3009 καὶ
2817 2957 2956 3026 μετὰ
2987 2955 3082 3023 ετη
3111 2953 3171 3020 ἒξ
3202 2955 3300 3026 τῆς
3334 2952 3593 3024 τελευτῆς
3618 2951 3718 3006 τοῦ

2127 3053 2283 3119 ἁγίου
2323 3050 2509 3104 Ἰσαὰκ
2538 3051 2756 3118 ἐγένετο
2792 3048 3010 3112 σύνοδος
3040 3049 3121 3111 είς
3146 3048 3430 3118 Σαπηϐάν.

2195 3139 2284 3209 εἷ’.
2310 3141 2419 3195 Τοῦ
2451 3140 2547 3195 οῦν
2587 3140 2862 3211 μακαρίου
2924 3141 3020 3194 καὶ
3073 3139 3238 3208 ἁγίου
3288 3139 3475 3191 Ἰσαὰκ
3524 3136 3715 3190 τελευ-

434 3240 641 3283 annum
687 3240 855 3295 agens
891 3242 960 3282 cx
1012 3225 1267 3297 migravit
1319 3227 1387 3281 ad
1441 3226 2021 3299 Dominum;juhente

2130 3237 2417 3305 τήσαντος,
2472 3234 2531 3295 ὃς
2585 3231 2682 3285 τοῦ
2718 3232 2911 3301 χρόνον
2950 3232 3052 3302 τῆς
3103 3230 3254 3300 ζωῆς
3311 3227 3480 3283 αὐτοῦ
3529 3227 3610 3298 τῷ
3647 3233 3716 3299 ρι’

437 3317 555 3381 illo,
579 3317 787 3387 Ioseph
811 3318 934 3388 ejus
952 3317 1309 3388 episcopatus
1336 3317 1525 3374 sedem
1548 3319 1795 3388 suscepit
1825 3338 1843 3374 :
1863 3321 2022 3390 cujus

2121 3328 2232 3380 ἔτει
2264 3328 2499 3399 μετέστη
2559 3325 2696 3396 πρὸς
2746 3325 2988 3395 Κύριονο
3027 3323 3335 3393 διαδέχεται
3385 3321 3479 3376 τὸν
3522 3321 3717 3391 θρόνον

435 3425 586 3466 anno
631 3426 702 3464 xu
755 3410 1123 3479 compellente
1169 3411 1448 3466 Ezennert
1509 3410 1566 3465 in
1620 3412 1879 3468 Armenia
1953 3414 2020 3467 ad

2130 3422 2222 3487 τῆς
2256 3420 2567 3485 ἐπισκοπῆς
2601 3420 2667 3489 τῇ
2724 3416 2917 3471 τούτου
2975 3416 3272 3487 προστάξει
3317 3416 3344 3469 ό
3385 3413 3619 3484 Ἰωσήφ·
3650 3406 3716 3469 οὗ

438 3501 623 3572 ignem
655 3500 999 3555 adorandum
1029 3516 1177 3558 anno
1219 3518 1403 3557 xxxvu
1439 3503 1739 3559 Theodosii
1767 3503 2020 3569 Caesaris,

440 3591 720 3646 imminuti
747 3600 877 3648 sunt
895 3594 1142 3666 episcopi
1168 3595 1443 3650 Armenia:
1469 3614 1482 3649 :
1509 3596 1770 3666 auctique
1799 3596 2021 3664 ﬁducia,

439 3698 472 3734 ιι
498 3681 768 3739 catholica
807 3698 868 3739 se
903 3684 1149 3740 Ecclesia
1193 3686 1605 3751 abstraxerunt,
1635 3688 1863 3758 iubente
1891 3689 2020 3744 Per-

439 3788 628 3827 sarum
658 3790 805 3846 ηυδε.
829 3775 877 3831 Is
900 3791 1070 3846 porro
1096 3777 1307 3847 primus
1333 3779 1457 3849 ejus
1481 3780 1810 3835 temerarius
1829 3797 2018 3848 ausus,

439 3882 473 3921 ιι
518 3866 763 3924 Sormaci
823 3878 1096 3938 potestate
1149 3870 1352 3926 malum
1407 3871 1729 3927 inchoavit:
1781 3875 2023 3930 maxime

440 3971 572 4014 vero
600 3960 720 4030 ejus
748 3960 1029 4033 episcopis
1061 3961 1328 4018 hactenus
1374 3963 1782 4021 irremediabile
1815 3977 2020 4024 manet.

2122 3510 2200 3579 τῷ
2236 3508 2302 3580 ιβ’
2332 3509 2445 3563 ἐτει
2473 3509 2715 3584 ἐξῃτήθη
2738 3510 2772 3581 ἠ
2797 3507 3205 3581 πυρσολατρεία
3236 3506 3389 3577 παρὰ
3422 3504 3516 3559 τοῦ
3533 3506 3718 3575 Ἑζην-

2124 3605 2273 3674 νέρτ,
2306 3604 2386 3666 είς
2416 3602 2517 3672 τὴν
2558 3602 2854 3675 Ἀρμενίαν
2874 3602 2953 3671 τῷ
2984 3602 3063 3666 λζ’
3092 3600 3203 3653 ἔτει
3226 3599 3322 3653 τοῦ
3353 3597 3554 3669 μικροῦ
3581 3598 3716 3649 Θεο-

2129 3695 2310 3747 δοσίου
2366 3693 2461 3746 τοῦ
2524 3695 2828 3766 Καίσαρος,
2879 3694 3275 3764 ἠλαττώθησαν
3316 3693 3366 3745 οἱ
3422 3691 3718 3744 ἐπίσκοποι

2132 3787 2233 3854 τῆς
2273 3786 2566 3858 Ἀρμενίας
2590 3804 2606 3822 ·
2639 3787 3068 3861 ἐπαρῤησιάσοη
3106 3787 3161 3841 δέ
3193 3787 3288 3839 καὶ
3332 3784 3600 3856 διεσπάρη
3638 3784 3717 3855 (8)

2131 3881 2232 3949 τῆς
2262 3880 2560 3951 καθολικῆς
2618 3880 2968 3951 Ἐκκλησίας,
3019 3883 3088 3951 τῇ
3134 3877 3430 3948 προστάξει
3461 3876 3558 3931 τοῦ
3609 3876 3719 3929 τῶν

2135 3970 2361 4041 Περσῶν
2381 3969 2668 4039 βασιλέως.
2715 3971 2780 4024 'II
2805 3970 2862 4024 δὲ
2888 3971 3031 4043 ἀρχὴ
3077 3972 3175 4043 τῆς
3204 3971 3495 4034 αὐθαδείας
3525 3967 3717 4038 αὐτοῦ,

438 4053 550 4106 ἀπὸ
601 4056 703 4125 τῆς
733 4054 830 4109 τοῦ
858 4054 1085 4127 Σορμὰκ
1117 4056 1367 4121 ἔξουσίας
1397 4057 1561 4111 ελαὸε
1591 4057 1691 4127 τὴν
1724 4060 1900 4132 ἀρχὴν
1930 4062 2023 4115 τοῦ
2063 4063 2275 4118 κακοῦν
2315 4065 2553 4136 μάλιστα
2599 4065 2691 4118 καὶ
2719 4066 2831 4129 τοῖς
2903 4065 2979 4136 (9)
3013 4064 3336 4128 ἐπισκόποις
3399 4065 3510 4128 τοῖς
3551 4061 3715 4115 αὑτοῦ

441 4150 662 4215 ἀνίατος
691 4153 965 4221 διέμεινεν
993 4152 1098 4214 ἕως
1126 4154 1225 4223 τῆς
1261 4154 1526 4225 σήμερον.

516 4249 631 4305 VII.
664 4248 746 4304 Ab
776 4249 1016 4304 adventu
1053 4248 1267 4304 Domini
1307 4253 1480 4306 nostri
1517 4254 1645 4309 Jcsu
1686 4254 1912 4322 Christi,
1958 4254 2028 4311 ad

444 4355 624 4411 usque
653 4356 727 4394 vn
759 4356 967 4395 annum
998 4340 1368 4409 Constantini,
1393 4345 1552 4416 cujus
1586 4355 1835 4417 tempore
1880 4349 2029 4404 cele-

446 4434 603 4489 hrata
628 4431 849 4489 Nicaeua
880 4433 1145 4501 synodus,
1164 4435 1295 4489 anni
1319 4452 1483 4491 cccxv
1508 4454 1523 4503 ;
1550 4451 1716 4507 atque
1756 4454 1785 4493 a
1809 4439 2027 4496 Nicazna

444 4524 684 4597 synodo.
718 4525 785 4580 ad
821 4541 996 4596 usque
1038 4526 1309 4597 synodum
1334 4526 2026 4599 Constantinopolitanam,

412 4614 593 4672 'nuno
636 4618 833 4688 quinto
879 4618 1175 4674 Theodosii
1226 4619 1425 4690 Magni,
1471 4622 1601 4676 anni
1636 4626 2027 4692 exutumque

2204 4251 2278 4307 Z'.
2328 4251 2460 4305 Ἀπὸ
2497 4251 2598 4321 τῆς
2632 4250 2939 4319 παρουσίας
2969 4246 3063 4301 τοῦ
3104 4246 3310 4316 Κυρίου
3338 4243 3497 4314 ἡμῶν
3540 4240 3715 4312 Ἰησοῦ

2131 4344 2370 4418 Χριστοῦ
2420 4344 2526 4407 ἕως
2554 4343 2710 4407 ἐτους
2748 4341 2792 4405 ζ’
2831 4340 3248 4395 Κωνσταντίνου
3286 4336 3380 4390 τοῦ
3407 4337 3500 4389 ἐπὶ
3528 4335 3630 4405 τῆς
3659 4337 3718 4388 ἐν

2129 4438 2338 4507 Νικαίᾳ
2371 4435 2617 4499 συνόδου,
2668 4434 2763 4506 ἐτη
2792 4432 2910 4501 τιε’,
2947 4434 3042 4486 καὶ
3071 4433 3181 4487 ἀπο
3228 4431 3327 4501 τῆς
3365 4427 3587 4483 συνόδου
3617 4427 3720 4496 τῆς

2130 4534 2189 4585 ἐν
2214 4530 2420 4600 Νικαίᾳ
2464 4527 2572 4589 ἕως
2603 4530 2702 4597 τῆς
2731 4529 2791 4580 ἐν
2834 4522 3409 4580 Κωνσταντινουπόλει
3469 4521 3715 4584 συνόδου,

2133 4621 2213 4692 τῷ
2242 4619 2283 4674 ε’
2320 4621 2430 4674 ἔτει
2462 4619 2557 4674 τοῦ
2591 4618 2849 4688 Μεγάλου
2875 4617 3182 4683 Θεοδοσίου,
3235 4613 3612 4684 ἐϐδομήκοντα
3644 4619 3716 4682 γ’.

445 4711 516 4764 ab
543 4711 646 4766 hac
676 4711 884 4782 synodo
927 4710 993 4765 ad
1026 4726 1198 4780 usque
1223 4712 1493 4783 synodum
1525 4713 1881 4783 Ephesinam,
1906 4730 2021 4784 qum

2135 4715 2245 4770 Καὶ
2297 4713 2407 4768 ἀπὸ
2447 4712 2653 4784 ταύτης
2707 4712 2805 4782 τῆς
2840 4711 3082 4774 συνόδου,
3134 4710 3238 4771 ἕως
3265 4708 3367 4779 τῆς
3411 4709 3470 4760 ἐν
3509 4706 3721 4777 Ἐφέσῳ

444 4803 552 4857 fuit
580 4803 857 4858 celebrata
909 4802 963 4857 in
1022 4803 1221 4858 diebus
1269 4803 1564 4860 TheodOsii
1597 4806 1847 4870 minoris,
1876 4806 2032 4862 deci-

446 4910 539 4949 mo
569 4895 766 4965 quinto
801 4896 1023 4967 imperii
1068 4912 1236 4960 anno,
1263 4897 1631 4968 quadraginta
1678 4898 2034 4955 intercedunt

446 4988 599 5042 anni.
628 4986 713 5041 Ab
751 5003 818 5043 ea
852 4997 1036 5044 autem
1085 4989 1296 5060 synodo
1353 4980 1423 5043 ad
1469 5005 1645 5060 usque
1694 4991 2030 5061 Ephesinam

446 5079 718 5145 Dioscori,
745 5081 800 5135 in
827 5081 1026 5137 diebus
1055 5082 1304 5152 ejusdem
1335 5083 1708 5151 imperatoris,
1733 5084 1863 5138 anni
1898 5100 2028 5140 sxu.

447 5171 533 5223 Ab
564 5170 657 5224 illa
686 5180 869 5227 autem
904 5188 1080 5243 usque
1114 5173 1182 5227 ad
1211 5182 1457 5229 sanetam
1488 5175 1760 5246 synodum
1792 5175 2029 5233 Chalce-

448 5266 779 5328 donensem,
807 5278 932 5333 quae
958 5265 1064 5318 fuit
1092 5265 1371 5320 celebrata
1405 5281 1553 5320 anno
1579 5268 1826 5322 secundo
1850 5269 2025 5336 impe—

451 5360 519 5413 iii
552 5355 812 5412 Marciani
842 5357 1098 5427 Augusti,
1125 5358 1254 5411 anni
1284 5374 1337 5411 ν.
1359 5360 1441 5413 Ab
1470 5374 1535 5414 ea
1561 5360 1798 5429 denique
1820 5361 2032 5431 synodo

450 5451 518 5505 ud
575 5449 871 5520 imperium
923 5449 1199 5505 Anastasii
1247 5450 1499 5517 Caesaris,
1546 5452 1675 5506 anni
1729 5468 1795 5507 ιιι.
1844 5468 1911 5508 ac
1966 5454 2034 5510 iis

451 5563 465 5615 ι
491 5546 659 5601 lures.

526 5637 661 5692 VIII.
698 5636 754 5691 Id
812 5635 1080 5709 temporis
1135 5636 1375 5692 turbatio
1418 5652 1614 5708 magna
1670 5638 1934 5693 Dioscoro
1983 5648 2038 5694 ct

524 5783 597 5846 (7)
632 5779 759 5849 [οὓς.
787 5779 992 5849 μήνιδι.

525 5854 600 5922 (3)
637 5850 797 5909 Forte
824 5850 933 5926 leg.
960 5850 1486 5928 ἐπαρρησιάσθησαν
1511 5850 1603 5907 καὶ
1630 5851 2028 5927 διεσπάρησαν.

2128 4805 2294 4875 ἁγίας
2328 4806 2573 4870 συνόδου,
2606 4805 2705 4872 τῆς
2739 4804 3044 4875 γενομένης
3075 4804 3135 4856 ἐν
3160 4805 3283 4865 ταῖς
3316 4800 3554 4872 ἡμέραις
3588 4799 3720 4852 Θεο-

2128 4898 2310 4953 δοσίου
2340 4898 2436 4952 τοῦ
2466 4897 2689 4969 μικροῦ,
2717 4899 2778 4950 ἐν
2803 4896 2881 4967 τῷ
2914 4902 2975 4950 ιε’
3006 4895 3138 4959 Etet,
3171 4893 3587 4964 τεσσαράκοντα
3618 4891 3718 4962 ἐτη

2129 4989 2291 5045 εἰσίν.
2332 4991 2454 5045 Ἀπ’
2481 4990 2701 5062 ἐκείνης
2730 4989 2789 5042 δὲ
2821 4990 2921 5061 τῆς
2952 4989 3173 5043 συνόδου
3225 4987 3331 5051 ἕως
3365 4987 3467 5057 τῆς
3498 4984 3720 5040 συνόδου

2128 5082 2230 5151 τῆς
2271 5084 2330 5136 ἐν
2373 5082 2584 5152 Ἐφέσῳ
2612 5079 2709 5135 τοῦ
2746 5081 3063 5151 Διοσκόρου,
3098 5080 3158 5132 ἐν
3199 5081 3321 5142 ταῖς
3347 5078 3585 5149 ἡμέραις
3617 5073 3718 5130 τοῦ

2130 5158 2303 5230 αὑτοῦ
2347 5175 2636 5247 βασιλέως,
2669 5175 2766 5245 ἐτη
2794 5174 2878 5244 κβ¹
2900 5190 2915 5206 ο
2968 5174 3079 5227 ἀπὸ
3130 5173 3186 5226 δὲ
3218 5170 3435 5242 ἐκείνης
3467 5170 3575 5234 ἓως
3616 5167 3721 5239 τῆς

2134 5270 2299 5340 ἁγίας
2346 5269 2565 5324 συνόδου
2605 5269 2705 5339 τῆς
2752 5270 2810 5321 ἐν
2846 5263 3177 5332 Χαλκηδόνι,
3216 5265 3339 5334 ἥτις
3395 5264 3616 5347 ἐγένετο
3660 5261 3721 5314 ἐν

2128 5363 2367 5434 δευτέρῳ
2394 5362 2503 5416 ἔτει
2531 5362 2632 5431 τῆς
2664 5360 2942 5432 βασιλείας
2964 5358 3286 5427 Μαρκιανοῦ
3311 5355 3405 5411 τοῦ
3429 5354 3720 5425 βασιλέως,

2131 5455 2228 5526 ἔτη
2257 5455 2320 5510 ε’.
2381 5455 2513 5508 ’Λπδ
2547 5455 2603 5508 δὲ
2638 5454 2858 5507 συνόδου
2905 5450 3111 5521 ταύτης
3149 5450 3254 5513 ἕως
3286 5449 3386 5520 τῆς
3436 5446 3725 5519 βασιλείας

2146 5546 2500 5598 ’Λναστασίου
2531 5546 2829 5613 Καίσαρος,
2867 5547 2918 5611 μ’
2942 5541 3037 5609 ἔτη
3065 5538 3161 5593 καὶ
3186 5538 3470 5593 ἐπέκεινα.

2212 5639 2295 5694 H’.
2326 5638 2462 5693 Τότε
2496 5637 2664 5711 πολλὴ
2699 5634 2915 5708 ταραχὴ
2951 5633 3172 5703 ἐγένετο
3205 5631 3283 5705 τῷ
3306 5630 3584 5703 Διοσκόρῳ
3623 5624 3724 5683 καὶ

2213 5784 2289 5857 (9)
2323 5783 2450 5854 L"g.
2484 5783 2540 5837 δὲ
2567 5784 2699 5846 τοῖς.
