4036 6430
330 454 435 520 889
486 511 505 547 ι

1380 452 1616 513 LIBER
1661 451 1758 513 DE
1802 451 2050 514 REBUS
2090 453 2488 516 ΑΠΜΕΝΙᾸΞ.

3490 438 3603 516 890

328 564 407 636 τῷ
430 562 663 631 Εὐτυχεῖ
692 561 808 626 τοῖς
861 562 1269 633 Μονοφυσίταις
1290 582 1304 596 ·
1337 565 1614 620 ἐθλίϐοντο
1647 566 1703 620 δὲ
1738 567 1906 638 Σεϐη-

2017 570 2303 638 Entycheti
2334 570 2500 624 unius
2551 577 2760 622 natura:
2791 562 3182 627 assertoribus,
3212 562 3447 619 conllata
3491 569 3595 617 est-

336 656 511 728 ριανὸς
533 656 562 708 ὀ
592 657 651 706 ὲν
688 655 991 726 Ἀντιοχείᾳ
1032 657 1128 711 καὶ
1171 656 1575 731 Ἀλεξανδρείᾳ,
1600 660 1694 713 καὶ
1720 661 1753 731 ή
1779 660 1913 728 ἁγία

332 750 508 816 πόλις,
562 747 700 802 διότι
755 747 835 819 τῷ
892 749 1043 820 αὖτῷ
1095 751 1258 805 πάθει
1290 752 1435 815 τινὲς
1473 756 1530 806 ἐν
1558 753 1634 821 τῷ
1662 753 1912 823 παλατίῳ

328 842 706 913 κατεχόμενοι,
745 841 1027 908 ἐξέκλιναν
1058 826 1149 896 τὸν
1178 841 1403 913 βασιλέα
1425 884 1440 908 ,
1472 845 1572 917 τὴν
1601 845 1657 898 δὲ
1691 846 1794 915 γῆν
1818 863 1911 899 ται

330 936 503 1005 ραχῆς
547 934 892 1003 ἐνέπλησανο
946 934 1047 1006 τὴν
1082 936 1550 1006 Μεσοποταμίαν,
1598 940 1693 992 καὶ
1745 938 1912 1001 ἄλλας

327 1022 544 1095 χώρας·
574 1024 656 1076 ὅτι
688 1022 1043 1086 ἐξεϐιάζοντο
1065 1025 1284 1089 πάντως
1326 1026 1758 1098 ἀναθεματίζειν
1805 1029 1908 1101 τὴν

324 1117 491 1182 ἁγίαν
530 1116 623 1168 καὶ
663 1117 1054 1185 οἰκουμενικὴν
1100 1116 1319 1170 σύνοδον
1348 1118 1446 1190 τὴν
1475 1120 1533 1172 ὲν
1574 1120 1906 1192 Χαλκηδόνι,

325 1210 419 1262 καὶ
445 1207 729 1279 ὁμολογεῖν
755 1207 883 1276 μίαν
915 1207 1078 1275 φύσιν
1108 1208 1370 1278 Χριστοῦ,
1409 1211 1507 1281 τῆς
1531 1211 1785 1281 θεότητος
1816 1213 1911 1265 καὶ

326 1301 753 1372 ἁνθρωπότητος
780 1299 924 1352 κατὰ
946 1300 1216 1369 Εὑτυχέα’
1247 1302 1342 1355 καῖ
1366 1304 1431 1372 τῇ
1464 1302 1716 1373 ἀθανάτῳ
1749 1302 1910 1371 φύσει

324 1395 492 1447 αὐτον
542 1393 902 1446 πεπονθέναι·
934 1390 1077 1445 οὕτω
1115 1393 1205 1445 καὶ
1229 1393 1327 1457 εἰς,
1348 1392 1566 1463 hirtae
1592 1395 1619 1445 6
1639 1394 1803 1458 Θεὸς,
1831 1394 1910 1457 είς

324 1489 418 1538 τον
448 1483 620 1554 ὕμνον
654 1483 761 1552 τῆς
811 1482 975 1551 ἁγίας
1021 1482 1275 1552 Τριάδος,
1314 1483 1396 1547 τὸ,
1455 1486 1488 1538 ό
1537 1484 1910 1550 σταυρωθείς

324 1578 691 1650 προσφωνεῖν,
724 1576 862 1646 ὅπερ
895 1575 1002 1646 πρὸ
1035 1574 1283 1645 βραχέως
1310 1575 1419 1627 τῶν
1442 1575 1651 1646 χρόνων
1684 1575 1911 1629 ἐκείνων

322 1671 531 1740 Πέτρος
560 1670 589 1722 ὀ
626 1666 933 1737 Ἀντιοχεὺς
966 1669 994 1719 6
1026 1666 1281 1736 Κναφεὺς
1310 1666 1567 1737 προσθεὶς
1589 1708 1603 1731 ,
1640 1667 1908 1738 ἀνεθεμα-

317 1764 482 1831 τίσθη
512 1759 664 1831 παρὰ
695 1760 806 1813 τῶν
832 1758 1003 1828 ἁγίων
1023 1759 1285 1830 Πατέρων
1307 1760 1415 1811 τῶν
1440 1760 1559 1814 τότε
1588 1759 1860 1830 τυχόντων
1888 1775 1902 1789 ”

318 1853 525 1908 ὅσοιδέ
565 1854 623 1907 ἐν
661 1852 798 1924 ὀρθῇ
843 1852 1025 1905 πίστει
1070 1852 1386 1922 ἀνέμειναν,
1440 1853 1515 1923 μὴ
1572 1851 1904 1916 ἀκούσαντες

316 1947 430 1999 τῶν
460 1946 727 2016 βασιλέως
781 1944 1248 2016 προσταγμάτων,
1297 1944 1506 2008 πάντας
1551 1944 1903 2015 ἐξορισθῆναι
1934 1927 1980 1984 Β

317 2036 700 2090 κατεδίκασεν.
770 2036 861 2090 Ἐν
905 2037 1101 2100 αὑταῖς
1133 2038 1258 2102 ταῖς
1298 2037 1535 2109 ἡμέραις
1578 2037 1844 2108 Τιμόθεος
1875 2040 1905 2092 6

317 2134 640 2199 ἐπίσκοπος,
666 2132 895 2197 πολλοὺς
923 2133 1121 2203 λόγους
1143 2132 1542 2204 ἐνομοθέτησεν
1567 2135 1661 2201 ἀφ’
1683 2132 1902 2198 ἑαυτοῦ,

317 2226 463 2280 κατὰ
485 2225 594 2278 τῶν
622 2226 891 2294 λεγόντων
923 2225 1017 2279 δύο
1050 2223 1241 2295 φύσεις
1271 2225 1400 2295 περὶ
1429 2224 1522 2278 τὸν
1547 2224 1645 2278 ἕνα
1668 2225 1905 2295 Χριστὸν

316 2316 751 2387 ὁμολογούντων,
787 2319 880 2371 καὶ
915 2318 1254 2387 ὀνειδισμοὺς
1284 2316 1428 2370 κατὰ
1457 2317 1555 2387 τῆς
1584 2317 1643 2369 ἐν
1679 2316 1901 2387 Χαλκη-

314 2406 431 2463 δόνι
458 2407 699 2460 συνόδου.

389 2494 470 2551 6'.
504 2496 659 2550 Μετὰ
692 2494 868 2548 ταῦτα
905 2495 1198 2561 Ἰουλιανὸς
1226 2496 1254 2549 ὀ
1284 2496 1587 2561 ἐπίσκοπος
1615 2497 1714 2568 τῆς
1757 2498 1903 2551 Ἐλι-

315 2586 622 2658 καρνασοῦ,
648 2588 743 2641 καὶ
788 2589 1044 2652 Ἰάκωϐος
1081 2589 1369 2654 Πιτνανοῦ,
1411 2590 1776 2661 διαιρεθέντες
1805 2589 1903 2643 ἀπ’

317 2678 596 2752 ἀλλήλων,
642 2681 701 2734 ὲν
733 2681 971 2750 ἡμέραις
1015 2681 1307 2735 Ἲουστίνου
1336 2683 1431 2737 τοῦ
1480 2683 1768 2754 βασιλέως,
1810 2684 1903 2736 καὶ

314 2770 418 2826 τοῦ
449 2772 676 2844 Περσῶν
714 2772 966 2827 Καϐατᾶ.
999 2768 1166 2837 Οὗτος
1197 2776 1225 2827 6
1277 2775 1564 2838 Ἰουλιανὸς
1619 2773 1763 2842 εἶπε,
1809 2774 1904 2828 τὸν

315 2864 555 2933 Σωτῆρα
583 2864 862 2935 ἄφθαρτον
885 2865 978 2919 ἀπ’
1008 2865 1241 2936 οὐρανοῦ
1265 2867 1546 2935 εἰληφέναι
1580 2866 1760 2936 σῶμα,
1780 2865 1903 2920 ὅθεν

319 2955 637 3027 ἐκλήθησαν
677 2957 1048 3012 Ἰουλιανϊται·
1082 2958 1178 3011 καὶ
1219 2959 1283 3011 ἐκ
1313 2956 1408 3011 τοῦ
1461 2956 1747 3022 Ἰακώϐου,
1793 2959 1902 3011 Ἰα-

318 3048 556 3102 κωϐἰται
583 3063 599 3077 ⁶
629 3049 722 3102 καὶ
745 3049 808 3101 ἐκ
831 3048 925 3103 τοῦ
949 3050 1216 3119 Σεϐήρου,
1245 3050 1588 3120 Σεϐηριανοί.
1618 3051 1726 3103 Καὶ
1750 3051 1902 3102 ἐπει-

315 3141 383 3210 δὴ
411 3141 512 3194 οὐκ
542 3136 684 3213 ἦσαν
706 3141 877 3214 τριῶν
912 3143 1234 3196 ἐπισκόπων
1255 3143 1307 3196 oi
1341 3142 1702 3207 ’ἰουλιανῖται,
1735 3144 1793 3194 ἐν
1827 3141 1904 3213 τῷ

2018 664 2188 718 Porro
2216 662 2601 733 aﬂligebantur
2631 657 2917 714 Severiani
2954 655 3361 711 Antiochenses
3385 669 3450 708 ac
3475 652 3601 707 Ale-

2016 755 2291 819 xandrini,
2322 765 2622 823 sanctaque
2654 751 2869 814 civitas,
2896 763 2963 802 eo
2990 747 3138 817 quod
3177 744 3343 800 aulici
3373 743 3602 813 quidam

2014 847 2208 902 eodem
2239 846 2554 901 labomntcs
2590 843 2804 903 morbo,
2841 841 2896 895 in
2926 838 3259 895 sententiam
3296 851 3455 892 suam
3491 836 3598 889 im-

2015 949 2328 1011 peratorem
2361 938 2723 1008 pellexerant.
2753 936 2926 990 Porro
2956 932 3325 1002 impleverunt
3357 928 3597 993 tumultu

2019 1041 2220 1086 terram
2254 1029 2571 1083 universam
2602 1042 2615 1089 ;
2648 1039 2847 1094 nempe
2874 1021 3351 1091 Mesopotamiam,
3381 1033 3443 1072 ac
3472 1033 3601 1087 pro.

2013 1121 2227 1176 vincias
2281 1119 2439 1183 alias,
2469 1117 2615 1188 quod
2667 1117 2897 1171 omnino
2945 1121 3205 1183 cogerent
3250 1110 3600 1165 anathemate

2014 1214 2278 1270 damnare
2309 1221 2554 1267 sanctam
2586 1225 2650 1265 ac
2693 1208 3093 1264 menmenicam
3126 1203 3396 1276 synodum
3434 1200 3601 1255 (thal-

2013 1310 2402 1373 cedonensem,
2449 1318 2722 1375 unamque
2753 1301 3006 1358 conﬁteri
3065 1298 3273 1355 Christi
3321 1302 3598 1357 naturam,

2013 1400 2238 1456 dcitatis
2288 1415 2352 1454 ac
2404 1397 2785 1461 humanitatis,
2825 1397 2980 1466 juxta
3029 1391 3354 1462 Eutychetis
3393 1388 3603 1444 doctri-

2012 1510 2188 1559 nam;
2243 1508 2308 1549 ae
2355 1507 2574 1563 passum
2632 1505 2754 1546 esse
2818 1487 3117 1543 immortali
3169 1490 3601 1550 naturazatque

2012 1591 2172 1656 adeo,
2214 1588 2270 1643 in
2328 1595 2530 1642 sanetae
2582 1583 2873 1639 Trinitatis
2933 1581 3151 1636 cantico
3207 1578 3323 1639 illo,
3372 1574 3599 1630 Sanctus

2011 1681 2176 1747 Deus,
2201 1680 2528 1745 acclamare,
2555 1679 2645 1749 qui
2670 1676 2949 1745 cruciﬁxus
2987 1690 3073 1729 es:
3105 1673 3251 1743 quod
3276 1671 3443 1740 paulo
3470 1675 3600 1722 ante

2011 1791 2076 1832 ea
2133 1782 2380 1844 tempora
2431 1772 2641 1827 addens
2692 1770 2896 1825 Petrus
2955 1765 3335 1822 Antiochenus
3386 1775 3599 1830 cogno-

2014 1874 2204 1923 mento
2234 1862 2471 1933 Fullo,a
2505 1862 2712 1919 sanctis
2760 1860 3020 1916 Patribus
3066 1859 3187 1930 ejus
3241 1855 3418 1910 :etatis
3469 1864 3600 1922 pro-

2012 1962 2253 2032 scriptus
2298 1966 2402 2014 est.
2431 1956 2715 2027 Quotquot
2762 1961 2946 2009 autem
2999 1945 3601 2022 perseveravemnt‘in

2014 2061 2166 2108 recta
2228 2048 2361 2115 ﬁde,
2387 2048 2591 2119 spretis
2643 2044 3029 2117 imperialibus
3082 2040 3378 2106 mandatis,
3404 2037 3603 2092 exsiiio

2015 2148 2294 2219 deportari
2339 2144 2542 2200 sanxit.
2586 2144 2692 2198 Per
2743 2140 2798 2196 id
2847 2150 3084 2210 tempus,
3108 2136 3436 2191 Timotheus
3479 2131 3601 2200 epi~

2015 2255 2217 2310 scopus
2259 2247 2525 2294 tractatus
2555 2236 2757 2290 multos
2789 2249 2820 2289 a
2854 2233 3039 2304 seipso
3080 2229 3356 2285 adversus
3377 2241 3471 2281 eos
3501 2223 3600 2294 qui

2015 2334 2153 2389 duas
2181 2333 2237 2386 in
2269 2347 2378 2385 uno
2403 2328 2621 2384 Christo
2648 2336 2874 2382 naturas
2901 2322 3329 2385 conﬁterentur,
3350 2333 3415 2373 ac
3460 2331 3598 2372 con-

2012 2424 2151 2478 vicia
2176 2424 2442 2477 adversus
2466 2419 2735 2491 synodum
2759 2414 3265 2473 Chalcedonensem
3292 2409 3489 2466 edixit.

2084 2516 2176 2571 IX.
2212 2517 2344 2571 Post
2372 2514 2491 2568 hzec
2516 2512 2769 2567 Julianus
2812 2509 3110 2579 episcopus
3139 2501 3498 2565 Elicarnassi,
3528 2513 3594 2554 ac

2011 2610 2252 2666 Jacohus
2278 2605 2650 2667 Pitnanensis‘,
2685 2602 2754 2657 ab
2802 2600 3037 2655 invicem
3066 2595 3229 2652 divisi
3274 2603 3424 2653 sunt.
3457 2602 3599 2646 tem-

2013 2720 2144 2775 pore
2160 2699 2361 2759 Justini
2382 2695 2756 2766 imperatoris,
2778 2708 2843 2748 ac
2865 2691 3085 2745 Cabatae
3109 2688 3255 2758 regis
3277 2687 3599 2740 Persarum.

2011 2795 2261 2852 Julianus
2287 2791 2404 2857 hic,
2433 2789 2769 2844 Salvatorem
2804 2781 3118 2838 immortale
3165 2795 3197 2835 e
3224 2779 3368 2834 casio
3398 2790 3599 2846 corpus

2012 2883 2377 2953 assumpsisse
2422 2879 2662 2942 dicebat,
2690 2893 2720 2931 a
2750 2891 2861 2946 quo
2896 2873 3075 2931 vocati
3138 2882 3269 2927 sunt
3295 2868 3598 2925 Julianitze.

2012 2978 2091 3032 uti
2123 2992 2153 3031 a
2183 2974 2391 3030 Jacobo
2419 2970 2707 3035 Jacobitze,
2734 2984 2798 3023 ac
2847 2963 3132 3021 Severiani
3162 2979 3190 3017 a
3233 2962 3458 3017 Severo.
3485 2956 3601 3010 Ca2-

2014 3080 2192 3125 termn
2241 3066 2388 3138 quod
2443 3065 2716 3121 Julianitze
2769 3075 2881 3114 non
2933 3058 3122 3128 plures
3176 3063 3360 3109 essent
3419 3050 3601 3104 tribus

2013 3160 2312 3231 epise0pis,
2336 3164 2555 3210 mortuo
2581 3154 2799 3212 Juliano
2823 3151 3208 3221 cogitaverunt
3233 3146 3345 3200 duo
3371 3142 3598 3211 reliqui,

317 3232 691 3303 ἀποθνήσκειν
715 3233 809 3287 τὸν
842 3233 1150 3296 Ἱουλιανδν,
1186 3234 1558 3304 διελογίσαντο
1584 3235 1633 3287 oi
1665 3234 1759 3288 δύο
1790 3234 1906 3287 ’ἐτε-

2015 3271 2124 3310 non
2173 3267 2334 3325 posse
2363 3252 2516 3322 juxta
2559 3248 2807 3319 regulam
2853 3256 3168 3300 sanctorum
3213 3239 3457 3297 Patrum,
3493 3236 3597 3290 nisi

317 3343 407 3398 ροι
435 3325 622 3391 αὐτοῦ,
646 3327 729 3381 ὅτι
762 3329 905 3381 κατὰ
934 3328 1029 3381 τὸν
1055 3328 1259 3383 κανόνα
1286 3327 1394 3381 τῶν
1424 3327 1597 3396 ἁγίων
1624 3328 1906 3400 Πατέρων,

314 3420 586 3474 ἀδύνατόν
620 3422 771 3474 ἐστιν
817 3421 948 3477 ἄνευ
991 3420 1159 3493 τριῶν
1206 3422 1525 3476 ἐπισκόπων
1572 3423 1910 3492 χειροτονεῖν

315 3513 642 3579 ἐπίσκοπον,
700 3514 835 3585 πρὶν
876 3514 1165 3584 ἢτεθῆναι
1205 3513 1371 3568 αὐτὸν
1414 3515 1473 3565 ἐν
1496 3513 1678 3584 τάφῳ,
1710 3510 1910 3581 ἐπέθη-

312 3625 379 3660 κε
410 3607 522 3678 (l0)
550 3606 647 3677 τὴν
669 3608 827 3677 χεῖρα
865 3605 1052 3672 αὐτοῦ,
1088 3606 1181 3658 καὶ⁹
1207 3604 1308 3669 τὰς
1352 3607 1541 3677 χεῖρας
1582 3603 1762 3658 αὐτῶν
1790 3621 1910 3674 χει-

313 3699 712 3769 ροτονήσαντες
757 3696 1081 3758 ἐπίσκοπον,
1142 3695 1269 3749 ἑθεν
1319 3698 1908 3764 νεκροχειροτόνητοι

311 3789 755 3859 ὠνομάσθησανο
794 3788 889 3841 xui.
933 3789 1094 3857 μέχρι
1125 3785 1220 3840 τοῦ
1272 3785 1370 3841 νῦν
1418 3787 1477 3840 ἐν
1520 3789 1653 3858 τιμῇ
1691 3785 1907 3858 ἔχουσιν

312 3882 536 3944 ἑαυτοῖς
566 3882 666 3954 τὴν
693 3880 875 3948 δεξιὰν
923 3880 1292 3936 Ἰουλιανῖται.

388 3975 446 4028 1⁸.
480 3973 650 4028 Πάλιν
709 3970 1105 4043 ἠλαττώθησαν
1165 3973 1216 4026 oi
1247 3972 1349 4042 τῆς
1398 3972 1664 4044 αἱρέσεως
1703 3972 1907 4044 ταύτης

312 4065 647 4123 ἐπίσκοποι·
670 4068 769 4121 καὶ⁵
807 4066 1000 4134 ἐπειδὴ
1028 4064 1184 4120 οὔπω
1222 4067 1490 4136 ἠδύναντο
1521 4067 1907 4138 χειροτονηθῆ-

310 4180 405 4216 ναι
437 4160 526 4217 διὰ
552 4158 651 4231 τὴν
684 4158 900 4228 αἵρεσιν
941 4157 1144 4224 αὐτῶν,
1178 4155 1617 4226 διαλογισάμενοι
1646 4159 1907 4228 προσετέ-

311 4258 490 4325 θησαν
519 4254 620 4323 τὴν
669 4252 783 4306 τῶν
828 4252 1134 4322 Ἀρμενίων
1179 4251 1520 4306 ἐπισκόπων.
1574 4250 1675 4304 Διὰ
1744 4250 1907 4306 τοῦτο

310 4344 637 4417 προσφιλεῖς
669 4343 921 4413 ἐγένοντο
948 4340 1059 4395 τῶν
1108 4342 1167 4394 ἐν
1214 4339 1384 4412 Σαπῷ
1443 4341 1761 4395 ἐπισκόπων
1790 4343 1903 4411 (Η)

309 4437 533 4507 Ταρῶν,
566 4436 716 4498 ὅστις
741 4434 821 4505 τῷ
856 4431 920 4488 ιθ¹
942 4433 1054 4487 ἔτει
1085 4431 1179 4488 τοῦ
1230 4432 1460 4487 Καϐατᾶ
1501 4432 1775 4504 ἐκράτησε
1806 4435 1906 4503 τῆς

309 4528 640 4597 ἐπισκοπῆς,
704 4526 797 4578 καὶ
848 4523 1150 4597 διετέλεσεν
1206 4523 1302 4592 ἔτη
1358 4523 1551 4589 πολλὰ,
1612 4523 1752 4595 μετὰ
1808 4523 1903 4577 τοῦ

2017 3348 2195 3404 tribus
2255 3344 2554 3415 episcopis,
2626 3339 2872 3396 ordinari
2947 3337 3292 3406 episcopum,
3350 3331 3601 3398 adeoque

2012 3440 2331 3508 priusquam
2382 3436 2637 3505 sepulcro
2669 3433 3036 3502 deponerent,
3079 3443 3275 3482 manus
3332 3426 3412 3480 illi
3472 3439 3601 3478 eum

2011 3532 2305 3585 demortuo
2331 3527 2719 3595 imposuerunt
2741 3522 3066 3578 ordinantes
3090 3519 3432 3589 episcopum,
3455 3513 3602 3569 unde

2013 3619 2526 3683 Necrochirotoneli,
2550 3616 2603 3671 id
2632 3627 2714 3670 est
2745 3612 3005 3669 demortui
3033 3629 3196 3667 manu
3223 3609 3474 3673 ordinati,
3505 3623 3601 3677 ap-

2010 3716 2198 3788 pellati
2245 3724 2409 3769 sunt:
2437 3712 2821 3778 haetennsque
2854 3705 3135 3763 Julianitae
3159 3717 3281 3760 eam
3321 3700 3428 3756 sibi
3466 3699 3588 3753 det-

2012 3794 2185 3865 teram
2220 3803 2422 3862 honori
2449 3804 2682 3858 ducunt.

2080 3989 2150 4043 Χ.
2189 3988 2391 4042 lterum
2426 3996 2557 4037 vero
2612 3978 2940 4034 imminutus
2974 3983 3059 4029 est
3112 3986 3380 4028 numerus
3434 3969 3599 4037 hujus

2008 4080 2237 4138 haeresis
2260 4077 2641 4149 episcoporum
2673 4070 2963 4141 :quodque
2976 4082 3085 4121 non
3107 4071 3332 4136 possent
3355 4061 3599 4117 ordinari

2007 4181 2232 4244 propter
2262 4184 2418 4225 suam
2468 4165 2743 4227 haeresim,
2780 4160 3129 4217 admiserunt
3180 4154 3598 4213 ordinationem

2007 4265 2390 4334 episcOporum
2451 4257 2746 4314 Armeniae.
2796 4252 3170 4321 Quamobrem
3237 4248 3398 4303 amici
3471 4244 3599 4302 facti

2008 4362 2160 4419 sunt,
2198 4353 2444 4422 Nersapo
2478 4348 2716 4404 Taronis
2744 4349 3029 4416 episcopo,
3065 4342 3159 4413 qui
3187 4339 3599 4396 undevicesimo
3646 4400 3647 4403 η

2007 4461 2153 4501 anno
2182 4443 2407 4500 Cabatae
2433 4442 2813 4512 episcopatum
2849 4435 3039 4507 gessit,
3074 4444 3359 4502 annosque
3412 4428 3599 4500 plures

2005 4538 2333 4605 episcopum
2376 4532 2511 4603 egit,
2548 4546 2657 4585 una
2685 4543 2813 4584 cum
2848 4526 3004 4583 socio
3033 4525 3156 4594 ejus
3203 4524 3410 4594 Aptyso
3463 4519 3599 4585 Syro

308 4620 532 4692 ἑταίρου
568 4617 733 4671 αὐτοῦ
778 4616 1032 4671 Ἀπτυσῶ
1073 4613 1169 4668 τοῦ
1196 4615 1393 4686 Σύρου,
1419 4617 1527 4670 ἀπὸ
1559 4613 1655 4668 τοῦ
1681 4616 1906 4688 Σαρεπᾶ

2012 4644 2076 4682 ex
2107 4625 2334 4696 Sarepa.
2361 4621 2700 4678 monasterio
2729 4619 3038 4676 vicinorum
3081 4616 3365 4671 Sasorum.
3410 4610 3597 4665 dicen-

309 4716 412 4784 τῆς
445 4715 611 4783 μονῆς
644 4710 752 4764 τῶν
777 4710 1027 4780 πλησίων
1066 4709 1278 4772 Σασῶν,
1310 4710 1588 4779 λέγοντες,
1625 4709 1708 4763 ὃτι
1764 4709 1904 4763 πάν-

312 4823 402 4869 τες
431 4803 822 4875 ἐπλανήθησαν
865 4802 1043 4855 ὀπίσω
1096 4801 1192 4856 τοῦ
1250 4802 1575 4875 Νεστορίου,
1637 4803 1734 4855 καὶ
1794 4801 1905 4855 τῶν

310 4897 516 4967 ὁμοίων
547 4896 698 4966 αὐτῷ
721 4899 782 4950 ἐν
823 4894 1151 4965 Χαλκηδόνι,
1206 4892 1300 4950 καὶ
1339 4895 1476 4949 διότι
1541 4895 1643 4949 οὐκ
1704 4896 1904 4966 ἔχομεν

309 4988 479 5042 πόθεν
500 4986 951 5057 χειροτονεῖσθαι,
985 4987 1474 5055 προσωρμήσαμεν
1534 4989 1602 5057 τῇ
1657 4985 1905 5058 ὑμετέρᾳ

308 5078 526 5132 εὐσεϐεῖ
551 5078 879 5150 χειροτονίᾳ,
900 5076 1127 5148 ποιῆσαι
1158 5078 1291 5146 ἡμῖν
1320 5078 1678 5142 ἐπισκόπους.
1702 5078 1903 5142 Καθὼς

309 5169 517 5225 ἄνωθεν
568 5171 836 5238 εἴπομεν,
894 5163 1058 5238 εὖρον
1107 5168 1310 5233 αὐτοὺς
1360 5169 1739 5235 ἀποϐαλόντας
1798 5169 1901 5242 τὴν

313 5261 617 5341 παράδοσις]
642 5260 733 5314 τοῦ
764 5261 925 5328 ἁγίου
956 5261 1283 5332 Γρηγορίου,
1320 5263 1415 5314 καὶ
1446 5263 1511 5315 ἐκ
1555 5261 1652 5317 τοῦ
1705 5262 1898 5334 θρόνου

314 5352 654 5424 Καισαρείας
683 5351 1062 5418 ἀπωσθέντας,
1097 5350 1362 5417 λαϐόντας
1415 5354 1750 5425 πρόσταγμα
1789 5372 1898 5409 πα-

316 5447 385 5514 ρὰ
426 5445 520 5498 τοῦ
556 5443 826 5515 βασιλέως
869 5446 1114 5516 Περσῶν,
1153 5448 1328 5500 ποιεῖν
1378 5446 1606 5509 ἑαυτοὺς
1654 5446 1900 5510 ἐκείνους

309 5534 409 5605 τὴν
434 5536 794 5607 χειροτονίαν.
827 5535 1053 5604 Ἔλεγον
1073 5536 1152 5600 δὲ,
1178 5537 1259 5590 ὅτι
1295 5537 1430 5590 Ἀπὸ
1446 5535 1542 5589 τοῦ
1572 5537 1732 5604 ἁγίου
1752 5537 1897 5606 Γρη-

311 5627 495 5696 γορίου
564 5626 835 5698 ἐλάϐομεν
888 5626 984 5681 τοῦ
1041 5631 1395 5699 χειροτονεῖν,
1444 5627 1540 5682 καὶ
1581 5625 1676 5681 τοῦ
1727 5626 1894 5683 αὐτοῦ

308 5720 475 5789 ἐσμεν
510 5722 568 5773 ὲν
595 5718 819 5791 Χριστῷ
850 5719 1113 5791 μαθηταὶ,
1140 5719 1451 5791 ψεύδοντες.

387 5897 491 5967 (ιο)
529 5898 693 5955 Forte
724 5898 1022 5971 ἐπέθησαν.

2005 4730 2110 4782 tes,
2149 4733 2363 4773 errasse
2403 4729 2599 4770 omnes
2654 4727 2802 4783 pone
2858 4710 3176 4765 Nestorium
3222 4702 3596 4764 Chalcedone,

2004 4813 2235 4883 ejusque
2261 4808 2510 4879 gregales
2537 4827 2549 4860 :
2580 4820 2645 4859 ac
2673 4802 2803 4873 quia
2833 4816 2945 4854 non
2977 4797 3249 4852 haberent
3291 4807 3402 4863 quo
3442 4789 3595 4844 ordi-

2004 4908 2294 4964 narentur,
2336 4897 2404 4950 ad
2428 4909 2621 4950 eorum
2658 4893 2958 4948 accessisse
2991 4888 3134 4959 piam
3158 4883 3595 4946 ordinationem,

2002 5002 2060 5048 ut
2082 4991 2163 5045 eis
2188 4989 2478 5059 episcopos
2508 4983 2814 5039 ordinaret.
2838 4982 3033 5043 Porro,
3066 4986 3128 5031 ut
3150 4975 3391 5030 diximus
3422 4972 3477 5026 in
3507 4986 3571 5025 su

1999 5079 2337 5154 perioribus,
2371 5076 2706 5130 invenerunt
2751 5070 3004 5126 amisisse
3033 5067 3388 5123 traditionem
3414 5060 3594 5119 sancti

2004 5173 2274 5245 Gregorii,
2308 5180 2474 5240 atque
2507 5183 2540 5222 a
2594 5167 2797 5223 throno
2848 5163 3115 5220 Caesarea:
3172 5159 3447 5230 repulsos,
3503 5170 3593 5211 ac-

2003 5276 2162 5337 cepto
2197 5262 2456 5319 mandato
2487 5275 2519 5315 a
2551 5260 2843 5316 Persarum
2880 5271 3028 5326 rege,
3063 5262 3126 5309 ut
3159 5252 3264 5324 ipsi
3301 5251 3408 5321 sibi
3436 5248 3593 5306 ordi-

2004 5360 2285 5415 nationem
2337 5356 2604 5410 i‘acerent.
2672 5349 2943 5405 Dicebant
3000 5357 3185 5403 autem
3235 5344 3515 5414 accepisse
3558 5357 3591 5396 a

2005 5459 2196 5505 saneto
2218 5445 2488 5518 Gregorio
2514 5445 2606 5516 jus
2634 5440 3027 5506 ordinationis,
3079 5452 3310 5508 esseque
3362 5436 3481 5506 ejus
3528 5430 3588 5487 in

2002 5540 2224 5597 Christo
2250 5536 2574 5608 discipulos,
2602 5547 2920 5606 quanquam
2951 5531 3007 5586 id
3035 5531 3197 5587 falso.

2078 5894 2191 5966 (ll)
2230 5894 2359 5965 Leg.
2389 5896 2463 5966 τῷ
2485 5893 2766 5965 Νερσαπῷ
2804 5893 3115 5961 ὶπισκόπῳ.
