4036 6460
425 430 531 496 891

1664 423 2005 488 PIIILIPPI
2046 423 2439 485 SOLITARII

3595 427 3709 493 8132

501 544 594 600 XI.
627 545 754 600 Hac
777 551 836 599 ιιι
861 544 1107 612 Nersapo
1130 541 1393 612 episcopo
1413 541 1809 604 innotuissent,
1847 539 2017 612 signi-

2197 542 2299 596 IA'.
2355 541 2426 595 Ἀ
2470 557 2593 596 τινα
2649 541 2926 612 γνωρίσας
2971 542 3249 613 Νερσαπῶ
3281 543 3603 612 ἐπίσκοπος,
3635 548 3716 617 τῷ

433 636 616 693 ﬁcavit
647 636 897 692 Narsesze
927 635 1236 699 Catholica,
1272 635 1367 705 qui
1401 645 1522 690 erat
1561 635 1627 689 de
1652 634 1908 696 Astarax,
1940 643 2026 689 at-

431 745 541 798 que
568 727 772 782 Azatis.
807 726 848 781 Ii
899 742 1154 797 magnam
1196 726 1447 782 indixere
1491 728 1762 799 synodum
1794 727 1847 782 in
1886 728 2038 783 urbe-

434 822 607 876 Tiben
635 835 779 874 anno
811 836 934 874 xxrv
962 820 1174 890 praefati
1215 819 1488 875 Catholici
1531 818 1801 884 Narsesze,
1850 835 1915 875 ac
1953 836 2028 874 xu

429 913 633 968 Justini
667 913 1050 982 imperatoris,
1093 928 1196 968 nec
1245 928 1353 967 non
1401 929 1526 966 xxiv
1576 911 1836 968 Chosrois
1885 911 2030 982 regis

432 1007 749 1070 Persarum,
786 1021 896 1075 quo
923 1021 1069 1060 anno
1095 1005 1392 1076 Nestiposti
1426 1007 1693 1077 martyrio
1729 1017 2028 1062 coronatus

430 1107 539 1161 est,
572 1112 636 1151 ac
667 1097 829 1151 initio
859 1097 1506 1163 numeriArmeniorum,
1537 1097 1761 1169 quando
1781 1107 2026 1153 sanetam

433 1190 707 1261 Iynodum
753 1189 1257 1246 Chalcedonensem
1286 1192 1640 1246 anathemate
1698 1190 2031 1246 damnarunt

435 1291 498 1336 ut
526 1282 936 1345 Nestorianam,
958 1283 1112 1352 juxta
1143 1297 1454 1336 sermonem
1488 1282 1713 1352 Aptiso.
1749 1282 2032 1352 Exposue-

437 1383 570 1428 runt
593 1375 742 1429 enim
773 1383 906 1428 tunc
939 1373 1228 1444 temporis,
1254 1390 1392 1444 quas
1422 1375 1513 1430 ille
1541 1370 1848 1442 scripturas
1878 1374 2028 1428 intu-

436 1465 616 1530 lisset,
649 1481 880 1536 quarum
915 1483 1080 1536 supra
1115 1468 1326 1522 mentio
1364 1467 1508 1522 facta
1535 1476 1640 1531 est,
1680 1466 2033 1522 elucubratas

436 1573 468 1611 a
487 1557 778 1614 Timotheo
808 1575 872 1614 ac
905 1559 1088 1614 Felice
1115 1558 1267 1631 Syris
1289 1559 1556 1616 adversus
1575 1558 1846 1631 synodum
1867 1557 2033 1614 Chal-

441 1649 839 1715 cedonensem,
870 1666 936 1705 ac
961 1667 1081 1717 eos,
1113 1651 1207 1720 qui
1245 1651 1384 1707 duas
1414 1660 1641 1708 naturas
1697 1652 1752 1707 in
1811 1652 2031 1707 Christo

438 1742 552 1796 Deo
584 1751 778 1798 nostro
829 1744 1209 1800 conﬁtentur:
1251 1745 1700 1816 contrariamque
1757 1745 2028 1818 synodum

438 1836 612 1890 secuti
648 1845 798 1902 sunt,
836 1837 1085 1894 dicentes
1117 1855 1281 1893 unam
1325 1848 1578 1894 naturam
1621 1841 1720 1896 Dei
1752 1840 1920 1898 Verbi
1965 1856 2030 1897 ac

439 1927 643 1994 carnis,
670 1943 736 1984 ac
754 1929 929 1984 fuisse
949 1930 1250 1986 immortali
1274 1941 1472 1987 natura
1500 1932 1826 1989 cruciﬁxum
1861 1943 2028 2003 atque

442 2028 728 2074 mortuum
758 2036 772 2075 :
811 2021 958 2075 unde
987 2022 1152 2076 etiam
1205 2022 1361 2090 illud,
1389 2026 1480 2095 qui
1510 2025 1802 2100 crniﬁxns
1825 2043 1904 2088 ea,
1935 2025 2034 2080 ad-

439 2109 702 2166 diderunt
725 2112 963 2176 cantico,
986 2111 1212 2169 Sanctus
1235 2114 1400 2177 Deus,
1414 2117 1568 2187 juxta
1597 2117 1820 2172 Petrum
1843 2117 2034 2172 Fullo-

439 2217 589 2266 nem,
619 2203 715 2272 qui
750 2203 806 2258 in
840 2203 1036 2260 eodem
1060 2214 1228 2276 atque
1262 2205 1538 2262 Sabellius
1559 2223 1749 2262 errore
1781 2218 2033 2265 versatus

447 2300 554 2348 est.
591 2294 968 2350 Decreverunt
992 2305 1176 2352 autem
1211 2296 1316 2352 sub
1343 2299 1714 2365 anathemate,
1747 2308 1808 2354 ut
1831 2315 1860 2354 a
1886 2316 2038 2355 com-

444 2385 710 2442 munione
776 2387 1085 2443 Jerusalem
1143 2389 1440 2455 resilirent,
1489 2406 1554 2446 ac
1597 2391 1880 2463 juniorum
1924 2394 2038 2448 Ro-

446 2492 760 2544 manorum,
799 2493 1104 2550 eorumque
1138 2481 1232 2550 qui
1267 2491 1391 2549 post
1438 2486 1874 2543 incarnationem
1924 2488 2037 2543 Do-

445 2565 580 2621 mini
617 2567 792 2622 nostri
854 2568 993 2624 duas
1026 2579 1248 2627 naturas
1295 2585 1624 2629 assererem.
1671 2576 1844 2631 Porro
1889 2578 2041 2633 ordi-

444 2671 643 2716 nantes
670 2663 866 2732 Apliso
898 2665 1239 2735 episcopum,
1280 2683 1344 2723 ac
1379 2669 1516 2724 alios
1549 2669 1709 2734 duos,
1757 2671 1810 2724 in
1861 2672 2038 2728 Meso-

447 2760 746 2828 potamiam
774 2759 947 2830 syria:
980 2775 1078 2816 eos
1127 2762 1516 2826 amandarunt,
1569 2773 1630 2819 ut
1679 2774 1926 2820 mutuam
1981 2767 2037 2822 in

443 2862 772 2921 perpetuum
825 2851 1249 2908 consensionem
1300 2854 1528 2921 inirent,
1589 2871 1755 2912 manu
1812 2859 2039 2929 propria

443 2942 753 2998 scribentes
779 2958 844 2998 ac
871 2944 1075 3016 sigillis
1111 2946 1447 3002 munientes.

517 3035 635 3091 XII.
672 3037 803 3092 Post
836 3038 1062 3107 longum
1108 3038 1315 3094 abhinc
1337 3051 1574 3110 tempus,
1601 3040 1794 3097 Bartas
1813 3045 2038 3113 quidam

442 3128 720 3199 princeps,
747 3130 931 3184 occiso
951 3130 1186 3186 Suriene
1211 3131 1374 3185 Persa
1414 3142 1667 3201 tyranno,
1689 3149 1754 3189 ac
1777 3135 2040 3194 deﬁciens

2128 632 2390 705 Ναρσέσῃ
2413 634 2491 704 τῷ
2513 633 2814 705 καθολικῷ,
2842 634 2921 706 τῷ
2968 634 3082 690 δντι
3142 634 3252 690 ἀπὸ
3303 637 3563 708 Ἀσαρὰξ.
3621 641 3718 694 καὶ

2128 727 2242 788 τοῖς
2285 725 2534 790 Ἀζάτοις
2557 725 2849 796 ἐδήλωσεν.
2878 728 3110 798 Ὠρισαν
3137 726 3193 780 δὲ
3220 728 3467 800 μεγάλην
3498 731 3718 785 σύνοδον

2131 818 2189 870 ἐν
2221 816 2377 870 πόλει
2431 818 2625 885 Τιὸὴν,
2679 819 2758 889 τῷ
2807 818 2886 873 κδ’
2940 819 3051 872 ἐτει
3082 817 3178 873 τοῦ
3222 820 3390 875 αὐτοῦ
3420 820 3718 875 καθολικοῦ

2130 909 2418 980 Ναρσέση,
2447 910 2540 963 καὶ
2567 909 2646 981 τῷ
2683 909 2749 981 ιβ’
2782 910 2896 964 ἐτει
2935 912 3228 966 Ίουστίνου
3262 912 3565 986 Καίσαρος,
3622 913 3720 967 καὶ

2129 1001 2210 1072 τῷ
2241 1001 2318 1055 κδ’
2347 1000 2442 1054 τοῦ
2472 1001 2693 1072 Κοσρόη
2724 1000 2834 1054 τῶν
2865 1001 3093 1071 Περσῶν
3142 1003 3432 1072 βασιλέως,
3488 1005 3584 1057 καὶ
3638 1006 3720 1074 τῷ

2131 1091 2366 1163 ἐνιαυτῷ
2394 1083 2440 1160 ᾧ
2475 1093 2828 1165 ἐμαρτύρησε
2849 1093 3203 1159 Νεστιποστὶ,
3240 1094 3336 1148 καὶ
3366 1097 3424 1148 ἐν
3447 1096 3591 1168 ἁρχῇ
3621 1095 3719 1150 τοῦ

2131 1183 2374 1255 ἀριθμοῦ
2408 1186 2520 1238 τῶν
2563 1185 2870 1257 ’Δρμενίων
2890 1203 2906 1218 ο
2934 1187 3023 1241 ὅτε
3057 1188 3151 1242 καὶ
3175 1188 3276 1258 τὴν
3312 1187 3476 1256 ἁγίαν
3501 1190 3723 1245 σύνοδον

2131 1276 2231 1348 τὴν
2287 1278 2348 1331 ἐν
2386 1278 2696 1349 Χαλκηδόνι
2748 1278 3154 1350 ἀνεθεμάτισαν
3195 1280 3273 1344 ὡς
3320 1281 3719 1354 Νεστοριανὴν,

2133 1369 2278 1424 κατὰ
2305 1370 2396 1424 τὸν
2427 1372 2582 1441 λόγον
2623 1372 2886 1439 Ἀπτισῶ,
2909 1373 3159 1444 ὃτιαύτῷ
3176 1373 3254 1445 τῷ
3267 1374 3446 1447 χρόνῳ
3463 1375 3562 1440 τὰς
3579 1393 3724 1448 γρα-

2135 1462 2243 1534 φὰς
2272 1463 2645 1535 ἐρμήνευσαν,
2680 1464 2780 1529 τὰς
2797 1464 3115 1536 ἐνεχθείσας
3153 1465 3264 1520 ἁπδ
3310 1465 3407 1520 τοῦ
3454 1467 3723 1537 ’Δπτισῶ,

2133 1556 2233 1617 τὰς
2261 1557 2868 1628 προμνημονευθείσας.
2908 1559 3007 1623 τὰς
3035 1560 3344 1630 γραφείσας
3367 1561 3520 1630 παρὰ
3549 1561 3723 1632 Τιμο-

2135 1647 2259 1702 θέου
2284 1647 2380 1701 καὶ
2397 1647 2618 1702 Φιλικοῦ
2641 1649 2751 1704 τῶν
2772 1650 2981 1719 Σύρων,
3001 1653 3144 1705 κατὰ
3171 1655 3268 1721 τῆς
3294 1653 3514 1708 συνόδου
3540 1656 3642 1726 τῆς
3665 1658 3726 1710 ἐν

2133 1738 2462 1809 Χαλκηδόνι,
2481 1742 2578 1796 καὶ
2599 1741 2741 1796 κατὰ
2761 1741 2872 1795 τῶν
2887 1740 3295 1813 ὁμολογούντων
3311 1742 3405 1797 δύο
3421 1744 3612 1814 φύσεις
3629 1747 3727 1800 ἐπὶ

2133 1830 2374 1902 Χριστοῦ
2401 1831 2498 1885 τοῦ
2527 1832 2664 1888 Θεοῦ
2697 1832 2881 1904 ἡμῶν,
2930 1834 3027 1888 καὶ
3065 1834 3316 1889 ἐναντίαν
3350 1835 3567 1890 σύνοδον
3614 1837 3729 1891 ἐδο-

2134 1921 2435 1990 γμάτισαν,
2473 1921 2747 1991 λέγοντες,
2780 1922 2912 1992 μίαν
2937 1921 3100 1991 φύσιν
3125 1920 3220 1976 τοῦ
3247 1921 3383 1976 Θεοῦ
3425 1921 3603 1992 Λόγου
3632 1924 3731 1979 καὶ⁵
3807 1935 3809 1938 ’

2135 2013 2236 2081 τῆς
2264 2013 2470 2084 σαρκός
2497 2029 2512 2044 ·
2543 2013 2639 2068 καὶ
2674 2015 2742 2085 τῇ
2793 2012 3051 2084 ἁθανάτῳ
3096 2011 3260 2082 φύσει
3308 2013 3473 2068 αὐτὸν
3533 2015 3730 2069 ἐσταυ-

2138 2103 2350 2176 ρῶσθαι
2375 2105 2471 2160 καὶ
2499 2104 2757 2161 τεθνάναι
2785 2122 2802 2139 ο
2836 2103 2961 2160 ὃθεν
2995 2107 3093 2160 καὶ
3133 2106 3219 2173 τὸ,
3253 2108 3287 2161 ό
3333 2108 3729 2178 σταυρωθείς,

2138 2197 2489 2270 προσέθηκαν
2516 2200 2596 2263 είς
2615 2199 2698 2266 τὸ,
2720 2198 2788 2253 Ἀ
2799 2216 2923 2270 γιος
2947 2203 2980 2254 ὀ
2996 2200 3161 2268 Θεὸς,
3187 2201 3331 2254 κατὰ
3353 2201 3559 2272 Πέτρον
3581 2203 3734 2257 Κνα-

2140 2290 2270 2360 φέα.
2294 2291 2386 2344 τὸν
2417 2290 2663 2346 παθόντα
2692 2292 2759 2346 τά
2785 2292 3102 2348 Σαδελλὶου.
3159 2294 3394 2364 Ὠρισαν
3439 2295 3581 2365 μετὰ
3630 2296 3732 2350 τοῦ

2139 2383 2594 2454 ἀναθεματισμοῦ
2625 2385 2933 2456 ἀποστῆναι
2964 2385 3066 2455 τῆς
3117 2387 3406 2450 κοινωνίας
3448 2385 3733 2458 Ἰερουσα-

2138 2474 2271 2546 λὴμ,
2293 2476 2389 2531 καὶ
2411 2477 2478 2530 ἐκ
2506 2476 2618 2530 τῶν
2652 2477 2790 2532 νέων
2833 2477 3142 2549 Ῥωμαίων,
3170 2477 3263 2531 καὶ
3287 2478 3353 2532 ἐκ
3378 2479 3489 2533 τῶν
3535 2478 3735 2548 ὁμολο-

2139 2569 2382 2638 γούντων
2405 2569 2547 2640 μετὰ
2569 2569 2668 2640 τὴν
2706 2569 3125 2640 ἐνανθρώπησιν
3176 2569 3272 2623 τοῦ
3321 2570 3527 2642 Κυρίου
3572 2571 3734 2641 ἡμῶν

2138 2661 2233 2714 δύο
2283 2659 2516 2730 φύσεις’
2571 2660 2988 2732 ἐχειροτόνησαν
3043 2661 3101 2714 δὲ
3148 2659 3243 2714 τὸν
3305 2660 3546 2715 ’Ᾱπτισῶ
3605 2662 3734 2716 ἐπί-

2140 2768 2365 2816 σκοπον,
2391 2753 2486 2807 καὶ
2509 2753 2728 2824 ἐτέρους
2759 2751 2827 2822 β’,
2855 2752 3278 2816 ἀποστείλαντες
3293 2753 3492 2817 αὐτοὺς
3515 2756 3596 2817 είς
3619 2755 3736 2808 Με-

2141 2843 2482 2914 σοποταμίαν
2515 2843 2741 2913 Συρίας,
2769 2842 2917 2913 ἔχειν
2943 2841 3267 2911 συμφωνίαν
3301 2841 3444 2913 μετὰ
3478 2843 3735 2915 ἀλλήλων

2140 2937 2220 2998 είς
2237 2935 2433 3001 αίῶνα,
2456 2933 2757 3005 ίδιοχείρως
2777 2933 3088 3004 γράψαντες
3103 2936 3197 2986 καὶ
3225 2934 3651 3003 ὴσφαλίσαντες.

2212 3028 2314 3082 IB'.
2360 3027 2519 3082 Μετὰ
2564 3027 2622 3080 δὲ
2668 3028 2863 3097 χρόνον
2921 3027 3112 3091 πολὺν,
3170 3025 3388 3097 Βαρτᾶς
3409 3044 3494 3093 τις
3521 3028 3732 3100 ἄρχων,

2143 3121 2477 3183 ἀποκτείνας
2510 3119 2603 3172 τὸν
2636 3120 2931 3190 Σουριένην
2957 3120 3049 3173 τὸν
3077 3119 3296 3190 Πέρσην
3322 3118 3416 3176 τδν
3444 3121 3734 3192 τύραννον,

443 3218 514 3272 ah
545 3219 838 3282 Armeniis,
885 3219 1196 3288 intrepidus
1247 3218 1784 3290 Constantinopolim
1849 3225 2028 3293 petiit,

2144 3212 2533 3282 ἁποστατήσας
2587 3213 2652 3265 ἐκ
2705 3212 2814 3265 τῶν
2858 3212 3185 3284 Ἀρμενίων,
3243 3213 3418 3277 ἀδεῶς
3443 3214 3579 3286 πρδς
3630 3215 3735 3286 τὴν

445 3325 596 3364 anno
648 3309 1074 3379 quadragesimo
1125 3309 1442 3376 Chrosrois,
1482 3326 1547 3366 ac
1580 3327 1684 3365 xxx
1717 3311 2035 3383 Justiniani,

401 3467 406 3472 Α
443 3403 539 3470 qui
564 3411 620 3455 ct
649 3400 906 3456 Sanctam
938 3401 1200 3471 Sophiam
1236 3402 1529 3458 aedificavit
1563 3420 1576 3456 :
1610 3403 1681 3459 ab
1709 3405 1829 3476 ejus
1856 3415 2036 3463 tamen

444 3493 836 3548 communione
866 3509 926 3548 se
969 3508 1252 3563 separans,
1286 3510 1393 3548 una
1421 3510 1546 3550 cum
1588 3495 1906 3554 comitibus.
1939 3498 2036 3552 Di-

446 3586 609 3641 cebat
659 3586 804 3641 enim
865 3602 978 3641 non
1030 3587 1233 3643 habere
1285 3588 1607 3644 mandatum
1676 3606 1708 3645 a
1752 3592 2032 3662 magistris

448 3678 586 3740 suis,
619 3679 1134 3736 utcommunicaret
1155 3696 1283 3734 cum
1319 3681 1421 3736 eis.
1452 3682 1833 3755 Jussititaque
1863 3685 2037 3756 impe-

449 3778 618 3834 rator,
666 3779 727 3824 ut
775 3770 918 3826 idem
974 3771 1165 3827 Bartas
1223 3773 1593 3829 Armcnorum
1629 3775 1921 3848 episcopos
1969 3793 2036 3834 ac

449 3862 740 3930 magistros
769 3873 1128 3919 convocaret.

519 4037 663 4094 XIII.
697 4040 859 4096 Facta
885 4052 1071 4097 autem
1103 4052 1189 4099 est
1214 4059 1409 4114 magna
1451 4045 1696 4118 synodus
1719 4046 2035 4106 Constanti-

445 4131 652 4200 nopoli,
682 4142 874 4187 contra
901 4135 1197 4189 nonnullos
1240 4135 1552 4203 haereticos,
1591 4154 1756 4208 quam
1783 4149 1839 4194 et
1863 4141 2031 4211 quin-

450 4235 558 4277 tam
587 4227 854 4296 synodum
889 4242 1182 4293 vocamus;
1213 4244 1449 4298 cumque
1474 4232 1556 4285 eis
1595 4235 2029 4305 consensissent,

445 4331 634 4370 sacras
653 4316 867 4372 Sancta:
896 4317 1114 4388 Sophia:
1146 4329 1333 4389 portas
1367 4338 1432 4376 ex
1474 4338 1665 4378 eorum
1691 4327 1913 4382 nomine
1935 4345 2033 4400 ap-

448 4407 744 4473 pellarunt,
785 4409 1162 4481 hactenusque
1191 4424 1419 4468 vocatur
1449 4415 1610 4470 Porta
1643 4421 2026 4476 Armenorum.

448 4498 605 4552 Tunc
638 4500 897 4554 dixerunt
920 4503 1211 4557 anathema
1232 4503 1472 4574 Origcni,
1494 4507 1744 4578 Evagrio,
1775 4511 2028 4583 Didymo,

2145 3305 2724 3360 Κωνσταντινούπολιν
2748 3305 2883 3377 (12),
2919 3306 2996 3377 τῷ
3026 3309 3453 3381 τεσσαρακοστῷ
3494 3309 3606 3363 ἔτει
3634 3310 3733 3363 τοῦ

2143 3395 2384 3467 Χοσρόη,
2406 3397 2503 3451 καὶ
2531 3397 2608 3469 τῷ
2629 3398 2672 3451 λ’
2701 3398 2813 3451 ἔτει
2859 3398 2954 3452 τοῦ
3027 3401 3434 3470 Ἰουστινιανοῦ,
3487 3401 3584 3456 τοῦ
3639 3404 3737 3457 καὶ

2141 3488 2244 3559 τὴν
2283 3488 2477 3558 ’Δγίαν
2501 3490 2704 3558 Σοφίαν
2729 3490 3065 3560 δειμαμένου
3097 3508 3112 3524 ο
3137 3492 3203 3545 ἐκ
3233 3492 3334 3563 τῆς
3362 3495 3649 3558 κοινωνίας
3673 3495 3736 3549 δὲ

2141 3580 2308 3635 αὐτοῦ
2332 3582 2643 3653 ἐκχωρίσας
2669 3583 2767 3639 σὺν
2815 3587 2932 3648 τοῖς
2967 3586 3086 3656 μετ’
3128 3585 3319 3643 αὐτοῦ.
3383 3588 3580 3658 Ἔλεγε
3622 3589 3736 3660 γὰρ

2141 3671 2254 3738 ὅτι,
2283 3674 2398 3727 Οὐκ
2429 3674 2537 3745 ἔχω
2561 3675 2785 3748 ἐντολὴν
2807 3677 2874 3731 ἐκ
2902 3676 3013 3729 τῶν
3037 3676 3378 3734 διδασκάλων
3424 3682 3581 3751 ήμῶν
3609 3683 3735 3752 μεθ’

2142 3766 2298 3834 ὑμῶν
2328 3770 2628 3824 κοινωνεῖν.
2679 3769 2774 3822 Διὸ
2814 3769 3162 3842 προσετάχθη
3220 3773 3250 3824 ό
3301 3773 3464 3838 αὐτὸς
3518 3774 3735 3844 Βαρτᾶς

2142 3857 2298 3927 παρὰ
2327 3857 2420 3912 τοῦ
2455 3859 2732 3931 Καίσαρος
2775 3861 3222 3932 συγκαλέσασθαι
3254 3864 3590 3929 ἐπισκόπους
3637 3867 3736 3920 καὶ

2140 3949 2491 4014 διδασκάλους
2531 3953 2658 4015 τοὺς
2696 3952 2806 4006 τῶν
2850 3953 3179 4026 Ἀρμενίων.

2212 4042 2310 4096 1Γ’.
2368 4043 2614 4111 Ἐγένετο
2638 4043 2696 4096 δὲ
2725 4044 2943 4110 σύνοδος
2979 4047 3192 4119 μεγάλη
3235 4051 3294 4103 ἐν
3325 4054 3397 4124 τῇ
3432 4050 3734 4105 Κωνσταν-

2139 4133 2472 4199 τινουπόλει,
2505 4134 2648 4189 κατά
2697 4151 2860 4189 τινων
2922 4138 3238 4207 αἱρετικῶν,
3298 4141 3366 4211 ἢν
3419 4147 3460 4194 ε’
3517 4141 3736 4194 σύνοδον

2141 4222 2452 4293 καλοῦμεν·
2485 4226 2580 4278 καὶ
2609 4226 3072 4298 όμοςρωνήσαντες
3121 4229 3328 4295 αὐτοῖς,
3375 4229 3455 4301 τῷ
3504 4229 3734 4301 όνόματι

2139 4316 2320 4371 αὐτῶν
2352 4316 2620 4371 ἐκάλεσαν
2651 4319 2812 4386 ἁγίας
2843 4319 3022 4383 πύλας
3067 4319 3166 4390 τῆς
3211 4321 3371 4388 ἁγίας
3396 4322 3618 4391 Σοφίας,
3670 4323 3736 4392 ἦ·

2137 4427 2222 4472 τις
2259 4411 2424 4481 μέχρι
2465 4413 2706 4484 σήμερον
2740 4412 2987 4466 καλεῖται
3021 4412 3142 4466 τῶν
3187 4413 3512 4481 Ἀρμενίων
3533 4417 3728 4484 Πύλῃ.

2138 4502 2274 4554 Τότε
2307 4501 2713 4571 ἀνεθεμάτισαν
2761 4503 2854 4556 τὸν
2925 4504 3234 4575 Ὀριγένην,
3290 4505 3382 4558 τὸν
3434 4505 3726 4575 Εὐάγριον,

447 4590 1105 4658 Nestorianis,.lacobitis,
1123 4595 1423 4658 Julianitis.
1449 4599 1736 4664 Gaianitis,
1769 4619 1833 4657 ac
1855 4605 2033 4659 omni-

2145 4593 2233 4647 τὸν
2284 4594 2542 4665 Δίδυμον.
2597 4597 2725 4658 τοὺς
2775 4596 3198 4665 Νεστοριανοὺς,
3241 4597 3337 4649 καὶ
3386 4598 3731 4661 Ἰακωὸίτας,

446 4701 520 4738 no
543 4683 611 4739 iis
643 4686 902 4741 omnibus
939 4687 1034 4756 qui
1096 4689 1278 4745 infecti
1315 4700 1502 4746 essent
1547 4709 1670 4746 cum
1703 4694 2028 4750 Nestoriana

446 4780 666 4844 haeresi,
721 4789 834 4834 tum
891 4779 1234 4851 Eutychetis.
1277 4784 1533 4840 Reversis
1581 4785 1688 4840 illis
1732 4788 1786 4840 in
1833 4789 2028 4843 Arme-

445 4872 618 4937 niam,
658 4888 783 4942 pars
820 4875 1044 4943 quidem
1080 4888 1334 4946 prompto
1365 4893 1430 4931 ac
1462 4877 1628 4931 alacri
1656 4879 1842 4932 animo
1875 4880 2036 4934 unio-

447 4980 573 5020 nem
627 4978 1011 5035 susceperunt,
1062 4985 1191 5038 pars
1255 4980 1436 5024 autem
1480 4971 1736 5026 rnmchati
1783 4982 1911 5027 sunt
1968 4988 2033 5027 ac

447 5056 803 5110 desciverunt
836 5060 890 5112 in
925 5060 1122 5115 diebus
1170 5061 1427 5116 Boancsaa
1458 5062 1751 5127 Catholici,
1807 5063 1874 5117 de
1909 5064 2033 5132 qui-

449 5148 557 5202 bus
590 5149 734 5203 haud
770 5151 936 5207 modo
963 5153 1257 5208 dicendum
1287 5172 1385 5224 per
1410 5156 1647 5226 singula.
1677 5156 2035 5226 Seripserunt

443 5253 579 5307 ergo
618 5239 832 5295 litteras
866 5242 933 5296 ad
982 5247 1129 5313 Apas
1163 5245 1510 5300 Catholicum
1538 5247 1781 5301 Albania:
1812 5248 2034 5316 provin-

445 5328 567 5394 cim,
603 5329 657 5382 in
687 5330 802 5385 haee
826 5334 991 5388 verba
1028 5353 1039 5388 :
1086 5335 1213 5389 Veni
1241 5337 1509 5390 nobiscum
1547 5337 1652 5403 ﬁde
1681 5338 2036 5402 consentiens,

444 5423 500 5476 in
539 5438 598 5475 eo
629 5423 766 5492 quod
796 5425 1008 5478 unicam
1037 5425 1232 5480 Christi
1267 5427 1362 5479 Dei
1398 5437 1649 5481 naturam
1709 5427 2032 5497 conﬁtearis,

448 5524 608 5585 atque
652 5518 706 5570 in
755 5519 962 5572 cantico
1013 5519 1247 5573 Sanctus
1301 5520 1464 5582 Deus,
1509 5520 1674 5584 dicas,
1710 5521 1803 5589 qui
1847 5520 2031 5574 cruci-

2139 4692 2267 4752 τοὺς
2337 4692 2711 4755 Ἰουλιανίτας,
2769 4693 2865 4746 καὶ
2914 4695 3041 4757 τοὺς
3116 4694 3425 4758 Γαῖανίτας,
3462 4695 3556 4749 καὶ
3605 4698 3732 4759 τοὺς

2139 4781 2287 4846 ἅπαξ
2311 4783 2498 4846 ἁπλῶς
2531 4783 2755 4853 ἔχοντας
2781 4784 2878 4856 τὴν
2929 4785 3021 4838 τοῦ
3057 4786 3354 4855 Νεστορίου
3407 4785 3518 4856 (l3)
3585 4788 3734 4858 αἵρε-

2142 4893 2248 4930 σιν.
2299 4876 2794 4946 ’Υποστρεψάντων
2839 4877 2895 4930 δὲ
2925 4878 3105 4931 αὐτῶν
3167 4880 3246 4941 εἰς
3311 4879 3624 4949 Ἀρμενίαν,
3681 4881 3730 4934 οί

2605 4969 2616 4986 I
2687 4985 2693 4986 κ
2710 4968 2732 4986 9

2141 4966 2239 5036 μὲν
2265 4966 2562 5039 προθύμως
2597 4966 2925 5032 ὑπεδέξαντο
2957 4970 3054 5038 τὴν
3079 4968 3274 5022 ἕνωσιν
3313 4985 3326 4997 ”
3358 4970 3408 5022 οί
3458 4969 3516 5022 δὲ
3567 4972 3733 5042 ἐπορο

2135 5060 2398 5114 γεύσαντο
2431 5062 2489 5114 ἐν
2519 5064 2640 5125 ταῖς
2664 5063 2902 5131 ἡμέραις
2935 5062 3175 5132 Βοανέση
3209 5061 3320 5132 (Η)
3369 5064 3464 5116 τοῦ
3514 5063 3723 5117 καθολι-

2140 5153 2262 5216 κοῦ,
2320 5156 2450 5224 περὶ
2487 5147 2563 5207 ὧν
2607 5155 2706 5207 οὐκ
2753 5155 2870 5207 ἐστι
2922 5154 3018 5207 νῦν
3080 5155 3261 5221 λέγειν
3330 5156 3472 5209 κατὰ
3541 5157 3731 5226 μέρος.

2142 5248 2430 5318 Ἐγραψαν
2471 5250 2652 5302 τοίνυν
2675 5248 2964 5318 ἐπιστολὴν
2988 5249 3125 5320 πρὸς
3153 5249 3242 5302 τὸν
3281 5250 3456 5312 Ἀπᾶς
3486 5250 3578 5303 τὸν
3629 5266 3734 5304 κα.-

2138 5338 2350 5390 θολικὸν
2393 5338 2678 5402 Ἀλϐανίας
2710 5337 2916 5408 χώρας,
2953 5337 3315 5408 περιέχουσαν
3350 5336 3557 5400 οὕτως·
3593 5340 3732 5391 Ἐλ-

2141 5431 2206 5484 oe
2240 5430 2556 5500 μεθ’ἠμῶν
2603 5431 2845 5496 ἑνωθεὶς
2900 5428 2972 5496 τῇ
3022 5430 3242 5492 πίστει,
3287 5431 3358 5483 ἐν
3399 5429 3479 5496 τῷ
3525 5429 3734 5498 λέγειν

2133 5524 2282 5592 μίαν
2304 5524 2495 5592 φύσιν
2525 5523 2789 5592 Χριστοῦ
2830 5523 2935 5575 τοῦ
2975 5523 3146 5584 Θεοῦ,
3185 5522 3282 5576 καὶ
3313 5524 3400 5590 ei‘c
3442 5523 3733 5589 τὸ,”Λγιος

449 5608 589 5661 ﬁxus
617 5625 677 5663 es
711 5627 810 5678 pro
837 5611 1019 5664 nobis.
1065 5613 1127 5663 At
1169 5612 1257 5665 ille
1296 5612 1496 5673 renuit,
1541 5613 1732 5666 dicens
1772 5624 1785 5665 :
1841 5613 2031 5666 Petrus

2140 5615 2343 5680 δΘεδς,
2395 5617 2421 5668 ό
2457 5615 2792 5686 σταυρωθεὶς
2845 5613 2909 5666 δι’
2941 5615 3108 5682 ἡμᾶς.
3161 5613 3216 5667 ’0
3255 5615 3312 5668 δὲ
3364 5616 3424 5667 ού
3489 5633 3729 5682 συγκατ-

445 5717 508 5753 ac
542 5703 822 5772 Gregorius
852 5707 950 5759 mei
971 5707 1282 5770 decessores,
1317 5707 1368 5758 in
1402 5722 1518 5758 cum
1546 5706 1759 5759 modum
1789 5705 2030 5759 dicebant

2140 5707 2283 5760 ἔθετο
2332 5708 2506 5774 λέγων
2533 5709 2638 5774 ὃτι,
2671 5709 2732 5761 Ὀ
2752 5709 2972 5776 Πέτρος
3004 5708 3100 5762 καὶ
3123 5710 3155 5762 ό
3182 5710 3512 5779 Γρηγόριος
3538 5712 3591 5764 οἱ
3615 5709 3733 5780 πρὸ

524 5819 634 5876 (12)
670 5821 830 5874 Deest
867 5819 1023 5876 me.

527 5888 639 5959 (l5)
670 5890 833 5945 Forte
858 5888 1153 5962 Εὐτυχοῦς,
1191 5894 1275 5950 vel
1302 5905 1616 5966 utrumque.

2219 5830 2264 5899 (Ι
2289 5831 2330 5900 ἱ)
2365 5830 2448 5884 ΑΙ.
2484 5829 2654 5884 Εὐανὲ
2668 5847 2752 5901 ση.
