4036 6428
434 424 546 494 895

1679 425 2019 486 PUILIPPI
2063 424 2455 484 SOLITAIIII

3588 422 3701 487 896

440 542 812 614 presbyteros,
853 540 1428 614 monasteriorumque
1476 538 1783 610 praefectos,
1826 547 1888 593 ut
1924 547 2020 593 aut

2145 534 2558 607 rpsa6utlpovc,
2601 533 2696 589 καὶ
2722 536 3081 606 ἡγουμένους,
3146 535 3543 606 άναθεματίσαι
3607 537 3709 609 τὴν

440 637 651 706 synodo
670 633 1100 691 Chalcedonensi
1124 633 1413 688 anathema
1437 632 1707 696 dicerent,
1726 638 1823 686 aut
1837 631 2016 686 solum

2145 646 2179 678 ιν
2206 626 2512 696 Χαλκηδόνι
2548 624 2835 696 σύνοδονῶ
2869 626 3183 698 ἐκχωρῆσαι
3203 625 3310 678 άπὸ
3335 625 3436 689 τῆς
3494 624 3704 696 χώρας.

447 737 743 782 mutarent.
769 726 810 780 Ii
837 742 970 780 vero
1009 729 1268 782 dixerunt
1317 724 1629 789 anathema,
1677 732 1733 778 et
1788 724 2022 779 cessavit

2145 719 2187 773 )ί
2215 718 2272 772 δὲ
2299 718 2718 787 ἀνεθεμάτισαν,
2753 717 2851 771 καὶ
2868 718 3108 771 επαυσιν
3137 719 3171 787 ή
3194 716 3494 786 ἀντιλογία.

442 820 736 874 verborum
768 836 970 890 pugna.

514 907 653 963 XVI.
685 909 873 964 Tertio
906 919 1030 979 post
1057 926 1202 964 anno
1224 921 1309 966 est
1337 911 1545 965 illatum
1589 908 1794 964 bellum
1846 908 2020 963 Phra-

444 1003 616 1057 siunis
646 1002 785 1073 {18),
816 1019 879 1058 ac
907 1004 1088 1059 Persa:
1117 1005 1395 1059 Romanos
1419 1012 1839 1071 percusserunt,
1862 1003 2019 1057 urbs‘

444 1108 552 1161 que
576 1092 752 1148 Citrie
783 1110 849 1149 ac
893 1095 1345 1165 Theodosiopolis
1373 1105 1694 1165 expugnata
1725 1103 1856 1150 sunt
1880 1110 2027 1150 anno

443 1186 703 1241 vPhocze
756 1188 1124 1257 imperatoris,
1195 1203 1262 1243 ac
1309 1204 1377 1242 xx
1434 1186 1717 1254 Chosrois,
1774 1203 1877 1243 nec
1914 1204 2024 1244 non

444 1277 618 1332 multa
660 1277 765 1330 alia
801 1277 1043 1346 eppida;
1083 1278 1137 1331 in
1178 1278 1382 1348 quibus
1405 1279 1567 1334 etiam
1603 1279 1868 1335 Joannem
1920 1279 2028 1336 Ca-

450 1368 717 1423 tholicam
746 1371 1101 1425 exsistentem
1134 1371 1360 1440 quidem
1393 1371 1450 1426 in
1506 1372 1789 1439 Armenia,
1836 1388 2029 1428 verum

446 1475 511 1513 ea
538 1470 667 1515 tune
698 1471 871 1529 parte,
905 1478 1028 1532 quas
1061 1463 1435 1517 Romanorum
1477 1464 1708 1518 ditionis
1733 1474 1873 1528 erat,
1900 1479 2030 1520 coe-

446 1550 523 1618 git
556 1550 831 1606 Abraham
855 1551 1201 1617 Catholicus,
1237 1554 1365 1625 (nec
1404 1554 1539 1623 non)
1567 1554 1860 1624 episcopos
1912 1570 2032 1624 par-

449 1638 585 1693 tium
612 1639 866 1703 Joannis,
897 1651 959 1696 ut
998 1643 1081 1697 vel
1111 1644 1325 1713 synodo
1349 1642 1777 1700 Chalcethinensi
1807 1646 2034 1700 anatheo

449 1745 537 1784 ma
565 1729 837 1793 dicerent.
873 1732 959 1786 vel
1001 1747 1066 1786 ex
1096 1733 1351 1802 partibus
1390 1734 1666 1790 Armenia:
1684 1735 1981 1806 migrarent
2017 1753 2028 1788 :

2198 902 2313 968 ις’.
2343 903 2498 956 Μετὰ
2524 902 2581 955 δδ
2603 902 2830 971 χρόνους
2855 903 3007 972 τρεῖς
3046 903 3267 969 ἐγένετο
3311 900 3546 972 πόλεμος
3596 902 3712 965 τοῖς

2124 998 2467 1067 Φρασιανοῖς,
2496 995 2591 1048 καὶ
2613 993 2894 1060 ἐπάταξαν
2919 994 2970 1047 οι
3004 993 3212 1063 Πέρσαι
3227 993 3352 1056 τοὺς
3383 992 3711 1062 Ῥωμαίους,

2127 1089 2226 1142 καὶ
2256 1086 2650 1159 ὲπολιορκίσθη
2676 1087 2833 1148 πόλις
2864 1086 3080 1156 Κιτρέε,
3120 1086 3220 1138 καὶ
3257 1086 3291 1155 ἡ
3325 1084 3716 1139 Θιοδοσιούπο-

2127 1181 2229 1243 λις,
2262 1179 2342 1250 τῷ
2359 1178 2401 1232 ε’
2435 1178 2670 1233 ἐτειιτού
2712 1179 2994 1249 Καίσαρος
3032 1177 3218 1241 Οωκᾶ,
3257 1177 3354 1230 καὶ
3389 1176 3469 1248 τῷ
3517 1175 3568 1229 κ’
3617 1176 3717 1230 τοό

2128 1273 2367 1344 Χοσρόη,
2393 1271 2490 1324 καὶ
2515 1270 2673 1326 mat
2702 1270 2897 1324 πολλαὶ
2920 1270 3266 1341 κωμοπόλεις
3301 1286 3317 1301 ο
3358 1268 3417 1321 ἐν
3465 1261 3578 1332 αἷς,
3623 1266 3723 1321 καὶ

2128 1366 2222 1417 τὸν
2277 1363 2534 1431 Ἰωάννην
2565 1362 2656 1415 τὸν
2688 1360 3015 1426 Καθολικδν,
3039 1360 3132 1414 τὸν
3168 1360 3300 1415 ὄντα
3345 1360 3446 1431 μὲν
3489 1359 3572 1422 είς
3618 1358 3721 1429 τὴν

2144 1458 2459 1529 Ἀρμενίαν,
2497 1461 2606 1515 ὑπὸ
2639 1459 2752 1512 τῶν
2793 1458 3089 1529 Ῥωμαίων
3118 1458 3176 1513 δὲ
3204 1458 3351 1523 τότε,
3403 1457 3722 1529 ἠνάγκασεν

2145 1552 2399 1623 Ἁϐραάμ
2423 1556 2452 1606 6
2486 1552 2816 1617 Καθολιιιδς,
2868 1550 3015 1623 [καὶ]
3058 1552 3188 1614 τοὺς
3219 1550 3552 1612 ἐπισκόπους
3610 1549 3723 1602 τῶν

2135 1644 2320 1715 μερῶν
2362 1644 2630 1709 Ἰωάννου,
2656 1643 2689 1714 ἢ
2714 1643 3121 1713 ἀναθεματέσαι
3153 1643 3259 1713 τὴν
3310 1644 3371 1696 ιν
3412 1641 3723 1713 Χαλκηδόνι

2136 1738 2377 1803 σύνοεον,
2407 1738 2441 1807 ἢ
2464 1740 2779 1810 ὶκχωρῆσαι
2817 1739 2882 1791 ὲκ
2904 1737 3013 1791 τῶν
3045 1737 3231 1809 μερῶν
3278 1736 3592 1807 Ἀρμενίας.
3654 1730 3726 1807 ’ῼ

448 1822 539 1875 cui
597 1822 827 1877 minime
875 1822 1282 1893 _obsequentes,
1334 1825 1614 1893 abierunt,
1669 1827 1763 1883 aIiI
1810 1826 2030 1897 quidem

451 1914 507 1939 ζ..
539 1912 666 1939 η’..ιη
718 1915 805 1939 -li:
833 1916 883 1939 :-.
913 1914 1231 1939 D..----_:-_..
1299 1917 1385 1939 _--:
1418 1918 1569 1939 -.:-...
1602 1918 1650 1939 ε..
1686 1918 1854 1939 -I:-_-
1884 1934 2003 1939 ...μμ

2145 1830 2214 1900 μὴ
2260 1831 2573 1893 πεισθέντες
2611 1828 3043 1895 άπεληλύθασιν,
3077 1833 3124 1883 οἱ
3157 1829 3256 1898 μὶν
3281 1829 3361 1893 είς
3397 1827 3494 1899 την
3538 1828 3726 1895 Τάεις,

451 1914 508 1967 in
539 1912 690 1982 'I‘ais,
716 1915 806 1969 alii
832 1916 888 1970 in
913 1914 1257 1981 Romaniam,
1294 1917 1386 1987 qui
1407 1918 1572 1973 etiam
1600 1918 1655 1973 in
1683 1918 1861 1973 aliena
1884 1934 2034 1973 mor-

452 2009 533 2064 tui
564 2018 713 2065 sunt.
752 2010 833 2066 Ad
884 2011 999 2068 hate
1058 2011 1302 2067 Comitas
1353 2011 1693 2077 Catholieus,
1762 2012 1868 2067 sub
1924 2029 2035 2082 quo

453 2116 662 2170 magna:
691 2117 961 2172 pressurae
986 2117 1052 2158 ac
1082 2102 1424 2159 calamitates
1465 2103 1631 2159 illata:
1660 2113 1790 2159 sunt
1833 2100 2037 2159 Roma-

452 2195 561 2248 nia:
581 2208 679 2263 per
698 2210 895 2250 manus
919 2195 1235 2251 Persarum;
1262 2194 1509 2251 Comitas
1530 2196 1640 2261 hic,
1665 2210 1831 2266 supra
1845 2210 2039 2251 omnes

451 2284 795 2346 decessores,
842 2285 1245 2340 eontentiosius
1283 2286 1634 2341 sollicitando
1690 2286 2039 2342 anathemate

452 2375 650 2445 synodi
685 2375 1157 2432 Chalcedonensis
1185 2377 1380 2431 habuit
1409 2392 1422 2430 :
1456 2376 1790 2447 scripsitque
1837 2378 2041 2433 multos

454 2474 724 2523 tractatus
747 2468 975 2539 proprio
1002 2469 1225 2525 nomine
1254 2470 1430 2525 sancti
1466 2470 1635 2534 Isaae,
1664 2487 1694 2525 e
1724 2471 1926 2539 quibus
1947 2472 2039 2526 uni

455 2562 601 2615 libro
634 2577 836 2617 nomen
865 2571 952 2618 est
1001 2565 1334 2619 Amartanac
1368 2565 1592 2635 propria
1648 2564 2037 2619 Armeniorum

453 2653 663 2723 lingua.
691 2654 861 2709 Porro
888 2656 1108 2711 volebat
1138 2665 1196 2711 ut
1222 2657 1461 2713 Joannes
1484 2657 1710 2727 quidam
1738 2658 1861 2729 ejus
1890 2658 2043 2713 thro-

455 2743 512 2797 ni
540 2758 825 2800 successor
844 2756 1013 2801 esset.
1045 2746 1200 2803 llaud
1227 2757 1409 2803 tamen
1447 2748 1539 2804 ille
1571 2748 1623 2802 id
1661 2758 1744 2804 est
1777 2763 2041 2805 consecu-

456 2843 567 2900 tus,
597 2837 693 2892 sed
715 2839 1172 2910 Christophorus.
1196 2841 1333 2897 Cum
1352 2851 1534 2896 autem
1554 2842 1987 2913 Christophorus
2010 2860 2040 2897 a

454 2929 587 2984 sede
617 2931 937 2997 excidisset,
970 2934 1246 3005 gaudebat
1289 2935 1572 2991 Joannes:
1600 2951 1700 2990 nee
1740 2935 1820 2991 sic
1858 2945 2040 2991 tamen

454 3022 567 3075 voti
601 3038 828 3093 compos
882 3026 1118 3083 eII'eetus
1153 3037 1261 3083 est.
1294 3027 1429 3082 Nam
1473 3027 1677 3085 Esdras
1740 3026 1919 3083 factus
1958 3036 2045 3083 est

449 3112 774 3170 Catholieus
816 3131 830 3168 :
880 3116 1118 3173 Joannes
1149 3132 1284 3173 vero
1315 3119 1467 3189 gravi
1501 3131 1629 3172 eum
1675 3117 1837 3173 oculo
1894 3117 2046 3188 aspi-

453 3207 661 3262 ciebat.

526 3297 693 3354 XVII.
740 3298 981 3355 Sedente
1038 3301 1160 3367 illo,
1216 3299 1504 3357 Heraclius
1567 3300 1868 3371 imperator
1914 3317 2044 3356 χχιιι

451 3391 577 3461 ejus
616 3390 833 3461 imperii
886 3407 1051 3459 anno,
1085 3408 1150 3448 ac
1176 3403 1378 3464 quarto
1433 3409 1464 3448 a
1523 3403 1701 3450 morte
1760 3395 2041 3462 Chosrois,

459 3495 714 3550 magnam
767 3481 1037 3553 synodum
1097 3485 1480 3540 universorum
1538 3485 1923 3557 episcoporum
1980 3503 2045 3543 ac

362 3600 369 3609 ι
456 3571 750 3626 doctorum
787 3574 1011 3643 majoris
1064 3575 1357 3642 Armeniae,
1421 3579 1704 3633 accersitis
1760 3577 2044 3635 Catholica

459 3660 726 3719 Esdra'ae
754 3666 1014 3721 clunibus
1046 3667 1252 3737 Azatis,
1294 3669 1718 3741 'I‘heodosiopoli
1757 3671 1873 3726 ﬁeri
1903 3689 2044 3742 prre-

454 3755 623 3823 cepit,
677 3771 741 3812 ac
794 3757 1041 3827 perquiri
1095 3767 1154 3815 et
1204 3759 1500 3831 dispicere,
1563 3761 1633 3815 de
1702 3761 1919 3817 duabus
1988 3764 2042 3818 in

453 3847 682 3901 Christo
721 3847 834 3903 Deo
867 3859 1055 3905 nostro
1081 3853 1317 3915 naturis,
1347 3867 1411 3907 ac
1436 3853 1504 3906 de
1543 3854 1752 3923 synodo
1812 3853 2042 3910 Chalce-

456 3940 710 3997 doneusi.
779 3941 1195 4014 Perquisierunt
1237 3960 1389 4015 ergo,
1441 3960 1539 4015 per
1599 3961 1865 4011 mensem,
1900 3962 2043 4018 eque

456 4031 760 4103 Seripturis
786 4036 992 4092 inducti
1021 4037 1088 4091 ad
1142 4037 1304 4092 iidem
1342 4040 1610 4106 Armenii,
1643 4041 1844 4110 scripta
1878 4056 2039 4094 manu

457 4128 678 4196 propria
712 4128 998 4193 schedula,
1032 4129 1167 4183 nihil
1199 4145 1259 4184 se
1283 4132 1520 4201 amplius
1548 4147 1615 4187 ea
1644 4133 1697 4185 in
1736 4148 1793 4187 re
1822 4142 2043 4187 contra-

456 4219 711 4274 dicturos
737 4221 1015 4291 jurarunt.

532 4311 720 4366 XVIII.
769 4312 994 4368 Reversi
1047 4329 1179 4385 ergo
1222 4324 1353 4370 sunt
1398 4315 1454 4370 in
1515 4316 1689 4371 Tiben
1741 4334 1755 4372 :
1814 4326 2042 4388 tumque

458 4402 702 4457 Joannes
759 4404 977 4461 sodales
1031 4408 1332 4464 monachos
1380 4412 1720 4479 provocavit,
1786 4427 1889 4468 nec
1929 4429 2040 4467 non

458 4495 803 4562 Stephanum
841 4498 1160 4570 episcopum
1193 4501 1601 4567 Catartamana,
1632 4520 1697 4558 ac
1736 4503 2040 4560 Mathusala

457 4598 641 4640 ortum
677 4586 826 4650 Sina.
863 4592 1240 4662 quosdamque
1301 4594 1458 4662 alios,
1524 4596 1668 4650 haud
1700 4597 1928 4651 omnino
1983 4597 2039 4651 in

457 4681 726 4751 synodum
782 4684 1229 4752 consentientes,
1286 4696 1346 4742 ut
1400 4703 1468 4743 ne
1527 4688 1714 4744 Esdm
1754 4688 2041 4745 Catholieo

456 4774 951 4844 communicarent,
991 4787 1242 4833 autcum
1294 4779 1383 4844 iis,
1462 4774 1557 4850 qui
1616 4780 1809 4836 eadem
1875 4788 2040 4852 atque

460 4867 551 4921 ille
594 4876 870 4935 saperent.
908 4867 1131 4924 Interim
1162 4885 1316 4936 vero,
1349 4870 1481 4925 dum
1516 4881 1782 4942 provocat
1824 4887 2038 4941 omnes,

458 4974 523 5013 ac
566 4959 770 5033 nititur
796 4977 825 5015 a
856 4963 1127 5018 sententia
1152 4978 1433 5028 revocare,
1484 4965 1768 5021 nonnullis
1804 4967 1917 5038 jam
1945 4981 2042 5021 eo-

460 5068 610 5117 rum,
633 5054 725 5123 qui
759 5054 1120 5112 interfuerant
1147 5060 1380 5129 synodo,
1410 5061 1679 5131 deceptis.
1711 5063 1862 5117 venit
1919 5064 2043 5118 Ste-

459 5144 676 5213 phanus
706 5145 1153 5209 Cartamanensis
1209 5153 1504 5224 episcopus
1535 5153 1601 5207 ad
1652 5154 1882 5209 Esdram
1936 5154 2043 5210 Ca-

460 5232 753 5289 tliolicum.
788 5236 1034 5295 Audiens
1064 5250 1248 5297 autem
1280 5242 1543 5312 prmfatus
1597 5242 1859 5311 Joannes,
1896 5245 2043 5315 quod

462 5338 575 5378 non
600 5324 702 5394 ipsi
727 5331 1211 5397 communicasset,
1239 5333 1543 5403 petulantia
1569 5333 1827 5399 maxima,
1860 5335 2045 5389 inimi-

462 5418 625 5474 c'tias
653 5419 707 5474 iu
740 5420 1081 5492 Stephanum
1109 5426 1298 5496 gessit,
1339 5426 1420 5482 uti
1451 5436 1508 5481 et
1535 5427 1590 5481 in
1618 5426 1944 5493 Mathusala,
1974 5442 2043 5482 eo

456 5507 605 5576 quod
633 5507 750 5578 ipse
790 5527 1013 5581 quoque
1064 5513 1133 5567 ad
1165 5514 1395 5573 Esdram
1428 5518 1769 5573 accessisset.
1811 5517 2038 5573 Dicebat

457 5611 615 5662 vero,
649 5598 826 5655 levius
852 5617 963 5670 prae
992 5602 1100 5657 illis
1122 5603 1440 5670 olfendisse,
1466 5621 1529 5660 ac
1548 5606 1760 5677 lapsum
1790 5622 1909 5662 esse
1940 5607 2040 5662 Es-

458 5687 617 5743 dram
648 5705 659 5740 :
694 5690 832 5746 Nam
858 5693 970 5757 ille,
1001 5694 1200 5766 inquit,
1236 5713 1298 5751 ex
1342 5699 1674 5769 imperatoris
1704 5705 1844 5753 metu
1884 5715 1916 5753 α
1957 5714 2043 5754 ve-

677 5803 822 5883 pege
846 5806 1148 5883 Bliasianis,
1178 5810 1271 5883 qui
1302 5822 1431 5868 sunt
1461 5812 1515 5868 in
1538 5811 1822 5868 Colchide.

531 5871 643 5943 (l9)
674 5871 804 5946 Leé.
837 5877 983 5933 τότε.

2135 1922 2188 1975 ei
2212 1923 2269 1976 δὲ
2300 1924 2380 1986 είς
2428 1922 2759 1993 Ῥωμανίαν,
2795 1923 2846 1976 οἱ
2876 1921 2970 1976 καὶ
2995 1920 3357 1991 ἐτελεύτησαν
3398 1923 3491 1975 ἐπὶ
3542 1920 3722 1990 ξένης.

2139 2012 2273 2069 Εἶτα
2300 2017 2548 2085 Κομιτάς
2575 2016 2604 2068 6
2631 2016 2940 2080 καθολικδς,
2958 2015 3101 2085 ὑπὲρ
3123 2005 3189 2067 οὗ
3239 2013 3474 2085 μεγάλαι
3504 2016 3730 2085 συνοχαὶ

2136 2108 2234 2161 καὶ
2270 2108 2482 2177 θλίψεις
2505 2108 2795 2176 γεγόνασιν
2826 2109 2885 2161 ὲν
2928 2107 3209 2177 Ῥωμανίᾳ
3240 2107 3331 2161 διά
3360 2107 3542 2178 χειρὸς
3585 2108 3730 2175 Περ-

2138 2198 2270 2251 σῶν.
2299 2191 2470 2260 οὗτος
2503 2197 2533 2249 ὁ
2555 2195 2805 2267 Κομιτάς
2833 2194 3034 2266 μᾶλλον
3066 2195 3209 2264 ὑπὲρ
3238 2193 3450 2257 πάντας
3482 2193 3728 2263 διήγειρε

2137 2290 2240 2360 τὴν
2280 2288 2640 2358 φιλονικεέαν,
2674 2290 2755 2351 si;
2778 2288 2841 2340 τὸ
2895 2287 3299 2359 άναθεματίσαι
3355 2285 3459 2358 τὴν
3507 2284 3731 2339 σύνοδον

2140 2380 2486 2451 Χαλκηδόνος
2514 2396 2531 2412 ο
2560 2380 2621 2443 δς
2650 2378 2747 2433 καὶ
2796 2377 2990 2448 λόγους
3049 2378 3280 2443 πολλοὺς
3331 2378 3603 2448 πεποίηκε
3648 2377 3732 2446 τῷ

2144 2473 2260 2543 ἰδίῳ
2287 2473 2512 2542 ὀνόματι
2549 2471 2644 2524 τοῦ
2676 2471 2833 2539 ἁγίου
2877 2472 3089 2535 Ἰσαάκ,
3110 2471 3192 2523 ἑνὶ
3220 2469 3411 2541 βιϐλίῳ
3442 2468 3504 2522 τδ
3550 2469 3733 2539 δνομά

2143 2568 2291 2619 ἐστιν
2332 2564 2722 2633 Ἀμαρτανὰκ,
2763 2565 2905 2616 κατὰ
2930 2562 3032 2633 τὴν
3078 2563 3377 2633 Ἀρμενίων
3421 2561 3729 2617 διάλεκτον.

2149 2659 2245 2722 ’ος
2269 2658 2364 2710 καί
2396 2674 2520 2712 τινα
2576 2656 2832 2725 Ἰωάννην
2859 2655 3114 2709 ιϐούλετο
3168 2655 3414 2726 διάδοχον
3473 2654 3734 2723 γενέσθαι

2141 2749 2237 2803 τοῦ
2276 2749 2469 2821 θρόνου
2510 2748 2679 2803 αὑτοῦ
2713 2763 2730 2778 ·
2786 2748 2815 2801 δ
2843 2748 2906 2802 ού
2963 2747 3163 2818 συνιδη
3233 2748 3407 2816 αὐτῷ,
3466 2748 3604 2800 ἀλλά
3650 2750 3733 2819 τῷ

2143 2842 2524 2912 Χριστοφόρῳ.
2571 2841 2680 2893 Καὶ
2708 2839 2766 2892 ιν
2793 2839 2871 2908 τῷ
2902 2836 3349 2907 καταδεδλῆσοαι
3377 2838 3469 2891 τὸν
3500 2838 3736 2909 Χριστο-

2143 2933 2311 3004 φόρον
2342 2932 2449 2987 ἀπὸ
2489 2928 2586 2985 τοῦ
2624 2929 2841 3001 θρόνου,
2907 2930 3127 3001 ἔχαιρεν
3170 2933 3200 2985 6
3262 2931 3515 3001 Ἰωάννης
3539 2947 3555 2963 ο
3613 2930 3737 2983 ἀλλ’

2143 3026 2265 3079 οὐδὲ
2291 3026 2410 3079 τότε
2436 3024 2724 3095 ἐπέτυχεν.
2764 3025 3017 3093 Ἐγένετο
3041 3024 3150 3096 γάρ
3172 3028 3201 3079 ὁ
3235 3026 3464 3097 Ἐσδράς
3494 3027 3520 3079 6
3551 3026 3736 3080 Καθο-

2144 3119 2318 3181 λικός.
2358 3118 2419 3172 Ὀ
2449 3118 2507 3171 δὲ
2544 3117 2803 3189 Ἰωάννης
2833 3118 3082 3189 βλοσυρῷ
3109 3117 3189 3191 τῷ
3237 3118 3505 3191 ὀφθαλμῷ
3567 3117 3737 3174 αὐτὸν

2067 3216 2113 3278 (ζ
2147 3207 2478 3262 ύπίόλεπεν.

2219 3297 2317 3355 IZ'.
2361 3295 2512 3369 Ἑνῷ
2543 3300 2722 3372 καιρῷ
2756 3301 2785 3355 δ
2819 3299 3095 3373 Ἠράκλης
3124 3304 3331 3373 καῖσαρ
3356 3299 3434 3373 τῷ
3484 3308 3569 3370 κγ’
3620 3299 3738 3355 ἔτει

2145 3394 2247 3463 τῆς
2278 3393 2559 3465 βασιλείας
2589 3393 2779 3460 αὑτοῦ,
2808 3396 2906 3450 καλ⁵
2953 3397 3012 3449 ὲν
3048 3395 3297 3466 τετάρτῳ
3336 3394 3447 3449 ἔτει
3490 3394 3592 3465 τῆς
3646 3410 3738 3448 τε·

2145 3485 2342 3558 λευτῆς
2378 3487 2472 3541 τοῦ
2507 3487 2747 3561 Χοσρόη,
2792 3488 3048 3543 ἐκέλευσε
3081 3489 3299 3543 σύνοδον
3332 3487 3586 3557 γενέσθαι
3638 3501 3739 3557 με·

2146 3580 2318 3649 γάλην
2351 3580 2569 3635 πάντων
2598 3579 2916 3634 ἐπισκόπων
2944 3580 3041 3633 καὶ
3070 3578 3409 3633 διδασκάλων
3428 3577 3531 3648 τῆς
3563 3576 3738 3648 μεγά-

2144 3672 2244 3743 λης
2290 3672 2605 3743 Ἀρμενίας,
2654 3673 2751 3725 σὺν
2782 3671 2860 3743 τῷ
2890 3671 3180 3742 Καθολικῷ
3225 3671 3420 3742 Ἐσδρᾷ
3452 3671 3546 3724 καλ⁸
3596 3671 3737 3724 πᾶσι

2143 3768 2257 3830 τοῖς
2279 3766 2526 3830 Ἀζάτοις
2555 3767 2615 3819 ἐν
2640 3763 3107 3827 Θεοδοσιουπόλει,
3127 3764 3357 3835 ἔρευναν
3388 3763 3613 3833 ποιῆσαι
3636 3763 3734 3815 καὶ

2147 3857 2276 3911 ἰδεῖν
2311 3858 2443 3931 περὶ
2475 3858 2585 3923 τῶν
2606 3855 2700 3911 δύο
2731 3855 2949 3926 φύσεων
2996 3855 3110 3909 τῶν
3131 3856 3191 3908 ιν
3214 3854 3439 3926 Χριστῷ
3484 3853 3562 3926 τῷ
3608 3852 3734 3923 Θεῷ

2142 3947 2325 4018 ἡμῶν,
2363 3948 2455 4001 καὶ
2481 3948 2729 4019 περὶτῆς
2763 3946 2984 4001 συνόδου
3008 3947 3107 4015 τῆς
3132 3945 3496 4015 Χαλκηδόνος.
3539 3943 3736 4016 Ἦρεύ-

2143 4058 2313 4112 νησαν
2335 4039 2424 4094 οὖν
2461 4040 2548 4095 διά
2572 4039 2743 4111 μηνὸς
2771 4040 3018 4111 ἡμερῶν,
3037 4041 3133 4095 καὶ
3158 4039 3493 4108 ἐπείσθησαν
3515 4040 3565 4092 οἱ
3598 4038 3657 4092 Ἀ
3669 4054 3736 4110 ρ-

2148 4133 2320 4204 μὲνιοι
2366 4133 2474 4187 ἀπὸ
2504 4133 2614 4189 τῶν
2641 4133 2894 4205 Γραᾳῶν,
2919 4138 3014 4186 καὶ
3035 4130 3255 4203 ὤμοσαν
3279 4132 3567 4204 ἐγγράφως
3609 4132 3737 4185 ἰδιο-

2144 4224 2361 4295 χείρως,
2388 4221 2483 4276 τοῦ
2515 4223 2714 4295 μηκέτι
2747 4224 3050 4292 ἀντιλέγειν
3079 4240 3146 4276 πε
3158 4224 3209 4292 ρὶ
3237 4222 3426 4276 αὑτοῦ.

2216 4316 2323 4370 IH'.
2365 4315 2844 4387 Ὑποστρέψαντες
2873 4316 2953 4379 είς
2983 4315 3045 4367 τὸ
3092 4314 3285 4385 Τιϐὴν,
3339 4314 3436 4366 καὶ
3484 4315 3513 4367 ὁ
3570 4312 3732 4376 αὐτὸς

2157 4407 2412 4478 Ἰωάννης
2441 4406 2804 4478 παρώτρυνεν
2837 4408 2964 4469 τοὺς
2998 4406 3386 4476 συμμοναχοὺς
3415 4404 3602 4467 αὐτοῦ,
3636 4406 3733 4458 καὶ

2146 4501 2238 4554 τὸν
2301 4500 2575 4569 Στέφανον
2619 4499 2919 4553 ἐπίσκοπον
2977 4497 3421 4568 Καταρταμανᾶ,
3487 4498 3583 4548 καὶ
3638 4496 3732 4548 τὸν

2143 4590 2478 4644 Μαθουσάλα
2508 4589 2618 4642 ἀπὸ
2646 4589 2741 4642 τοῦ
2768 4590 2958 4659 Σινῆς,
2989 4591 3084 4642 καὶ
3133 4587 3329 4650 ἄλλους
3379 4587 3552 4652 τινάς,
3603 4587 3732 4651 τοὺς

2145 4683 2220 4753 μὴ
2244 4682 2447 4735 ἅπασιν
2467 4681 2711 4746 εἴξαντας
2740 4683 2821 4745 εἰς
2852 4682 2952 4752 τὴν
2982 4681 3221 4743 σύνοδον,
3248 4679 3336 4733 ἵνα
3371 4680 3446 4750 μὴ
3471 4680 3732 4749 κοινωνή-

2145 4791 2312 4828 σωσιν
2352 4775 2549 4845 Ἐσδρᾷ
2589 4774 2906 4845 Καθολικῷ,
2934 4775 3071 4845 μηδὲ
3088 4776 3218 4843 ,τοῖς
3260 4773 3358 4827 σὶιν
3388 4772 3540 4843 αὐτῷ
3594 4773 3730 4843 δμο-

2144 4868 2505 4938 φρονήσαων.
2551 4868 2674 4921 Ὀτι
2696 4867 2808 4937 (I9)
2842 4868 3010 4921 αὐτοῦ
3038 4865 3479 4937 παροτρύνοντος
3516 4864 3731 4926 πάντας

2142 4963 2237 5014 καὶ
2253 4960 2658 5027 άναπείθοντος,
2685 4961 2778 5014 καί
2803 4977 2954 5024 τινας
2988 4959 3099 5013 τῶν
3129 4962 3188 5012 ὲν
3216 4961 3283 5028 τῇ
3317 4959 3520 5029 συνόδῳ
3551 4959 3731 5011 ἀπαν-

2139 5054 2427 5125 τησάντων
2454 5054 2589 5125 (20),
2629 5052 2750 5123 μεθ’
2785 5052 3003 5124 ἡμέρας
3030 5052 3184 5113 τινάς
3212 5047 3422 5120 ἦλθενὸ
3451 5051 3730 5119 Στέφανος

2138 5148 2167 5199 ὁ
2194 5145 2502 5216 Καρταμάν
2520 5145 2820 5209 ἐπίσκοπος
2854 5144 2994 5216 πρὸς
3033 5144 3265 5213 Ἐσδρὰν
3289 5143 3380 5197 τὸν
3414 5142 3728 5197 καθολικόν.

2153 5238 2418 5303 Ἀκούσας
2441 5239 2499 5291 δὲ
2536 5239 2880 5310 δείρημένος
2923 5238 3205 5307 Ἰωάννης,
3244 5237 3327 5289 ὅτι
3370 5236 3471 5289 οὐκ
3500 5236 3728 5289 ἐκοινώ-

2140 5345 2305 5399 νησεν
2333 5329 2504 5399 αύτῷ,
2534 5330 2674 5399 μετὰ
2716 5329 2985 5398 μεγίστης
3013 5326 3375 5397 θρασύτητος,
3420 5324 3623 5395 ἔχθραν
3650 5323 3732 5395 τῷ

2141 5420 2402 5489 Στεφάνῳ
2464 5420 2870 5491 κατηργάσατο,
2948 5413 3059 5471 οἷον
3109 5418 3204 5470 καὶ
3254 5416 3329 5486 τῷ
3371 5415 3727 5486 Μαθουσάλᾳ.

2146 5511 2342 5581 Ἔλεγε
2371 5513 2428 5566 δὲ
2450 5516 2477 5566 6
2510 5514 2800 5583 εἰρημένος
2841 5511 3117 5581 Ἰωάννης,
3149 5510 3230 5562 ὅτι
3257 5510 3589 5580 κουφότερόν
3612 5509 3730 5560 ἐστι

2143 5604 2206 5657 τὸ
2261 5608 2513 5676 πταῖσμα
2559 5605 2654 5658 τοῦ
2700 5604 2899 5675 Ἐσδρᾶ
2943 5605 3038 5657 καὶ
3071 5604 3131 5657 τὸ
3190 5601 3433 5672 σφάλμα.
3484 5599 3621 5669 πρὸς
3658 5600 3728 5652 τά

2150 5697 2395 5767 ὑμέτερα
2452 5697 2770 5768 πταίσματα
2799 5714 2813 5727 ’
2857 5696 3048 5763 Αὐτὸς
3092 5694 3199 5766 γὰρ
3236 5694 3335 5748 διὰ
3374 5693 3563 5764 εςόόον
3616 5688 3727 5746 τοῦ

2216 5811 2329 5884 (ἓΟ)
2365 5812 2491 5884 ch.
2528 5814 2927 5885 ἀπατήσαντος.
