4036 6424
425 331 536 394 899

1673 325 2030 387 PHILIPPI
2074 325 2474 388 SOLITARII

3584 332 3697 394 900

427 439 678 506 confuse,
719 437 973 493 indivise.
1023 433 1391 501 Quamobrem
1417 433 1584 489 etiam
1627 437 1830 504 scripta
1887 451 2018 490 cau-

2140 439 2564 510 ινορωπότητος,
2602 445 2659 496 ἐν
2691 445 2792 514 μιᾷ
2838 445 3156 509 ὑποστάσει,
3201 447 3479 515 άφύρτως,
3534 448 3710 502 άδια·.-

431 537 582 589 tione
602 535 953 605 juraveruut,
991 529 1108 582 fore
1144 537 1203 582 ut
1232 543 1511 597 nunquam
1545 530 2010 585 contratlicercnt.

429 628 668 682 Rursum
702 633 884 676 autem
908 636 1034 674 cum
1057 629 1245 673 essent
1276 620 1504 682 reversi,
1547 621 1640 690 qui
1669 621 1725 674 in
1758 621 2014 675 Armenia

431 717 606 772 relicti
641 718 881 775 fuerant,
918 728 1110 767 eorum
1175 712 1471 765 adventum
1519 713 1744 768 moleste
1809 713 2019 768 habue-

430 817 578 867 runt,
608 815 863 875 tanquam
889 819 1080 858 eorum
1107 804 1200 872 qui
1239 803 1292 856 in
1315 802 1565 858 eamdem
1597 819 1722 858 cunt
1753 804 2017 859 Romanis

428 898 761 952 sententiam
817 895 1267 950 concessissent:
1302 896 1676 966 deincepsque
1721 896 1913 950 turbas
1954 913 2017 951 ac

427 985 766 1054 quaestiones
805 984 1103 1037 movebant
1129 999 1254 1037 cum
1290 984 1462 1047 Isaac,
1496 1000 1560 1039 ac
1616 984 1705 1048 iis,
1747 985 1841 1053 qui
1889 1000 2016 1039 cum

429 1077 548 1144 ipso
579 1075 816 1143 profecti
861 1073 1100 1135 fuerant,
1135 1073 1381 1128 dicentes
1414 1091 1428 1128 :
1467 1075 1569 1129 Viri
1612 1077 2014 1140 convertamini,

427 1169 604 1235 risque
629 1167 819 1218 dicatis
851 1167 1160 1229 anathema,
1197 1180 1298 1245 non
1337 1167 1614 1235 recipimus
1642 1183 1731 1220 vos
1764 1168 1817 1220 in
1847 1166 2018 1221 locum

431 1269 694 1313 nostrum.
765 1259 847 1312 llli
906 1266 1114 1322 autent,
1186 1257 1360 1326 magis
1415 1258 1702 1313 hominum
1765 1260 2017 1328 gloriam,

429 1368 598 1422 quam
623 1351 720 1407 Dei
755 1351 1070 1420 diligentes,
1120 1351 1416 1405 anathema
1481 1366 1677 1406 rursus
1728 1352 1831 1406 sibi
1893 1352 2018 1422 ipsi,

431 1448 669 1516 primum
702 1445 982 1510 dixerunt,
1014 1459 1116 1498 ceu
1149 1445 1217 1499 iis
1245 1445 1339 1514 qui
1368 1445 1873 1500 communicassent
1893 1460 2019 1500 cum

430 1538 729 1603 Romanis;
763 1551 828 1592 ac
865 1536 1074 1590 inventi
1105 1545 1236 1590 sunt
1265 1535 1605 1590 insanabiles
1634 1535 1689 1590 in
1736 1536 1915 1590 malis.

845 1669 985 1724 XXI.
1030 1668 1294 1724 Catholici
1333 1670 1615 1724 Armenia.

504 1806 739 1864 Sanctus
763 1806 1084 1879 Gregorius,
1117 1771 1442 1876 praclarum
1469 1805 1603 1861 illud
1636 1806 1848 1873 lumen,
1881 1819 2014 1862 ann.
2049 1789 2097 1847 Β

430 1915 558 1954 III.

501 1992 738 2047 Sanctus
765 1992 1031 2047 Rostaces
1057 1991 1179 2063 ejus
1203 1990 1369 2058 ﬁlius,
1401 2005 1534 2048 ann.
1567 2007 1631 2048 ιι.

502 2085 795 2151 Bartanes,
831 2099 966 2140 ann.
1014 2099 1098 2139 ιιι.

497 2176 823 2247 Gregorius,
853 2191 983 2230 ann.
1018 2191 1093 2230 ιι.

499 2267 729 2332 Jusech,
767 2282 894 2321 ann.
938 2283 1017 2321 γι.

500 2354 854 2409 Pharnescch
887 2354 954 2408 de
983 2353 1267 2424 provincia
1299 2353 1696 2423 Aspracorum,
1751 2370 1882 2408 ann.
1944 2373 2017 2413 tv.

502 2445 741 2501 Sanctus
758 2444 1047 2509 Norseses,
1068 2460 1202 2499 anu.
1225 2461 1411 2500 xxxiv.
1443 2445 1583 2500 Eum
1611 2445 1816 2501 occidit
1847 2447 2022 2502 Phar-

433 2551 544 2592 me.

503 2628 643 2682 Tum
671 2627 742 2682 ita
770 2629 956 2694 Jusee,
1003 2642 1133 2682 ann.
1166 2643 1248 2683 ιιι.

500 2716 768 2786 Zagenes,
805 2733 936 2771 ann.
973 2732 1046 2770 tv.

501 2812 894 2880 Aspuraceses,
919 2826 1050 2864 ann.
1085 2827 1180 2865 vu.
1208 2811 1347 2866 Tres
1368 2809 1456 2865 isti
1484 2811 1783 2880 provinciae
1809 2811 2022 2870 Achare

430 2913 591 2958 erant
619 2904 888 2974 episcopi,
924 2906 1151 2960 nomine
1188 2913 1401 2958 tantum
1445 2903 1738 2961 Catholici.
1769 2907 1889 2962 Non
1924 2923 2024 2962 au-

431 2995 635 3050 debant
660 2996 908 3066 episcopi
941 2996 1349 3050 ordinationem
1381 2996 1584 3064 facere,
1608 2998 1779 3068 quod,
1815 2999 1887 3053 ob
1919 3017 2024 3054 ne-

431 3105 550 3143 cem
605 3092 777 3144 sancti
829 3089 1100 3153 Norsesis,
1145 3089 1562 3158 prohibuissent
1618 3092 2020 3162 archiepiscopi

429 3180 691 3236 Caesareae
740 3182 1121 3237 ordinationes
1146 3180 1539 3251 episcoporum
1577 3184 1800 3253 majoris
1826 3185 2025 3239 Arme-

434 3271 564 3326 uiae.

504 3363 701 3416 Postea
730 3369 916 3415 autem
949 3371 1181 3416 sanctus
1229 3361 1386 3416 Isaac
1433 3359 1752 3417 facultatem
1811 3365 2027 3434 accepit

432 3453 726 3508 ordinandi
787 3452 1083 3522 episcopos
1132 3452 1185 3506 in
1233 3453 1516 3517 Armenia,
1579 3455 1859 3526 gessitque
1910 3456 2026 3526 ipse

433 3547 818 3618 episcopatum
849 3561 980 3600 ann.
1032 3562 1121 3602 ιι..
1167 3546 1298 3601 Post
1347 3562 1525 3602 annos
1565 3556 1749 3604 autem
1790 3550 2025 3619 aliquot,

435 3640 842 3695 calumniantes
893 3640 1144 3695 Armenii
1203 3654 1389 3710 regem
1445 3655 1606 3696 suum
1660 3642 1908 3709 Artaser,
1962 3657 2028 3698 ac

435 3741 689 3786 sanctum
717 3731 893 3798 Isaac,
931 3731 1078 3803 apud
1138 3746 1321 3802 regem
1370 3731 1664 3786 Persarum
1697 3731 2029 3803 Bramsapo-

437 3838 577 3887 rem,
606 3824 774 3892 ,velut
805 3825 860 3881 in
911 3823 1058 3880 idem
1101 3823 1511 3894 conspirantes,
1547 3822 1870 3896 deiecerunt
1897 3839 2026 3880 eum

433 3930 466 3971 e
499 3916 700 3971 throno
730 3917 874 3989 ejus.

507 4009 636 4065 Post
691 4023 822 4065 vero
883 4007 1162 4080 deiectum
1210 4009 1394 4073 Isaac,
1452 4007 1684 4079 jubente
1734 4007 2028 4066 Persarum

436 4117 589 4173 rege,
621 4115 688 4157 ac
718 4116 820 4157 suo
853 4103 1101 4172 ipsorum
1133 4101 1389 4167 consilio,
1435 4100 1761 4157 Sormacunt
1803 4100 1873 4156 de
1922 4101 2028 4157 Ar

439 4203 594 4250 tzace
625 4195 1037 4250 constituerunt
1062 4193 1435 4262 Catholicum,
1471 4193 1833 4251 criminantes
1853 4194 2026 4252 Isaac.

511 4397 688 4451 Porro
716 4395 773 4450 in
806 4395 1053 4467 ejusdem
1085 4395 1231 4451 versi
1273 4395 1486 4462 odium,
1527 4395 1598 4452 de
1650 4395 1782 4452 sede
1812 4395 2030 4468 dejecc-

2121 537 2314 604 ρὲτως.
2345 535 2456 587 Καὶ
2483 535 2571 589 διὰ
2597 535 2754 589 τοῦτο
2769 537 3067 609 ἐγγράφως
3096 537 3343 606 ὤμοσαν,
3375 537 3474 590 τοῦ·
3503 540 3709 608 μηκέτι

2122 623 2373 692 γενέσθαι
2407 627 2487 688 είς
2519 627 2718 691 αὐτοὺς
2751 628 3087 696 ἀντιλογίαν.
3139 629 3310 683 Πάλιν
3350 628 3406 682 δὲ
3432 631 3712 701 ὑποστρε-

2117 719 2334 788 ψάντων
2361 720 2565 786 αὐτῶν,
2603 722 2651 775 οί
2675 722 3132 790 καταλειφθέντες
3183 724 3240 775 ὲν
3291 725 3358 793 τῇ
3424 723 3714 794 Ἀρμενίᾳ,

2119 811 2504 882 ἐδυσχέραινον
2527 813 2594 882 τῇ
2617 812 2824 866 τούτων
2849 813 3163 883 ἑπιστασίᾳ,
3179 812 3254 876 ὡς
3290 816 3680 884 ὁμοφρονηαάν
3696 844 3714 854 -

2121 922 2229 958 των
2262 905 2401 974 μετὰ
2433 903 2542 956 τῶν
2580 904 2896 975 Ῥωμαίων.
2954 905 3062 959 Καὶ
3097 904 3285 958 λοιπον
3339 907 3558 968 στάσεις
3621 907 3715 958 καὶ

2123 996 2455 1067 συζητήσεις
2499 998 2719 1050 ἐποίουν
2752 998 2890 1068 μετὰ
2930 997 3024 1051 τοῦ
3066 997 3254 1052 Ἰσαὰκ
3319 998 3547 1051 καὶτῶν
3587 1015 3716 1050 συν-

2125 1088 2473 1141 απελθόντων
2507 1088 2678 1158 αὑτῷ,
2702 1087 2948 1156 λέγοντες
2981 1103 2995 1117 ·
3022 1089 3104 1142 ὅτι
3138 1087 3281 1140 Ἐὰν
3294 1087 3381 1156 μὴ
3407 1085 3716 1156 στραφῆτε

2122 1181 2221 1234 καί
2263 1180 2711 1250 ἀναθεματίζέτε
2741 1181 2982 1247 αὐτοὺς,
3011 1182 3084 1234 οὐ
3107 1174 3416 1249 ’δεχόμεθα
3447 1180 3599 1249 ὑμᾶς
3624 1183 3716 1245 εἰς

2122 1279 2312 1330 τόπον
2334 1274 2524 1344 ἡμῶν.
2555 1276 2719 1329 Αὐτοὶ
2742 1276 2797 1328 δὲ
2830 1276 3218 1346 ἀγαπήσαντες
3249 1275 3348 1344 τὴν
3391 1274 3550 1339 δόξαν
3603 1275 3718 1326 τῶν

2123 1367 2430 1438 ἀνθρώπων
2480 1368 2512 1439 ἢ
2544 1368 2644 1437 τὴν
2676 1366 2834 1433 δόξαν
2869 1367 2962 1420 τοῦ
2993 1367 3156 1430 Θεοῦ,
3225 1365 3389 1419 πάλιν
3439 1365 3716 1434 ἀνεθεμά·

2122 1474 2280 1510 τισαν
2309 1457 2523 1527 πρῶτον
2553 1459 2800 1521 ἑαυτοὺς,
2827 1457 2901 1521 ὡς
2935 1458 3380 1527 κοινωνήσαντας
3430 1458 3542 1518 τοῖς
3581 1453 3719 1508 Ῥω·

2127 1551 2331 1622 μαίοις.
2362 1550 2679 1620 Εὐρέθησαν
2707 1550 2766 1603 δὲ
2807 1550 3017 1603 ἀνίατοι
3040 1552 3098 1602 ὲν
3125 1550 3246 1611 ταῖς
3288 1546 3533 1610 κακίαις.

2409 1663 2542 1723 KA'.
2594 1665 2912 1720 Καθολικοί
2940 1662 3048 1731 τῆς
3095 1662 3428 1731 Ἀρμενίας.

2205 1801 2266 1858 '0
2292 1802 2446 1872 ἅγιος
2467 1802 2795 1873 Γρηγόριος,
2826 1801 2854 1854 ὁ
2887 1795 3136 1869 φωστὴρ,
3161 1795 3257 1866 ἔτη
3278 1793 3346 1850 λ’.

2203 2005 2266 2060 ’0
2297 2005 2453 2073 άγιος
2493 2003 2812 2072 Ῥωστάκης
2834 2002 2863 2056 ὁ
2887 2000 3003 2065 υίὸς
3032 1998 3223 2066 αὑτοῦ,
3255 1997 3354 2070 ἐτη
3384 1997 3455 2069 β’.

2205 2095 2266 2151 ’0
2288 2093 2590 2166 Βαρτανὲς,
2623 2093 2718 2163 ἔτη
2744 2089 2817 2161 γ’.

2205 2188 2266 2242 Ὅ
2293 2187 2614 2260 Γρηγόριος,
2641 2185 2738 2254 ῑτη
2769 2190 2859 2240 ια’.

2205 2281 2265 2334 '0
2306 2279 2541 2348 Ἰουσὴκ,
2573 2278 2667 2349 ἐτη
2701 2276 2778 2342 ς’.

2207 2373 2270 2426 '0
2317 2370 2597 2443 Φαρνεσὲχ
2625 2371 2734 2424 ἀπὸ
2754 2369 2866 2424 τῶν
2900 2367 3232 2440 Ἀσπράκων
3266 2365 3474 2438 χώρας,
3531 2363 3628 2437 ἔτη
3654 2364 3720 2419 δ’.

2209 2463 2270 2516 '0
2303 2464 2458 2533 ἆγιος
2490 2462 2797 2532 Νορσέσης,
2824 2460 2920 2530 ιτη
2943 2459 3042 2527 λδθ,
3081 2458 3143 2512 ὃν
3170 2457 3466 2514 ἀπέκτεινε
3494 2457 3721 2528 Φάρμη.

2196 2637 2313 2696 Εἶθ’
2338 2640 2509 2703 οὕτως
2556 2640 2791 2711 Ἰουσὴκ,
2823 2639 2920 2710 ἔτη
2959 2638 3032 2710 γ’.

2212 2736 2272 2789 ὐ
2303 2737 2566 2805 Ζαγένης,
2595 2735 2690 2804 ἐτη
2717 2731 2781 2788 δ’.

2208 2829 2269 2883 .0
2340 2827 2816 2898 Ἀσπονρακέσης,
2890 2827 2987 2897 ἐτη
3036 2827 3102 2892 ζ’.
3153 2820 3311 2882 Οὗτοι
3354 2830 3403 2882 οί
3437 2831 3586 2900 τρεῖς
3617 2831 3724 2901 τῆς

2139 2922 2344 2995 Ἀχάρη
2367 2920 2554 2993 χώρας
2584 2923 2875 2976 ἐπίσκοποι
2903 2916 3065 2992 ἦσαν,
3099 2920 3271 2990 ὕνομα
3307 2921 3469 2992 μόνον
3505 2923 3725 2992 ἔχοντες

2127 3015 2454 3070 Καθολικόν.
2517 3014 2842 3066 Ἐπὶσκοποι
2883 3013 3216 3083 χειροτονεῖν
3279 3012 3380 3065 οὐκ
3426 3013 3672 3083 ἐτόλμων
3707 3053 3724 3076 ,

2128 3107 2317 3178 ὶπειδὴ
2350 3105 2440 3160 διὰ
2471 3106 2562 3158 τὸν
2589 3104 2819 3159 θάνατον
2848 3103 2943 3158 τοῦ
2998 3103 3157 3172 ἁγίου
3205 3104 3459 3176 Νορσέση
3515 3104 3724 3159 ἐκωλύ-

2131 3200 2306 3270 θησαν
2339 3197 2492 3268 παρὰ
2514 3196 2608 3250 τοῦ
2641 3195 3078 3268 ἁρχιεπισκόπου
3112 3197 3457 3267 Καισαρείας
3508 3197 3564 3249 αἱ
3605 3214 3725 3268 χει-

2134 3289 2371 3364 ροτονίαι
2393 3289 2502 3342 τῶν
2531 3291 2849 3343 ἐπισκόπων
2871 3290 2971 3359 τῆς
3002 3290 3246 3360 μεγάλης
3287 3289 3607 3361 Ἀρμενίας.

2203 3377 2338 3436 Εἶτα
2377 3383 2406 3434 ὀ
2435 3381 2591 3449 ἅγιος
2642 3381 2830 3434 Ἰσαάκ
2869 3380 3063 3435 ἔλασιν
3098 3378 3348 3444 ἐξουσίαν
3396 3383 3726 3452 χειροτονεῖν

2132 3475 2213 3539 είς
2249 3475 2545 3547 Ἀρμενίαν
2582 3475 2943 3539 ἐπισκόπους,
2967 3473 3026 3538 ὃς
3051 3474 3146 3527 καὶ
3189 3473 3574 3543 ὲπεσκόπησεν
3627 3472 3726 3532 ετη

2132 3573 2208 3638 μ’.
2257 3567 2415 3622 Μετὰ
2443 3567 2501 3621 δὲ
2530 3566 2760 3639 χρόνους
2788 3565 2941 3630 τινὰς
2977 3565 3359 3628 διαϐάλλοντες
3389 3564 3467 3636 τῷ
3498 3565 3727 3636 Περσῶν

2131 3659 2364 3731 βασιλεῖ,
2389 3658 2469 3731 τῷ
2499 3659 2658 3730 Βρὰμ
2681 3657 2975 3726 Σαπῶ,τδν
3000 3657 3131 3712 ἴδιον
3152 3657 3378 3729 βασιλέα
3421 3657 3727 3731 Ἀρτασὴρ,

2130 3751 2228 3806 καὶ
2261 3751 2368 3813 έτδν
2421 3751 2581 3820 ἅγιον
2650 3751 2861 3814 Ἰσαὰκ,
2891 3749 2968 3815 ὡς
3025 3752 3516 3822 ὁμοφρονήσαντας
3563 3751 3622 3804 ἂν
3654 3752 3725 3823 τῇ

2133 3845 2300 3917 βουλῇ
2345 3843 2529 3899 αὐτῶν
2555 3883 2572 3910 ,
2627 3842 2932 3899 κατέϐαλον
2975 3842 3140 3898 αὑτὸν
3197 3842 3307 3899 ἀπὸ
3366 3842 3462 3898 τοῦ
3528 3842 3728 3915 θρόνου

2129 3935 2320 3996 αὑτοῦ.

2203 4027 2317 4081 Καὶ
2350 4026 2489 4098 μετὰ
2528 4026 2630 4098 τὴν
2660 4028 2935 4082 ἔκπτωσιν
2965 4025 3060 4083 τοῦ
3101 4026 3310 4094 Ἰσαάκ,
3352 4027 3445 4083 τὸν
3505 4028 3728 4099 Σορμάν

2131 4116 2358 4172 ἀπὸτοῦ
2399 4117 2692 4190 Ἀρτζακέ,
2737 4120 2806 4190 τῇ
2840 4117 3140 4186 προστάξει
3193 4117 3290 4172 τοῦ
3330 4117 3439 4172 τῶν
3495 4117 3728 4188 Περσῶν

2133 4209 2420 4280 βασιλέως,
2453 4210 2550 4264 καὶ
2577 4210 2644 4280 τῇ
2678 4208 2785 4280 ἰδία
2825 4209 3008 4263 αὐτῶν
3033 4207 3222 4281 βουλῇ,
3245 4208 3510 4266 ικάθισαν
3563 4208 3730 4263 αὑτὸν

2135 4301 2461 4370 Καθολικδν,
2492 4302 2878 4366 διαϐάλλοντες
2900 4301 2993 4355 τὸν
3031 4301 3242 4358 Ἰσαάκ.

2203 4395 2554 4466 Μισήσαντις
2583 4394 2642 4449 δι
2675 4394 2866 4460 αὒτδν,
2903 4393 3208 4449 κατέϐαλον
3245 4393 3354 4447 ἀπὸ
3389 4393 3484 4448 τοῦ
3532 4394 3731 4464 θρόνου

439 4498 593 4555 runt,
620 4497 873 4559 petentes
915 4504 946 4543 a
995 4487 1289 4544 Persarum
1331 4505 1481 4562 rege,
1525 4499 1692 4560 atque
1734 4490 2025 4545 dicentes:

2140 4486 2324 4556 αὐτοῦ,
2355 4485 2498 4560 [καὶ]
2551 4487 2878 4558 αἰτήσαντες
2929 4485 3011 4557 τῷ
3067 4486 3178 4540 τῶν
3214 4485 3440 4557 Περσῶν
3494 4485 3731 4556 βασιλεῖ,

439 4581 523 4636 Da
565 4582 711 4636 nobis
757 4581 822 4635 de
868 4583 1079 4653 regione
1119 4591 1235 4645 tua,
1274 4599 1368 4637 nec
1420 4584 1602 4653 praesit
1645 4583 1792 4636 nobis
1837 4583 2030 4636 Arme-

399 4723 402 4726 .
438 4693 537 4730 mu
568 4673 891 4730 Catholicae.
931 4674 1198 4747 Deditque
1244 4691 1340 4730 rex
1375 4673 1660 4730 Persicum
1697 4678 1891 4744 Syrum
1925 4674 2030 4729 ho-

441 4769 669 4824 minem.
702 4769 809 4825 Sed
840 4777 898 4825 et
949 4785 1078 4824 cum
1135 4779 1259 4841 post
1308 4769 1484 4823 annos
1540 4767 1752 4836 aliquot
1791 4767 2030 4823 invisum

441 4859 729 4924 habentes,
763 4870 1112 4916 amoverunt.
1149 4861 1309 4930 Isque
1355 4859 1557 4912 iterum
1587 4857 1868 4912 concessit
1901 4857 2033 4913 Mu-

438 4951 619 5007 sulion
655 4952 786 5007 item
816 4951 1038 5024 Syrum,
1062 4953 1156 5024 qui
1184 4952 1324 5007 duos
1345 4964 1521 5004 annos
1540 4948 1759 5016 sedens,
1788 4950 1843 5005 in
1862 4951 2032 5007 multa

441 5044 740 5101 aﬂlictione
766 5045 911 5101 diem
953 5046 1155 5101 clausit
1194 5051 1531 5099 extremum.

515 5136 766 5192 Cessavit
787 5154 916 5210 ergo
945 5136 1192 5194 Orientis
1229 5137 1506 5192 ordinatio
1559 5137 1887 5208 prohibente
1914 5137 2034 5193 Cae-

439 5241 622 5294 sarea,
654 5238 882 5300 prapter
909 5229 1062 5284 Isaac
1092 5227 1224 5283 sede
1260 5238 1526 5284 amotum.
1591 5231 1720 5286 Post
1768 5232 1884 5285 haec
1937 5245 2037 5284 au-

442 5329 551 5375 tem
605 5321 875 5377 abeuntes
959 5320 1116 5375 Azati
1182 5320 1596 5388 Armeniorum,
1673 5322 2038 5378 obsecrabant

441 5422 692 5468 sanctum
753 5413 925 5477 Isaac,
975 5423 1036 5468 ut
1078 5430 1147 5469 ne
1200 5416 1542 5472 meminisset
1582 5432 1777 5472 eorum
1828 5417 2038 5487 iniqui-

441 5513 642 5571 tatum,
675 5507 770 5561 sed
807 5516 1183 5561 reverteretur
1215 5506 1281 5563 ad
1313 5509 1571 5565 thronum
1606 5528 1790 5566 suum.
1835 5511 2036 5568 Verum

443 5594 536 5651 ille
565 5597 989 5667 haudquaquam
1024 5614 1233 5652 morem
1270 5602 1458 5670 gessit.

513 5688 673 5743 Unde
710 5688 930 5743 tandem
995 5689 1280 5755 narravit,
1315 5707 1479 5759 quant
1525 5691 1594 5746 de
1642 5707 1833 5747 eorum
1879 5693 2037 5746 ruina

444 5778 583 5834 [acta
612 5778 721 5850 jam
747 5794 809 5835 ac
839 5777 1046 5845 futura,
1073 5778 1340 5836 visionem
1367 5780 1615 5839 vidisset.
1650 5782 1807 5839 Dedit
1853 5793 2038 5839 autem

2135 4581 2386 4648 λέγοντες
2417 4594 2434 4611 ⁸
2475 4579 2577 4643 Δὸς
2606 4577 2752 4647 ἡμῖν
2779 4579 2848 4632 ἐκ
2873 4578 2984 4647 τῆς
3029 4577 3228 4648 χώρας
3275 4595 3418 4646 σου,
3475 4580 3574 4634 καὶ
3634 4580 3725 4649 μὴ

2131 4675 2288 4729 ἔστω
2311 4672 2457 4742 ἡμῖν
2491 4671 2795 4742 Ἀρμένιος
2823 4687 2836 4703 ³
2870 4673 2966 4726 καὶ
2987 4670 3189 4725 ἔδωκεν
3215 4672 3396 4736 αὐτοῖς
3421 4673 3447 4724 ὁ
3474 4671 3730 4740 βασιλεὺς

2133 4764 2226 4816 τὸν
2259 4761 2528 4832 Περσικὸν
2558 4760 2650 4815 τὸν
2678 4762 2852 4833 Σύρον
2882 4778 2897 4794 ο
2923 4762 3018 4816 καὶ
3051 4761 3192 4833 μετὰ
3247 4762 3375 4833 τρία
3421 4763 3518 4833 ἔτη
3565 4765 3730 4833 μισή-

2138 4869 2332 4918 σαντες
2357 4855 2454 4908 καὶ
2483 4852 2670 4917 αὐτὸν,
2697 4854 3020 4908 κατέϐαλον.
3083 4855 3254 4909 Πάλιν
3290 4855 3491 4908 ἔδωκεν
3542 4856 3731 4920 αὐτοῖς

2135 4949 2228 5002 τὸν
2275 4947 2614 5002 Μουσούλιον
2671 4947 2764 5001 τὸν
2808 4946 3003 5019 Σύρον.
3051 4949 3324 5010 Κάκεῖνος
3364 4947 3459 5002 δύο
3496 4950 3729 5018 χρόνους

2139 5040 2396 5104 καθίσας,
2425 5042 2483 5094 ὲν
2511 5040 2679 5111 πολλῇ
2712 5039 2891 5110 θλίψει
2919 5039 3188 5094 κατέλυσε
3215 5040 3306 5094 τὸν
3339 5040 3476 5111 βίον.

2222 5134 2289 5187 Ἦ
2313 5132 2406 5187 οὖν
2438 5134 2744 5204 χειροτονία
2773 5133 2873 5203 τῆς
2914 5133 3206 5202 Ἀνατολῆς
3243 5133 3492 5205 ἐκωλύθη
3540 5135 3604 5186 ἐκ
3630 5135 3732 5202 τῆς

2140 5224 2501 5295 Καισαρείας,
2536 5223 2625 5278 διὰ
2658 5225 2758 5291 τὴν
2785 5225 3062 5278 ἔκπτωσιν
3095 5225 3190 5278 τοῦ
3227 5226 3434 5281 Ἰσαάκ.
3475 5227 3584 5279 Καὶ
3635 5244 3734 5296 με-

2141 5317 2212 5372 τὰ
2241 5317 2415 5372 ταῦτα
2452 5318 2826 5388 ἀπερχόμενοι
2871 5318 2922 5370 οἱ
2965 5318 3180 5382 ’Δζάτοι
3235 5318 3346 5372 τῶν
3403 5319 3732 5389 Ἀρμενίων,

2142 5410 2492 5484 παρεκάλουν
2510 5412 2601 5464 τὸν
2621 5413 2770 5466 ὅσιον
2805 5410 3017 5472 Ἰσαὰκ,
3057 5411 3132 5481 μὴ
3179 5411 3556 5482 μνημομεύειν
3622 5411 3734 5464 τῶν

2142 5504 2402 5576 πονηρῶν
2428 5504 2629 5570 αὐτῶν,
2659 5504 2754 5558 καὶ
2803 5503 3168 5574 ὑποστρέφειν
3200 5505 3280 5567 είς
3317 5504 3506 5574 Θρόνον
3539 5503 3731 5558 αὑτοῦ.

2155 5601 2214 5654 Ὀ
2249 5600 2304 5652 δὲ
2326 5600 2427 5654 οὐκ
2455 5601 2781 5670 εἰσήκουσεν
2806 5597 3005 5653 αὐτῶν.

2218 5693 2385 5744 Ὅθεν
2406 5691 2594 5742 λοιπὸν
2632 5691 2937 5760 διηγήσατο
2960 5690 3142 5750 αὐτοῖς
3175 5688 3271 5759 τὴν
3323 5688 3611 5751 ὀπτασίαν,
3666 5687 3735 5754 ἦν

2146 5787 2359 5856 ἑώρακε
2393 5785 2522 5855 περὶ
2553 5784 2650 5854 τῆς
2685 5779 3012 5848 ἐκπτώσεως
3047 5781 3247 5849 αὐτῶν,
3280 5779 3376 5853 τῆς
3406 5779 3731 5852 γενομένης,
