4036 6412
286 296 379 364 90l

1342 307 1577 372 LIBER
1618 311 1718 373 DE
1761 312 2017 379 REBUS
2048 318 2443 382 ARMENLE.

3438 344 3553 407 902

289 409 505 480 καὶτῆς
555 409 846 482 ἐσομένης.
881 410 1091 467 Δέδωκε
1135 413 1192 468 δὲ
1247 416 1433 483 αὐτοῖς
1499 420 1618 475 ἀνθ’
1671 423 1853 478 ἑαυτοῐ

1971 428 2094 485 loco
2127 431 2214 486 sui
2244 430 2467 487 beatum
2500 433 2847 506 Mastintzen,
2878 441 3162 498 custodem
3194 444 3370 515 ipsius
3401 450 3559 508 thro-

287 502 376 554 τὸν
406 502 678 573 μακάριον
708 504 1098 578 Μαστήντζην,
1134 506 1351 577 φύλακα
1396 512 1492 565 τοῦ
1524 512 1718 585 θρόνου
1771 517 1871 570 αὐ-

286 592 398 646 τοῦ.
444 595 552 647 Καὶ
576 594 715 662 μετὰ
745 595 844 667 τὴν
887 598 1145 670 τελευτὴν
1205 601 1301 655 τοῦ
1370 603 1573 670 Ἰσαὰκ,
1631 607 1724 660 καὶ
1771 608 1869 663 τοῦ

283 682 637 755 Μαστήντξη,
669 685 937 742 ἐκάθισαν
964 689 1058 742 ἐπὶ
1085 689 1182 743 τοῦ
1205 689 1398 762 θρόνου
1442 695 1719 766 ἱερατικοῦ
1777 699 1872 752 τὸν

282 773 469 841 Κιτὺν,
497 774 591 829 τὸν
617 774 747 829 ὄντα
773 777 881 831 ἀπὸ
909 778 1009 849 τῆς
1044 778 1239 851 κώμης
1272 785 1569 854 ’Δτμησοιλ
1630 787 1725 860 ἐτη
1781 787 1866 852 ιζ’.

294 861 384 915 Ἐν
405 868 528 929 ταῖς
561 866 800 938 ἡμέραις
826 867 884 921 δὲ
917 868 1108 925 τούτου
1140 874 1565 947 προετάχθησαν
1594 879 1748 951 παρὰ
1767 878 1864 935 τοῦ

281 953 547 1024 βασιλέως
568 957 676 1011 τῶν
702 958 951 1031 Περσῶν,
977 965 1306 1035 χειροτονεῖν
1326 966 1407 1029 εις
1440 968 1541 1040 τὴν
1575 966 1868 1040 Ἀρμενίαν

279 1042 618 1130 Καθολικοὺς
638 1047 734 1100 καὶ
764 1049 1099 1115 ἐπισκόπους
1130 1042 1292 1126 μέχρι
1323 1055 1424 1127 τῆς
1455 1058 1720 1130 σήμερον.

352 1129 485 1187 Εἶτα
521 1135 774 1207 Ἰωάννης
801 1138 831 1191 ό
867 1138 1289 1213 Μαρτακουνῆς,
1322 1144 1417 1215 ἔτη
1452 1154 1528 1212 ς·’.

360 1226 758 1298 Ἀπουῖπκένης
778 1230 806 1282 6
828 1231 937 1285 ἀπὸ
970 1232 1069 1304 τῆς
1099 1234 1276 1289 Μισοῠ
1297 1237 1397 1307 τῆς
1423 1238 1640 1309 κώμης,
1672 1240 1768 1311 ἔτη
1797 1248 1860 1297 ε’.

357 1319 420 1373 ⁸0
446 1321 701 1392 Σαμουὴλ
800 1323 909 1377 ἀπὸ
947 1325 1209 1396 ’Δρτασαὶ
1254 1327 1355 1398 τῆς
1381 1331 1595 1402 κώμης,
1651 1332 1746 1405 ἔτη
1773 1334 1860 1405 ιβ’.

356 1410 419 1463 '0
448 1412 736 1484 Μουσέλης
770 1416 799 1469 6
830 1414 940 1469 ἀπὸ
968 1415 1069 1487 τῆς
1100 1420 1297 1490 κώμης
1323 1421 1640 1495 Ἀρπηρεῖς,
1672 1422 1767 1498 ἐτη
1795 1424 1860 1482 ν’.

357 1499 421 1554 '0
451 1501 638 1555 Ἰσαὰκ
675 1502 787 1556 ἀπὸ
807 1503 904 1558 τοῦ
942 1504 1168 1576 Ἀρκὰς),
1202 1507 1301 1579 ἐτη
1329 1507 1395 1575 ζ’.

355 1588 418 1642 Ὀ
449 1592 822 1664 Χριστοφόρος
847 1595 877 1648 ό
901 1595 1009 1650 ἀπὸ
1032 1594 1129 1652 τοῦ
1150 1596 1524 1672 Κουϐαρίτςη,
1554 1602 1649 1676 ἔτη
1677 1603 1751 1671 ς’.

356 1685 417 1738 '0
444 1687 698 1752 Λεόντιος
727 1689 839 1744 ἀπὸ
867 1689 965 1745 τοῦ
1012 1692 1195 1765 ’Δρὲτ,
1229 1692 1325 1767 ἐτη
1356 1701 1429 1765 γ’.

352 1777 412 1832 '0
434 1780 718 1852 Νορσέσης
742 1782 852 1838 ἀπὸ
881 1783 977 1837 τοῦ
1024 1786 1330 1858 ’Δσπαρὰξ,
1365 1787 1462 1859 ἔτη
1496 1787 1562 1845 θ’.

351 1869 444 1922 Ἦν
466 1873 587 1935 ταῖς
613 1872 852 1944 ἡμέραις
877 1874 1046 1931 αὐτοῦ
1081 1878 1304 1948 ἐγένετο
1331 1881 1365 1952 ἠ
1400 1880 1619 1948 σύνοδος
1643 1884 1726 1951 εἰς
1757 1885 1854 1940 πό-

264 1961 351 2015 λιν
374 1960 565 2033 Τισὴν,
591 1964 702 2017 ἀπὸ
724 1964 819 2020 τοῦ
862 1967 1105 2024 Ἀπτισῶ
1131 1969 1307 2043 Σύρου
1347 1972 1688 2044 Ἰακωσίτου,
1750 1979 1853 2050 μέν

261 2068 348 2107 τοι
379 2070 443 2123 γε
468 2055 519 2109 εἰ
542 2056 637 2111 καὶ
664 2056 765 2122 τὰς
804 2059 1136 2131 παραδόσεις
1171 2063 1269 2117 τοῦ
1298 2063 1456 2131 ἁγίου
1520 2066 1849 2142 Γρηγορίου,

263 2145 362 2198 καὶ
392 2145 504 2200 τῶν
535 2146 713 2204 ἄλλων
753 2150 1017 2222 Πατέρων
1052 2152 1336 2218 ἐξέκλιναν
1368 2173 1385 2189 ο
1408 2158 1526 2212 ἀλλ’
1581 2154 1677 2216 οὖν
1721 2165 1851 2233 περὶ

259 2232 366 2307 τὴν
394 2237 609 2298 πίστιν.
634 2238 729 2293 καὶ
758 2240 860 2313 τὴν
890 2241 1110 2298 σύνοδον
1137 2244 1237 2318 τὴν
1293 2246 1354 2301 ἐν
1380 2248 1704 2322 Χαλκηδόνι,
1756 2232 1854 2308 καὶ

261 2328 397 2400 περὶ
425 2328 523 2393 τὰς
542 2328 636 2384 δύο
663 2331 853 2401 φύσεις
884 2334 983 2398 τὰς
1009 2336 1068 2389 ὲν
1105 2335 1327 2409 Χριστῷ
1354 2339 1435 2414 τῷ
1493 2341 1613 2415 Θεῷ
1663 2345 1847 2416 ἡμῶν,

257 2419 521 2490 οὐδεμίαν
549 2422 884 2493 ἀμφιϐολίαν
913 2422 1083 2497 εἶχον,
1118 2427 1226 2493 ἓως
1254 2429 1395 2485 ὲτῶν
1430 2431 1533 2503 ργ⁹,
1588 2436 1700 2490 ἀπὸ
1749 2439 1851 2510 τῆς

260 2513 486 2567 συνόδου
511 2515 612 2585 τῆς
642 2518 701 2570 ἐν
719 2518 1054 2588 Χαλκηδόνι,
1075 2519 1182 2586 ἕως
1231 2520 1336 2593 τῆς
1386 2524 1606 2580 συνόδου
1654 2526 1846 2601 Τιϐήν.

259 2601 375 2656 Καὶ
392 2603 579 2658 λοιπὶν
611 2606 670 2673 ἐξ
694 2607 906 2662 ἐκείνου
936 2610 1253 2685 ἀπέστησαν
1287 2613 1396 2668 ἀπὸ
1435 2618 1537 2688 τῆς
1563 2620 1848 2685 κοινωνίας

255 2693 369 2747 τῶν
404 2694 715 2767 Ῥωμαίων,
742 2700 840 2753 καὶ
861 2702 960 2772 τὴν
1006 2702 1362 2778 Ἰερουσαλὴμ
1419 2708 1845 2781 ἀνεθεμάτισαν,

256 2784 352 2838 καὶ
394 2786 495 2856 τὴν
532 2787 752 2844 σύνοδον
784 2791 1156 2864 Χαλκηδόνος,
1224 2796 1666 2868 ὁμολογήσαντες
1717 2801 1847 2872 μίαν

256 2875 427 2942 φύσιν
455 2877 553 2931 τοῦ
574 2878 841 2951 Χριστοῦ,
867 2885 968 2956 τῆς
995 2885 1272 2957 θεότητος,
1336 2889 1431 2943 καὶ
1485 2890 1589 2962 τῆς
1633 2893 1848 2964 ἀνθρω-

255 2967 495 3037 -πότητος
523 2986 541 3001 ο
568 2971 897 3042 προσέθεντο
919 2975 1000 3041 τὸ,
1034 2980 1067 3031 ό
1098 2980 1485 3050 σταυρωθεὶς,
1530 2982 1610 3047 εἰς
1641 2987 1846 3053 τρισά-
1884 2968 1885 2973 γ

1973 522 2052 576 ni.
2083 522 2355 579 Defuncto
2385 535 2568 582 autem
2603 530 2753 584 Isaac
2780 546 2845 586 ac
2881 532 3188 600 Mastintze,
3238 548 3553 601 statuerunt

1973 612 2025 667 in
2053 615 2381 671 sacerdotali
2417 619 2615 674 throno
2648 621 2853 685 Citum,
2904 625 3200 681 oriundum
3227 633 3430 701 oppido
3456 636 3560 692 Λι-

1971 724 2154 776 mezu,
2191 711 2446 781 seditque
2468 728 2598 767 ann.
2629 731 2760 769 xvn.
2823 717 2902 771 Eo
2960 720 3220 788 pontifice
3255 724 3419 794 jussit
3462 744 3558 784 rex

1969 801 2280 870 Persarum,
2323 813 2383 859 ut
2414 805 2468 859 in
2520 805 2778 862 Armenia
2811 806 3124 866 Catholicos
3153 827 3219 868 ac
3266 817 3558 889 episcopos

1967 894 2311 963 ordinarent,
2347 911 2522 967 usque
2551 895 2606 952 in
2632 908 2961 970 prasentem
2997 901 3158 957 diem.

2035 1157 2115 1212 Ad
2147 1157 2531 1215 hrecJoannes
2564 1160 2935 1231 Martacnnes,
2966 1180 3095 1221 ann.
3122 1185 3201 1223 νι.

2034 1253 2389 1321 Apuipcenes
2428 1252 2497 1308 de
2525 1252 2728 1323 oppido
2752 1254 2893 1320 Misi,
2938 1274 3071 1314 ann.
3099 1277 3155 1316 ν.

2038 1342 2258 1399 Samuel
2289 1344 2358 1399 de
2402 1346 2607 1416 Oppido
2659 1349 2894 1414 Artazaz,
2923 1364 3055 1406 ann.
3093 1368 3191 1409 ιιι.

2035 1433 2269 1491 Museles
2294 1436 2362 1490 dc
2389 1438 2593 1508 oppido
2620 1440 2879 1510 Arpercs,
2904 1455 3038 1497 ann.
3066 1460 3118 1498 ι..

2038 1525 2187 1581 Isaac
2226 1527 2295 1583 de
2318 1531 2520 1592 Arcan,
2548 1547 2680 1587 ann.
2709 1549 2802 1588 vn.

2032 1616 2470 1689 Christophorus
2508 1622 2577 1677 de
2607 1622 2925 1693 Cubaritze,
2955 1644 3088 1684 ann.
3113 1646 3190 1686 vr.

2032 1708 2300 1766 Leontius
2326 1710 2396 1768 de
2429 1714 2583 1780 Aret,
2624 1730 2755 1771 ann.
2791 1734 2871 1773 ιιι.

1883 1782 1928 1839 Β
2025 1801 2291 1860 Norseses
2316 1803 2385 1860 de
2407 1805 2673 1875 Asparax,
2705 1823 2835 1863 ann.
2873 1827 2949 1866 ιι.

2026 1891 2157 1962 Ejus
2181 1901 2429 1963 tempore
2464 1894 2740 1951 celebrata
2768 1905 2854 1952 est
2880 1898 3125 1971 synodus
3153 1899 3210 1956 in
3253 1902 3390 1959 urbe
3452 1903 3548 1961 Ti-

1953 1982 2065 2039 ben
2093 1984 2164 2039 ab
2200 1984 2395 2056 Aptiso
2430 1986 2576 2060 Syro
2619 1988 2892 2046 Jacobita.
2952 1991 3191 2048 Tametsi
3245 2005 3454 2060 autem,
3511 2013 3544 2052 a

1953 2076 2130 2131 sancti
2152 2075 2400 2149 Gregorii
2426 2093 2493 2134 ac
2518 2078 2755 2136 aliorum
2778 2082 3000 2138 Patrum
3028 2084 3419 2142 traditionibus
3445 2087 3547 2143 de-

1952 2166 2244 2231 ﬂexerant.
2272 2169 2413 2224 nihil
2443 2171 2742 2242 quidquam
2780 2181 2966 2229 tamen
2997 2175 3066 2232 de
3104 2175 3212 2233 ﬁde
3244 2193 3310 2234 ac
3331 2178 3547 2250 synodo

1950 2258 2411 2328 Chalcedonensi,
2443 2262 2763 2334 duplicique
2798 2264 2855 2320 in
2904 2266 3125 2323 Christo
3187 2269 3300 2325 Deo
3352 2279 3546 2326 nostro

1950 2362 2149 2408 natura
2178 2352 2598 2419 dubitaverant,
2633 2355 2702 2410 ad
2744 2371 2921 2427 usque
2950 2373 3155 2414 annum
3195 2374 3290 2416 cm
3314 2376 3346 2415 a
3394 2361 3543 2416 cele-

1950 2443 2105 2501 brata
2147 2446 2358 2518 synodo
2401 2447 2860 2515 Chalcedonensi,
2913 2465 3084 2521 usque
3139 2451 3209 2507 ad
3271 2454 3541 2523 synodum

1950 2534 2146 2591 Tiben.
2182 2534 2450 2608 Deinceps
2480 2547 2664 2613 autem
2696 2548 3049 2595 recesserunt
3079 2555 3109 2595 a
3155 2541 3532 2597 Romanorum

1949 2630 2361 2697 communione,
2408 2645 2474 2687 ac
2517 2630 2821 2687 Jerusalem
2843 2633 3392 2698 anathematizantes,
3418 2650 3541 2689 san-

1948 2728 2202 2793 ctamque
2240 2722 2509 2793 synodum
2553 2721 3082 2789 Cbalcedonensem,
3131 2725 3369 2781 confessi
3400 2738 3534 2782 sunt

1946 2822 2205 2870 naturam
2241 2829 2405 2869 unam
2429 2814 2657 2879 Christi,
2687 2814 2913 2870 deitatis
2930 2830 2994 2871 ac
3018 2815 3381 2873 humanitatis
3413 2835 3426 2870 :
3457 2826 3543 2872 at—

1947 2920 2055 2976 que
2080 2905 2151 2961 ad
2174 2906 2438 2977 hymnum
2461 2905 2807 2970 Tersanctus,
2835 2905 2903 2961 ad
2933 2905 3090 2971 illud,
3123 2904 3352 2962 Sanctus
3371 2907 3540 2975 Deus,

1945 3010 2138 3052 vocem
2170 2996 2344 3059 illam,
2379 2997 2471 3067 qui
2517 2996 2800 3062 cruciﬁxus
2843 3005 2941 3064 est,
2971 2998 3350 3055 addiderunt:
3378 3000 3538 3071 jure-

413 3060 605 3130 ὖμνον,
638 3064 776 3166 πρὸς
810 3066 1009 3137 ’Ἄγιος
1039 3070 1075 3124 δ
1110 3071 1277 3138 Θεός.
1322 3073 1478 3128 Μετὰ
1527 3074 1693 3146 ὅρκου
1750 3077 1844 3131 καὶ⁸

1955 3087 2182 3158 iurando
2235 3060 2475 3143 invicem
2529 3060 2889 3155 devoventes,
2959 3089 3276 3161 obsignata,
3329 3060 3540 3161 scripto

253 3150 733 3226 ἁναθεματισμοῦ,
765 3159 860 3211 καὶ
895 3160 1038 3229 μετὰ
1086 3161 1336 3235 ἀλλήλων
1370 3165 1669 3236 ἐγγράφως
1708 3168 1840 3223 ἰδιο-

251 3244 414 3313 χδρσὶ
435 3245 694 3314 διέθεντο,
738 3248 815 3320 μὴ
836 3249 1170 3322 χωρίζεσθαι
1204 3255 1305 3325 τῆς
1329 3244 1592 3330 τοιαύτης
1645 3259 1841 3330 ὁμολο-

251 3336 383 3402 γεας
406 3337 487 3399 εἰς
501 3336 594 3391 τὸν
619 3339 817 3396 αἰῶνα.
844 3341 950 3395 Τὸν
978 3342 1036 3396 δὲ
1061 3343 1306 3416 Εὐτυχέα
1347 3346 1440 3400 τὸν
1500 3345 1839 3422 Ἰακωσίτην,

250 3426 346 3479 καὶ
382 3427 426 3497 β’
458 3428 653 3493 ἄλλους
681 3431 936 3503 ἑταίρους
958 3433 1126 3488 αὐτοῦ
1154 3450 1169 3464 ·
1193 3438 1222 3490 ό
1250 3436 1351 3507 μὲν
1405 3434 1488 3503 εἷς
1561 3439 1842 3495 Ἰουλιανι-

249 3534 380 3589 της,
431 3521 460 3573 ό
486 3520 544 3573 δὲ
582 3522 793 3594 ἕτερος,
827 3522 998 3598 ἄλλης
1034 3525 1301 3599 αἱρέσεως
1358 3529 1671 3601 τυγχάνων,
1718 3534 1842 3586 ἐπι-

251 3614 496 3679 σκόπους
524 3621 1032 3688 χειροτονήσαντες,
1069 3620 1151 3685 εἰς
1208 3622 1657 3695 Μεσωποταμίαν
1701 3624 1839 3680 ἀπέ-

251 3723 341 3760 στε
351 3706 496 3764 dav.

314 3799 481 3856 Μετὰ
500 3802 660 3857 τοῦτο
684 3805 714 3858 6
751 3804 1034 3878 Εὐανέσης
1062 3808 1090 3861 6
1116 3806 1226 3863 ἀπὸ
1253 3806 1606 3880 Καπεληνῆς,
1628 3807 1724 3882 ἔτη
1748 3807 1839 3876 ιζ’.

327 3892 396 3946 ’0
422 3892 663 3965 Μωῦσῆς
686 3895 798 3951 ἀπο
817 3898 911 3952 τοῦ
954 3896 1263 3969 Ἐλισάρετ,
1293 3897 1388 3970 ετη
1419 3899 1485 3957 λ’.

328 3982 397 4038 '0
441 3985 699 4058 ’Δόραὰμ
718 3987 828 4042 ἀπὸ
869 3987 1263 4060 ’Δραστουνῆς,
1293 3988 1390 4060 ἔτη
1421 3996 1531 4060 κγ’.

330 4076 399 4129 ⁸0
436 4077 693 4149 Ἰωάννης
731 4079 841 4135 ἀπὸ
867 4079 962 4134 τοῦ
998 4082 1287 4153 Πακρανᾶ,
1316 4080 1412 4152 ῑτη
1442 4087 1557 4147 κς’.

317 4170 604 4242 Κωμητὰς
646 4172 676 4226 6
709 4173 809 4228 καὶ
866 4175 966 4247 τῆς
1024 4173 1220 4248 κώμης
1279 4172 1838 4249 Ἐλτξησαρακιτξοῦ,

246 4258 342 4333 ἔτη
364 4267 439 4332 η’.

325 4356 397 4409 Ὅ
431 4356 807 4430 Χριστοφόρος
834 4359 863 4414 6
899 4359 1258 4434 ’Δϐραμετ-ης,
1304 4359 1403 4432 ἔτη
1432 4365 1504 4432 γ’.

327 4448 395 4502 Ὁ
439 4447 666 4518 Ἐσδρὰς
698 4451 727 4503 6
765 4449 874 4503 ἀπὸ
898 4449 994 4503 τοῦ
1022 4450 1190 4516 Νικᾶ,
1230 4450 1326 4522 ἔτη
1365 4456 1419 4506 ι’.
1868 4460 1913 4518 D

327 4540 396 4594 '0
424 4540 707 4614 Νορσέσης
730 4544 760 4597 δ
788 4542 898 4597 ἀπὸ
918 4543 1016 4597 τοῦ
1051 4544 1255 4613 ’1σχνᾶ,
1283 4542 1380 4616 ἐτη
1407 4549 1481 4599 κ’.

331 4634 395 4687 '0
435 4635 786 4699 ’Δναστάσιος
814 4635 844 4689 6
874 4634 982 4689 ἀπὸ
1008 4634 1100 4690 τοῦ
1133 4636 1308 4707 Κορα,
1338 4636 1433 4708 ἔτη
1472 4635 1548 4702 ς’.

325 4726 388 4780 ’0
427 4725 644 4798 Ἰσραὴλ
675 4727 706 4779 6
728 4727 837 4781 ἀπὸ
864 4727 1091 4799 Τμησοῦ
1121 4728 1223 4799 τῆς
1249 4727 1464 4801 κώμης,
1500 4730 1595 4802 ἔτη
1631 4728 1683 4788 ι’.

330 4817 395 4872 '0
422 4817 611 4871 Ἰσαὰκ
635 4819 744 4872 ἀπὸ
770 4816 866 4872 τοῦ
898 4817 1335 4890 Βαζακαστρεου.

246 4931 548 5011 Βασιλεῖς
580 4933 926 5011 Ἀρμενίῳν,
981 4933 1102 5011 απὸ
1156 4935 1299 5011 τοῦΔ
1330 4939 1650 5011 Βαλαρέως
1724 4940 1838 5011 ἕως

504 5005 727 5072 Τασὴν,
762 5005 859 5058 καὶ
891 5007 1038 5075 μετὰ
1075 5006 1220 5073 τοὺς
1267 5005 1587 5080 ἡγεμόνας.

319 5093 623 5165 Κοινουνὴς
652 5096 679 5147 6
702 5092 932 5166 Πρίτης,
964 5094 1060 5168 ἔτη
1088 5094 1155 5151 δ’.

327 5186 397 5241 ’0
426 5185 593 5240 Δασὶδ
624 5189 653 5240 6
673 5187 957 5259 Σαρωνῆς,
987 5189 1083 5259 ἐτη
1106 5187 1179 5258 γ’.
1228 5199 1231 5203 ⁷

321 5279 641 5350 Τοτρούσης
674 5281 706 5333 6
744 5279 1100 5351 Ῥουστανῆς,
1125 5279 1221 5350 Ξτη
1249 5277 1301 5335 ι’.

330 5371 393 5424 '0
419 5371 746 5442 Ἀμαζάπης
769 5376 797 5426 ὁ
819 5374 1259 5444 Κουροπόιλατος,
1283 5374 1378 5444 ἐτη
1400 5373 1466 5429 δ’.

318 5466 621 5538 Γρηγόριος
657 5468 687 5519 6
717 5466 947 5536 ἁδείφδς
974 5466 1161 5532 αὐτοῦ,
1196 5467 1293 5542 ἔτη
1315 5470 1418 5523 κδ’.

316 5559 502 5631 Σώτης
525 5560 940 5632 Πακρατουνὴς,
963 5562 1060 5633 ἐτη
1089 5569 1162 5630 γ’.

328 5652 392 5706 '0
422 5654 705 5727 Νερσέχιης
734 5655 1146 5729 Καμψαρακὰν,
1170 5657 1267 5731 ἐτη
1301 5656 1371 5728 γ’.

332 5743 396 5799 '0
419 5746 812 5819 Πακρατουνὴς
845 5748 1183 5819 Συμπάτιος.

1943 3177 2184 3249 propriae
2198 3193 2392 3235 manus
2419 3179 2809 3250 promissione,
2840 3196 3122 3251 nunquam
3145 3196 3205 3237 se
3231 3182 3287 3237 in
3325 3197 3530 3252 perpe-

1945 3280 2102 3325 tuum
2134 3286 2456 3328 recessuros
2489 3271 2559 3327 ab
2607 3271 2699 3327 illa
2727 3272 3096 3328 confessione.
3154 3273 3327 3329 Porro
3354 3274 3537 3346 Euty-

1942 3361 2160 3418 chetem
2188 3362 2519 3432 Jacobitam,
2548 3366 2779 3438 ejusque
2804 3366 2944 3421 alios
2975 3366 3116 3421 duos
3149 3366 3350 3430 socios,
3390 3382 3533 3437 quo-

1942 3469 2069 3510 rum
2091 3471 2237 3511 unus
2254 3456 2542 3526 Julianita,
2590 3458 2729 3514 alter
2753 3458 2980 3516 haeresis
3001 3459 3232 3516 alterius
3248 3470 3388 3524 erat,
3418 3459 3533 3531 epi-

1943 3562 2144 3620 scopos
2170 3549 2514 3618 ordinantes,
2550 3553 2825 3609 miserunt
2854 3551 2912 3608 in
2952 3551 3426 3624 Mesopoxamiam.

2014 3805 2211 3864 Postea
2229 3807 2506 3865 Evaneses
2527 3825 2557 3864 a
2582 3807 2875 3879 Capelenc,
2913 3825 3045 3865 ann.
3077 3826 3203 3866 xm.

2014 3899 2193 3956 Moses
2216 3899 2286 3955 ab
2318 3900 2586 3965 Elibaret,
2611 3916 2739 3955 ann.
2766 3918 2891 3957 xxx.

2012 3993 2291 4050 Abraham
2322 3993 2395 4048 ah
2416 3994 2711 4059 Arastune,
2745 4009 2875 4050 ann.
2908 4010 3064 4050 ut".

2017 4083 2265 4140 JOanttes
2298 4099 2327 4139 a
2355 4084 2621 4148 Pacrana,
2650 4100 2781 4139 ann.
2823 4100 2968 4139 χχιιι.

2013 4174 2271 4231 Cometas
2302 4176 2371 4233 de
2395 4186 2534 4246 pago
2560 4175 3006 4243 Eltzesaraeitze,
3032 4192 3164 4232 ann.
3194 4194 3317 4234 vut.

2015 4357 2454 4429 Christophorus
2481 4356 2887 4419 Abrahamites,
2917 4371 3049 4412 ann.
3085 4370 3170 4412 ιιι.

2013 4448 2212 4507 Esdras
2230 4464 2259 4504 a
2281 4448 2435 4510 Nica.
2464 4463 2596 4504 ann.
2618 4465 2677 4504 ι.

2008 4542 2275 4598 Norseses
2305 4542 2373 4601 ab
2394 4541 2618 4607 Ischna,
2652 4556 2784 4597 ann.
2832 4555 2923 4594 xx.

2008 4633 2329 4688 Anastasius
2355 4649 2387 4689 a
2419 4632 2585 4697 Cora,
2615 4647 2747 4687 ann.
2778 4647 2854 4687 vr.

2009 4725 2179 4798 Israel
2206 4726 2276 4780 ab
2296 4725 2502 4796 oppido
2526 4724 2753 4786 Tmesu,
2789 4738 2920 4797 ann.
2950 4736 3005 4778 ιι.

2006 4818 2159 4874 Isaac
2186 4834 2216 4873 a
2249 4816 2615 4872 Bazacastriu.

1935 4933 2313 4988 Armeniorum
2342 4947 2483 5003 reges
2509 4948 2542 4984 a
2568 4927 2766 5053 Brzlare
2800 4946 2961 5001 usque
3000 4928 3072 4984 ad
3100 4927 3292 4997 Tasen,
3319 4948 3380 4983 ac
3404 4937 3524 4999 post

2666 5016 2807 5053 uces.

2666 5016 2807 5055 ιιεεε.

2006 5096 2285 5153 Cmnunes
2305 5092 2594 5159 Pritensis,
2623 5108 2753 5148 ann.
2779 5107 2854 5147 ιγ.

2006 5187 2181 5245 David
2200 5187 2557 5249 Saronensis,
2594 5202 2726 5241 ann.
2754 5200 2842 5241 ιιι.

2005 5276 2271 5333 'l‘otruses
2292 5276 2678 5338 Rustanensis,
2711 5290 2842 5331 ann.
2875 5290 2931 5329 ι.

2005 5368 2309 5438 Amazapes
2332 5366 2684 5436 Curopalata,
2717 5381 2848 5421 ann.
2884 5383 2960 5422 IV.

2004 5460 2304 5533 Gregorius
2332 5460 2453 5531 ejus
2480 5460 2670 5525 frater,
2705 5474 2838 5515 ann.
2869 5476 3016 5516 xxxv.

2004 5552 2164 5609 Sotes
2198 5553 2685 5617 Pancratunensis,
2712 5569 2840 5607 ann.
2867 5569 2947 5608 ιιι.

2003 5646 2310 5703 Nerseches
2334 5646 2755 5718 Campsaracan,
2782 5662 2912 5701 ann.
2948 5662 3026 5703 ιιι.

2000 5742 2376 5797 Pancratunes
2407 5739 2743 5810 Sympatius.
