4064 6414
1839 294 1873 354 J
1878 293 1976 353 OB
2015 293 2361 355 MONACHI

3618 294 3725 359 901

461 472 3727 522 Ἦ

1723 648 1897 695 ANNO
1952 650 2179 695 DOMINI
2238 604 2404 694 Μέςν

1231 850 1338 1028 J
1352 846 1635 1030 OB
1770 848 2976 1036 MONACHUS

527 1369 588 1428 In
643 1372 830 1429 codice
883 1366 1134 1423 Naniano
1166 1364 1353 1431 LXXI,
1405 1380 1461 1436 p.
1508 1364 1619 1421 245
1656 1366 1822 1436 (apud
1857 1364 2138 1438 Aloysium
2172 1363 2501 1436 llingarelli,
2537 1365 2671 1422 Cod.
2714 1360 2984 1439 Nanian.)
3017 1368 3236 1441 legitur,
3268 1368 3612 1439 ’Δκολουθίσ,
3650 1371 3735 1437 είς

448 1475 551 1548 τὴν
585 1473 741 1526 ὁσίαν
793 1466 1008 1538 μητέρα
1037 1463 1197 1535 ἡμῶν
1223 1461 1509 1532 Θεοδώραν
1558 1460 1658 1531 τὴν
1696 1460 2135 1532 θαυματουργδν,
2200 1456 2524 1533 βασίλισσαν
2553 1464 2619 1532 τῇ
2681 1462 2740 1515 ὲν
2769 1465 2836 1536 τῇ
2883 1464 3010 1535 αρτ.
3056 1466 3356 1536 πονηθεῖσα
3414 1470 3546 1539 παρ’
3593 1470 3735 1540 tam}

463 1566 583 1621 ’1ὼὸ
609 1561 865 1637 μοναχοῢ.
892 1558 1098 1615 Deinde
1123 1557 1371 1628 sequitur
1396 1554 1648 1612 Ollicium
1677 1555 1733 1612 S.
1760 1555 2065 1612 'l‘heodorze
2093 1556 2294 1629 regina:
2318 1556 2415 1627 (l).
2440 1557 2709 1624 Quoniam
2744 1574 2878 1614 vero
2905 1557 3089 1630 ignota
3120 1560 3400 1632 plerisque
3424 1571 3513 1618 est
3542 1573 3737 1619 sancta

451 1664 565 1717 hzec
596 1658 817 1724 mulier,
877 1653 1144 1710 nonnulla
1201 1650 1581 1706 exscribemus
1612 1666 1680 1707 ex
1726 1650 1922 1724 pagina
1946 1651 2074 1718 253,
2104 1652 2197 1708 ubi
2232 1660 2357 1723 post
2391 1651 2549 1718 odas,
2580 1667 2840 1720 canones,
2875 1663 3011 1722 etc.,
3036 1655 3152 1712 hac
3181 1657 3440 1727 leguntur
3471 1673 3489 1714 :

521 1821 850 1883 Veneranda
880 1835 944 1875 ac
976 1818 1134 1874 beata
1165 1816 1353 1888 regina
1383 1816 1699 1881 Theodora,
1733 1817 1789 1872 in
1815 1816 2032 1873 Orienti

2219 1817 2286 1871 Ἦ
2311 1816 2556 1887 ἀοίδιμος
2594 1815 2736 1888 αὕτη
2767 1818 2863 1872 καὶ
2899 1820 3150 1890 μακαρία
3183 1818 3396 1891 βασιλὶς
3434 1782 3691 1895 Θεοδοῦρα
3719 1861 3734 1887 ,

450 1922 663 1977 Joanne
705 1924 764 1971 et
820 1913 1027 1970 Helena
1090 1910 1419 1981 parentibus
1462 1918 1615 1974 nata,
1652 1909 2039 1981 hujuscemodi

453 2014 564 2067 fato
592 2025 688 2063 usa
714 2016 817 2062 est.
845 2005 984 2062 Cum
1026 2003 1251 2057 Mettius
1273 2018 1303 2057 e
1330 2011 1491 2073 gente
1524 2000 1804 2058 Comncna
1838 2002 2038 2056 Roma-

389 2087 395 2095 ’
452 2106 539 2159 nis
591 2104 913 2171 imperaret,
945 2095 1177 2152 Michael
1228 2094 1567 2161 Comnenus,
1600 2093 1693 2164 qui
1734 2108 1935 2164 genere
1970 2093 2041 2148 ab

454 2198 572 2266 ipso
600 2208 728 2264 rege
759 2200 817 2246 et
846 2189 1075 2261 regibus
1099 2186 1279 2257 angeli
1307 2186 1543 2257 alicujus
1584 2185 2040 2241 denominatione

456 2285 736 2356 insignitis
781 2281 1095 2341 differebat.
1141 2275 1508 2347 Peloponnesi
1544 2290 1773 2346 regnum
1807 2283 1891 2331 est
1920 2290 2041 2330 sor-

456 2382 611 2440 titus,
640 2392 751 2446 quo
786 2384 1040 2444 tempore
1080 2369 1441 2427 Senacherim
1464 2368 1522 2451 in
1547 2366 1809 2424 Etoliam
1847 2382 1911 2422 ac
1946 2367 2042 2422 Ni-

455 2468 695 2539 c0polim
726 2465 982 2519 mittitur.
1031 2461 1253 2516 Duabus
1288 2460 1366 2515 illi
1396 2475 1426 2515 e
1455 2458 1725 2529 sanguine
1762 2458 1911 2529 regio
1945 2471 2039 2542 so-

456 2562 681 2615 roribus
738 2554 1093 2611 matrimonio
1144 2553 1321 2626 juncti
1384 2558 1566 2607 erant.
1624 2547 1865 2605 Joannes
1916 2548 2042 2619 qui-

455 2654 579 2709 dem
639 2654 812 2707 beatae
859 2647 1165 2704 Thcodora:
1213 2655 1388 2716 pater,
1437 2651 1804 2715 cognomento
1846 2643 2039 2699 Petra-

454 2746 653 2817 liphes,
684 2741 856 2798 nobili
887 2751 1051 2811 atque
1084 2738 1290 2795 illustri
1334 2750 1538 2808 genere
1580 2744 1756 2801 satus,
1787 2750 1855 2790 ex
1887 2735 2040 2805 cpti-

455 2846 661 2892 matnm
724 2835 820 2906 qui
880 2830 1364 2900 Constantinopoli
1421 2827 2038 2898 ﬂorebant,prosapia,

456 2945 683 2985 uxorem
714 2929 891 2984 duxit.
927 2929 1042 2984 Rex
1081 2927 1209 2981 dein
1257 2924 1635 2979 Romanorum
1678 2922 2037 2988 constitutus,

454 3024 624 3078 rebus
656 3022 709 3076 in
748 3019 1034 3075 Thessalia
1074 3033 1138 3073 ac
1170 3015 1492 3071 Macedonia
1553 3013 1900 3085 compositis,
1934 3012 2041 3067 La-

457 3117 580 3180 tini,
606 3115 740 3185 proh
766 3113 925 3168 dolor
949 3113 963 3166 ί
988 3109 1336 3166 Constantini
1367 3108 1562 3163 urbem
1594 3106 1645 3161 vi
1687 3106 1933 3177 capiunt,
1960 3114 2037 3170 et,

452 3211 566 3265 Deo
596 3208 669 3263 ita
707 3204 934 3277 placuit,
962 3202 1214 3258 Alexium
1245 3216 1371 3256 cum
1406 3198 1596 3255 multis
1630 3197 1753 3253 aliis
1786 3198 1840 3252 in
1866 3197 2038 3269 capti-

456 3304 679 3356 vitatem
709 3299 990 3369 redigunt.
1020 3295 1195 3350 Filius
1224 3293 1346 3364 ejus
1375 3292 1629 3347 Lascaris
1668 3292 1723 3345 in
1750 3290 1977 3347 Oriente
2011 3306 2040 3347 λ

454 3394 721 3450 Micbacle
754 3389 1083 3459 Palzrologo,
1142 3387 1235 3457 qui
1284 3396 1416 3440 tunc
1446 3399 1675 3455 regnum
1712 3384 2037 3454 occupabat,

455 3487 636 3541 oculis
695 3484 964 3554 privatur.
1025 3478 1117 3535 Sic
1164 3478 1343 3549 igitur
1394 3478 1561 3533 rebus
1614 3477 1873 3531 omnibus
1918 3475 2043 3531 ubi-

459 3595 571 3650 que
606 3575 964 3647 perturbatis,
990 3570 1373 3634 Senacherim,
1401 3568 1488 3625 cui
1521 3578 1577 3625 et
1604 3568 1705 3639 ipsi
1738 3583 1766 3622 a
1804 3569 2042 3638 Nicopo.

455 3671 645 3727 litanis
676 3668 887 3725 insidia:
918 3665 1300 3726 struebantur,
1338 3663 1663 3719 Michaelem
1693 3661 2039 3718 Comnenum

457 3765 513 3819 in
539 3762 802 3818 auxilium
834 3759 1073 3815 vocavit.
1107 3757 1208 3825 Qui
1241 3772 1365 3811 cum
1418 3763 1750 3821 moraretur,
1783 3765 1839 3811 et
1864 3754 2040 3810 Sena-

456 3855 668 3910 ehcrim
736 3853 865 3908 dolo
917 3850 1245 3906 interfectus
1299 3847 1515 3915 fuisset,
1562 3846 1793 3903 Michael
1849 3855 2041 3917 postea

458 3948 756 4003 vindictam
790 3945 859 4000 ab
909 3943 1259 4000 occisoribus
1298 3940 1554 4011 sumpsit,
1602 3950 1680 4003 et,
1712 3956 1837 3995 cum
1883 3956 2039 3995 suam

458 4053 635 4095 morte
671 4039 819 4093 fatali
856 4036 1214 4109 perdidisset,
1253 4034 1402 4090 illius
1425 4050 1651 4090 uxorem
1682 4036 2041 4091 matrimonio

456 4133 615 4187 duxit
671 4131 1041 4194 Melissenam,
1081 4128 1283 4200 opibus
1348 4127 1705 4183 Senacberim
1780 4130 2042 4183 omnibus

457 4240 584 4279 cum
635 4237 802 4293 regno
845 4224 1072 4292 potitus.
1126 4219 1299 4286 Idem,
1360 4232 1653 4291 postquam
1712 4218 2038 4274 Latinorum

458 4319 647 4372 classis
676 4316 863 4370 relicta
910 4314 1389 4384 Constantinopoli
1422 4312 1489 4367 ad
1546 4311 1870 4368 Salazorutn
1903 4326 2037 4382 por-

462 4421 575 4464 ttttn
607 4411 679 4464 ita
710 4408 919 4462 dictum
963 4408 1288 4478 appulisset,
1328 4406 1584 4461 Alexiunt
1612 4405 2034 4474 imperatorem,

460 4503 564 4573 ipsi
618 4504 890 4570 ignotum,
947 4499 1137 4569 grandi
1187 4500 1420 4568 pecunia
1457 4500 1525 4554 ab
1580 4499 1777 4554 illisut
1813 4512 2037 4553 servum
2068 4526 2111 4583 ρ

462 4593 695 4648 redemit
728 4608 793 4647 ac
824 4600 1019 4661 postea
1053 4592 1391 4645 manumisit.
1417 4590 1501 4644 Ab
1532 4593 1633 4644 hoc
1675 4602 1840 4658 porro
1864 4591 2041 4658 impe-

460 4697 643 4741 ratore
677 4685 928 4741 Michaeli
972 4694 1028 4739 et
1062 4685 1181 4755 ejus
1219 4683 1348 4739 filiis
1398 4698 1616 4736 summa
1654 4681 1871 4750 imperii
1913 4696 2044 4736 con-

457 4793 609 4833 cessa
632 4786 737 4832 est.
771 4778 847 4831 Ex
873 4777 1161 4831 Mclissena
1187 4780 1426 4846 quatuor
1466 4768 1710 4843 suscepit
1737 4772 1898 4836 filios,
1942 4773 2043 4827 Bli-

459 4871 705 4925 cltaelem
744 4870 972 4933 Ducam,
1028 4869 1409 4931 Theodorum,
1446 4866 1752 4920 Manuelem
1784 4876 1839 4920 et
1895 4865 2043 4921 Con-

456 4964 780 5019 stantinum.
814 4964 891 5018 Ex
913 4962 1116 5033 quibus
1139 4962 1411 5016 maximus
1443 4965 1573 5013 natu
1606 4958 1833 5014 Michael
1856 4975 2038 5014 rerum

458 5073 672 5110 summa
694 5057 900 5125 potitus
922 5065 1027 5119 est,
1061 5056 1147 5108 vir
1176 5052 1243 5107 ad
1280 5067 1368 5106 res
1389 5050 1776 5122 cxcogitandas
1801 5060 1856 5106 et
1872 5067 2040 5122 pera-

458 5144 665 5214 gendas
691 5146 902 5214 pariter
938 5145 1194 5198 idoneus.
1230 5142 1423 5195 Albam
1467 5140 1739 5207 Graecam,
1788 5142 2043 5197 Janinatu

459 5251 525 5291 ac
563 5236 884 5291 Bonditzam
909 5234 1196 5299 fundavit;
1240 5231 1468 5304 Coriphi
1521 5234 1781 5299 insulam,
1838 5236 2042 5307 Dyrra-

459 5326 670 5391 chium,
706 5326 946 5382 Achrida
976 5333 1031 5379 et
1078 5339 1297 5379 omnem
1342 5324 1622 5378 Blachiam
1661 5326 2044 5396 Graeciamque

459 5417 697 5487 subegit,
729 5416 1057 5487 imperiique
1096 5415 1232 5469 lines
1280 5415 1529 5484 protulit.
1571 5415 1679 5470 Sed
1717 5415 1881 5485 paulo
1922 5423 2046 5485 post

456 5520 515 5565 et
565 5511 681 5580 ipse
725 5510 907 5580 gladio
965 5509 1333 5577 interemptus
1367 5518 1474 5571 est,
1522 5507 1691 5564 fratre
1749 5509 2046 5564 Theodoro

459 5601 606 5657 Dnca
646 5604 702 5657 in
741 5603 974 5673 imperio
1014 5602 1224 5657 relicto.
1259 5600 1606 5665 Theodorus,
1653 5610 1972 5673 contempto
2009 5619 2040 5658 α

2141 1908 2204 1964 τὸ
2236 1910 2336 1979 μὲν
2370 1910 2532 1979 γένος
2564 1903 2749 1965 εἷλκεν
2774 1908 2835 1976 ἐξ
2873 1911 3026 1982 ἡλίου
3079 1910 3376 1967 ἀνατολῶν·
3409 1915 3737 1985 γεννήτορες

2140 2000 2199 2055 δὲ
2238 2000 2433 2070 αὐτῆς,
2473 1999 2725 2073 Ἰωάννης
2779 2003 2874 2055 καὶ
2915 1998 3127 2073 Ἑλένη.
3181 1998 3263 2057 Τὰ
3307 2003 3366 2057 δὲ
3413 2002 3536 2058 κατ’
3562 2005 3739 2071 αὐτὴν

2142 2089 2300 2161 ἔσχεν
2328 2092 2502 2155 οὕτως
2526 2108 2540 2124 ·
2584 2090 2829 2158 Ἀλεξίου
2863 2089 2956 2145 τοῦ
2989 2090 3055 2145 ὲκ
3090 2091 3262 2163 φυλῆς
3289 2091 3399 2146 τῶν
3428 2093 3737 2164 Κομνηνῶν

2143 2185 2493 2255 κατηγμένου
2536 2183 2829 2254 Ῥωμαίων
2859 2184 3262 2254 βασιλεύοντος.
3309 2185 3528 2257 Μιχαὴλ
3562 2185 3664 2255 μὲν
3707 2189 3739 2241 ὁ

2143 2274 2429 2346 Κομνηνὸς
2480 2278 2508 2328 ὁ
2556 2276 2651 2328 καὶ
2704 2275 2843 2342 πρὸς
2879 2272 3071 2344 γένους
3112 2275 3263 2346 αὐτῷ
3302 2293 3362 2329 τε
3393 2275 3475 2348 τῷ
3524 2277 3740 2347 βασιλεί

2143 2370 2240 2422 καὶ
2272 2370 2384 2432 τοῖς
2414 2368 2832 2437 ἀγγελωνύμοις
2859 2366 3142 2439 βασιλεῦσι
3175 2368 3474 2439 διαφέρων,
3503 2371 3603 2441 τὴν
3633 2372 3739 2440 ἀρ-

2144 2463 2244 2535 χὴν
2272 2464 2369 2532 τὴς
2414 2462 2827 2533 Πελοποννήσου
2865 2460 3218 2516 πιστεύεται·
3272 2464 3610 2533 Σεναχερεὶμ
3655 2464 3735 2527 δὲ,

2144 2555 2281 2627 πρὸς
2313 2554 2580 2608 Αἰτωλίαν
2631 2554 2726 2607 καὶ
2779 2554 3077 2608 Νικόπολιν
3132 2555 3563 2609 ἀποστέλλεται·
3613 2556 3743 2611 δυσὶ

2143 2647 2411 2719 πρότερον
2443 2644 2591 2702 οὗτοι
2640 2647 3123 2720 πρωτεξαδέλφαις
3166 2648 3584 2719 συζευχθιντες,
3613 2651 3738 2713 ταῖς

2144 2737 2268 2793 καθ’
2297 2733 2437 2810 αἷμα
2468 2740 2723 2809 γνησίαις
2771 2738 2849 2810 τῷ
2900 2739 3132 2810 βασιλεῖ.
3172 2742 3424 2812 Ἰωάννης
3452 2741 3531 2802 δὲ,
3570 2743 3599 2795 ὁ
3637 2741 3740 2814 τῆς

2145 2831 2426 2902 μακαρίας
2470 2829 2754 2902 Θεοδώρας
2805 2833 3030 2904 πατὴρ,
3060 2826 3105 2903 ᾧ
3136 2835 3487 2907 Ιίετραλίφης
3528 2835 3591 2889 τὸ
3634 2838 3740 2890 ia-

2142 2921 2382 2994 ώνυμον,
2407 2922 2595 2991 γένους
2632 2921 2708 2976 ὢν
2735 2924 3072 2995 περιφα.οὖς
3099 2929 3193 2982 καὶ
3221 2927 3741 2999 λαμπροῦ,γυναικὶ

2146 3016 2248 3085 μὲν
2278 3017 2374 3068 καὶ
2408 3014 2571 3081 αὐτὸς
2630 3017 2782 3089 παρὰ
2815 3017 3084 3088 βασιλέως
3118 3019 3505 3087 συζεύγνυται,
3536 3019 3645 3072 τῶν
3676 3021 3740 3073 ιν

2146 3109 2729 3164 Κωνσταντινουπόλει
2776 3111 2845 3162 τὰ
2890 3110 3084 3183 πρῶτα
3137 3111 3413 3181 φερόντων
3446 3113 3515 3166 ὲκ
3544 3113 3740 3181 γένους

2144 3200 2280 3272 οὔσῃ
2306 3218 2319 3230 ·
2356 3200 2816 3274 σεϐαστοκράτωρ
2854 3202 2913 3256 δὲ
2960 3202 3251 3274 Ῥωμαίων
3303 3202 3581 3276 τιμηθεὶς.
3633 3204 3737 3269 τῆς

2142 3294 2482 3358 Μακεδονίας
2543 3296 2637 3348 καὶ
2666 3295 2967 3359 Θεσσαλίας
3011 3298 3295 3369 κατάρχην
3326 3298 3450 3367 (sic)
3481 3296 3739 3351 ἀποκαθ-

2146 3389 2360 3441 ίσταται
2385 3403 2401 3419 ·
2442 3388 2580 3442 ἀλλὰ
2613 3390 2680 3460 τῇ
2716 3388 2810 3442 τοῦ
2860 3388 2995 3443 Θεοῦ
3050 3392 3446 3462 παραχωρήσει
3485 3391 3736 3444 Λατίνων

2143 3478 2277 3547 φεῦί
2306 3481 2405 3550 τῆς
2425 3479 2838 3533 Κωνσταντίνου
2862 3481 3277 3551 κρατησάντων,
3309 3479 3737 3551 ᾐχμαλώτευται

2147 3570 2248 3640 μὲν
2280 3571 2409 3641 παρ’
2442 3571 2669 3625 ἐκείνων
2707 3573 2803 3625 σὺν
2834 3573 3016 3635 ἄλλοις
3049 3573 3262 3636 πολλοῖς
3297 3576 3394 3627 καὶ
3422 3576 3449 3628 ὁ
3473 3572 3736 3643 βασιλεὺς

2158 3662 2416 3728 ’Δλέξιος.
2466 3662 2862 3733 Ἐκτυφλοῦται
2896 3665 2954 3719 δὲ
2994 3664 3277 3737 Λασκαρις
3317 3668 3346 3718 ὁ
3391 3668 3519 3729 παῖς
3554 3666 3613 3718 ἐν
3663 3668 3732 3737 τῇ

2157 3755 2442 3826 ⁸Δνατολῇ,
2474 3757 2628 3826 παρὰ
2671 3756 2891 3828 Μιχαὴλ
2929 3756 3025 3811 τοῦ
3068 3758 3461 3825 Παλαιολόγου,
3496 3756 3592 3811 τοῦ
3630 3758 3735 3828 τὴν

2146 3845 2428 3917 βασιλείαν
2456 3849 2579 3900 τότε
2607 3848 2956 3920 δραξαμένου
2982 3864 2996 3878 ·
3031 3851 3125 3903 καὶ
3155 3850 3343 3904 λοιπὸν
3380 3849 3628 3919 ἐπλήσθη
3661 3851 3735 3902 τὰ

2145 3940 2326 3993 πάντα
2356 3941 2602 4012 ταραχῆς
2633 3942 2728 3995 καὶ
2771 3941 3109 4013 συγχύσεως.
3144 3944 3490 4015 Σεναχηρεὶμ
3517 3942 3610 3997 οὖν
3635 3942 3735 3997 καὶ

2145 4033 2344 4098 αὐτοὺς
2394 4033 2805 4099 ἐπιϐουλευθεὶς
2853 4038 3007 4107 παρὰ
3050 4035 3163 4088 τῶν
3191 4036 3587 4101 Νικοπολιτῶν,
3639 4034 3734 4088 τὸν

2147 4126 2432 4198 Κομνηνδν
2449 4126 2669 4198 Μιχαὴλ
2697 4128 2777 4190 εἰς
2798 4126 3056 4199 βοήθειαν
3078 4129 3540 4200 προσεκαλέσατο·
3564 4133 3734 4200 μήπω

2144 4218 2188 4270 δ’
2222 4219 2435 4271 ἐκείνου
2469 4218 2797 4286 φθάσαντος,
2825 4216 3193 4288 δολοφονεῖται
3227 4220 3591 4291 Σεναχηρείμ.
3623 4223 3734 4275 Μι-

2145 4312 2286 4381 χαὴλ
2348 4310 2531 4382 μέντοι
2574 4311 3058 4382 παραγενόμενος,
3113 4313 3241 4376 τοὺς
3297 4318 3480 4382 φονεῖς
3532 4315 3733 4368 κτείνει

2148 4404 2380 4469 πάντας·
2416 4403 2686 4473 λαμϐάνει
2728 4403 2786 4457 δὲ
2816 4405 2914 4475 σὴν
2949 4405 3157 4459 ἐκείνου
3188 4410 3423 4475 γυναῖκα
3455 4410 3732 4479 Μελίσση-

2145 4499 2263 4568 νήν·
2295 4496 2500 4565 ἔφθασε
2536 4497 2630 4550 καὶ
2662 4495 2772 4567 γὰρ
2816 4497 2915 4568 τὴν
2945 4497 3079 4552 ίδίαν
3108 4502 3365 4568 γυναῖκα,
3391 4501 3540 4571 νόμῳ
3572 4500 3737 4555 θανά-

2142 4606 2239 4641 του
2283 4587 2677 4641 ἁποϐαλέσθαι·
2711 4590 2806 4643 καὶ⁹
2838 4590 3028 4644 λοιπὸν
3060 4592 3241 4644 πᾶσαν
3281 4592 3381 4661 τὴν
3414 4593 3732 4662 περιουσίαν

2143 4678 2491 4749 Σεναχηρεὶμ
2516 4678 2614 4731 σὺν
2645 4682 2711 4748 τῇ
2742 4680 2910 4755 ἀρχῇ,
2944 4680 3122 4750 ἑαυτῴ
3166 4686 3550 4751 περιποιεῖται·
3582 4682 3641 4745 ὃς
3666 4683 3733 4754 δὴ

2144 4771 2431 4839 Κομνηνὸς
2476 4771 2540 4822 ὲκ
2590 4770 2689 4839 τῆς
2728 4772 3360 4836 Κωνσταντινουπὸλεως
3408 4773 3501 4826 τοῦ
3540 4774 3732 4828 στόλου

2141 4863 2254 4915 τῶν
2280 4863 2525 4915 Λατίνων
2553 4864 2983 4934 κατερχομένου,
3029 4866 3126 4917 καὶ
3168 4864 3247 4935 τῷ
3275 4867 3373 4935 τῆς
3413 4866 3734 4938 Σαλαγορᾶς

2147 4954 2332 5025 λιμένι
2364 4954 2564 5007 οὑτωσὶ
2598 4955 2948 5025 ἐπικληθέντι
2980 4959 3473 5029 προσορμίσαντος,
3504 4963 3596 5013 τὸν
3630 4959 3734 5030 βα-

2151 5047 2307 5100 σιλέα
2337 5047 2572 5113 Ἀλέξων
2603 5049 2678 5119 μὴ
2701 5049 3107 5120 γνωριζόμενον
3134 5050 3207 5114 ὼς
3235 5051 3569 5122 ἀνδράποδον
3599 5054 3733 5125 παρ’

2141 5143 2368 5197 ἐκείνων
2401 5146 2481 5208 εἰς
2516 5146 2678 5215 χάριν
2717 5145 2880 5198 ἔλαϐε
2910 5146 3006 5200 καὶ
3039 5148 3305 5212 ἀπέλυσε,
3341 5150 3566 5215 πολλαῖς
3605 5152 3734 5223 πρός

2140 5254 2298 5305 τερον
2321 5236 2390 5289 αὑ
2404 5238 2521 5300 τοὺς
2543 5237 2977 5310 δεξιωσαμέναις
3005 5240 3259 5311 δωρεαῖς·
3287 5242 3349 5307 ἐξ
3373 5238 3433 5298 οὗ
3462 5244 3734 5315 βασιλέως

2142 5330 2222 5390 εἰς
2267 5329 2472 5400 κλῆρον
2497 5331 2654 5401 ἐδόθη
2688 5332 2841 5400 αὑτῴ
2888 5349 2948 5385 τε
3003 5333 3081 5404 τῷ
3125 5335 3347 5405 Μιχαὴλ
3394 5338 3489 5390 καὶ
3524 5340 3636 5400 τοῖς
3668 5338 3733 5404 εξ

2141 5421 2331 5485 αὑτοῦ,
2360 5424 2391 5492 ἡ
2416 5422 2659 5492 λαχοῦσα
2692 5424 2815 5477 τότε
2845 5425 2942 5495 τῆς
2973 5425 3269 5494 ἡγεμονίας
3292 5428 3458 5499 ἀρχή.
3486 5429 3731 5482 Γεννῶν-

2143 5529 2232 5565 ται
2256 5514 2435 5567 τοίνυν
2462 5514 2611 5585 αὐτῷ
2639 5516 2704 5570 ἐκ
2739 5517 2836 5584 τῆς
2875 5517 3247 5589 Μελισσηνῆς,
3281 5520 3388 5573 uici.
3421 5523 3690 5591 τέσσαρες
3710 5538 3727 5554 ·

2151 5606 2371 5678 Μιχαὴλ
2422 5608 2452 5661 ὁ
2487 5607 2719 5674 Δούκας,
2768 5608 3067 5680 Θεόδωρος,
3120 5613 3418 5686 Μανουὴλ,
3449 5617 3544 5670 καὶ
3575 5617 3731 5671 Κων-

532 5764 608 5836 (l)
644 5764 932 5821 Theudora
969 5775 1225 5837 parentes
1257 5765 1450 5820 habuit
1475 5765 1741 5823 Joxnnem
1779 5779 1834 5824 et
1862 5770 2141 5825 llele..am.
2178 5772 2311 5829 Vide
2340 5773 2418 5828 Du
2447 5771 2651 5844 Gange,
2687 5772 2929 5828 Familia’
2955 5775 3286 5847 Byzantium.
3319 5780 3461 5835 Furr.
3495 5779 3651 5833 l‘nn.
