4064 6482
301 429 410 492 905

1358 417 1538 488 VITA
1577 426 1643 489 S.
1683 421 2129 487 THEODORI‘E
2171 423 2506 484 REGINE.

3469 429 3573 486 9136

299 540 602 602 σταντίνος.
639 537 858 609 Μιχαὴλ
891 537 948 591 δέ
994 539 1022 592 ὀ
1052 537 1160 592 τῶν
1193 537 1324 591 υίῶν
1360 536 1576 610 πρῶτος
1617 535 1760 607 μετὰ
1789 533 1888 606 τὴν

1994 535 2260 591 Micliaele
2295 535 2464 590 fratre
2525 534 2717 590 relicto
2745 536 2981 603 puerulo
3020 544 3081 590 ct
3119 551 3334 591 summa
3389 554 3577 592 rerum

296 633 393 686 τοῦ
423 632 630 702 πατρὸς
661 634 941 705 τελευτὴν,
971 634 1155 687 πᾶσαν
1191 635 1292 704 τὴν
1330 633 1544 686 ἐκείνου
1576 631 1755 702 ἀρχὴν
1809 631 1894 684 δι-

297 723 580 787 εζώσατο’
635 723 779 794 ἀνὴρ
810 723 1160 795 δραστήριος,
1211 723 1306 777 καὶ
1333 722 1459 788 ὀξὺς
1506 723 1694 792 νοῆσαι
1720 763 1735 786 ,
1791 721 1890 775 καὶ

297 814 643 885 πραγμάτων
675 815 1079 884 ἐμπειρότατος
1121 815 1407 883 οἰκονόμος
1428 831 1443 845 ⁸
1484 813 1540 877 ὃς
1570 812 1637 883 δὴ
1683 810 1888 865 Βελλά-

294 907 470 978 γραδά
501 924 560 960 τε
596 907 692 961 καὶ
742 905 1022 962 Ἰωάννινα
1065 911 1158 961 καὶ
1198 907 1297 978 τὴν
1339 907 1628 972 Βόνδιτζαν
1659 904 1883 974 ἐκτησε·

1991 627 2219 698 potitus,
2243 627 2371 698 quia
2393 626 2619 682 fortuna
2644 627 2746 696 ipsi
2769 627 3009 692 favebat,
3040 627 3182 682 alios
3207 628 3437 698 spiritus
3481 645 3576 684 su-

1993 734 2145 774 mere
2167 729 2223 774 et
2244 734 2418 789 puero
2437 719 2503 772 ad
2533 717 2938 774 successionem
2963 727 3090 774 nato
3111 719 3362 776 insidiari
3388 721 3580 789 coepit,

1985 810 2140 876 Quod
2171 811 2263 866 ubi
2298 812 2564 866 sensisset
2602 823 2799 874 mater,
2854 821 2912 866 ut
2966 813 3116 868 illius
3178 812 3398 868 insidiis
3448 815 3582 870 illu-

1985 903 2164 967 deret,
2184 918 2310 958 cum
2345 903 2458 957 lilio
2501 904 2941 973 Peloponnesum
2977 906 3156 975 petiit.

293 1002 396 1072 τὴν
435 1001 598 1072 νῆσόν
647 1017 706 1054 τε
743 1001 984 1071 Κορυφὼ
1029 1001 1126 1054 καὶ
1159 1001 1468 1074 Δυρράχιον
1512 1001 1608 1054 καὶ
1641 999 1885 1071 Ἀκρίδα,
1926 1000 2021 1052 καὶ
2058 1000 2235 1053 πᾶσαν
2263 997 2361 1068 τὴν
2383 999 2624 1070 Βλαχίαν
2691 1000 2789 1054 καὶ
2826 999 2925 1071 τὴν
3004 998 3232 1054 Ἐλλάδα
3271 999 3584 1069 περιεποιή-

299 1107 458 1160 σιτο,
498 1091 596 1146 καὶ
626 1093 708 1156 είς
738 1091 873 1146 πολὺ
901 1092 1100 1156 πλάτος
1118 1095 1364 1146 ἐπέτεινε
1389 1093 1487 1159 τὴν
1514 1092 1715 1164 ἀρχήν.
1756 1091 1919 1146 Ἀλλά
1955 1093 2166 1162 ταχέως
2195 1093 2289 1145 καὶ
2322 1086 2480 1156 οἶτος
2511 1092 2672 1164 ἔργον
2712 1093 2990 1166 ῥομφαίας
3051 1095 3363 1165 γενόμενος,
3394 1094 3454 1159 ἐξ
3483 1095 3582 1146 άν-

301 1183 538 1255 θρώπων
593 1186 812 1251 ἐγένετο
837 1200 852 1214 ο
914 1185 1008 1238 τὸν
1064 1185 1196 1238 ἴδιον
1246 1185 1581 1254 αὐτάδελφον
1607 1184 1885 1254 Θεόδωρον
1923 1185 2016 1238 τὸν
2043 1184 2265 1249 δούκαν,
2315 1185 2562 1257 διάδοχον
2589 1187 2784 1240 ἐαυτοῦ
2856 1187 3176 1242 καταλιπών
3205 1205 3220 1220 ν
3258 1189 3315 1252 ὃς
3342 1189 3406 1260 δὴ
3449 1191 3586 1242 Θεό-

291 1281 468 1348 δωρος
525 1276 853 1348 βρεφύλλιον
896 1276 958 1330 τὸ
989 1279 1053 1331 ἐκ
1082 1277 1178 1331 τοῦ
1213 1277 1346 1332 ἰδίου
1393 1278 1629 1349 ἀδελφοῦ
1668 1277 1889 1348 Μιχαὴλ
1925 1280 2016 1331 τὸν
2051 1279 2260 1332 Δούκαν
2306 1278 2558 1350 εὑρηκὼς
2589 1279 2812 1350 παρεῖδε
2880 1283 2980 1351 μὲν
3002 1281 3194 1336 τοῦτον
3229 1281 3307 1345 ὡς
3371 1281 3538 1352 ἀτελῆ
3565 1297 3579 1311 ·

300 1372 402 1442 τὴν
455 1371 632 1442 ἀρχὴν
667 1371 723 1424 δὲ
757 1372 940 1425 πᾶσαν
989 1371 1352 1441 δραξάμενος,
1387 1373 1484 1425 καὶ
1530 1371 1625 1425 ἐπὶ
1658 1373 1887 1444 εὐτυχίᾳ
1927 1373 2270 1442 πραγμάτων
2298 1373 2507 1443 ἀρθεὶς,
2534 1373 2684 1427 δόλον
2715 1374 2858 1428 κατὰ
2892 1375 2988 1428 τοῦ
3066 1377 3257 1439 παιδὸς
3323 1377 3583 1448 ἐμελέτη-

297 1481 410 1519 σεν’
438 1465 606 1533 ὅνπερ
640 1465 674 1533 ἡ
713 1465 896 1535 μήτηρ
931 1463 1254 1534 αἰσθομένη,
1293 1464 1570 1535 προέλαϐε
1617 1464 2001 1536 διαπεράσασα
2034 1464 2174 1533 μετὰ
2214 1464 2308 1517 τοῦ
2357 1466 2575 1536 νηπίου,
2613 1467 2670 1518 ὲν
2711 1469 2776 1536 τῇ
2827 1469 2977 1538 νήσῳ
3023 1468 3116 1522 τοῦ
3150 1449 3410 1534 Πέλοπος.

286 1621 288 1624 ν
368 1553 649 1626 Θεόδωρος
688 1555 744 1608 δὲ
774 1554 1146 1624 δοκιμώτατος
1191 1558 1248 1610 ἐν
1283 1557 1484 1627 μάχαις
1532 1557 1757 1624 φανεὶς,
1787 1559 1883 1611 καὶ

285 1627 396 1750 ἰτὴν
423 1647 829 1718 Θεσσαλονίκην
880 1648 1255 1719 ἐλευθερώσας
1305 1650 1405 1721 τῆς
1446 1649 1746 1722 Δατινικῆς
1787 1667 1882 1703 τυ-

296 1739 578 1813 ραννίδος,
634 1740 890 1811 βασιλεὺς
931 1741 1332 1812 ἀνηγόρευταιο
1366 1741 1462 1795 καὶ
1503 1741 1722 1796 πάντων
1771 1739 1882 1794 τῶν

293 1831 541 1886 Δυτικῶν
555 1830 662 1894 ἕως
687 1831 855 1901 αὐτῆς
877 1831 1150 1902 ἐκράτησε
1167 1833 1213 1884 Χ
1221 1831 1637 1901 ριστουπὸλεως.
1675 1821 1732 1886 Ὅ
1752 1832 1882 1902 μὲν·-

293 1941 381 1978 τοι
418 1922 882 1993 σεὸαστοκράτωρ
919 1923 1291 1994 Πετραλίφης,
1323 1924 1478 1987 υἱοὺς
1511 1923 1784 1995 γεννήσας
1825 1923 1884 1976 ὲν

295 2014 589 2085 Θετταλίᾳ,
619 2015 717 2069 καὶ
766 2015 866 2085 τὴν
916 2015 1250 2086 ἀείμνηστον
1289 2015 1526 2069 άπέτεκε
1556 2015 1844 2086 Θεοδώραν
1864 2032 1881 2048 ο

295 2109 393 2164 καὶ
421 2111 513 2161 τὸν
539 2106 656 2177 βίον
689 2108 748 2160 ἐν
790 2107 1016 2179 Χριστῷ
1046 2107 1384 2173 καταλύσας,
1407 2107 1508 2179 την
1538 2107 1676 2161 ἰδίαν
1709 2107 1886 2180 ἀρχὴν

295 2203 411 2264 τοῖς
453 2199 596 2253 υἱέσι
626 2199 920 2252 κατέλιπεν
947 2215 959 2229 ο
1007 2199 1057 2252 οἳ
1107 2199 1202 2252 καὶ
1237 2198 1317 2269 τῷ
1370 2199 1584 2270 βασιλεῖ
1621 2199 1886 2269 Θεοδώρῳ

296 2291 487 2360 δεξιῶς
537 2289 842 2354 τελοῦντες.
876 2289 978 2362 τὴν
1028 2289 1168 2344 ἰδίαν
1216 2290 1453 2360 ἀδελφὴν
1483 2291 1882 2362 νηπιάζουσαν,

293 2379 373 2444 ὡς
403 2380 574 2452 κόρην
600 2378 899 2448 ἐφύλαττον
941 2377 1247 2450 ὀφθαλμοῦ.
1277 2380 1342 2432 Τί
1390 2380 1452 2433 τὸ
1497 2380 1637 2450 μετὰ
1667 2381 1883 2448 “totum;

295 2475 376 2543 Τῇ
409 2470 628 2543 Ζαγορᾷ
679 2470 957 2541 Θεόδωρος
1007 2470 1445 2542 ἐπιστρατεύσας
1495 2473 1524 2524 ὁ
1587 2473 1885 2540 βασιλεὺς,

294 2565 536 2634 πόλεμον
566 2563 741 2616 ἐποίει
778 2561 918 2632 μετὰ
962 2561 1150 2628 Ἀσάν,
1207 2560 1303 2615 τοῦ
1335 2561 1605 2632 βασιλέως
1642 2562 1888 2631 Βουλγάο

298 2673 432 2727 ρων,
470 2656 566 2707 καὶ
603 2653 868 2724 νικηθεὶς,
898 2652 1028 2725 παρ’
1059 2654 1268 2706 ἐκείνου
1299 2654 1602 2724 χειροῦται,
1637 2656 1731 2708 καὶ
1761 2655 1888 2718 τοὺς

295 2745 615 2817 ὀφθαλμοὺς
664 2749 937 2816 στερείται
965 2761 979 2776 ⁸
1011 2744 1233 2815 Μιχαὴλ
1284 2745 1341 2798 δὲ
1391 2746 1472 2808 εἰς
1525 2745 1744 2809 νεανίας
1785 2746 1886 2817 ῆδη

293 2839 496 2905 τελῶν,
535 2837 636 2908 τῆς
679 2836 895 2908 ἐξορίας
941 2836 1320 2903 ἀνακαλεῖται,
1353 2839 1450 2890 καὶ
1480 2836 1580 2908 τὴν
1613 2838 1890 2909 πατρικὴν

300 2932 488 2986 πᾶσαν
520 2928 855 2998 παραλαϐὼν
889 2929 1085 2999 ἀρχὴν,
1109 2930 1178 2998 τῇ
1215 2926 1422 2998 Βλαχίᾳ
1455 2927 1714 2998 ἐπιδημεῖ
1743 2945 1756 2960 ·
1793 2928 1890 2980 καὶ

296 3021 431 3094 περ).
448 3021 508 3074 τὸ
523 3020 762 3090 κάστρον
784 3020 1007 3089 Σερὸἱον
1036 3019 1354 3092 γενόμενος,
1381 3019 1478 3088 τὴν
1501 3019 1674 3089 καλὴν
1697 3018 1890 3088 βλέπει

292 3113 516 3168 νεάνιδα
549 3111 855 3182 Θεοδώραν,
905 3108 973 3184 ἦς
1019 3113 1208 3182 ἄκρως
1263 3111 1449 3174 ἁλοὺς,
1491 3114 1603 3174 τοῖς
1637 3110 1888 3177 ἀδελφοῖς

2065 1556 2393 1612 Theodorus
2465 1559 2756 1613 militarem
2820 1561 3052 1630 adeptus
3113 1562 3362 1631 gloriam,
3439 1577 3585 1632 post“

1990 1666 2156 1722 quam
2189 1651 2620 1708 Thessalonicen
2653 1668 2686 1708 a
2723 1653 3044 1708 Latinorum
3089 1654 3372 1724 impotenti
3407 1658 3585 1713 domi-

1988 1744 2213 1799 natione
2236 1745 2543 1811 liberasset,
2580 1747 2882 1816 imperator
2919 1756 3005 1802 est
3027 1750 3396 1819 proclamatus
3432 1753 3580 1822 :jam

1986 1834 2134 1889 enim
2174 1843 2290 1891 toto
2321 1835 2622 1892 Occidente
2653 1847 2818 1907 atque
2838 1837 3176 1909 Christopoli
3209 1839 3324 1911 ipsa
3375 1843 3587 1910 potitus

1987 1937 2130 1983 erat.
2165 1929 2406 1985 Joannes
2439 1943 2606 2001 porro
2635 1929 2999 2001 Petraliphes.
3043 1942 3247 2002 praeter
3277 1934 3418 1988 filios
3444 1950 3585 2004 quos

1987 2020 2044 2077 in
2098 2021 2378 2078 Thessalia
2428 2031 2715 2093 genuerat,
2763 2023 3109 2078 Theodoram
3145 2041 3369 2096 quoque
3401 2027 3582 2081 virtu-

1987 2113 2137 2168 tibus
2157 2112 2431 2184 egregiam
2467 2114 2730 2184 suscepit,
2763 2123 2818 2169 et
2851 2115 2962 2170 vita
3010 2116 3064 2170 in
3111 2115 3334 2172 Christo
3362 2118 3584 2174 functus

1987 2219 2215 2275 regnum
2236 2204 2360 2259 ﬁliis
2385 2205 2606 2275 reliquit
2631 2224 2645 2272 ;
2677 2205 2771 2276 qui
2803 2206 3097 2263 Theodoro
3127 2209 3260 2280 imp.
3299 2211 3402 2266 rite
3423 2213 3586 2267 satis-

1988 2297 2272 2362 facientes,
2323 2311 2575 2352 sororem
2641 2312 2799 2351 suam
2834 2308 3082 2354 teneram
3135 2317 3353 2356 summo
3394 2319 3584 2359 amore

1989 2385 2492 2454 prosequebantur.
2519 2385 2816 2458 Interjecto
2840 2387 3040 2444 deinde
3059 2398 3306 2458 tempore
3328 2387 3586 2444 Theodo-

1991 2494 2085 2534 rns
2104 2481 2246 2549 apud
2269 2479 2536 2550 Zagoram
2565 2497 2686 2534 cum
2703 2482 2869 2546 Asan,
2890 2498 3018 2552 rege
3043 2483 3427 2555 Bulgarorum,
3467 2485 3586 2539 bel-

1994 2571 2108 2626 lum
2131 2573 2339 2643 gessit;
2365 2589 2392 2626 a
2415 2587 2526 2642 quo
2541 2589 2722 2645 pugna
2764 2573 2947 2628 victus
2969 2585 3272 2645 captusque
3294 2577 3583 2631 oculorum

1991 2662 2202 2716 lumine
2223 2663 2470 2731 privatus
2505 2671 2614 2717 est.
2644 2662 2873 2716 Michael
2897 2664 3009 2733 jam
3051 2663 3275 2718 adultus
3299 2663 3368 2716 ab
3389 2664 3585 2719 exsilio

1990 2762 2283 2807 revocatus
2311 2767 2480 2822 regno
2507 2761 2738 2822 paterno
2764 2763 3090 2823 recuperato
3110 2754 3164 2808 in
3185 2754 3462 2808 Blacliiam
3493 2770 3587 2810 se-

1989 2843 2344 2908 nbtinuisset,
2405 2844 2461 2898 in
2511 2844 2648 2898 urbe
2689 2844 3072 2898 Acbarnarum
3128 2855 3270 2900 tnm'
3315 2848 3584 2916 temporis

1990 2931 2181 2986 cessit.
2208 2931 2344 2986 Cum
2383 2943 2573 3000 postea
2607 2931 2664 2985 in
2691 2941 2874 2986 castro
2918 2931 3090 2988 Servii
3120 2933 3422 2989 Theodorac
3445 2936 3586 2990 ado-

1991 3021 2310 3076 lescentuize
2329 3037 2515 3076 amore
2535 3032 2726 3090 captus
2748 3022 2991 3092 ejusdem
3011 3023 3134 3078 fratr
3150 3041 3239 3078 um
3252 3041 3582 3081 consensum

1993 3113 2236 3167 nondum
2271 3114 2506 3179 munita,
2534 3115 2756 3183 nuptias
2782 3115 3100 3183 splendidas
3124 3118 3440 3186 complevit.
3473 3118 3582 3173 Sed

295 3206 587 3274 συμφωνεῖ
631 3204 1026 3274 [ιετραλίφαις,
1085 3206 1181 3256 καὶ
1214 3202 1422 3273 ταύτην
1457 3204 1676 3273 νομίμῳ
1726 3204 1888 3274 γάμῳ

1994 3203 2126 3257 dum
2161 3204 2276 3274 ipse
2305 3220 2474 3274 regno
2500 3204 2769 3260 firmando
2799 3206 3045 3260 intentus
3068 3218 3234 3269 esset,
3269 3208 3310 3261 Τ
3319 3209 3582 3275 heodora,

293 3297 505 3363 λαϐὼν,
541 3299 618 3360 εἰς
669 3296 1033 3367 ’Δχαρνανὶαν
1061 3295 1372 3366 ἀτείχιστον
1415 3296 1536 3349 τότε
1572 3292 1762 3360 οὖσαν,
1794 3297 1892 3349 σὺν

292 3389 442 3460 αὐτῇ
467 3388 740 3458 λαμπρῶς
787 3385 1177 3451 ἐπανέζευξεν.
1218 3385 1355 3440 Ἀλλ’
1384 3387 1413 3439 ὁ
1442 3387 1565 3457 μὲν,
1619 3389 1719 3458 τῆς
1753 3387 1891 3450 ιδίας

294 3476 369 3550 ἦν
400 3477 706 3550 φροντίζων
743 3478 941 3549 ἀρχῆς,
997 3477 1252 3550 Θεοδώρα
1280 3478 1359 3538 δὲ.
1394 3479 1457 3532 οὐ
1491 3479 1780 3550 παρεσύρη
1823 3482 1889 3551 τῇ

291 3570 466 3641 δόξῃ.
535 3571 634 3638 οὐχ
697 3570 842 3623 ἐάλω
898 3571 964 3640 τῇ
1005 3569 1236 3640 νεότητι,
1272 3568 1396 3623 οὔτε
1438 3572 1546 3642 μὴν
1575 3572 1714 3642 πρὸς
1759 3589 1891 3642 τρυ-

295 3663 409 3730 φὰς
449 3657 558 3716 οἶδε
584 3661 1038 3731 κατασπαταλᾷν.
1091 3661 1233 3714 Ἀλλ’
1276 3661 1400 3715 οὐδὲ
1442 3662 1522 3734 τῷ
1565 3665 1664 3733 τῆς
1710 3665 1891 3734 ἀρχῆς

290 3755 451 3824 ὄγκῳ
480 3754 698 3824 ἐπήρθη
717 3770 732 3784 ο
769 3754 848 3824 τῷ
898 3753 1018 3824 Θεῷ
1044 3753 1102 3807 δέ
1136 3753 1337 3822 μᾶλλον
1367 3755 1511 3822 ἔγνω
1541 3758 1888 3826 προκεῖσθαι,

290 3848 396 3900 καὶ
422 3845 626 3916 ἀρετῆς
651 3844 1052 3916 ἐπιμελεῖσθαι,
1081 3847 1378 3916 σωφρόνως
1412 3847 1609 3912 ζῶσαν
1635 3866 1892 3903 ταπεινο-

296 3935 590 4008 φροσύνην
643 3936 1031 4008 ἀσπαζομένη,
1079 3938 1406 4010 άοργησίαν,
1438 3941 1681 4013 ἀγάπην,
1722 3941 1891 4012 πραό-

289 4047 462 4100 τητα,
509 4029 860 4100 συμπάθειάν
913 4048 973 4084 τε
1024 4033 1119 4084 καὶ
1165 4032 1563 4103 ἐλεημοσύνην,
1614 4034 1688 4096 ὠς
1733 4035 1890 4096 ἄλλος

289 4125 477 4187 οὐδεὶς
525 4123 892 4194 κατορθοῦσα,
925 4125 1024 4177 καὶ
1064 4123 1159 4176 τὸν
1189 4124 1322 4178 Θεὸν
1355 4125 1634 4197 δλοψύχως
1663 4126 1892 4182 διαιταν·

289 4217 394 4278 τὸς
422 4215 825 4286 θεραπεύουσα.
851 4217 966 4269 Οὐκ
996 4217 1158 4286 ἔφερε
1189 4217 1248 4268 δέ
1285 4217 1502 4280 πάντως
1533 4221 1665 4288 of.th
1693 4219 1888 4284 ταῦτα,

287 4311 328 4364 ὁ
352 4308 461 4361 τῶν
496 4308 720 4361 δικαίων
755 4307 970 4378 ἐχθρὸς,
1017 4309 1140 4361 οὐδὲ
1188 4310 1287 4379 τὴν
1343 4311 1517 4378 καλὴν
1549 4309 1758 4380 ταύτην
1791 4312 1890 4379 τῆς

291 4402 545 4464 νεάνιδος
579 4400 698 4455 ὁδὸν
741 4399 962 4472 βλέπειν
988 4403 1270 4472 ἠνέσχετοο
1305 4402 1423 4456 ἀλλ’
1453 4403 1574 4465 ὅλος
1609 4404 1890 4464 ὀπλίζεται

291 4494 426 4550 κατ’
463 4494 654 4562 αὐτῆς,
713 4493 810 4547 καὶ
863 4492 1225 4562 θηλυμανίαις
1281 4496 1375 4549 τὸν
1416 4494 1587 4565 ἄνδρα
1636 4511 1891 4564 καταμα-

1994 3294 2181 3365 gloria:
2221 3295 2446 3350 minime
2475 3295 2656 3359 avida,
2691 3311 2792 3350 nec
2825 3311 3009 3349 rerum
3061 3311 3328 3350 novarum
3362 3299 3584 3367 cupida,

1993 3385 2198 3439 nedum
2249 3384 2478 3438 luxuriae
2520 3399 2710 3439 amans
2753 3392 2848 3438 aut
2905 3383 3069 3452 regali
3124 3384 3324 3454 spiritu
3373 3387 3580 3450 amata,

1999 3475 2094 3530 Dei
2126 3475 2312 3545 potius
2351 3484 2539 3543 partes
2581 3475 2858 3543 amplexa,
2894 3475 3119 3529 virtutis
3149 3476 3431 3542 sectatrix,
3475 3477 3582 3532 bn-

1994 3567 2307 3631 mili.atem,
2339 3567 2690 3632 eharitatem,
2730 3563 3056 3622 modestiam
3101 3577 3269 3638 atque
3301 3570 3388 3638 pia
3416 3585 3585 3641 opera

1992 3675 2255 3715 exercere
2322 3668 2602 3729 totamque
2675 3673 2736 3714 se
2815 3660 2927 3714 Deo
2990 3659 3195 3716 dedere
3250 3665 3426 3717 satius
3491 3663 3587 3718 ha-

1996 3752 2133 3807 buit.
2166 3751 2281 3806 Hoc
2309 3767 2440 3806 vero
2465 3751 2692 3806 minime
2736 3752 3014 3821 justornm
3074 3752 3302 3808 inimico
3348 3755 3581 3824 placuit,

1991 3845 2086 3914 qni
2120 3845 2462 3899 Theodoram
2487 3859 2586 3914 per
2615 3845 2838 3898 virtutis
2873 3844 3100 3900 semitas
3151 3846 3409 3902 incedere
3438 3864 3584 3918 aegre

1995 3938 2138 3990 tulit.
2169 3937 2298 3990 inde
2317 3950 2532 3989 summo
2558 3950 2678 3989 eam
2705 3934 2832 3988 odio
2858 3948 3207 4013 persecutus,
3233 3937 3432 3990 marito
3456 3939 3582 4005 qui-

1994 4029 2119 4082 dem
2141 4028 2426 4082 libidinum
2445 4027 2654 4081 retibus
2668 4028 2968 4082 constricto
2990 4027 3143 4081 uxori
3167 4027 3340 4082 beatae
3356 4029 3584 4084 insidias

1994 4118 2404 4174 inextricabiles
2419 4118 2639 4176 struxit.
2670 4118 2905 4172 Femina:
2922 4133 3156 4187 namque
3174 4120 3260 4173 cui
3276 4119 3582 4190 Gangraenzi

1993 4225 2216 4272 nomen,
2255 4210 2530 4265 illecebris
2576 4210 2912 4279 magicisque
2954 4213 3169 4267 artibus
3212 4212 3351 4267 adeo
3383 4223 3468 4267 est
3497 4230 3586 4268 ca-

1994 4312 2142 4371 ptus,
2177 4311 2237 4355 ut
2284 4302 2431 4356 letali
2487 4301 2541 4355 in
2568 4302 2868 4369 legitimam
2913 4319 3138 4357 uxorem
3175 4305 3304 4358 odio
3340 4305 3580 4368 saeviret,

1992 4409 2169 4463 caque
2187 4394 2488 4448 crudeliter
2505 4396 2732 4449 dimissa
2753 4395 3111 4452 bacchantem
3133 4398 3280 4452 illam
3299 4415 3488 4454 amens
3503 4399 3584 4454 in-

1996 4487 2330 4542 troduceret.
2353 4487 2470 4542 Huc
2482 4488 2696 4542 accedit
2713 4491 2856 4558 quod
2871 4506 3203 4560 quemquam
3220 4475 3294 4545 illi
3313 4492 3579 4546 honorem

292 4584 492 4652 λάξας,
526 4583 835 4653 πειρασμὸν
867 4587 934 4653 τῇ
982 4584 1233 4655 μακαρίᾳ
1266 4586 1496 4655 ἐγείρει,
1527 4586 1634 4638 τῶν
1667 4586 1888 4639 πώποτε

1995 4579 2235 4646 aliquem
2248 4577 2449 4632 afferre
2461 4588 2558 4632 aut
2575 4579 2802 4634 honoris
2815 4597 2980 4634 causa
2993 4582 3113 4652 ejus
3126 4598 3324 4636 nomen
3343 4598 3577 4651 pronun-

297 4675 840 4745 μνημονευσομένων
881 4674 1224 4728 δεινότατον·
1275 4677 1499 4743 γυναικὶ
1537 4676 1648 4746 γάρ
1682 4693 1786 4729 τινι
1831 4675 1892 4740 ἐξ

291 4765 546 4834 εὐγενῶν
566 4766 862 4837 Γαγγρηνῇ
885 4765 949 4818 τὸ
977 4766 1289 4836 ἐπώνυμον,
1321 4769 1596 4837 πορνικώς
1621 4773 1648 4820 ὁ
1670 4769 1891 4838 Μιχαὴλ

292 4857 620 4926 ἐπιμανεὶς,
654 4858 747 4909 acati.
777 4858 839 4909 τὺ
870 4857 969 4926 τῆς
1015 4858 1325 4927 αἰσθήσεως
1365 4859 1514 4927 ὑγιὲς
1541 4859 1768 4928 μαγίαις
1798 4858 1891 4912 ὑπ’

289 4953 523 5017 ἐκείνης
552 4949 912 5011 ὑποκλαπεὶς,
955 4951 1110 5017 μῖσος
1145 4950 1414 5004 ἄσπονδον
1452 4955 1597 5005 κατά
1620 4953 1719 5023 τῆς
1755 4951 1892 5014 ἰδίας

295 5041 579 5107 ἐκτήσατο
610 5040 873 5108 γυναικός
898 5057 913 5072 ο
973 5047 1068 5094 καὶ
1100 5040 1307 5111 ταύτην
1352 5044 1742 5113 ἀπωσάμενος,
1793 5043 1891 5113 τὴν

298 5133 544 5201 μαινάδα
585 5133 971 5203 φρενοδλαὸῶς
1027 5134 1406 5203 συνηγάγετο·
1454 5138 1565 5198 τοῖς
1628 5137 1891 5206 ὑπηκόοις

303 5244 429 5296 ,ρον
465 5225 690 5295 (θέμενος
726 5225 802 5294 μὴ
836 5227 1194 5296 προσκεῖσθαι
1227 5229 1292 5296 τῇ
1321 5227 1593 5298 Θεοίώρᾳο
1622 5228 1696 5296 μὴ
1725 5227 1890 5299 θερα-

305 5317 465 5378 πείας
504 5315 692 5380 ἀξιοῦν
723 5316 928 5384 ταύτην
982 5318 1146 5380 τινόςο
1194 5320 1333 5388 μήτε
1370 5318 1478 5389 μὴν
1509 5321 1601 5372 ἐπὶ
1635 5319 1891 5389 γλώσσης

301 5408 486 5474 αὐτῆς
515 5409 702 5479 φέρειν
727 5408 788 5460 τὸ
819 5408 1012 5478 ὄνομα.
1048 5409 1273 5473 Τούτοις
1308 5411 1534 5478 γενναία
1557 5414 1669 5473 τοῖς
1693 5411 1889 5474 δεινοῖς

288 5501 648 5571 ἐμπεσοῦσα,
705 5501 809 5555 οὐκ
866 5502 1136 5570 Eccos.qu
1159 5503 1295 5564 ὅλως
1331 5503 1423 5556 τὸν
1451 5503 1735 5570 λογισμὸν,
1770 5504 1889 5556 οὺδέ

292 5595 638 5664 παρετράπη
697 5593 798 5662 τῆς
849 5595 1062 5665 ἀγαθῆς
1117 5597 1435 5663 πολιτείας,
1496 5597 1612 5649 ἀλλ’
1662 5597 1760 5665 ὅλη
1813 5597 1890 5659 ὼς

290 5683 519 5750 ἀδάμας
547 5677 616 5753 ἦν
645 5700 812 5755 καρτε
825 5683 1010 5754 ροῦσα,
1062 5686 1156 5738 καλ⁸
1186 5686 1277 5739 τὸν
1307 5687 1440 5738 Θεὸν
1478 5688 1678 5755 ὁμοίως
1723 5686 1888 5754 Οεραο

291 5772 546 5827 πεύουσα
569 5791 582 5803 ·
618 5773 996 5845 ξενιτευομένη
1019 5777 1246 5848 δακρύει
1267 5779 1362 5831 καὶ
1389 5779 1648 5843 καύσωνι,
1680 5777 1890 5848 αΞΟριος

290 5862 729 5934 ταλαιπωροῦσα
755 5877 769 5890 ⁸
805 5863 948 5933 λιμῴ
980 5883 1034 5916 τε
1072 5868 1165 5917 κα⁹ι
1193 5867 1323 5938 δίψῃ
1351 5869 1448 5921 καὶ
1492 5871 1558 5939 τῇ
1589 5866 1749 5938 λοιπῇ
1782 5884 1885 5921 κα-

620 5961 896 6022 ΡΑτιιοιι.
942 5966 1056 6023 (in.
1105 5965 1401 6028 CXXVII.

1998 4669 2136 4722 tiare
2179 4668 2438 4722 noluerit.
2464 4668 2570 4723 Sed
2591 4684 2694 4723 nec
2726 4670 2811 4724 his
2840 4673 3100 4725 omnibus
3132 4672 3584 4729 tribulationibus

1997 4763 2194 4818 mulier
2215 4764 2416 4818 nobilis
2437 4780 2467 4818 a
2491 4779 2704 4818 morum
2733 4764 3044 4834 integritate
3066 4780 3131 4818 ac
3161 4768 3576 4834 perseverantia

1995 4856 2178 4924 potuit
2221 4855 2481 4921 avocari;
2536 4855 2668 4918 imo,
2731 4857 2880 4909 sicut
2935 4857 3182 4920 adamas,
3249 4858 3580 4912 inconcussa

1995 4947 2169 5001 Deum
2193 4949 2388 5002 eodem
2418 4947 2635 5001 fervore
2685 4947 2868 5001 colere
2911 4963 3192 5016 nunquam
3249 4949 3479 5004 destitit.
3521 4953 3576 5004 ln

1994 5039 2344 5102 servitutem,
2396 5050 2459 5094 ut
2528 5040 2602 5094 ita
2675 5038 2876 5104 dicam,
2916 5039 3164 5103 redacta,
3195 5042 3577 5105 calorisaestu,

1994 5131 2157 5191 fame.
2192 5133 2285 5187 siti
2311 5132 2834 5202 etqnibuscumquc
2895 5133 3018 5185 vita:
3070 5132 3310 5188 miseriis
3335 5134 3578 5188 cireum-

1993 5235 2180 5288 venta,
2209 5227 2328 5279 sine
2367 5226 2673 5287 domicilio,
2701 5242 2800 5294 per
2857 5225 3104 5294 quinque
3131 5241 3305 5280 annos
3339 5229 3577 5296 pessima

1993 5330 2229 5384 qumque
2275 5326 2524 5380 experta,
2559 5316 2694 5368 nihil
2725 5316 2871 5384 quod
2921 5317 3038 5386 ipsa
3094 5315 3382 5386 indignum
3406 5331 3577 5380 esset,

1995 5407 2418 5477 pronuntiavit;
2452 5406 2561 5459 imo
2620 5402 2740 5462 sine
2805 5408 3030 5476 querela
3098 5408 3361 5462 virtutem
3412 5411 3579 5464 etiam

1991 5501 2304 5555 ferventius
2357 5499 2610 5567 amplexa
2662 5500 2938 5569 patientiae
2991 5509 3048 5554 et
3102 5501 3576 5570 magnanimitatis

1992 5591 2294 5660 specimina
2322 5590 2569 5659 quotidie
2595 5589 2818 5655 edebat,
2861 5605 3091 5659 puerum
3115 5605 3302 5659 quem,
3341 5589 3395 5643 in
3425 5589 3572 5642 exsi-

1991 5683 2124 5736 lium
2157 5690 2299 5745 acta,
2329 5683 2381 5734 in
2413 5691 2568 5734 utero
2592 5682 2861 5749 gestabat,
2881 5681 3190 5735 educando.
3218 5679 3311 5732 Die
3333 5677 3567 5744 quadam

1991 5773 2247 5829 sacerdos
2275 5775 2394 5844 ejus
2427 5773 2687 5844 regionis,
2715 5775 3012 5828 Prcnestes
3055 5772 3297 5835 nomine,
3335 5769 3485 5825 olera
3519 5771 3576 5825 in

1993 5867 2138 5937 agris
2162 5867 2532 5936 colligentem,
2558 5866 2857 5922 comitante
2889 5881 3084 5935 puero,
3115 5863 3346 5918 invenit.
3382 5863 3426 5918 A
3461 5881 3570 5938 qua

3134 5960 3210 6021 29
