4064 6430
336 384 463 408 “ﬂ

337 408 460 424 ..ι-ο

1600 639 1773 693 ANNO
1825 637 2052 687 11011151
2105 637 2325 691 MCXVII

668 948 1533 1137 PETRUS
1666 942 2990 1132 CHRYSOLAN
3004 949 3270 1135 US

1296 1377 1909 1450 MEDIOLANENSIS
1961 1378 2638 1447 ARCHIEPISCOPUS.

1914 1619 1987 1635 σοι.

336 1830 877 1939 NOTITIA
961 1826 1650 1939 HISTOBICA
1753 1831 1885 1939 IN
1982 1831 2519 1940 PETRUM
2612 1771 3588 1945 CHRYSOLANUM

1314 2115 1555 2187 (FABmc.
1587 2115 1833 2179 Blblioth.
1869 2117 2007 2177 med.
2035 2128 2083 2171 et
2112 2117 2208 2188 inf.
2241 2117 2363 2172 Lat.
2392 2118 2437 2185 I,
2467 2116 2617 2185 436).

1932 2353 1985 2370 τ.

411 2584 787 2650 Crisolanus
842 2584 1190 2648 Trithemio
1243 2602 1383 2665 cap.
1447 2583 1555 2646 397
1604 2587 1689 2646 Dc
1754 2588 1814 2646 S.
1866 2589 1929 2648 E.
1994 2590 2291 2667 (Baronio
2355 2591 2722 2670 Cangioquc
2790 2591 3268 2675 Chrysolanus),
3335 2593 3609 2673 Ughello

331 2718 508 2780 tomo
537 2719 644 2791 III,
664 2735 811 2798 pag.
837 2716 972 2793 126,
1008 2724 1072 2779 et
1098 2716 1322 2779 Allatio
1350 2718 1576 2778 Petrus
1592 2715 2002 2793 Grosolanus,
2034 2718 2171 2780 aliis
2201 2700 2607 2796 Arisotan'us,
2638 2719 3055 2799 Grysolanus,
3088 2720 3184 2783 vel
3215 2723 3610 2783 Proculanus

333 2839 522 2904 etiam
553 2859 570 2903 :
610 2860 688 2904 ex
727 2843 1073 2905 Savonensi
1105 2841 1410 2922 episcopo
1442 2839 1964 2923 archiepiscopus
1993 2841 2485 2909 Mediolanensis
2511 2843 2591 2904 ab
2628 2826 2799 2909 anno
2845 2842 3021 2919 1102,
3063 2844 3174 2913 sed
3207 2842 3289 2907 ob
3315 2844 3608 2907 simonim

334 2966 656 3046 nlijecium
688 2965 928 3030 crimen
963 2963 1292 3044 depositus
1329 2967 1400 3024 A.
1439 2960 1614 3027 1112.
1666 2961 1958 3030 Exsulem
2000 2961 2317 3025 Paschalis
2360 2963 2417 3024 II
2464 2981 2628 3043 papa
2677 2963 2848 3026 misit
2896 2963 3121 3043 Cpolin
3186 2964 3263 3026 ad
3319 2964 3608 3027 Alexium

334 3098 759 3171 Comnenum,
800 3105 869 3158 ut
897 3098 1152 3159 Graecos
1183 3095 1258 3157 ad
1299 3097 1581 3157 Romana
1634 3110 1809 3155 sacra
1859 3093 2304 3173 amplectenda
2357 3094 2714 3168 reduceret,
2761 3094 2874 3156 ubi
2903 3095 3155 3176 scripsit
3211 3097 3293 3156 De
3326 3097 3610 3176 Spiritus

336 3229 539 3289 sancti
564 3224 963 3305 processione
992 3222 1068 3282 ad
1103 3219 1395 3285 Alexium
1444 3219 1937 3300 imperatorem;
1985 3226 2047 3280 et
2096 3234 2239 3286 cum
2286 3218 2768 3300 respondissent
2816 3218 2908 3280 illi
2968 3234 3005 3281 e
3049 3220 3288 3283 Grmcis
3328 3221 3609 3283 Joannes

337 3356 658 3430 Phurnus,
697 3334 931 3415 Montis
967 3349 1127 3411 Gani
1160 3349 1523 3429 primarius,
1555 3345 1860 3408 Nicolaus
1903 3344 2334 3408 Methonensis
2370 3352 2433 3407 et
2476 3346 2825 3409 Eustratius
2857 3346 3259 3427 metropolila
3288 3349 3606 3425 Nicaanus,

334 3481 509 3543 idem
538 3477 768 3542 Joanni
795 3477 1054 3538 Phurno
1088 3475 1390 3555 Opposuit
1429 3474 1932 3553 disputationem
1964 3471 2038 3534 dc
2080 3471 2288 3535 eodem
2316 3466 2708 3554 argumento.
2743 3475 3062 3540 Incertum
3103 3480 3196 3538 est
3224 3476 3439 3538 Graece
3472 3475 3615 3557 ipse

335 3606 665 3687 scripserit
691 3623 772 3670 an
799 3606 1018 3669 Latine
1049 3604 1290 3686 potius,
1328 3604 1439 3667 sed
1481 3607 1699 3668 Graece
1727 3609 1974 3668 exstant
2006 3621 2041 3666 e
2074 3606 2306 3668 Latinis
2339 3613 2406 3667 ut
2451 3606 2699 3670 videtur
2725 3624 2905 3669 versa
2935 3619 3088 3670 mss.
3122 3608 3189 3671 in
3221 3608 3608 3673 bibliotheca

340 3732 507 3812 regis
533 3728 1073 3795 Christianissimi.
1110 3727 1268 3792 Vide
1304 3726 1594 3790 Allatium
1631 3729 1716 3790 De
1748 3745 2069 3791 consensu
2103 3728 2439 3808 utriusque
2468 3727 2793 3801 Ecclesite,
2839 3731 2916 3804 II,
2962 3729 3032 3793 10
3076 3747 3219 3810 pag.
3248 3729 3362 3792 626
3393 3748 3553 3815 seqq
3586 3782 3604 3810 ,

339 3862 402 3921 et
431 3857 769 3918 Baronium
816 3854 892 3918 ad
945 3871 1183 3919 annum
1225 3852 1403 3931 1116,
1451 3872 1627 3918 num.
1684 3855 1716 3915 7
1774 3872 1977 3936 seqq.,
2027 3858 2138 3921 ubi
2164 3856 2667 3937 Disputationem
2698 3857 2776 3922 ad
2805 3857 3091 3920 Alexium
3126 3846 3623 3938 imperatorem,

338 3977 467 4041 sive
498 3975 952 4052 compendium
981 3975 1154 4037 illius
1182 3983 1373 4055 atque
1403 3983 1850 4055 argumentum
1879 3978 2073 4041 refert
2102 3994 2180 4041 ex
2205 3977 2421 4040 Latina
2447 3978 2740 4041 versione
2774 3979 3061 4044 Federici
3090 3981 3287 4056 Metii,
3318 3981 3608 4061 episc0pi

230 4156 233 4159 λ
336 4108 844 4172 Thermularum.
884 4108 1270 4171 Trithemius
1298 4107 1470 4172 hunc
1498 4092 1959 4186 Chrysolanum
2017 4126 2275 4192 quoque
2315 4109 2549 4172 librum
2579 4111 2668 4172 De
2702 4112 2770 4174 S.
2807 4112 3152 4187 Trinitate,
3189 4117 3251 4176 et
3286 4111 3614 4193 Epistolas

340 4257 415 4304 ac
441 4241 773 4303 Sermones
804 4248 866 4304 et
906 4240 1065 4304 alios
1109 4222 1394 4303 diversos
1446 4245 1772 4315 tractatus,
1830 4239 1939 4303 sed
1979 4258 2110 4305 non
2152 4241 2321 4305 visos
2362 4259 2399 4305 a
2444 4258 2510 4307 se
2539 4240 2875 4323 scripsisse
2917 4241 3198 4306 adnotat.
3245 4241 3423 4307 Diem
3457 4242 3615 4306 obiit

340 4366 764 4449 Chrysolanus
794 4368 1015 4472 Romae
1052 4371 1122 4430 A.
1168 4366 1342 4432 1117.

432 4501 463 4547 ι
