  <div class='ocr_page' id='page_1' title='image "/cluster/home/n/w/nwhite01/storage/ocr_20150623/127/coo.31924054870328/463.png"; bbox 0 0 4064 6416; ppageno 0'>
   <div class='ocr_carea' id='block_1_1' title="bbox 500 322 597 380">
    <p class='ocr_par' dir='ltr' id='par_1_1' title="bbox 500 322 597 380">
     <span class='ocr_line' id='line_1_1' title="bbox 500 322 597 380; baseline -0.041 0"><span class='ocrx_word' id='word_1_1' title='bbox 500 322 597 380; x_wconf 87' lang='lat' dir='ltr'><strong>9|l</strong></span> 
     </span>
    </p>
   </div>
   <div class='ocr_carea' id='block_1_2' title="bbox 490 440 1595 453">
    <p class='ocr_par' dir='ltr' id='par_1_2' title="bbox 494 440 1591 453">
     <span class='ocr_line' id='line_1_2' title="bbox 494 440 1591 453; baseline 0.002 -3"><span class='ocrx_word' id='word_1_2' title='bbox 494 440 1591 453; x_wconf 56' lang='lat' dir='ltr'><strong>Mm</strong></span> 
     </span>
    </p>
   </div>
   <div class='ocr_carea' id='block_1_3' title="bbox 1374 317 2833 377">
    <p class='ocr_par' dir='ltr' id='par_1_3' title="bbox 1374 317 2833 377">
     <span class='ocr_line' id='line_1_3' title="bbox 1374 317 2833 377; baseline 0 -1"><span class='ocrx_word' id='word_1_3' title='bbox 1374 322 1579 376; x_wconf 76' lang='lat' dir='ltr'><strong>PETRI</strong></span> <span class='ocrx_word' id='word_1_4' title='bbox 1614 321 2059 377; x_wconf 63' lang='lat' dir='ltr'><strong>CHRYSOLAKI</strong></span> <span class='ocrx_word' id='word_1_5' title='bbox 2099 318 2470 373; x_wconf 69' lang='grc' dir='ltr'><strong>ιιευιοιΑΝ.</strong></span> <span class='ocrx_word' id='word_1_6' title='bbox 2512 317 2833 376; x_wconf 64' lang='grc' dir='ltr'><strong>Αιιοιιωιδ.</strong></span> 
     </span>
    </p>
   </div>
   <div class='ocr_carea' id='block_1_4' title="bbox 490 453 2785 469">
    <p class='ocr_par' dir='ltr' id='par_1_4' title="bbox 495 453 2785 469">
     <span class='ocr_line' id='line_1_4' title="bbox 495 453 2785 469; baseline 0.002 -8"><span class='ocrx_word' id='word_1_7' title='bbox 495 453 2785 469; x_wconf 66' lang='lat'><strong>—___‘————________——_-———_—__—</strong></span> 
     </span>
    </p>
   </div>
   <div class='ocr_carea' id='block_1_5' title="bbox 2514 443 2619 450">
    <p class='ocr_par' dir='ltr' id='par_1_5' title="bbox 2514 443 2619 450">
     <span class='ocr_line' id='line_1_5' title="bbox 2514 443 2619 450; baseline 0 -2"><span class='ocrx_word' id='word_1_8' title='bbox 2514 443 2619 450; x_wconf 55' lang='grc' dir='ltr'><strong>-τς-</strong></span> 
     </span>
    </p>
   </div>
   <div class='ocr_carea' id='block_1_6' title="bbox 1194 634 3024 754">
    <p class='ocr_par' dir='ltr' id='par_1_6' title="bbox 1194 634 3024 754">
     <span class='ocr_line' id='line_1_6' title="bbox 1194 634 3024 754; baseline 0.001 -2"><span class='ocrx_word' id='word_1_9' title='bbox 1194 641 1774 754; x_wconf 73' lang='lat' dir='ltr'><strong>PETRI</strong></span> <span class='ocrx_word' id='word_1_10' title='bbox 1852 634 3024 753; x_wconf 69' lang='lat' dir='ltr'><strong>CHRYSOLANI</strong></span> 
     </span>
    </p>
   </div>
   <div class='ocr_carea' id='block_1_7' title="bbox 1572 845 2682 905">
    <p class='ocr_par' dir='ltr' id='par_1_7' title="bbox 1572 845 2682 905">
     <span class='ocr_line' id='line_1_7' title="bbox 1572 845 2682 905; baseline -0.002 0"><span class='ocrx_word' id='word_1_11' title='bbox 1572 846 2130 905; x_wconf 75' lang='lat' dir='ltr'><strong>MEDIOLANENSIS</strong></span> <span class='ocrx_word' id='word_1_12' title='bbox 2163 845 2682 903; x_wconf 77' lang='lat' dir='ltr'><strong>ARClllEPISCOPl</strong></span> 
     </span>
    </p>
   </div>
   <div class='ocr_carea' id='block_1_8' title="bbox 955 1024 3272 1159">
    <p class='ocr_par' dir='ltr' id='par_1_8' title="bbox 955 1024 3272 1159">
     <span class='ocr_line' id='line_1_8' title="bbox 955 1024 3272 1159; baseline 0 -1"><span class='ocrx_word' id='word_1_13' title='bbox 955 1024 1546 1158; x_wconf 78' lang='lat' dir='ltr'><strong>ORATIO</strong></span> <span class='ocrx_word' id='word_1_14' title='bbox 1638 1028 1833 1151; x_wconf 90' lang='lat' dir='ltr'><strong>DE</strong></span> <span class='ocrx_word' id='word_1_15' title='bbox 1930 1024 2570 1153; x_wconf 76' lang='lat' dir='ltr'><strong>SPIBITU</strong></span> <span class='ocrx_word' id='word_1_16' title='bbox 2664 1024 3272 1159; x_wconf 83' lang='lat' dir='ltr'><strong>SANCTO</strong></span> 
     </span>
    </p>
   </div>
   <div class='ocr_carea' id='block_1_9' title="bbox 1403 1256 2813 1317">
    <p class='ocr_par' dir='ltr' id='par_1_9' title="bbox 1403 1256 2813 1317">
     <span class='ocr_line' id='line_1_9' title="bbox 1403 1256 2813 1317; baseline 0.002 -3"><span class='ocrx_word' id='word_1_17' title='bbox 1403 1260 1495 1314; x_wconf 82' lang='lat' dir='ltr'><strong>AD</strong></span> <span class='ocrx_word' id='word_1_18' title='bbox 1532 1257 2033 1315; x_wconf 79' lang='lat' dir='ltr'><strong>IMPERATOREM</strong></span> <span class='ocrx_word' id='word_1_19' title='bbox 2073 1256 2387 1314; x_wconf 79' lang='lat' dir='ltr'><strong>ALEXIUM</strong></span> <span class='ocrx_word' id='word_1_20' title='bbox 2423 1258 2813 1317; x_wconf 78' lang='lat' dir='ltr'><strong>COMNENUM</strong></span> 
     </span>
    </p>
   </div>
   <div class='ocr_carea' id='block_1_10' title="bbox 493 1411 3755 1494">
    <p class='ocr_par' dir='ltr' id='par_1_10' title="bbox 493 1411 3755 1494">
     <span class='ocr_line' id='line_1_10' title="bbox 493 1411 3755 1494; baseline 0.004 -18"><span class='ocrx_word' id='word_1_21' title='bbox 493 1420 698 1486; x_wconf 85' lang='lat' dir='ltr'><strong>(Edidit</strong></span> <span class='ocrx_word' id='word_1_22' title='bbox 725 1421 907 1475; x_wconf 69' lang='lat' dir='ltr'><strong>Graece</strong></span> <span class='ocrx_word' id='word_1_23' title='bbox 936 1434 1001 1474; x_wconf 81' lang='lat' dir='ltr'><strong>ex</strong></span> <span class='ocrx_word' id='word_1_24' title='bbox 1032 1432 1163 1472; x_wconf 90' lang='lat' dir='ltr'><strong>mss.</strong></span> <span class='ocrx_word' id='word_1_25' title='bbox 1189 1427 1243 1471; x_wconf 89' lang='lat' dir='ltr'><strong>et</strong></span> <span class='ocrx_word' id='word_1_26' title='bbox 1268 1416 1456 1471; x_wconf 79' lang='lat' dir='ltr'><strong>Latine</strong></span> <span class='ocrx_word' id='word_1_27' title='bbox 1486 1413 2026 1494; x_wconf 41' lang='lat' dir='ltr'><strong>exninterpretat‘ione</strong></span> <span class='ocrx_word' id='word_1_28' title='bbox 2070 1411 2317 1494; x_wconf 75' lang='lat' dir='ltr'><strong>Federici</strong></span> <span class='ocrx_word' id='word_1_29' title='bbox 2354 1414 2990 1494; x_wconf 65' lang='lat' dir='ltr'><strong>Mclii,_:l:hermularum</strong></span> <span class='ocrx_word' id='word_1_30' title='bbox 3017 1421 3277 1494; x_wconf 82' lang='lat' dir='ltr'><strong>episcopi,</strong></span> <span class='ocrx_word' id='word_1_31' title='bbox 3320 1423 3432 1481; x_wconf 86' lang='lat' dir='ltr'><strong>Leo</strong></span> <span class='ocrx_word' id='word_1_32' title='bbox 3473 1431 3755 1489; x_wconf 69' lang='lat' dir='ltr'><strong>Auum:</strong></span> 
     </span>
    </p>
   </div>
   <div class='ocr_carea' id='block_1_11' title="bbox 1550 1483 2676 1556">
    <p class='ocr_par' dir='ltr' id='par_1_11' title="bbox 1550 1483 2676 1556">
     <span class='ocr_line' id='line_1_11' title="bbox 1550 1483 2676 1556; baseline 0 -16"><span class='ocrx_word' id='word_1_33' title='bbox 1550 1485 1770 1540; x_wconf 71' lang='lat' dir='ltr'><strong>erciw</strong></span> <span class='ocrx_word' id='word_1_34' title='bbox 1798 1483 2107 1537; x_wconf 77' lang='lat' dir='ltr'><strong>orthodoxa:</strong></span> <span class='ocrx_word' id='word_1_35' title='bbox 2135 1492 2266 1538; x_wconf 91' lang='lat' dir='ltr'><strong>tom.</strong></span> <span class='ocrx_word' id='word_1_36' title='bbox 2301 1483 2341 1550; x_wconf 91' lang='lat' dir='ltr'><strong>l,</strong></span> <span class='ocrx_word' id='word_1_37' title='bbox 2370 1501 2492 1556; x_wconf 88' lang='lat' dir='ltr'><strong>pag.</strong></span> <span class='ocrx_word' id='word_1_38' title='bbox 2524 1488 2676 1556; x_wconf 79' lang='lat'><strong>379.)</strong></span> 
     </span>
    </p>
   </div>
   <div class='ocr_carea' id='block_1_12' title="bbox 481 1822 2062 1916">
    <p class='ocr_par' dir='ltr' id='par_1_12' title="bbox 481 1826 2062 1916">
     <span class='ocr_line' id='line_1_12' title="bbox 481 1826 2062 1916; baseline -0.011 -16"><span class='ocrx_word' id='word_1_39' title='bbox 481 1842 682 1916; x_wconf 64' lang='grc' dir='ltr'>’Πέτρου</span> <span class='ocrx_word' id='word_1_40' title='bbox 713 1842 998 1916; x_wconf 61' lang='lat' dir='ltr'><strong>interuiqu</strong></span> <span class='ocrx_word' id='word_1_41' title='bbox 1026 1837 1356 1916; x_wconf 55' lang='grc' dir='ltr'><strong>Μιδιολοὶρφν,</strong></span> <span class='ocrx_word' id='word_1_42' title='bbox 1382 1837 1509 1901; x_wconf 76' lang='grc' dir='ltr'>πρὸς</span> <span class='ocrx_word' id='word_1_43' title='bbox 1537 1830 1860 1916; x_wconf 40' lang='grc' dir='ltr'>τὸνβασιλέα</span> <span class='ocrx_word' id='word_1_44' title='bbox 1888 1826 2062 1915; x_wconf 60' lang='lat' dir='ltr'><strong>ruptor</strong></span> 
     </span>
    </p>
   </div>
   <div class='ocr_carea' id='block_1_13' title="bbox 2165 1822 3754 1916">
    <p class='ocr_par' dir='ltr' id='par_1_13' title="bbox 2170 1822 3754 1909">
     <span class='ocr_line' id='line_1_13' title="bbox 2170 1822 3754 1909; baseline 0.014 -29"><span class='ocrx_word' id='word_1_45' title='bbox 2170 1822 2316 1881; x_wconf 77' lang='lat' dir='ltr'><strong>Petri</strong></span> <span class='ocrx_word' id='word_1_46' title='bbox 2343 1829 2572 1899; x_wconf 77' lang='lat' dir='ltr'><strong>episcopi</strong></span> <span class='ocrx_word' id='word_1_47' title='bbox 2617 1829 3029 1895; x_wconf 64' lang='lat' dir='ltr'><strong>Mediolqueuait</strong></span> <span class='ocrx_word' id='word_1_48' title='bbox 3076 1838 3147 1890; x_wconf 84' lang='lat' dir='ltr'><strong>ad</strong></span> <span class='ocrx_word' id='word_1_49' title='bbox 3178 1839 3546 1909; x_wconf 71' lang='lat' dir='ltr'><strong>imperatorem</strong></span> <span class='ocrx_word' id='word_1_50' title='bbox 3576 1846 3754 1902; x_wconf 73' lang='lat' dir='ltr'><strong>domi-</strong></span> 
     </span>
    </p>
   </div>
   <div class='ocr_carea' id='block_1_14' title="bbox 562 1901 2066 1988">
    <p class='ocr_par' dir='ltr' id='par_1_14' title="bbox 562 1901 2066 1988">
     <span class='ocr_line' id='line_1_14' title="bbox 562 1901 2066 1988; baseline -0.011 -21"><span class='ocrx_word' id='word_1_51' title='bbox 562 1901 773 1977; x_wconf 73' lang='grc' dir='ltr'><strong>’λλέξιον</strong></span> <span class='ocrx_word' id='word_1_52' title='bbox 803 1913 889 1967; x_wconf 91' lang='grc' dir='ltr'>τόν</span> <span class='ocrx_word' id='word_1_53' title='bbox 932 1912 1186 1988; x_wconf 68' lang='grc' dir='ltr'><strong>Κόμνηνον</strong></span> <span class='ocrx_word' id='word_1_54' title='bbox 1237 1908 1383 1988; x_wconf 62' lang='grc' dir='ltr'>λόγος</span> <span class='ocrx_word' id='word_1_55' title='bbox 1421 1901 1676 1988; x_wconf 61' lang='grc' dir='ltr'><strong>συνιστῶν</strong></span> <span class='ocrx_word' id='word_1_56' title='bbox 1718 1903 1795 1988; x_wconf 52' lang='grc' dir='ltr'><strong>τὸ.</strong></span> <span class='ocrx_word' id='word_1_57' title='bbox 1822 1901 2066 1986; x_wconf 49' lang='grc' dir='ltr'><strong>ἐκποριύῖ</strong></span> 
     </span>
    </p>
   </div>
   <div class='ocr_carea' id='block_1_15' title="bbox 558 1979 2067 2052">
    <p class='ocr_par' dir='ltr' id='par_1_15' title="bbox 558 1979 2067 2052">
     <span class='ocr_line' id='line_1_15' title="bbox 558 1979 2067 2052; baseline -0.013 -13"><span class='ocrx_word' id='word_1_58' title='bbox 558 1987 700 2038; x_wconf 73' lang='grc' dir='ltr'>εσθαι</span> <span class='ocrx_word' id='word_1_59' title='bbox 729 1984 785 2036; x_wconf 86' lang='grc' dir='ltr'>τὸ</span> <span class='ocrx_word' id='word_1_60' title='bbox 811 1979 1013 2050; x_wconf 69' lang='grc' dir='ltr'><strong>Πνεῦμα</strong></span> <span class='ocrx_word' id='word_1_61' title='bbox 1032 1983 1090 2035; x_wconf 89' lang='grc' dir='ltr'><strong>τό</strong></span> <span class='ocrx_word' id='word_1_62' title='bbox 1126 1979 1265 2052; x_wconf 67' lang='grc' dir='ltr'><strong>ἅγιον</strong></span> <span class='ocrx_word' id='word_1_63' title='bbox 1288 1981 1342 2032; x_wconf 72' lang='grc' dir='ltr'><strong>ἐκ</strong></span> <span class='ocrx_word' id='word_1_64' title='bbox 1389 1984 1478 2032; x_wconf 89' lang='grc' dir='ltr'><strong>τοῦ</strong></span> <span class='ocrx_word' id='word_1_65' title='bbox 1507 1979 1700 2050; x_wconf 78' lang='grc' dir='ltr'><strong>Πατρός</strong></span> <span class='ocrx_word' id='word_1_66' title='bbox 1718 2012 1733 2035; x_wconf 86' lang='grc'><em>,</em></span> <span class='ocrx_word' id='word_1_67' title='bbox 1775 1979 1959 2041; x_wconf 74' lang='grc' dir='ltr'><strong>ὁμοίως</strong></span> <span class='ocrx_word' id='word_1_68' title='bbox 1985 1979 2067 2021; x_wconf 78' lang='grc' dir='ltr'><strong>καὶ</strong></span> 
     </span>
    </p>
   </div>
   <div class='ocr_carea' id='block_1_16' title="bbox 547 2053 898 2108">
    <p class='ocr_par' dir='ltr' id='par_1_16' title="bbox 547 2053 898 2108">
     <span class='ocr_line' id='line_1_16' title="bbox 547 2053 898 2108; baseline -0.011 -1"><span class='ocrx_word' id='word_1_69' title='bbox 547 2055 608 2107; x_wconf 68' lang='grc' dir='ltr'><strong>’ἐκ</strong></span> <span class='ocrx_word' id='word_1_70' title='bbox 634 2059 727 2108; x_wconf 90' lang='grc' dir='ltr'><strong>τοῦ</strong></span> <span class='ocrx_word' id='word_1_71' title='bbox 762 2053 898 2107; x_wconf 78' lang='grc' dir='ltr'><strong>Ϊεοῦ.</strong></span> 
     </span>
    </p>
   </div>
   <div class='ocr_carea' id='block_1_17' title="bbox 557 2134 2063 2211">
    <p class='ocr_par' dir='ltr' id='par_1_17' title="bbox 557 2134 2063 2211">
     <span class='ocr_line' id='line_1_17' title="bbox 557 2134 2063 2211; baseline -0.011 -12"><span class='ocrx_word' id='word_1_72' title='bbox 557 2145 621 2199; x_wconf 89' lang='grc' dir='ltr'><strong>α’.</strong></span> <span class='ocrx_word' id='word_1_73' title='bbox 648 2142 894 2200; x_wconf 56' lang='grc' dir='ltr'><strong>’Διιευσον</strong></span> <span class='ocrx_word' id='word_1_74' title='bbox 915 2144 999 2195; x_wconf 77' lang='grc' dir='ltr'><strong>ναὶ</strong></span> <span class='ocrx_word' id='word_1_75' title='bbox 1024 2141 1203 2199; x_wconf 77' lang='grc' dir='ltr'><strong>νόησον</strong></span> <span class='ocrx_word' id='word_1_76' title='bbox 1230 2138 1263 2194; x_wconf 80' lang='grc' dir='ltr'>ἂ</span> <span class='ocrx_word' id='word_1_77' title='bbox 1290 2142 1388 2210; x_wconf 77' lang='grc' dir='ltr'><strong>ἓγώ</strong></span> <span class='ocrx_word' id='word_1_78' title='bbox 1414 2138 1543 2211; x_wconf 75' lang='grc' dir='ltr'>πρὸς</span> <span class='ocrx_word' id='word_1_79' title='bbox 1565 2138 1623 2190; x_wconf 74' lang='grc' dir='ltr'><strong>σὶ</strong></span> <span class='ocrx_word' id='word_1_80' title='bbox 1646 2134 1946 2206; x_wconf 69' lang='grc' dir='ltr'><strong>φθέγγομαι,</strong></span> <span class='ocrx_word' id='word_1_81' title='bbox 1970 2134 2063 2184; x_wconf 84' lang='grc' dir='ltr'><strong>τοῦ</strong></span> 
     </span>
    </p>
   </div>
   <div class='ocr_carea' id='block_1_18' title="bbox 477 2220 2066 2305">
    <p class='ocr_par' dir='ltr' id='par_1_18' title="bbox 477 2220 2066 2305">
     <span class='ocr_line' id='line_1_18' title="bbox 477 2220 2066 2305; baseline -0.01 -14"><span class='ocrx_word' id='word_1_82' title='bbox 477 2242 615 2291; x_wconf 80' lang='grc' dir='ltr'><strong>Θιοῦ</strong></span> <span class='ocrx_word' id='word_1_83' title='bbox 671 2236 1025 2296; x_wconf 75' lang='grc' dir='ltr'><strong>ἓπιπνίοντος,</strong></span> <span class='ocrx_word' id='word_1_84' title='bbox 1056 2234 1400 2305; x_wconf 63' lang='grc' dir='ltr'>φρονιμώτατα</span> <span class='ocrx_word' id='word_1_85' title='bbox 1436 2232 1519 2283; x_wconf 82' lang='grc' dir='ltr'><strong>καί</strong></span> <span class='ocrx_word' id='word_1_86' title='bbox 1549 2228 1826 2290; x_wconf 76' lang='grc' dir='ltr'><strong>ἀντξίκακι,</strong></span> <span class='ocrx_word' id='word_1_87' title='bbox 1880 2220 2066 2277; x_wconf 78' lang='grc' dir='ltr'><strong>δυνατᾶ</strong></span> 
     </span>
    </p>
   </div>
   <div class='ocr_carea' id='block_1_19' title="bbox 485 2307 2064 2401">
    <p class='ocr_par' dir='ltr' id='par_1_19' title="bbox 485 2307 2064 2401">
     <span class='ocr_line' id='line_1_19' title="bbox 485 2307 2064 2401; baseline -0.011 -21"><span class='ocrx_word' id='word_1_88' title='bbox 485 2330 569 2380; x_wconf 74' lang='grc' dir='ltr'><strong>καὶ</strong></span> <span class='ocrx_word' id='word_1_89' title='bbox 590 2332 720 2401; x_wconf 77' lang='grc' dir='ltr'><strong>πρᾶι</strong></span> <span class='ocrx_word' id='word_1_90' title='bbox 749 2325 961 2395; x_wconf 75' lang='grc' dir='ltr'><strong>βασιλεῦ</strong></span> <span class='ocrx_word' id='word_1_91' title='bbox 991 2322 1201 2385; x_wconf 74' lang='grc' dir='ltr'><strong>’Δλὲξιι,</strong></span> <span class='ocrx_word' id='word_1_92' title='bbox 1234 2325 1316 2373; x_wconf 77' lang='grc' dir='ltr'><strong>καὶ</strong></span> <span class='ocrx_word' id='word_1_93' title='bbox 1353 2328 1420 2390; x_wconf 76' lang='grc' dir='ltr'><strong>μὴ</strong></span> <span class='ocrx_word' id='word_1_94' title='bbox 1443 2319 1630 2390; x_wconf 76' lang='grc' dir='ltr'><strong>βλέπῃς</strong></span> <span class='ocrx_word' id='word_1_95' title='bbox 1655 2316 1723 2374; x_wconf 70' lang='grc' dir='ltr'><strong>εἰς</strong></span> <span class='ocrx_word' id='word_1_96' title='bbox 1757 2314 1840 2384; x_wconf 66' lang='grc' dir='ltr'><strong>ἐμὲ</strong></span> <span class='ocrx_word' id='word_1_97' title='bbox 1867 2313 1952 2366; x_wconf 89' lang='grc' dir='ltr'>τόν</span> <span class='ocrx_word' id='word_1_98' title='bbox 1980 2307 2064 2364; x_wconf 81' lang='grc' dir='ltr'><strong>ὅν-</strong></span> 
     </span>
    </p>
   </div>
   <div class='ocr_carea' id='block_1_20' title="bbox 485 2404 2065 2479">
    <p class='ocr_par' dir='ltr' id='par_1_20' title="bbox 485 2404 2065 2479">
     <span class='ocr_line' id='line_1_20' title="bbox 485 2404 2065 2479; baseline -0.011 -6"><span class='ocrx_word' id='word_1_99' title='bbox 485 2441 550 2473; x_wconf 86' lang='grc' dir='ltr'>τα</span> <span class='ocrx_word' id='word_1_100' title='bbox 578 2419 775 2471; x_wconf 85' lang='grc' dir='ltr'><strong>πάντων</strong></span> <span class='ocrx_word' id='word_1_101' title='bbox 796 2424 892 2470; x_wconf 87' lang='grc' dir='ltr'><strong>τῶν</strong></span> <span class='ocrx_word' id='word_1_102' title='bbox 922 2413 1114 2470; x_wconf 77' lang='grc' dir='ltr'>δούλων</span> <span class='ocrx_word' id='word_1_103' title='bbox 1133 2419 1222 2469; x_wconf 87' lang='grc' dir='ltr'>τοῦ</span> <span class='ocrx_word' id='word_1_104' title='bbox 1248 2419 1376 2466; x_wconf 79' lang='grc' dir='ltr'><strong>Θιοῦ</strong></span> <span class='ocrx_word' id='word_1_105' title='bbox 1390 2410 1643 2479; x_wconf 77' lang='grc' dir='ltr'><strong>ἔσχατον.</strong></span> <span class='ocrx_word' id='word_1_106' title='bbox 1661 2404 2065 2473; x_wconf 62' lang='grc' dir='ltr'>ἀλλ’ἀπόελιψον</span> 
     </span>
    </p>
   </div>
   <div class='ocr_carea' id='block_1_21' title="bbox 483 2493 2060 2581">
    <p class='ocr_par' dir='ltr' id='par_1_21' title="bbox 483 2493 2060 2581">
     <span class='ocr_line' id='line_1_21' title="bbox 483 2493 2060 2581; baseline -0.011 -20"><span class='ocrx_word' id='word_1_107' title='bbox 483 2508 613 2581; x_wconf 82' lang='grc' dir='ltr'><strong>πρὸς</strong></span> <span class='ocrx_word' id='word_1_108' title='bbox 638 2508 817 2559; x_wconf 75' lang='grc' dir='ltr'><strong>ἐκεῖνον</strong></span> <span class='ocrx_word' id='word_1_109' title='bbox 846 2503 1016 2566; x_wconf 71' lang='grc' dir='ltr'>αὐτόν,</span> <span class='ocrx_word' id='word_1_110' title='bbox 1050 2498 1109 2557; x_wconf 78' lang='grc' dir='ltr'><strong>οὗ</strong></span> <span class='ocrx_word' id='word_1_111' title='bbox 1159 2503 1219 2556; x_wconf 87' lang='grc' dir='ltr'><strong>τό</strong></span> <span class='ocrx_word' id='word_1_112' title='bbox 1263 2504 1586 2576; x_wconf 74' lang='grc' dir='ltr'><strong>προκείμενον</strong></span> <span class='ocrx_word' id='word_1_113' title='bbox 1641 2495 1860 2567; x_wconf 70' lang='grc' dir='ltr'><strong>πρᾶγμά</strong></span> <span class='ocrx_word' id='word_1_114' title='bbox 1903 2493 2060 2554; x_wconf 76' lang='grc' dir='ltr'><strong>ἐστιν,</strong></span> 
     </span>
    </p>
   </div>
   <div class='ocr_carea' id='block_1_22' title="bbox 483 2584 2065 2670">
    <p class='ocr_par' dir='ltr' id='par_1_22' title="bbox 483 2584 2065 2670">
     <span class='ocr_line' id='line_1_22' title="bbox 483 2584 2065 2670; baseline -0.011 -19"><span class='ocrx_word' id='word_1_115' title='bbox 483 2602 571 2653; x_wconf 88' lang='grc' dir='ltr'>τόν</span> <span class='ocrx_word' id='word_1_116' title='bbox 600 2598 799 2670; x_wconf 77' lang='grc' dir='ltr'><strong>Κύριον,</strong></span> <span class='ocrx_word' id='word_1_117' title='bbox 846 2595 989 2666; x_wconf 74' lang='grc' dir='ltr'><strong>φημὶ.</strong></span> <span class='ocrx_word' id='word_1_118' title='bbox 1019 2591 1215 2651; x_wconf 62' lang='grc' dir='ltr'><strong>Ἰησοῦν</strong></span> <span class='ocrx_word' id='word_1_119' title='bbox 1244 2592 1483 2664; x_wconf 82' lang='grc' dir='ltr'>Χριστόν,</span> <span class='ocrx_word' id='word_1_120' title='bbox 1537 2591 1625 2644; x_wconf 87' lang='grc' dir='ltr'>τόν</span> <span class='ocrx_word' id='word_1_121' title='bbox 1655 2586 1772 2641; x_wconf 75' lang='grc' dir='ltr'>ὄντα</span> <span class='ocrx_word' id='word_1_122' title='bbox 1817 2584 2065 2656; x_wconf 75' lang='grc' dir='ltr'><strong>βασιλέων</strong></span> 
     </span>
    </p>
   </div>
   <div class='ocr_carea' id='block_1_23' title="bbox 482 2670 2063 2754">
    <p class='ocr_par' dir='ltr' id='par_1_23' title="bbox 482 2670 2063 2754">
     <span class='ocr_line' id='line_1_23' title="bbox 482 2670 2063 2754; baseline -0.01 -11"><span class='ocrx_word' id='word_1_123' title='bbox 482 2688 717 2749; x_wconf 76' lang='grc' dir='ltr'><strong>Βασιλέα.</strong></span> <span class='ocrx_word' id='word_1_124' title='bbox 747 2688 830 2740; x_wconf 76' lang='grc' dir='ltr'><strong>καὶ</strong></span> <span class='ocrx_word' id='word_1_125' title='bbox 852 2685 1054 2740; x_wconf 81' lang='grc' dir='ltr'><strong>πάντων</strong></span> <span class='ocrx_word' id='word_1_126' title='bbox 1079 2690 1178 2738; x_wconf 87' lang='grc' dir='ltr'><strong>τῶν</strong></span> <span class='ocrx_word' id='word_1_127' title='bbox 1193 2682 1570 2754; x_wconf 76' lang='grc' dir='ltr'><strong>βασιλευόντων</strong></span> <span class='ocrx_word' id='word_1_128' title='bbox 1589 2683 1813 2750; x_wconf 75' lang='grc' dir='ltr'><strong>μείζονα·</strong></span> <span class='ocrx_word' id='word_1_129' title='bbox 1847 2673 1913 2730; x_wconf 81' lang='grc' dir='ltr'><strong>δι’</strong></span> <span class='ocrx_word' id='word_1_130' title='bbox 1939 2670 1997 2727; x_wconf 84' lang='grc' dir='ltr'><strong>οὗ</strong></span> <span class='ocrx_word' id='word_1_131' title='bbox 2017 2675 2063 2728; x_wconf 80' lang='grc' dir='ltr'>οἱ</span> 
     </span>
    </p>
   </div>
   <div class='ocr_carea' id='block_1_24' title="bbox 483 2766 2061 2852">
    <p class='ocr_par' dir='ltr' id='par_1_24' title="bbox 483 2766 2061 2852">
     <span class='ocr_line' id='line_1_24' title="bbox 483 2766 2061 2852; baseline -0.01 -16"><span class='ocrx_word' id='word_1_132' title='bbox 483 2778 710 2850; x_wconf 72' lang='grc' dir='ltr'><strong>βασιλεῖς</strong></span> <span class='ocrx_word' id='word_1_133' title='bbox 739 2777 1077 2852; x_wconf 69' lang='grc' dir='ltr'><strong>βασιλεύουσι</strong></span> <span class='ocrx_word' id='word_1_134' title='bbox 1106 2778 1191 2831; x_wconf 78' lang='grc' dir='ltr'><strong>καὶ</strong></span> <span class='ocrx_word' id='word_1_135' title='bbox 1214 2776 1259 2829; x_wconf 73' lang='grc' dir='ltr'><strong>οἷ</strong></span> <span class='ocrx_word' id='word_1_136' title='bbox 1307 2776 1517 2833; x_wconf 78' lang='grc' dir='ltr'><strong>ποιηταὶ</strong></span> <span class='ocrx_word' id='word_1_137' title='bbox 1544 2780 1643 2828; x_wconf 86' lang='grc' dir='ltr'><strong>τῶν</strong></span> <span class='ocrx_word' id='word_1_138' title='bbox 1690 2770 1853 2843; x_wconf 76' lang='grc' dir='ltr'><strong>νόμων</strong></span> <span class='ocrx_word' id='word_1_139' title='bbox 1901 2769 1960 2823; x_wconf 90' lang='grc' dir='ltr'><strong>τό</strong></span> <span class='ocrx_word' id='word_1_140' title='bbox 1989 2766 2061 2822; x_wconf 73' lang='grc' dir='ltr'><strong>δέ·</strong></span> 
     </span>
    </p>
   </div>
   <div class='ocr_carea' id='block_1_25' title="bbox 484 2853 2061 2940">
    <p class='ocr_par' dir='ltr' id='par_1_25' title="bbox 484 2853 2061 2940">
     <span class='ocr_line' id='line_1_25' title="bbox 484 2853 2061 2940; baseline -0.007 -18"><span class='ocrx_word' id='word_1_141' title='bbox 484 2888 626 2922; x_wconf 80' lang='grc' dir='ltr'><strong>καιον</strong></span> <span class='ocrx_word' id='word_1_142' title='bbox 670 2868 946 2940; x_wconf 77' lang='grc' dir='ltr'><strong>κρίνουσιν.</strong></span> <span class='ocrx_word' id='word_1_143' title='bbox 976 2866 1136 2938; x_wconf 66' lang='grc' dir='ltr'><strong>’Υπὲρ</strong></span> <span class='ocrx_word' id='word_1_144' title='bbox 1158 2860 1218 2918; x_wconf 82' lang='grc' dir='ltr'>οὗ</span> <span class='ocrx_word' id='word_1_145' title='bbox 1267 2865 1501 2936; x_wconf 74' lang='grc' dir='ltr'><strong>καὶπερὶ</strong></span> <span class='ocrx_word' id='word_1_146' title='bbox 1551 2858 1610 2915; x_wconf 82' lang='grc' dir='ltr'><strong>οὗ</strong></span> <span class='ocrx_word' id='word_1_147' title='bbox 1659 2857 1848 2929; x_wconf 53' lang='lat' dir='ltr'><strong>mea</strong></span> <span class='ocrx_word' id='word_1_148' title='bbox 1885 2853 2061 2917; x_wconf 69' lang='grc' dir='ltr'>δοῦλος</span> 
     </span>
    </p>
   </div>
   <div class='ocr_carea' id='block_1_26' title="bbox 483 2948 2061 3029">
    <p class='ocr_par' dir='ltr' id='par_1_26' title="bbox 483 2948 2061 3029">
     <span class='ocr_line' id='line_1_26' title="bbox 483 2948 2061 3029; baseline -0.007 -15"><span class='ocrx_word' id='word_1_149' title='bbox 483 2961 658 3022; x_wconf 82' lang='grc' dir='ltr'>αὐτοῦ,</span> <span class='ocrx_word' id='word_1_150' title='bbox 704 2960 748 3012; x_wconf 75' lang='grc' dir='ltr'><strong>εἰ</strong></span> <span class='ocrx_word' id='word_1_151' title='bbox 798 2959 887 3011; x_wconf 73' lang='grc' dir='ltr'><strong>καὶ</strong></span> <span class='ocrx_word' id='word_1_152' title='bbox 921 2957 1117 3019; x_wconf 71' lang='grc' dir='ltr'><strong>ἀνάξιοι·</strong></span> <span class='ocrx_word' id='word_1_153' title='bbox 1151 2958 1234 3011; x_wconf 76' lang='grc' dir='ltr'><strong>καὶ</strong></span> <span class='ocrx_word' id='word_1_154' title='bbox 1262 2952 1555 3029; x_wconf 75' lang='grc' dir='ltr'>ἄχρηστος,</span> <span class='ocrx_word' id='word_1_155' title='bbox 1597 2948 1753 3023; x_wconf 50' lang='lat' dir='ltr'><strong>sunt.</strong></span> <span class='ocrx_word' id='word_1_156' title='bbox 1800 2949 1932 3021; x_wconf 74' lang='grc' dir='ltr'><strong>πρὸς</strong></span> <span class='ocrx_word' id='word_1_157' title='bbox 1975 2951 2061 3017; x_wconf 71' lang='grc' dir='ltr'><strong>σι,</strong></span> 
     </span>
    </p>
   </div>
   <div class='ocr_carea' id='block_1_27' title="bbox 486 3041 2057 3122">
    <p class='ocr_par' dir='ltr' id='par_1_27' title="bbox 486 3041 2057 3122">
     <span class='ocr_line' id='line_1_27' title="bbox 486 3041 2057 3122; baseline -0.006 -17"><span class='ocrx_word' id='word_1_158' title='bbox 486 3050 627 3110; x_wconf 82' lang='grc' dir='ltr'><strong>ὅπως</strong></span> <span class='ocrx_word' id='word_1_159' title='bbox 648 3053 718 3119; x_wconf 72' lang='grc' dir='ltr'><strong>μή</strong></span> <span class='ocrx_word' id='word_1_160' title='bbox 743 3050 906 3119; x_wconf 79' lang='grc' dir='ltr'><strong>ἀνέχῃ</strong></span> <span class='ocrx_word' id='word_1_161' title='bbox 934 3047 1163 3122; x_wconf 68' lang='grc' dir='ltr'><strong>γίνεσθαι</strong></span> <span class='ocrx_word' id='word_1_162' title='bbox 1183 3043 1319 3118; x_wconf 74' lang='grc' dir='ltr'><strong>αὗτῷ</strong></span> <span class='ocrx_word' id='word_1_163' title='bbox 1345 3045 1495 3120; x_wconf 78' lang='grc' dir='ltr'><strong>ὕϐριν</strong></span> <span class='ocrx_word' id='word_1_164' title='bbox 1521 3043 1573 3099; x_wconf 76' lang='grc' dir='ltr'><strong>ἔν</strong></span> <span class='ocrx_word' id='word_1_165' title='bbox 1596 3051 1657 3117; x_wconf 73' lang='grc' dir='ltr'>τῇ</span> <span class='ocrx_word' id='word_1_166' title='bbox 1687 3041 1921 3115; x_wconf 77' lang='grc' dir='ltr'>βασιλιίᾳ</span> <span class='ocrx_word' id='word_1_167' title='bbox 1943 3055 2057 3095; x_wconf 83' lang='grc' dir='ltr'><strong>σου⁶</strong></span> 
     </span>
    </p>
   </div>
   <div class='ocr_carea' id='block_1_28' title="bbox 2240 1917 3754 2005">
    <p class='ocr_par' dir='ltr' id='par_1_28' title="bbox 2240 1917 3754 2005">
     <span class='ocr_line' id='line_1_28' title="bbox 2240 1917 3754 2005; baseline 0.017 -36"><span class='ocrx_word' id='word_1_168' title='bbox 2240 1932 2364 1970; x_wconf 83' lang='lat' dir='ltr'><strong>num</strong></span> <span class='ocrx_word' id='word_1_169' title='bbox 2392 1917 2637 1972; x_wconf 76' lang='lat' dir='ltr'><strong>Alexium</strong></span> <span class='ocrx_word' id='word_1_170' title='bbox 2669 1919 3010 1990; x_wconf 85' lang='lat' dir='ltr'><strong>Conmenum,</strong></span> <span class='ocrx_word' id='word_1_171' title='bbox 3043 1928 3214 1980; x_wconf 79' lang='lat' dir='ltr'><strong>oratio</strong></span> <span class='ocrx_word' id='word_1_172' title='bbox 3236 1930 3463 1998; x_wconf 80' lang='lat' dir='ltr'><strong>probam</strong></span> <span class='ocrx_word' id='word_1_173' title='bbox 3488 1931 3754 2005; x_wconf 74' lang='lat' dir='ltr'><strong>Spiritum</strong></span> 
     </span>
    </p>
   </div>
   <div class='ocr_carea' id='block_1_29' title="bbox 2238 2008 3394 2087">
    <p class='ocr_par' dir='ltr' id='par_1_29' title="bbox 2238 2008 3394 2087">
     <span class='ocr_line' id='line_1_29' title="bbox 2238 2008 3394 2087; baseline 0.014 -27"><span class='ocrx_word' id='word_1_174' title='bbox 2238 2018 2478 2061; x_wconf 77' lang='lat' dir='ltr'><strong>sanctum</strong></span> <span class='ocrx_word' id='word_1_175' title='bbox 2504 2025 2569 2064; x_wconf 81' lang='lat' dir='ltr'><strong>ea:</strong></span> <span class='ocrx_word' id='word_1_176' title='bbox 2591 2008 2754 2065; x_wconf 83' lang='lat' dir='ltr'><strong>Patre</strong></span> <span class='ocrx_word' id='word_1_177' title='bbox 2781 2021 2830 2066; x_wconf 86' lang='lat' dir='ltr'><strong>et</strong></span> <span class='ocrx_word' id='word_1_178' title='bbox 2852 2029 2918 2067; x_wconf 71' lang='lat' dir='ltr'><strong>ea:</strong></span> <span class='ocrx_word' id='word_1_179' title='bbox 2949 2013 3093 2070; x_wconf 81' lang='lat' dir='ltr'><strong>Filio</strong></span> <span class='ocrx_word' id='word_1_180' title='bbox 3118 2022 3394 2087; x_wconf 72' lang='lat' dir='ltr'><strong>procedere</strong></span> 
     </span>
    </p>
   </div>
   <div class='ocr_carea' id='block_1_30' title="bbox 2238 2142 3751 2228">
    <p class='ocr_par' dir='ltr' id='par_1_30' title="bbox 2238 2142 3751 2228">
     <span class='ocr_line' id='line_1_30' title="bbox 2238 2142 3751 2228; baseline 0.013 -32"><span class='ocrx_word' id='word_1_181' title='bbox 2238 2144 2289 2197; x_wconf 82' lang='lat' dir='ltr'><strong>l.</strong></span> <span class='ocrx_word' id='word_1_182' title='bbox 2314 2142 2454 2199; x_wconf 82' lang='lat' dir='ltr'><strong>Audi</strong></span> <span class='ocrx_word' id='word_1_183' title='bbox 2481 2153 2535 2199; x_wconf 90' lang='lat' dir='ltr'><strong>et</strong></span> <span class='ocrx_word' id='word_1_184' title='bbox 2568 2145 2807 2216; x_wconf 88' lang='lat' dir='ltr'><strong>intellige</strong></span> <span class='ocrx_word' id='word_1_185' title='bbox 2835 2163 2958 2218; x_wconf 66' lang='lat' dir='ltr'><strong>quae</strong></span> <span class='ocrx_word' id='word_1_186' title='bbox 2989 2149 3085 2204; x_wconf 83' lang='lat' dir='ltr'><strong>tibi</strong></span> <span class='ocrx_word' id='word_1_187' title='bbox 3115 2151 3259 2219; x_wconf 88' lang='lat' dir='ltr'><strong>dico,</strong></span> <span class='ocrx_word' id='word_1_188' title='bbox 3291 2152 3403 2210; x_wconf 89' lang='lat' dir='ltr'><strong>Deo</strong></span> <span class='ocrx_word' id='word_1_189' title='bbox 3426 2155 3751 2228; x_wconf 72' lang='lat' dir='ltr'><strong>inspirante,</strong></span> 
     </span>
    </p>
   </div>
   <div class='ocr_carea' id='block_1_31' title="bbox 2167 2235 3757 2317">
    <p class='ocr_par' dir='ltr' id='par_1_31' title="bbox 2167 2235 3757 2317">
     <span class='ocr_line' id='line_1_31' title="bbox 2167 2235 3757 2317; baseline 0.011 -28"><span class='ocrx_word' id='word_1_190' title='bbox 2167 2235 2568 2304; x_wconf 84' lang='lat' dir='ltr'><strong>sapientissime</strong></span> <span class='ocrx_word' id='word_1_191' title='bbox 2612 2245 2666 2291; x_wconf 90' lang='lat' dir='ltr'><strong>et</strong></span> <span class='ocrx_word' id='word_1_192' title='bbox 2699 2238 3143 2309; x_wconf 88' lang='lat' dir='ltr'><strong>clementissime,</strong></span> <span class='ocrx_word' id='word_1_193' title='bbox 3191 2254 3385 2313; x_wconf 86' lang='lat' dir='ltr'><strong>potens</strong></span> <span class='ocrx_word' id='word_1_194' title='bbox 3432 2250 3653 2317; x_wconf 88' lang='lat' dir='ltr'><strong>pariter,</strong></span> <span class='ocrx_word' id='word_1_195' title='bbox 3696 2262 3757 2307; x_wconf 86' lang='lat' dir='ltr'><strong>et</strong></span> 
     </span>
    </p>
   </div>
   <div class='ocr_carea' id='block_1_32' title="bbox 2168 2327 3751 2408">
    <p class='ocr_par' dir='ltr' id='par_1_32' title="bbox 2168 2327 3751 2408">
     <span class='ocr_line' id='line_1_32' title="bbox 2168 2327 3751 2408; baseline 0.012 -29"><span class='ocrx_word' id='word_1_196' title='bbox 2168 2327 2456 2382; x_wconf 88' lang='lat' dir='ltr'><strong>mitissime</strong></span> <span class='ocrx_word' id='word_1_197' title='bbox 2485 2328 2784 2398; x_wconf 77' lang='lat' dir='ltr'><strong>imperator</strong></span> <span class='ocrx_word' id='word_1_198' title='bbox 2811 2331 2966 2385; x_wconf 76' lang='lat' dir='ltr'><strong>Alexi</strong></span> <span class='ocrx_word' id='word_1_199' title='bbox 2994 2351 3007 2385; x_wconf 91' lang='lat'><strong>:</strong></span> <span class='ocrx_word' id='word_1_200' title='bbox 3041 2350 3217 2404; x_wconf 90' lang='lat' dir='ltr'><strong>neque</strong></span> <span class='ocrx_word' id='word_1_201' title='bbox 3248 2339 3510 2407; x_wconf 88' lang='lat' dir='ltr'><strong>respicias</strong></span> <span class='ocrx_word' id='word_1_202' title='bbox 3539 2357 3646 2408; x_wconf 88' lang='lat' dir='ltr'><strong>me,</strong></span> <span class='ocrx_word' id='word_1_203' title='bbox 3678 2344 3751 2398; x_wconf 92' lang='lat' dir='ltr'><strong>li-</strong></span> 
     </span>
    </p>
   </div>
   <div class='ocr_carea' id='block_1_33' title="bbox 2166 2420 3755 2504">
    <p class='ocr_par' dir='ltr' id='par_1_33' title="bbox 2166 2420 3755 2504">
     <span class='ocr_line' id='line_1_33' title="bbox 2166 2420 3755 2504; baseline 0.011 -31"><span class='ocrx_word' id='word_1_204' title='bbox 2166 2429 2251 2473; x_wconf 87' lang='lat' dir='ltr'><strong>cet</strong></span> <span class='ocrx_word' id='word_1_205' title='bbox 2278 2420 2379 2475; x_wconf 91' lang='lat' dir='ltr'><strong>sim</strong></span> <span class='ocrx_word' id='word_1_206' title='bbox 2424 2422 2670 2476; x_wconf 90' lang='lat' dir='ltr'><strong>omnium</strong></span> <span class='ocrx_word' id='word_1_207' title='bbox 2710 2439 2993 2478; x_wconf 70' lang='lat' dir='ltr'><strong>servorum</strong></span> <span class='ocrx_word' id='word_1_208' title='bbox 3028 2424 3119 2479; x_wconf 90' lang='lat' dir='ltr'><strong>Dei</strong></span> <span class='ocrx_word' id='word_1_209' title='bbox 3162 2436 3494 2496; x_wconf 86' lang='lat' dir='ltr'><strong>postremus,</strong></span> <span class='ocrx_word' id='word_1_210' title='bbox 3527 2434 3619 2487; x_wconf 87' lang='lat' dir='ltr'><strong>sed</strong></span> <span class='ocrx_word' id='word_1_211' title='bbox 3652 2450 3755 2504; x_wconf 89' lang='lat' dir='ltr'><strong>po—</strong></span> 
     </span>
    </p>
   </div>
   <div class='ocr_carea' id='block_1_34' title="bbox 2165 2508 3751 2587">
    <p class='ocr_par' dir='ltr' id='par_1_34' title="bbox 2165 2508 3751 2587">
     <span class='ocr_line' id='line_1_34' title="bbox 2165 2508 3751 2587; baseline 0.011 -26"><span class='ocrx_word' id='word_1_212' title='bbox 2165 2508 2275 2565; x_wconf 88' lang='lat' dir='ltr'><strong>tius</strong></span> <span class='ocrx_word' id='word_1_213' title='bbox 2317 2511 2384 2565; x_wconf 86' lang='lat' dir='ltr'><strong>ad</strong></span> <span class='ocrx_word' id='word_1_214' title='bbox 2427 2510 2577 2566; x_wconf 89' lang='lat' dir='ltr'><strong>illum</strong></span> <span class='ocrx_word' id='word_1_215' title='bbox 2624 2512 2856 2582; x_wconf 89' lang='lat' dir='ltr'><strong>respice,</strong></span> <span class='ocrx_word' id='word_1_216' title='bbox 2889 2514 3048 2584; x_wconf 86' lang='lat' dir='ltr'><strong>cujus</strong></span> <span class='ocrx_word' id='word_1_217' title='bbox 3088 2531 3177 2572; x_wconf 88' lang='lat' dir='ltr'><strong>res</strong></span> <span class='ocrx_word' id='word_1_218' title='bbox 3220 2518 3420 2587; x_wconf 85' lang='lat' dir='ltr'><strong>agitur,</strong></span> <span class='ocrx_word' id='word_1_219' title='bbox 3458 2520 3751 2579; x_wconf 89' lang='lat' dir='ltr'><strong>Dominum</strong></span> 
     </span>
    </p>
   </div>
   <div class='ocr_carea' id='block_1_35' title="bbox 2165 2600 3753 2684">
    <p class='ocr_par' dir='ltr' id='par_1_35' title="bbox 2165 2600 3753 2684">
     <span class='ocr_line' id='line_1_35' title="bbox 2165 2600 3753 2684; baseline 0.011 -33"><span class='ocrx_word' id='word_1_220' title='bbox 2165 2600 2416 2655; x_wconf 70' lang='lat' dir='ltr'><strong>videlicet</strong></span> <span class='ocrx_word' id='word_1_221' title='bbox 2458 2600 2644 2655; x_wconf 80' lang='lat' dir='ltr'><strong>Jesum</strong></span> <span class='ocrx_word' id='word_1_222' title='bbox 2674 2601 2977 2670; x_wconf 82' lang='lat' dir='ltr'><strong>Christum,</strong></span> <span class='ocrx_word' id='word_1_223' title='bbox 3009 2605 3102 2674; x_wconf 92' lang='lat' dir='ltr'><strong>qui</strong></span> <span class='ocrx_word' id='word_1_224' title='bbox 3133 2615 3219 2660; x_wconf 86' lang='lat' dir='ltr'><strong>est</strong></span> <span class='ocrx_word' id='word_1_225' title='bbox 3252 2605 3551 2678; x_wconf 84' lang='lat' dir='ltr'><strong>Imperator</strong></span> <span class='ocrx_word' id='word_1_226' title='bbox 3579 2613 3753 2684; x_wconf 77' lang='lat' dir='ltr'><strong>impe-</strong></span> 
     </span>
    </p>
   </div>
   <div class='ocr_carea' id='block_1_36' title="bbox 2164 2692 3749 2772">
    <p class='ocr_par' dir='ltr' id='par_1_36' title="bbox 2164 2692 3749 2772">
     <span class='ocr_line' id='line_1_36' title="bbox 2164 2692 3749 2772; baseline 0.01 -29"><span class='ocrx_word' id='word_1_227' title='bbox 2164 2697 2434 2756; x_wconf 83' lang='lat' dir='ltr'><strong>ratorum,</strong></span> <span class='ocrx_word' id='word_1_228' title='bbox 2457 2700 2512 2745; x_wconf 88' lang='lat' dir='ltr'><strong>et</strong></span> <span class='ocrx_word' id='word_1_229' title='bbox 2529 2692 2786 2747; x_wconf 75' lang='lat' dir='ltr'><strong>omnibus</strong></span> <span class='ocrx_word' id='word_1_230' title='bbox 2808 2693 3228 2764; x_wconf 78' lang='lat' dir='ltr'><strong>imperatoribus</strong></span> <span class='ocrx_word' id='word_1_231' title='bbox 3250 2698 3443 2767; x_wconf 75' lang='lat' dir='ltr'><strong>maior,</strong></span> <span class='ocrx_word' id='word_1_232' title='bbox 3466 2716 3563 2770; x_wconf 86' lang='lat' dir='ltr'><strong>per</strong></span> <span class='ocrx_word' id='word_1_233' title='bbox 3584 2718 3749 2772; x_wconf 84' lang='lat' dir='ltr'><strong>quem</strong></span> 
     </span>
    </p>
   </div>
   <div class='ocr_carea' id='block_1_37' title="bbox 2163 2784 3750 2857">
    <p class='ocr_par' dir='ltr' id='par_1_37' title="bbox 2163 2784 3750 2857">
     <span class='ocr_line' id='line_1_37' title="bbox 2163 2784 3750 2857; baseline 0.011 -24"><span class='ocrx_word' id='word_1_234' title='bbox 2163 2794 2320 2851; x_wconf 83' lang='lat' dir='ltr'><strong>rcges</strong></span> <span class='ocrx_word' id='word_1_235' title='bbox 2345 2791 2594 2853; x_wconf 86' lang='lat' dir='ltr'><strong>regnant,</strong></span> <span class='ocrx_word' id='word_1_236' title='bbox 2618 2791 2674 2838; x_wconf 89' lang='lat' dir='ltr'><strong>et</strong></span> <span class='ocrx_word' id='word_1_237' title='bbox 2702 2784 2883 2854; x_wconf 87' lang='lat' dir='ltr'><strong>legum</strong></span> <span class='ocrx_word' id='word_1_238' title='bbox 2915 2786 3227 2842; x_wconf 88' lang='lat' dir='ltr'><strong>conditores</strong></span> <span class='ocrx_word' id='word_1_239' title='bbox 3249 2787 3397 2857; x_wconf 81' lang='lat' dir='ltr'><strong>justa</strong></span> <span class='ocrx_word' id='word_1_240' title='bbox 3425 2791 3750 2851; x_wconf 87' lang='lat' dir='ltr'><strong>decernunt.</strong></span> 
     </span>
    </p>
   </div>
   <div class='ocr_carea' id='block_1_38' title="bbox 2162 2868 3754 2949">
    <p class='ocr_par' dir='ltr' id='par_1_38' title="bbox 2162 2868 3754 2949">
     <span class='ocr_line' id='line_1_38' title="bbox 2162 2868 3754 2949; baseline 0.01 -25"><span class='ocrx_word' id='word_1_241' title='bbox 2162 2868 2269 2925; x_wconf 90' lang='lat' dir='ltr'><strong>Pro</strong></span> <span class='ocrx_word' id='word_1_242' title='bbox 2298 2872 2418 2942; x_wconf 90' lang='lat' dir='ltr'><strong>ipso</strong></span> <span class='ocrx_word' id='word_1_243' title='bbox 2468 2874 2653 2944; x_wconf 86' lang='lat' dir='ltr'><strong>itaque</strong></span> <span class='ocrx_word' id='word_1_244' title='bbox 2693 2884 2748 2930; x_wconf 88' lang='lat' dir='ltr'><strong>et</strong></span> <span class='ocrx_word' id='word_1_245' title='bbox 2777 2874 2846 2929; x_wconf 89' lang='lat' dir='ltr'><strong>de</strong></span> <span class='ocrx_word' id='word_1_246' title='bbox 2880 2876 2999 2946; x_wconf 85' lang='lat' dir='ltr'><strong>ipso</strong></span> <span class='ocrx_word' id='word_1_247' title='bbox 3039 2892 3141 2947; x_wconf 81' lang='lat' dir='ltr'><strong>ego</strong></span> <span class='ocrx_word' id='word_1_248' title='bbox 3181 2878 3328 2934; x_wconf 86' lang='lat' dir='ltr'><strong>illius</strong></span> <span class='ocrx_word' id='word_1_249' title='bbox 3375 2896 3587 2949; x_wconf 83' lang='lat' dir='ltr'><strong>servus,</strong></span> <span class='ocrx_word' id='word_1_250' title='bbox 3625 2884 3754 2942; x_wconf 88' lang='lat' dir='ltr'><strong>licet</strong></span> 
     </span>
    </p>
   </div>
   <div class='ocr_carea' id='block_1_39' title="bbox 2162 2961 3755 3045">
    <p class='ocr_par' dir='ltr' id='par_1_39' title="bbox 2162 2961 3755 3045">
     <span class='ocr_line' id='line_1_39' title="bbox 2162 2961 3755 3045; baseline 0.009 -29"><span class='ocrx_word' id='word_1_251' title='bbox 2162 2961 2419 3034; x_wconf 85' lang='lat' dir='ltr'><strong>indignus</strong></span> <span class='ocrx_word' id='word_1_252' title='bbox 2440 2972 2494 3018; x_wconf 81' lang='lat' dir='ltr'><strong>et</strong></span> <span class='ocrx_word' id='word_1_253' title='bbox 2522 2964 2753 3033; x_wconf 80' lang='lat' dir='ltr'><strong>inutilis,</strong></span> <span class='ocrx_word' id='word_1_254' title='bbox 2791 2975 2968 3021; x_wconf 82' lang='lat' dir='ltr'><strong>tecum</strong></span> <span class='ocrx_word' id='word_1_255' title='bbox 3012 2969 3174 3024; x_wconf 81' lang='lat' dir='ltr'><strong>verba</strong></span> <span class='ocrx_word' id='word_1_256' title='bbox 3212 2968 3383 3034; x_wconf 81' lang='lat' dir='ltr'><strong>facio.</strong></span> <span class='ocrx_word' id='word_1_257' title='bbox 3418 2988 3487 3028; x_wconf 90' lang='lat' dir='ltr'><strong>ne</strong></span> <span class='ocrx_word' id='word_1_258' title='bbox 3516 2974 3626 3029; x_wconf 91' lang='lat' dir='ltr'><strong>ullo</strong></span> <span class='ocrx_word' id='word_1_259' title='bbox 3652 2992 3755 3045; x_wconf 52' lang='lat' dir='ltr'><strong>pa-</strong></span> 
     </span>
    </p>
   </div>
   <div class='ocr_carea' id='block_1_40' title="bbox 2163 3054 3749 3131">
    <p class='ocr_par' dir='ltr' id='par_1_40' title="bbox 2163 3054 3749 3131">
     <span class='ocr_line' id='line_1_40' title="bbox 2163 3054 3749 3131; baseline 0.011 -25"><span class='ocrx_word' id='word_1_260' title='bbox 2163 3061 2253 3107; x_wconf 89' lang='lat' dir='ltr'><strong>cto</strong></span> <span class='ocrx_word' id='word_1_261' title='bbox 2278 3054 2428 3109; x_wconf 81' lang='lat' dir='ltr'><strong>sinas</strong></span> <span class='ocrx_word' id='word_1_262' title='bbox 2458 3055 2514 3109; x_wconf 91' lang='lat' dir='ltr'><strong>in</strong></span> <span class='ocrx_word' id='word_1_263' title='bbox 2555 3070 2725 3125; x_wconf 85' lang='lat' dir='ltr'><strong>regno</strong></span> <span class='ocrx_word' id='word_1_264' title='bbox 2766 3066 2864 3113; x_wconf 84' lang='lat' dir='ltr'><strong>tuo</strong></span> <span class='ocrx_word' id='word_1_265' title='bbox 2906 3058 3147 3128; x_wconf 79' lang='lat' dir='ltr'><strong>aliquam</strong></span> <span class='ocrx_word' id='word_1_266' title='bbox 3178 3060 3280 3131; x_wconf 78' lang='lat' dir='ltr'><strong>ipsi</strong></span> <span class='ocrx_word' id='word_1_267' title='bbox 3312 3062 3426 3118; x_wconf 72' lang='lat' dir='ltr'><strong>ﬁeri</strong></span> <span class='ocrx_word' id='word_1_268' title='bbox 3459 3073 3749 3124; x_wconf 84' lang='lat' dir='ltr'><strong>contume-</strong></span> 
     </span>
    </p>
   </div>
   <div class='ocr_carea' id='block_1_41' title="bbox 481 3130 2062 3228">
    <p class='ocr_par' dir='ltr' id='par_1_41' title="bbox 481 3130 2061 3213">
     <span class='ocr_line' id='line_1_41' title="bbox 481 3130 2061 3213; baseline -0.006 -18"><span class='ocrx_word' id='word_1_269' title='bbox 481 3146 553 3210; x_wconf 74' lang='grc' dir='ltr'><strong>μή</strong></span> <span class='ocrx_word' id='word_1_270' title='bbox 582 3162 685 3201; x_wconf 81' lang='grc' dir='ltr'><strong>πως</strong></span> <span class='ocrx_word' id='word_1_271' title='bbox 714 3139 863 3200; x_wconf 67' lang='grc' dir='ltr'><strong>αὐτὸς</strong></span> <span class='ocrx_word' id='word_1_272' title='bbox 891 3139 1134 3213; x_wconf 74' lang='grc' dir='ltr'><strong>βαρεῖαν,</strong></span> <span class='ocrx_word' id='word_1_273' title='bbox 1176 3141 1262 3193; x_wconf 80' lang='grc' dir='ltr'><strong>καὶ</strong></span> <span class='ocrx_word' id='word_1_274' title='bbox 1285 3137 1546 3208; x_wconf 76' lang='grc' dir='ltr'><strong>βασιλικὴν</strong></span> <span class='ocrx_word' id='word_1_275' title='bbox 1573 3142 1662 3191; x_wconf 71' lang='grc' dir='ltr'><strong>τήν</strong></span> <span class='ocrx_word' id='word_1_276' title='bbox 1709 3130 1956 3189; x_wconf 67' lang='grc' dir='ltr'><strong>ἐκδίκησιν</strong></span> <span class='ocrx_word' id='word_1_277' title='bbox 1981 3130 2061 3187; x_wconf 69' lang='lat'><strong>80&#39;-</strong></span> 
     </span>
    </p>
   </div>
   <div class='ocr_carea' id='block_1_42' title="bbox 2165 3130 3755 3228">
    <p class='ocr_par' dir='ltr' id='par_1_42' title="bbox 2167 3130 3755 3228">
     <span class='ocr_line' id='line_1_42' title="bbox 2167 3130 3755 3228; baseline 0.013 -33"><span class='ocrx_word' id='word_1_278' title='bbox 2167 3142 2318 3209; x_wconf 89' lang='lat' dir='ltr'><strong>liam,</strong></span> <span class='ocrx_word' id='word_1_279' title='bbox 2348 3158 2416 3198; x_wconf 91' lang='lat' dir='ltr'><strong>ne</strong></span> <span class='ocrx_word' id='word_1_280' title='bbox 2449 3143 2613 3199; x_wconf 88' lang='lat' dir='ltr'><strong>etiam</strong></span> <span class='ocrx_word' id='word_1_281' title='bbox 2636 3154 2690 3199; x_wconf 90' lang='lat' dir='ltr'><strong>et</strong></span> <span class='ocrx_word' id='word_1_282' title='bbox 2716 3146 2833 3215; x_wconf 88' lang='lat' dir='ltr'><strong>ipse</strong></span> <span class='ocrx_word' id='word_1_283' title='bbox 2860 3163 3073 3218; x_wconf 78' lang='lat' dir='ltr'><strong>graves,</strong></span> <span class='ocrx_word' id='word_1_284' title='bbox 3104 3159 3156 3204; x_wconf 91' lang='lat' dir='ltr'><strong>et</strong></span> <span class='ocrx_word' id='word_1_285' title='bbox 3177 3130 3319 3221; x_wconf 85' lang='lat' dir='ltr'><strong>quas</strong></span> <span class='ocrx_word' id='word_1_286' title='bbox 3337 3152 3493 3209; x_wconf 84' lang='lat' dir='ltr'><strong>decet</strong></span> <span class='ocrx_word' id='word_1_287' title='bbox 3516 3157 3755 3228; x_wconf 86' lang='lat' dir='ltr'><strong>impera-</strong></span> 
     </span>
    </p>
   </div>
   <div class='ocr_carea' id='block_1_43' title="bbox 481 3222 2062 3307">
    <p class='ocr_par' dir='ltr' id='par_1_43' title="bbox 481 3222 2062 3307">
     <span class='ocr_line' id='line_1_43' title="bbox 481 3222 2062 3307; baseline -0.009 -16"><span class='ocrx_word' id='word_1_288' title='bbox 481 3236 629 3299; x_wconf 80' lang='grc' dir='ltr'>ξηται</span> <span class='ocrx_word' id='word_1_289' title='bbox 663 3235 807 3307; x_wconf 83' lang='grc' dir='ltr'><strong>παρὰ</strong></span> <span class='ocrx_word' id='word_1_290' title='bbox 839 3237 937 3287; x_wconf 88' lang='grc' dir='ltr'><strong>σοῦ</strong></span> <span class='ocrx_word' id='word_1_291' title='bbox 965 3234 1012 3285; x_wconf 68' lang='grc' dir='ltr'><strong>ἓν</strong></span> <span class='ocrx_word' id='word_1_292' title='bbox 1039 3240 1102 3304; x_wconf 73' lang='grc' dir='ltr'><strong>τῇ</strong></span> <span class='ocrx_word' id='word_1_293' title='bbox 1130 3231 1371 3302; x_wconf 74' lang='grc' dir='ltr'><strong>βασιλείᾳ</strong></span> <span class='ocrx_word' id='word_1_294' title='bbox 1403 3230 1580 3282; x_wconf 80' lang='grc' dir='ltr'>αὐτοῦ.</span> <span class='ocrx_word' id='word_1_295' title='bbox 1614 3228 1758 3297; x_wconf 76' lang='grc' dir='ltr'><strong>οὒχι</strong></span> <span class='ocrx_word' id='word_1_296' title='bbox 1783 3222 1887 3300; x_wconf 80' lang='grc' dir='ltr'><strong>ἄρα</strong></span> <span class='ocrx_word' id='word_1_297' title='bbox 1914 3224 2062 3300; x_wconf 77' lang='grc' dir='ltr'><strong>ὕϐριν</strong></span> 
     </span>
    </p>
   </div>
   <div class='ocr_carea' id='block_1_44' title="bbox 483 3315 2066 3394">
    <p class='ocr_par' dir='ltr' id='par_1_44' title="bbox 483 3315 2066 3394">
     <span class='ocr_line' id='line_1_44' title="bbox 483 3315 2066 3394; baseline -0.003 -17"><span class='ocrx_word' id='word_1_298' title='bbox 483 3327 685 3394; x_wconf 70' lang='grc' dir='ltr'>ιμποιεί</span> <span class='ocrx_word' id='word_1_299' title='bbox 705 3332 776 3391; x_wconf 67' lang='grc' dir='ltr'><strong>τῷ</strong></span> <span class='ocrx_word' id='word_1_300' title='bbox 801 3323 901 3390; x_wconf 66' lang='lat' dir='ltr'><strong>rte.)</strong></span> <span class='ocrx_word' id='word_1_301' title='bbox 920 3327 1012 3377; x_wconf 83' lang='grc' dir='ltr'>τοῦ</span> <span class='ocrx_word' id='word_1_302' title='bbox 1034 3327 1178 3380; x_wconf 74' lang='grc' dir='ltr'><strong>Θιοῦ,</strong></span> <span class='ocrx_word' id='word_1_303' title='bbox 1212 3319 1238 3373; x_wconf 86' lang='grc' dir='ltr'><strong>ό</strong></span> <span class='ocrx_word' id='word_1_304' title='bbox 1257 3320 1433 3391; x_wconf 59' lang='grc' dir='ltr'><strong>λὶηωνσ</strong></span> <span class='ocrx_word' id='word_1_305' title='bbox 1462 3319 1564 3373; x_wconf 74' lang='grc' dir='ltr'><strong>Οὐκ</strong></span> <span class='ocrx_word' id='word_1_306' title='bbox 1590 3315 1728 3373; x_wconf 68' lang='grc' dir='ltr'>ἔστιν</span> <span class='ocrx_word' id='word_1_307' title='bbox 1762 3315 1789 3371; x_wconf 89' lang='grc' dir='ltr'><strong>ό</strong></span> <span class='ocrx_word' id='word_1_308' title='bbox 1816 3316 1929 3378; x_wconf 77' lang='grc' dir='ltr'>Υἱὸς</span> <span class='ocrx_word' id='word_1_309' title='bbox 1954 3315 2066 3379; x_wconf 80' lang='grc' dir='ltr'><strong>ἴσος</strong></span> 
     </span>
    </p>
   </div>
   <div class='ocr_carea' id='block_1_45' title="bbox 483 3405 2066 3486">
    <p class='ocr_par' dir='ltr' id='par_1_45' title="bbox 483 3405 2066 3486">
     <span class='ocr_line' id='line_1_45' title="bbox 483 3405 2066 3486; baseline -0.004 -19"><span class='ocrx_word' id='word_1_310' title='bbox 483 3421 557 3486; x_wconf 83' lang='grc' dir='ltr'>τῷ</span> <span class='ocrx_word' id='word_1_311' title='bbox 606 3416 796 3485; x_wconf 62' lang='lat' dir='ltr'><strong>“arpi;</strong></span> <span class='ocrx_word' id='word_1_312' title='bbox 825 3413 943 3486; x_wconf 70' lang='grc' dir='ltr'><strong>περὶ</strong></span> <span class='ocrx_word' id='word_1_313' title='bbox 970 3414 1120 3466; x_wconf 83' lang='grc' dir='ltr'><strong>αὐτοῦ</strong></span> <span class='ocrx_word' id='word_1_314' title='bbox 1149 3412 1250 3484; x_wconf 70' lang='grc' dir='ltr'><strong>γὰρ</strong></span> <span class='ocrx_word' id='word_1_315' title='bbox 1277 3410 1409 3482; x_wconf 72' lang='grc' dir='ltr'><strong>λέγει</strong></span> <span class='ocrx_word' id='word_1_316' title='bbox 1440 3408 1465 3464; x_wconf 92' lang='grc' dir='ltr'><strong>ό</strong></span> <span class='ocrx_word' id='word_1_317' title='bbox 1493 3406 1817 3468; x_wconf 72' lang='grc' dir='ltr'>’Λπόστολος·</span> <span class='ocrx_word' id='word_1_318' title='bbox 1859 3425 1878 3459; x_wconf 77' lang='lat' dir='ltr'><strong>t</strong></span> <span class='ocrx_word' id='word_1_319' title='bbox 1905 3405 1996 3469; x_wconf 73' lang='grc' dir='ltr'><strong>⁸ος</strong></span> <span class='ocrx_word' id='word_1_320' title='bbox 2017 3408 2066 3461; x_wconf 77' lang='grc' dir='ltr'><strong>ἕν</strong></span> 
     </span>
    </p>
   </div>
   <div class='ocr_carea' id='block_1_46' title="bbox 486 3491 2068 3575">
    <p class='ocr_par' dir='ltr' id='par_1_46' title="bbox 486 3491 2068 3575">
     <span class='ocr_line' id='line_1_46' title="bbox 486 3491 2068 3575; baseline -0.003 -21"><span class='ocrx_word' id='word_1_321' title='bbox 486 3509 649 3575; x_wconf 71' lang='grc' dir='ltr'>μορφῇ</span> <span class='ocrx_word' id='word_1_322' title='bbox 675 3506 799 3553; x_wconf 68' lang='grc' dir='ltr'><strong>Θεοῦ</strong></span> <span class='ocrx_word' id='word_1_323' title='bbox 816 3500 1201 3573; x_wconf 79' lang='grc' dir='ltr'><strong>ὑπάρχων.οὖχ</strong></span> <span class='ocrx_word' id='word_1_324' title='bbox 1220 3497 1491 3572; x_wconf 67' lang='grc' dir='ltr'><strong>ἁρπαγμόν</strong></span> <span class='ocrx_word' id='word_1_325' title='bbox 1522 3499 1747 3568; x_wconf 67' lang='grc' dir='ltr'><strong>ἡγήσατο</strong></span> <span class='ocrx_word' id='word_1_326' title='bbox 1761 3497 1818 3551; x_wconf 88' lang='grc' dir='ltr'>τὸ</span> <span class='ocrx_word' id='word_1_327' title='bbox 1844 3491 2068 3553; x_wconf 81' lang='grc' dir='ltr'><strong>ιῖναιῖσα</strong></span> 
     </span>
    </p>
   </div>
   <div class='ocr_carea' id='block_1_47' title="bbox 483 3585 2068 3664">
    <p class='ocr_par' dir='ltr' id='par_1_47' title="bbox 483 3585 2068 3664">
     <span class='ocr_line' id='line_1_47' title="bbox 483 3585 2068 3664; baseline -0.004 -17"><span class='ocrx_word' id='word_1_328' title='bbox 483 3599 614 3664; x_wconf 76' lang='grc' dir='ltr'><strong>θεῷ.</strong></span> <span class='ocrx_word' id='word_1_329' title='bbox 649 3608 670 3641; x_wconf 74' lang='grc' dir='ltr'>ι</span> <span class='ocrx_word' id='word_1_330' title='bbox 695 3588 816 3645; x_wconf 73' lang='grc' dir='ltr'><strong>Ἰδοὺ</strong></span> <span class='ocrx_word' id='word_1_331' title='bbox 842 3589 868 3644; x_wconf 82' lang='grc' dir='ltr'><strong>ό</strong></span> <span class='ocrx_word' id='word_1_332' title='bbox 898 3590 1007 3650; x_wconf 75' lang='grc' dir='ltr'><strong>Υἱός</strong></span> <span class='ocrx_word' id='word_1_333' title='bbox 1050 3590 1297 3661; x_wconf 71' lang='grc' dir='ltr'>λογίζεται</span> <span class='ocrx_word' id='word_1_334' title='bbox 1318 3589 1436 3648; x_wconf 76' lang='grc' dir='ltr'>ἴσος</span> <span class='ocrx_word' id='word_1_335' title='bbox 1474 3595 1548 3659; x_wconf 86' lang='grc' dir='ltr'>τῷ</span> <span class='ocrx_word' id='word_1_336' title='bbox 1587 3593 1762 3660; x_wconf 78' lang='grc' dir='ltr'>Πατρί.</span> <span class='ocrx_word' id='word_1_337' title='bbox 1791 3585 1919 3641; x_wconf 59' lang='grc' dir='ltr'>Ἀλλ’</span> <span class='ocrx_word' id='word_1_338' title='bbox 1938 3587 2068 3641; x_wconf 68' lang='grc' dir='ltr'><strong><em>ἐκεῖ·</em></strong></span> 
     </span>
    </p>
   </div>
   <div class='ocr_carea' id='block_1_48' title="bbox 484 3681 2063 3756">
    <p class='ocr_par' dir='ltr' id='par_1_48' title="bbox 484 3681 2063 3756">
     <span class='ocr_line' id='line_1_48' title="bbox 484 3681 2063 3756; baseline -0.001 -18"><span class='ocrx_word' id='word_1_339' title='bbox 484 3704 568 3744; x_wconf 77' lang='grc' dir='ltr'><strong>νος</strong></span> <span class='ocrx_word' id='word_1_340' title='bbox 594 3681 741 3745; x_wconf 78' lang='grc' dir='ltr'>ὅστις</span> <span class='ocrx_word' id='word_1_341' title='bbox 753 3684 883 3755; x_wconf 72' lang='grc' dir='ltr'><strong>λέγει</strong></span> <span class='ocrx_word' id='word_1_342' title='bbox 901 3683 956 3738; x_wconf 86' lang='grc' dir='ltr'><strong>τό</strong></span> <span class='ocrx_word' id='word_1_343' title='bbox 977 3691 1168 3752; x_wconf 71' lang='grc' dir='ltr'><strong>Πνεῦμα</strong></span> <span class='ocrx_word' id='word_1_344' title='bbox 1192 3688 1263 3755; x_wconf 76' lang='grc' dir='ltr'><strong>μή</strong></span> <span class='ocrx_word' id='word_1_345' title='bbox 1290 3682 1645 3756; x_wconf 76' lang='grc' dir='ltr'><strong>ἐκπορεύεσθαι</strong></span> <span class='ocrx_word' id='word_1_346' title='bbox 1681 3681 1782 3736; x_wconf 83' lang='grc' dir='ltr'><strong>ἀπὸ</strong></span> <span class='ocrx_word' id='word_1_347' title='bbox 1809 3688 1900 3735; x_wconf 85' lang='grc' dir='ltr'><strong>τοῦ</strong></span> <span class='ocrx_word' id='word_1_348' title='bbox 1923 3682 2063 3747; x_wconf 83' lang='grc' dir='ltr'><strong>Υἱοῦ,</strong></span> 
     </span>
    </p>
   </div>
   <div class='ocr_carea' id='block_1_49' title="bbox 485 3767 2064 3847">
    <p class='ocr_par' dir='ltr' id='par_1_49' title="bbox 485 3767 2064 3847">
     <span class='ocr_line' id='line_1_49' title="bbox 485 3767 2064 3847; baseline -0.002 -20"><span class='ocrx_word' id='word_1_349' title='bbox 485 3775 592 3845; x_wconf 80' lang='grc' dir='ltr'><strong>οὐχ</strong></span> <span class='ocrx_word' id='word_1_350' title='bbox 617 3772 962 3847; x_wconf 73' lang='grc' dir='ltr'><strong>ὑπολαμϐάνει</strong></span> <span class='ocrx_word' id='word_1_351' title='bbox 986 3776 1073 3828; x_wconf 85' lang='grc' dir='ltr'>τόν</span> <span class='ocrx_word' id='word_1_352' title='bbox 1114 3775 1225 3828; x_wconf 80' lang='grc' dir='ltr'><strong>Ϊὶὸν</strong></span> <span class='ocrx_word' id='word_1_353' title='bbox 1252 3775 1368 3830; x_wconf 81' lang='grc' dir='ltr'>ἴσον</span> <span class='ocrx_word' id='word_1_354' title='bbox 1399 3767 1470 3843; x_wconf 79' lang='grc' dir='ltr'><strong>τῷ</strong></span> <span class='ocrx_word' id='word_1_355' title='bbox 1496 3779 1675 3845; x_wconf 76' lang='grc' dir='ltr'>Πατρί.</span> <span class='ocrx_word' id='word_1_356' title='bbox 1707 3773 1795 3825; x_wconf 72' lang='grc' dir='ltr'><strong>Καὶ</strong></span> <span class='ocrx_word' id='word_1_357' title='bbox 1824 3773 1924 3845; x_wconf 70' lang='grc' dir='ltr'><strong>γὰρ</strong></span> <span class='ocrx_word' id='word_1_358' title='bbox 1955 3778 2064 3832; x_wconf 79' lang='grc' dir='ltr'><strong>πῶς</strong></span> 
     </span>
    </p>
   </div>
   <div class='ocr_carea' id='block_1_50' title="bbox 486 3861 2066 3941">
    <p class='ocr_par' dir='ltr' id='par_1_50' title="bbox 486 3861 2066 3941">
     <span class='ocr_line' id='line_1_50' title="bbox 486 3861 2066 3941; baseline -0.002 -19"><span class='ocrx_word' id='word_1_359' title='bbox 486 3866 636 3923; x_wconf 70' lang='grc' dir='ltr'>ἔσται</span> <span class='ocrx_word' id='word_1_360' title='bbox 663 3868 776 3927; x_wconf 77' lang='grc' dir='ltr'><strong>Υἱὸς</strong></span> <span class='ocrx_word' id='word_1_361' title='bbox 805 3866 910 3928; x_wconf 78' lang='grc' dir='ltr'><strong>ἴσος</strong></span> <span class='ocrx_word' id='word_1_362' title='bbox 936 3875 1009 3941; x_wconf 78' lang='grc' dir='ltr'>τῷ</span> <span class='ocrx_word' id='word_1_363' title='bbox 1038 3870 1214 3941; x_wconf 79' lang='grc' dir='ltr'>Πατρὶ.</span> <span class='ocrx_word' id='word_1_364' title='bbox 1235 3868 1319 3923; x_wconf 78' lang='grc' dir='ltr'><strong>ἐὰν</strong></span> <span class='ocrx_word' id='word_1_365' title='bbox 1344 3870 1413 3939; x_wconf 64' lang='grc' dir='ltr'><strong>μή</strong></span> <span class='ocrx_word' id='word_1_366' title='bbox 1450 3866 1633 3925; x_wconf 67' lang='lat' dir='ltr'><strong>iri-10m</strong></span> <span class='ocrx_word' id='word_1_367' title='bbox 1660 3862 1763 3938; x_wconf 70' lang='grc' dir='ltr'><strong>ἔχῃ</strong></span> <span class='ocrx_word' id='word_1_368' title='bbox 1787 3870 1878 3923; x_wconf 69' lang='grc' dir='ltr'><strong>τήν</strong></span> <span class='ocrx_word' id='word_1_369' title='bbox 1916 3861 2066 3927; x_wconf 80' lang='grc' dir='ltr'>δόξαν</span> 
     </span>
    </p>
   </div>
   <div class='ocr_carea' id='block_1_51' title="bbox 481 3954 2067 4031">
    <p class='ocr_par' dir='ltr' id='par_1_51' title="bbox 481 3954 2067 4031">
     <span class='ocr_line' id='line_1_51' title="bbox 481 3954 2067 4031; baseline -0.001 -16"><span class='ocrx_word' id='word_1_370' title='bbox 481 3959 612 4028; x_wconf 72' lang='grc' dir='ltr'><strong>μετὰ</strong></span> <span class='ocrx_word' id='word_1_371' title='bbox 638 3964 732 4013; x_wconf 89' lang='grc' dir='ltr'>τοῦ</span> <span class='ocrx_word' id='word_1_372' title='bbox 763 3965 989 4026; x_wconf 76' lang='grc' dir='ltr'>Πατρός;</span> <span class='ocrx_word' id='word_1_373' title='bbox 1039 3961 1126 4013; x_wconf 66' lang='grc' dir='ltr'><strong>Καὶ</strong></span> <span class='ocrx_word' id='word_1_374' title='bbox 1151 3959 1250 4031; x_wconf 67' lang='grc' dir='ltr'><strong>γὰρ</strong></span> <span class='ocrx_word' id='word_1_375' title='bbox 1279 3954 1400 4021; x_wconf 83' lang='grc' dir='ltr'><strong>δόξα</strong></span> <span class='ocrx_word' id='word_1_376' title='bbox 1427 3962 1517 4011; x_wconf 88' lang='grc' dir='ltr'>τοῦ</span> <span class='ocrx_word' id='word_1_377' title='bbox 1555 3955 1751 4029; x_wconf 77' lang='grc' dir='ltr'><strong>Πατρός</strong></span> <span class='ocrx_word' id='word_1_378' title='bbox 1790 3956 1945 4021; x_wconf 73' lang='grc' dir='ltr'>ἐστιν,</span> <span class='ocrx_word' id='word_1_379' title='bbox 1981 3956 2067 4013; x_wconf 80' lang='grc' dir='ltr'><strong>ἵνα</strong></span> 
     </span>
    </p>
   </div>
   <div class='ocr_carea' id='block_1_52' title="bbox 481 4047 2064 4121">
    <p class='ocr_par' dir='ltr' id='par_1_52' title="bbox 481 4047 2064 4121">
     <span class='ocr_line' id='line_1_52' title="bbox 481 4047 2064 4121; baseline -0.003 -17"><span class='ocrx_word' id='word_1_380' title='bbox 481 4051 541 4104; x_wconf 86' lang='grc' dir='ltr'><strong>τό</strong></span> <span class='ocrx_word' id='word_1_381' title='bbox 569 4059 766 4121; x_wconf 80' lang='grc' dir='ltr'><strong>Πνιμα</strong></span> <span class='ocrx_word' id='word_1_382' title='bbox 804 4055 893 4102; x_wconf 80' lang='grc' dir='ltr'>τοῦ</span> <span class='ocrx_word' id='word_1_383' title='bbox 925 4048 1111 4121; x_wconf 76' lang='grc' dir='ltr'>Πατρός</span> <span class='ocrx_word' id='word_1_384' title='bbox 1148 4053 1234 4102; x_wconf 82' lang='grc' dir='ltr'><strong>καὶ</strong></span> <span class='ocrx_word' id='word_1_385' title='bbox 1258 4048 1360 4103; x_wconf 82' lang='grc' dir='ltr'><strong>ἀπὸ</strong></span> <span class='ocrx_word' id='word_1_386' title='bbox 1415 4053 1501 4103; x_wconf 87' lang='grc' dir='ltr'>τοῦ</span> <span class='ocrx_word' id='word_1_387' title='bbox 1553 4047 1672 4101; x_wconf 83' lang='grc' dir='ltr'><strong>Υἱοῦ</strong></span> <span class='ocrx_word' id='word_1_388' title='bbox 1700 4047 2064 4119; x_wconf 74' lang='grc' dir='ltr'><strong>ἕκποριύηται,</strong></span> 
     </span>
    </p>
   </div>
   <div class='ocr_carea' id='block_1_53' title="bbox 482 4136 2066 4211">
    <p class='ocr_par' dir='ltr' id='par_1_53' title="bbox 482 4136 2066 4211">
     <span class='ocr_line' id='line_1_53' title="bbox 482 4136 2066 4211; baseline -0.003 -16"><span class='ocrx_word' id='word_1_389' title='bbox 482 4145 588 4202; x_wconf 77' lang='grc' dir='ltr'><strong>ἥτις</strong></span> <span class='ocrx_word' id='word_1_390' title='bbox 620 4143 706 4197; x_wconf 77' lang='grc' dir='ltr'><strong>ἐὰν</strong></span> <span class='ocrx_word' id='word_1_391' title='bbox 730 4143 818 4195; x_wconf 77' lang='grc' dir='ltr'><strong>οὐκ</strong></span> <span class='ocrx_word' id='word_1_392' title='bbox 840 4139 985 4195; x_wconf 78' lang='grc' dir='ltr'><strong>ἔστιν</strong></span> <span class='ocrx_word' id='word_1_393' title='bbox 1009 4141 1057 4192; x_wconf 80' lang='grc' dir='ltr'><strong>ἐν</strong></span> <span class='ocrx_word' id='word_1_394' title='bbox 1082 4147 1154 4211; x_wconf 85' lang='grc' dir='ltr'>τῷ</span> <span class='ocrx_word' id='word_1_395' title='bbox 1196 4142 1315 4211; x_wconf 78' lang='grc' dir='ltr'><strong>ἰ’ἰῷ.</strong></span> <span class='ocrx_word' id='word_1_396' title='bbox 1346 4136 1483 4198; x_wconf 81' lang='grc' dir='ltr'><strong>ὅπως</strong></span> <span class='ocrx_word' id='word_1_397' title='bbox 1522 4140 1579 4193; x_wconf 88' lang='grc' dir='ltr'>τὸ</span> <span class='ocrx_word' id='word_1_398' title='bbox 1619 4145 1819 4207; x_wconf 73' lang='grc' dir='ltr'><strong>Πνεῦμα</strong></span> <span class='ocrx_word' id='word_1_399' title='bbox 1849 4143 1936 4192; x_wconf 90' lang='grc' dir='ltr'>τοῦ</span> <span class='ocrx_word' id='word_1_400' title='bbox 1970 4148 2066 4191; x_wconf 85' lang='grc' dir='ltr'><strong>Πα-</strong></span> 
     </span>
    </p>
   </div>
   <div class='ocr_carea' id='block_1_54' title="bbox 480 4229 2066 4305">
    <p class='ocr_par' dir='ltr' id='par_1_54' title="bbox 480 4229 2066 4305">
     <span class='ocr_line' id='line_1_54' title="bbox 480 4229 2066 4305; baseline -0.001 -20"><span class='ocrx_word' id='word_1_401' title='bbox 480 4233 604 4305; x_wconf 77' lang='grc' dir='ltr'>τρός</span> <span class='ocrx_word' id='word_1_402' title='bbox 630 4231 910 4304; x_wconf 73' lang='grc' dir='ltr'><strong>ἐκποριυθῇ</strong></span> <span class='ocrx_word' id='word_1_403' title='bbox 935 4232 1018 4282; x_wconf 83' lang='grc' dir='ltr'><strong>καὶ</strong></span> <span class='ocrx_word' id='word_1_404' title='bbox 1043 4231 1097 4282; x_wconf 70' lang='grc' dir='ltr'><strong><em>ἔκ</em></strong></span> <span class='ocrx_word' id='word_1_405' title='bbox 1119 4235 1207 4283; x_wconf 84' lang='grc' dir='ltr'>τοῦ</span> <span class='ocrx_word' id='word_1_406' title='bbox 1249 4229 1388 4293; x_wconf 80' lang='grc' dir='ltr'><strong>ϊὶοῦ,</strong></span> <span class='ocrx_word' id='word_1_407' title='bbox 1421 4229 1629 4302; x_wconf 75' lang='grc' dir='ltr'><strong>φανερόν</strong></span> <span class='ocrx_word' id='word_1_408' title='bbox 1656 4230 1792 4283; x_wconf 66' lang='grc' dir='ltr'>ἐστιν</span> <span class='ocrx_word' id='word_1_409' title='bbox 1837 4231 1907 4288; x_wconf 74' lang='grc' dir='ltr'><em>ὡς</em></span> <span class='ocrx_word' id='word_1_410' title='bbox 1957 4230 2066 4287; x_wconf 81' lang='grc' dir='ltr'><strong>μ.ιὲ-</strong></span> 
     </span>
    </p>
   </div>
   <div class='ocr_carea' id='block_1_55' title="bbox 482 4319 2066 4397">
    <p class='ocr_par' dir='ltr' id='par_1_55' title="bbox 482 4319 2066 4397">
     <span class='ocr_line' id='line_1_55' title="bbox 482 4319 2066 4397; baseline -0.002 -22"><span class='ocrx_word' id='word_1_411' title='bbox 482 4328 581 4385; x_wconf 84' lang='grc' dir='ltr'><strong>ζων</strong></span> <span class='ocrx_word' id='word_1_412' title='bbox 598 4322 832 4396; x_wconf 72' lang='grc' dir='ltr'><strong>ὑπάρχει</strong></span> <span class='ocrx_word' id='word_1_413' title='bbox 862 4324 891 4379; x_wconf 78' lang='grc' dir='ltr'><strong><em>ἠ</em></strong></span> <span class='ocrx_word' id='word_1_414' title='bbox 920 4320 1043 4385; x_wconf 83' lang='grc' dir='ltr'>δόξα</span> <span class='ocrx_word' id='word_1_415' title='bbox 1082 4327 1173 4375; x_wconf 83' lang='grc' dir='ltr'>τοῦ</span> <span class='ocrx_word' id='word_1_416' title='bbox 1208 4322 1392 4397; x_wconf 78' lang='grc' dir='ltr'>Πατρός</span> <span class='ocrx_word' id='word_1_417' title='bbox 1446 4320 1475 4379; x_wconf 77' lang='grc' dir='ltr'><strong><em>ἦ</em></strong></span> <span class='ocrx_word' id='word_1_418' title='bbox 1501 4322 1530 4378; x_wconf 74' lang='grc' dir='ltr'><strong><em>ἡ</em></strong></span> <span class='ocrx_word' id='word_1_419' title='bbox 1557 4319 1676 4385; x_wconf 81' lang='grc' dir='ltr'>δόξα</span> <span class='ocrx_word' id='word_1_420' title='bbox 1715 4327 1807 4376; x_wconf 85' lang='grc' dir='ltr'>τοῦ</span> <span class='ocrx_word' id='word_1_421' title='bbox 1845 4322 1984 4376; x_wconf 81' lang='grc' dir='ltr'><strong>Υἱοῦ.</strong></span> <span class='ocrx_word' id='word_1_422' title='bbox 2008 4326 2066 4378; x_wconf 77' lang='grc' dir='ltr'><strong>Εἰ</strong></span> 
     </span>
    </p>
   </div>
   <div class='ocr_carea' id='block_1_56' title="bbox 481 4408 2063 4483">
    <p class='ocr_par' dir='ltr' id='par_1_56' title="bbox 481 4408 2063 4483">
     <span class='ocr_line' id='line_1_56' title="bbox 481 4408 2063 4483; baseline -0.001 -19"><span class='ocrx_word' id='word_1_423' title='bbox 481 4414 648 4465; x_wconf 80' lang='grc' dir='ltr'><strong>τοίνυν</strong></span> <span class='ocrx_word' id='word_1_424' title='bbox 690 4414 847 4468; x_wconf 78' lang='grc' dir='ltr'><strong>ἐκείνη</strong></span> <span class='ocrx_word' id='word_1_425' title='bbox 876 4415 1061 4481; x_wconf 66' lang='grc' dir='ltr'><strong>μείζων</strong></span> <span class='ocrx_word' id='word_1_426' title='bbox 1108 4408 1271 4476; x_wconf 75' lang='grc' dir='ltr'><strong>ἐστὶν,</strong></span> <span class='ocrx_word' id='word_1_427' title='bbox 1300 4413 1382 4464; x_wconf 79' lang='grc' dir='ltr'><strong>καὶ</strong></span> <span class='ocrx_word' id='word_1_428' title='bbox 1408 4409 1539 4467; x_wconf 69' lang='grc' dir='ltr'>αὕτη</span> <span class='ocrx_word' id='word_1_429' title='bbox 1567 4409 1806 4474; x_wconf 72' lang='grc' dir='ltr'><strong>ἐλάττων,</strong></span> <span class='ocrx_word' id='word_1_430' title='bbox 1856 4409 2063 4483; x_wconf 76' lang='grc' dir='ltr'><strong>φανερόν</strong></span> 
     </span>
    </p>
   </div>
   <div class='ocr_carea' id='block_1_57' title="bbox 2170 3237 3755 3317">
    <p class='ocr_par' dir='ltr' id='par_1_57' title="bbox 2170 3237 3755 3317">
     <span class='ocr_line' id='line_1_57' title="bbox 2170 3237 3755 3317; baseline 0.009 -29"><span class='ocrx_word' id='word_1_431' title='bbox 2170 3242 2340 3301; x_wconf 85' lang='lat' dir='ltr'><strong>tores,</strong></span> <span class='ocrx_word' id='word_1_432' title='bbox 2378 3250 2408 3289; x_wconf 89' lang='lat' dir='ltr'><strong>a</strong></span> <span class='ocrx_word' id='word_1_433' title='bbox 2439 3243 2493 3291; x_wconf 86' lang='lat' dir='ltr'><strong>te</strong></span> <span class='ocrx_word' id='word_1_434' title='bbox 2518 3237 2702 3307; x_wconf 67' lang='lat' dir='ltr'><strong>exigat</strong></span> <span class='ocrx_word' id='word_1_435' title='bbox 2734 3254 2925 3308; x_wconf 64' lang='lat' dir='ltr'><strong>poenas</strong></span> <span class='ocrx_word' id='word_1_436' title='bbox 2952 3240 3005 3294; x_wconf 91' lang='lat' dir='ltr'><strong>in</strong></span> <span class='ocrx_word' id='word_1_437' title='bbox 3036 3257 3205 3312; x_wconf 89' lang='lat' dir='ltr'><strong>regno</strong></span> <span class='ocrx_word' id='word_1_438' title='bbox 3229 3259 3349 3298; x_wconf 87' lang='lat' dir='ltr'><strong>suo.</strong></span> <span class='ocrx_word' id='word_1_439' title='bbox 3374 3242 3442 3299; x_wconf 84' lang='lat' dir='ltr'><strong>Et</strong></span> <span class='ocrx_word' id='word_1_440' title='bbox 3474 3249 3755 3317; x_wconf 85' lang='lat' dir='ltr'><strong>quomodo</strong></span> 
     </span>
    </p>
   </div>
   <div class='ocr_carea' id='block_1_58' title="bbox 2168 3328 3751 3407">
    <p class='ocr_par' dir='ltr' id='par_1_58' title="bbox 2168 3328 3751 3407">
     <span class='ocr_line' id='line_1_58' title="bbox 2168 3328 3751 3407; baseline 0.008 -25"><span class='ocrx_word' id='word_1_441' title='bbox 2168 3328 2553 3385; x_wconf 85' lang='lat' dir='ltr'><strong>contumeliam</strong></span> <span class='ocrx_word' id='word_1_442' title='bbox 2590 3328 2728 3384; x_wconf 88' lang='lat' dir='ltr'><strong>Filio</strong></span> <span class='ocrx_word' id='word_1_443' title='bbox 2764 3328 2858 3385; x_wconf 86' lang='lat' dir='ltr'><strong>Dei</strong></span> <span class='ocrx_word' id='word_1_444' title='bbox 2888 3330 2979 3386; x_wconf 86' lang='lat' dir='ltr'><strong>ille</strong></span> <span class='ocrx_word' id='word_1_445' title='bbox 3020 3347 3129 3387; x_wconf 91' lang='lat' dir='ltr'><strong>non</strong></span> <span class='ocrx_word' id='word_1_446' title='bbox 3177 3333 3360 3401; x_wconf 81' lang='lat' dir='ltr'><strong>infert,</strong></span> <span class='ocrx_word' id='word_1_447' title='bbox 3403 3338 3497 3406; x_wconf 89' lang='lat' dir='ltr'><strong>qui</strong></span> <span class='ocrx_word' id='word_1_448' title='bbox 3528 3339 3751 3407; x_wconf 60' lang='lat' dir='ltr'><strong>diter-it,</strong></span> 
     </span>
    </p>
   </div>
   <div class='ocr_carea' id='block_1_59' title="bbox 2168 3416 3751 3496">
    <p class='ocr_par' dir='ltr' id='par_1_59' title="bbox 2168 3416 3751 3496">
     <span class='ocr_line' id='line_1_59' title="bbox 2168 3416 3751 3496; baseline 0.01 -24"><span class='ocrx_word' id='word_1_449' title='bbox 2168 3416 2314 3488; x_wconf 89' lang='lat' dir='ltr'><strong>quod</strong></span> <span class='ocrx_word' id='word_1_450' title='bbox 2344 3416 2597 3476; x_wconf 83' lang='lat' dir='ltr'><strong>Christus</strong></span> <span class='ocrx_word' id='word_1_451' title='bbox 2622 3419 2886 3477; x_wconf 75' lang='lat' dir='ltr'><strong>Dominus</strong></span> <span class='ocrx_word' id='word_1_452' title='bbox 2907 3439 3015 3479; x_wconf 90' lang='lat' dir='ltr'><strong>non</strong></span> <span class='ocrx_word' id='word_1_453' title='bbox 3047 3425 3119 3480; x_wconf 81' lang='lat' dir='ltr'><strong>sit</strong></span> <span class='ocrx_word' id='word_1_454' title='bbox 3142 3427 3370 3496; x_wconf 59' lang='lat' dir='ltr'><strong>aqualis</strong></span> <span class='ocrx_word' id='word_1_455' title='bbox 3397 3427 3581 3485; x_wconf 82' lang='lat' dir='ltr'><strong>Patri?</strong></span> <span class='ocrx_word' id='word_1_456' title='bbox 3610 3431 3751 3488; x_wconf 83' lang='lat' dir='ltr'><strong>Dum</strong></span> 
     </span>
    </p>
   </div>
   <div class='ocr_carea' id='block_1_60' title="bbox 2167 3508 3751 3589">
    <p class='ocr_par' dir='ltr' id='par_1_60' title="bbox 2167 3508 3751 3589">
     <span class='ocr_line' id='line_1_60' title="bbox 2167 3508 3751 3589; baseline 0.011 -28"><span class='ocrx_word' id='word_1_457' title='bbox 2167 3508 2462 3578; x_wconf 83' lang='lat' dir='ltr'><strong>Apostolus</strong></span> <span class='ocrx_word' id='word_1_458' title='bbox 2502 3509 2570 3566; x_wconf 89' lang='lat' dir='ltr'><strong>de</strong></span> <span class='ocrx_word' id='word_1_459' title='bbox 2613 3510 2732 3581; x_wconf 91' lang='lat' dir='ltr'><strong>ipso</strong></span> <span class='ocrx_word' id='word_1_460' title='bbox 2762 3511 3031 3568; x_wconf 77' lang='lat' dir='ltr'><strong>aliirmat:</strong></span> <span class='ocrx_word' id='word_1_461' title='bbox 3071 3515 3176 3580; x_wconf 84' lang='lat' dir='ltr'><strong>Qui</strong></span> <span class='ocrx_word' id='word_1_462' title='bbox 3212 3533 3329 3570; x_wconf 81' lang='lat' dir='ltr'><strong>cum</strong></span> <span class='ocrx_word' id='word_1_463' title='bbox 3360 3521 3415 3571; x_wconf 82' lang='lat' dir='ltr'><strong>in</strong></span> <span class='ocrx_word' id='word_1_464' title='bbox 3445 3520 3618 3589; x_wconf 81' lang='lat' dir='ltr'><strong>forma</strong></span> <span class='ocrx_word' id='word_1_465' title='bbox 3656 3523 3751 3579; x_wconf 79' lang='lat' dir='ltr'><strong>Dei</strong></span> 
     </span>
    </p>
   </div>
   <div class='ocr_carea' id='block_1_61' title="bbox 2165 3602 3753 3681">
    <p class='ocr_par' dir='ltr' id='par_1_61' title="bbox 2165 3602 3753 3681">
     <span class='ocr_line' id='line_1_61' title="bbox 2165 3602 3753 3681; baseline 0.011 -31"><span class='ocrx_word' id='word_1_466' title='bbox 2165 3607 2319 3665; x_wconf 71' lang='lat' dir='ltr'><strong>esset,</strong></span> <span class='ocrx_word' id='word_1_467' title='bbox 2348 3614 2452 3653; x_wconf 84' lang='lat' dir='ltr'><strong>non</strong></span> <span class='ocrx_word' id='word_1_468' title='bbox 2492 3602 2737 3670; x_wconf 76' lang='lat' dir='ltr'><strong>rapinam</strong></span> <span class='ocrx_word' id='word_1_469' title='bbox 2783 3603 3075 3657; x_wconf 71' lang='lat' dir='ltr'><strong>arbitratus</strong></span> <span class='ocrx_word' id='word_1_470' title='bbox 3119 3614 3219 3672; x_wconf 73' lang='lat' dir='ltr'><strong>est,</strong></span> <span class='ocrx_word' id='word_1_471' title='bbox 3249 3622 3303 3661; x_wconf 74' lang='lat' dir='ltr'><strong>se</strong></span> <span class='ocrx_word' id='word_1_472' title='bbox 3346 3623 3456 3663; x_wconf 75' lang='lat' dir='ltr'><strong>esse</strong></span> <span class='ocrx_word' id='word_1_473' title='bbox 3493 3612 3753 3681; x_wconf 75' lang='lat' dir='ltr'><strong>wqualem</strong></span> 
     </span>
    </p>
   </div>
   <div class='ocr_carea' id='block_1_62' title="bbox 2167 3688 3751 3765">
    <p class='ocr_par' dir='ltr' id='par_1_62' title="bbox 2167 3688 3751 3765">
     <span class='ocr_line' id='line_1_62' title="bbox 2167 3688 3751 3765; baseline 0.01 -22"><span class='ocrx_word' id='word_1_474' title='bbox 2167 3688 2277 3744; x_wconf 83' lang='lat' dir='ltr'><strong>Deo</strong></span> <span class='ocrx_word' id='word_1_475' title='bbox 2309 3689 2478 3760; x_wconf 83' lang='lat' dir='ltr'><strong>(Pln&#39;l.</strong></span> <span class='ocrx_word' id='word_1_476' title='bbox 2507 3692 2589 3762; x_wconf 85' lang='grc' dir='ltr'><strong>ιι).</strong></span> <span class='ocrx_word' id='word_1_477' title='bbox 2641 3692 2780 3749; x_wconf 84' lang='lat' dir='ltr'><strong>Ecce</strong></span> <span class='ocrx_word' id='word_1_478' title='bbox 2818 3695 3095 3765; x_wconf 90' lang='lat' dir='ltr'><strong>quomodo</strong></span> <span class='ocrx_word' id='word_1_479' title='bbox 3128 3696 3304 3754; x_wconf 77' lang='lat' dir='ltr'><strong>Filius</strong></span> <span class='ocrx_word' id='word_1_480' title='bbox 3336 3701 3635 3757; x_wconf 76' lang='lat' dir='ltr'><strong>arbitratur</strong></span> <span class='ocrx_word' id='word_1_481' title='bbox 3663 3720 3751 3760; x_wconf 83' lang='lat' dir='ltr'><strong>se-</strong></span> 
     </span>
    </p>
   </div>
   <div class='ocr_carea' id='block_1_63' title="bbox 2167 3778 3752 3865">
    <p class='ocr_par' dir='ltr' id='par_1_63' title="bbox 2167 3778 3752 3865">
     <span class='ocr_line' id='line_1_63' title="bbox 2167 3778 3752 3865; baseline 0.01 -31"><span class='ocrx_word' id='word_1_482' title='bbox 2167 3778 2347 3851; x_wconf 89' lang='lat' dir='ltr'><strong>ipsum</strong></span> <span class='ocrx_word' id='word_1_483' title='bbox 2370 3781 2480 3836; x_wconf 91' lang='lat' dir='ltr'><strong>Deo</strong></span> <span class='ocrx_word' id='word_1_484' title='bbox 2503 3781 2650 3837; x_wconf 86' lang='lat' dir='ltr'><strong>Patri</strong></span> <span class='ocrx_word' id='word_1_485' title='bbox 2680 3785 2964 3854; x_wconf 74' lang='lat' dir='ltr'><strong>aequalem.</strong></span> <span class='ocrx_word' id='word_1_486' title='bbox 2998 3785 3103 3841; x_wconf 87' lang='lat' dir='ltr'><strong>Sed</strong></span> <span class='ocrx_word' id='word_1_487' title='bbox 3132 3787 3445 3860; x_wconf 81' lang='lat' dir='ltr'><strong>quicunque</strong></span> <span class='ocrx_word' id='word_1_488' title='bbox 3472 3792 3605 3847; x_wconf 89' lang='lat' dir='ltr'><strong>dicit</strong></span> <span class='ocrx_word' id='word_1_489' title='bbox 3627 3795 3752 3865; x_wconf 87' lang='lat' dir='ltr'><strong>Spi-</strong></span> 
     </span>
    </p>
   </div>
   <div class='ocr_carea' id='block_1_64' title="bbox 2166 3872 3752 3951">
    <p class='ocr_par' dir='ltr' id='par_1_64' title="bbox 2166 3872 3752 3951">
     <span class='ocr_line' id='line_1_64' title="bbox 2166 3872 3752 3951; baseline 0.009 -26"><span class='ocrx_word' id='word_1_490' title='bbox 2166 3872 2332 3926; x_wconf 82' lang='lat' dir='ltr'><strong>ritum</strong></span> <span class='ocrx_word' id='word_1_491' title='bbox 2380 3885 2630 3928; x_wconf 80' lang='lat' dir='ltr'><strong>sanctum</strong></span> <span class='ocrx_word' id='word_1_492' title='bbox 2662 3890 2770 3929; x_wconf 91' lang='lat' dir='ltr'><strong>non</strong></span> <span class='ocrx_word' id='word_1_493' title='bbox 2806 3877 3098 3946; x_wconf 88' lang='lat' dir='ltr'><strong>procedere</strong></span> <span class='ocrx_word' id='word_1_494' title='bbox 3131 3893 3161 3932; x_wconf 89' lang='lat' dir='ltr'><strong>a</strong></span> <span class='ocrx_word' id='word_1_495' title='bbox 3189 3877 3348 3947; x_wconf 88' lang='lat' dir='ltr'><strong>Filio,</strong></span> <span class='ocrx_word' id='word_1_496' title='bbox 3369 3883 3625 3951; x_wconf 89' lang='lat' dir='ltr'><strong>opinatur</strong></span> <span class='ocrx_word' id='word_1_497' title='bbox 3660 3884 3752 3939; x_wconf 87' lang='lat' dir='ltr'><strong>Fi-</strong></span> 
     </span>
    </p>
   </div>
   <div class='ocr_carea' id='block_1_65' title="bbox 2167 3954 3751 4035">
    <p class='ocr_par' dir='ltr' id='par_1_65' title="bbox 2167 3954 3751 4035">
     <span class='ocr_line' id='line_1_65' title="bbox 2167 3954 3751 4035; baseline 0.009 -19"><span class='ocrx_word' id='word_1_498' title='bbox 2167 3963 2300 4017; x_wconf 92' lang='lat' dir='ltr'><strong>lium</strong></span> <span class='ocrx_word' id='word_1_499' title='bbox 2323 3954 2431 4018; x_wconf 86' lang='lat' dir='ltr'><strong>non</strong></span> <span class='ocrx_word' id='word_1_500' title='bbox 2457 3980 2580 4021; x_wconf 83' lang='lat' dir='ltr'><strong>esse</strong></span> <span class='ocrx_word' id='word_1_501' title='bbox 2604 3965 2867 4035; x_wconf 66' lang='lat' dir='ltr'><strong>aqualem</strong></span> <span class='ocrx_word' id='word_1_502' title='bbox 2898 3966 3065 4022; x_wconf 85' lang='lat' dir='ltr'><strong>Patri.</strong></span> <span class='ocrx_word' id='word_1_503' title='bbox 3097 3966 3385 4035; x_wconf 86' lang='lat' dir='ltr'><strong>Quomodo</strong></span> <span class='ocrx_word' id='word_1_504' title='bbox 3410 3973 3555 4027; x_wconf 88' lang='lat' dir='ltr'><strong>enim</strong></span> <span class='ocrx_word' id='word_1_505' title='bbox 3579 3973 3751 4032; x_wconf 82' lang='lat' dir='ltr'><strong>Filius</strong></span> 
     </span>
    </p>
   </div>
   <div class='ocr_carea' id='block_1_66' title="bbox 2167 4053 3748 4135">
    <p class='ocr_par' dir='ltr' id='par_1_66' title="bbox 2167 4053 3748 4135">
     <span class='ocr_line' id='line_1_66' title="bbox 2167 4053 3748 4135; baseline 0.008 -27"><span class='ocrx_word' id='word_1_506' title='bbox 2167 4053 2313 4109; x_wconf 85' lang='lat' dir='ltr'><strong>Patri</strong></span> <span class='ocrx_word' id='word_1_507' title='bbox 2337 4056 2439 4111; x_wconf 90' lang='lat' dir='ltr'><strong>crit</strong></span> <span class='ocrx_word' id='word_1_508' title='bbox 2465 4057 2710 4126; x_wconf 74' lang='lat' dir='ltr'><strong>mqualis,</strong></span> <span class='ocrx_word' id='word_1_509' title='bbox 2744 4058 2849 4113; x_wconf 84' lang='lat' dir='ltr'><strong>nisi</strong></span> <span class='ocrx_word' id='word_1_510' title='bbox 2873 4060 3136 4130; x_wconf 78' lang='lat' dir='ltr'><strong>aequalem</strong></span> <span class='ocrx_word' id='word_1_511' title='bbox 3168 4076 3292 4115; x_wconf 86' lang='lat' dir='ltr'><strong>cum</strong></span> <span class='ocrx_word' id='word_1_512' title='bbox 3330 4060 3491 4119; x_wconf 85' lang='lat' dir='ltr'><strong>Patre</strong></span> <span class='ocrx_word' id='word_1_513' title='bbox 3519 4065 3748 4135; x_wconf 76' lang='lat' dir='ltr'><strong>gloriam</strong></span> 
     </span>
    </p>
   </div>
   <div class='ocr_carea' id='block_1_67' title="bbox 2166 4148 3751 4223">
    <p class='ocr_par' dir='ltr' id='par_1_67' title="bbox 2166 4148 3751 4223">
     <span class='ocr_line' id='line_1_67' title="bbox 2166 4148 3751 4223; baseline 0.007 -21"><span class='ocrx_word' id='word_1_514' title='bbox 2166 4148 2443 4202; x_wconf 85' lang='lat' dir='ltr'><strong>obtineat?</strong></span> <span class='ocrx_word' id='word_1_515' title='bbox 2473 4148 2656 4203; x_wconf 87' lang='lat' dir='ltr'><strong>Gloria</strong></span> <span class='ocrx_word' id='word_1_516' title='bbox 2695 4149 2839 4203; x_wconf 87' lang='lat' dir='ltr'><strong>enim</strong></span> <span class='ocrx_word' id='word_1_517' title='bbox 2873 4148 3051 4205; x_wconf 84' lang='lat' dir='ltr'><strong>Patris</strong></span> <span class='ocrx_word' id='word_1_518' title='bbox 3087 4160 3191 4218; x_wconf 84' lang='lat' dir='ltr'><strong>est,</strong></span> <span class='ocrx_word' id='word_1_519' title='bbox 3216 4160 3277 4207; x_wconf 91' lang='lat' dir='ltr'><strong>ut</strong></span> <span class='ocrx_word' id='word_1_520' title='bbox 3308 4152 3544 4223; x_wconf 86' lang='lat' dir='ltr'><strong>Spiritus</strong></span> <span class='ocrx_word' id='word_1_521' title='bbox 3572 4156 3751 4213; x_wconf 87' lang='lat' dir='ltr'><strong>Patris</strong></span> 
     </span>
    </p>
   </div>
   <div class='ocr_carea' id='block_1_68' title="bbox 2167 4239 3750 4319">
    <p class='ocr_par' dir='ltr' id='par_1_68' title="bbox 2167 4239 3750 4319">
     <span class='ocr_line' id='line_1_68' title="bbox 2167 4239 3750 4319; baseline 0.007 -25"><span class='ocrx_word' id='word_1_522' title='bbox 2167 4256 2196 4294; x_wconf 76' lang='grc' dir='ltr'>ιι</span> <span class='ocrx_word' id='word_1_523' title='bbox 2222 4239 2402 4306; x_wconf 80' lang='lat' dir='ltr'><strong>Patre,</strong></span> <span class='ocrx_word' id='word_1_524' title='bbox 2432 4249 2486 4295; x_wconf 90' lang='lat' dir='ltr'><strong>et</strong></span> <span class='ocrx_word' id='word_1_525' title='bbox 2512 4257 2540 4295; x_wconf 86' lang='lat' dir='ltr'><strong>a</strong></span> <span class='ocrx_word' id='word_1_526' title='bbox 2573 4241 2709 4295; x_wconf 79' lang='lat' dir='ltr'><strong>Filio</strong></span> <span class='ocrx_word' id='word_1_527' title='bbox 2742 4243 3017 4311; x_wconf 85' lang='lat' dir='ltr'><strong>procedat,</strong></span> <span class='ocrx_word' id='word_1_528' title='bbox 3051 4260 3173 4313; x_wconf 67' lang='lat' dir='ltr'><strong>qua:</strong></span> <span class='ocrx_word' id='word_1_529' title='bbox 3204 4245 3249 4300; x_wconf 88' lang='lat' dir='ltr'><strong>si</strong></span> <span class='ocrx_word' id='word_1_530' title='bbox 3290 4262 3400 4301; x_wconf 91' lang='lat' dir='ltr'><strong>non</strong></span> <span class='ocrx_word' id='word_1_531' title='bbox 3448 4251 3750 4319; x_wconf 85' lang='lat' dir='ltr'><strong>reperiatur</strong></span> 
     </span>
    </p>
   </div>
   <div class='ocr_carea' id='block_1_69' title="bbox 2167 4330 3750 4411">
    <p class='ocr_par' dir='ltr' id='par_1_69' title="bbox 2167 4330 3750 4411">
     <span class='ocr_line' id='line_1_69' title="bbox 2167 4330 3750 4411; baseline 0.008 -26"><span class='ocrx_word' id='word_1_532' title='bbox 2167 4330 2352 4385; x_wconf 89' lang='lat' dir='ltr'><strong>itidem</strong></span> <span class='ocrx_word' id='word_1_533' title='bbox 2381 4331 2434 4385; x_wconf 91' lang='lat' dir='ltr'><strong>in</strong></span> <span class='ocrx_word' id='word_1_534' title='bbox 2463 4330 2621 4396; x_wconf 91' lang='lat' dir='ltr'><strong>Filio,</strong></span> <span class='ocrx_word' id='word_1_535' title='bbox 2653 4341 2713 4386; x_wconf 90' lang='lat' dir='ltr'><strong>ut</strong></span> <span class='ocrx_word' id='word_1_536' title='bbox 2744 4331 2982 4401; x_wconf 81' lang='lat' dir='ltr'><strong>Spiritus</strong></span> <span class='ocrx_word' id='word_1_537' title='bbox 3009 4334 3185 4391; x_wconf 81' lang='lat' dir='ltr'><strong>Patris</strong></span> <span class='ocrx_word' id='word_1_538' title='bbox 3207 4352 3238 4392; x_wconf 89' lang='lat' dir='ltr'><strong>a</strong></span> <span class='ocrx_word' id='word_1_539' title='bbox 3267 4336 3408 4393; x_wconf 89' lang='lat' dir='ltr'><strong>Filio</strong></span> <span class='ocrx_word' id='word_1_540' title='bbox 3427 4340 3590 4395; x_wconf 81' lang='lat' dir='ltr'><strong>etiam</strong></span> <span class='ocrx_word' id='word_1_541' title='bbox 3620 4358 3750 4411; x_wconf 85' lang='lat' dir='ltr'><strong>pro-</strong></span> 
     </span>
    </p>
   </div>
   <div class='ocr_carea' id='block_1_70' title="bbox 2167 4422 3750 4501">
    <p class='ocr_par' dir='ltr' id='par_1_70' title="bbox 2167 4422 3750 4501">
     <span class='ocr_line' id='line_1_70' title="bbox 2167 4422 3750 4501; baseline 0.008 -26"><span class='ocrx_word' id='word_1_542' title='bbox 2167 4422 2347 4488; x_wconf 90' lang='lat' dir='ltr'><strong>cedat,</strong></span> <span class='ocrx_word' id='word_1_543' title='bbox 2374 4431 2559 4493; x_wconf 87' lang='lat' dir='ltr'><strong>aperte</strong></span> <span class='ocrx_word' id='word_1_544' title='bbox 2581 4431 2728 4492; x_wconf 88' lang='lat' dir='ltr'><strong>patet</strong></span> <span class='ocrx_word' id='word_1_545' title='bbox 2759 4424 2904 4493; x_wconf 90' lang='lat' dir='ltr'><strong>quod</strong></span> <span class='ocrx_word' id='word_1_546' title='bbox 2929 4424 3106 4481; x_wconf 85' lang='lat' dir='ltr'><strong>Patris</strong></span> <span class='ocrx_word' id='word_1_547' title='bbox 3131 4428 3302 4498; x_wconf 83' lang='lat' dir='ltr'><strong>gloria</strong></span> <span class='ocrx_word' id='word_1_548' title='bbox 3330 4429 3491 4501; x_wconf 85' lang='lat' dir='ltr'><strong>longe</strong></span> <span class='ocrx_word' id='word_1_549' title='bbox 3512 4439 3598 4487; x_wconf 84' lang='lat' dir='ltr'><strong>est</strong></span> <span class='ocrx_word' id='word_1_550' title='bbox 3631 4449 3750 4487; x_wconf 80' lang='lat' dir='ltr'><strong>ma—</strong></span> 
     </span>
    </p>
   </div>
   <div class='ocr_carea' id='block_1_71' title="bbox 481 4493 2062 4592">
    <p class='ocr_par' dir='ltr' id='par_1_71' title="bbox 481 4498 2058 4576">
     <span class='ocr_line' id='line_1_71' title="bbox 481 4498 2058 4576; baseline -0.003 -22"><span class='ocrx_word' id='word_1_551' title='bbox 481 4504 625 4556; x_wconf 76' lang='grc' dir='ltr'>ἑστιν</span> <span class='ocrx_word' id='word_1_552' title='bbox 654 4503 721 4562; x_wconf 75' lang='grc' dir='ltr'><strong>ὡς</strong></span> <span class='ocrx_word' id='word_1_553' title='bbox 743 4503 835 4554; x_wconf 77' lang='grc' dir='ltr'><strong>οὐκ</strong></span> <span class='ocrx_word' id='word_1_554' title='bbox 861 4500 1008 4555; x_wconf 78' lang='grc' dir='ltr'>ἔστιν</span> <span class='ocrx_word' id='word_1_555' title='bbox 1037 4499 1126 4558; x_wconf 81' lang='grc' dir='ltr'><strong>ἴση</strong></span> <span class='ocrx_word' id='word_1_556' title='bbox 1153 4501 1184 4557; x_wconf 75' lang='grc' dir='ltr'>ἡ</span> <span class='ocrx_word' id='word_1_557' title='bbox 1213 4498 1328 4562; x_wconf 84' lang='grc' dir='ltr'>δόξα</span> <span class='ocrx_word' id='word_1_558' title='bbox 1368 4506 1455 4554; x_wconf 89' lang='grc' dir='ltr'>τοῦ</span> <span class='ocrx_word' id='word_1_559' title='bbox 1479 4500 1664 4576; x_wconf 64' lang='grc' dir='ltr'>Πατρός</span> <span class='ocrx_word' id='word_1_560' title='bbox 1695 4502 1775 4554; x_wconf 76' lang='grc' dir='ltr'><strong>καὶ</strong></span> <span class='ocrx_word' id='word_1_561' title='bbox 1802 4507 1891 4553; x_wconf 85' lang='grc' dir='ltr'>τοῦ</span> <span class='ocrx_word' id='word_1_562' title='bbox 1924 4501 2058 4554; x_wconf 86' lang='grc' dir='ltr'><strong>Υἱοῦ.</strong></span> 
     </span>
    </p>
   </div>
   <div class='ocr_carea' id='block_1_72' title="bbox 2165 4493 3751 4592">
    <p class='ocr_par' dir='ltr' id='par_1_72' title="bbox 2165 4493 3751 4592">
     <span class='ocr_line' id='line_1_72' title="bbox 2165 4493 3751 4592; baseline 0.008 -26"><span class='ocrx_word' id='word_1_563' title='bbox 2165 4514 2252 4583; x_wconf 82' lang='lat' dir='ltr'><strong>jor</strong></span> <span class='ocrx_word' id='word_1_564' title='bbox 2299 4529 2462 4583; x_wconf 86' lang='lat' dir='ltr'><strong>quam</strong></span> <span class='ocrx_word' id='word_1_565' title='bbox 2512 4514 2685 4583; x_wconf 87' lang='lat' dir='ltr'><strong>gloria</strong></span> <span class='ocrx_word' id='word_1_566' title='bbox 2728 4513 2870 4569; x_wconf 87' lang='lat' dir='ltr'><strong>Filii.</strong></span> <span class='ocrx_word' id='word_1_567' title='bbox 2909 4514 2967 4570; x_wconf 90' lang='lat' dir='ltr'><strong>Si</strong></span> <span class='ocrx_word' id='word_1_568' title='bbox 3010 4493 3175 4588; x_wconf 64' lang='lat' dir='ltr'><strong>igitur</strong></span> <span class='ocrx_word' id='word_1_569' title='bbox 3216 4518 3396 4576; x_wconf 84' lang='lat' dir='ltr'><strong>Patris</strong></span> <span class='ocrx_word' id='word_1_570' title='bbox 3427 4493 3612 4592; x_wconf 65' lang='lat' dir='ltr'><strong>gloria</strong></span> <span class='ocrx_word' id='word_1_571' title='bbox 3666 4533 3751 4579; x_wconf 88' lang='lat' dir='ltr'><strong>cst</strong></span> 
     </span>
    </p>
   </div>
   <div class='ocr_carea' id='block_1_73' title="bbox 479 4587 2057 4662">
    <p class='ocr_par' dir='ltr' id='par_1_73' title="bbox 479 4587 2057 4662">
     <span class='ocr_line' id='line_1_73' title="bbox 479 4587 2057 4662; baseline -0.001 -16"><span class='ocrx_word' id='word_1_572' title='bbox 479 4594 592 4647; x_wconf 78' lang='grc' dir='ltr'><strong>Ἐὰν</strong></span> <span class='ocrx_word' id='word_1_573' title='bbox 621 4591 677 4648; x_wconf 71' lang='grc' dir='ltr'><strong>δὲ</strong></span> <span class='ocrx_word' id='word_1_574' title='bbox 706 4599 795 4647; x_wconf 85' lang='grc' dir='ltr'><strong>τοῦ</strong></span> <span class='ocrx_word' id='word_1_575' title='bbox 832 4592 1026 4662; x_wconf 78' lang='grc' dir='ltr'>Πατρός</span> <span class='ocrx_word' id='word_1_576' title='bbox 1049 4593 1133 4645; x_wconf 79' lang='grc' dir='ltr'><strong>καὶ</strong></span> <span class='ocrx_word' id='word_1_577' title='bbox 1165 4597 1255 4645; x_wconf 90' lang='grc' dir='ltr'>τοῦ</span> <span class='ocrx_word' id='word_1_578' title='bbox 1307 4592 1424 4645; x_wconf 80' lang='grc' dir='ltr'><strong>Υέοῦ</strong></span> <span class='ocrx_word' id='word_1_579' title='bbox 1454 4592 1547 4644; x_wconf 83' lang='grc' dir='ltr'><strong>οὐκ</strong></span> <span class='ocrx_word' id='word_1_580' title='bbox 1576 4589 1607 4643; x_wconf 74' lang='grc' dir='ltr'><em>ἴ</em></span> <span class='ocrx_word' id='word_1_581' title='bbox 1610 4611 1724 4644; x_wconf 87' lang='grc' dir='ltr'>στιν</span> <span class='ocrx_word' id='word_1_582' title='bbox 1748 4587 1833 4648; x_wconf 77' lang='grc' dir='ltr'><strong>ἴση</strong></span> <span class='ocrx_word' id='word_1_583' title='bbox 1858 4592 1888 4648; x_wconf 77' lang='grc' dir='ltr'>ἡ</span> <span class='ocrx_word' id='word_1_584' title='bbox 1922 4587 2057 4654; x_wconf 77' lang='grc' dir='ltr'>δόξα,</span> 
     </span>
    </p>
   </div>
   <div class='ocr_carea' id='block_1_74' title="bbox 478 4679 2063 4751">
    <p class='ocr_par' dir='ltr' id='par_1_74' title="bbox 478 4679 2063 4751">
     <span class='ocr_line' id='line_1_74' title="bbox 478 4679 2063 4751; baseline -0.003 -13"><span class='ocrx_word' id='word_1_585' title='bbox 478 4684 594 4739; x_wconf 80' lang='grc' dir='ltr'><strong>οὐδὲ</strong></span> <span class='ocrx_word' id='word_1_586' title='bbox 624 4688 654 4744; x_wconf 80' lang='grc' dir='ltr'>ἡ</span> <span class='ocrx_word' id='word_1_587' title='bbox 682 4687 896 4750; x_wconf 72' lang='grc' dir='ltr'><strong>ἐξουσία</strong></span> <span class='ocrx_word' id='word_1_588' title='bbox 927 4681 1036 4749; x_wconf 83' lang='grc' dir='ltr'><strong>ἴση,</strong></span> <span class='ocrx_word' id='word_1_589' title='bbox 1073 4680 1189 4737; x_wconf 72' lang='grc' dir='ltr'><strong>οὐδὲ</strong></span> <span class='ocrx_word' id='word_1_590' title='bbox 1234 4684 1265 4739; x_wconf 78' lang='grc' dir='ltr'>ἡ</span> <span class='ocrx_word' id='word_1_591' title='bbox 1305 4683 1478 4743; x_wconf 82' lang='grc' dir='ltr'>θεότης</span> <span class='ocrx_word' id='word_1_592' title='bbox 1527 4684 1638 4751; x_wconf 83' lang='grc' dir='ltr'><strong>μία.</strong></span> <span class='ocrx_word' id='word_1_593' title='bbox 1679 4679 1795 4736; x_wconf 73' lang='grc' dir='ltr'><strong>οὐδὲ</strong></span> <span class='ocrx_word' id='word_1_594' title='bbox 1826 4683 1857 4737; x_wconf 71' lang='grc' dir='ltr'><strong>ἦ</strong></span> <span class='ocrx_word' id='word_1_595' title='bbox 1906 4700 2063 4751; x_wconf 73' lang='grc' dir='ltr'><strong>μεγα-</strong></span> 
     </span>
    </p>
   </div>
   <div class='ocr_carea' id='block_1_75' title="bbox 476 4777 687 4837">
    <p class='ocr_par' dir='ltr' id='par_1_75' title="bbox 476 4777 687 4837">
     <span class='ocr_line' id='line_1_75' title="bbox 476 4777 687 4837; baseline 0 -8"><span class='ocrx_word' id='word_1_596' title='bbox 476 4777 687 4837; x_wconf 79' lang='grc' dir='ltr'>λιιότης.</span> 
     </span>
    </p>
   </div>
   <div class='ocr_carea' id='block_1_76' title="bbox 550 4954 2058 5033">
    <p class='ocr_par' dir='ltr' id='par_1_76' title="bbox 550 4954 2058 5033">
     <span class='ocr_line' id='line_1_76' title="bbox 550 4954 2058 5033; baseline -0.003 -20"><span class='ocrx_word' id='word_1_597' title='bbox 550 4956 620 5033; x_wconf 80' lang='grc' dir='ltr'><strong>β’.</strong></span> <span class='ocrx_word' id='word_1_598' title='bbox 639 4954 788 5012; x_wconf 80' lang='grc' dir='ltr'><strong>’Δλλά</strong></span> <span class='ocrx_word' id='word_1_599' title='bbox 803 4963 933 5018; x_wconf 82' lang='grc' dir='ltr'><strong>τίνος</strong></span> <span class='ocrx_word' id='word_1_600' title='bbox 950 4959 1108 5012; x_wconf 80' lang='grc' dir='ltr'><strong>ἕνεκεν</strong></span> <span class='ocrx_word' id='word_1_601' title='bbox 1130 4959 1186 5011; x_wconf 81' lang='grc' dir='ltr'><strong>οῦ</strong></span> <span class='ocrx_word' id='word_1_602' title='bbox 1213 4955 1409 5011; x_wconf 79' lang='grc' dir='ltr'>δίδοται</span> <span class='ocrx_word' id='word_1_603' title='bbox 1429 4964 1499 5022; x_wconf 81' lang='grc' dir='ltr'><strong>τῷ</strong></span> <span class='ocrx_word' id='word_1_604' title='bbox 1516 4958 1614 5027; x_wconf 82' lang='grc' dir='ltr'><strong>Υἰῷ</strong></span> <span class='ocrx_word' id='word_1_605' title='bbox 1638 4961 1729 5009; x_wconf 89' lang='grc' dir='ltr'>τοῦ</span> <span class='ocrx_word' id='word_1_606' title='bbox 1754 4961 1904 5019; x_wconf 73' lang='grc' dir='ltr'><strong>Θεοῦ,</strong></span> <span class='ocrx_word' id='word_1_607' title='bbox 1921 4954 2058 5016; x_wconf 80' lang='grc' dir='ltr'><strong>ὅπως</strong></span> 
     </span>
    </p>
   </div>
   <div class='ocr_carea' id='block_1_77' title="bbox 478 5053 2061 5127">
    <p class='ocr_par' dir='ltr' id='par_1_77' title="bbox 478 5053 2061 5127">
     <span class='ocr_line' id='line_1_77' title="bbox 478 5053 2061 5127; baseline -0.001 -17"><span class='ocrx_word' id='word_1_608' title='bbox 478 5056 537 5110; x_wconf 76' lang='grc' dir='ltr'>τὸ</span> <span class='ocrx_word' id='word_1_609' title='bbox 562 5061 760 5126; x_wconf 80' lang='grc' dir='ltr'><strong>Πνεῦμα</strong></span> <span class='ocrx_word' id='word_1_610' title='bbox 784 5056 939 5109; x_wconf 78' lang='grc' dir='ltr'>αὐτοῦ</span> <span class='ocrx_word' id='word_1_611' title='bbox 967 5057 1243 5127; x_wconf 78' lang='grc' dir='ltr'><strong>ἐκπορευοῇ</strong></span> <span class='ocrx_word' id='word_1_612' title='bbox 1266 5055 1316 5116; x_wconf 82' lang='grc' dir='ltr'><strong>ἐξ</strong></span> <span class='ocrx_word' id='word_1_613' title='bbox 1344 5057 1517 5115; x_wconf 81' lang='grc' dir='ltr'>αὐτοῦ,</span> <span class='ocrx_word' id='word_1_614' title='bbox 1542 5055 1590 5106; x_wconf 83' lang='grc' dir='ltr'><strong>ἐν</strong></span> <span class='ocrx_word' id='word_1_615' title='bbox 1615 5061 1686 5124; x_wconf 81' lang='grc' dir='ltr'>τῷ</span> <span class='ocrx_word' id='word_1_616' title='bbox 1712 5053 2061 5125; x_wconf 71' lang='grc' dir='ltr'><strong>ὁμολογεῖσθαι</strong></span> 
     </span>
    </p>
   </div>
   <div class='ocr_carea' id='block_1_78' title="bbox 479 5142 2061 5215">
    <p class='ocr_par' dir='ltr' id='par_1_78' title="bbox 479 5142 2061 5215">
     <span class='ocr_line' id='line_1_78' title="bbox 479 5142 2061 5215; baseline 0.001 -16"><span class='ocrx_word' id='word_1_617' title='bbox 479 5147 539 5199; x_wconf 84' lang='grc' dir='ltr'><strong>τό</strong></span> <span class='ocrx_word' id='word_1_618' title='bbox 563 5151 755 5215; x_wconf 82' lang='grc' dir='ltr'><strong>Πνεῦμα</strong></span> <span class='ocrx_word' id='word_1_619' title='bbox 771 5145 891 5214; x_wconf 81' lang='grc' dir='ltr'>παρ’</span> <span class='ocrx_word' id='word_1_620' title='bbox 908 5146 1060 5199; x_wconf 75' lang='grc' dir='ltr'>αὐτοῦ</span> <span class='ocrx_word' id='word_1_621' title='bbox 1081 5146 1377 5198; x_wconf 70' lang='grc' dir='ltr'>στέλλεσθαι</span> <span class='ocrx_word' id='word_1_622' title='bbox 1400 5147 1483 5197; x_wconf 84' lang='grc' dir='ltr'><strong>καὶ</strong></span> <span class='ocrx_word' id='word_1_623' title='bbox 1504 5142 1759 5207; x_wconf 78' lang='grc' dir='ltr'><strong>δίδοσθαι;</strong></span> <span class='ocrx_word' id='word_1_624' title='bbox 1782 5145 1846 5198; x_wconf 88' lang='grc' dir='ltr'>Τό</span> <span class='ocrx_word' id='word_1_625' title='bbox 1862 5152 2061 5215; x_wconf 83' lang='grc' dir='ltr'><strong>Πνεῦμα</strong></span> 
     </span>
    </p>
   </div>
   <div class='ocr_carea' id='block_1_79' title="bbox 479 5233 2058 5305">
    <p class='ocr_par' dir='ltr' id='par_1_79' title="bbox 479 5233 2058 5305">
     <span class='ocr_line' id='line_1_79' title="bbox 479 5233 2058 5305; baseline 0.001 -18"><span class='ocrx_word' id='word_1_626' title='bbox 479 5237 646 5288; x_wconf 79' lang='grc' dir='ltr'><strong>τοίνυν</strong></span> <span class='ocrx_word' id='word_1_627' title='bbox 673 5236 729 5288; x_wconf 89' lang='grc' dir='ltr'>τὸ</span> <span class='ocrx_word' id='word_1_628' title='bbox 765 5233 921 5305; x_wconf 75' lang='grc' dir='ltr'><strong>ἅγιον,</strong></span> <span class='ocrx_word' id='word_1_629' title='bbox 962 5241 1163 5305; x_wconf 83' lang='grc' dir='ltr'><strong>Πνεῦμα</strong></span> <span class='ocrx_word' id='word_1_630' title='bbox 1196 5238 1288 5285; x_wconf 88' lang='grc' dir='ltr'>τοῦ</span> <span class='ocrx_word' id='word_1_631' title='bbox 1334 5236 1450 5287; x_wconf 81' lang='grc' dir='ltr'><strong>Υἰοῦ</strong></span> <span class='ocrx_word' id='word_1_632' title='bbox 1501 5235 1630 5295; x_wconf 83' lang='grc' dir='ltr'>ἐστι,</span> <span class='ocrx_word' id='word_1_633' title='bbox 1684 5238 1762 5288; x_wconf 80' lang='grc' dir='ltr'><strong>καὶ</strong></span> <span class='ocrx_word' id='word_1_634' title='bbox 1795 5236 2058 5295; x_wconf 75' lang='grc' dir='ltr'>ἀποστολὴ</span> 
     </span>
    </p>
   </div>
   <div class='ocr_carea' id='block_1_80' title="bbox 479 5325 2060 5398">
    <p class='ocr_par' dir='ltr' id='par_1_80' title="bbox 479 5325 2060 5398">
     <span class='ocr_line' id='line_1_80' title="bbox 479 5325 2060 5398; baseline -0.002 -16"><span class='ocrx_word' id='word_1_635' title='bbox 479 5331 574 5382; x_wconf 87' lang='grc' dir='ltr'>τοῦ</span> <span class='ocrx_word' id='word_1_636' title='bbox 615 5325 760 5390; x_wconf 84' lang='grc' dir='ltr'><strong>Υἶοῦ,</strong></span> <span class='ocrx_word' id='word_1_637' title='bbox 812 5328 896 5379; x_wconf 81' lang='grc' dir='ltr'><strong>καὶ</strong></span> <span class='ocrx_word' id='word_1_638' title='bbox 951 5328 1187 5398; x_wconf 78' lang='grc' dir='ltr'>χάρισμα</span> <span class='ocrx_word' id='word_1_639' title='bbox 1230 5330 1317 5377; x_wconf 78' lang='grc' dir='ltr'>τοῦ</span> <span class='ocrx_word' id='word_1_640' title='bbox 1364 5326 1506 5388; x_wconf 79' lang='grc' dir='ltr'><strong>Υἱοῦ,</strong></span> <span class='ocrx_word' id='word_1_641' title='bbox 1557 5326 1777 5396; x_wconf 71' lang='grc' dir='ltr'>καθάπερ</span> <span class='ocrx_word' id='word_1_642' title='bbox 1835 5326 1948 5381; x_wconf 77' lang='grc' dir='ltr'>ἐστὶ</span> <span class='ocrx_word' id='word_1_643' title='bbox 2003 5328 2060 5380; x_wconf 88' lang='grc' dir='ltr'>τὸ</span> 
     </span>
    </p>
   </div>
   <div class='ocr_carea' id='block_1_81' title="bbox 478 5416 2059 5493">
    <p class='ocr_par' dir='ltr' id='par_1_81' title="bbox 478 5416 2059 5493">
     <span class='ocr_line' id='line_1_81' title="bbox 478 5416 2059 5493; baseline 0.003 -24"><span class='ocrx_word' id='word_1_644' title='bbox 478 5425 677 5489; x_wconf 80' lang='grc' dir='ltr'><strong>Πνεῦμα</strong></span> <span class='ocrx_word' id='word_1_645' title='bbox 702 5424 791 5473; x_wconf 90' lang='grc' dir='ltr'>τοῦ</span> <span class='ocrx_word' id='word_1_646' title='bbox 821 5420 1017 5493; x_wconf 78' lang='grc' dir='ltr'>Πατρός</span> <span class='ocrx_word' id='word_1_647' title='bbox 1067 5419 1150 5469; x_wconf 84' lang='grc' dir='ltr'><strong>καὶ</strong></span> <span class='ocrx_word' id='word_1_648' title='bbox 1178 5416 1442 5475; x_wconf 72' lang='grc' dir='ltr'>ἀποστολὴ</span> <span class='ocrx_word' id='word_1_649' title='bbox 1475 5422 1566 5471; x_wconf 89' lang='grc' dir='ltr'>τοῦ</span> <span class='ocrx_word' id='word_1_650' title='bbox 1593 5419 1805 5490; x_wconf 81' lang='grc' dir='ltr'>Πατρός,</span> <span class='ocrx_word' id='word_1_651' title='bbox 1842 5422 1924 5473; x_wconf 78' lang='grc' dir='ltr'><strong>καὶ</strong></span> <span class='ocrx_word' id='word_1_652' title='bbox 1958 5420 2059 5488; x_wconf 83' lang='grc' dir='ltr'><strong>χά·</strong></span> 
     </span>
    </p>
   </div>
   <div class='ocr_carea' id='block_1_82' title="bbox 478 5506 2061 5583">
    <p class='ocr_par' dir='ltr' id='par_1_82' title="bbox 478 5506 2061 5583">
     <span class='ocr_line' id='line_1_82' title="bbox 478 5506 2061 5583; baseline -0.001 -20"><span class='ocrx_word' id='word_1_653' title='bbox 478 5529 642 5583; x_wconf 79' lang='grc' dir='ltr'><strong>ρισμα</strong></span> <span class='ocrx_word' id='word_1_654' title='bbox 677 5514 768 5562; x_wconf 86' lang='grc' dir='ltr'>τοῦ</span> <span class='ocrx_word' id='word_1_655' title='bbox 797 5514 1007 5583; x_wconf 79' lang='grc' dir='ltr'>Πατρός.</span> <span class='ocrx_word' id='word_1_656' title='bbox 1041 5509 1169 5580; x_wconf 79' lang='grc' dir='ltr'>Πρός</span> <span class='ocrx_word' id='word_1_657' title='bbox 1205 5506 1498 5566; x_wconf 67' lang='grc' dir='ltr'>τελειότητα</span> <span class='ocrx_word' id='word_1_658' title='bbox 1540 5513 1662 5577; x_wconf 71' lang='grc' dir='ltr'><strong>γοῦν</strong></span> <span class='ocrx_word' id='word_1_659' title='bbox 1708 5516 1799 5569; x_wconf 74' lang='grc' dir='ltr'><strong>τῆς</strong></span> <span class='ocrx_word' id='word_1_660' title='bbox 1837 5511 2061 5569; x_wconf 76' lang='grc' dir='ltr'><strong>πίστεως</strong></span> 
     </span>
    </p>
   </div>
   <div class='ocr_carea' id='block_1_83' title="bbox 483 5597 2058 5673">
    <p class='ocr_par' dir='ltr' id='par_1_83' title="bbox 483 5597 2058 5673">
     <span class='ocr_line' id='line_1_83' title="bbox 483 5597 2058 5673; baseline 0.002 -19"><span class='ocrx_word' id='word_1_661' title='bbox 483 5601 767 5672; x_wconf 75' lang='grc' dir='ltr'><strong>ἐνδέχεται,</strong></span> <span class='ocrx_word' id='word_1_662' title='bbox 815 5601 900 5653; x_wconf 84' lang='grc' dir='ltr'><strong>ἶνα</strong></span> <span class='ocrx_word' id='word_1_663' title='bbox 950 5597 1097 5659; x_wconf 79' lang='grc' dir='ltr'>ὅστις</span> <span class='ocrx_word' id='word_1_664' title='bbox 1124 5601 1356 5654; x_wconf 78' lang='grc' dir='ltr'><strong>πιστεύει</strong></span> <span class='ocrx_word' id='word_1_665' title='bbox 1390 5599 1471 5653; x_wconf 85' lang='grc' dir='ltr'><strong>ὅτι</strong></span> <span class='ocrx_word' id='word_1_666' title='bbox 1496 5602 1555 5654; x_wconf 88' lang='grc' dir='ltr'><strong>τό</strong></span> <span class='ocrx_word' id='word_1_667' title='bbox 1591 5607 1789 5673; x_wconf 85' lang='grc' dir='ltr'><strong>Πνεῦμα</strong></span> <span class='ocrx_word' id='word_1_668' title='bbox 1837 5608 1929 5656; x_wconf 90' lang='grc' dir='ltr'>τοῦ</span> <span class='ocrx_word' id='word_1_669' title='bbox 1956 5613 2058 5657; x_wconf 90' lang='grc' dir='ltr'><strong>Πα-</strong></span> 
     </span>
    </p>
   </div>
   <div class='ocr_carea' id='block_1_84' title="bbox 482 5689 2060 5767">
    <p class='ocr_par' dir='ltr' id='par_1_84' title="bbox 482 5689 2060 5767">
     <span class='ocr_line' id='line_1_84' title="bbox 482 5689 2060 5767; baseline 0.003 -22"><span class='ocrx_word' id='word_1_670' title='bbox 482 5694 603 5767; x_wconf 79' lang='grc' dir='ltr'>τρός</span> <span class='ocrx_word' id='word_1_671' title='bbox 631 5695 825 5746; x_wconf 80' lang='grc' dir='ltr'>καὶτοῦ</span> <span class='ocrx_word' id='word_1_672' title='bbox 864 5691 978 5746; x_wconf 82' lang='grc' dir='ltr'><strong>Υἱοῦ</strong></span> <span class='ocrx_word' id='word_1_673' title='bbox 1008 5689 1057 5754; x_wconf 85' lang='grc' dir='ltr'><strong>ἐξ</strong></span> <span class='ocrx_word' id='word_1_674' title='bbox 1102 5691 1393 5766; x_wconf 49' lang='grc' dir='ltr'><strong>ἀμῗοτὲρων</strong></span> <span class='ocrx_word' id='word_1_675' title='bbox 1436 5692 1617 5752; x_wconf 76' lang='grc' dir='ltr'><strong>ἐπίσης</strong></span> <span class='ocrx_word' id='word_1_676' title='bbox 1655 5692 1913 5753; x_wconf 80' lang='grc' dir='ltr'>στέλλεται</span> <span class='ocrx_word' id='word_1_677' title='bbox 1974 5697 2060 5750; x_wconf 78' lang='grc' dir='ltr'><strong>καὶ</strong></span> 
     </span>
    </p>
   </div>
   <div class='ocr_carea' id='block_1_85' title="bbox 2167 4604 3747 4684">
    <p class='ocr_par' dir='ltr' id='par_1_85' title="bbox 2167 4604 3747 4684">
     <span class='ocr_line' id='line_1_85' title="bbox 2167 4604 3747 4684; baseline 0.008 -26"><span class='ocrx_word' id='word_1_678' title='bbox 2167 4605 2363 4675; x_wconf 87' lang='lat' dir='ltr'><strong>major,</strong></span> <span class='ocrx_word' id='word_1_679' title='bbox 2389 4614 2442 4660; x_wconf 88' lang='lat' dir='ltr'><strong>et</strong></span> <span class='ocrx_word' id='word_1_680' title='bbox 2471 4604 2596 4663; x_wconf 82' lang='lat' dir='ltr'><strong>Filii</strong></span> <span class='ocrx_word' id='word_1_681' title='bbox 2625 4606 2795 4675; x_wconf 85' lang='lat' dir='ltr'><strong>gloria</strong></span> <span class='ocrx_word' id='word_1_682' title='bbox 2837 4609 3037 4671; x_wconf 88' lang='lat' dir='ltr'><strong>minor.</strong></span> <span class='ocrx_word' id='word_1_683' title='bbox 3077 4611 3265 4681; x_wconf 87' lang='lat' dir='ltr'><strong>utique</strong></span> <span class='ocrx_word' id='word_1_684' title='bbox 3287 4622 3431 4682; x_wconf 85' lang='lat' dir='ltr'><strong>patet</strong></span> <span class='ocrx_word' id='word_1_685' title='bbox 3458 4616 3603 4684; x_wconf 90' lang='lat' dir='ltr'><strong>quod</strong></span> <span class='ocrx_word' id='word_1_686' title='bbox 3638 4633 3747 4672; x_wconf 90' lang='lat' dir='ltr'><strong>non</strong></span> 
     </span>
    </p>
   </div>
   <div class='ocr_carea' id='block_1_86' title="bbox 2167 4696 3751 4767">
    <p class='ocr_par' dir='ltr' id='par_1_86' title="bbox 2167 4696 3751 4767">
     <span class='ocr_line' id='line_1_86' title="bbox 2167 4696 3751 4767; baseline 0.007 -16"><span class='ocrx_word' id='word_1_687' title='bbox 2167 4697 2239 4751; x_wconf 89' lang='lat' dir='ltr'><strong>sit</strong></span> <span class='ocrx_word' id='word_1_688' title='bbox 2264 4697 2490 4767; x_wconf 51' lang='lat' dir='ltr'><strong>aqualis</strong></span> <span class='ocrx_word' id='word_1_689' title='bbox 2520 4697 2691 4767; x_wconf 84' lang='lat' dir='ltr'><strong>gloria</strong></span> <span class='ocrx_word' id='word_1_690' title='bbox 2723 4696 2901 4754; x_wconf 86' lang='lat' dir='ltr'><strong>Patris</strong></span> <span class='ocrx_word' id='word_1_691' title='bbox 2941 4709 2995 4755; x_wconf 89' lang='lat' dir='ltr'><strong>et</strong></span> <span class='ocrx_word' id='word_1_692' title='bbox 3029 4700 3172 4755; x_wconf 88' lang='lat' dir='ltr'><strong>Filii.</strong></span> <span class='ocrx_word' id='word_1_693' title='bbox 3209 4701 3266 4756; x_wconf 89' lang='lat' dir='ltr'><strong>Si</strong></span> <span class='ocrx_word' id='word_1_694' title='bbox 3304 4719 3436 4759; x_wconf 79' lang='lat' dir='ltr'><strong>vero</strong></span> <span class='ocrx_word' id='word_1_695' title='bbox 3474 4704 3651 4760; x_wconf 87' lang='lat' dir='ltr'><strong>Patris</strong></span> <span class='ocrx_word' id='word_1_696' title='bbox 3694 4717 3751 4762; x_wconf 83' lang='lat' dir='ltr'><strong>et</strong></span> 
     </span>
    </p>
   </div>
   <div class='ocr_carea' id='block_1_87' title="bbox 2165 4787 3748 4866">
    <p class='ocr_par' dir='ltr' id='par_1_87' title="bbox 2165 4787 3748 4866">
     <span class='ocr_line' id='line_1_87' title="bbox 2165 4787 3748 4866; baseline 0.008 -26"><span class='ocrx_word' id='word_1_697' title='bbox 2165 4787 2289 4841; x_wconf 85' lang='lat' dir='ltr'><strong>Filii</strong></span> <span class='ocrx_word' id='word_1_698' title='bbox 2330 4804 2439 4843; x_wconf 91' lang='lat' dir='ltr'><strong>non</strong></span> <span class='ocrx_word' id='word_1_699' title='bbox 2481 4796 2567 4842; x_wconf 89' lang='lat' dir='ltr'><strong>est</strong></span> <span class='ocrx_word' id='word_1_700' title='bbox 2604 4789 2830 4858; x_wconf 68' lang='lat' dir='ltr'><strong>mqualis</strong></span> <span class='ocrx_word' id='word_1_701' title='bbox 2862 4790 3054 4860; x_wconf 86' lang='lat' dir='ltr'><strong>gloria,</strong></span> <span class='ocrx_word' id='word_1_702' title='bbox 3100 4807 3210 4846; x_wconf 91' lang='lat' dir='ltr'><strong>non</strong></span> <span class='ocrx_word' id='word_1_703' title='bbox 3243 4793 3349 4848; x_wconf 88' lang='lat' dir='ltr'><strong>erit</strong></span> <span class='ocrx_word' id='word_1_704' title='bbox 3389 4796 3616 4864; x_wconf 68' lang='lat' dir='ltr'><strong>aequalis</strong></span> <span class='ocrx_word' id='word_1_705' title='bbox 3646 4812 3748 4866; x_wconf 87' lang='lat' dir='ltr'><strong>po-</strong></span> 
     </span>
    </p>
   </div>
   <div class='ocr_carea' id='block_1_88' title="bbox 2166 4879 3416 4950">
    <p class='ocr_par' dir='ltr' id='par_1_88' title="bbox 2166 4879 3416 4950">
     <span class='ocr_line' id='line_1_88' title="bbox 2166 4879 3416 4950; baseline 0.004 -18"><span class='ocrx_word' id='word_1_706' title='bbox 2166 4887 2358 4942; x_wconf 85' lang='lat' dir='ltr'><strong>testas,</strong></span> <span class='ocrx_word' id='word_1_707' title='bbox 2390 4895 2489 4933; x_wconf 89' lang='lat' dir='ltr'><strong>nec</strong></span> <span class='ocrx_word' id='word_1_708' title='bbox 2514 4894 2621 4932; x_wconf 91' lang='lat' dir='ltr'><strong>una</strong></span> <span class='ocrx_word' id='word_1_709' title='bbox 2648 4879 2841 4944; x_wconf 85' lang='lat' dir='ltr'><strong>dcitas,</strong></span> <span class='ocrx_word' id='word_1_710' title='bbox 2872 4895 2973 4934; x_wconf 90' lang='lat' dir='ltr'><strong>nec</strong></span> <span class='ocrx_word' id='word_1_711' title='bbox 3002 4896 3107 4935; x_wconf 84' lang='lat' dir='ltr'><strong>una</strong></span> <span class='ocrx_word' id='word_1_712' title='bbox 3137 4881 3416 4950; x_wconf 71' lang='lat' dir='ltr'><strong>maiestas.</strong></span> 
     </span>
    </p>
   </div>
   <div class='ocr_carea' id='block_1_89' title="bbox 2237 4969 3750 5038">
    <p class='ocr_par' dir='ltr' id='par_1_89' title="bbox 2237 4969 3750 5038">
     <span class='ocr_line' id='line_1_89' title="bbox 2237 4969 3750 5038; baseline 0.004 -15"><span class='ocrx_word' id='word_1_713' title='bbox 2237 4969 2291 5023; x_wconf 73' lang='lat'><strong>2.</strong></span> <span class='ocrx_word' id='word_1_714' title='bbox 2338 4969 2439 5024; x_wconf 85' lang='lat' dir='ltr'><strong>Sed</strong></span> <span class='ocrx_word' id='word_1_715' title='bbox 2469 4985 2705 5038; x_wconf 87' lang='lat' dir='ltr'><strong>quanam</strong></span> <span class='ocrx_word' id='word_1_716' title='bbox 2744 4971 2811 5024; x_wconf 91' lang='lat' dir='ltr'><strong>de</strong></span> <span class='ocrx_word' id='word_1_717' title='bbox 2852 4987 3018 5025; x_wconf 83' lang='lat' dir='ltr'><strong>causa</strong></span> <span class='ocrx_word' id='word_1_718' title='bbox 3049 4987 3156 5025; x_wconf 90' lang='lat' dir='ltr'><strong>non</strong></span> <span class='ocrx_word' id='word_1_719' title='bbox 3188 4973 3348 5026; x_wconf 89' lang='lat' dir='ltr'><strong>datur</strong></span> <span class='ocrx_word' id='word_1_720' title='bbox 3376 4973 3514 5028; x_wconf 89' lang='lat' dir='ltr'><strong>Filio</strong></span> <span class='ocrx_word' id='word_1_721' title='bbox 3560 4973 3651 5028; x_wconf 85' lang='lat' dir='ltr'><strong>Dei</strong></span> <span class='ocrx_word' id='word_1_722' title='bbox 3692 4986 3750 5029; x_wconf 91' lang='lat' dir='ltr'><strong>ut</strong></span> 
     </span>
    </p>
   </div>
   <div class='ocr_carea' id='block_1_90' title="bbox 2169 5056 3750 5133">
    <p class='ocr_par' dir='ltr' id='par_1_90' title="bbox 2169 5056 3750 5133">
     <span class='ocr_line' id='line_1_90' title="bbox 2169 5056 3750 5133; baseline 0.004 -20"><span class='ocrx_word' id='word_1_723' title='bbox 2169 5074 2303 5113; x_wconf 88' lang='lat' dir='ltr'><strong>suus</strong></span> <span class='ocrx_word' id='word_1_724' title='bbox 2353 5056 2590 5127; x_wconf 85' lang='lat' dir='ltr'><strong>Spiritus</strong></span> <span class='ocrx_word' id='word_1_725' title='bbox 2638 5059 2708 5113; x_wconf 88' lang='lat' dir='ltr'><strong>ab</strong></span> <span class='ocrx_word' id='word_1_726' title='bbox 2758 5059 2877 5128; x_wconf 91' lang='lat' dir='ltr'><strong>ipso</strong></span> <span class='ocrx_word' id='word_1_727' title='bbox 2916 5061 3196 5133; x_wconf 82' lang='lat' dir='ltr'><strong>procedat,</strong></span> <span class='ocrx_word' id='word_1_728' title='bbox 3246 5063 3375 5117; x_wconf 87' lang='lat' dir='ltr'><strong>dum</strong></span> <span class='ocrx_word' id='word_1_729' title='bbox 3420 5064 3750 5121; x_wconf 81' lang='lat' dir='ltr'><strong>conﬁtemur</strong></span> 
     </span>
    </p>
   </div>
   <div class='ocr_carea' id='block_1_91' title="bbox 2168 5149 3751 5223">
    <p class='ocr_par' dir='ltr' id='par_1_91' title="bbox 2168 5149 3751 5223">
     <span class='ocr_line' id='line_1_91' title="bbox 2168 5149 3751 5223; baseline 0.003 -20"><span class='ocrx_word' id='word_1_730' title='bbox 2168 5149 2429 5219; x_wconf 88' lang='lat' dir='ltr'><strong>Spiritum</strong></span> <span class='ocrx_word' id='word_1_731' title='bbox 2476 5158 2727 5205; x_wconf 88' lang='lat' dir='ltr'><strong>sanctum</strong></span> <span class='ocrx_word' id='word_1_732' title='bbox 2772 5150 2841 5204; x_wconf 89' lang='lat' dir='ltr'><strong>ab</strong></span> <span class='ocrx_word' id='word_1_733' title='bbox 2881 5150 2999 5219; x_wconf 89' lang='lat' dir='ltr'><strong>ipso</strong></span> <span class='ocrx_word' id='word_1_734' title='bbox 3039 5151 3203 5218; x_wconf 86' lang='lat' dir='ltr'><strong>mitti,</strong></span> <span class='ocrx_word' id='word_1_735' title='bbox 3235 5160 3290 5206; x_wconf 90' lang='lat' dir='ltr'><strong>et</strong></span> <span class='ocrx_word' id='word_1_736' title='bbox 3334 5153 3404 5208; x_wconf 87' lang='lat' dir='ltr'><strong>ab</strong></span> <span class='ocrx_word' id='word_1_737' title='bbox 3434 5153 3552 5223; x_wconf 91' lang='lat' dir='ltr'><strong>ipso</strong></span> <span class='ocrx_word' id='word_1_738' title='bbox 3596 5155 3751 5208; x_wconf 87' lang='lat' dir='ltr'><strong>dari?</strong></span> 
     </span>
    </p>
   </div>
   <div class='ocr_carea' id='block_1_92' title="bbox 2170 5239 3749 5310">
    <p class='ocr_par' dir='ltr' id='par_1_92' title="bbox 2170 5239 3749 5310">
     <span class='ocr_line' id='line_1_92' title="bbox 2170 5239 3749 5310; baseline 0.003 -16"><span class='ocrx_word' id='word_1_739' title='bbox 2170 5239 2406 5310; x_wconf 91' lang='lat' dir='ltr'><strong>Spiritus</strong></span> <span class='ocrx_word' id='word_1_740' title='bbox 2430 5241 2613 5310; x_wconf 87' lang='lat' dir='ltr'><strong>itaque</strong></span> <span class='ocrx_word' id='word_1_741' title='bbox 2644 5250 2887 5307; x_wconf 80' lang='lat' dir='ltr'><strong>sanctus,</strong></span> <span class='ocrx_word' id='word_1_742' title='bbox 2918 5239 3155 5310; x_wconf 88' lang='lat' dir='ltr'><strong>Spiritus</strong></span> <span class='ocrx_word' id='word_1_743' title='bbox 3180 5241 3298 5296; x_wconf 88' lang='lat' dir='ltr'><strong>Filii</strong></span> <span class='ocrx_word' id='word_1_744' title='bbox 3322 5244 3525 5309; x_wconf 77' lang='lat' dir='ltr'><strong>existit,</strong></span> <span class='ocrx_word' id='word_1_745' title='bbox 3548 5252 3601 5298; x_wconf 90' lang='lat' dir='ltr'><strong>et</strong></span> <span class='ocrx_word' id='word_1_746' title='bbox 3623 5244 3749 5299; x_wconf 55' lang='lat' dir='ltr'><strong>Filii</strong></span> 
     </span>
    </p>
   </div>
   <div class='ocr_carea' id='block_1_93' title="bbox 2167 5328 3740 5402">
    <p class='ocr_par' dir='ltr' id='par_1_93' title="bbox 2167 5328 3740 5402">
     <span class='ocr_line' id='line_1_93' title="bbox 2167 5328 3740 5402; baseline 0.002 -17"><span class='ocrx_word' id='word_1_747' title='bbox 2167 5331 2379 5396; x_wconf 88' lang='lat' dir='ltr'><strong>missio,</strong></span> <span class='ocrx_word' id='word_1_748' title='bbox 2411 5338 2465 5385; x_wconf 86' lang='lat' dir='ltr'><strong>et</strong></span> <span class='ocrx_word' id='word_1_749' title='bbox 2497 5331 2700 5384; x_wconf 85' lang='lat' dir='ltr'><strong>donum</strong></span> <span class='ocrx_word' id='word_1_750' title='bbox 2736 5328 2881 5395; x_wconf 86' lang='lat' dir='ltr'><strong>Filii,</strong></span> <span class='ocrx_word' id='word_1_751' title='bbox 2911 5332 3372 5399; x_wconf 88' lang='lat' dir='ltr'><strong>quemadmodum</strong></span> <span class='ocrx_word' id='word_1_752' title='bbox 3401 5333 3541 5387; x_wconf 89' lang='lat' dir='ltr'><strong>idem</strong></span> <span class='ocrx_word' id='word_1_753' title='bbox 3573 5332 3740 5402; x_wconf 83' lang='lat' dir='ltr'><strong>Spiri-</strong></span> 
     </span>
    </p>
   </div>
   <div class='ocr_carea' id='block_1_94' title="bbox 2167 5419 3744 5492">
    <p class='ocr_par' dir='ltr' id='par_1_94' title="bbox 2167 5419 3744 5492">
     <span class='ocr_line' id='line_1_94' title="bbox 2167 5419 3744 5492; baseline 0.003 -18"><span class='ocrx_word' id='word_1_754' title='bbox 2167 5430 2257 5475; x_wconf 89' lang='lat' dir='ltr'><strong>tus</strong></span> <span class='ocrx_word' id='word_1_755' title='bbox 2299 5431 2383 5476; x_wconf 91' lang='lat' dir='ltr'><strong>cst</strong></span> <span class='ocrx_word' id='word_1_756' title='bbox 2416 5420 2593 5474; x_wconf 80' lang='lat' dir='ltr'><strong>Patris</strong></span> <span class='ocrx_word' id='word_1_757' title='bbox 2635 5419 2846 5483; x_wconf 88' lang='lat' dir='ltr'><strong>missio,</strong></span> <span class='ocrx_word' id='word_1_758' title='bbox 2889 5429 2943 5473; x_wconf 91' lang='lat' dir='ltr'><strong>et</strong></span> <span class='ocrx_word' id='word_1_759' title='bbox 2974 5422 3177 5477; x_wconf 87' lang='lat' dir='ltr'><strong>donum</strong></span> <span class='ocrx_word' id='word_1_760' title='bbox 3210 5421 3408 5479; x_wconf 85' lang='lat' dir='ltr'><strong>Patris.</strong></span> <span class='ocrx_word' id='word_1_761' title='bbox 3441 5424 3521 5477; x_wconf 92' lang='lat' dir='ltr'><strong>Ad</strong></span> <span class='ocrx_word' id='word_1_762' title='bbox 3569 5423 3744 5492; x_wconf 62' lang='lat' dir='ltr'><strong>perfe-</strong></span> 
     </span>
    </p>
   </div>
   <div class='ocr_carea' id='block_1_95' title="bbox 2142 5509 3747 5584">
    <p class='ocr_par' dir='ltr' id='par_1_95' title="bbox 2142 5509 3747 5584">
     <span class='ocr_line' id='line_1_95' title="bbox 2142 5509 3747 5584; baseline 0.002 -20"><span class='ocrx_word' id='word_1_763' title='bbox 2142 5526 2143 5529; x_wconf 72' lang='lat'>‘</span> <span class='ocrx_word' id='word_1_764' title='bbox 2166 5512 2401 5565; x_wconf 87' lang='lat' dir='ltr'><strong>ctionem</strong></span> <span class='ocrx_word' id='word_1_765' title='bbox 2428 5513 2613 5580; x_wconf 85' lang='lat' dir='ltr'><strong>itaque</strong></span> <span class='ocrx_word' id='word_1_766' title='bbox 2637 5509 2758 5563; x_wconf 77' lang='lat' dir='ltr'><strong>ﬁdei</strong></span> <span class='ocrx_word' id='word_1_767' title='bbox 2782 5510 3013 5578; x_wconf 84' lang='lat' dir='ltr'><strong>pertinet</strong></span> <span class='ocrx_word' id='word_1_768' title='bbox 3035 5520 3095 5566; x_wconf 88' lang='lat' dir='ltr'><strong>ut</strong></span> <span class='ocrx_word' id='word_1_769' title='bbox 3121 5512 3431 5584; x_wconf 84' lang='lat' dir='ltr'><strong>quicunque</strong></span> <span class='ocrx_word' id='word_1_770' title='bbox 3456 5514 3747 5569; x_wconf 84' lang='lat' dir='ltr'><strong>crediderit</strong></span> 
     </span>
    </p>
   </div>
   <div class='ocr_carea' id='block_1_96' title="bbox 2165 5599 3745 5673">
    <p class='ocr_par' dir='ltr' id='par_1_96' title="bbox 2165 5599 3745 5673">
     <span class='ocr_line' id='line_1_96' title="bbox 2165 5599 3745 5673; baseline 0.003 -18"><span class='ocrx_word' id='word_1_771' title='bbox 2165 5603 2310 5671; x_wconf 92' lang='lat' dir='ltr'><strong>quod</strong></span> <span class='ocrx_word' id='word_1_772' title='bbox 2340 5601 2576 5671; x_wconf 90' lang='lat' dir='ltr'><strong>Spiritus</strong></span> <span class='ocrx_word' id='word_1_773' title='bbox 2611 5603 2837 5654; x_wconf 74' lang='lat' dir='ltr'><strong>sanctus</strong></span> <span class='ocrx_word' id='word_1_774' title='bbox 2866 5615 2896 5652; x_wconf 89' lang='lat' dir='ltr'><strong>a</strong></span> <span class='ocrx_word' id='word_1_775' title='bbox 2939 5599 3098 5656; x_wconf 81' lang='lat' dir='ltr'><strong>Patre</strong></span> <span class='ocrx_word' id='word_1_776' title='bbox 3127 5612 3180 5657; x_wconf 91' lang='lat' dir='ltr'><strong>et</strong></span> <span class='ocrx_word' id='word_1_777' title='bbox 3221 5603 3379 5666; x_wconf 90' lang='lat' dir='ltr'><strong>Filio,</strong></span> <span class='ocrx_word' id='word_1_778' title='bbox 3411 5619 3474 5657; x_wconf 75' lang='lat' dir='ltr'><strong>ex</strong></span> <span class='ocrx_word' id='word_1_779' title='bbox 3513 5614 3745 5673; x_wconf 86' lang='lat' dir='ltr'><strong>utroque</strong></span> 
     </span>
    </p>
   </div>
   <div class='ocr_carea' id='block_1_97' title="bbox 2166 5689 3737 5764">
    <p class='ocr_par' dir='ltr' id='par_1_97' title="bbox 2166 5689 3737 5764">
     <span class='ocr_line' id='line_1_97' title="bbox 2166 5689 3737 5764; baseline -0.003 -15"><span class='ocrx_word' id='word_1_780' title='bbox 2166 5694 2445 5764; x_wconf 69' lang='lat' dir='ltr'><strong>aequaliter</strong></span> <span class='ocrx_word' id='word_1_781' title='bbox 2473 5691 2707 5746; x_wconf 86' lang='lat' dir='ltr'><strong>mittitur</strong></span> <span class='ocrx_word' id='word_1_782' title='bbox 2738 5698 2791 5744; x_wconf 83' lang='lat' dir='ltr'><strong>et</strong></span> <span class='ocrx_word' id='word_1_783' title='bbox 2817 5689 2998 5758; x_wconf 87' lang='lat' dir='ltr'><strong>datur,</strong></span> <span class='ocrx_word' id='word_1_784' title='bbox 3036 5693 3174 5748; x_wconf 79' lang='lat' dir='ltr'><strong>idem</strong></span> <span class='ocrx_word' id='word_1_785' title='bbox 3208 5694 3322 5764; x_wconf 85' lang='lat' dir='ltr'><strong>ipse</strong></span> <span class='ocrx_word' id='word_1_786' title='bbox 3354 5695 3538 5750; x_wconf 87' lang='lat' dir='ltr'><strong>credat</strong></span> <span class='ocrx_word' id='word_1_787' title='bbox 3565 5690 3737 5764; x_wconf 86' lang='lat' dir='ltr'><strong>Spiri-</strong></span> 
     </span>
    </p>
   </div>
  </div>
