4064 6412
450 364 559 434 913

1316 371 1519 425 PETRI
1555 372 1996 428 CHRYSOLANI
2034 375 2402 433 MEDIOLAN.
2441 378 2753 436 ARCHIEP.

3563 376 3669 441 916

511 484 569 539 ε’.
597 482 723 539 Ἰδοὺ
746 487 922 542 τοίνυν,
951 486 1287 556 φρονιμώτατε
1304 488 1384 539 καί
1401 485 1653 561 πραότατε
1678 487 1905 557 βασιλεῦ,
1927 484 2009 542 διὰ

2185 488 2237 543 5.
2276 488 2413 546 Ecce
2462 491 2653 561 igitur,
2710 492 3110 562 sapientissime
3160 505 3214 550 et
3256 495 3679 554 clementissime

446 583 542 630 τῶν
567 577 798 647 ἀνωτέρω
847 578 1197 650 γεγραμμένων
1251 578 1417 630 νεύσει
1458 583 1589 631 Θεοῦ
1650 576 2008 647 ἀπεδείξαμεν,

445 665 587 726 ὅπως
615 662 699 719 ἴση
721 663 840 727 δόξα
864 667 999 721 έστίν
1027 667 1076 719 έν
1109 674 1215 726 τοῖς
1244 669 1405 735 τρισί,
1434 669 1517 720 καί
1551 667 1686 725 ένεκή
1707 668 1757 720 ἓν
1777 667 2011 728 έκάστοις

444 752 564 807 ἄνευ
611 757 921 826 συγχύσεως
966 764 1056 817 τῆς
1096 758 1368 827 γεννήσεως
1406 758 1488 810 καί
1520 765 1610 820 τῆς
1643 758 2009 831 ίκποριύσεως.

444 842 791 913 ’Λπεδείξαμεν
833 836 886 900 δέ
917 845 1118 915 μᾶλλον,
1159 849 1227 905 ὡς
1257 843 1459 915 όλέγων
1498 848 1557 902 τὸ
1602 853 1797 914 Πνεῦμα
1838 850 1893 902 έκ
1922 855 2013 902 τόῦ

444 936 558 988 ι’ίοῦ
592 935 974 1008 έκπορεύεσθαι.
1027 935 1262 1007 οὐδεμίαν
1307 936 1582 992 έλάττωσεν
1632 948 1772 993 ποιεῖ
1808 948 1899 997 τῆς
1925 948 2014 993 τοῦ

442 1025 726 1093 Ιινεύματος
749 1022 914 1088 δόξης.
939 1025 1041 1081 ἀλλ’
1074 1027 1271 1089 έκεῖνος,
1334 1022 1473 1087 ὅστις
1508 1028 1638 1099 λέγει
1657 1029 1716 1083 τό
1742 1026 1939 1099 Πνεῦμα
1964 1032 2015 1083 ἐκ

441 1119 528 1165 τ.ῦ
566 1115 680 1168 Υίοῦ
708 1120 777 1185 μή
809 1117 1181 1191 ίκπορεύεσθαι,
1214 1119 1313 1171 ἀπό
1349 1126 1439 1178 τῆς
1467 1115 1615 1181 δόξης
1664 1126 1755 1173 τοῦ
1788 1122 1904 1173 Υίοῦ
1932 1124 2016 1174 καί

441 1208 529 1255 τοῦ
576 1203 727 1272 ἁγίου
768 1205 1053 1273 Πνεῦματός
1090 1226 1139 1260 τι
1170 1207 1399 1282 ἀφαιρεῖ,
1426 1211 1511 1262 καί
1555 1209 1833 1283 ἁμαρτάνει
1868 1205 2017 1269 οὗτος

442 1294 513 1350 εἷς
545 1293 628 1346 τόν
656 1294 791 1358 Υίόν,
818 1298 898 1348 καί
927 1299 998 1354 εἰς
1020 1296 1077 1350 τό
1098 1302 1295 1365 Πνεῦμα
1317 1299 1375 1351 τό
1413 1296 1577 1369 ἅγιον,
1614 1301 1697 1353 καί
1722 1299 1813 1352 οὐκ
1839 1300 2017 1371 ἀφεθή-

442 1403 590 1437 σεται
628 1380 766 1454 αὖτῷ
789 1385 839 1437 ἰν
859 1392 929 1451 τῷ
954 1387 1163 1460 παρόντι
1185 1388 1345 1450 αἰῶνι,
1379 1390 1463 1441 καί
1503 1389 1552 1440 έν
1574 1395 1646 1456 τῷ
1673 1388 1916 1458 μέλλοντι,
1975 1390 2019 1441 εί

442 1479 513 1544 μή
538 1476 817 1546 μεταγνοὺς
859 1480 1152 1542 πιστεύσει,
1190 1481 1276 1533 καί
1303 1478 1607 1549 ὁμολογήσει
1650 1480 1710 1533 τὸ
1737 1486 1931 1548 Πνεῦμα
1961 1482 2018 1534 τό

443 1562 582 1639 ἄγων
602 1569 657 1621 ίκ
694 1565 786 1623 τοῦ
812 1571 1010 1641 Πατρός
1035 1573 1119 1624 καί
1148 1572 1199 1623 ἐκ
1224 1576 1316 1625 τοῦ
1346 1572 1463 1625 Υἷοῦ
1487 1571 1863 1646 ἐκπορεύεσθαι.
1885 1572 2016 1625 τοῦν

441 1681 500 1714 το
541 1661 637 1734 γὰρ
663 1660 890 1729 γνωστόν
923 1660 1061 1716 ἔστιν
1103 1659 1181 1715 ὅτι
1222 1662 1442 1737 καθάπερ
1484 1662 1532 1714 έν
1552 1662 1716 1732 ταύτῃ
1757 1661 2018 1736 τῇτρεὰδι

443 1749 583 1804 οὖδίν
602 1756 772 1820 μεῖζον
796 1749 825 1808 ἦ
853 1748 1067 1805 ἶλαττόν
1090 1753 1248 1814 έστιν,
1284 1752 1444 1810 ο”τως
1468 1753 1519 1805 ἓν
1557 1753 1686 1825 αὐτῇ
1711 1751 1854 1807 οῦδὲν
1888 1754 2017 1821 πρό-

391 1834 407 1848 ’
446 1849 588 1912 τερον
637 1838 667 1899 ἦ
703 1838 914 1915 ὕστερον
947 1842 1167 1906 νοητίον,
1204 1844 1315 1895 ίπεί
1336 1847 1481 1896 πᾶσα
1532 1843 1562 1899 ἠ
1599 1843 1755 1916 τριὰς
1786 1840 2015 1911 ίσότιμός

446 1933 554 1987 ἐστι
607 1934 688 1986 καί
732 1934 1047 1992 σοναιῶνιος.
1093 1929 1224 1986 Οὔτε
1269 1934 1367 2006 γάρ
1405 1932 1432 1987 ό
1475 1937 1645 2004 Πατὴρ
1689 1930 1747 1990 ἦν
1792 1934 1890 2005 πρό
1927 1940 2015 1987 τοῦ

442 2023 582 2085 Tini),
619 2016 781 2077 οὔτεό
808 2028 996 2097 Πατήρ,
1027 2023 1058 2083 ἦ
1088 2022 1115 2077 ό
1144 2024 1254 2083 Υἱός
1275 2024 1376 2097 πρὸ
1402 2029 1493 2078 τοῦ
1518 2022 1664 2093 ἁγίου
1709 2024 2016 2092 "utinm-0;,

448 2112 629 2181 ὁμοίως
658 2112 772 2168 οὔτε
801 2114 1008 2189 όῐιατήρ
1035 2112 1218 2184 μείζων
1245 2120 1338 2168 τοῦ
1370 2114 1507 2177 Υἷοῦ,
1534 2112 1649 2168 οὔτε
1673 2112 1698 2168 ὃ
1725 2118 1916 2185 Πατήρ.
1939 2110 1969 2168 ἦ
1993 2112 2019 2168 ό

444 2205 557 2264 Tir);
598 2208 778 2272 μείζων
806 2210 894 2259 τοῦ
946 2203 1089 2275 ἁγίου
1118 2206 1422 2273 Πνεύμγτος,
1476 2201 1552 2256 ὅτι
1583 2204 1631 2256 ίν
1672 2209 1737 2273 τῇ
1782 2201 1957 2274 Τριάδι
1994 2201 2020 2256 ό

445 2300 611 2367 Πατὴρ
640 2297 891 2354 παντοίως
929 2293 1045 2353 ἴσης
1076 2292 1223 2357 δόξης
1266 2294 1373 2347 ἔστί
1401 2298 1527 2363 μετὰ
1557 2298 1647 2345 τοῦ
1673 2289 1788 2345 Υίοῦ
1831 2293 1910 2344 καί
1930 2295 2020 2344 τοῦ

448 2392 593 2464 ἁγίου
619 2394 926 2462 ῐινεὺματος,
956 2394 1037 2447 καί
1063 2394 1311 2452 παντοίως
1332 2389 1446 2449 ἴσης
1477 2389 1620 2454 δόξης
1656 2391 1751 2444 είσί
1782 2391 1908 2456 μετά
1930 2396 2020 2443 τοῦ

449 2484 639 2558 Πατρός
675 2485 760 2538 καί
787 2483 843 2537 τό
871 2489 1069 2552 Πνεῦμα
1104 2485 1186 2535 καί
1221 2481 1245 2535 ό
1279 2482 1416 2541 Υἱός.
1438 2478 1597 2535 Ὠστε
1622 2477 1781 2539 ἄλλως
1804 2481 2021 2533 νοεῖσθαι

446 2572 693 2633 ἀδύνατόν
738 2576 896 2638 ἔστιν,
938 2578 984 2630 εί
1020 2579 1090 2645 μὴ
1123 2575 1270 2647 νοηθῇ
1297 2575 1354 2628 τό
1382 2578 1581 2643 Πνεῦμα
1626 2574 1680 2626 ίκ
1710 2578 1797 2625 τοῦ
1830 2573 2021 2646 Πατρός

446 2666 803 2736 έκπορεύεσθαι
829 2666 936 2740 ἅμα
958 2669 1034 2721 καί
1057 2672 1143 2721 τοῦ
1161 2666 1300 2721 Υίοῦ.

516 3029 587 3097 ς’.
630 3030 776 3087 Ἀλλᾶ
816 3028 946 3103 λέγει
972 3046 1069 3093 τις·
1104 3029 1181 3083 Ἐν
1214 3036 1284 3099 τῷ
1325 3024 1607 3101 Εὐαγγελίῳ
1651 3028 1937 3102 εὑρίσκεται
1965 3028 2021 3082 τό

2112 579 2424 650 imperator,
2450 583 2727 652 quomodo
2760 584 2828 638 iis
2880 600 3003 655 qua:
3024 600 3187 655 supra
3211 587 3469 652 diximus,
3495 587 3679 641 divina

2113 667 2323 724 favente
2351 685 2473 740 ope,
2496 672 2836 727 ostendimus
2864 674 3126 742 aequalem
3168 674 3393 744 gloriam
3422 676 3476 728 in
3507 676 3682 730 tribus

2112 773 2231 814 esse
2259 760 2459 817 divinis
2482 764 2751 831 personis,
2777 774 2830 818 et
2856 764 3185 835 singularem
3214 765 3267 819 in
3290 767 3520 837 singulis
3554 767 3682 821 abs-

2113 866 2220 919 que
2266 851 2375 906 ulla
2420 852 2742 909 confusione
2783 855 3148 925 generationis
3187 865 3242 909 et
3290 858 3680 925 processionis.

2113 941 2464 1000 Ostendimus
2506 955 2764 1014 praterea
2810 947 3126 1016 quicunque
3171 947 3372 1002 dixerit
3417 948 3680 1018 Spiritum

2116 1042 2362 1087 sanctum
2391 1049 2422 1087 a
2451 1033 2588 1089 Filio
2617 1036 2929 1105 procedere,
2960 1037 3167 1090 nullum
3190 1037 3571 1092 detrimentum
3599 1040 3684 1090 in-

2118 1121 2257 1178 ferre
2284 1123 2518 1193 Spiritus
2547 1127 2719 1181 sancti
2751 1127 2956 1197 gloriae,
2978 1128 3070 1182 sed
3095 1128 3184 1181 ille
3206 1128 3387 1197 potius
3410 1128 3503 1198 qui
3533 1128 3565 1180 d
3593 1142 3685 1182 xe-

2119 1214 2187 1268 rit
2216 1212 2478 1283 Spiritum
2510 1225 2755 1271 sanctum
2786 1232 2894 1271 non
2922 1217 3214 1286 procedere
3241 1232 3271 1271 a
3301 1214 3457 1282 Filio,
3488 1216 3609 1270 Filii
3633 1220 3688 1270 et

2120 1301 2353 1373 Spiritus
2394 1305 2567 1359 sancti
2610 1306 2795 1376 gloria:
2837 1306 3043 1375 aliquid
3076 1306 3191 1375 ipse
3222 1305 3514 1370 subtrahit,
3546 1317 3598 1359 et
3632 1306 3686 1359 in

2119 1392 2337 1459 Filium,
2374 1404 2426 1448 et
2459 1394 2513 1448 in
2557 1394 2820 1464 Spiritum
2866 1407 3114 1450 sanctum
3150 1394 3352 1465 pariter
3396 1396 3685 1464 delinquit,

2120 1498 2219 1539 nec
2248 1484 2321 1538 illi
2366 1484 2689 1549 remittetur,
2727 1496 2825 1539 nec
2868 1485 2923 1538 in
2964 1484 3237 1553 przescnti,
3267 1499 3367 1538 nec
3405 1485 3458 1538 in
3504 1485 3689 1540 futuro

2120 1576 2319 1630 s'eculo
2345 1573 2559 1642 (Matth.
2587 1573 2709 1641 xu),
2740 1574 2844 1628 nisi
2878 1574 3192 1643 pmnitentia
3222 1573 3421 1627 ductus
3443 1573 3690 1628 credide-

2120 1668 2190 1722 rit
2211 1676 2264 1721 ct
2288 1665 2628 1731 conﬁteatur,
2656 1662 2917 1735 Spiritum
2950 1674 3199 1719 sanctum
3226 1681 3256 1719 a
3286 1664 3444 1719 Patre
3475 1673 3529 1718 ct
3550 1664 3691 1719 Filio

2119 1758 2430 1827 procedere.
2466 1756 2578 1813 lloc
2616 1759 2758 1813 enim
2797 1757 2894 1812 tibi
2932 1766 3109 1827 pateat
3138 1754 3484 1811 manifestum
3544 1757 3690 1827 quod

2118 1851 2259 1904 sicut
2279 1850 2332 1903 in
2357 1849 2461 1903 hac
2481 1848 2745 1903 Trinitatc
2792 1849 2927 1903 nihil
2948 1848 3123 1917 majus
3145 1857 3237 1902 aut
3263 1849 3445 1902 minus
3464 1849 3688 1902 existit:

2122 1941 2192 1994 ita
2224 1940 2276 1993 in
2317 1940 2507 1994 eadem
2551 1939 2685 1993 nihil
2725 1940 2877 2009 prius
2909 1950 3002 1993 aut
3040 1939 3311 2008 posterius
3344 1938 3569 2008 intelligi
3598 1939 3684 1993 deo

2119 2030 2230 2084 hct.
2266 2028 2399 2084 Tota
2446 2028 2590 2082 enim
2634 2027 2875 2083 Trinitas
2916 2028 3110 2098 aaqnali
3149 2027 3356 2080 honore
3396 2036 3480 2080 est
3526 2042 3687 2079 vene.

2121 2122 2311 2184 randa,
2336 2128 2389 2173 et
2422 2128 2686 2174 ceteterna
2719 2119 2921 2183 existit,
2967 2133 3141 2188 neque
3184 2118 3326 2173 enim
3370 2116 3528 2171 Pater
3558 2132 3697 2185 pra'o

2121 2212 2284 2265 cessit
2312 2210 2531 2277 Filium,
2562 2225 2735 2280 neque
2765 2209 2944 2275 Pater,
2970 2220 3061 2264 aut
3088 2209 3259 2263 Filius
3282 2208 3541 2278 Spiritum
3569 2222 3696 2258 sai--

2122 2312 2289 2356 ctum.
2326 2300 2587 2355 Similiter
2613 2317 2788 2371 neque
2818 2300 2976 2355 Pater
3005 2301 3179 2369 major
3216 2309 3301 2353 est
3330 2299 3487 2363 Filio,
3519 2314 3690 2368 neque

2122 2393 2300 2458 Peter,
2330 2400 2424 2446 aut
2456 2391 2626 2446 Filius
2655 2392 2856 2461 Spiritu
2889 2401 3079 2446 sancto
3107 2392 3279 2460 major
3305 2399 3407 2453 est,
3432 2389 3688 2459 quoniam

2124 2484 2178 2537 iu
2212 2481 2476 2537 Trinitatc
2518 2481 2677 2536 Pater
2720 2481 2945 2536 omnino
2981 2479 3206 2549 mqualis
3233 2489 3315 2532 est
3345 2479 3529 2548 gloria:
3569 2493 3689 2532 cum

2112 2574 2281 2638 ‘Filio,
2312 2581 2366 2627 et
2413 2571 2616 2642 Spiritu
2663 2580 2882 2635 sancto,
2923 2580 2975 2625 ct
3023 2570 3248 2623 omnino
3297 2578 3421 2623 sunt
3468 2568 3701 2637 :eqnalls

2123 2665 2294 2735 gloria
2344 2680 2469 2718 cum
2516 2662 2694 2726 Patre,
2741 2670 2796 2716 et
2843 2662 3077 2731 Spiritus
3113 2669 3356 2723 sanctus,
3403 2669 3455 2714 et
3500 2659 3693 2712 Filius.

2123 2756 2461 2826 Quapropter
2484 2755 2639 2809 aliter
2669 2753 2887 2823 intelligi
2911 2751 3133 2805 omnino
3157 2759 3451 2820 nequeunt,
3481 2750 3584 2805 nisi
3613 2751 3666 2803 in

2126 2848 2393 2916 telligatur
2425 2844 2659 2915 Spiritus
2688 2854 2909 2898 sanctus
2937 2858 2969 2896 a
3010 2841 3167 2896 Patre
3199 2842 3487 2911 procedere
3532 2836 3695 2894 simul

2123 2945 2178 2991 ct
2202 2952 2231 2989 a
2255 2934 2413 2989 Filio.

2194 3028 2247 3082 6.
2306 3026 2410 3081 Sed
2464 3026 2639 3096 inquit
2675 3025 2872 3095 aliquis
2918 3041 2931 3076 :
2985 3021 3041 3078 in
3096 3022 3387 3093 Evangelia
3428 3021 3696 3091 reperitur

446 3127 643 3191 Πνεῦμα
672 3121 723 3175 έκ
752 3128 837 3176 τοῦ
868 3122 1059 3193 Πατρὶς
1086 3121 1461 3195 ἐκπορεύεσθαι,
1494 3122 1575 3173 καί
1598 3120 1699 3188 οὐχ
1733 3121 2020 3191 εὑρίσκεται

2129 3119 2389 3188 Spiritum
2420 3128 2672 3174 sanctum
2698 3134 2727 3171 a
2752 3116 2910 3171 Patre
2935 3115 3222 3186 procedere
3247 3114 3425 3184 (Joan.
3452 3116 3562 3183 xv),
3588 3130 3699 3169 non

448 3214 532 3269 καί
555 3215 657 3268 διπό
688 3220 777 3269 τοῦ
818 3214 956 3268 Υίοῦ.
987 3218 1175 3267 Τοῦτον
1210 3213 1295 3266 τόν
1334 3211 1521 3284 τρόπον
1552 3212 1610 3265 οὗ
1633 3211 1880 3279 βούλομαι
1928 3211 2025 3280 ἐγώ

447 3308 654 3354 σιωπῶν
682 3302 972 3375 παρελθεῖν,
1005 3301 1109 3354 ἀλλ’
1148 3300 1391 3368 ἐπιμελῶς
1449 3301 1515 3359 ὡς
1567 3300 1914 3370 μαθησόμενος
1941 3304 2026 3362 ζη-

445 3399 623 3456 τῆσαι,
654 3395 722 3458 μή
754 3411 887 3453 πως,
906 3394 997 3445 τοῦ
1018 3396 1143 3445 Θεοῦ
1175 3388 1520 3450 διδάσγοντος.
1556 3389 1837 3458 δυνήσομαι
1867 3394 2026 3458 ἀναμ-

448 3483 769 3549 φισϐητήτως
799 3486 969 3556 εὑρεῖν
990 3485 1040 3537 τί
1062 3484 1243 3542 πιστός
1273 3480 1530 3548 ἄνθρωπος
1559 3481 1737 3553 ὀφείλει
1763 3485 1879 3551 περὶ
1908 3483 2026 3535 τού-

449 3589 540 3623 του
570 3577 723 3623 νοεῖν.
751 3564 803 3623 ἰι
846 3570 1069 3627 ’Δλήθεια
1098 3572 1248 3640 λέγει,
1292 3574 1351 3625 τό
1378 3576 1576 3638 Πνεῦμα
1616 3569 1671 3624 έκ
1701 3577 1790 3625 τοῦ
1832 3573 2024 3647 Πατρὶς

450 3662 790 3724 ἐκπορεύεται,
836 3660 995 3715 ἀλλ’ό
1046 3663 1263 3736 Γραικὸς
1304 3663 1610 3736 προστίθησι
1649 3664 1733 3715 καί
1778 3662 1929 3732 λέγει,
1956 3663 2025 3716 Τό

448 3756 644 3822 Πνεῦμα
670 3753 995 3824 ἐκπορεύεται
1023 3755 1077 3806 ἐκ
1101 3760 1191 3808 τοῦ
1219 3755 1417 3830 πατρὸς
1449 3754 1623 3823 μόνου.
1658 3760 1714 3806 '0
1735 3752 1789 3808 δέ
1817 3762 2025 3814 Λατῖνος

449 3843 754 3914 προστίθησι
784 3845 867 3896 καί
894 3843 1043 3915 λέγει,
1066 3844 1132 3898 Τό
1161 3849 1358 3916 πνεῦμα
1384 3845 1709 3921 έκπορεύεταί
1735 3846 1787 3898 έκ
1811 3852 1900 3899 τοῦ
1923 3854 2025 3900 Πα-

447 3933 564 4005 τρός
618 3936 701 3987 καί
750 3935 805 3987 έκ
857 3940 948 3989 τοῦ
976 3935 1116 3990 ἴίοῦ.
1170 3937 1480 4009 Προστίθησι
1507 3938 1677 3991 τοίνυν
1721 3935 1748 3991 ό
1786 3939 2020 4010 Γραικὸς,

446 4022 752 4092 προστίθησι
777 4023 859 4075 καί
879 4021 905 4077 ὁ
926 4031 1157 4084 Λατῖνος,
1191 4021 1267 4079 ὅτι
1290 4025 1338 4077 ἐν
1373 4031 1481 4084 τοῖς
1503 4025 1832 4097 προρρηθεῖσι
1857 4026 2022 4101 ῥήμα-

447 4125 501 4168 σι
526 4120 618 4168 τοῦ
660 4107 963 4186 ﬁer/dion
994 4118 1102 4185 οὐχ
1152 4117 1440 4188 εὑρίσκεται
1480 4118 1539 4171 τὸ
1573 4133 1591 4168 t
1626 4117 1799 4186 μόνου,
1840 4136 1858 4169 ε
1908 4116 2023 4173 οὔτε

448 4203 526 4266 τὸ,
563 4222 581 4254 ε
617 4206 671 4259 έκ
720 4213 811 4259 τοῦ
856 4207 999 4261 Tibi}.
1035 4222 1054 4258 ε
1085 4208 1140 4260 Εἰ
1182 4202 1269 4260 οὗν
1319 4209 1519 4266 ἁλήθειὰ
1566 4209 1702 4263 έστιν
1758 4207 1784 4263 ὃ
1836 4210 2023 4281 λέγειό

446 4296 674 4369 Γραικὸς,
699 4295 888 4366 ψεῦδος
918 4293 976 4351 ἂν
1009 4295 1085 4356 εἴη
1112 4295 1286 4368 ὃλέγει
1313 4297 1339 4352 ό
1375 4306 1609 4359 Λατῖνος.
1663 4299 1784 4356 ’Δπὸ
1812 4309 1913 4356 τῶν
1935 4302 2025 4372 ρη-

444 4388 620 4457 μὰτων
649 4389 746 4443 τῶν
790 4386 942 4443 ὄντων
971 4389 1019 4441 ἐν
1043 4397 1118 4462 τῷ
1166 4390 1443 4461 Har/7511(3)
1473 4389 1589 4445 οὔτε
1627 4390 1653 4447 ό
1690 4394 1895 4466 Γραικὸς
1916 4392 2025 4447 δια-

444 4484 616 4548 φωνεῖ,
654 4475 769 4532 οῦτε
799 4472 825 4533 ὃ
856 4486 1088 4541 Λατῖνος,
1118 4479 1221 4532 ἀλλ’
1242 4478 1332 4534 ἀπ’
1366 4479 1549 4542 έκείνης
1582 4489 1671 4541 τῆς
1704 4462 2018 4555 προσθήκηςν
2051 4462 2098 4521 D

446 4572 505 4629 ἦν
532 4570 867 4644 προστίθησιν
893 4569 919 4624 ὁ
945 4577 1176 4634 Λατῖνος,
1204 4570 1435 4643 διαφωνεῖ
1455 4572 1478 4625 ό
1500 4574 1722 4641 Γραικὸς.
1740 4574 1803 4623 Σὸ
1832 4577 2019 4635 τοίνυν,

449 4662 787 4733 ςρονιμὼτατε
819 4657 971 4723 ἄναξ,
1000 4661 1211 4719 ἀνάϐηθι
1239 4664 1412 4737 πράως
1434 4666 1507 4722 είς
1532 4664 1589 4716 τό
1618 4663 1759 4733 βῆμα
1786 4673 1876 4722 τῆς
1897 4685 2022 4735 καρ-

448 4748 558 4810 δίας
592 4770 710 4812 σου,
744 4752 827 4804 καί
867 4751 1081 4809 καθίσας
1110 4752 1177 4810 ὥς
1202 4754 1374 4825 κριτής
1427 4752 1580 4822 ἕν’τῷ
1609 4751 1761 4826 θρόνῳ
1791 4762 1881 4809 τῆς
1910 4752 2020 4806 δια-

447 4843 579 4901 νοίας
600 4863 693 4895 σου
722 4848 886 4915 κρῖνον
908 4843 1072 4913 κρίσιν
1090 4839 1305 4903 δικαίαν.
1333 4844 1418 4896 καί
1451 4847 1522 4910 μὴ
1562 4843 1633 4900 ὡς
1685 4843 1771 4895 ἐπὶ
1796 4843 1853 4895 τό
1881 4843 2018 4896 πλεῖ-

448 4956 586 4996 στον,
620 4935 927 5011 περιθάλπῃς
955 4934 1037 4990 τόν
1057 4934 1289 5007 Γραικὸν,
1314 4935 1379 4993 ὡς
1409 4932 1666 4988 πεκούλιόν
1688 4952 1801 4986 σου.
1848 4930 1899 4985 Ἦ
1923 4935 2022 5005 γὰρ

447 5026 690 5085 οἰκειότης
707 5027 1036 5099 συχνοτέρως
1052 5032 1191 5079 ποιεῖ
1206 5027 1331 5082 τοὺς
1348 5028 1525 5096 κριτὰς
1543 5025 1793 5093 κάμπτειν
1812 5025 1913 5077 ἀπὸ
1929 5038 2020 5082 τῆς

448 5119 702 5177 ἀληθείας.
723 5116 828 5171 Θοῦ
843 5120 1013 5171 τοίνυν
1029 5123 1130 5170 τῶν
1156 5119 1449 5190 ἀμφοτέροιν
1477 5120 1594 5177 τοὺς
1617 5116 1813 5188 λόγους,
1838 5118 1922 5170 καί
1950 5120 2020 5186 μή

449 5206 477 5280 ἦ
506 5209 653 5282 παρὰ
677 5211 760 5261 σοί
780 5205 1020 5278 (trionum
1042 5211 1123 5261 καί
1154 5210 1417 5276 στάθμιον,
1445 5207 1476 5266 ἦ
1503 5209 1683 5282 μέτρον
1709 5210 1791 5261 καί
1817 5208 2017 5278 μέτρον.

445 5296 732 5370 ’Λμφὸτερα
751 5298 852 5369 γὰρ
879 5295 1126 5367 βδελυκτά
1157 5300 1256 5351 είσι
1279 5299 1421 5369 παρὰ
1438 5305 1508 5366 τῷ
1526 5305 1652 5368 Θεῷ.
1672 5295 1918 5352 ’Δκουσον
1933 5292 2017 5349 οὖν

452 5389 684 5463 ἐλευθέρᾳ
708 5388 890 5464 καρδίᾳ
910 5408 1026 5452 σου,
1055 5381 1176 5447 δι’ἣν
1197 5390 1363 5443 αἰτίαν
1392 5390 1726 5461 προστίθησιν
1750 5387 1777 5443 ό
1803 5390 2015 5461 Γραικὸς

449 5482 509 5535 τό
544 5481 778 5550 εμόνουμ
804 5482 883 5534 καί
912 5478 995 5539 διὰ
1023 5482 1172 5532 ποίαν
1194 5482 1364 5533 αἰτίαν
1385 5483 1716 5553 προστίθησιν
1744 5478 1770 5532 ό
1801 5486 2014 5537 Λατῖνος

456 5594 470 5623 ι
485 5578 565 5629 καί
593 5574 644 5626 έκ
660 5580 750 5628 τοῦ
778 5574 953 5627 Υίοῦί
985 5575 1067 5626 καί
1089 5569 1209 5625 ἔνθα
1233 5569 1344 5642 ἶδης
1365 5573 1493 5639 μετὰ
1511 5571 1659 5640 λόγου
1685 5577 1773 5629 τήν
1796 5574 1986 5645 προσθή
2004 5604 2017 5611 -

452 5686 560 5728 κην,
597 5661 667 5734 re;
692 5662 820 5737 λόγῳ
847 5665 1185 5727 ἀναπαύθητι,
1214 5666 1296 5716 καί
1322 5661 1479 5732 ἐκείνη
1507 5669 1570 5734 τῇ
1599 5664 1859 5732 προσθήκη
1897 5662 2015 5714 ἕνω-

449 5772 537 5805 σον
561 5753 768 5818 σαυτὸν,
793 5752 907 5807 ἔνθα
930 5751 982 5807 δέ
1013 5750 1122 5829 ἴδῃς
1154 5755 1242 5810 τήν
1282 5754 1563 5826 προσθήκην
1593 5756 1663 5824 μὴ
1692 5752 2015 5819 μετέχουσαν

2128 3220 2306 3265 tamen
2337 3211 2532 3281 legitur
2554 3219 2608 3264 ct
2636 3225 2666 3263 a
2714 3207 2870 3262 Filio.
2921 3206 3026 3263 Sed
3073 3208 3175 3261 hoc
3204 3207 3424 3276 quidem
3463 3207 3590 3259 nolo
3622 3205 3707 3259 si-

2127 3301 2292 3356 lentio
2335 3301 2632 3371 prmierire,
2684 3299 2775 3355 sed
2809 3298 2988 3367 potius
3017 3297 3300 3368 diligenter
3342 3311 3605 3366 qumrere,
3638 3306 3700 3352 ut

2127 3391 2242 3461 ipse
2268 3392 2497 3456 discam,
2530 3389 2576 3443 si
2605 3404 2714 3459 quo
2745 3398 2924 3459 pacto,
2957 3388 3067 3442 Deo
3090 3388 3336 3452 docente,
3374 3388 3582 3441 valeam
3616 3387 3697 3439 in-

2125 3481 2311 3536 venire
2336 3481 2543 3551 absque
2573 3479 2681 3533 ulla
2718 3479 3054 3533 dubitatione
3078 3478 3207 3547 quid
3238 3477 3410 3531 ﬁdelis
3437 3477 3601 3530 homo
3628 3475 3697 3529 dc

2126 3571 2228 3627 hac
2264 3588 2323 3627 re
2350 3571 2549 3627 sentire
2574 3571 2784 3626 debeat.
2820 3568 3032 3625 Veritas
3057 3569 3238 3638 itaque
3272 3568 3404 3622 dicit
3433 3566 3693 3638 Spiritum

2125 3674 2373 3721 sanctum
2403 3680 2431 3718 a
2474 3663 2633 3718 Patre
2655 3662 2965 3730 procedere.
2999 3660 3103 3715 Sed
3134 3659 3356 3715 Grmcus
3380 3659 3528 3714 addit
3558 3673 3699 3728 pra:-

2123 3766 2293 3822 terea,
2335 3764 2390 3810 et
2418 3755 2549 3811 dicit
2574 3754 2837 3823 Spiritum
2870 3762 3117 3807 sanctum
3150 3750 3441 3821 procedere
3470 3766 3500 3805 a
3539 3743 3698 3805 Patre

2125 3848 2264 3902 solo.
2315 3845 2545 3900 Latinus
2591 3844 2740 3899 addit
2782 3845 2946 3897 etiam
2992 3843 3108 3912 ipse
3150 3851 3205 3895 et
3247 3841 3381 3896 dicit
3433 3839 3694 3910 Spiritum

2125 3946 2373 3993 sanctum
2416 3936 2709 4006 procedere
2756 3950 2787 3989 a
2837 3933 2995 3989 Patre
3039 3944 3093 3988 et
3136 3932 3291 3988 Fizio.
3333 3932 3494 3987 Addit
3534 3931 3697 4001 igitur

2125 4029 2367 4091 Grazcus,
2416 4027 2564 4082 adth
2607 4035 2662 4081 et
2714 4024 2972 4090 Latinus,
3022 4025 3282 4094 quoniam
3341 4025 3393 4078 in
3424 4023 3697 4093 prrcdirtis

2125 4119 2400 4190 Evangelii
2431 4119 2610 4174 verbis
2637 4134 2743 4172 non
2769 4118 3060 4184 invenitur,
3087 4132 3261 4187 neque
3282 4133 3345 4171 ex
3374 4118 3490 4171 solo
3516 4116 3692 4183 Patre,

2125 4228 2299 4282 neque
2327 4227 2392 4266 ex
2426 4210 2583 4266 Filio.
2620 4209 2676 4263 Si
2706 4209 2869 4280 igitur
2899 4225 3021 4262 vera
3054 4219 3180 4263 sunt
3221 4223 3342 4279 qua:
3376 4208 3508 4263 dicit
3547 4208 3696 4263 Grae-

2124 4316 2243 4363 cus,
2275 4300 2555 4355 mendacia
2602 4307 2785 4354 essent
2823 4297 3009 4365 procul
3038 4297 3204 4350 dubio
3227 4314 3348 4366 quae
3389 4296 3520 4351 dicit
3550 4296 3696 4351 Lati-

2126 4406 2249 4445 nus.
2282 4389 2385 4445 Sed
2419 4407 2449 4444 a
2492 4390 2674 4444 verbis
2709 4405 2830 4458 quae
2865 4389 3130 4441 habentur
3161 4388 3212 4441 in
3248 4387 3557 4457 Evangelio,
3602 4403 3695 4440 ne-

2122 4497 2228 4550 que
2255 4481 2476 4536 Grareus
2504 4480 2774 4545 dissentit,
2805 4496 2981 4548 neque
3011 4479 3257 4544 Latinus,
3285 4481 3377 4534 sed
3405 4480 3473 4535 ab
3502 4496 3564 4534 ea
3599 4479 3694 4533 ad-

2122 4572 2329 4627 ditione
2366 4588 2529 4642 quam
2585 4571 2733 4626 addit
2774 4570 3020 4636 Latinus,
3062 4570 3311 4626 dissentit
3340 4570 3579 4626 Graecus.
3612 4570 3692 4623 Tu

2123 4661 2308 4732 igitur,
2335 4660 2738 4729 sapientissime
2762 4676 2876 4726 rex,
2907 4661 3136 4714 ascende
3167 4661 3395 4728 benigne
3424 4661 3489 4715 ad
3522 4662 3694 4715 tribu-

2123 4751 2212 4802 nal
2241 4750 2422 4805 cordis
2455 4749 2554 4815 tui,
2577 4758 2631 4803 et
2652 4750 2846 4804 sedens
2871 4750 3028 4818 quasi
3049 4750 3215 4818 judex
3248 4748 3300 4802 in
3330 4751 3468 4804 solio
3497 4752 3694 4804 mentis

2125 4848 2250 4905 tum,
2279 4840 2461 4909 judiea
2490 4839 2755 4909 judicium
2789 4839 2996 4909 justum
3033 4839 3215 4907 (Joan.
3244 4840 3363 4909 vn),
3405 4856 3599 4910 neque,
3636 4851 3695 4895 ut

2122 4930 2238 4983 ﬁeri
2271 4930 2426 4994 solet,
2473 4929 2712 4995 Grrecos,
2750 4930 2908 4999 quasi
2947 4930 3217 5000 peculium
3264 4938 3439 4995 tuum,
3486 4930 3689 4984 foveas.

2122 5020 2484 5075 Familiaritas
2519 5020 2664 5073 enim
2714 5022 3031 5089 plerumque
3071 5037 3099 5074 ιι
3150 5019 3373 5075 veritate
3422 5020 3693 5074 declinare

2118 5109 2250 5164 facit
2283 5110 2513 5178 judices.
2546 5108 2695 5163 Pone
2737 5109 2898 5177 igitur
2947 5118 3302 5177 utrorumque
3336 5108 3594 5173 rationes,
3639 5115 3694 5160 et

2118 5216 2226 5254 non
2272 5201 2342 5255 sit
2387 5200 2528 5269 apud
2579 5209 2629 5253 te
2685 5200 2897 5269 pondus
2943 5208 2996 5251 et
3043 5199 3273 5268 pondus,
3317 5198 3400 5251 vel
3436 5212 3688 5251 mensura

2115 5301 2167 5345 et
2191 5307 2443 5345 mensura
2473 5311 2485 5343 :
2516 5299 2743 5359 utraque
2784 5290 2928 5343 enim
2959 5289 3303 5343 abominatur
3334 5286 3476 5341 Deus
3508 5286 3683 5357 (Deut.

2124 5382 2272 5451 xxv).
2324 5381 2462 5435 Audi
2506 5382 2670 5451 igitur
2714 5381 2949 5449 ingenuo
2991 5379 3154 5433 corde
3196 5388 3288 5431 tuo
3336 5393 3571 5447 quanam
3621 5377 3688 5431 de

2122 5488 2286 5526 causa
2316 5473 2477 5526 addat
2507 5472 2727 5525 Graecus
2759 5467 2909 5534 illud,
2940 5488 2970 5521 a
3014 5470 3145 5531 solo,
3173 5476 3225 5522 et
3256 5485 3362 5538 qua
3394 5470 3586 5521 iterum
3618 5462 3685 5522 de

2121 5579 2284 5617 causa
2307 5562 2468 5616 addat
2484 5561 2710 5616 Latinus
2732 5570 2779 5614 et
2804 5579 2835 5612 a
2860 5560 3021 5623 Filio,
3044 5558 3304 5629 Spiritum
3325 5560 3528 5613 scilicet
3554 5574 3683 5611 san~

2119 5663 2263 5707 ctum
2299 5652 2608 5721 procedere,
2635 5660 2688 5704 et
2716 5650 2806 5703 ubi
2839 5649 3038 5702 videris
3068 5664 3190 5702 cum
3220 5649 3424 5701 ratione
3450 5646 3681 5700 additio-

2122 5763 2243 5801 nem
2289 5745 2614 5816 appositam,
2653 5744 2730 5797 ibi
2773 5752 2949 5795 mente
2994 5741 3309 5810 arquicscas
3358 5750 3469 5804 tua,
3512 5746 3566 5793 et
3610 5736 3683 5789 illi
