4064 6458
464 399 576 461 923

1761 398 2026 457 nexu
2066 360 2417 457 causam

3606 397 3723 456 εςῖιτ

464 512 519 562 iu
555 524 824 563 summam
869 522 1052 562 rerum
1088 509 1391 579 angustiam
1427 507 1658 571 iltdttrti‘,
1703 506 1876 575 iisque
1913 524 2024 559 om-

2132 510 2239 570 τοῖς
2270 504 2639 575 συμπεσοῦσιν
2673 504 2815 574 ἔχειν
2846 504 2925 555 ὅτι
2969 505 3057 555 καὶ
3090 506 3370 574 χρήσαιτο,
3406 504 3513 556 τῶν
3547 504 3711 573 ίερών

460 598 625 675 nibus
667 598 839 658 exuti,
876 612 997 665 quae
1032 597 1202 665 lapsis
1252 597 1458 665 alioqui
1506 597 1882 667 adjnmcntum
1934 595 2029 647 ali-

457 689 604 758 quod
636 688 832 741 afferre
867 696 1155 755 poterant;
1182 688 1400 741 tandem
1440 688 1531 740 Vt‘l.
1555 703 1707 741 sacra
1736 686 2028 751 divinaque

456 780 669 833 cime'ia
711 777 1027 845 contingere
1064 777 1242 846 iisque
1291 788 1535 829 nostram
1577 775 1751 829 solari
1790 775 2027 842 inopiam

458 869 836 922 statuerimus.
878 867 1035 933 Quod
1072 878 1235 921 certe
1258 869 1489 927 facinus,
1522 867 1577 921 in
1630 866 1906 935 plerisque
1941 880 2029 917 sa-

457 962 567 1013 cris
594 959 906 1027 divinisque
939 959 1199 1013 Ecclesiis
1221 959 1520 1012 admissum
1554 966 1671 1021 cst;
1706 973 1806 1010 nec
1836 970 2029 1009 sacro-

461 1067 581 1103 rum
614 1050 973 1103 donariornm
1000 1065 1169 1118 pauca
1206 1049 1260 1101 iu
1292 1048 1541 1117 publicos
1564 1056 1851 1101 cesserant
1875 1060 2028 1099 usus.

459 1146 649 1213 Neque
690 1160 757 1198 eo
795 1145 1016 1213 quidem
1054 1143 1230 1196 adacti
1269 1157 1460 1197 sumus
1497 1150 1554 1193 ut
1582 1139 1880 1208 quidquam
1912 1153 2024 1189 ιιιοο

458 1236 689 1288 lin-mur
723 1236 803 1288 rel
846 1234 901 1287 in
948 1233 1040 1286 Dei
1086 1231 1474 1285 contumeliam
1519 1239 1575 1283 et
1625 1236 2027 1296 contemptum,

460 1327 545 1379 vel
591 1325 644 1377 in
677 1338 867 1378 eorum
913 1323 1252 1393 despectum,
1285 1336 1405 1389 qua:
1438 1321 1511 1373 illi
1559 1320 1647 1389 pia
1690 1315 2031 1371 consecravit

458 1415 757 1485 antiquitas
788 1413 955 1483 (quod
987 1428 1146 1466 omen
1194 1414 1335 1465 Dens
1364 1412 1432 1463 ab
1465 1410 1614 1463 omni
1646 1410 1829 1462 animo
1868 1406 2030 1461 Chri-

457 1507 619 1561 stiani
677 1506 915 1559 nominis
963 1504 1339 1558 amantissimo
1370 1500 1624 1568 avertat),
1670 1499 1764 1553 sed
1805 1506 2031 1567 urgente

458 1608 765 1667 temporum
803 1597 1129 1651 necessitate
1162 1604 1326 1663 atque
1348 1596 1513 1646 etiam
1552 1590 1783 1645 consilio
1818 1601 2028 1653 nostro,

457 1688 605 1757 quod
647 1686 825 1740 medio
871 1701 930 1740 se
975 1685 1131 1753 operi
1183 1684 1423 1738 miscuit.
1473 1680 1845 1750 linperatorize
1883 1679 2027 1733 enim

460 1778 761 1847 majestatis
784 1785 984 1829 nostra:
1018 1775 1205 1828 auinio
1228 1775 1405 1826 visum
1437 1783 1545 1833 est,
1571 1773 1719 1825 nulla
1743 1772 1911 1825 Deum
1947 1772 2027 1825 ira

2134 598 2277 665 ἔγνω
2306 601 2398 649 καὶ
2446 597 2606 649 θείων
2659 596 2901 665 ἅψασθαι
2945 597 3244 664 κειμηλίων
3290 599 3381 649 καὶ
3413 596 3620 658 τούτοις
3650 596 3713 646 το

2131 691 2230 758 τῆς
2270 688 2457 759 χρείας
2506 688 2683 740 ἐνδέον
2727 688 3249 755 παραμυθήσασθαι.
3299 687 3463 738 Tomi.
3508 686 3608 755 μὲν
3650 684 3715 738 τὸ

2132 781 2292 851 ίργον
2319 782 2377 833 ὲν
2413 779 2631 842 πολλαῖς
2664 779 2774 831 τῶν
2820 780 2995 847 ἁγίων
3024 779 3331 847 ἐκκλησιῶν
3359 778 3710 847 διεπράξατο,

2132 875 2227 925 καὶ
2268 869 2440 925 πολλὰ
2479 871 2589 924 τῶν
2632 870 3002 941 ἀναθημάτων
3054 871 3131 930 εἰς
3179 870 3442 941 δημοσίας
3479 867 3711 938 ἔστρεψε

2132 962 2341 1032 χρείας,
2378 961 2477 1031 οὐχ
2511 960 2667 1030 ὕϐρει
2702 962 2797 1013 καὶ
2844 960 3233 1030 περιφρονήσει
3267 959 3424 1024 Θεοῦ,
3457 960 3567 1012 οὐδ’
3599 960 3712 1010 ὀλιι

2132 1052 2312 1123 γωρίᾳ
2354 1054 2461 1105 τῶν
2506 1052 2718 1119 εὖαγὼς
2770 1051 2919 1121 αὐτῷ
2969 1052 3341 1103 ἀνατεθέντων
3373 1050 3559 1120 (ἀπείη
3602 1032 3711 1118 γᾶρ

2131 1141 2287 1195 τοῦτο
2318 1141 2500 1211 πάσης
2525 1142 3051 1211 χριστιανικωτάτης
3082 1141 3307 1210 ψυχῆς),
3352 1140 3487 1192 ἀλλὰ
3515 1138 3711 1208 καιροῦ

2131 1232 2473 1302 περιστάσει,
2508 1231 2602 1283 καὶ
2637 1229 2882 1299 λογισμῷ
2914 1229 3206 1298 ἁπτομένῳ
3242 1230 3421 1298 μέσως
3442 1224 3537 1277 τοῦ
3565 1226 3709 1295 πρά-

2132 1340 2359 1392 γματος.
2405 1323 2567 1393 ᾩήθη
2619 1324 2728 1392 γὰρ
2780 1324 2813 1391 ἡ
2850 1321 3049 1391 καρδία
3101 1321 3198 1390 τῆς
3254 1318 3531 1387 βασιλείας
3582 1335 3709 1386 μου.

2134 1411 2301 1481 μηδέν
2356 1430 2408 1465 τι
2451 1412 2699 1465 ἐντεῦθεν
2740 1413 3055 1483 ὀργίζεσθαι
3115 1412 3204 1462 τὸν
3232 1407 3402 1473 Θεὸν,
3444 1408 3577 1461 ὅπου
3635 1407 3712 1475 μὴ

2131 1504 2346 1573 πονηρὰ
2401 1504 2703 1573 συνείδησις
2759 1503 3185 1574 προκατακρίνει
3236 1500 3327 1553 τὸν
3382 1500 3710 1570 πράττοντα.

2144 1596 2294 1647 Ἐπεὶ
2325 1595 2380 1647 δὲ
2418 1597 2510 1647 καὶ
2544 1596 2595 1647 εἴ
2623 1596 2675 1647 τί
2709 1612 2810 1647 που
2856 1597 2913 1647 ἐν
2943 1598 3053 1656 τοῖς
3089 1593 3376 1662 βασιλείοις
3420 1590 3717 1643 ὑπόλοιπον

2129 1679 2216 1754 ἦν,
2250 1684 2621 1754 κατειργάσθη
2656 1683 2757 1753 μὲν
2790 1686 3010 1737 κακεῖνο
3035 1683 3126 1735 καὶ
3157 1681 3430 1754 ἀνηλώθη,
3464 1681 3714 1749 ἐχώρησε

2129 1775 2187 1827 δὲ
2217 1777 2297 1837 εἰς
2340 1775 2507 1844 μτδὲν
2553 1776 2673 1827 δέον
2716 1775 2783 1827 τα
2836 1776 2944 1827 ἀπὸ
2995 1775 3102 1827 τῶν
3135 1775 3307 1842 ἁγίων
3355 1771 3712 1841 περιελθόντα

461 1873 590 1926 inde
626 1871 896 1941 percitum
927 1870 1017 1933 iri,
1054 1870 1146 1924 tibi
1196 1884 1350 1923 mens
1399 1870 1536 1921 male
1568 1865 1787 1920 conscia
1823 1864 2026 1918 nullius

2131 1868 2458 1936 ἐκκλησιῶν,
2490 1869 2584 1921 καὶ
2616 1870 2763 1920 πὶσα
2801 1868 2898 1937 μὲν
2929 1869 2960 1936 ἡ
2993 1868 3233 1935 προτέρα
3276 1866 3440 1937 βουλὴ
3470 1865 3563 1917 ἐπὶ
3591 1865 3711 1925 ταῖς

457 1964 711 2019 criminis
757 1972 1007 2033 agentem
1057 1979 1213 2016 reum
1269 1971 1613 2031 coargucrct.
1664 1960 1802 2013 Cum
1842 1966 2027 2013 autem

458 2054 729 2123 quidquid
764 2055 818 2107 in
856 2055 1225 2123 imperatoriis
1256 2053 1463 2107 a-rariis
1496 2062 1787 2121 supererat
1816 2051 2027 2103 exhau—

368 2206 377 2216 ,
458 2156 603 2200 stqu
637 2155 692 2198 et
716 2146 1055 2213 insumptum
1080 2154 1248 2205 esset,
1277 2160 1378 2198 nec
1412 2144 1464 2196 in
1502 2144 1641 2195 ullos
1674 2157 1805 2194 usus
1836 2155 2028 2193 ncces-

459 2241 637 2295 sarios
686 2254 750 2292 ea
797 2239 1099 2293 cessissent
1143 2252 1265 2305 quae
1313 2251 1343 2289 a
1373 2238 1580 2289 sanctis
1623 2242 2033 2287 extorseramus

460 2331 733 2396 ccclesiis,
761 2341 873 2384 tum
929 2344 1061 2382 vero
1104 2328 1397 2382 consilium
1448 2340 1611 2381 omne
1654 2334 1906 2379 nostrum
1954 2331 2033 2376 tot

461 2420 707 2489 undique
776 2418 1037 2488 periculis
1096 2416 1419 2469 liomaniam
1490 2414 2033 2468 circuutvallantibus

462 2515 743 2565 inversum
778 2517 835 2560 et
875 2506 1263 2560 labefactatum
1306 2514 1409 2558 est.
1453 2503 1720 2568 Quocirca
1756 2502 2032 2572 plerisque

462 2604 517 2657 in
549 2601 686 2655 locis
716 2600 958 2653 hostium
1000 2610 1317 2653 nostrorum
1357 2611 1529 2650 cornu
1575 2595 1876 2649 exaltatum
1914 2604 2030 2661 est;

458 2692 745 2761 nostrique
764 2691 907 2744 adeo
940 2690 1159 2758 imperii
1197 2687 1824 2755 naviculzenaufraginm
1853 2685 2032 2738 immi-

460 2793 578 2850 net,
610 2784 716 2837 nisi
765 2792 1076 2852 prmpotcus
1127 2781 1224 2835 Dei
1264 2781 1443 2834 virtus
1474 2779 1564 2843 iis,
1589 2778 1791 2847 quibus
1832 2777 2033 2831 assolet

456 2876 703 2946 iudiciis,
752 2875 899 2928 illam
958 2873 1234 2935 vindicet,
1287 2871 1689 2940 procellamque
1747 2870 1919 2938 ipsam
1975 2868 2030 2922 in

460 2981 649 3020 auram
721 2972 1026 3019 Convertat.
1080 2964 1269 3032 Itaque
1329 2962 1696 3031 imperatoriae
1759 2960 2029 3029 maiestati

459 3069 660 3114 nostra:
682 3060 887 3129 majore
912 3072 1043 3111 cura
1068 3056 1487 3125 disquireudum
1510 3064 1567 3108 ct
1591 3052 2030 3121 investigandum

458 3168 582 3206 esse
617 3151 793 3205 risum
819 3158 924 3211 est.
951 3148 1084 3219 quid
1119 3148 1335 3202 tandem
1372 3148 1444 3201 sit
1474 3145 1609 3199 illud
1634 3142 1782 3213 quod
1825 3152 2029 3198 tantam

2132 1958 2521 2028 περισχούσαις
2566 1960 2665 2027 τὴν
2708 1958 3019 2027 Ῥωμανίαν
3059 1958 3444 2027 στενοχωρίαις
3473 1959 3552 2019 είς
3585 1956 3712 2007 τοῦ-

2131 2048 2343 2101 ναντίον
2377 2047 2730 2117 περιηνέχθη,
2766 2046 3095 2115 πολλαχόθεν
3137 2046 3193 2098 δὲ
3229 2047 3291 2098 τὸ
3325 2047 3489 2115 κέρας
3520 2046 3712 2115 ὑψώθη

2132 2139 2240 2190 τῶν
2274 2140 2720 2208 ἐπανισταμένων
2754 2140 2912 2207 ἡμῖν,
2947 2140 3043 2190 καὶ⁸
3089 2138 3145 2189 τὸ
3178 2139 3276 2206 τῆς
3312 2137 3585 2208 βασιλείας
3608 2137 3711 2208 ήδη

2135 2230 2341 2298 σκάφος
2374 2232 2560 2282 πεσεῖν
2590 2230 2923 2300 ὑποϐρὺχιον
2950 2229 3272 2294 κινδυνεύει,
3309 2232 3359 2287 εί
3390 2231 3465 2299 μὴ
3502 2231 3535 2299 ἡ
3574 2246 3714 2283 παν-

2132 2319 2303 2391 αλκίςς
2351 2318 2580 2389 δύναμις
2628 2320 2721 2373 τοῦ
2768 2320 2901 2373 Θεοῦ
2960 2316 3040 2383 οἷς
3088 2318 3196 2373 οἵδε
3241 2321 3503 2389 κρίμασιν
3542 2320 3713 2372 αὑτοῦ

2132 2411 2485 2480 ἀντιλήψεται
2532 2413 2628 2463 καὶ
2672 2413 2751 2474 εἰς
2799 2410 2972 2482 αὔραν
3007 2413 3193 2480 στήσει
3246 2413 3345 2479 τὴν
3394 2411 3710 2478 καταιγίδα.

2138 2501 2323 2564 Ἔδοξε
2365 2504 2432 2572 τῇ
2480 2501 2730 2569 βασιλείᾳ.
2782 2503 2939 2573 ἡμῶν
2988 2502 3411 2571 ἐπιμελέστερον
3458 2503 3715 2572 ἁνιχνεύο

2136 2592 2332 2645 σασξὶαι
2366 2594 2459 2648 καὶ
2493 2592 3043 2662 πολυπραγμονῆσαι,
3076 2595 3128 2646 τί
3176 2594 3237 2662 δή
3278 2610 3407 2645 ποτε
3450 2593 3556 2662 ἄρα
3595 2595 3715 2645 ἐστὶ

2132 2688 2192 2740 τὸ
2216 2687 2308 2740 ἐπὶ
2339 2687 2591 2741 τοσοῦτον
2625 2690 2855 2756 κινῆσαν
2889 2689 2987 2760 τὴν
3025 2690 3195 2761 ὀργὴν
3234 2690 3325 2743 τοῦ
3356 2691 3493 2743 Θεοῦ
3522 2693 3616 2745 καὶ
3650 2694 3715 2745 τὸ

2133 2781 2406 2851 ἁπὸτομον
2445 2781 2541 2834 τοῦ
2578 2781 2750 2851 θυμοῦ
2798 2782 2948 2854 αὐτῷ
3000 2783 3123 2837 καθ’
3175 2784 3333 2853 ἡμῶν
3380 2783 3711 2855 παροξῦναν.

2146 2871 2365 2939 ’Δμέλει
2417 2874 2513 2926 καὶ
2559 2875 2928 2943 συνεσκέψατο
2978 2879 3370 2945 πνευματικοῖς
3417 2878 3508 2929 καὶ
3547 2877 3713 2941 θείοις

2132 2962 2358 3034 ἀνδράσι
2391 2964 2520 3035 περὶ
2561 2964 2656 3018 τοῦ
2693 2966 3017 3035 πράγματος
3042 2981 3056 2997 ⁸
3098 2967 3192 3019 καὶ¹
3223 2967 3345 3019 ἐπεὶ
3377 2966 3546 3036 ἔμαθε
3579 2967 3713 3039 παρ’

2134 3054 2332 3118 αὐτῶν,
2359 3054 2419 3106 οὐ
2453 3053 2655 3121 φαῦλον
2681 3050 2821 3106 εἶναι
2853 3054 3139 3125 παραίτιον
3173 3055 3266 3107 τοῦ
3292 3054 3436 3109 θείου
3468 3074 3712 3127 μηνιμα-

2133 3161 2245 3208 τος,
2286 3144 2530 3213 ἅψασθαι
2560 3146 2696 3210 ὅλως
2727 3148 2873 3216 ἡμᾶς
2909 3148 3017 3200 τῶν
3042 3148 3257 3217 εὐαγῶν
3301 3154 3393 3201 καὶ
3427 3149 3588 3202 θείων
3617 3150 3713 3203 τοῦ

457 3242 553 3297 Dei
581 3242 717 3297 iram
748 3240 1066 3303 eoueitarit,
1097 3239 1517 3305 violentumqne
1550 3236 1670 3305 ejus
1696 3234 1941 3288 furorem
1971 3233 2026 3286 iu

2133 3235 2269 3287 Θεοῦ
2303 3236 2602 3306 κειμηλίων
2631 3236 2757 3296 (κᾶν
2794 3237 2871 3308 μὴ
2899 3238 3007 3291 ἀπὸ
3036 3240 3278 3308 πονηρᾶς
3306 3239 3463 3293 τοῦτο
3486 3240 3714 3311 καρξίας

461 3350 565 3387 nos
599 3332 840 3386 exacuit.
896 3332 1168 3386 Praeterea
1213 3345 1337 3383 cum
1386 3328 1521 3381 viris
1570 3325 1759 3379 divino
1792 3325 2030 3379 maxime

459 3426 655 3494 spiritu
687 3423 882 3478 afﬂatis
923 3423 991 3478 de
1039 3438 1097 3477 re
1147 3423 1263 3491 ipsa
1298 3420 1592 3475 consilium
1640 3417 1802 3470 iniit:
1841 3424 1897 3469 et
1931 3431 2031 3484 po-

460 3526 746 3584 steaquam
783 3515 988 3569 certior
1016 3514 1083 3568 ab
1113 3513 1219 3566 iliis
1249 3512 1391 3567 facta
1420 3520 1524 3574 est,
1544 3508 1678 3563 satis
1700 3523 1821 3562 esse
1853 3521 2033 3560 causae

460 3624 561 3660 cur
590 3608 643 3659 in
683 3620 782 3660 nos
833 3607 911 3658 ira
952 3606 1136 3659 divina
1167 3602 1570 3664 excanduisset,
1602 3600 1748 3668 quod
1786 3596 2035 3667 profanis
2074 3656 2077 3659 ,

460 3700 715 3754 manibus
758 3714 912 3754 sacra
953 3697 1376 3765 venerandaque
1427 3703 1739 3749 sanctarum
1768 3691 2032 3745 ecclesia-

457 3805 580 3842 rum
635 3803 760 3843 vasa
808 3797 1313 3842 contrectassemus
1349 3786 1588 3854 (etiamsi
1632 3783 1675 3836 si
1729 3782 1876 3835 nulla
1927 3795 2030 3834 nos

454 3878 779 3947 improbitas
811 3878 1019 3931 inaleve
1066 3876 1285 3931 conscia
1332 3889 1488 3929 mens
1533 3889 1600 3928 co
1637 3870 2023 3941 permorisset)

453 3970 585 4041 quia
618 3950 882 4022 nimirum
915 3983 1095 4037 neque
1141 3982 1229 4021 res
1262 3966 1462 4021 divina:
1503 3963 1852 4033 profanaudae
1895 3964 2024 4030 sint,

451 4077 556 4117 nec
579 4078 607 4114 a
638 4061 731 4115 Dei
768 4062 1024 4115 manibus
1051 4058 1373 4129 repetenda,
1403 4057 1458 4110 in
1489 4056 1697 4110 aliosve
1727 4070 1858 4111 usus
1892 4072 2026 4113 cou-

2136 3327 2450 3396 πέπρακταί
2488 3345 2545 3379 τε
2596 3332 2687 3381 καὶ
2734 3330 3287 3403 τετελεσιούργηται),
3338 3333 3421 3385 ὅτι
3465 3333 3601 3402 μηδὲ
3643 3336 3716 3385 τι

2135 3418 2255 3470 θεῖα
2284 3418 2594 3473 κοινοῦσθαι
2646 3419 2753 3474 τῶν
2806 3421 3173 3492 ἐνδεχομένων
3205 3423 3339 3486 ὅλως
3381 3426 3521 3489 ἐστὶ,
3572 3424 3713 3494 μηδὲ

2132 3511 2202 3563 τὰ
2233 3512 2312 3573 εἰς
2344 3514 2533 3581 χεῖρας
2577 3511 2956 3581 παρατεθέντα
3005 3514 3140 3566 Θεοῦ
3184 3513 3244 3577 ἐξ
3289 3515 3514 3568 ἐκείνων
3555 3510 3713 3578 αὖθις

2135 3603 2588 3671 ἁνταφαιρεῖσθαι
2621 3605 2715 3657 καὶ
2763 3605 2843 3667 εἰς
2892 3605 3080 3677 ἐτέρας
3112 3607 3300 3675 χρείας
3344 3607 3711 3672 καταϐιϐάζε-
3748 3624 3759 3630 ’

2135 3696 2260 3749 σθαί
2290 3712 2348 3748 τε
2388 3698 2480 3748 καὶ
2527 3697 2892 3766 στρέφεσθαι’
2950 3697 3060 3750 δεῖν
3114 3699 3256 3766 ἔγνω
3304 3697 3420 3768 ἅμα
3458 3701 3561 3768 μὲν
3612 3701 3715 3768 τὴν

2132 3788 2433 3855 μέλλουσαν
2466 3789 2642 3859 ὁρμὴν
2676 3789 2989 3843 ἀναστεῖλαι
3020 3790 3113 3845 τοῦ
3150 3791 3351 3855 κακοῦ,
3389 3793 3476 3846 ἴνα
3511 3795 3714 3863 μηκέτι

2127 3880 2190 3931 τὸ
2236 3879 2344 3932 ἀπὸ
2374 3879 2527 3933 τοῦδε
2562 3881 2715 3950 παρὰ
2761 3882 3110 3951 Χριστιανοῖς
3158 3881 3436 3951 βασιλεῦσι
3476 3885 3711 3952 πάροδον

2129 3970 2266 4041 εὕρῃ
2317 3972 2467 4036 ποτὲ,
2503 3971 2620 4042 ἄμα
2669 3973 2729 4026 δὲ
2778 3974 2874 4027 καὶ
2916 3974 2985 4027 τὰ
3043 3974 3428 4046 προδιελθόντα
3479 3978 3712 4030 καθόσον

2132 4061 2318 4123 σθένος
2353 4062 2627 4117 ἰάσασθαι.

454 4153 738 4215 vertenda,
777 4168 843 4206 ea
878 4167 1001 4221 qua:
1042 4151 1210 4205 semel
1257 4150 1335 4203 illi
1391 4159 1712 4204 consecrata
1760 4148 1965 4205 fuerint
2000 4169 2015 4205 :
2054 4168 2238 4221 operae
2274 4155 2511 4223 pretium
2574 4156 2652 4211 illi
2686 4156 2804 4211 fore
2872 4157 3052 4213 visum
3087 4168 3193 4223 est,
3216 4170 3279 4216 et
3303 4159 3546 4214 futurum
3576 4159 3708 4222 mali

454 4251 719 4316 impetum
766 4246 1090 4315 reprimere,
1118 4258 1188 4299 ne
1233 4244 1344 4298 ullo
1387 4244 1743 4311 impostcrum
1778 4254 2027 4314 tempore
2066 4247 2210 4300 inter
2243 4247 2547 4304 Christiani
2616 4251 2861 4307 nominis
2924 4252 3203 4321 principes
3234 4252 3537 4321 irrepat,et
3568 4268 3711 4321 pra:-

454 4341 634 4395 tcritis
663 4339 841 4409 quoad
885 4341 1006 4409 ejus
1032 4336 1149 4392 fieri
1183 4350 1390 4405 posset,
1426 4351 1670 4405 prresens
1706 4336 1907 4392 all'erre
1937 4339 2264 4394 remedium.

520 4435 909 4500 Quamobrem,
947 4443 1008 4487 ut
1045 4433 1117 4488 sit
1146 4433 1352 4488 erranti
1400 4431 1671 4487 medicina
1719 4433 2016 4498 confessio,

2199 4435 2412 4490 Οὐκοῦν
2441 4437 2535 4490 καὶ
2561 4437 3027 4510 ἐξομολογουμένη
3060 4440 3289 4492 ἐνώπιον
3322 4439 3456 4493 Θεοῦ
3488 4440 3584 4495 καὶ
3611 4443 3710 4495 ἀν-

449 4546 636 4586 coram
678 4530 784 4583 Deo
829 4537 885 4582 et
916 4526 1235 4581 hominibus
1285 4525 1639 4595 imperatoria
1675 4542 1733 4583 se
1766 4529 2021 4598 majestas

2131 4526 2362 4598 θρώπων
2390 4531 2421 4597 η
2453 4528 2700 4598 βασιλεία
2735 4547 2838 4598 μου
2884 4531 2979 4583 καὶ
3027 4530 3124 4598 τὴν
3163 4530 3509 4603 συγχώρησιν
3538 4534 3597 4585 έν
3624 4529 3707 4596 οἷς

447 4622 756 4692 prolapsam
803 4620 1008 4671 fatetur
1043 4617 1368 4685 veniamque
1399 4616 1616 4671 delictis
1646 4632 1768 4686 qua:
1812 4627 2018 4672 temere

448 4713 670 4768 admisit
715 4726 781 4765 ex
831 4709 1041 4762 intimis
1084 4708 1252 4761 animi
1309 4706 1486 4777 adytis
1526 4708 1800 4776 postulat;
1849 4723 2020 4777 seque

448 4803 635 4857 omnia
665 4816 788 4870 qua:
821 4799 904 4853 sui
937 4806 1068 4854 sunt
1092 4797 1331 4867 imperii,
1357 4788 1549 4852 dirino
1568 4797 1784 4851 numini
1815 4782 2020 4852 manci-

450 4906 731 4968 patorum,
767 4908 943 4961 eaque
977 4891 1192 4947 viribus
1233 4891 1608 4960 imperatoriis
1633 4890 1819 4945 denuo
1858 4892 2021 4945 resti-

450 4996 698 5039 tuturum
737 4983 1046 5053 pollicetur,
1077 4996 1201 5051 qua:
1225 4982 1278 5035 in
1311 4981 1640 5036 hodiernum
1668 4996 1841 5050 usque
1873 4981 2017 5034 diem

446 5080 517 5133 ab
557 5074 807 5130 ccclesiis
834 5074 944 5128 Deo
971 5075 1146 5127 sacris
1173 5073 1355 5126 ablata
1393 5072 1446 5126 in
1486 5073 1847 5140 publicasque
1886 5086 2019 5126 usus

446 5169 586 5225 male
622 5183 777 5222 versa
819 5178 973 5228 sunt,
1018 5166 1063 5218 si
1112 5165 1292 5226 modo,
1325 5181 1447 5233 qua:
1473 5166 1662 5220 orbem
1697 5164 2017 5219 universum

443 5258 720 5329 exagitat,
766 5256 1007 5326 procella
1055 5254 1393 5311 des-xvierit.
1443 5256 1788 5324 imperioque
1839 5266 2018 5316 status

445 5352 641 5407 melior
669 5350 953 5402 restitutus
984 5347 1172 5401 fuerit.
1204 5347 1328 5400 ll.cc
1363 5347 1509 5400 enim
1540 5348 1901 5415 persolveuda
1934 5349 2017 5401 ni-

441 5445 557 5500 hilo
596 5445 779 5498 secius
808 5458 969 5512 quam
998 5442 1272 5508 privatum
1306 5442 1529 5510 aliquod
1575 5441 1822 5495 debitum
1857 5442 1911 5493 in
1958 5458 2016 5496 se

440 5538 671 5607 recipit;
705 5552 805 5589 nec
836 5553 894 5590 se
941 5536 1147 5589 sanctis
1174 5536 1479 5587 obaeratum
1523 5535 1772 5589 ecclesiis
1816 5537 2017 5587 inliua-

440 5618 549 5681 iur.
592 5630 769 5693 Quare
805 5628 861 5680 in
902 5636 1180 5696 posterum
1219 5636 1332 5678 tum
1373 5626 1501 5690 sibi,
1539 5636 1654 5680 tum
1688 5639 1810 5695 post
1844 5643 1900 5679 se
1931 5626 2016 5678 fu-

439 5722 578 5772 turis
629 5719 930 5773 Cliristiaui
965 5720 1234 5789 dogmatis
1289 5718 1654 5788 principibus,
1701 5736 1865 5774 aurea
1915 5722 2016 5775 hac

436 5811 585 5866 bulla
640 5815 811 5882 legem
870 5830 980 5868 non
1034 5813 1216 5867 minus
1276 5814 1677 5867 observandam
1739 5816 2010 5883 imponit,

2127 4619 2355 4690 ἔδρασεν
2380 4622 2694 4692 ἀὸιυλήτως
2738 4625 2803 4675 ἐκ
2844 4625 3018 4693 μέσης
3060 4625 3478 4695 ἀνακαλουμένη
3506 4625 3706 4695 ψυχῆς,

2128 4714 2512 4783 παρεγγυᾶται
2536 4715 2631 4767 καὶ
2655 4717 2714 4768 ἰν
2734 4717 2956 4785 ἐπηκόῳ
2978 4715 3111 4768 θεοῦ
3138 4718 3508 4779 κατατίθεται,
3529 4721 3669 4770 πάντ
3686 4740 3705 4767 ι.

2127 4806 2196 4859 τὰ
2221 4806 2333 4858 ἀπὸ
2358 4810 2456 4877 τῆς
2490 4808 2917 4877 αὐτοκρατορίας
2941 4809 3111 4877 αὐτῆς
3139 4811 3232 4862 καὶ
3263 4810 3392 4879 ἄχρι
3420 4810 3518 4880 τῆς
3542 4810 3708 4881 δεῦρο

2127 4915 2237 4951 των
2269 4899 2430 4968 ίερῶν
2454 4901 2761 4969 ἐκκλησιῶν
2808 4900 3179 4971 ἀφαιρεθέντα
3245 4903 3340 4955 καὶ
3375 4905 3451 4967 εἰς
3480 4904 3576 4965 τὰς
3608 4903 3705 4955 τοῦ

2127 4993 2386 5061 δημοσίου
2414 4997 2609 5065 χρείας.
2638 4995 2948 5065 στραφέντᾳ
2975 4996 3524 5065 ἀποκαταστήσεσθαι
3552 4997 3707 5062 αὖθις

2128 5082 2279 5151 παρὰ
2307 5081 2402 5135 τοῦ
2434 5085 2669 5152 κράτους
2713 5084 2882 5153 αὐτῆς
2925 5086 3041 5147 ταῖς
3073 5084 3393 5153 ἐκκλησίαις
3421 5085 3515 5137 τοῦ
3546 5087 3704 5151 Θεοῦ,

2129 5174 2268 5241 μετὰ
2294 5172 2391 5243 τὴν
2425 5175 2524 5243 τῆς
2554 5175 2825 5244 κοσμικῆς
2869 5175 3181 5242 καταιγίδος
3228 5176 3581 5229 κατάπτωσιν
3614 5179 3708 5230 καὶ

2126 5269 2223 5332 τὴν
2250 5266 2346 5333 τῆς
2393 5266 2667 5335 βασιλείας
2710 5270 2795 5330 είς
2843 5268 2903 5321 τὸ
2942 5270 3189 5337 κρεῖττον
3234 5270 3704 5324 ἀποκατάστασιν.

2139 5356 2223 5419 Ὠς
2258 5359 2365 5426 γὰρ
2399 5358 2529 5410 ἴδιον
2559 5362 2716 5427 χρέος
2742 5360 2884 5412 αὐτὰ
2925 5360 3263 5429 ἀναδέχεται,
3300 5362 3393 5414 καὶ
3420 5360 3705 5430 ὀφειλέτης

2125 5445 2265 5500 εἶναι
2292 5456 2411 5511 ταῖς
2444 5453 2628 5518 ἁγίαις
2677 5455 2997 5521 ἐκκλησίαις
3041 5454 3142 5507 οὐκ
3190 5454 3577 5508 ἀπαναίνεται.
3610 5455 3706 5516 Εἰς

2125 5542 2179 5593 δέ
2215 5560 2276 5608 γε
2306 5543 2398 5596 τὸν
2428 5545 2685 5614 ἐσόμενον
2716 5546 2824 5598 ἀπὸ
2864 5545 3018 5598 τοῦδε
3067 5547 3258 5617 χρόνον
3298 5548 3462 5617 ἑαυτῇ
3511 5564 3570 5598 τε
3608 5549 3707 5600 καὶ

2126 5637 2260 5687 πᾶσι
2290 5637 2403 5698 τοῖς
2432 5635 2550 5704 μετ’
2582 5638 2752 5707 αὐτὴν
2778 5637 3128 5706 Χριστιανοῖς
3167 5638 3447 5707 βασιλεῦσι
3479 5636 3566 5689 διὰ
3600 5637 3704 5705 τῆς

2126 5726 2405 5792 παρούσης
2432 5745 2532 5796 χρυ
2544 5728 2827 5780 σοϐούλλου
2854 5732 3072 5797 γραφῆς
3097 5731 3186 5782 τὸν
3205 5731 3313 5782 ἀπὺ
3344 5727 3476 5783 Θεοῦ
3503 5728 3703 5796 δεσμὸν

2125 5820 2430 5889 ἐπιτίθησι,
2489 5821 2685 5890 μηκέτι
2739 5820 3007 5889 τολμῆσαι
3058 5820 3297 5889 ἅψασθαι
3353 5820 3547 5889 ἱερῶν,
3598 5818 3703 5873 κᾶν
