4064 6448
450 374 557 435 935
628 378 629 381 “

1724 354 1985 417 ALEXII
2024 352 2374 417 COMNENI

3618 349 3759 413 ’936

448 484 809 556 imperatoria
844 480 1231 553 jurisdictionc
1266 484 1521 547 exempta
1553 482 1611 530 ct
1657 473 1916 528 libertate
1948 470 2033 524 in-
2063 516 2066 527 .

2169 469 2558 523 ἰωνσταντίνου
2592 468 2687 521 καὶ
2720 466 2814 519 ἐπὶ
2860 464 2971 519 τῶν
2998 463 3240 534 δεήσεων
3286 462 3392 516 τοῦ
3429 463 3771 531 Χοιροσφά-

455 592 612 650 tcgra
639 578 837 631 donata
868 574 960 629 ιιιιί
995 573 1107 627 Deo
1143 580 1201 624 et
1234 569 1522 624 monachis
1549 580 1706 620 sacra
1736 561 1869 626 erit,
1908 559 2037 630 qui-

455 674 560 729 bus
588 671 721 725 solis
744 670 823 722 fas
848 675 933 721 est
952 664 1028 718 ibi
1056 664 1277 734 degere,
1298 673 1356 716 et
1384 660 1479 730 qui
1515 659 1682 714 laicos
1698 669 1911 717 omnes,
1943 650 2038 722 qui

454 762 526 816 ob
546 759 941 814 commercium
967 754 1170 808 aliusve
1192 753 1319 807 vitae
1334 750 1513 806 civilis
1534 748 1774 803 rationes
1792 744 1868 800 ibi
1892 757 2042 805 com-

456 866 640 906 meare
668 851 862 913 velint,
899 846 1030 902 inde
1057 844 1387 902 excludendi
1419 844 1507 914 jus
1525 841 1826 896 habebunt.
1860 834 2042 891 Vesti-

456 943 562 997 bus
585 957 752 1011 porro
805 939 1104 995 mundanis
1135 938 1173 992 ii
1204 936 1306 992 soli
1371 943 1605 989 utuntur
1635 932 1728 1002 qui
1786 926 2045 987 mercede

456 1033 715 1088 conducti
770 1031 1058 1086 monachis
1084 1029 1259 1084 cilicia
1290 1033 1569 1098 praestant.
1616 1024 1767 1093 iique
1821 1019 2048 1077 caelibes

458 1124 577 1178 sine
598 1122 864 1178 uxoribus
881 1121 1137 1176 liberisve
1156 1128 1340 1174 erunt.
1358 1115 1624 1170 Videlicet
1639 1113 1897 1183 majestas
1913 1123 2047 1163 nos-

460 1226 545 1270 tra
564 1208 782 1269 omnem
801 1214 1006 1270 scelera
1025 1209 1274 1282 patrandi
1288 1209 1430 1264 viam
1445 1216 1612 1277 atque
1626 1218 1817 1259 ansam
1831 1201 2048 1255 Satauw

464 1305 753 1361 rescindit.
789 1303 1120 1357 Delicatulos
1152 1300 1317 1370 igitur
1349 1307 1407 1355 et
1450 1299 1701 1358 nocivos,
1755 1293 2040 1353 mulieres.

460 1414 662 1469 pueros
687 1397 1081 1465 eunuchosque
1095 1394 1190 1463 qui
1225 1393 1556 1448 innocentia:
1578 1391 1904 1461 plerumque
1929 1385 2046 1440 bel-

460 1492 576 1546 lum
624 1489 1035 1550 machinantur,
1084 1486 1155 1540 ab
1184 1486 1289 1540 ista
1340 1484 1523 1539 insula
1570 1480 2051 1551 probibemusse-

460 1582 701 1637 cundum
721 1580 1031 1634 lundatoris
1052 1590 1436 1646 precescoram
1461 1586 1557 1628 met
1568 1572 1866 1631 exhibitas,
1900 1583 2051 1623 exce-

460 1672 573 1743 ptis
586 1670 775 1741 utique
790 1669 885 1738 qui
904 1666 1296 1721 monachorum
1313 1663 1732 1719 necessitatibus
1747 1658 2052 1714 inserviunt

462 1764 599 1818 viris
623 1763 876 1818 caelibem
904 1760 1073 1813 vitam
1100 1756 1512 1827 proﬁtentibus.
1533 1754 1626 1824 qui
1658 1752 2047 1807 monachorum

2139 579 2269 615 κτου
2300 561 2396 614 τοῦ
2446 560 2650 616 οἰκείου
2697 558 2991 629 ἀνθρώπου
3017 558 3119 626 τῆς
3145 556 3440 626 βασιλείας
3481 571 3625 624 μου.
3674 554 3771 617 '0;

2139 653 2249 724 γὰρ
2269 653 2552 723 ἐξαίρετόν
2575 668 2628 707 τι
2676 652 2935 720 ἀνάθημα
2964 649 3062 702 καὶ
3086 646 3449 719 καλλιέρημα
3485 646 3770 716 μέγιστον

2139 746 2229 799 διὰ
2251 747 2420 815 μέσου
2445 746 2542 798 τοῦ
2570 742 2672 814 τὴν
2693 744 2912 812 αἴτησιν
2941 741 3326 808 ἀνενεγκόντος
3357 737 3629 809 μοναχοῦ
3663 738 3773 806 τὴν

2140 838 2403 908 τοιαύτην
2424 837 2587 906 νῆσον
2610 838 2644 907 ή
2675 835 2924 903 βασιλεία
2949 850 3053 903 μου
3084 836 3306 904 ἀφιεροτ
3345 833 3439 902 τῷ
3470 832 3631 902 Θεῷ,
3665 832 3772 886 καὶ

2142 930 2297 982 ἔσται
2330 931 2433 982 ἀπό
2455 946 2519 995 γε
2550 928 2648 998 τῆς
2672 930 2913 998 σήμερον
2946 928 3040 982 καὶ
3067 927 3146 989 εἰς
3170 925 3296 988 τοὺς
3320 925 3464 993 ἑξῆς
3493 924 3770 988 ἅπαντας

2145 1023 2242 1072 καὶ
2264 1018 2534 1088 διηνεκεῖς
2578 1017 2809 1089 χρόνους
2842 1015 3246 1087 ἀπεσπασμένη
3280 1014 3386 1082 μὲν
3416 1015 3542 1068 τῶν
3603 1012 3770 1083 βασι-

2145 1109 2314 1162 λικῶν
2333 1109 2578 1174 δικαίων,
2611 1108 3008 1178 ἀπηλλαγμὲνη
3034 1107 3092 1160 δὲ
3135 1108 3228 1159 καὶ
3254 1105 3365 1159 τῶν
3396 1104 3773 1175 σσκρετικῶν

2146 1200 2390 1270 ἀρκύων,
2421 1201 2568 1268 μόνῳ
2585 1200 2644 1253 δὲ
2673 1198 3070 1269 ἀνατεθειμινη
3095 1197 3218 1268 Θεῷ
3243 1197 3339 1250 καὶ
3363 1199 3491 1259 τοῖς
3524 1199 3590 1249 ἐν
3618 1196 3769 1266 αὐτῇ

2152 1295 2430 1361 μοναχοίς,
2483 1292 2532 1344 οἳ
2568 1293 2665 1346 καὶ
2698 1291 2852 1361 μόνοι
2900 1292 2960 1343 ἂν
2998 1290 3135 1360 αὐτῇ
3174 1288 3652 1358 αὐλισθήσονται,
3690 1289 3772 1357 μὴ

2152 1383 2560 1454 συγχωροῦντές
2592 1400 2702 1437 τισι
2726 1382 2836 1435 τῶν
2859 1381 3064 1436 λαϊκῶν
3113 1380 3256 1449 λόγῳ
3304 1381 3627 1450 παροικίας
3669 1383 3772 1447 ιγ-

2153 1478 2443 1542 κατοίκους
2474 1478 2647 1549 ταύτῃ
2672 1476 2941 1546 γίνεσθαι,
2966 1476 3241 1546 ἐμπορίας
3273 1475 3410 1539 ι’σως
3446 1475 3483 1545 ἢ
3546 1475 3690 1529 ἄλλο
3716 1491 3775 1527 τι

2151 1567 2492 1637 ἐπιτήδευμα
2524 1566 2641 1637 βίου
2695 1568 3162 1638 μετερχομένους.
3208 1566 3381 1621 Μόνοι
3418 1566 3543 1637 γὰρ
3574 1567 3641 1619 ὲν
3675 1583 3772 1620 κο-

2153 1659 2337 1728 σμικῷ
2367 1659 2610 1729 σχήματι
2638 1662 2704 1729 τῇ
2726 1660 2875 1729 νήσῳ
2901 1659 3394 1728 ἔγκατοικήσουσιν
3425 1658 3484 1710 οι
3524 1659 3776 1727 μισθαρ-

2153 1746 2369 1811 νοῦντες
2412 1751 2527 1812 τοῖς
2582 1750 2862 1819 μοναχοτς,
2915 1749 3011 1801 καὶ
3055 1742 3202 1801 οὗτοι
3226 1748 3436 1815 ἄζυγες
3482 1748 3591 1802 καὶ
3624 1748 3774 1818 μήτε

462 1853 865 1925 aliquantisper
881 1852 1093 1907 similes
1107 1851 1258 1905 cultu
1289 1856 1500 1903 tantum
1517 1857 1745 1902 externo
1765 1843 2045 1899 diﬂerunt.

2169 1840 2369 1907 (nimii.
2393 1811 2792 1904 συνοικοῦντες,
2828 1811 2968 1911 μήτε
3002 1840 3111 1911 μὴν
3138 1811 3774 1909 παῖδαςνεχοντεςίῐίᾶ-

464 1944 770 2015 Occupabit
815 1945 986 2013 igitur
1030 1940 1264 1995 insulam
1313 1937 1559 2007 viqsape
1577 1945 2052 1991 memoratuscum

464 2035 754 2089 monachis
773 2033 889 2087 suis
905 2029 1267 2102 pmsentibus
1287 2042 1353 2083 ac
1371 2025 1595 2090 futuris,
1617 2024 1845 2095 insuper
1862 2037 2055 2078 mona-

463 2128 694 2183 sterium
707 2126 761 2179 in
778 2126 964 2179 Pattno
982 2123 1159 2178 insula
1176 2118 1608 2177 construendum
1633 2117 1689 2171 in
1705 2124 2053 2187 perpetuum,

466 2219 591 2272 sine
649 2214 998 2284 vectigalium
1040 2211 1388 2283 gravamine,
1449 2206 1906 2277 indcpendcuter,
1951 2204 2067 2258 ina-

373 2357 383 2365 .
465 2305 827 2367 lienabiliter,
869 2305 923 2363 in
945 2312 1233 2358 aeternum.
1253 2298 1497 2369 Propriis
1516 2310 1683 2367 porro
1698 2311 1817 2350 eam
1839 2294 2061 2372 statutis

469 2396 839 2469 gubernabit;
868 2404 925 2451 et
947 2395 1016 2458 si,
1053 2394 1161 2447 Deo
1184 2393 1256 2447 ita
1282 2390 1525 2453 volente,
1551 2403 1619 2443 ex
1642 2401 1837 2456 aspera
1858 2395 1915 2442 et
1938 2387 2059 2440 ina—

472 2500 657 2541 mmna
686 2484 924 2539 fertilem
949 2489 1006 2537 et
1033 2481 1355 2551 opulentam
1387 2478 1576 2533 labore
1602 2492 1706 2531 suo
1730 2475 2055 2541 reddiderit,

476 2577 663 2645 ipsiet
695 2574 981 2629 monachis
1003 2573 1120 2629 suis
1141 2573 1420 2642 propriam
1454 2569 1572 2624 fore
1598 2569 1857 2623 volumus
1893 2570 1968 2623 ita
2003 2576 2065 2622 ut

473 2669 683 2724 nemini
708 2681 936 2737 prorsus
976 2662 1478 2720 administrationis
1518 2661 1789 2716 rationem
1845 2662 2059 2716 reddat.

472 2759 725 2812 Attamen
748 2755 928 2809 haecce
946 2754 1136 2809 insula:
1157 2753 1318 2807 dicla:
1341 2752 1564 2807 donatio
1593 2757 1738 2808 hanc
1770 2751 2068 2808 restrictio-

475 2861 601 2902 ηοω
636 2846 801 2900 habet
829 2854 888 2899 ut
929 2852 1083 2899 extra
1120 2845 1289 2913 ipsam
1312 2842 1366 2897 in
1393 2842 1498 2897 alia
1538 2857 1867 2911 quacunque
1890 2841 2067 2897 insula

478 2939 713 2994 fundum
746 2938 1033 3009 acquirere
1061 2946 1318 3006 nequeat.
1337 2935 1689 3008 Qumcunque
1710 2946 1894 2991 autem
1915 2935 1970 2990 in
1991 2935 2070 2991 Co

476 3032 656 3087 insula
671 3031 778 3086 huc
800 3046 970 3100 usque
988 3044 1238 3100 possessa
1258 3038 1496 3096 tenet,ut
1510 3029 1845 3084 monasterio
1866 3028 2069 3083 ibidem

475 3122 841 3195 abjudicanda
860 3125 991 3177 lisco
1021 3123 1368 3185 addieeutur,
1395 3122 1644 3190 exceptis
1663 3120 1827 3190 Lipso
1843 3136 1906 3175 ac
1928 3119 2070 3173 Lero

478 3211 693 3278 insulis,
717 3229 853 3284 quas
874 3214 1110 3268 adhunc
1140 3227 1310 3283 usque
1334 3212 1481 3266 diem
1521 3213 1573 3264 in
1614 3213 1821 3265 ditione
1854 3210 2070 3265 habuit.

480 3308 578 3362 llis
600 3308 784 3375 itaque
804 3306 855 3360 vi
875 3312 933 3359 et
961 3314 1154 3360 tenore
1187 3304 1349 3358 bullae
1368 3317 1551 3358 aureae
1581 3302 1813 3359 antehac
1849 3317 1879 3361 a
1915 3301 2075 3357 nobis

478 3399 696 3454 emissae
728 3396 783 3450 in
816 3404 1097 3467 posterum
1117 3407 1336 3463 quoque
1364 3393 1606 3464 praeerit,
1642 3393 1815 3458 nullo,
1846 3403 1906 3448 ut
1932 3393 2076 3448 dixi-

479 3502 628 3553 mus,
659 3487 829 3542 fundo
851 3487 905 3541 in
933 3500 1265 3557 quacunque
1283 3486 1389 3540 alia
1418 3485 1592 3540 insula
1615 3485 2072 3554 superacquisito.

492 3581 594 3635 llas
618 3578 785 3651 igitur
804 3578 950 3634 solas
977 3590 1034 3633 et
1057 3578 1287 3633 Patmon
1318 3576 1553 3631 insulam
1586 3577 1670 3630 vir
1707 3576 1799 3631 ille
1856 3575 2077 3645 religio-

482 3688 579 3727 sus
606 3681 663 3726 et
690 3670 1085 3725 monachorum
1111 3668 1163 3723 ei
1182 3668 1532 3723 subditorum
1572 3677 1686 3721 tum
1717 3669 2073 3737 pra-sentiunt

485 3772 602 3817 tum
628 3763 936 3816 futurorum
958 3761 1252 3816 concilium
1281 3759 1640 3831 gubernabit,
1686 3759 1762 3813 ita
1805 3767 1987 3813 tamen
2013 3767 2074 3813 ut

484 3860 874 3911 monasterium
901 3854 954 3908 in
987 3853 1169 3908 insula
1208 3851 1603 3906 exstrueudum
1641 3851 1749 3905 illis
1799 3866 1940 3921 quos
1974 3865 2075 3904 no-

483 3946 822 4003 minavimus
849 3945 1172 4001 dominetur
1223 3944 1622 4007 indesinenter,
1661 3943 2071 4009 inviolabiliter,

485 4036 606 4093 sine
629 4036 1095 4108 reprehensione,
1130 4035 1336 4105 quippe
1364 4032 1512 4104 quod
1542 4046 1604 4089 ut
1633 4032 2072 4088 dominationem

488 4128 697 4184 lirmam
737 4137 794 4184 et
839 4127 1214 4183 omnimodam
1268 4134 1523 4182 exerceat
1573 4125 1797 4196 dignum
1827 4125 1918 4179 sit.
1946 4124 2078 4192 Quae

487 4218 790 4275 dominatio
815 4218 1022 4273 nemini
1059 4219 1324 4288 subjecta.
1354 4218 1439 4273 sui
1464 4218 1608 4288 juris
1638 4226 1803 4272 totam
1841 4216 2075 4271 insulam

490 4312 546 4366 in
570 4327 734 4366 omne
759 4319 975 4379 tempus
998 4310 1420 4379 complectetur,
1454 4309 1692 4379 propriis
1729 4315 1891 4362 utens
1919 4307 2078 4361 insli-

504 4404 639 4457 tutis
685 4418 747 4456 ac
769 4403 985 4472 legibus
1033 4417 1098 4457 ex
1131 4402 1315 4457 animo
1345 4401 1674 4465 fundatoris,
1706 4401 1955 4455 monachi
1988 4415 2077 4454 re-

2156 1947 2255 1984 σαν
2280 1933 2391 2001 γὰρ
2419 1931 2537 1984 όδὸν
2564 1932 2810 2002 πονηρᾶς
2840 1931 3068 2002 μεθόδου
3097 1930 3386 1987 ἀποκλείει
3417 1931 3506 2001 τῷ
3545 1932 3775 2003 Σατανᾷ

2155 2024 2189 2090 ή
2224 2023 2473 2092 βασιλεία
2516 2022 2675 2094 ήμῶν
2702 2039 2717 2055 °
2750 2025 2846 2079 καὶ
2874 2024 2963 2080 διὰ
3006 2022 3169 2079 τοῦτο
3215 2024 3332 2087 τοῖς
3357 2022 3541 2087 λείοις
3572 2042 3637 2078 τε
3675 2026 3776 2079 καὶ

2159 2112 2477 2184 βλαπικοῖς
2520 2113 2860 2185 προσώποις,
2892 2114 3109 2183 γυναιξί
3134 2131 3194 2169 τε
3221 2117 3315 2169 καὶ
3347 2115 3524 2169 παισὶ
3547 2118 3651 2173 καὶ
3673 2114 3774 2169 εύ-

2158 2204 2394 2274 νούχοις,
2423 2205 2518 2274 ἀφ’
2546 2198 2622 2260 ὧν
2654 2207 2731 2269 ὼς
2756 2205 2825 2258 τὰ
2871 2205 3043 2260 πολλά
3071 2206 3216 2261 κατὰ
3238 2204 3337 2275 τῆς
3359 2205 3561 2277 ψυχῆς
3591 2207 3771 2277 ἀναῤ-

2162 2295 2469 2364 ριπίζονται
2502 2297 2753 2365 πόλεμοι,
2786 2296 2990 2353 ἄϐατον
3039 2295 3182 2352 εἶναι
3207 2295 3306 2368 τήν
3337 2298 3517 2366 νῆσον
3548 2300 3773 2352 παντά-

2165 2403 2300 2440 πασι
2341 2386 2661 2457 διορίζεται,
2695 2388 2840 2442 καθὰ
2874 2387 3118 2457 δηλονότι
3167 2389 3261 2441 καὶ
3288 2388 3319 2440 ό
3347 2388 3772 2450 εύλαϐἐστατος

2162 2473 2317 2542 οὗτος
2341 2479 2479 2551 ἀνὴρ
2505 2480 2603 2549 τήν
2648 2479 2931 2551 βασιλείαν
2957 2496 3061 2550 μου
3084 2480 3358 2551 ᾐτήσατου
3392 2481 3585 2552 πάρεξ
3640 2481 3776 2551 μέν·

2164 2586 2247 2623 τοι
2284 2570 2392 2622 τῶν
2427 2571 2683 2640 μισθίων,
2713 2571 2789 2636 ὡς
2817 2571 3057 2644 εἴρηται,
3078 2573 3204 2627 ὅσον
3232 2572 3345 2643 (l3,
3371 2574 3691 2645 χρῄζουσιν
3720 2573 3772 2626 οι

2170 2660 2398 2730 μοναχοὶ
2422 2661 2501 2725 είς
2527 2662 2775 2716 δουλείαν
2817 2665 2919 2735 τῆς
2953 2663 3144 2734 νήσου,
3190 2665 3285 2719 καὶ
3315 2666 3542 2721 τούτων
3584 2665 3772 2736 ἄζυγα

2168 2749 2286 2820 βίον
2314 2752 2571 2821 ἑχόντων,
2603 2752 2698 2806 καὶ
2729 2755 2897 2822 ἔγγὺς
2928 2753 3097 2810 τᾶλλα
3127 2755 3227 2825 τῆς
3260 2756 3582 2826 μοναχικῆς
3612 2755 3772 2810 πολι-

2167 2843 2317 2907 τείας
2345 2847 2746 2914 τυγχανόντων,
2794 2845 2901 2901 κᾶν
2945 2845 3094 2917 μόνῳ
3119 2846 3198 2917 τῷ
3221 2849 3474 2918 σχήματι
3506 2849 3772 2904 διαλλάτ-

2170 2950 2332 2988 τ<.ιεν.
2364 2935 2598 3000 Καοέξει
2641 2934 2738 2989 οὖν
2785 2936 2885 3008 τήν
2930 2936 3189 3008 τοιαύτην
3219 2939 3385 3008 νῆσον
3420 2941 3595 3005 αὑτός
3640 2958 3703 2995 τε
3743 2943 3775 2994 ό

2172 3025 2432 3089 πολλάκις
2462 3027 2862 3097 μνημονευθεὶς
2891 3028 3289 3093 εὐλασίστατος
3309 3033 3461 3104 ἀνὴρ
3494 3034 3641 3102 μετὰ
3661 3033 3773 3087 τῶν

2180 3117 2271 3169 ὑπ’
2317 3117 2483 3171 αὐτὸν
2527 3120 2800 3189 μοναχῶν,
2844 3120 2953 3173 τῶν
3003 3137 3062 3175 τε
3091 3121 3188 3176 νῦν
3221 3122 3397 3177 ὅντων
3429 3126 3531 3180 καὶ
3558 3126 3673 3180 τῶν
3712 3128 3771 3190 ις

2180 3207 2407 3281 ὕστερον
2434 3211 2734 3281 ὲσομὲνων,
2788 3212 2884 3266 καὶ
2928 3215 3028 3268 σὺν
3068 3213 3280 3279 τούτοις
3308 3217 3343 3287 ή
3379 3220 3544 3289 παρὰ
3573 3219 3771 3274 τούτου

2175 3299 2656 3372 ἁνιγεροησομίνη
2695 3303 2754 3355 εν
2782 3305 2850 3374 τῇ
2881 3304 3032 3374 νήσῳ
3059 3305 3268 3377 Πάτμῳ
3308 3308 3438 3379 ἱερὰ
3472 3312 3615 3382 μονή
3638 3313 3769 3365 hac

2174 3390 2302 3456 λώς,
2330 3391 2573 3462 ἁδαρῶς.
2606 3393 2811 3465 κυρίως
2846 3397 2939 3448 καὶ
2968 3397 3682 3473 αύθιντὼς,ἁναφαιρέτως
3711 3419 3770 3456 τε

2176 3488 2269 3541 καὶ
2291 3488 2558 3550 σιωπῶς’
2594 3489 2687 3542 καὶ
2731 3488 2914 3553 καθὼς
2964 3490 3030 3547 ἂν
3060 3494 3353 3564 συνεργοίιι
3390 3496 3577 3568 τούτῳ
3609 3496 3769 3561 Θεὸς,

2175 3580 2318 3633 κατὰ
2345 3580 2404 3631 τό
2428 3579 2562 3632 αὐτὸ
2586 3580 2700 3651 (Η)
2732 3580 2992 3652 βουλητὸν
3021 3584 3195 3639 ταῦτα
3220 3585 3534 3657 διαθήσιιε,
3558 3589 3666 3644 κᾶν
3690 3592 3773 3652 sic

2176 3671 2566 3741 εὐφορωτάτην
2588 3688 2646 3724 τε
2673 3676 2767 3726 καὶ
2806 3673 3137 3745 εὐπρόσοδον
3162 3677 3227 3729 tu
3250 3676 3347 3729 λυτ
3364 3681 3470 3749 ρᾶς
3508 3685 3605 3734 καὶ
3634 3697 3771 3751 τρα-

2176 3762 2328 3832 χείας
2357 3765 2421 3833 τῇ
2454 3762 2633 3834 οἰκείᾳ
2682 3765 2988 3833 μεταγάγοι
3021 3768 3251 3836 σπουδῇ,
3287 3770 3371 3824 sl:
3408 3773 3548 3826 ῐδιον
3575 3772 3771 3843 κέρδος

2175 3853 2275 3914 τὰς
2300 3853 2488 3905 imae
2501 3870 2560 3906 εν
2591 3857 2889 3924 προσόδους
2933 3857 3210 3925 λογίσεται
3242 3861 3339 3914 σὺν
3379 3863 3505 3933 ἅμα
3534 3866 3651 3928 τοῖς
3677 3861 3771 3916 ὑπ’

2177 3944 2339 3996 αὑτὸν
2361 3947 2644 4016 μοναχοῖς,
2671 3951 2747 4016 μή
2783 3947 2938 4017 παρὰ
2972 3965 3115 4010 τινος
3138 3951 3200 4003 τὸ
3232 3953 3465 4008 σύνολον
3493 3956 3772 4025 λογοπρα-

2177 4034 2443 4105 γούμενος
2464 4037 2497 4108 ή
2522 4039 2974 4109 ἀνακρινόμενος.
3021 4041 3350 4113 Ἀποχρῶσα
3390 4048 3585 4117 μέντοι
3616 4048 3771 4100 ἔσται

2176 4129 2353 4198 τούτῳ
2382 4131 2416 4200 ή
2460 4133 2554 4183 ἐπὶ
2601 4134 2665 4203 τῇ
2712 4132 2940 4205 τοιαύτῃ
2981 4135 3132 4203 νήσῳ
3170 4128 3566 4202 διαιωνίζουσα
3591 4137 3774 4208 δωρεὰ

2178 4221 2277 4290 τῆς
2322 4221 2606 4290 βασιλείας
2660 4240 2786 4293 μου,
2819 4227 2914 4277 καὶ
2938 4225 3041 4277 ούκ
3067 4225 3173 4290 ἔξω
3200 4226 3311 4278 τῶν
3357 4228 3532 4297 ὁρίων
3567 4230 3769 4299 ταύτης

2180 4312 2304 4365 καθ’
2352 4313 2549 4386 ἑτέραν
2593 4316 2759 4385 νῆσον
2795 4318 3154 4387 ὲπικτήσεταί
3202 4334 3256 4371 τι
3286 4317 3347 4372 τὸ
3380 4321 3629 4377 σύνολον.
3665 4322 3774 4375 Καὶ

2179 4405 2320 4458 αὐτὰ
2343 4410 2453 4477 γὰρ
2472 4409 2571 4461 ὅσα
2600 4409 2657 4459 ἐν
2677 4410 2741 4478 τῇ
2759 4410 2903 4479 νήσῳ
2933 4408 3026 4479 Κῷ
3071 4409 3399 4475 ὀοενδήποτε
3423 4412 3578 4484 αύτῷ
3604 4430 3773 4485 προσ-

494 4495 832 4566 ligiosissimi
852 4493 1213 4550 Cbristoduli.
1244 4491 1348 4547 ista
1379 4508 1543 4563 porro
1576 4492 1778 4557 insula,
1808 4493 1888 4546 uti
1912 4506 2066 4561 supra

2186 4496 2498 4567 εκτήοησαν
2532 4498 2696 4569 μέχρι
2726 4496 2818 4552 τοῦ
2863 4499 2978 4565 νῦν,
3034 4500 3112 4570 τῷ
3140 4501 3385 4573 δημοσίῳ
3434 4503 3772 4558 ἀπεντεῦοιν

496 4585 919 4650 declaravimus.
953 4600 1238 4655 nunquam
1286 4585 1540 4655 personis
1563 4584 1679 4640 sive
1738 4585 1926 4656 regiis,
1963 4586 2081 4640 sive

497 4677 955 4748 metropolitanis,
982 4676 1099 4732 sive
1140 4676 1573 4747 episcopalibus,
1605 4675 1721 4733 sive
1784 4676 2080 4731 ecclesias-

503 4767 651 4835 ticis,
688 4768 803 4823 sive
834 4767 1261 4838 quibuswnque
1292 4767 1524 4837 privatis
1577 4766 1918 4834 subjicienda
1950 4767 2081 4822 erit.

495 4859 784 4930 Nunquam
819 4876 887 4915 eo
939 4860 1094 4915 exsul
1140 4861 1368 4932 relegari
1419 4859 1643 4932 poterit.
1694 4859 1838 4926 Quid
1878 4859 2086 4913 multa?

498 4951 682 5008 Liberi
713 4968 811 5022 per
837 4967 999 5010 omne
1030 4963 1247 5026 tempus
1272 4956 1434 5010 bulla:
1462 4955 1689 5025 hujusce
1712 4968 1891 5008 aurea:
1916 4966 2080 5022 quam

498 5042 673 5112 pietas
730 5056 914 5102 nostra
954 5046 1206 5107 dictavit.
1261 5046 1519 5101 libertate
1577 5054 1636 5100 et
1690 5044 2080 5117 jurisdictione

497 5148 597 5190 sua
620 5137 889 5190 fruentur.
911 5137 1064 5190 Adde
1085 5137 1231 5205 quod
1260 5146 1372 5191 tota
1400 5138 1544 5191 dicta
1572 5137 1749 5191 insula
1772 5146 1829 5192 et
1853 5152 2078 5190 monas-

508 5230 711 5283 terium
745 5243 868 5281 cum
900 5228 1206 5290 monachis,
1246 5229 1424 5284 insula
1456 5230 1581 5284 dein
1610 5246 1775 5299 parva
1827 5239 2082 5299 exempta

502 5321 611 5374 erit
649 5320 715 5373 ab
736 5320 884 5373 omni
917 5320 1244 5375 auctoritate
1274 5321 1493 5375 militari
1520 5331 1614 5374 aut
1644 5321 1790 5375 civili
1818 5322 2096 5375 Romano-

506 5427 648 5469 rum.
678 5412 1001 5476 Russorum,
1026 5411 1424 5475 Barannorum,
1459 5411 1887 5482 Culpinnorum,
1926 5414 2092 5482 Ingli-

503 5519 725 5560 norum.
789 5502 1150 5567 Francorum,
1235 5503 1652 5570 Nemitzorum,
1710 5505 2091 5576 Bulgarorum,

506 5601 932 5659 Saracenorum,
960 5593 1284 5661 Alanorum,
1307 5596 1671 5666 Abasgorum,
1700 5596 2090 5662 Athamanum,

584 5714 696 5780 (l5)
725 5715 866 5784 Lege
898 5716 1041 5769 ὅσων
1068 5713 1146 5767 in.

2186 4590 2817 4660 προσαφορισθήσονται,
2852 4594 2949 4644 καὶ
2980 4593 3057 4655 ὼς
3092 4594 3364 4664 μηδέποτε
3398 4598 3467 4667 τῇ
3525 4596 3650 4649 κατ’
3673 4596 3767 4649 αὑ-

2184 4681 2278 4735 τὸν
2303 4685 2439 4753 μονῇ
2468 4684 2931 4753 προσαρμόσαντα
2952 4685 3392 4754 λογισοήσονται,
3428 4691 3608 4756 πάρεξ
3639 4689 3771 4758 μέν·

2186 4794 2268 4831 τοι
2302 4777 2395 4830 τοῦ
2431 4778 2733 4849 ὁλοκλήρου
2768 4780 3010 4849 νησιδίου
3042 4785 3141 4852 τῆς
3170 4784 3378 4853 Δειψὼ,
3412 4794 3510 4840 καὶ
3560 4791 3670 4841 τῶν
3712 4790 3769 4839 ἐν

2188 4871 2255 4940 τῇ
2290 4870 2437 4939 νήσῳ
2469 4871 2629 4940 Λέρῳ
2665 4871 3084 4941 δεσποζομένων
3115 4876 3246 4945 παρ’
3272 4877 3441 4931 αὑτοῦ
3478 4877 3642 4949 μέχρί
3675 4877 3767 4931 τοῦ

2189 4958 2306 5014 νῦν.
2343 4959 2463 5011 Τῶν
2495 4959 2602 5027 γὰρ
2629 4959 2885 5015 τοιούτων
2915 4962 3171 5015 δεσπόσει
3202 4962 3343 5017 κατὰ
3373 4964 3473 5035 τήν
3502 4967 3600 5031 τῆς
3631 4980 3766 5035 προ-

2191 5053 2479 5121 γεγονυίας
2508 5055 2660 5123 παρά
2685 5053 2781 5123 τῆς
2816 5053 3096 5123 βασιλείας
3149 5073 3250 5127 μου
3282 5058 3375 5111 ἐπὶ
3402 5058 3617 5121 τούτοις
3639 5073 3772 5128 χρυ-

2193 5140 2482 5195 σοϐούλλου
2514 5145 2735 5215 γραφῆς
2792 5144 3091 5215 περίληψιν
3137 5162 3198 5198 τε
3253 5147 3348 5200 καὶ
3385 5149 3643 5217 δύναμιν,
3677 5147 3768 5198 καὶ

2197 5232 2379 5296 καθὼς
2424 5234 2550 5303 ἄχρι
2587 5236 2683 5302 τῆς
2714 5233 2874 5307 δεῦρο
2905 5236 3183 5301 δεσπόζων
3218 5242 3425 5293 τούτων
3465 5239 3725 5309 ἐτύγχανε
3752 5247 3766 5264 ⁶

2197 5326 2386 5395 ἕτερον
2415 5324 2472 5377 δέ
2507 5342 2561 5378 τι
2586 5326 2708 5379 κατ’
2756 5328 2947 5381 οὐδένα
2992 5330 3191 5401 τρόπον
3222 5332 3282 5383 ἐν
3322 5330 3585 5401 οἰᾳδήτινι
3625 5332 3768 5397 νήσῳ

2196 5416 2446 5486 οὐδαμῶς
2495 5418 2877 5489 ὲπικτήσεται.
2909 5420 3101 5473 Αὐτῶν
3134 5421 3191 5474 δὲ
3225 5423 3430 5476 τούτων
3471 5422 3646 5491 μόνων
3675 5419 3767 5471 καὶ

2194 5510 2295 5580 τῆς
2344 5512 2471 5579 ὅλης
2506 5513 2670 5582 νήσου
2726 5514 2951 5583 Πάτμου
2986 5515 3013 5566 ὅ
3038 5531 3096 5565 τε
3133 5516 3272 5586 ἱερὸς
3316 5509 3473 5578 οὗτος
3506 5513 3640 5582 ἀνὴρ
3673 5512 3763 5562 καὶ

2195 5602 2246 5653 οἱ
2281 5602 2371 5655 ὑπ’
2406 5602 2569 5656 αὑτὸν
2601 5602 2916 5673 σύμπαντες
2965 5604 3292 5658 δεσπόσουσι
3342 5604 3599 5676 μοναχοὶ,
3624 5602 3674 5655 οἶ
3712 5611 3771 5651 τι

577 5777 688 5852 (ιιι)
714 5777 869 5841 nugs.
901 5786 1047 5857 conj.
1082 5782 1251 5855 αὐτῷ.
1289 5782 1556 5853 Equidcm
1597 5782 1820 5852 legerim
1855 5785 1948 5839 καὶ
1975 5786 2066 5842 καε

2170 5788 2236 5844 ἂν
2267 5785 2545 5856 συνεργῶν
2585 5784 2760 5856 τούτῳ
2793 5784 2924 5849 Θεὸς
2951 5786 3094 5842 κατὰ
3118 5787 3179 5841 τὸ
3198 5786 3347 5857 αὐτῷ
3373 5781 3530 5858 ﬂeuit.
3562 5777 3634 5836 lu.
