4064 6416
357 363 467 428 943

1642 354 1907 417 ALEXII
1958 351 2306 415 COMNENI

3521 358 3634 421 9M

354 462 553 534 lictum
590 478 646 532 in
678 475 1016 533 monasterio
1044 474 1247 531 factum
1304 473 1623 544 pervenerit
1656 474 1771 529 sive
1800 473 1936 529 alio-

2042 469 2175 542 είτῃ
2206 466 2287 538 τίύ
2316 467 2609 539 ἁγιωτάτῳ
2637 484 2740 539 μου
2766 468 3001 541 δεσπότῃ
3030 468 3122 523 καὶ
3150 470 3463 544 πατριάρχῃ
3488 473 3636 541 γινόο

351 571 447 642 qui
480 588 547 625 ex
572 570 714 625 fama
742 569 1077 638 aliquorum,
1107 567 1195 621 vel
1221 566 1390 621 etiam
1422 583 1593 622 unum
1630 566 1932 633 audiverit,

356 674 511 728 tunc,
543 673 603 717 ut
631 662 838 717 dictum
870 668 981 724 est,
1007 657 1377 729 ingredietur,
1400 668 1456 713 et
1482 660 1928 728 perscrutabitur

351 756 551 813 delicta
585 756 800 816 aninne,
828 753 1046 808 etiamsi
1070 752 1119 807 is
1138 752 1232 822 qui
1262 751 1400 807 dixit
1426 752 1557 805 nolit
1584 752 1773 807 subire
1805 768 1934 821 pro-

353 846 516 903 bandi
548 846 876 917 perieulum.
909 846 1085 899 llomo
1115 843 1265 899 enim
1292 841 1667 908 Christianus,
1712 841 1935 912 quando

351 939 559 1009 aliquid
612 937 816 993 factum
873 936 1172 1002 audiverit,
1219 935 1383 991 debet
1421 935 1525 990 hoc
1556 934 1741 990 dicere
1780 949 1935 989 com-

351 1032 506 1086 muni
534 1029 676 1101 patri
704 1040 760 1084 et
785 1028 1047 1084 antistiti.
1076 1029 1334 1083 Fortasse
1360 1028 1509 1082 enim
1547 1042 1660 1082 non
1685 1026 1805 1081 vult
1830 1026 1938 1083 hoc

349 1124 539 1179 subire
569 1122 903 1194 periculum,
936 1130 992 1176 et
1019 1130 1244 1191 propter
1283 1120 1553 1190 ejusmodi
1579 1136 1801 1174 causam
1836 1119 1937 1174 de-

349 1217 479 1271 licta
504 1216 705 1270 animae
735 1213 1087 1269 inobservata
1115 1222 1170 1266 ct
1219 1210 1533 1267 iucorrccta
1590 1212 1933 1281 relinquere,

347 1308 566 1363 esthoc
595 1307 758 1362 valde
791 1305 1118 1370 absurdum,
1153 1305 1306 1359 nullo
1356 1321 1696 1376 quocunque
1727 1306 1937 1376 scripto

352 1400 715 1472 imperatorio
748 1398 829 1454 vel
879 1397 1235 1468 patriarchali
1283 1396 1389 1451 hoc
1436 1397 1788 1467 prohibente.
1831 1396 1938 1452 Sed

352 1490 687 1547 monasteria
741 1489 968 1559 quidem
1035 1488 1237 1545 debent
1272 1488 1506 1552 illibata,
1563 1489 1819 1543 nimirum
1880 1497 1940 1544 ut

264 1595 271 1603 '
349 1599 530 1641 novus
567 1597 688 1638 mos
742 1597 853 1637 non
888 1581 1307 1646 introducatur,
1342 1579 1657 1635 conservari
1713 1579 1767 1634 in
1814 1595 1939 1651 per-

350 1676 783 1734 scrutationibus
834 1690 1053 1741 eorum,
1093 1673 1190 1744 qui
1252 1672 1763 1739 mittuntur,nullo
1811 1672 1939 1728 inde

351 1778 580 1840 sumptu
630 1767 781 1823 dato.
824 1766 985 1821 Tunc
1033 1768 1181 1822 enim
1214 1765 1413 1821 animae
1454 1765 1784 1820 delictorum
1820 1780 1941 1820 cor-

351 1861 527 1917 rectio
544 1858 725 1923 facile,
745 1858 790 1914 si
815 1857 961 1913 Deus
984 1858 1150 1922 volet,
1169 1856 1281 1912 lict.
1301 1856 1360 1911 ln
1382 1856 1730 1913 monasteriis
1753 1866 1938 1911 autem

355 1968 452 2023 per
482 1950 813 2007 locationem
860 1948 1160 2013 concessis,
1194 1956 1252 2003 ct
1282 1946 1642 2017 inspectionis
1692 1945 1938 2017 nomine,

349 2045 434 2101 vel
485 2040 1000 2106 administrationis,
1054 2041 1139 2095 vel
1184 2040 1243 2095 in
1300 2040 1526 2095 omnino
1570 2039 1784 2104 liberis,
1827 2054 1939 2095 non

353 2137 530 2195 solum
578 2135 684 2190 alia
708 2134 907 2189 anima:
941 2132 1138 2188 delicta
1194 2131 1455 2202 inquiret,
1508 2131 1604 2187 sed
1640 2130 1811 2186 etiam
1875 2147 1943 2185 an

352 2234 631 2289 destructa
653 2231 784 2297 sint,
813 2229 900 2285 vel
924 2228 1301 2293 destruantur,
1330 2241 1396 2281 ex
1424 2235 1602 2297 parte,
1631 2225 1717 2281 vel
1740 2224 1795 2279 in
1818 2223 1942 2278 uni-

350 2322 681 2385 versum,ab
714 2321 781 2376 iis
819 2320 913 2390 qui
943 2335 1007 2374 ea
1037 2334 1323 2389 accepere.
1348 2318 1481 2373 Etsi
1514 2317 1757 2373 inveniet
1784 2318 1842 2371 in
1876 2315 1943 2371 iis

353 2414 568 2484 aliquas
585 2411 702 2467 lieri
732 2411 1321 2480 diminutiones,coget
1339 2425 1431 2464 eos
1452 2408 1548 2480 qui
1577 2423 1641 2463 ea
1666 2407 1939 2477 detinent,

355 2504 675 2570 restituere,
707 2501 1174 2573 quemadmodum
1204 2515 1487 2571 accepere,
1546 2508 1602 2556 et
1633 2499 1936 2556 secundum

356 2595 679 2651 monasterii
712 2594 1022 2649 facultates.
1050 2593 1109 2648 lu
1140 2593 1247 2647 illis
1276 2602 1461 2648 tamen
1496 2609 1618 2663 qua:
1650 2592 1933 2649 defectum

355 2688 581 2755 habent,
618 2688 684 2743 ad
735 2702 866 2743 eum
908 2702 996 2741 res
1030 2685 1361 2741 reducendae
1390 2695 1523 2741 sinit
1559 2695 1788 2750 statum,
1823 2699 1937 2755 quo

356 2781 477 2837 illas
508 2794 804 2851 accepere;
850 2793 972 2849 quae.
1028 2792 1164 2834 vero
1207 2788 1339 2833 sunt
1389 2777 1589 2834 eﬂ'ecta
1624 2777 1855 2833 meliora
1882 2785 1941 2832 et

354 2882 535 2936 aucta,
572 2887 696 2927 cum
730 2879 881 2926 recte
911 2885 969 2925 se
997 2870 1260 2936 habeant,
1294 2885 1404 2924 non
1455 2870 1798 2938 minuentur,
1839 2871 1938 2926 sed

359 2965 660 3021 manebunt
707 2973 770 3019 ut
804 2979 863 3019 se
907 2964 1135 3019 habent.
1178 2962 1285 3029 Qui
1310 2971 1497 3019 autem
1539 2978 1605 3019 ea
1659 2963 1933 3027 detinent,

353 3074 474 3129 qua:
499 3065 627 3114 sunt
660 3055 768 3110 illis
797 3054 995 3109 tradita
1015 3096 1030 3120 ,
1056 3064 1112 3110 ut
1142 3055 1390 3126 regimen
1420 3065 1476 3110 et
1497 3055 1935 3111 administratio-

2045 580 2207 633 μενον
2239 562 2466 632 σφὲιλμα
2518 563 2599 625 είς
2656 563 3045 634 μοναστήριον,
3088 563 3120 634 ἢ
3159 566 3253 618 καὶ
3299 564 3477 629 ἄλλως
3525 566 3639 620 άπὸ

2041 655 2234 724 φήμης
2267 653 2431 707 τινῶν
2471 654 2505 724 ἢ
2562 653 2655 706 καὶ
2687 654 2806 717 ἐνἰς
2842 654 3079 725 ἀκούσῃ,
3112 654 3233 707 τότε
3265 653 3639 708 εἰσελεύσεται

2039 742 2116 807 ὼς
2171 744 2388 814 εἴρηται
2448 744 2541 798 καὶ
2596 744 2883 815 ἐρευνήσει
2934 746 3004 798 τὰ
3050 745 3261 816 ψυχικὰ
3313 746 3634 816 σφάλματα,

2042 836 2148 889 κῗιν
2183 836 2260 908 μὴ
2289 838 2318 890 ὁ
2371 834 2545 890 εἰπὼν
2596 835 3250 908 βούληταιᾼύπεισελθεῖν
3281 837 3469 907 ἀγῶνα
3497 839 3633 891 ἀπο-
3686 838 3706 885 ἶ

2043 905 2288 994 δείξεως.
2334 928 2395 981 '0
2446 926 2556 1001 γὰρ
2590 905 2920 1000 Χριστιανδς
2967 929 3254 999 ἄνθρωπος
3286 905 3445 1001 χρέος
3497 927 3634 999 ἔχει,

2041 1023 2170 1076 ὅταν
2198 1039 2251 1075 τι
2282 1021 2497 1095 ἀκούσῃ
2524 1021 2823 1092 γενόμενον
2852 1023 3118 1087 ἐναντίον,
3149 1022 3335 1091 λέγειν
3370 1021 3530 1074 τοῦτο
3556 1020 3636 1091 τῷ

2042 1114 2207 1186 κοικῷ
2242 1116 2603 1187 πνευματικῷ
2637 1118 2808 1188 πατρὶ
2855 1119 2949 1172 καὶ
2993 1118 3273 1189 ἀρχιερεῖ·
3310 1117 3441 1181 ἴσως
3481 1117 3540 1171 δὲ
3570 1119 3632 1172 ού

2046 1209 2121 1280 μὴ
2158 1207 2413 1279 βούλεται
2446 1209 2791 1263 ύπεισελθείν
2827 1210 2920 1265 τὸν
2953 1211 3143 1279 ἀγῶνα
3188 1210 3413 1266 τοῦτον
3454 1210 3635 1266 καὶτὸ

2043 1300 2553 1372 καταλιμπάνεσθαι
2584 1300 2674 1355 διὰ
2703 1302 2805 1374 τὴν
2827 1303 3086 1374 τοιαύτην
3119 1302 3301 1357 αἰτίαν
3329 1302 3398 1357 τὰ
3423 1303 3635 1374 ψυχικὰ

2043 1393 2338 1463 σφάλματα
2388 1394 2768 1465 ἀνεπιτήρητα
2802 1395 2898 1447 καὶ
2935 1395 3264 1466 ἀδιόρθωτα,
3308 1395 3428 1449 ἔστι
3473 1395 3634 1449 τοῦτο

2043 1488 2220 1557 πάντη
2252 1487 2475 1552 ἄτοπον,
2507 1487 2736 1558 μηδενὸς
2768 1488 3051 1559 ἐγγράφου
3094 1489 3428 1560 οίουδήτινος
3471 1488 3629 1560 βασι-

2042 1577 2195 1631 λικοῦ
2228 1577 2260 1648 ἦ
2290 1578 2695 1651 πατριαρχικοῦ
2726 1579 3032 1644 κωλύοντος
3061 1584 3141 1645 είς
3171 1581 3352 1636 τοῦτο.
3391 1582 3540 1652 Πλὴν
3563 1582 3632 1636 τὰ

2046 1667 2384 1737 μοναστήρια
2417 1667 2696 1738 ὀφείλουσι
2723 1668 3105 1741 διατηρεῖσθαι
3136 1671 3548 1744 ἀκαινοτὸμητα
3574 1674 3632 1725 ἐν

2041 1762 2164 1822 ταῖς
2203 1760 2456 1831 ὲρεύναις
2507 1762 2616 1816 τῶν
2650 1763 3163 1834 ἀποστελλομένων,
3215 1766 3492 1837 μηδεμιᾶς
3537 1768 3629 1820 ἐν-

2043 1854 2235 1907 τεῦθεν
2263 1854 2551 1927 διδομένης
2580 1855 2829 1927 δαπάνης
2849 1873 2861 1886 ·
2899 1858 3022 1911 τότε
3055 1858 3165 1928 γὰρ
3208 1861 3300 1912 καὶ
3326 1861 3360 1931 ή
3398 1858 3631 1931 διόρθω-

2044 1962 2128 2008 σις
2182 1946 2291 1999 τῶν
2359 1946 2607 2017 ψυχικῶν
2664 1949 3004 2019 σφαλμάτων
3065 1949 3304 2011 εὐκόλως
3361 1952 3459 2005 σὺν
3511 1951 3630 2020 Θεῴ

2037 2039 2175 2111 ιγενή
2188 2057 2353 2095 σεται.
2379 2040 2505 2093 Ἐπὶ
2521 2040 2577 2094 δέ
2602 2058 2665 2110 γε
2692 2044 2803 2106 τοῖς
2831 2042 2953 2096 κατ’
2971 2042 3211 2096 ἐπίδοσιν
3239 2043 3437 2097 δοθεῖσι
3459 2062 3631 2113 μονα-

2044 2133 2288 2203 στηρίοις
2331 2133 2425 2187 καὶ
2461 2132 2583 2188 κατ’
2615 2135 2872 2205 ἐφορείαν
2900 2135 2933 2207 ἦ
2964 2136 3277 2206 οἰκονομίαν
3314 2135 3348 2208 ἢ
3389 2136 3630 2206 παντελῆ

2040 2224 2363 2295 ἐλευθερίαν
2395 2227 2456 2279 ού
2491 2226 2652 2297 μένον
2677 2229 2744 2281 τά
2774 2227 2911 2282 ἄλλα
2941 2228 3148 2299 ψυχικά
3184 2229 3475 2299 σφάλματα
3508 2232 3630 2283 ἑπι-

2042 2316 2297 2387 ζητήσει,
2337 2317 2474 2373 ἀλλὰ
2528 2320 2624 2374 καὶ
2661 2321 2711 2374 εί
2741 2320 3125 2393 κατελύθησαν
3179 2322 3211 2393 ἢ
3267 2322 3632 2376 καταλύονται

2044 2409 2289 2479 μερικῶς
2322 2409 2354 2481 ἦ
2385 2409 2619 2464 καθόλου
2651 2410 2804 2482 παρὰ
2837 2412 2945 2465 τῶν
2979 2413 3257 2466 λαϐόντων
3289 2412 3486 2470 ταῦτα.
3521 2413 3633 2468 Καὶ

2042 2500 2091 2553 εί
2143 2500 2368 2570 εὑρήσει
2433 2499 2588 2564 τινὰς
2650 2498 2908 2570 μειῶσεις
2957 2502 3014 2554 ὲν
3069 2501 3256 2563 αὐτοῖς
3316 2502 3632 2570 γινομένας,

2045 2588 2457 2656 καταναγκάσει
2540 2590 2666 2652 τοὺς
2742 2588 2914 2643 ταῦτα
2973 2591 3306 2662 κατέχοντας
3362 2592 3634 2647 άποκαθι·

2048 2681 2179 2751 στᾷν
2236 2679 2450 2747 ταῦτα,
2533 2680 2718 2745 καθὼς
2783 2683 3095 2755 παρέλαϐον
3166 2686 3260 2739 καὶ
3333 2686 3474 2739 κατὰ
3534 2684 3634 2757 τὴν

2043 2774 2308 2844 εὐπορίαν
2345 2774 2442 2827 τοῦ
2494 2775 2861 2846 μοναστηρίου
2887 2789 2904 2807 ο
2938 2776 3079 2847 πλὴν
3116 2776 3204 2829 ἐπ’
3243 2777 3473 2840 ἐκείνοις
3521 2781 3634 2841 τοῖς

2045 2867 2239 2931 ἐνδεῶς
2268 2866 2452 2939 ἔχουσι
2503 2869 2641 2940 πρὸς
2669 2869 2769 2941 τὴν
2825 2869 3183 2937 κατάστασιν,
3227 2872 3349 2925 καθ’
3373 2872 3440 2941 ἢν
3459 2871 3634 2925 ταῦτα

2049 2959 2380 3030 παρέλαϐον.
2420 2961 2501 3014 Τὰ
2529 2961 2584 3014 δέ
2628 2978 2692 3030 γε
2734 2962 3099 3033 βελτιωθέντα
3130 2964 3226 3018 καὶ
3253 2963 3636 3034 ἑπαυξηθέντα

2045 3052 2226 3116 καλῶς
2279 3053 2471 3124 ἔχοντα
2501 3055 2600 3108 οὐκ
2651 3057 3145 3127 ὲλαττωθήσονται,
3201 3057 3338 3112 ἀλλα
3378 3058 3634 3129 μενοῦσιν

353 3166 478 3206 nem
503 3150 571 3204 ad
605 3157 821 3219 tempus
841 3148 1171 3218 suscipiant,
1194 3155 1251 3202 et
1266 3148 1350 3202 eis
1372 3147 1636 3202 damnum
1660 3148 1936 3214 afferunt,

2044 3141 2120 3205 ὡς
2156 3142 2394 3214 ἔχουσιν.
2429 3145 2492 3198 Οἱ
2514 3145 2569 3198 δὲ
2602 3147 2720 3199 κατ’
2744 3149 2999 3219 ἐφορείαν
3030 3149 3289 3222 καιρικὴν
3320 3151 3412 3204 καὶ
3437 3151 3633 3222 ἑτέραν

350 3244 394 3300 si
431 3243 612 3298 nolint
648 3243 703 3296 in
747 3256 900 3302 eum,
933 3254 1102 3309 quem
1135 3248 1496 3309 acceperunt,
1526 3249 1731 3295 statum
1755 3255 1822 3295 ea
1852 3254 1939 3295 re-

352 3335 604 3401 stituere,
640 3335 722 3389 eis
778 3331 1126 3399 auferantur,
1171 3346 1275 3386 nec
1324 3330 1395 3385 ab
1455 3331 1523 3386 iis
1558 3347 1681 3402 qua:
1732 3332 1941 3390 habent

349 3426 572 3496 scriptis
597 3426 882 3495 juventur,
920 3423 1002 3478 eis
1053 3422 1183 3478 dato
1236 3423 1593 3479 convenienti
1630 3425 1719 3481 die
1750 3426 1936 3497 praell-

350 3518 491 3572 nito.
541 3516 761 3572 Interea
824 3525 1032 3579 autem,
1085 3514 1217 3569 dum
1279 3516 1486 3587 pendet
1535 3517 1810 3574 terminus
1840 3519 1937 3589 qui

351 3608 635 3664 observari
672 3607 862 3673 debet,
905 3608 1039 3679 ipsis
1074 3607 1235 3665 factis
1266 3610 1495 3666 solliciti
1534 3620 1703 3667 erunt
1739 3611 1808 3667 de
1840 3626 1938 3667 eo-

353 3717 475 3756 rum
516 3702 571 3755 in
596 3701 874 3772 integrum
904 3701 1287 3767 restitutione,
1318 3711 1380 3758 ut
1408 3703 1620 3759 dictum
1645 3713 1751 3759 est.
1776 3704 1937 3761 'l'unc

349 3793 498 3849 enim
530 3794 694 3850 etiam
728 3794 998 3849 terminus
1030 3795 1368 3852 servabitur.
1406 3796 1636 3852 Praemia
1669 3797 1936 3853 dimisso-

350 3887 431 3942 ria
456 3895 672 3953 autem,
704 3888 969 3957 quoniam
999 3898 1202 3959 praeter
1230 3905 1474 3945 canones
1500 3889 1706 3945 dantur
1752 3901 1810 3946 et
1844 3906 1937 3947 ac-

350 3980 651 4050 cipiuntur,
691 3980 919 4036 omnino
950 3982 1249 4037 cessabunt
1280 3998 1295 4035 :
1328 3990 1387 4037 et
1432 3983 1530 4051 qui
1561 3984 1817 4055 accipere
1848 3984 1935 4040 vel

352 4073 482 4129 dare
514 4074 773 4129 inventus
836 4073 1032 4141 fuerit,
1072 4075 1117 4130 si
1181 4084 1269 4131 est
1327 4074 1553 4146 quidem
1613 4076 1937 4133 monasterii

351 4166 664 4236 praefectus,
695 4181 761 4221 ex
781 4166 1105 4236 praefectura
1129 4167 1439 4237 expellatur
1466 4186 1480 4222 :
1514 4168 1599 4223 sin
1630 4178 1816 4224 autem
1842 4168 1939 4224 be-

352 4259 691 4322 neliciarius,
741 4274 773 4314 e
808 4262 1153 4314 monasterio
1199 4259 1530 4331 expelletur.
1569 4261 1699 4329 Qua:
1747 4272 1935 4317 autem

304 4412 307 4415 _
350 4351 419 4404 ab
455 4351 522 4405 iis
559 4349 654 4419 qui
685 4350 752 4404 ad
794 4360 1079 4405 tonsuram
1109 4352 1361 4418 veniunt,
1393 4351 1533 4407 fiunt
1579 4354 1933 4411 oﬂ‘erentium

350 4451 655 4511 spontanea
722 4442 1005 4497 voluntate
1069 4442 1401 4509 oblationes,
1445 4443 1825 4515 suscipientur
1879 4454 1937 4500 ct

351 4533 742 4589 describenlur
794 4534 847 4588 in
887 4532 1168 4588 breviario
1210 4536 1563 4601 monasterii,
1600 4535 1668 4590 de
1710 4537 1778 4591 iis
1813 4553 1934 4606 qua:

349 4627 676 4689 afferentur,
720 4626 888 4681 etiam
932 4626 1288 4682 sanctissimo
1343 4627 1672 4695 patriarchae
1733 4629 1929 4698 cogni-

353 4718 501 4771 tione
538 4717 663 4772 data
701 4717 960 4773 :etiamsi
991 4717 1026 4772 ii
1072 4717 1166 4788 qui
1198 4717 1405 4773 habent
1434 4718 1789 4783 monasteria,
1827 4719 1931 4773 do-

351 4818 607 4864 cumenta
644 4808 882 4877 habeant
909 4808 979 4864 de
1014 4810 1357 4880 accipiendis
1406 4810 1647 4879 praemiis
1679 4808 1932 4865 dimisso-

354 4901 447 4954 riis
476 4910 529 4955 et
570 4901 732 4956 rebus
784 4901 839 4956 in
889 4902 1292 4957 monasterium
1326 4902 1533 4967 allatis,
1568 4913 1625 4957 et
1658 4903 1725 4956 i-is
1759 4901 1934 4958 lucri-

346 4994 659 5049 facientlis:
722 4994 825 5050 hoc
865 4996 1012 5050 enim
1080 5010 1299 5050 cessare
1338 5013 1368 5049 ιι
1429 5010 1577 5050 nunc
1634 4995 1822 5060 debet,
1878 5006 1934 5053 et

349 5086 465 5140 ﬁeri
494 5086 958 5155 quemadmodum
988 5087 1197 5141 dictum
1228 5097 1312 5142 est
1329 5088 1602 5157 superius.
1632 5087 1738 5143 Sed
1764 5089 1931 5144 etiam
1980 5160 1991 5169 υ

352 5193 473 5245 quze
503 5175 686 5230 adhuc
719 5186 938 5231 exstant
967 5179 1281 5234 oblationes
1314 5197 1423 5236 non
1460 5181 1667 5236 debent
1702 5183 1932 5238 alienari

348 5276 619 5337 praetextu
656 5266 1138 5324 documentorum.
1177 5271 1346 5326 Porro
1396 5281 1580 5327 autem
1614 5289 1723 5327 non
1752 5275 1931 5329 solum

349 5372 481 5411 cura
520 5355 828 5410 animarum
867 5359 1281 5423 monachorum,
1334 5362 1429 5417 sed
1471 5362 1636 5418 etiam
1683 5363 1928 5441 ipsorum

349 5445 720 5510 szeculnrium,
771 5445 1045 5502 incumbit
1095 5449 1445 5505 sanctissimo
1474 5453 1843 5521 patriarchae;
1874 5464 1930 5508 ct

350 5538 574 5607 quando
608 5538 812 5593 viderit
839 5538 1079 5606 aliquem
1105 5529 1450 5597 szecularium
1482 5544 1763 5600 sitientem
1799 5561 1930 5613 pro-

350 5631 522 5699 priam
553 5631 811 5697 salutem,
863 5632 1144 5703 quomodo
1176 5634 1459 5705 continget
1518 5637 1798 5707 prohiberi
1844 5656 1934 5709 pa-

352 5721 670 5789 tria-rcham,
724 5724 1023 5793 quominus
1052 5725 1107 5780 in
1139 5727 1477 5783 monasterio
1505 5743 1630 5783 eum
1666 5729 1925 5793 collocet,

349 5808 415 5863 ad
446 5812 678 5869 salutem
735 5814 933 5872 animze
961 5816 1080 5888 ejus
1133 5815 1228 5887 qui
1269 5817 1523 5875 accedit?
1570 5818 1717 5875 Citra
1756 5820 1928 5877 ullum

1967 4498 2014 4557 ι)

2042 3234 2363 3303 οἰκονομίαν
2396 3235 2688 3290 ἔκδοθέντα
2735 3240 3059 3310 κατέχοντες
3103 3241 3199 3295 καὶ
3244 3243 3633 3314 καταλυμηνά·

2047 3339 2201 3393 μενοι
2223 3323 2420 3390 ταῦτα,
2452 3328 2502 3379 εί
2535 3326 2610 3399 μὴ
2639 3326 2920 3397 βούλονται
2942 3331 3319 3405 άποκαθιστᾷν
3342 3333 3516 3390 ταῦτα
3550 3336 3632 3398 είς

2042 3412 2073 3466 δ
2104 3415 2414 3486 παρέλαϐον
2440 3421 2659 3496 σχῆμα,
2703 3422 2792 3474 ἵνα
2821 3424 3191 3494 ἀφαιρῶνται,
3219 3424 3293 3496 μὴ
3315 3424 3633 3497 ὠφελούμε-

2043 3522 2124 3558 νοι
2156 3505 2252 3575 ἀφ’
2285 3500 2361 3562 ὧν
2413 3508 2631 3581 ἔχουσιν
2668 3513 2989 3583 ἐγγράφων,
3041 3517 3385 3586 προθεσμίας
3416 3517 3630 3589 διδομέ-

2042 3613 2141 3667 νης
2172 3598 2359 3663 αὐτοῖς
2379 3600 2728 3674 ἁρμοζούσης
2749 3619 2766 3634 ·
2805 3605 3010 3675 μεταξὺ
3044 3606 3099 3659 δὲ
3131 3607 3231 3677 τῆς
3259 3609 3627 3682 προθεσμίας,

2043 3690 2372 3764 ὀφειλούσης
2394 3695 2800 3766 ιπιτηρεῖσθαι,
2823 3698 3211 3768 φροντίσουσιν
3234 3701 3420 3773 ἔργοις
3444 3706 3630 3768 αὐτοῖς

2044 3784 2177 3854 περὶ
2207 3786 2307 3854 τῆς
2357 3787 2438 3846 είς
2475 3786 2537 3840 τὸ
2584 3788 2811 3859 ἀρχαῖον
2861 3791 3045 3843 αὐτῶν
3099 3795 3506 3863 καταστάσεως,
3552 3796 3630 3862 ὡς

2040 3874 2341 3947 δεδήλωται
2362 3892 2376 3907 ³
2411 3878 2534 3931 τότε
2555 3879 2663 3951 γὰρ
2690 3883 2783 3934 καὶ
2806 3883 2838 3952 ἡ
2861 3882 3172 3955 προθεσμία
3196 3887 3627 3961 φυλαχθήσεται.

2041 3968 2109 4022 Al.
2156 3968 2214 4022 δὲ
2254 3970 2552 4041 ἀποταγαὶ,
2587 3973 2712 4026 ἐπεὶ
2761 3976 2915 4047 παρὰ
2951 3979 3191 4043 κανόνας
3242 3979 3481 4036 δίδονται
3536 3985 3631 4037 καὶ

2042 4061 2438 4133 λαμϐάνονται,
2494 4065 2823 4136 σχολάσουσι
2871 4069 3155 4134 παντελῶς
3201 4072 3310 4126 ἀπὸ
3361 4075 3456 4127 τοῦ
3509 4075 3628 4129 νῦν.

2044 4156 2211 4209 Καὶὸ
2241 4157 2632 4228 εὑρισκόμενος
2678 4157 3035 4234 λαμϐάνωνῆ
3078 4163 3170 4215 καὶ
3196 4163 3392 4230 διδοὺς,
3439 4170 3488 4220 εἰ
3530 4167 3630 4238 μέν

2042 4249 2193 4303 ἔστιν
2225 4250 2557 4320 ἡγούμενος,
2602 4251 2692 4306 ἴνα
2726 4252 3059 4325 ὲκδιὼκηται
3107 4258 3216 4311 ἀπὸ
3250 4257 3347 4328 τῆς
3385 4262 3629 4333 ἠγουμε-

2042 4341 2223 4401 νεία;’
2257 4342 2307 4395 εί
2340 4343 2397 4396 δὲ
2429 4346 2874 4415 χαριστικάριος,
2914 4348 3347 4421 ὲκδιωχθήσεται
3382 4354 3490 4406 ἀπὸ
3530 4355 3629 4426 τῆς

2046 4432 2236 4502 μονῆς.
2266 4433 2332 4484 Δί
2362 4433 2417 4486 δὲ
2447 4435 2554 4487 ἀπὸ
2574 4435 2684 4488 τῶν
2719 4439 3177 4509 προσερχομένων
3210 4443 3289 4505 είς
3320 4443 3629 4515 άπόκαρσιν

2043 4527 2326 4595 γινόμεναι
2355 4527 2619 4592 ἑκουσίως
2645 4532 2786 4585 κατὰ
2818 4532 3045 4604 γνώμην
3069 4535 3179 4589 τῶν
3206 4540 3628 4610 προσφερόντων

2046 4621 2421 4690 προσενέξεις,
2455 4624 2955 4696 προσδεχθήσονται
2996 4630 3093 4683 καὶ
3137 4631 3628 4703 ἀπογραφησονται

2042 4713 2102 4764 ἐν
2130 4713 2208 4782 τῷ
2241 4713 2444 4785 βρεϐίῳ
2473 4716 2573 4785 τῆς
2628 4718 2819 4788 μονῆς,
2873 4720 3133 4791 εἰδήσεως
3165 4723 3450 4795 διδομένης
3498 4730 3629 4798 περὶ

2042 4806 2153 4857 τῶν
2191 4806 2659 4878 προσφερομένων
2704 4810 2907 4884 καὶτῷ
2953 4814 3245 4887 ἁγιωτάτῳ
3288 4818 3625 4891 πατριάρχῃ,

2044 4896 2149 4950 κᾶν
2181 4898 2230 4950 οί
2255 4898 2325 4951 τὰ
2357 4901 2698 4971 μοναστήρια
2739 4901 2956 4973 ἔχοντες
2989 4907 3357 4978 ὑπομνήματα
3401 4911 3629 4981 κέκτην-

2041 5005 2133 5042 ται
2156 4989 2288 5065 περ).
2305 4989 2401 5043 τοῦ
2423 4988 2725 5061 λαμϐάνειν
2748 4995 3030 5064 ἀποταγόω
3056 4999 3151 5050 καὶ
3173 5000 3517 5069 προσενέξεις
3536 5004 3631 5057 καὶ

2040 5081 2462 5152 άποκερδαίνειν
2517 5083 2759 5148 ταύτας·
2818 5085 2979 5141 τοῦτο
3038 5090 3149 5161 γὰρ
3216 5092 3323 5145 ἀπὸ
3380 5093 3475 5146 τοῦ
3532 5094 3629 5148 νῦν

2041 5172 2248 5243 ὀφείλει
2271 5175 2532 5245 σχολάσαι
2555 5177 2649 5230 καὶ
2674 5179 2920 5246 γίνεσθαι
2946 5181 3129 5245 καθὼς
3155 5182 3360 5237 ἄνωθεν
3388 5186 3627 5258 εἴρηται.

2052 5266 2217 5320 Ἀλλὰ
2248 5268 2342 5320 καὶ
2371 5270 2427 5321 al
2470 5268 2784 5340 σωζόμεναι
2818 5273 3168 5343 προσενέξεις
3196 5276 3296 5329 οὐκ
3322 5277 3628 5346 ὀφείλουσιν

2041 5358 2408 5431 ἐκποιηθῆναι
2464 5366 2530 5433 τῇ
2598 5367 2825 5436 ἀφορμῇ
2891 5366 3004 5420 τῶν
3061 5368 3493 5440 ὑπομνημάτων.
3560 5373 3626 5426 'll

2044 5453 2231 5521 μέντοι
2262 5457 2487 5525 φροντὶς
2529 5459 2590 5511 οὐ
2630 5459 2791 5529 μόνον
2822 5460 2931 5512 τῶν
2965 5461 3156 5531 ψυχῶν
3202 5462 3311 5516 τῶν
3350 5465 3625 5537 μοναχῶν,

2040 5544 2180 5596 ἀλλὰ
2211 5548 2307 5600 καὶ
2352 5548 2537 5601 αὐτῶν
2565 5551 2675 5603 τῶν
2718 5551 3024 5622 κοσμικῶν,
3073 5553 3150 5625 τῷ
3196 5555 3487 5629 ἁγιωτάτῳ
3521 5575 3628 5611 πα-

2040 5639 2287 5712 στριάρχιῃ¹
2315 5641 2590 5696 ἐπίκειται
2611 5658 2626 5673 ·
2661 5645 2757 5697 καὶ
2779 5645 2908 5697 ὅταν
2937 5644 3201 5717 θεάσηται
3234 5666 3354 5702 τινα
3393 5650 3502 5703 τῶν
3532 5668 3627 5705 xo-

2043 5731 2255 5800 σμικῶν
2283 5733 2523 5804 διψῶντα
2549 5735 2649 5807 τὴν
2677 5735 2884 5792 οἰκείαν
2931 5740 3228 5810 σωτηρίαν,
3258 5741 3377 5805 πῶς
3405 5741 3624 5813 ἐνδέχε-

2042 5839 2128 5877 ται
2163 5823 2247 5879 ἵνα
2276 5826 2555 5899 κωλύηται
2578 5826 2673 5880 τοῦ
2700 5827 2923 5886 τάσσειν
2947 5831 3005 5886 ἐν
3036 5834 3102 5904 τῇ
3131 5835 3266 5907 μονῇ
3301 5832 3397 5889 ἐπὶ
3416 5833 3623 5907 ψυχιειῇ
