4064 6424
448 399 557 462 945

1523 401 1898 464 NOVELL/E
1940 401 2630 463 CONSTITUTIONES.

3610 398 3718 463 946

448 505 698 578 σωτηρίᾳ
724 507 820 563 τοῦ
867 501 1351 581 προσερχομένους
1405 508 1518 575 ἕξει
1548 509 1658 582 γὰρ
1698 509 1980 566 ἀκώλυτον
2006 512 2034 564 6

2152 512 2290 565 enim
2326 510 2783 581 impedimentum
2819 511 3172 567 sanctissimo
3195 511 3524 581 patriarchas
3551 512 3726 584 magis

450 595 757 664 ἁγιώτατος
789 599 1140 672 πατριάρχης
1172 600 1234 653 τὸ
1258 600 1502 667 τάσσειν,
1539 601 1684 672 ἤπερ
1704 600 1755 654 οἱ
1781 617 2029 673 χαριστι-

445 690 652 758 raptor.
687 688 797 745 κᾶν
831 690 1205 762 ὑπομνήματα
1240 690 1430 762 ἔχωσι.
1472 690 1623 761 Πλὴν
1668 693 1719 744 εί
1758 691 1969 745 κελεύει
2004 690 2034 743 6

445 781 758 849 ἁγιώτατός
791 800 896 853 μου
928 783 1200 854 δεσπότης
1226 784 1530 855 λαμϐάνειν
1566 785 1760 856 χρείαν
1801 783 2033 852 ἀδελφά-

446 891 542 928 του
591 872 719 928 τινὰ
759 875 1026 944 κοσμικὺν
1068 874 1201 929 ὄντα
1231 876 1264 948 ἢ
1301 879 1396 931 καὶ
1434 876 1673 947 μοναχὸν
1700 875 1812 931 ἀπὸ
1839 877 2029 946 ἑτέρου

451 956 818 1039 μοναστηρίου
866 965 1219 1039 διαφέροντος
1256 968 1429 1040 αὐτῷ,
1461 970 1549 1023 ίνα
1589 969 1666 1040 μὴ
1716 969 1902 1023 δίδωσι
1937 985 2030 1021 κο-

453 1057 637 1129 σμικῷ
687 1057 723 1130 ἢ
780 1057 1001 1129 μεναχῷ
1033 1057 1452 1129 ὲξωμονίτατον,
1498 1060 1575 1126 ὡς
1609 1060 1677 1114 ἂν
1724 1060 1801 1132 μὴ
1838 1060 2034 1114 ἐπιϐα-

453 1143 740 1215 ρύνηταιή
774 1146 912 1217 μονὴ
948 1146 1057 1200 ἀπὸ
1085 1146 1181 1201 τοῦ
1228 1149 1533 1217 ἀδελφάτου
1554 1164 1570 1180 ’
1618 1151 1668 1203 εί
1695 1149 1809 1219 γὰρ
1837 1148 2034 1203 ἐπιδα-

452 1233 704 1306 ρὺνηται,
748 1234 928 1305 λείψει
967 1236 1189 1301 πάντως
1217 1238 1313 1292 καὶ
1356 1237 1419 1292 τὸ
1463 1239 1891 1310 ὲνσωμονίτατον,
1937 1237 2035 1292 καὶ

447 1326 660 1394 γίνεται
694 1321 818 1380 ἀντὶ
851 1327 1050 1398 μισθοῦ
1094 1330 1292 1401 κρίμα.
1325 1331 1388 1385 Et
1421 1331 1467 1386 δ’
1499 1331 1634 1397 ἴσως
1666 1332 2034 1403 προσέρχεταί

447 1434 536 1482 τις
563 1419 673 1473 τῶν
699 1421 906 1474 λαῖκῶν
932 1422 1197 1487 ἀδύνατος
1227 1424 1406 1496 πάντη
1437 1425 1534 1481 καὶ
1572 1426 1745 1497 πένης
1769 1425 1849 1499 τῷ
1875 1428 2035 1494 ἁγιω-

450 1510 599 1580 τάτῳ
637 1529 739 1580 μου
772 1512 1036 1588 δεσπότῃ,
1085 1515 1118 1585 ἢ
1169 1517 1264 1569 καὶ
1292 1517 1400 1570 ἀπὸ
1429 1517 1539 1571 τῶν
1576 1518 1879 1591 ἀρχιερέων
1923 1519 2036 1573 τῶν

450 1600 837 1657 ἀπολεσάντων
866 1605 995 1666 τοὺς
1021 1605 1245 1676 θρόνους
1277 1607 1459 1661 αὐτῶν
1486 1609 1581 1663 καὶ
1612 1609 1906 1680 δεομένων,
1940 1613 2036 1665 καὶ

451 1691 674 1765 θελήσει
703 1694 913 1750 τυποῦν
956 1696 1122 1751 αὑτὸν
1167 1697 1475 1777 λαμϐάνειν
1509 1701 1704 1771 χρείαν
1743 1702 1855 1756 ἀπό
1893 1718 2037 1766 τινος

447 1782 560 1837 τῶν
585 1784 981 1858 εὐπορωτέρων
1001 1790 1406 1862 μοναστηρίων,
1427 1792 1649 1864 ποιήσει
1671 1792 1832 1847 τοῦτο
1853 1793 2037 1858 καλῶς

2142 604 2309 658 etiam
2344 602 2535 659 licebit
2553 602 2854 667 collocare,
2884 618 3050 674 quam
3102 603 3504 659 charisticariis
3533 602 3728 677 [bene-

2146 694 2415 769 ﬁciariis],
2449 696 2582 751 licet
2621 695 2957 751 documenta
2984 682 3242 751 habeant.
3278 697 3653 765 Praeterquam
3679 697 3727 752 si

2139 787 2703 859 jubctsanctissitnus
2733 804 2889 843 meus
2922 787 3183 843 dominus
3212 788 3477 844 fraternae
3513 788 3730 859 portio-

2142 880 2231 935 nis
2260 894 2420 934 usum
2451 879 2705 948 accipere
2751 879 3074 936 sarcularem
3119 879 3387 949 aliquem,
3429 879 3517 935 vel
3561 879 3732 935 etiam

2144 970 2474 1026 monachum
2504 986 2571 1026 ex
2599 971 2710 1026 alio
2739 970 3076 1027 monasterio
3110 970 3254 1042 quod
3300 970 3368 1025 ad
3398 971 3575 1041 ipsum
3603 987 3732 1041 per-

2144 1061 2329 1116 tinet:
2374 1078 2442 1117 ne
2476 1062 2571 1118 det
2614 1062 2886 1129 saeculari,
2936 1062 3020 1117 vel
3057 1063 3330 1119 monacho
3373 1063 3727 1132 praebendam

2142 1150 2387 1206 extranei
2424 1152 2766 1218 monasterii,
2798 1161 2858 1207 ut
2888 1168 2998 1208 non
3028 1162 3290 1226 gravetur
3329 1153 3728 1209 monasterium

2143 1242 2457 1313 adelphato.
2492 1245 2550 1301 Si
2575 1245 2723 1299 enim
2756 1254 3040 1316 gravetur,
3084 1245 3311 1300 omnino
3334 1245 3513 1300 deerit
3545 1258 3730 1298 mona-

2143 1332 2285 1400 chis,
2320 1336 2412 1405 qui
2452 1344 2583 1391 sunt
2614 1334 2786 1401 intus,
2813 1346 2869 1390 et
2902 1352 3003 1406 pro
3034 1336 3290 1392 mercede
3320 1337 3414 1392 [iet
3433 1335 3728 1408 judicium.

2116 1427 2202 1483 >Si
2232 1436 2418 1484 autem
2449 1429 2667 1485 accedit
2693 1429 2963 1485 laicorum
3016 1429 3315 1500 quispiam,
3347 1429 3441 1499 qui
3492 1437 3578 1484 est
3606 1442 3730 1482 om-

2144 1522 2279 1577 nino
2310 1521 2471 1591 inops
2499 1530 2556 1576 et
2582 1535 2814 1593 pauper,
2852 1521 2921 1576 ad
2962 1522 3374 1576 sanctissimum
3410 1536 3594 1575 meum
3627 1519 3731 1574 do-

2145 1612 2381 1678 minum,
2416 1613 2500 1669 vel
2530 1628 2599 1669 ex
2626 1614 2986 1681 antistitibus,
3015 1614 3108 1685 qui
3142 1630 3275 1669 suos
3325 1614 3555 1669 thronos
3601 1628 3729 1684 per-

2145 1704 2434 1774 diderunt,
2461 1714 2518 1762 et
2545 1715 2679 1762 sunt
2714 1706 2931 1776 inopes,
2970 1716 3029 1762 et
3075 1708 3319 1763 voluerit
3351 1717 3617 1771 statuere,
3669 1719 3733 1761 ut

2146 1798 2195 1854 is
2220 1798 2428 1854 victum
2462 1799 2643 1871 capiat
2676 1815 2709 1855 e
2759 1799 2948 1855 ditiori
2982 1800 3169 1871 aliquo
3210 1800 3589 1866 monasterio;
3626 1800 3733 1854 hoc

455 1873 532 1943 μὴ
568 1874 710 1969 ὑπὲρ
739 1877 843 1949 τὴν
873 1878 1107 1952 δύναμιν
1155 1885 1257 1952 τῆς
1297 1882 1469 1954 μονῆς
1503 1882 1598 1937 τοῦ
1644 1884 1885 1957 ἀριθμοῦ
1931 1884 2040 1939 τῶν

2152 1903 2298 1951 recte
2321 1894 2507 1962 faciet,
2543 1896 2712 1952 modo
2763 1911 3031 1952 numerus
3065 1911 3284 1965 eorum,
3323 1897 3418 1969 qui
3459 1897 3731 1953 ordinan-

453 1967 810 2036 τασσομένων
855 1969 1035 2035 ὄντος.
1098 1974 1498 2047 Προτιμότεροι
1561 1974 1674 2047 γὰρ
1730 1976 2039 2046 ὀφείλουσιν

453 2053 596 2110 εἶναι
633 2057 698 2110 ob
711 2059 1044 2130 ὲσωμονίται
1065 2061 1179 2116 τῶν
1205 2063 1383 2119 ἄλλων
1413 2065 1671 2122 ἁπάντων
1702 2068 1784 2132 είς
1812 2067 1875 2122 τὸ
1896 2069 2040 2141 λαμο

454 2146 641 2203 δάνειν
674 2150 775 2215 τὰς
798 2150 990 2222 χρείας
1016 2153 1222 2233 αὐτῶν.

1180 2339 1303 2409 ις’.

451 2469 650 2551 Νερρὰ
671 2474 999 2551 νοιίοᾷεσία
1033 2473 1157 2551 (27)~
1170 2477 1279 2551 τοῦ
1300 2478 1614 2549 ,βασιλέως
1647 2480 1835 2551 πυροῦ
1873 2485 2042 2538 Ἀλε-

526 2541 662 2622 ξίου
692 2542 799 2598 τοῦ
836 2546 1182 2622 Κρμγηνζοῦ,
1238 2541 1639 2622 ᾷιατιέποῦσὶι
1660 2541 1736 2607 τᾶ
1761 2553 1894 2622 περὶ
1926 2553 2045 2608 τῶν

525 2610 793 2694 ψήφων..
807 2610 1206 2694 καϊόποίρυξ
1243 2619 1337 2694 δεῖ
1358 2616 1514 2694 εἶναι
1550 2621 1696 2694 τοὺς
1725 2610 2042 2694 παντταχοῦ

523 2682 863 2764 ᾀρχιερεῖς,
909 2686 1057 2764 πρὸς
1102 2682 1193 2764 (δὲ’
1234 2690 1334 2745 καί
1371 2693 1517 2764 τοὺς
1562 2682 1758 2762 ἱερεῖς,
1803 2695 1873 2747 ἐν
1914 2682 2045 2761 ἑαῖς

526 2755 865 2836 ἐπαρχίαις,
897 2755 999 2810 καὶ
1028 2758 1162 2824 ταῖς
1179 2755 1885 2830 μητροπόλεσίκαῖταῖς
1912 2755 2044 2820 ἐπιί-

527 2838 813 2892 σκοπαις.

2148 1994 2261 2054 tur,
2313 1988 2620 2043 mansionis
2667 1987 2958 2044 facultates
3016 2003 3127 2043 non
3169 1988 3423 2045 excedat.
3473 1987 3730 2059 Monacbi

2146 2078 2297 2134 enim
2328 2079 2423 2149 qui
2462 2088 2595 2135 sunt
2625 2079 2796 2147 intus,
2828 2079 3035 2135 debent
3079 2078 3328 2150 praeferri
3376 2079 3594 2136 caeteris
3615 2095 3734 2136 om-

2149 2169 2314 2227 nibus
2338 2170 2407 2227 ad
2439 2185 2503 2226 ea
2533 2186 2656 2242 qua:
2687 2179 2817 2227 sunt
2841 2170 2946 2227 sibi
2978 2173 3294 2227 necessaria
3320 2171 3609 2244 capienda.

2869 2352 3012 2409 XVI.

2140 2490 2364 2547 Novella
2390 2491 2475 2545 (ea;
2512 2491 2851 2562 imperatoris
2880 2488 3091 2562 Domini
3122 2487 3735 2562 AleriiComneni,san-_

2214 2563 2356 2615 ciens
2395 2562 2461 2615 de
2494 2558 2851 2626 electionibus.
2888 2558 3333 2631 qualesque'esse
3369 2563 3611 2631 oporteat
3643 2558 3737 2631 qni

2213 2648 2305 2701 per
2320 2632 2496 2686 orbem
2536 2640 2668 2686 sunt.
2699 2626 2993 2702 pontiﬁces,
3047 2626 3276 2700 itemque
3316 2626 3652 2702 sacerdotes,
3675 2627 3731 2679 in

2216 2702 2517 2772 provinciis,
2546 2701 2922 2774 metrOpolibus
2950 2714 2999 2758 et
3035 2701 3441 2773 episcopalibus.

756 2969 925 3035 (Anno
962 2971 1102 3024 1107.
1123 2998 1187 3011 -
1207 2974 1356 3038 Apud
1377 2975 1522 3026 Joan.
1544 2976 1688 3029 Baot.
1723 2975 2035 3030 Cotelerium
2061 2980 2112 3030 in
2137 2974 2463 3030 Monumenlis
2492 2975 2726 3030 Ecclesia:
2756 2979 2962 3039 Graece,
2987 2983 3103 3028 tom.
3129 2978 3193 3038 ll,
3218 2990 3266 3040 p.
3296 2977 3427 3039 178.)

540 3128 841 3200 Ἀγιὼτατέ
872 3150 975 3202 μου
1002 3135 1271 3202 Δέσποτα,
1298 3137 1393 3190 καὶ
1423 3139 1458 3210 ἡ
1484 3138 1607 3193 θεία
1637 3142 1732 3195 καὶ
1757 3140 1879 3212 ἱερὰ
1916 3142 2044 3197 σύν-

461 3224 621 3292 οδοςτ
650 3225 699 3277 εἰ
749 3225 847 3279 καὶ
899 3226 1304 3299 ἀφρονέστερός
1359 3231 1478 3302 είμι
1534 3231 1778 3297 πάντων,
1810 3233 1950 3289 ἀλλά
1978 3251 2044 3304 γε

452 3317 555 3397 ,ἐπὶ
582 3318 655 3387 τῇ
681 3316 942 3371 ὑποθέσει
971 3320 1075 3390 τῆς
1129 3321 1459 3395 Ἐκκλησίας
1488 3324 1567 3396 μὴ
1592 3325 1668 3390 ὡς
1715 3325 1931 3397 ἄφρονά
1977 3343 2046 3399 με

462 3407 781 3481 λογίσησθε.
808 3410 1029 3481 ’Ἥψατο
1055 3414 1165 3485 γὰρ
1198 3414 1297 3485 τῆς
1334 3416 1563 3488 καρδίας
1596 3436 1698 3489 μου
1730 3421 1758 3473 6
1786 3419 1884 3491 τῆς
1913 3419 2048 3474 Ἐκ-

461 3499 691 3569 κλησίας
715 3502 818 3573 ήδη
851 3503 1205 3575 ὑφορώμενος
1241 3507 1508 3573 κίνδυνος.
1554 3510 1690 3564 Ἰδοὺ
1722 3511 1832 3582 γὰρ
1861 3512 2048 3566 κινδυ-

464 3591 713 3646 νεύουσιν
744 3595 801 3647 αί
849 3592 1022 3667 ψυχαὶ
1050 3596 1160 3650 τῶν
1190 3596 1516 3669 ὀρθοδόξων,
1572 3601 1668 3654 καὶ
1708 3602 1911 3672 μᾶλλον
1941 3603 2050 3659 τῶν

468 3682 893 3756 ἁπλουστέρωνο
952 3686 1078 3741 ἐπεὶ
1142 3690 1355 3760 κεφαλή
1409 3694 1529 3746 ἐστι
1568 3692 1678 3747 τῶν
1704 3694 2050 3765 ὁρθοδὸξωνό

466 3775 743 3847 ἱερατικὰς
784 3777 1047 3848 σύλλογος
1074 3797 1089 3810 '
1122 3783 1218 3835 καὶ
1243 3782 1427 3845 καλῶς
1472 3785 1572 3856 μὲν
1603 3784 1817 3856 ἔχοντος
1858 3787 2047 3853 αὐτοῦ,

467 3867 587 3922 ὅλον
612 3869 672 3922 τὸ
694 3870 853 3943 σῶμα
877 3872 971 3927 καὶ
1011 3873 1190 3928 πάντα
1218 3874 1285 3929 τὰ
1336 3875 1478 3947 μέλη
1515 3876 1683 3931 αὑτοῦ
1724 3879 1860 3951 πρὸς
1893 3879 2052 3946 ἀξίαν

467 3963 693 4030 ἄγονται
715 3979 729 3992 ·
770 3964 964 4020 τούτου
990 3966 1048 4022 δὲ
1083 3968 1246 4023 πάλιν
1269 3971 1625 4042 νοσήσαντος,
1666 3972 1763 4026 καὶ
1794 3973 1856 4026 τὸ
1892 3974 2053 4044 σῶμα

470 4057 603 4122 πᾶν,
634 4056 773 4129 πρὸς
800 4058 1042 4130 παντελῆ
1074 4060 1297 4132 δλεθρον
1323 4063 1526 4134 ἀφορᾷ.
1573 4064 1707 4119 Ἰδοὺ
1734 4065 1912 4118 τοίνυν
1938 4083 2052 4120 κιν·

470 4150 679 4205 δυνεύει
708 4155 736 4207 6
765 4154 1229 4225 Χριστιανισμδς,
1251 4157 1352 4225 τῆς
1383 4158 1854 4230 ἐκκλησιαστικῆς
1885 4178 2054 4216 κατα-

473 4244 714 4310 στάσεως
752 4246 845 4301 ἐπὶ
888 4246 948 4300 τὸ
979 4246 1204 4302 ἔλαττον
1256 4249 1606 4308 καθεκάστην
1634 4252 2053 4326 ὑποχωρούσης,

472 4338 567 4391 καὶ
591 4339 724 4404 Θεὸς
748 4338 1170 4413 παροργίζεται·
1198 4343 1386 4412 χαίρει
1421 4343 1476 4397 δὲ
1507 4345 1535 4397 6
1568 4344 1939 4417 παμπόνηρος
1963 4349 2057 4402 καὶ

475 4432 768 4502 μισόκαλος
819 4433 1054 4503 δαίμων,
1110 4436 1139 4487 6
1168 4437 1281 4498 τοῖς
1314 4435 1541 4503 ἀγαθοῖς
1592 4435 1679 4488 ἀεὶ
1718 4435 2051 4505 βασκαίνων..

2227 3138 2585 3199 Sanctissime
2621 3137 2852 3194 Domine
2898 3135 2996 3202 mi,
3038 3134 3226 3191 divina
3266 3145 3533 3202 sacraque
3573 3144 3742 3202 syno-

2155 3237 2304 3293 dus:
2345 3232 2598 3305 quamvis
2627 3231 2884 3287 omnibus
2929 3226 3280 3297 insipientior
3314 3225 3439 3289 sim,
3496 3232 3740 3277 attamen

2155 3328 2210 3384 in
2234 3325 2493 3383 Ecclesia:
2518 3331 2849 3395 argumento
2877 3321 3047 3376 nolite
3078 3335 3166 3374 me
3190 3327 3452 3388 tanquam
3483 3313 3745 3384 insipien-

2155 3420 2265 3477 tem
2297 3428 2577 3491 reputare.
2608 3417 2747 3473 Nam
2789 3415 2970 3487 tetigit
3005 3429 3101 3471 cor
3131 3427 3314 3467 meum
3344 3409 3605 3465 Ecclesia:
3641 3422 3739 3477 pe-

2154 3512 2416 3576 riculum,
2452 3509 2600 3581 quod
2643 3509 2758 3580 jam
2805 3506 3134 3578 chpicitur.
3166 3504 3308 3559 Ecce
3341 3502 3490 3557 enim
3522 3499 3747 3570 pericli-

2155 3615 2341 3663 tantur
2356 3605 2554 3661 animae
2575 3603 3042 3666 orthodoxorum,
3057 3599 3296 3655 maxime
3316 3595 3742 3667 simpliciorum,

2154 3698 2605 3772 quandoquidem
2643 3704 2798 3751 recte
2843 3693 3207 3750 sentientium
3247 3697 3415 3761 caput
3446 3697 3533 3744 est
3561 3703 3744 3744 sacer-

2156 3793 2340 3849 dotale
2371 3790 2663 3862 collegium
2700 3806 2714 3842 :
2745 3802 2857 3858 quo
2889 3788 3029 3841 bene
3048 3785 3308 3862 habente,
3342 3792 3515 3838 totum
3541 3793 3745 3850 corpus

2157 3887 2457 3955 omniaque
2508 3882 2759 3938 membra
2809 3881 2930 3951 ejus
2962 3860 3261 3949 prout‘par
3292 3884 3379 3930 est
3426 3875 3743 3938 ducuntur;

2157 3994 2270 4050 quo
2303 3984 2496 4033 contra
2523 3982 2847 4047 :egrotante,
2889 3972 3209 4029 universum
3240 3983 3443 4038 corpus
3470 3966 3536 4021 ad
3568 3965 3749 4021 omni-

2159 4070 2383 4127 modum
2418 4067 2706 4124 interitum
2738 4066 2936 4137 vergit.
2974 4064 3115 4118 Ecce
3142 4062 3307 4132 igitur
3339 4059 3395 4114 in
3431 4059 3748 4129 periculum

2158 4161 2311 4217 venit
2333 4157 2816 4219 Christianismus,
2851 4146 2980 4226 quia
3009 4152 3417 4208 ecclesiasticus
3445 4148 3584 4204 ordo
3610 4162 3749 4218 quo-

2163 4251 2297 4308 tidie
2330 4248 2574 4304 declinat
2600 4247 2654 4304 in
2690 4248 2847 4319 pejus
2882 4262 2898 4300 :
2934 4246 3082 4300 Deus
3111 4249 3444 4313 provocatur
3469 4240 3538 4294 ad
3576 4239 3744 4301 iram;

2160 4342 2364 4415 gaudet
2394 4340 2547 4396 omni
2578 4339 2789 4395 malitia
2830 4339 3030 4410 plenus
3061 4336 3304 4407 bonique
3347 4349 3476 4390 osor
3511 4332 3748 4393 daemon,

2161 4435 2254 4506 qui
2290 4431 2454 4488 bonis
2485 4447 2703 4501 semper
2744 4429 2981 4485 invidet.

541 4524 726 4581 Αίτιον
757 4524 815 4578 δὲ
845 4500 943 4596 τῆς
995 4527 1256 4597 τοιαύτης
1288 4500 1522 4590 ἀτοπίας
1559 4500 1870 4582 ὠδὲννᾶλλο
1906 4531 2048 4584 ἐστὶν

2180 4500 2195 4506 ⁷
2235 4526 2410 4598 llnjus
2442 4500 2631 4580 autem
2676 4520 3039 4579 absurditatis
3085 4521 3234 4575 nulla
3287 4518 3395 4573 alia
3430 4530 3593 4572 causa
3638 4522 3747 4581 est,

472 4617 506 4688 ἦ
545 4617 735 4689 χρονία
759 4618 1006 4690 ῥᾳθυμία
1027 4619 1122 4672 καὶ
1145 4619 1481 4689 ἀμέλεια,ἐκ
1515 4621 1730 4690 μακροῦ
1756 4621 1857 4692 μὲν
1887 4622 2058 4694 ἁρξά-

476 4707 636 4777 μένη,
670 4709 938 4777 προῖοῦσα
995 4710 1052 4763 δὲ
1110 4710 1275 4780 μέχρι
1308 4712 1401 4764 καὶ
1434 4710 1552 4766 νῦν.
1580 4709 1730 4782 Αὕτη
1766 4712 1876 4783 γὰρ
1917 4729 2059 4784 παρ-

474 4798 738 4853 εσκεύασε
782 4800 844 4853 τὸ
890 4801 1058 4854 κακὸν
1095 4801 1253 4854 τοῦτο
1294 4803 1395 4872 ἤδη
1432 4803 1527 4855 καὶ
1577 4802 1654 4867 ὼς
1704 4802 1869 4874 νόμον
1919 4798 2060 4858 εἷναί

473 4906 626 4945 τινα’
663 4890 758 4946 καὶ
788 4893 1117 4963 πράττεται,
1138 4893 1241 4963 οὐχ
1272 4894 1347 4956 ὼς
1380 4894 1577 4957 κακὸν,
1605 4894 1722 4946 ἀλλ’
1745 4894 1820 4956 ὡς
1853 4895 2059 4963 ἀγαθὸν

475 4985 569 5035 καὶ
596 4985 882 5055 σωτήριον,
900 4987 950 5038 εί
977 4988 1069 5038 καὶ
1092 4986 1337 5055 ὀλέθριον
1362 4986 1545 5056 πάντη
1577 4987 1726 5040 ἐστίν
1748 5003 1763 5019 ο
1787 4987 2058 5057 ὀλέθριον,

476 5074 599 5144 οὐχὶ
627 5074 878 5146 σώμασιν
923 5075 1049 5129 οὔτε
1078 5079 1159 5140 είς
1190 5077 1543 5147 χρηματικὴν
1574 5075 1782 5148 ζημίαν
1815 5077 2059 5147 ἀφορῶν,

477 5166 617 5221 ἀλλὰ
649 5165 910 5240 ψυχικὴν,
938 5170 1034 5223 καὶ
1059 5171 1139 5232 είς
1163 5168 1441 5222 ἀπώλειαν
1475 5169 1824 5240 Χριστιανῶν
1858 5178 2092 5222 καταν-’

475 5257 607 5314 τῶν.
645 5259 812 5316 Ποίαν
850 5257 946 5315 οὖν
974 5260 1274 5331 ἀπολογίαν
1310 5261 1612 5331 ποιήσομεν
1642 5263 1700 5313 ὲν
1728 5259 1913 5332 ἡμέρᾳ
1941 5259 2066 5329 κρί-

2162 4616 2714 4689 praaterdiuturnam
2749 4613 3041 4684 segnitiem
3085 4627 3149 4666 ac
3180 4608 3592 4680 negligentiam,
3626 4621 3749 4675 qua:

2155 4711 2270 4782 jam
2298 4709 2513 4780 pridem
2548 4708 2706 4763 initio
2737 4715 2983 4776 accepto,
3004 4703 3072 4758 ad
3102 4717 3347 4773 praesens
3378 4709 3593 4771 tempus
3620 4714 3751 4767 pro-

2164 4802 2354 4858 cessit.
2380 4802 2474 4855 Illa
2500 4799 2708 4863 etl'ecit,
2744 4807 2804 4851 ut
2831 4795 3101 4868 ejusmodi
3133 4792 3349 4848 malum
3380 4791 3544 4845 modo
3575 4791 3750 4845 instar

2162 4894 2300 4960 legis
2332 4895 2439 4958 sit;
2470 4902 2524 4946 et
2546 4898 2918 4961 perpetratur,
2958 4902 3070 4942 non
3104 4895 3373 4956 tanquam
3395 4884 3623 4949 malum,
3650 4883 3751 4938 sed

2166 4994 2425 5053 tanquam
2447 4983 2652 5035 bonum
2668 4987 2837 5049 atque
2854 4979 3114 5040 salutare,
3140 4976 3272 5031 licet
3310 4975 3605 5030 exitiosum
3654 4989 3750 5043 pe-

2164 5076 2314 5131 nitus
2358 5074 2624 5130 exsistat:
2655 5070 2972 5133 exitiosum,
3018 5085 3126 5123 non
3170 5067 3522 5137 corporibus,
3573 5082 3754 5135 neque

2166 5174 2420 5235 respectu
2447 5154 2631 5220 damni
2652 5159 3388 5233 pccuniarii,verumdamni
3408 5158 3715 5213 animarum
3738 5176 3752 5221 ;

2168 5273 2386 5314 necnon
2439 5257 2495 5312 in
2546 5254 2994 5312 Christianorum
3047 5254 3413 5324 perditionem
3472 5252 3754 5307 desinens.

1850 5423 2150 5486 Cotelerii
2211 5431 2394 5488 notae.

565 5578 778 5651 (εδ-27)
813 5577 1139 5651 Tlteodorus
1195 5575 1482 5651 Qalsamon
1514 5574 1584 5651 ad
1611 5573 1937 5651 Trullauum
1967 5590 2064 5630 ca—

484 5642 1284 5718 ιιοίιθηι19εΣημείωσαιοῦν
1323 5646 1433 5701 ἀπὸ
1492 5644 1587 5718 τοῦ
1644 5646 1914 5718 παρόντος
1969 5663 2067 5718 κα-

485 5726 655 5785 νόνος,
683 5722 766 5772 ὅτι
795 5720 855 5771 τὸ
883 5715 1157 5772 διδάσκειν
1185 5718 1278 5770 τὸν
1312 5718 1458 5778 λαὸν,
1495 5715 1678 5783 μόνοις
1710 5715 1929 5784 ἐνεδόθη
1952 5717 2066 5777 τοῖς

485 5784 809 5852 ἐπισκόποις
834 5806 847 5819 ·
875 5791 971 5842 καὶ
997 5790 1048 5841 οἱ
1068 5787 1380 5842 διδάσκαλοι
1414 5788 1514 5857 τῆς
1538 5786 1798 5854 Μεγάλης
1831 5784 2064 5853 Ἐκκλη-

492 5864 635 5930 σίας,
666 5860 858 5932 δικαίῳ
881 5858 972 5914 τοῦ
999 5860 1342 5933 πατριάρχου
1356 5858 1692 5914 διδάσκουσι.
1722 5857 2062 5928 Παρίσταται

2169 5576 2230 5630 δὲ
2259 5576 2423 5653 rvere
2441 5573 2665 5653 rat-se”
2692 5572 2794 5653 τῆς
2816 5571 3021 5653 νεαρᾶς
3066 5567 3160 5650 τρδ
3193 5558 3754 5653 ἀειδίμθῇἒαξξέἒὲξὶ

2171 5647 2340 5718 κυροῦ
2384 5644 2623 5718 Ἀλεξίου
2831 5637 3155 5718 Κεμνηνσιξ,
3195 5637 3303 5718 ,τῆς
3350 5637 3754 5718 ,ὑπστυῖτρύξςτις

2169 5702 2321 5782 ὅπως
2348 5716 2444 5771 καὶ
2470 5702 2618 5776 τίνες
2651 5702 2928 5780 όςοείλονσὶ
2946 5702 3282 5781 ψηφίζεσθαι
3315 5704 3395 5764 εξς
3420 5702 3515 5764 τὰς
3543 5702 3755 5770 ἐκκλη-

2172 5790 2318 5856 σίας,
2352 5789 2449 5844 καὶ
2475 5783 2832 5855 τυπωσάσης,
2855 5790 2964 5838 etc.
