  <div class='ocr_page' id='page_1' title='image "/cluster/home/n/w/nwhite01/storage/ocr_20150623/127/coo.31924054870328/481.png"; bbox 0 0 4064 6440; ppageno 0'>
   <div class='ocr_carea' id='block_1_1' title="bbox 322 361 424 423">
    <p class='ocr_par' dir='ltr' id='par_1_1' title="bbox 322 361 424 423">
     <span class='ocr_line' id='line_1_1' title="bbox 322 361 424 423; baseline -0.039 0"><span class='ocrx_word' id='word_1_1' title='bbox 322 361 424 423; x_wconf 68' lang='grc'><strong>947</strong></span> 
     </span>
    </p>
   </div>
   <div class='ocr_carea' id='block_1_2' title="bbox 1644 352 2295 416">
    <p class='ocr_par' dir='ltr' id='par_1_2' title="bbox 1644 352 2295 416">
     <span class='ocr_line' id='line_1_2' title="bbox 1644 352 2295 416; baseline 0.002 -3"><span class='ocrx_word' id='word_1_2' title='bbox 1644 352 1910 415; x_wconf 82' lang='lat' dir='ltr'><strong>ALEXII</strong></span> <span class='ocrx_word' id='word_1_3' title='bbox 1950 354 2295 416; x_wconf 81' lang='lat' dir='ltr'><strong>COMNENI</strong></span> 
     </span>
    </p>
   </div>
   <div class='ocr_carea' id='block_1_3' title="bbox 3481 358 3591 422">
    <p class='ocr_par' dir='ltr' id='par_1_3' title="bbox 3481 358 3591 422">
     <span class='ocr_line' id='line_1_3' title="bbox 3481 358 3591 422; baseline -0.009 0"><span class='ocrx_word' id='word_1_4' title='bbox 3481 358 3591 422; x_wconf 56' lang='lat' dir='ltr'><strong>9th</strong></span> 
     </span>
    </p>
   </div>
   <div class='ocr_carea' id='block_1_4' title="bbox 319 460 1922 543">
    <p class='ocr_par' dir='ltr' id='par_1_4' title="bbox 319 467 1908 543">
     <span class='ocr_line' id='line_1_4' title="bbox 319 467 1908 543; baseline -0.005 -17"><span class='ocrx_word' id='word_1_5' title='bbox 319 471 550 540; x_wconf 88' lang='lat' dir='ltr'><strong>Qualem</strong></span> <span class='ocrx_word' id='word_1_6' title='bbox 573 485 709 543; x_wconf 87' lang='lat' dir='ltr'><strong>ergo</strong></span> <span class='ocrx_word' id='word_1_7' title='bbox 726 469 1132 527; x_wconf 72' lang='lat' dir='ltr'><strong>excusationem</strong></span> <span class='ocrx_word' id='word_1_8' title='bbox 1158 468 1210 523; x_wconf 88' lang='lat' dir='ltr'><strong>in</strong></span> <span class='ocrx_word' id='word_1_9' title='bbox 1234 468 1323 525; x_wconf 89' lang='lat' dir='ltr'><strong>dic</strong></span> <span class='ocrx_word' id='word_1_10' title='bbox 1339 468 1536 541; x_wconf 83' lang='lat' dir='ltr'><strong>judicii</strong></span> <span class='ocrx_word' id='word_1_11' title='bbox 1561 467 1908 543; x_wconf 75' lang='lat' dir='ltr'><strong>proferemus</strong></span> 
     </span>
    </p>
   </div>
   <div class='ocr_carea' id='block_1_5' title="bbox 2031 460 3592 543">
    <p class='ocr_par' dir='ltr' id='par_1_5' title="bbox 2031 460 3592 541">
     <span class='ocr_line' id='line_1_5' title="bbox 2031 460 3592 541; baseline 0.005 -24"><span class='ocrx_word' id='word_1_12' title='bbox 2031 480 2156 530; x_wconf 75' lang='grc' dir='ltr'>πεως</span> <span class='ocrx_word' id='word_1_13' title='bbox 2180 466 2258 538; x_wconf 82' lang='grc' dir='ltr'>τῷ</span> <span class='ocrx_word' id='word_1_14' title='bbox 2291 466 2613 539; x_wconf 88' lang='grc' dir='ltr'>δημιουργῷ</span> <span class='ocrx_word' id='word_1_15' title='bbox 2647 466 2739 521; x_wconf 80' lang='grc' dir='ltr'>καὶ</span> <span class='ocrx_word' id='word_1_16' title='bbox 2774 466 2990 540; x_wconf 74' lang='grc' dir='ltr'>πλάστῃ</span> <span class='ocrx_word' id='word_1_17' title='bbox 3019 467 3144 541; x_wconf 83' lang='grc' dir='ltr'>Θεῷ</span> <span class='ocrx_word' id='word_1_18' title='bbox 3171 468 3229 525; x_wconf 76' lang='grc' dir='ltr'>οι</span> <span class='ocrx_word' id='word_1_19' title='bbox 3259 486 3321 523; x_wconf 89' lang='grc' dir='ltr'><strong>τε</strong></span> <span class='ocrx_word' id='word_1_20' title='bbox 3345 460 3592 529; x_wconf 71' lang='grc' dir='ltr'>βασιλείῖ</span> 
     </span>
    </p>
   </div>
   <div class='ocr_carea' id='block_1_6' title="bbox 326 560 1906 633">
    <p class='ocr_par' dir='ltr' id='par_1_6' title="bbox 326 560 1906 633">
     <span class='ocr_line' id='line_1_6' title="bbox 326 560 1906 633; baseline -0.004 -14"><span class='ocrx_word' id='word_1_21' title='bbox 326 561 566 619; x_wconf 89' lang='lat' dir='ltr'><strong>creatori</strong></span> <span class='ocrx_word' id='word_1_22' title='bbox 592 561 886 633; x_wconf 79' lang='lat' dir='ltr'><strong>Opiﬁcique</strong></span> <span class='ocrx_word' id='word_1_23' title='bbox 914 561 1176 625; x_wconf 89' lang='lat' dir='ltr'><strong>Deo,cum</strong></span> <span class='ocrx_word' id='word_1_24' title='bbox 1204 560 1587 631; x_wconf 89' lang='lat' dir='ltr'><strong>imperatores,</strong></span> <span class='ocrx_word' id='word_1_25' title='bbox 1619 569 1731 614; x_wconf 92' lang='lat' dir='ltr'><strong>tum</strong></span> <span class='ocrx_word' id='word_1_26' title='bbox 1765 574 1906 630; x_wconf 89' lang='lat' dir='ltr'><strong>pon-</strong></span> 
     </span>
    </p>
   </div>
   <div class='ocr_carea' id='block_1_7' title="bbox 327 653 1907 724">
    <p class='ocr_par' dir='ltr' id='par_1_7' title="bbox 327 653 1907 724">
     <span class='ocr_line' id='line_1_7' title="bbox 327 653 1907 724; baseline -0.002 -13"><span class='ocrx_word' id='word_1_27' title='bbox 327 653 523 719; x_wconf 76' lang='lat' dir='ltr'><strong>tiﬁces,</strong></span> <span class='ocrx_word' id='word_1_28' title='bbox 543 653 587 709; x_wconf 91' lang='lat' dir='ltr'><strong>si</strong></span> <span class='ocrx_word' id='word_1_29' title='bbox 616 653 956 709; x_wconf 72' lang='lat' dir='ltr'><strong>Christianas</strong></span> <span class='ocrx_word' id='word_1_30' title='bbox 979 653 1233 709; x_wconf 85' lang='lat' dir='ltr'><strong>homines</strong></span> <span class='ocrx_word' id='word_1_31' title='bbox 1263 669 1403 724; x_wconf 90' lang='lat' dir='ltr'><strong>quos</strong></span> <span class='ocrx_word' id='word_1_32' title='bbox 1424 653 1691 724; x_wconf 85' lang='lat' dir='ltr'><strong>regendos</strong></span> <span class='ocrx_word' id='word_1_33' title='bbox 1716 667 1907 708; x_wconf 85' lang='lat' dir='ltr'><strong>susce-</strong></span> 
     </span>
    </p>
   </div>
   <div class='ocr_carea' id='block_1_8' title="bbox 332 742 1908 814">
    <p class='ocr_par' dir='ltr' id='par_1_8' title="bbox 332 742 1908 814">
     <span class='ocr_line' id='line_1_8' title="bbox 332 742 1908 814; baseline 0 -16"><span class='ocrx_word' id='word_1_34' title='bbox 332 742 752 814; x_wconf 73' lang='lat' dir='ltr'><strong>pimus,Satana3</strong></span> <span class='ocrx_word' id='word_1_35' title='bbox 770 742 1159 798; x_wconf 83' lang='lat' dir='ltr'><strong>tradiderimus</strong></span> <span class='ocrx_word' id='word_1_36' title='bbox 1172 754 1397 814; x_wconf 79' lang='lat' dir='ltr'><strong>propter</strong></span> <span class='ocrx_word' id='word_1_37' title='bbox 1415 744 1726 798; x_wconf 90' lang='lat' dir='ltr'><strong>voluntates</strong></span> <span class='ocrx_word' id='word_1_38' title='bbox 1744 744 1908 813; x_wconf 86' lang='lat' dir='ltr'><strong>plane</strong></span> 
     </span>
    </p>
   </div>
   <div class='ocr_carea' id='block_1_9' title="bbox 329 834 1906 906">
    <p class='ocr_par' dir='ltr' id='par_1_9' title="bbox 329 834 1906 906">
     <span class='ocr_line' id='line_1_9' title="bbox 329 834 1906 906; baseline -0.001 -15"><span class='ocrx_word' id='word_1_39' title='bbox 329 837 615 897; x_wconf 88' lang='lat' dir='ltr'><strong>humanas,</strong></span> <span class='ocrx_word' id='word_1_40' title='bbox 637 851 759 905; x_wconf 68' lang='lat' dir='ltr'><strong>qua:</strong></span> <span class='ocrx_word' id='word_1_41' title='bbox 788 834 1206 906; x_wconf 87' lang='lat' dir='ltr'><strong>temporarium,</strong></span> <span class='ocrx_word' id='word_1_42' title='bbox 1233 836 1343 892; x_wconf 87' lang='lat' dir='ltr'><strong>imo</strong></span> <span class='ocrx_word' id='word_1_43' title='bbox 1362 851 1462 891; x_wconf 91' lang='lat' dir='ltr'><strong>nec</strong></span> <span class='ocrx_word' id='word_1_44' title='bbox 1490 838 1906 906; x_wconf 89' lang='lat' dir='ltr'><strong>temporarium,</strong></span> 
     </span>
    </p>
   </div>
   <div class='ocr_carea' id='block_1_10' title="bbox 327 926 1910 1000">
    <p class='ocr_par' dir='ltr' id='par_1_10' title="bbox 327 926 1910 1000">
     <span class='ocr_line' id='line_1_10' title="bbox 327 926 1910 1000; baseline 0.002 -18"><span class='ocrx_word' id='word_1_45' title='bbox 327 926 422 982; x_wconf 80' lang='lat' dir='ltr'><strong>sed</strong></span> <span class='ocrx_word' id='word_1_46' title='bbox 445 941 606 996; x_wconf 90' lang='lat' dir='ltr'><strong>quam</strong></span> <span class='ocrx_word' id='word_1_47' title='bbox 630 926 957 983; x_wconf 75' lang='lat' dir='ltr'><strong>brevissimo</strong></span> <span class='ocrx_word' id='word_1_48' title='bbox 979 930 1243 999; x_wconf 89' lang='lat' dir='ltr'><strong>temporis</strong></span> <span class='ocrx_word' id='word_1_49' title='bbox 1258 930 1435 1000; x_wconf 91' lang='lat' dir='ltr'><strong>spatio</strong></span> <span class='ocrx_word' id='word_1_50' title='bbox 1470 928 1676 984; x_wconf 84' lang='lat' dir='ltr'><strong>durans</strong></span> <span class='ocrx_word' id='word_1_51' title='bbox 1703 929 1910 985; x_wconf 82' lang='lat' dir='ltr'><strong>habent</strong></span> 
     </span>
    </p>
   </div>
   <div class='ocr_carea' id='block_1_11' title="bbox 327 1018 1908 1093">
    <p class='ocr_par' dir='ltr' id='par_1_11' title="bbox 327 1018 1908 1093">
     <span class='ocr_line' id='line_1_11' title="bbox 327 1018 1908 1093; baseline 0.003 -20"><span class='ocrx_word' id='word_1_52' title='bbox 327 1018 606 1082; x_wconf 87' lang='lat' dir='ltr'><strong>solatium,</strong></span> <span class='ocrx_word' id='word_1_53' title='bbox 637 1028 747 1073; x_wconf 89' lang='lat' dir='ltr'><strong>tam</strong></span> <span class='ocrx_word' id='word_1_54' title='bbox 769 1035 962 1074; x_wconf 90' lang='lat' dir='ltr'><strong>eorum</strong></span> <span class='ocrx_word' id='word_1_55' title='bbox 989 1022 1085 1091; x_wconf 88' lang='lat' dir='ltr'><strong>qui</strong></span> <span class='ocrx_word' id='word_1_56' title='bbox 1109 1022 1320 1092; x_wconf 84' lang='lat' dir='ltr'><strong>eligunt</strong></span> <span class='ocrx_word' id='word_1_57' title='bbox 1347 1031 1403 1076; x_wconf 89' lang='lat' dir='ltr'><strong>et</strong></span> <span class='ocrx_word' id='word_1_58' title='bbox 1432 1022 1693 1077; x_wconf 85' lang='lat' dir='ltr'><strong>ordinant</strong></span> <span class='ocrx_word' id='word_1_59' title='bbox 1744 1038 1908 1093; x_wconf 82' lang='lat' dir='ltr'><strong>quam</strong></span> 
     </span>
    </p>
   </div>
   <div class='ocr_carea' id='block_1_12' title="bbox 325 1113 1910 1185">
    <p class='ocr_par' dir='ltr' id='par_1_12' title="bbox 325 1113 1910 1185">
     <span class='ocr_line' id='line_1_12' title="bbox 325 1113 1910 1185; baseline 0.003 -18"><span class='ocrx_word' id='word_1_60' title='bbox 325 1126 517 1167; x_wconf 90' lang='lat' dir='ltr'><strong>eorum</strong></span> <span class='ocrx_word' id='word_1_61' title='bbox 536 1113 629 1182; x_wconf 91' lang='lat' dir='ltr'><strong>qui</strong></span> <span class='ocrx_word' id='word_1_62' title='bbox 654 1129 752 1184; x_wconf 89' lang='lat' dir='ltr'><strong>per</strong></span> <span class='ocrx_word' id='word_1_63' title='bbox 773 1113 897 1169; x_wconf 91' lang='lat' dir='ltr'><strong>illos</strong></span> <span class='ocrx_word' id='word_1_64' title='bbox 917 1125 1453 1185; x_wconf 89' lang='lat' dir='ltr'><strong>promoventur,non</strong></span> <span class='ocrx_word' id='word_1_65' title='bbox 1476 1115 1824 1171; x_wconf 86' lang='lat' dir='ltr'><strong>solummodo</strong></span> <span class='ocrx_word' id='word_1_66' title='bbox 1840 1116 1910 1171; x_wconf 88' lang='lat' dir='ltr'><strong>ad</strong></span> 
     </span>
    </p>
   </div>
   <div class='ocr_carea' id='block_1_13' title="bbox 326 1203 1913 1280">
    <p class='ocr_par' dir='ltr' id='par_1_13' title="bbox 326 1203 1913 1280">
     <span class='ocr_line' id='line_1_13' title="bbox 326 1203 1913 1280; baseline 0.002 -20"><span class='ocrx_word' id='word_1_67' title='bbox 326 1203 812 1275; x_wconf 79' lang='lat' dir='ltr'><strong>pontiﬁcium,sed</strong></span> <span class='ocrx_word' id='word_1_68' title='bbox 837 1206 1002 1263; x_wconf 90' lang='lat' dir='ltr'><strong>etiam</strong></span> <span class='ocrx_word' id='word_1_69' title='bbox 1034 1206 1100 1263; x_wconf 88' lang='lat' dir='ltr'><strong>ad</strong></span> <span class='ocrx_word' id='word_1_70' title='bbox 1125 1207 1293 1263; x_wconf 89' lang='lat' dir='ltr'><strong>alium</strong></span> <span class='ocrx_word' id='word_1_71' title='bbox 1321 1208 1613 1264; x_wconf 86' lang='lat' dir='ltr'><strong>sacerdotii</strong></span> <span class='ocrx_word' id='word_1_72' title='bbox 1637 1208 1913 1280; x_wconf 77' lang='lat' dir='ltr'><strong>gradum?</strong></span> 
     </span>
    </p>
   </div>
   <div class='ocr_carea' id='block_1_14' title="bbox 398 1382 1914 1454">
    <p class='ocr_par' dir='ltr' id='par_1_14' title="bbox 398 1382 1914 1454">
     <span class='ocr_line' id='line_1_14' title="bbox 398 1382 1914 1454; baseline 0.004 -17"><span class='ocrx_word' id='word_1_73' title='bbox 398 1382 560 1439; x_wconf 85' lang='lat' dir='ltr'><strong>Omni</strong></span> <span class='ocrx_word' id='word_1_74' title='bbox 589 1398 720 1440; x_wconf 88' lang='lat' dir='ltr'><strong>sane</strong></span> <span class='ocrx_word' id='word_1_75' title='bbox 750 1387 1063 1442; x_wconf 86' lang='lat' dir='ltr'><strong>carebimus</strong></span> <span class='ocrx_word' id='word_1_76' title='bbox 1088 1386 1433 1454; x_wconf 82' lang='lat' dir='ltr'><strong>defensione,</strong></span> <span class='ocrx_word' id='word_1_77' title='bbox 1467 1389 1572 1445; x_wconf 91' lang='lat' dir='ltr'><strong>nisi</strong></span> <span class='ocrx_word' id='word_1_78' title='bbox 1603 1390 1914 1446; x_wconf 82' lang='lat' dir='ltr'><strong>excitemur</strong></span> 
     </span>
    </p>
   </div>
   <div class='ocr_carea' id='block_1_15' title="bbox 329 1476 1913 1553">
    <p class='ocr_par' dir='ltr' id='par_1_15' title="bbox 329 1476 1913 1553">
     <span class='ocr_line' id='line_1_15' title="bbox 329 1476 1913 1553; baseline 0.005 -24"><span class='ocrx_word' id='word_1_79' title='bbox 329 1477 536 1536; x_wconf 88' lang='lat' dir='ltr'><strong>cuncti.</strong></span> <span class='ocrx_word' id='word_1_80' title='bbox 561 1485 616 1531; x_wconf 89' lang='lat' dir='ltr'><strong>et</strong></span> <span class='ocrx_word' id='word_1_81' title='bbox 644 1476 850 1533; x_wconf 86' lang='lat' dir='ltr'><strong>malum</strong></span> <span class='ocrx_word' id='word_1_82' title='bbox 884 1479 1248 1550; x_wconf 73' lang='lat' dir='ltr'><strong>corrigamus,</strong></span> <span class='ocrx_word' id='word_1_83' title='bbox 1285 1490 1452 1551; x_wconf 89' lang='lat' dir='ltr'><strong>atque</strong></span> <span class='ocrx_word' id='word_1_84' title='bbox 1483 1482 1794 1553; x_wconf 84' lang='lat' dir='ltr'><strong>neglectum</strong></span> <span class='ocrx_word' id='word_1_85' title='bbox 1826 1483 1913 1537; x_wconf 82' lang='lat' dir='ltr'><strong>iu—</strong></span> 
     </span>
    </p>
   </div>
   <div class='ocr_carea' id='block_1_16' title="bbox 328 1571 1913 1645">
    <p class='ocr_par' dir='ltr' id='par_1_16' title="bbox 328 1571 1913 1645">
     <span class='ocr_line' id='line_1_16' title="bbox 328 1571 1913 1645; baseline 0.007 -24"><span class='ocrx_word' id='word_1_86' title='bbox 328 1578 642 1625; x_wconf 86' lang='lat' dir='ltr'><strong>stauremus</strong></span> <span class='ocrx_word' id='word_1_87' title='bbox 696 1571 939 1640; x_wconf 91' lang='lat' dir='ltr'><strong>bonum,</strong></span> <span class='ocrx_word' id='word_1_88' title='bbox 995 1572 1200 1628; x_wconf 89' lang='lat' dir='ltr'><strong>bonum</strong></span> <span class='ocrx_word' id='word_1_89' title='bbox 1249 1574 1386 1629; x_wconf 90' lang='lat' dir='ltr'><strong>citra</strong></span> <span class='ocrx_word' id='word_1_90' title='bbox 1439 1576 1913 1645; x_wconf 85' lang='lat' dir='ltr'><strong>comparationem</strong></span> 
     </span>
    </p>
   </div>
   <div class='ocr_carea' id='block_1_17' title="bbox 328 1659 1913 1734">
    <p class='ocr_par' dir='ltr' id='par_1_17' title="bbox 328 1659 1913 1734">
     <span class='ocr_line' id='line_1_17' title="bbox 328 1659 1913 1734; baseline 0.008 -23"><span class='ocrx_word' id='word_1_91' title='bbox 328 1659 590 1717; x_wconf 88' lang='lat' dir='ltr'><strong>omnibus</strong></span> <span class='ocrx_word' id='word_1_92' title='bbox 629 1662 789 1717; x_wconf 83' lang='lat' dir='ltr'><strong>bonis</strong></span> <span class='ocrx_word' id='word_1_93' title='bbox 822 1664 1200 1733; x_wconf 64' lang='lat' dir='ltr'><strong>pmstantius,</strong></span> <span class='ocrx_word' id='word_1_94' title='bbox 1234 1675 1296 1721; x_wconf 94' lang='lat' dir='ltr'><strong>ut</strong></span> <span class='ocrx_word' id='word_1_95' title='bbox 1326 1675 1453 1734; x_wconf 86' lang='lat' dir='ltr'><strong>pote</strong></span> <span class='ocrx_word' id='word_1_96' title='bbox 1489 1666 1604 1722; x_wconf 86' lang='lat' dir='ltr'><strong>Deo</strong></span> <span class='ocrx_word' id='word_1_97' title='bbox 1630 1682 1732 1723; x_wconf 86' lang='lat' dir='ltr'><strong>nos</strong></span> <span class='ocrx_word' id='word_1_98' title='bbox 1775 1684 1913 1724; x_wconf 88' lang='lat' dir='ltr'><strong>cun-</strong></span> 
     </span>
    </p>
   </div>
   <div class='ocr_carea' id='block_1_18' title="bbox 328 1750 1917 1831">
    <p class='ocr_par' dir='ltr' id='par_1_18' title="bbox 328 1750 1917 1831">
     <span class='ocr_line' id='line_1_18' title="bbox 328 1750 1917 1831; baseline 0.009 -29"><span class='ocrx_word' id='word_1_99' title='bbox 328 1750 563 1818; x_wconf 83' lang='lat' dir='ltr'><strong>cilians,</strong></span> <span class='ocrx_word' id='word_1_100' title='bbox 598 1753 744 1824; x_wconf 86' lang='lat' dir='ltr'><strong>quod</strong></span> <span class='ocrx_word' id='word_1_101' title='bbox 783 1770 884 1825; x_wconf 91' lang='lat' dir='ltr'><strong>per</strong></span> <span class='ocrx_word' id='word_1_102' title='bbox 938 1756 1161 1828; x_wconf 81' lang='lat' dir='ltr'><strong>longum</strong></span> <span class='ocrx_word' id='word_1_103' title='bbox 1203 1758 1514 1829; x_wconf 84' lang='lat' dir='ltr'><strong>neglectum</strong></span> <span class='ocrx_word' id='word_1_104' title='bbox 1544 1760 1655 1831; x_wconf 83' lang='lat' dir='ltr'><strong>jam</strong></span> <span class='ocrx_word' id='word_1_105' title='bbox 1694 1759 1917 1816; x_wconf 87' lang='lat' dir='ltr'><strong>oblitte-</strong></span> 
     </span>
    </p>
   </div>
   <div class='ocr_carea' id='block_1_19' title="bbox 332 1846 1935 1922">
    <p class='ocr_par' dir='ltr' id='par_1_19' title="bbox 332 1846 1935 1922">
     <span class='ocr_line' id='line_1_19' title="bbox 332 1846 1935 1922; baseline 0.008 -27"><span class='ocrx_word' id='word_1_106' title='bbox 332 1851 511 1897; x_wconf 90' lang='lat' dir='ltr'><strong>ratum</strong></span> <span class='ocrx_word' id='word_1_107' title='bbox 545 1852 648 1900; x_wconf 87' lang='lat' dir='ltr'><strong>est.</strong></span> <span class='ocrx_word' id='word_1_108' title='bbox 680 1846 775 1902; x_wconf 89' lang='lat' dir='ltr'><strong>Dei</strong></span> <span class='ocrx_word' id='word_1_109' title='bbox 805 1847 1009 1920; x_wconf 89' lang='lat' dir='ltr'><strong>quippe</strong></span> <span class='ocrx_word' id='word_1_110' title='bbox 1033 1850 1208 1920; x_wconf 84' lang='lat' dir='ltr'><strong>gratia</strong></span> <span class='ocrx_word' id='word_1_111' title='bbox 1249 1866 1444 1907; x_wconf 88' lang='lat' dir='ltr'><strong>omnes</strong></span> <span class='ocrx_word' id='word_1_112' title='bbox 1486 1849 1787 1909; x_wconf 80' lang='lat' dir='ltr'><strong>Christiani</strong></span> <span class='ocrx_word' id='word_1_113' title='bbox 1814 1868 1935 1922; x_wconf 49' lang='grc' dir='ltr'>θυι,</span> 
     </span>
    </p>
   </div>
   <div class='ocr_carea' id='block_1_20' title="bbox 330 1930 1929 2012">
    <p class='ocr_par' dir='ltr' id='par_1_20' title="bbox 330 1930 1929 2012">
     <span class='ocr_line' id='line_1_20' title="bbox 330 1930 1929 2012; baseline 0.007 -23"><span class='ocrx_word' id='word_1_114' title='bbox 330 1952 473 2003; x_wconf 88' lang='lat' dir='ltr'><strong>mus,</strong></span> <span class='ocrx_word' id='word_1_115' title='bbox 505 1937 621 1994; x_wconf 75' lang='lat' dir='ltr'><strong>sive</strong></span> <span class='ocrx_word' id='word_1_116' title='bbox 656 1938 1039 2009; x_wconf 90' lang='lat' dir='ltr'><strong>imperatores,</strong></span> <span class='ocrx_word' id='word_1_117' title='bbox 1060 1940 1178 1996; x_wconf 79' lang='lat' dir='ltr'><strong>sive</strong></span> <span class='ocrx_word' id='word_1_118' title='bbox 1208 1943 1520 2012; x_wconf 83' lang='lat' dir='ltr'><strong>pontiﬁces.</strong></span> <span class='ocrx_word' id='word_1_119' title='bbox 1552 1930 1929 2000; x_wconf 31' lang='lat' dir='ltr'><strong>sacerdotalis.</strong></span> 
     </span>
    </p>
   </div>
   <div class='ocr_carea' id='block_1_21' title="bbox 330 2031 1913 2106">
    <p class='ocr_par' dir='ltr' id='par_1_21' title="bbox 330 2031 1913 2106">
     <span class='ocr_line' id='line_1_21' title="bbox 330 2031 1913 2106; baseline 0.008 -26"><span class='ocrx_word' id='word_1_120' title='bbox 330 2031 513 2086; x_wconf 80' lang='lat' dir='ltr'><strong>omnis</strong></span> <span class='ocrx_word' id='word_1_121' title='bbox 534 2034 911 2104; x_wconf 79' lang='lat' dir='ltr'><strong>congregatio,</strong></span> <span class='ocrx_word' id='word_1_122' title='bbox 937 2042 994 2091; x_wconf 89' lang='lat' dir='ltr'><strong>et</strong></span> <span class='ocrx_word' id='word_1_123' title='bbox 1026 2034 1209 2106; x_wconf 88' lang='lat' dir='ltr'><strong>plebs,</strong></span> <span class='ocrx_word' id='word_1_124' title='bbox 1240 2035 1423 2093; x_wconf 87' lang='lat' dir='ltr'><strong>adhuc</strong></span> <span class='ocrx_word' id='word_1_125' title='bbox 1461 2038 1708 2093; x_wconf 89' lang='lat' dir='ltr'><strong>contenti</strong></span> <span class='ocrx_word' id='word_1_126' title='bbox 1754 2040 1913 2093; x_wconf 84' lang='lat' dir='ltr'><strong>colli-</strong></span> 
     </span>
    </p>
   </div>
   <div class='ocr_carea' id='block_1_22' title="bbox 330 2124 1916 2203">
    <p class='ocr_par' dir='ltr' id='par_1_22' title="bbox 330 2124 1916 2203">
     <span class='ocr_line' id='line_1_22' title="bbox 330 2124 1916 2203; baseline 0.006 -24"><span class='ocrx_word' id='word_1_127' title='bbox 330 2124 550 2196; x_wconf 76' lang='lat' dir='ltr'><strong>gatique</strong></span> <span class='ocrx_word' id='word_1_128' title='bbox 586 2126 641 2181; x_wconf 93' lang='lat' dir='ltr'><strong>in</strong></span> <span class='ocrx_word' id='word_1_129' title='bbox 676 2127 806 2194; x_wconf 81' lang='lat' dir='ltr'><strong>(ide,</strong></span> <span class='ocrx_word' id='word_1_130' title='bbox 838 2144 938 2200; x_wconf 92' lang='lat' dir='ltr'><strong>per</strong></span> <span class='ocrx_word' id='word_1_131' title='bbox 968 2129 1163 2187; x_wconf 90' lang='lat' dir='ltr'><strong>beatos</strong></span> <span class='ocrx_word' id='word_1_132' title='bbox 1204 2128 1330 2187; x_wconf 90' lang='lat' dir='ltr'><strong>illos</strong></span> <span class='ocrx_word' id='word_1_133' title='bbox 1368 2133 1658 2203; x_wconf 76' lang='lat' dir='ltr'><strong>pontiﬁces</strong></span> <span class='ocrx_word' id='word_1_134' title='bbox 1698 2149 1766 2189; x_wconf 91' lang='lat' dir='ltr'><strong>ac</strong></span> <span class='ocrx_word' id='word_1_135' title='bbox 1810 2133 1916 2189; x_wconf 86' lang='lat' dir='ltr'><strong>do-</strong></span> 
     </span>
    </p>
   </div>
   <div class='ocr_carea' id='block_1_23' title="bbox 330 2219 1918 2296">
    <p class='ocr_par' dir='ltr' id='par_1_23' title="bbox 330 2219 1918 2296">
     <span class='ocr_line' id='line_1_23' title="bbox 330 2219 1918 2296; baseline 0.006 -24"><span class='ocrx_word' id='word_1_136' title='bbox 330 2226 534 2282; x_wconf 86' lang='lat' dir='ltr'><strong>ctores,</strong></span> <span class='ocrx_word' id='word_1_137' title='bbox 597 2219 952 2292; x_wconf 87' lang='lat' dir='ltr'><strong>reliquosque</strong></span> <span class='ocrx_word' id='word_1_138' title='bbox 995 2220 1238 2279; x_wconf 88' lang='lat' dir='ltr'><strong>deil&#39;eros</strong></span> <span class='ocrx_word' id='word_1_139' title='bbox 1284 2225 1501 2287; x_wconf 86' lang='lat' dir='ltr'><strong>Patres,</strong></span> <span class='ocrx_word' id='word_1_140' title='bbox 1550 2240 1767 2281; x_wconf 88' lang='lat' dir='ltr'><strong>necnon</strong></span> <span class='ocrx_word' id='word_1_141' title='bbox 1818 2241 1918 2296; x_wconf 91' lang='lat' dir='ltr'><strong>per</strong></span> 
     </span>
    </p>
   </div>
   <div class='ocr_carea' id='block_1_24' title="bbox 332 2312 1917 2390">
    <p class='ocr_par' dir='ltr' id='par_1_24' title="bbox 332 2312 1917 2390">
     <span class='ocr_line' id='line_1_24' title="bbox 332 2312 1917 2390; baseline 0.006 -26"><span class='ocrx_word' id='word_1_142' title='bbox 332 2312 683 2369; x_wconf 87' lang='lat' dir='ltr'><strong>sanctitatem</strong></span> <span class='ocrx_word' id='word_1_143' title='bbox 749 2324 935 2381; x_wconf 86' lang='lat' dir='ltr'><strong>tuam,</strong></span> <span class='ocrx_word' id='word_1_144' title='bbox 994 2316 1128 2372; x_wconf 84' lang='lat' dir='ltr'><strong>item</strong></span> <span class='ocrx_word' id='word_1_145' title='bbox 1192 2319 1491 2373; x_wconf 89' lang='lat' dir='ltr'><strong>nonnullos</strong></span> <span class='ocrx_word' id='word_1_146' title='bbox 1532 2334 1565 2374; x_wconf 92' lang='lat' dir='ltr'><strong>e</strong></span> <span class='ocrx_word' id='word_1_147' title='bbox 1614 2319 1917 2390; x_wconf 58' lang='lat' dir='ltr'><strong>pontiﬁcali</strong></span> 
     </span>
    </p>
   </div>
   <div class='ocr_carea' id='block_1_25' title="bbox 332 2406 1915 2482">
    <p class='ocr_par' dir='ltr' id='par_1_25' title="bbox 332 2406 1915 2482">
     <span class='ocr_line' id='line_1_25' title="bbox 332 2406 1915 2482; baseline 0.006 -25"><span class='ocrx_word' id='word_1_148' title='bbox 332 2410 505 2471; x_wconf 66' lang='lat' dir='ltr'><strong>metu,</strong></span> <span class='ocrx_word' id='word_1_149' title='bbox 529 2406 624 2475; x_wconf 91' lang='lat' dir='ltr'><strong>qui</strong></span> <span class='ocrx_word' id='word_1_150' title='bbox 654 2416 882 2464; x_wconf 69' lang='lat' dir='ltr'><strong>caeteros</strong></span> <span class='ocrx_word' id='word_1_151' title='bbox 919 2408 1171 2465; x_wconf 88' lang='lat' dir='ltr'><strong>doctrina</strong></span> <span class='ocrx_word' id='word_1_152' title='bbox 1203 2410 1523 2482; x_wconf 90' lang='lat' dir='ltr'><strong>virtuteque</strong></span> <span class='ocrx_word' id='word_1_153' title='bbox 1553 2411 1915 2468; x_wconf 85' lang='lat' dir='ltr'><strong>antecellunt.</strong></span> 
     </span>
    </p>
   </div>
   <div class='ocr_carea' id='block_1_26' title="bbox 401 2583 1916 2662">
    <p class='ocr_par' dir='ltr' id='par_1_26' title="bbox 401 2583 1916 2662">
     <span class='ocr_line' id='line_1_26' title="bbox 401 2583 1916 2662; baseline 0.007 -23"><span class='ocrx_word' id='word_1_154' title='bbox 401 2583 481 2639; x_wconf 88' lang='lat' dir='ltr'><strong>De</strong></span> <span class='ocrx_word' id='word_1_155' title='bbox 524 2585 741 2658; x_wconf 86' lang='lat' dir='ltr'><strong>reliquo</strong></span> <span class='ocrx_word' id='word_1_156' title='bbox 772 2596 989 2658; x_wconf 79' lang='lat' dir='ltr'><strong>Oportet</strong></span> <span class='ocrx_word' id='word_1_157' title='bbox 1030 2604 1131 2649; x_wconf 84' lang='lat' dir='ltr'><strong>nos</strong></span> <span class='ocrx_word' id='word_1_158' title='bbox 1183 2599 1245 2645; x_wconf 89' lang='lat' dir='ltr'><strong>ut</strong></span> <span class='ocrx_word' id='word_1_159' title='bbox 1285 2586 1633 2648; x_wconf 85' lang='lat' dir='ltr'><strong>Christianos</strong></span> <span class='ocrx_word' id='word_1_160' title='bbox 1669 2606 1769 2662; x_wconf 91' lang='lat' dir='ltr'><strong>per</strong></span> <span class='ocrx_word' id='word_1_161' title='bbox 1817 2588 1916 2649; x_wconf 84' lang='lat' dir='ltr'><strong>Dei</strong></span> 
     </span>
    </p>
   </div>
   <div class='ocr_carea' id='block_1_27' title="bbox 333 2676 1913 2751">
    <p class='ocr_par' dir='ltr' id='par_1_27' title="bbox 333 2676 1913 2751">
     <span class='ocr_line' id='line_1_27' title="bbox 333 2676 1913 2751; baseline 0.006 -20"><span class='ocrx_word' id='word_1_162' title='bbox 333 2676 562 2748; x_wconf 77' lang='lat' dir='ltr'><strong>gratiam</strong></span> <span class='ocrx_word' id='word_1_163' title='bbox 589 2677 1039 2751; x_wconf 85' lang='lat' dir='ltr'><strong>disquisitionem</strong></span> <span class='ocrx_word' id='word_1_164' title='bbox 1082 2683 1216 2740; x_wconf 88' lang='lat' dir='ltr'><strong>boni</strong></span> <span class='ocrx_word' id='word_1_165' title='bbox 1250 2683 1563 2740; x_wconf 79' lang='lat' dir='ltr'><strong>instituere.</strong></span> <span class='ocrx_word' id='word_1_166' title='bbox 1601 2683 1745 2751; x_wconf 90' lang='lat' dir='ltr'><strong>Quid</strong></span> <span class='ocrx_word' id='word_1_167' title='bbox 1763 2685 1913 2742; x_wconf 83' lang='lat' dir='ltr'><strong>enim</strong></span> 
     </span>
    </p>
   </div>
   <div class='ocr_carea' id='block_1_28' title="bbox 334 2770 1919 2842">
    <p class='ocr_par' dir='ltr' id='par_1_28' title="bbox 334 2770 1919 2842">
     <span class='ocr_line' id='line_1_28' title="bbox 334 2770 1919 2842; baseline 0.005 -17"><span class='ocrx_word' id='word_1_168' title='bbox 334 2770 517 2825; x_wconf 67' lang='lat' dir='ltr'><strong>vetat?</strong></span> <span class='ocrx_word' id='word_1_169' title='bbox 545 2770 700 2837; x_wconf 85' lang='lat' dir='ltr'><strong>Quod</strong></span> <span class='ocrx_word' id='word_1_170' title='bbox 734 2773 778 2829; x_wconf 92' lang='lat' dir='ltr'><strong>si</strong></span> <span class='ocrx_word' id='word_1_171' title='bbox 816 2789 925 2829; x_wconf 91' lang='lat' dir='ltr'><strong>non</strong></span> <span class='ocrx_word' id='word_1_172' title='bbox 951 2775 1154 2830; x_wconf 80' lang='lat' dir='ltr'><strong>factum</strong></span> <span class='ocrx_word' id='word_1_173' title='bbox 1182 2774 1369 2842; x_wconf 80' lang='lat' dir='ltr'><strong>fuerit,</strong></span> <span class='ocrx_word' id='word_1_174' title='bbox 1405 2791 1506 2831; x_wconf 88' lang='lat' dir='ltr'><strong>nec</strong></span> <span class='ocrx_word' id='word_1_175' title='bbox 1535 2792 1623 2832; x_wconf 90' lang='lat' dir='ltr'><strong>res</strong></span> <span class='ocrx_word' id='word_1_176' title='bbox 1647 2776 1717 2832; x_wconf 90' lang='lat' dir='ltr'><strong>ad</strong></span> <span class='ocrx_word' id='word_1_177' title='bbox 1752 2777 1919 2834; x_wconf 85' lang='lat' dir='ltr'><strong>reeti-</strong></span> 
     </span>
    </p>
   </div>
   <div class='ocr_carea' id='block_1_29' title="bbox 336 2862 1912 2939">
    <p class='ocr_par' dir='ltr' id='par_1_29' title="bbox 336 2862 1912 2939">
     <span class='ocr_line' id='line_1_29' title="bbox 336 2862 1912 2939; baseline 0.01 -25"><span class='ocrx_word' id='word_1_178' title='bbox 336 2862 584 2918; x_wconf 87' lang='lat' dir='ltr'><strong>tudinem</strong></span> <span class='ocrx_word' id='word_1_179' title='bbox 616 2864 796 2921; x_wconf 84' lang='lat' dir='ltr'><strong>fuerit&#39;</strong></span> <span class='ocrx_word' id='word_1_180' title='bbox 816 2867 1068 2935; x_wconf 78' lang='lat' dir='ltr'><strong>reducta,</strong></span> <span class='ocrx_word' id='word_1_181' title='bbox 1105 2868 1330 2924; x_wconf 84' lang='lat' dir='ltr'><strong>omnino</strong></span> <span class='ocrx_word' id='word_1_182' title='bbox 1368 2870 1592 2939; x_wconf 79' lang='lat' dir='ltr'><strong>expedit</strong></span> <span class='ocrx_word' id='word_1_183' title='bbox 1622 2871 1789 2928; x_wconf 88' lang='lat' dir='ltr'><strong>etiam</strong></span> <span class='ocrx_word' id='word_1_184' title='bbox 1808 2887 1912 2929; x_wconf 87' lang='lat' dir='ltr'><strong>no-</strong></span> 
     </span>
    </p>
   </div>
   <div class='ocr_carea' id='block_1_30' title="bbox 335 2958 1915 3036">
    <p class='ocr_par' dir='ltr' id='par_1_30' title="bbox 335 2958 1915 3036">
     <span class='ocr_line' id='line_1_30' title="bbox 335 2958 1915 3036; baseline 0.008 -24"><span class='ocrx_word' id='word_1_185' title='bbox 335 2958 442 3022; x_wconf 89' lang='lat' dir='ltr'><strong>bis,</strong></span> <span class='ocrx_word' id='word_1_186' title='bbox 461 2967 519 3012; x_wconf 91' lang='lat' dir='ltr'><strong>ut</strong></span> <span class='ocrx_word' id='word_1_187' title='bbox 559 2960 704 3017; x_wconf 90' lang='lat' dir='ltr'><strong>circa</strong></span> <span class='ocrx_word' id='word_1_188' title='bbox 730 2962 1003 3034; x_wconf 81' lang='lat' dir='ltr'><strong>cujusque</strong></span> <span class='ocrx_word' id='word_1_189' title='bbox 1030 2963 1232 3018; x_wconf 85' lang='lat' dir='ltr'><strong>collum</strong></span> <span class='ocrx_word' id='word_1_190' title='bbox 1254 2964 1458 3035; x_wconf 78' lang='lat' dir='ltr'><strong>ligetur</strong></span> <span class='ocrx_word' id='word_1_191' title='bbox 1481 2967 1627 3021; x_wconf 82' lang='lat' dir='ltr'><strong>mola</strong></span> <span class='ocrx_word' id='word_1_192' title='bbox 1651 2967 1915 3036; x_wconf 72' lang='lat' dir='ltr'><strong>asinaria,</strong></span> 
     </span>
    </p>
   </div>
   <div class='ocr_carea' id='block_1_31' title="bbox 334 3053 1918 3123">
    <p class='ocr_par' dir='ltr' id='par_1_31' title="bbox 334 3053 1918 3123">
     <span class='ocr_line' id='line_1_31' title="bbox 334 3053 1918 3123; baseline 0.007 -18"><span class='ocrx_word' id='word_1_193' title='bbox 334 3060 390 3106; x_wconf 87' lang='lat' dir='ltr'><strong>et</strong></span> <span class='ocrx_word' id='word_1_194' title='bbox 439 3053 796 3123; x_wconf 83' lang='lat' dir='ltr'><strong>projiciamur</strong></span> <span class='ocrx_word' id='word_1_195' title='bbox 839 3056 894 3110; x_wconf 90' lang='lat' dir='ltr'><strong>in</strong></span> <span class='ocrx_word' id='word_1_196' title='bbox 937 3071 1089 3111; x_wconf 89' lang='lat' dir='ltr'><strong>mare</strong></span> <span class='ocrx_word' id='word_1_197' title='bbox 1120 3057 1157 3109; x_wconf 75' lang='lat'><strong>‘.</strong></span> <span class='ocrx_word' id='word_1_198' title='bbox 1187 3056 1499 3114; x_wconf 85' lang='lat' dir='ltr'><strong>Conveniet</strong></span> <span class='ocrx_word' id='word_1_199' title='bbox 1547 3059 1714 3114; x_wconf 91' lang='lat' dir='ltr'><strong>etiam</strong></span> <span class='ocrx_word' id='word_1_200' title='bbox 1752 3060 1918 3117; x_wconf 87' lang='lat' dir='ltr'><strong>nobis</strong></span> 
     </span>
    </p>
   </div>
   <div class='ocr_carea' id='block_1_32' title="bbox 2011 557 3594 634">
    <p class='ocr_par' dir='ltr' id='par_1_32' title="bbox 2011 557 3594 634">
     <span class='ocr_line' id='line_1_32' title="bbox 2011 557 3594 634; baseline 0.004 -23"><span class='ocrx_word' id='word_1_201' title='bbox 2011 557 2108 612; x_wconf 81' lang='grc' dir='ltr'>καὶ</span> <span class='ocrx_word' id='word_1_202' title='bbox 2130 559 2430 630; x_wconf 72' lang='grc' dir='ltr'><strong>ἀρχιερεῖς,</strong></span> <span class='ocrx_word' id='word_1_203' title='bbox 2470 560 2632 631; x_wconf 76' lang='grc' dir='ltr'>εἰπερ</span> <span class='ocrx_word' id='word_1_204' title='bbox 2652 560 3019 631; x_wconf 82' lang='grc' dir='ltr'>Χριστιανοὺς</span> <span class='ocrx_word' id='word_1_205' title='bbox 3043 559 3372 631; x_wconf 75' lang='grc' dir='ltr'><strong>ἀνθρώπως</strong></span> <span class='ocrx_word' id='word_1_206' title='bbox 3405 578 3594 634; x_wconf 86' lang='grc' dir='ltr'>παρα-</span> 
     </span>
    </p>
   </div>
   <div class='ocr_carea' id='block_1_33' title="bbox 2008 651 3597 727">
    <p class='ocr_par' dir='ltr' id='par_1_33' title="bbox 2008 651 3597 727">
     <span class='ocr_line' id='line_1_33' title="bbox 2008 651 3597 727; baseline 0.003 -22"><span class='ocrx_word' id='word_1_207' title='bbox 2008 651 2288 718; x_wconf 76' lang='grc' dir='ltr'>λαῦόντες,</span> <span class='ocrx_word' id='word_1_208' title='bbox 2334 651 2738 724; x_wconf 70' lang='grc' dir='ltr'>παραδιδόαμεν</span> <span class='ocrx_word' id='word_1_209' title='bbox 2798 654 3026 717; x_wconf 76' lang='grc' dir='ltr'><strong>τούτους</strong></span> <span class='ocrx_word' id='word_1_210' title='bbox 3079 654 3159 724; x_wconf 79' lang='grc' dir='ltr'><strong>τῷ</strong></span> <span class='ocrx_word' id='word_1_211' title='bbox 3207 655 3446 727; x_wconf 69' lang='grc' dir='ltr'>Σατανᾷ,</span> <span class='ocrx_word' id='word_1_212' title='bbox 3504 655 3597 711; x_wconf 82' lang='grc' dir='ltr'><strong>διά</strong></span> 
     </span>
    </p>
   </div>
   <div class='ocr_carea' id='block_1_34' title="bbox 2011 744 3597 817">
    <p class='ocr_par' dir='ltr' id='par_1_34' title="bbox 2011 744 3597 817">
     <span class='ocr_line' id='line_1_34' title="bbox 2011 744 3597 817; baseline 0.002 -18"><span class='ocrx_word' id='word_1_213' title='bbox 2011 744 2295 816; x_wconf 78' lang='grc' dir='ltr'>θελήματα</span> <span class='ocrx_word' id='word_1_214' title='bbox 2329 746 2550 810; x_wconf 84' lang='grc' dir='ltr'>πάντως</span> <span class='ocrx_word' id='word_1_215' title='bbox 2580 744 2922 816; x_wconf 82' lang='grc' dir='ltr'>ἀνθρώπινα,</span> <span class='ocrx_word' id='word_1_216' title='bbox 2990 746 3328 817; x_wconf 74' lang='grc' dir='ltr'><strong>πρόσκαιρον</strong></span> <span class='ocrx_word' id='word_1_217' title='bbox 3377 746 3597 817; x_wconf 69' lang='grc' dir='ltr'>ἔχοντα.</span> 
     </span>
    </p>
   </div>
   <div class='ocr_carea' id='block_1_35' title="bbox 2013 837 3598 910">
    <p class='ocr_par' dir='ltr' id='par_1_35' title="bbox 2013 837 3598 910">
     <span class='ocr_line' id='line_1_35' title="bbox 2013 837 3598 910; baseline -0.002 -17"><span class='ocrx_word' id='word_1_218' title='bbox 2013 840 2106 893; x_wconf 72' lang='grc' dir='ltr'>καὶ</span> <span class='ocrx_word' id='word_1_219' title='bbox 2144 838 2267 893; x_wconf 73' lang='grc' dir='ltr'>οὐδὲ</span> <span class='ocrx_word' id='word_1_220' title='bbox 2321 838 2683 910; x_wconf 67' lang='grc' dir='ltr'><strong>πρόσκαιρον,</strong></span> <span class='ocrx_word' id='word_1_221' title='bbox 2735 838 2851 893; x_wconf 79' lang='grc' dir='ltr'>ἀλλ’</span> <span class='ocrx_word' id='word_1_222' title='bbox 2909 840 3003 892; x_wconf 71' lang='grc' dir='ltr'><strong>ἐπὶ</strong></span> <span class='ocrx_word' id='word_1_223' title='bbox 3060 837 3407 910; x_wconf 81' lang='grc' dir='ltr'><strong>βραχύτατον</strong></span> <span class='ocrx_word' id='word_1_224' title='bbox 3454 838 3598 891; x_wconf 83' lang='grc' dir='ltr'>πάνυ</span> 
     </span>
    </p>
   </div>
   <div class='ocr_carea' id='block_1_36' title="bbox 2012 926 3597 1000">
    <p class='ocr_par' dir='ltr' id='par_1_36' title="bbox 2012 926 3597 1000">
     <span class='ocr_line' id='line_1_36' title="bbox 2012 926 3597 1000; baseline -0.016 1"><span class='ocrx_word' id='word_1_225' title='bbox 2012 929 2207 1000; x_wconf 75' lang='grc' dir='ltr'>Χρόνον</span> <span class='ocrx_word' id='word_1_226' title='bbox 2234 928 2589 1000; x_wconf 76' lang='grc' dir='ltr'><strong>διαρκοῦσαν,</strong></span> <span class='ocrx_word' id='word_1_227' title='bbox 2643 926 2744 998; x_wconf 84' lang='grc' dir='ltr'>τὴν</span> <span class='ocrx_word' id='word_1_228' title='bbox 2780 928 3082 999; x_wconf 72' lang='grc' dir='ltr'>θεραπείαν</span> <span class='ocrx_word' id='word_1_229' title='bbox 3113 929 3225 982; x_wconf 86' lang='grc' dir='ltr'><strong>τῶν</strong></span> <span class='ocrx_word' id='word_1_230' title='bbox 3252 943 3314 982; x_wconf 86' lang='grc' dir='ltr'><strong>τε</strong></span> <span class='ocrx_word' id='word_1_231' title='bbox 3345 927 3446 990; x_wconf 77' lang='grc' dir='ltr'><strong>τὰς</strong></span> <span class='ocrx_word' id='word_1_232' title='bbox 3486 926 3597 997; x_wconf 71' lang='grc' dir='ltr'><strong>ψή-</strong></span> 
     </span>
    </p>
   </div>
   <div class='ocr_carea' id='block_1_37' title="bbox 2012 1018 3598 1093">
    <p class='ocr_par' dir='ltr' id='par_1_37' title="bbox 2012 1018 3598 1093">
     <span class='ocr_line' id='line_1_37' title="bbox 2012 1018 3598 1093; baseline -0.003 -17"><span class='ocrx_word' id='word_1_233' title='bbox 2012 1040 2148 1092; x_wconf 83' lang='grc' dir='ltr'>φους</span> <span class='ocrx_word' id='word_1_234' title='bbox 2177 1023 2275 1077; x_wconf 70' lang='grc' dir='ltr'>καὶ</span> <span class='ocrx_word' id='word_1_235' title='bbox 2305 1023 2408 1086; x_wconf 78' lang='grc' dir='ltr'><strong>τάς</strong></span> <span class='ocrx_word' id='word_1_236' title='bbox 2439 1021 2778 1093; x_wconf 78' lang='grc' dir='ltr'>χειροτονίας</span> <span class='ocrx_word' id='word_1_237' title='bbox 2810 1020 3133 1085; x_wconf 71' lang='grc' dir='ltr'>ποιούντων,</span> <span class='ocrx_word' id='word_1_238' title='bbox 3173 1020 3269 1075; x_wconf 75' lang='grc' dir='ltr'><strong>καὶ</strong></span> <span class='ocrx_word' id='word_1_239' title='bbox 3318 1018 3431 1073; x_wconf 86' lang='grc' dir='ltr'><strong>τῶν</strong></span> <span class='ocrx_word' id='word_1_240' title='bbox 3460 1035 3598 1088; x_wconf 84' lang='grc' dir='ltr'>προ·</span> 
     </span>
    </p>
   </div>
   <div class='ocr_carea' id='block_1_38' title="bbox 2013 1110 3601 1186">
    <p class='ocr_par' dir='ltr' id='par_1_38' title="bbox 2013 1110 3601 1186">
     <span class='ocr_line' id='line_1_38' title="bbox 2013 1110 3601 1186; baseline -0.003 -18"><span class='ocrx_word' id='word_1_241' title='bbox 2013 1113 2409 1186; x_wconf 67' lang='grc' dir='ltr'>χαριζομένων</span> <span class='ocrx_word' id='word_1_242' title='bbox 2441 1114 2573 1184; x_wconf 84' lang='grc' dir='ltr'>παρ’</span> <span class='ocrx_word' id='word_1_243' title='bbox 2603 1111 2809 1177; x_wconf 79' lang='grc' dir='ltr'>αὐτῶν,</span> <span class='ocrx_word' id='word_1_244' title='bbox 2865 1113 2929 1165; x_wconf 77' lang='grc' dir='ltr'>οὗ</span> <span class='ocrx_word' id='word_1_245' title='bbox 2961 1111 3125 1180; x_wconf 85' lang='grc' dir='ltr'>μόνον</span> <span class='ocrx_word' id='word_1_246' title='bbox 3153 1112 3236 1174; x_wconf 80' lang='grc' dir='ltr'><strong>είς</strong></span> <span class='ocrx_word' id='word_1_247' title='bbox 3284 1110 3385 1182; x_wconf 78' lang='grc' dir='ltr'>τὴν</span> <span class='ocrx_word' id='word_1_248' title='bbox 3412 1112 3601 1180; x_wconf 82' lang='grc' dir='ltr'>ἀρχιε-</span> 
     </span>
    </p>
   </div>
   <div class='ocr_carea' id='block_1_39' title="bbox 2017 1202 3603 1280">
    <p class='ocr_par' dir='ltr' id='par_1_39' title="bbox 2017 1202 3603 1280">
     <span class='ocr_line' id='line_1_39' title="bbox 2017 1202 3603 1280; baseline -0.003 -17"><span class='ocrx_word' id='word_1_249' title='bbox 2017 1209 2290 1280; x_wconf 78' lang='grc' dir='ltr'>ρωσύνην,</span> <span class='ocrx_word' id='word_1_250' title='bbox 2331 1206 2469 1261; x_wconf 84' lang='grc' dir='ltr'><strong>ἀλλά</strong></span> <span class='ocrx_word' id='word_1_251' title='bbox 2514 1205 2612 1261; x_wconf 70' lang='grc' dir='ltr'>καὶ</span> <span class='ocrx_word' id='word_1_252' title='bbox 2661 1206 2743 1268; x_wconf 79' lang='grc' dir='ltr'><strong>είς</strong></span> <span class='ocrx_word' id='word_1_253' title='bbox 2801 1204 2892 1259; x_wconf 76' lang='grc' dir='ltr'>τὸν</span> <span class='ocrx_word' id='word_1_254' title='bbox 2949 1205 3111 1259; x_wconf 79' lang='grc' dir='ltr'>ἀλλον</span> <span class='ocrx_word' id='word_1_255' title='bbox 3141 1204 3243 1275; x_wconf 85' lang='grc' dir='ltr'>τῆς</span> <span class='ocrx_word' id='word_1_256' title='bbox 3294 1202 3603 1274; x_wconf 72' lang='grc' dir='ltr'><strong>ἱερωσύνης</strong></span> 
     </span>
    </p>
   </div>
   <div class='ocr_carea' id='block_1_40' title="bbox 2016 1301 2359 1370">
    <p class='ocr_par' dir='ltr' id='par_1_40' title="bbox 2016 1301 2359 1370">
     <span class='ocr_line' id='line_1_40' title="bbox 2016 1301 2359 1370; baseline -0.009 -13"><span class='ocrx_word' id='word_1_257' title='bbox 2016 1301 2320 1370; x_wconf 81' lang='grc' dir='ltr'>κατάλογον</span> <span class='ocrx_word' id='word_1_258' title='bbox 2343 1321 2359 1365; x_wconf 78' lang='grc' dir='ltr'>ς</span> 
     </span>
    </p>
   </div>
   <div class='ocr_carea' id='block_1_41' title="bbox 2085 1387 3607 1468">
    <p class='ocr_par' dir='ltr' id='par_1_41' title="bbox 2085 1387 3607 1468">
     <span class='ocr_line' id='line_1_41' title="bbox 2085 1387 3607 1468; baseline -0.007 -18"><span class='ocrx_word' id='word_1_259' title='bbox 2085 1397 2199 1468; x_wconf 79' lang='grc' dir='ltr'><strong>Οὐχ</strong></span> <span class='ocrx_word' id='word_1_260' title='bbox 2231 1395 2429 1467; x_wconf 66' lang='grc' dir='ltr'>ἕξομεν</span> <span class='ocrx_word' id='word_1_261' title='bbox 2460 1396 2680 1457; x_wconf 83' lang='grc' dir='ltr'>πάντως</span> <span class='ocrx_word' id='word_1_262' title='bbox 2706 1392 3011 1460; x_wconf 77' lang='grc' dir='ltr'>ἀπολογίαν</span> <span class='ocrx_word' id='word_1_263' title='bbox 3039 1390 3187 1455; x_wconf 63' lang='grc' dir='ltr'>τινὰ,</span> <span class='ocrx_word' id='word_1_264' title='bbox 3214 1391 3266 1442; x_wconf 84' lang='grc' dir='ltr'><strong>εἰ</strong></span> <span class='ocrx_word' id='word_1_265' title='bbox 3291 1388 3367 1460; x_wconf 78' lang='grc' dir='ltr'><strong>μη</strong></span> <span class='ocrx_word' id='word_1_266' title='bbox 3393 1387 3607 1459; x_wconf 87' lang='grc' dir='ltr'>διεγερ-</span> 
     </span>
    </p>
   </div>
   <div class='ocr_carea' id='block_1_42' title="bbox 2017 1476 3603 1560">
    <p class='ocr_par' dir='ltr' id='par_1_42' title="bbox 2017 1476 3603 1560">
     <span class='ocr_line' id='line_1_42' title="bbox 2017 1476 3603 1560; baseline -0.008 -17"><span class='ocrx_word' id='word_1_267' title='bbox 2017 1489 2205 1560; x_wconf 76' lang='grc' dir='ltr'>θῶμεν</span> <span class='ocrx_word' id='word_1_268' title='bbox 2231 1489 2457 1555; x_wconf 80' lang='grc' dir='ltr'>πάντες,</span> <span class='ocrx_word' id='word_1_269' title='bbox 2479 1486 2576 1541; x_wconf 84' lang='grc' dir='ltr'>καὶ</span> <span class='ocrx_word' id='word_1_270' title='bbox 2601 1486 2889 1557; x_wconf 77' lang='grc' dir='ltr'>διόρθωσιν</span> <span class='ocrx_word' id='word_1_271' title='bbox 2909 1483 3006 1539; x_wconf 75' lang='grc' dir='ltr'>τοῦ</span> <span class='ocrx_word' id='word_1_272' title='bbox 3028 1481 3203 1537; x_wconf 84' lang='grc' dir='ltr'>κακοῦ</span> <span class='ocrx_word' id='word_1_273' title='bbox 3232 1476 3603 1552; x_wconf 77' lang='grc' dir='ltr'>ποιησόμεθα,</span> 
     </span>
    </p>
   </div>
   <div class='ocr_carea' id='block_1_43' title="bbox 2016 1571 3609 1650">
    <p class='ocr_par' dir='ltr' id='par_1_43' title="bbox 2016 1571 3609 1650">
     <span class='ocr_line' id='line_1_43' title="bbox 2016 1571 3609 1650; baseline -0.009 -12"><span class='ocrx_word' id='word_1_274' title='bbox 2016 1581 2465 1645; x_wconf 77' lang='grc' dir='ltr'>ἀνακαινίζοντες</span> <span class='ocrx_word' id='word_1_275' title='bbox 2487 1580 2548 1635; x_wconf 82' lang='grc' dir='ltr'><strong>τὸ</strong></span> <span class='ocrx_word' id='word_1_276' title='bbox 2580 1576 3001 1650; x_wconf 72' lang='grc' dir='ltr'>καταφρονηθὲν</span> <span class='ocrx_word' id='word_1_277' title='bbox 3029 1575 3219 1641; x_wconf 75' lang='grc' dir='ltr'>καλὸν,</span> <span class='ocrx_word' id='word_1_278' title='bbox 3249 1574 3312 1627; x_wconf 86' lang='grc' dir='ltr'><strong>τδ</strong></span> <span class='ocrx_word' id='word_1_279' title='bbox 3336 1571 3609 1642; x_wconf 81' lang='grc' dir='ltr'>ἀσυγκρί-</span> 
     </span>
    </p>
   </div>
   <div class='ocr_carea' id='block_1_44' title="bbox 2016 1666 3607 1751">
    <p class='ocr_par' dir='ltr' id='par_1_44' title="bbox 2016 1666 3607 1751">
     <span class='ocr_line' id='line_1_44' title="bbox 2016 1666 3607 1751; baseline -0.008 -21"><span class='ocrx_word' id='word_1_280' title='bbox 2016 1693 2126 1737; x_wconf 76' lang='grc' dir='ltr'><strong>τως</strong></span> <span class='ocrx_word' id='word_1_281' title='bbox 2158 1676 2344 1747; x_wconf 74' lang='grc' dir='ltr'>μεῖζον</span> <span class='ocrx_word' id='word_1_282' title='bbox 2379 1675 2601 1729; x_wconf 83' lang='grc' dir='ltr'>πάντων</span> <span class='ocrx_word' id='word_1_283' title='bbox 2630 1672 2757 1751; x_wconf 30' lang='grc' dir='ltr'>,τῶν</span> <span class='ocrx_word' id='word_1_284' title='bbox 2810 1670 3033 1726; x_wconf 80' lang='grc' dir='ltr'><strong>καλῶν⁹</strong></span> <span class='ocrx_word' id='word_1_285' title='bbox 3076 1671 3141 1724; x_wconf 67' lang='grc' dir='ltr'><strong>τι</strong></span> <span class='ocrx_word' id='word_1_286' title='bbox 3191 1666 3433 1722; x_wconf 67' lang='grc' dir='ltr'>οἰκειοῦν</span> <span class='ocrx_word' id='word_1_287' title='bbox 3455 1666 3607 1737; x_wconf 76' lang='grc' dir='ltr'>ἡμᾶς</span> 
     </span>
    </p>
   </div>
   <div class='ocr_carea' id='block_1_45' title="bbox 2019 1759 3607 1838">
    <p class='ocr_par' dir='ltr' id='par_1_45' title="bbox 2019 1759 3607 1838">
     <span class='ocr_line' id='line_1_45' title="bbox 2019 1759 3607 1838; baseline -0.008 -14"><span class='ocrx_word' id='word_1_288' title='bbox 2019 1769 2262 1838; x_wconf 74' lang='grc' dir='ltr'>δηλονότι</span> <span class='ocrx_word' id='word_1_289' title='bbox 2288 1767 2366 1838; x_wconf 80' lang='grc' dir='ltr'><strong>τῷ</strong></span> <span class='ocrx_word' id='word_1_290' title='bbox 2398 1767 2542 1837; x_wconf 77' lang='grc' dir='ltr'>Θεῷ,</span> <span class='ocrx_word' id='word_1_291' title='bbox 2566 1766 2630 1819; x_wconf 79' lang='grc' dir='ltr'>τὸ</span> <span class='ocrx_word' id='word_1_292' title='bbox 2656 1766 2747 1820; x_wconf 84' lang='grc' dir='ltr'><strong>διά</strong></span> <span class='ocrx_word' id='word_1_293' title='bbox 2770 1764 2997 1838; x_wconf 75' lang='grc' dir='ltr'>χρονίας</span> <span class='ocrx_word' id='word_1_294' title='bbox 3030 1763 3135 1835; x_wconf 73' lang='grc' dir='ltr'>ἢδη</span> <span class='ocrx_word' id='word_1_295' title='bbox 3178 1759 3607 1832; x_wconf 69' lang='grc' dir='ltr'>ἀμαυρούμενον</span> 
     </span>
    </p>
   </div>
   <div class='ocr_carea' id='block_1_46' title="bbox 2020 1851 3607 1933">
    <p class='ocr_par' dir='ltr' id='par_1_46' title="bbox 2020 1851 3607 1933">
     <span class='ocr_line' id='line_1_46' title="bbox 2020 1851 3607 1933; baseline -0.009 -14"><span class='ocrx_word' id='word_1_296' title='bbox 2020 1862 2305 1933; x_wconf 74' lang='grc' dir='ltr'><strong>ἀμελείας.</strong></span> <span class='ocrx_word' id='word_1_297' title='bbox 2338 1859 2478 1914; x_wconf 77' lang='grc' dir='ltr'>Θεοῦ</span> <span class='ocrx_word' id='word_1_298' title='bbox 2499 1859 2610 1931; x_wconf 75' lang='grc' dir='ltr'><strong>γάρ</strong></span> <span class='ocrx_word' id='word_1_299' title='bbox 2630 1858 2820 1928; x_wconf 87' lang='grc' dir='ltr'>χάριτι</span> <span class='ocrx_word' id='word_1_300' title='bbox 2845 1857 3047 1919; x_wconf 75' lang='grc' dir='ltr'>πάντες</span> <span class='ocrx_word' id='word_1_301' title='bbox 3068 1851 3390 1926; x_wconf 80' lang='grc' dir='ltr'>Χριστιανοί</span> <span class='ocrx_word' id='word_1_302' title='bbox 3414 1856 3607 1923; x_wconf 85' lang='grc' dir='ltr'>ἐσμεν,</span> 
     </span>
    </p>
   </div>
   <div class='ocr_carea' id='block_1_47' title="bbox 2019 1943 3611 2022">
    <p class='ocr_par' dir='ltr' id='par_1_47' title="bbox 2019 1943 3611 2022">
     <span class='ocr_line' id='line_1_47' title="bbox 2019 1943 3611 2022; baseline -0.008 -15"><span class='ocrx_word' id='word_1_303' title='bbox 2019 1953 2074 2008; x_wconf 77' lang='grc' dir='ltr'><strong>οῖ</strong></span> <span class='ocrx_word' id='word_1_304' title='bbox 2098 1969 2159 2005; x_wconf 84' lang='grc' dir='ltr'><strong>τε</strong></span> <span class='ocrx_word' id='word_1_305' title='bbox 2189 1949 2453 2022; x_wconf 75' lang='grc' dir='ltr'>βασιλεῖς,</span> <span class='ocrx_word' id='word_1_306' title='bbox 2484 1952 2531 2003; x_wconf 83' lang='lat' dir='ltr'><strong>oi</strong></span> <span class='ocrx_word' id='word_1_307' title='bbox 2565 1951 2872 2020; x_wconf 71' lang='grc' dir='ltr'><strong>ἀρχιερεῖς,</strong></span> <span class='ocrx_word' id='word_1_308' title='bbox 2906 1949 2937 2001; x_wconf 82' lang='grc' dir='ltr'><strong>ό</strong></span> <span class='ocrx_word' id='word_1_309' title='bbox 2972 1946 3254 2017; x_wconf 77' lang='grc' dir='ltr'>ίερατικδς</span> <span class='ocrx_word' id='word_1_310' title='bbox 3299 1944 3449 2006; x_wconf 81' lang='grc' dir='ltr'>άπας</span> <span class='ocrx_word' id='word_1_311' title='bbox 3481 1943 3611 1996; x_wconf 83' lang='grc' dir='ltr'>σύλ-</span> 
     </span>
    </p>
   </div>
   <div class='ocr_carea' id='block_1_48' title="bbox 2020 2035 3612 2112">
    <p class='ocr_par' dir='ltr' id='par_1_48' title="bbox 2020 2035 3612 2112">
     <span class='ocr_line' id='line_1_48' title="bbox 2020 2035 3612 2112; baseline -0.005 -15"><span class='ocrx_word' id='word_1_312' title='bbox 2020 2043 2204 2112; x_wconf 76' lang='grc' dir='ltr'>λογος,</span> <span class='ocrx_word' id='word_1_313' title='bbox 2241 2042 2336 2097; x_wconf 77' lang='grc' dir='ltr'>καὶ</span> <span class='ocrx_word' id='word_1_314' title='bbox 2363 2044 2391 2096; x_wconf 82' lang='grc' dir='ltr'><strong>ὁ</strong></span> <span class='ocrx_word' id='word_1_315' title='bbox 2418 2040 2543 2105; x_wconf 73' lang='grc' dir='ltr'>λαός</span> <span class='ocrx_word' id='word_1_316' title='bbox 2572 2056 2587 2072; x_wconf 78' lang='grc'><strong><em>⁸</em></strong></span> <span class='ocrx_word' id='word_1_317' title='bbox 2618 2040 2705 2093; x_wconf 79' lang='grc' dir='ltr'><strong>ἐτι</strong></span> <span class='ocrx_word' id='word_1_318' title='bbox 2740 2037 3094 2110; x_wconf 70' lang='grc' dir='ltr'>συνεχόμενοι</span> <span class='ocrx_word' id='word_1_319' title='bbox 3142 2036 3241 2092; x_wconf 77' lang='grc' dir='ltr'>καὶ</span> <span class='ocrx_word' id='word_1_320' title='bbox 3267 2035 3612 2105; x_wconf 76' lang='grc' dir='ltr'>συνδεόμενοι</span> 
     </span>
    </p>
   </div>
   <div class='ocr_carea' id='block_1_49' title="bbox 2025 2128 3612 2207">
    <p class='ocr_par' dir='ltr' id='par_1_49' title="bbox 2025 2128 3612 2207">
     <span class='ocr_line' id='line_1_49' title="bbox 2025 2128 3612 2207; baseline -0.006 -17"><span class='ocrx_word' id='word_1_321' title='bbox 2025 2139 2085 2190; x_wconf 81' lang='grc' dir='ltr'><strong>ἐν</strong></span> <span class='ocrx_word' id='word_1_322' title='bbox 2110 2139 2176 2207; x_wconf 76' lang='grc' dir='ltr'>τῇ</span> <span class='ocrx_word' id='word_1_323' title='bbox 2212 2136 2397 2189; x_wconf 78' lang='grc' dir='ltr'>πίστει</span> <span class='ocrx_word' id='word_1_324' title='bbox 2431 2135 2521 2189; x_wconf 74' lang='grc' dir='ltr'><strong>διὰ</strong></span> <span class='ocrx_word' id='word_1_325' title='bbox 2549 2132 2660 2188; x_wconf 87' lang='grc' dir='ltr'><strong>τῶν</strong></span> <span class='ocrx_word' id='word_1_326' title='bbox 2702 2133 2993 2202; x_wconf 82' lang='grc' dir='ltr'>μακαρίων</span> <span class='ocrx_word' id='word_1_327' title='bbox 3025 2131 3255 2185; x_wconf 82' lang='grc' dir='ltr'>ἐκείνων</span> <span class='ocrx_word' id='word_1_328' title='bbox 3302 2128 3612 2199; x_wconf 68' lang='grc' dir='ltr'>ἀρχιερέων</span> 
     </span>
    </p>
   </div>
   <div class='ocr_carea' id='block_1_50' title="bbox 2023 2219 3612 2291">
    <p class='ocr_par' dir='ltr' id='par_1_50' title="bbox 2023 2219 3612 2291">
     <span class='ocr_line' id='line_1_50' title="bbox 2023 2219 3612 2291; baseline -0.008 -10"><span class='ocrx_word' id='word_1_329' title='bbox 2023 2228 2119 2282; x_wconf 80' lang='grc' dir='ltr'>καὶ</span> <span class='ocrx_word' id='word_1_330' title='bbox 2146 2223 2506 2291; x_wconf 67' lang='grc' dir='ltr'>διδασκάλων,</span> <span class='ocrx_word' id='word_1_331' title='bbox 2526 2224 2624 2278; x_wconf 75' lang='grc' dir='ltr'>καὶ</span> <span class='ocrx_word' id='word_1_332' title='bbox 2651 2223 2761 2276; x_wconf 86' lang='grc' dir='ltr'><strong>τῶν</strong></span> <span class='ocrx_word' id='word_1_333' title='bbox 2791 2221 2996 2276; x_wconf 82' lang='grc' dir='ltr'>λοιπῶν</span> <span class='ocrx_word' id='word_1_334' title='bbox 3017 2221 3294 2291; x_wconf 79' lang='grc' dir='ltr'>θεοφόρων</span> <span class='ocrx_word' id='word_1_335' title='bbox 3326 2219 3612 2289; x_wconf 81' lang='grc' dir='ltr'>Πατέρων,</span> 
     </span>
    </p>
   </div>
   <div class='ocr_carea' id='block_1_51' title="bbox 2025 2309 3616 2391">
    <p class='ocr_par' dir='ltr' id='par_1_51' title="bbox 2025 2309 3616 2391">
     <span class='ocr_line' id='line_1_51' title="bbox 2025 2309 3616 2391; baseline -0.009 -15"><span class='ocrx_word' id='word_1_336' title='bbox 2025 2321 2121 2376; x_wconf 82' lang='grc' dir='ltr'>καὶ</span> <span class='ocrx_word' id='word_1_337' title='bbox 2150 2323 2252 2391; x_wconf 81' lang='grc' dir='ltr'>τῆς</span> <span class='ocrx_word' id='word_1_338' title='bbox 2272 2335 2332 2374; x_wconf 87' lang='grc' dir='ltr'><strong>τε</strong></span> <span class='ocrx_word' id='word_1_339' title='bbox 2364 2319 2463 2389; x_wconf 76' lang='grc' dir='ltr'>σῆς</span> <span class='ocrx_word' id='word_1_340' title='bbox 2479 2316 2788 2388; x_wconf 73' lang='grc' dir='ltr'>ἁγιότητος,</span> <span class='ocrx_word' id='word_1_341' title='bbox 2829 2313 2925 2369; x_wconf 86' lang='grc' dir='ltr'><strong>καί</strong></span> <span class='ocrx_word' id='word_1_342' title='bbox 2960 2330 3126 2368; x_wconf 89' lang='grc' dir='ltr'>τινων</span> <span class='ocrx_word' id='word_1_343' title='bbox 3160 2315 3226 2367; x_wconf 82' lang='grc' dir='ltr'><strong>ἐκ</strong></span> <span class='ocrx_word' id='word_1_344' title='bbox 3265 2313 3366 2381; x_wconf 79' lang='grc' dir='ltr'>τῆς</span> <span class='ocrx_word' id='word_1_345' title='bbox 3389 2309 3485 2363; x_wconf 85' lang='grc' dir='ltr'>νῦν</span> <span class='ocrx_word' id='word_1_346' title='bbox 3514 2311 3616 2379; x_wconf 84' lang='grc' dir='ltr'>ἀρ·</span> 
     </span>
    </p>
   </div>
   <div class='ocr_carea' id='block_1_52' title="bbox 2023 2399 3614 2486">
    <p class='ocr_par' dir='ltr' id='par_1_52' title="bbox 2023 2399 3614 2486">
     <span class='ocr_line' id='line_1_52' title="bbox 2023 2399 3614 2486; baseline -0.008 -21"><span class='ocrx_word' id='word_1_347' title='bbox 2023 2414 2344 2486; x_wconf 84' lang='grc' dir='ltr'>χιερατικῆς</span> <span class='ocrx_word' id='word_1_348' title='bbox 2367 2408 2718 2482; x_wconf 85' lang='grc' dir='ltr'>ὀμηγύρεως,</span> <span class='ocrx_word' id='word_1_349' title='bbox 2747 2406 2825 2479; x_wconf 82' lang='grc' dir='ltr'>τῷ</span> <span class='ocrx_word' id='word_1_350' title='bbox 2852 2406 2998 2478; x_wconf 80' lang='grc' dir='ltr'>λόγῳ</span> <span class='ocrx_word' id='word_1_351' title='bbox 3022 2406 3119 2461; x_wconf 75' lang='grc' dir='ltr'>καὶ</span> <span class='ocrx_word' id='word_1_352' title='bbox 3152 2405 3326 2476; x_wconf 73' lang='grc' dir='ltr'>ἀρετῇ</span> <span class='ocrx_word' id='word_1_353' title='bbox 3353 2402 3481 2465; x_wconf 79' lang='grc' dir='ltr'>τοὺς</span> <span class='ocrx_word' id='word_1_354' title='bbox 3502 2399 3614 2455; x_wconf 81' lang='grc' dir='ltr'><strong>ἀλ-</strong></span> 
     </span>
    </p>
   </div>
   <div class='ocr_carea' id='block_1_53' title="bbox 2024 2500 2635 2575">
    <p class='ocr_par' dir='ltr' id='par_1_53' title="bbox 2024 2500 2635 2575">
     <span class='ocr_line' id='line_1_53' title="bbox 2024 2500 2635 2575; baseline -0.01 -15"><span class='ocrx_word' id='word_1_355' title='bbox 2024 2505 2152 2569; x_wconf 82' lang='grc' dir='ltr'>λους</span> <span class='ocrx_word' id='word_1_356' title='bbox 2185 2500 2635 2575; x_wconf 77' lang='grc' dir='ltr'>ὑπερϐαλλόντων</span> 
     </span>
    </p>
   </div>
   <div class='ocr_carea' id='block_1_54' title="bbox 2098 2583 3615 2665">
    <p class='ocr_par' dir='ltr' id='par_1_54' title="bbox 2098 2583 3615 2665">
     <span class='ocr_line' id='line_1_54' title="bbox 2098 2583 3615 2665; baseline -0.011 -12"><span class='ocrx_word' id='word_1_357' title='bbox 2098 2597 2305 2653; x_wconf 78' lang='grc' dir='ltr'>Λοιπὸν</span> <span class='ocrx_word' id='word_1_358' title='bbox 2331 2590 2427 2651; x_wconf 74' lang='grc' dir='ltr'>οὖν</span> <span class='ocrx_word' id='word_1_359' title='bbox 2460 2595 2543 2648; x_wconf 76' lang='grc' dir='ltr'>δεῖ</span> <span class='ocrx_word' id='word_1_360' title='bbox 2570 2594 2722 2664; x_wconf 75' lang='grc' dir='ltr'>ἡμᾶς</span> <span class='ocrx_word' id='word_1_361' title='bbox 2752 2594 2829 2657; x_wconf 81' lang='grc' dir='ltr'>ὡς</span> <span class='ocrx_word' id='word_1_362' title='bbox 2852 2588 3224 2665; x_wconf 69' lang='grc' dir='ltr'>Χριστιανοὺς</span> <span class='ocrx_word' id='word_1_363' title='bbox 3248 2583 3387 2641; x_wconf 78' lang='grc' dir='ltr'>Θεοῦ</span> <span class='ocrx_word' id='word_1_364' title='bbox 3428 2584 3615 2655; x_wconf 84' lang='grc' dir='ltr'>χάριτι</span> 
     </span>
    </p>
   </div>
   <div class='ocr_carea' id='block_1_55' title="bbox 2025 2674 3616 2763">
    <p class='ocr_par' dir='ltr' id='par_1_55' title="bbox 2025 2674 3616 2763">
     <span class='ocr_line' id='line_1_55' title="bbox 2025 2674 3616 2763; baseline -0.013 -17"><span class='ocrx_word' id='word_1_365' title='bbox 2025 2692 2127 2763; x_wconf 78' lang='grc' dir='ltr'><strong>τὴν</strong></span> <span class='ocrx_word' id='word_1_366' title='bbox 2156 2689 2496 2762; x_wconf 76' lang='grc' dir='ltr'>ἀναζήτησιν</span> <span class='ocrx_word' id='word_1_367' title='bbox 2533 2684 2630 2740; x_wconf 76' lang='grc' dir='ltr'><strong>τοῦ</strong></span> <span class='ocrx_word' id='word_1_368' title='bbox 2663 2682 2835 2738; x_wconf 76' lang='grc' dir='ltr'>καλοῦ</span> <span class='ocrx_word' id='word_1_369' title='bbox 2866 2683 3115 2753; x_wconf 83' lang='grc' dir='ltr'>ποιῆσαι.</span> <span class='ocrx_word' id='word_1_370' title='bbox 3149 2679 3224 2733; x_wconf 77' lang='grc' dir='ltr'><strong>Τὸ</strong></span> <span class='ocrx_word' id='word_1_371' title='bbox 3252 2678 3364 2749; x_wconf 81' lang='grc' dir='ltr'><strong>γὰρ</strong></span> <span class='ocrx_word' id='word_1_372' title='bbox 3386 2674 3616 2746; x_wconf 85' lang='grc' dir='ltr'>ἐμποδί-</span> 
     </span>
    </p>
   </div>
   <div class='ocr_carea' id='block_1_56' title="bbox 2030 2767 3617 2851">
    <p class='ocr_par' dir='ltr' id='par_1_56' title="bbox 2030 2767 3617 2851">
     <span class='ocr_line' id='line_1_56' title="bbox 2030 2767 3617 2851; baseline -0.013 -12"><span class='ocrx_word' id='word_1_373' title='bbox 2030 2784 2123 2851; x_wconf 81' lang='grc' dir='ltr'><strong>ζον</strong></span> <span class='ocrx_word' id='word_1_374' title='bbox 2151 2783 2254 2837; x_wconf 78' lang='grc' dir='ltr'>οὐκ</span> <span class='ocrx_word' id='word_1_375' title='bbox 2283 2781 2455 2835; x_wconf 77' lang='grc' dir='ltr'>ἐστιν.</span> <span class='ocrx_word' id='word_1_376' title='bbox 2502 2776 2594 2839; x_wconf 80' lang='lat'><strong>&#39;0;</strong></span> <span class='ocrx_word' id='word_1_377' title='bbox 2625 2778 2674 2831; x_wconf 87' lang='grc' dir='ltr'><strong>εί</strong></span> <span class='ocrx_word' id='word_1_378' title='bbox 2701 2777 2780 2849; x_wconf 80' lang='grc' dir='ltr'>μὴ</span> <span class='ocrx_word' id='word_1_379' title='bbox 2805 2774 2949 2829; x_wconf 75' lang='grc' dir='ltr'>οὕτω</span> <span class='ocrx_word' id='word_1_380' title='bbox 2970 2772 3219 2843; x_wconf 79' lang='grc' dir='ltr'>γένηται,</span> <span class='ocrx_word' id='word_1_381' title='bbox 3260 2770 3356 2824; x_wconf 75' lang='grc' dir='ltr'>καὶ</span> <span class='ocrx_word' id='word_1_382' title='bbox 3382 2768 3443 2822; x_wconf 76' lang='grc' dir='ltr'>τὸ</span> <span class='ocrx_word' id='word_1_383' title='bbox 3472 2767 3617 2838; x_wconf 79' lang='grc' dir='ltr'>πρᾶ-</span> 
     </span>
    </p>
   </div>
   <div class='ocr_carea' id='block_1_57' title="bbox 2029 2860 3617 2949">
    <p class='ocr_par' dir='ltr' id='par_1_57' title="bbox 2029 2860 3617 2949">
     <span class='ocr_line' id='line_1_57' title="bbox 2029 2860 3617 2949; baseline -0.013 -17"><span class='ocrx_word' id='word_1_384' title='bbox 2029 2894 2149 2949; x_wconf 87' lang='grc' dir='ltr'><strong>γμα</strong></span> <span class='ocrx_word' id='word_1_385' title='bbox 2178 2873 2467 2947; x_wconf 82' lang='grc' dir='ltr'>διόρθωσιν</span> <span class='ocrx_word' id='word_1_386' title='bbox 2500 2870 2744 2943; x_wconf 81' lang='grc' dir='ltr'>δέξηται,</span> <span class='ocrx_word' id='word_1_387' title='bbox 2780 2866 3056 2939; x_wconf 74' lang='grc' dir='ltr'>συμφέρει</span> <span class='ocrx_word' id='word_1_388' title='bbox 3104 2866 3200 2919; x_wconf 74' lang='grc' dir='ltr'>καὶ</span> <span class='ocrx_word' id='word_1_389' title='bbox 3227 2864 3363 2934; x_wconf 79' lang='grc' dir='ltr'>ἡμῖν</span> <span class='ocrx_word' id='word_1_390' title='bbox 3391 2860 3617 2922; x_wconf 80' lang='grc' dir='ltr'>πάντως</span> 
     </span>
    </p>
   </div>
   <div class='ocr_carea' id='block_1_58' title="bbox 2025 2951 3617 3038">
    <p class='ocr_par' dir='ltr' id='par_1_58' title="bbox 2025 2951 3617 3038">
     <span class='ocr_line' id='line_1_58' title="bbox 2025 2951 3617 3038; baseline -0.014 -13"><span class='ocrx_word' id='word_1_391' title='bbox 2025 2971 2093 3025; x_wconf 77' lang='grc' dir='ltr'>τὸ</span> <span class='ocrx_word' id='word_1_392' title='bbox 2118 2966 2339 3038; x_wconf 80' lang='grc' dir='ltr'>δεθῆναι</span> <span class='ocrx_word' id='word_1_393' title='bbox 2369 2963 2501 3037; x_wconf 84' lang='grc' dir='ltr'>περὶ</span> <span class='ocrx_word' id='word_1_394' title='bbox 2522 2964 2618 3017; x_wconf 81' lang='grc' dir='ltr'><strong>τδν</strong></span> <span class='ocrx_word' id='word_1_395' title='bbox 2644 2962 2922 3034; x_wconf 75' lang='grc' dir='ltr'>τράχηλον</span> <span class='ocrx_word' id='word_1_396' title='bbox 2947 2958 3182 3013; x_wconf 77' lang='grc' dir='ltr'>ἑκάστου</span> <span class='ocrx_word' id='word_1_397' title='bbox 3216 2955 3385 3027; x_wconf 86' lang='grc' dir='ltr'>μύλον</span> <span class='ocrx_word' id='word_1_398' title='bbox 3413 2951 3617 3016; x_wconf 72' lang='grc' dir='ltr'>όνικον,</span> 
     </span>
    </p>
   </div>
   <div class='ocr_carea' id='block_1_59' title="bbox 2031 3042 3620 3131">
    <p class='ocr_par' dir='ltr' id='par_1_59' title="bbox 2031 3042 3620 3131">
     <span class='ocr_line' id='line_1_59' title="bbox 2031 3042 3620 3131; baseline -0.014 -13"><span class='ocrx_word' id='word_1_399' title='bbox 2031 3063 2127 3117; x_wconf 71' lang='grc' dir='ltr'>καὶ</span> <span class='ocrx_word' id='word_1_400' title='bbox 2173 3059 2399 3131; x_wconf 82' lang='grc' dir='ltr'>ῥιφῆναι</span> <span class='ocrx_word' id='word_1_401' title='bbox 2427 3059 2508 3123; x_wconf 87' lang='grc' dir='ltr'><strong>είς</strong></span> <span class='ocrx_word' id='word_1_402' title='bbox 2535 3054 2634 3126; x_wconf 74' lang='grc' dir='ltr'>τὴν</span> <span class='ocrx_word' id='word_1_403' title='bbox 2681 3053 2979 3107; x_wconf 84' lang='grc' dir='ltr'>θάλασσαν.</span> <span class='ocrx_word' id='word_1_404' title='bbox 3029 3048 3289 3121; x_wconf 78' lang='grc' dir='ltr'>Ἀρμόσοι</span> <span class='ocrx_word' id='word_1_405' title='bbox 3337 3045 3394 3100; x_wconf 73' lang='grc' dir='ltr'>δὲ</span> <span class='ocrx_word' id='word_1_406' title='bbox 3423 3044 3491 3099; x_wconf 81' lang='grc' dir='ltr'><strong>ἀν</strong></span> <span class='ocrx_word' id='word_1_407' title='bbox 3530 3042 3620 3112; x_wconf 80' lang='grc' dir='ltr'>ἐφ’</span> 
     </span>
    </p>
   </div>
   <div class='ocr_carea' id='block_1_60' title="bbox 337 3135 1922 3237">
    <p class='ocr_par' dir='ltr' id='par_1_60' title="bbox 337 3145 1917 3224">
     <span class='ocr_line' id='line_1_60' title="bbox 337 3145 1917 3224; baseline 0.006 -25"><span class='ocrx_word' id='word_1_408' title='bbox 337 3145 470 3199; x_wconf 86' lang='lat' dir='ltr'><strong>illud</strong></span> <span class='ocrx_word' id='word_1_409' title='bbox 504 3146 754 3203; x_wconf 84' lang='lat' dir='ltr'><strong>:Bonum</strong></span> <span class='ocrx_word' id='word_1_410' title='bbox 778 3156 901 3203; x_wconf 89' lang='lat' dir='ltr'><strong>erat</strong></span> <span class='ocrx_word' id='word_1_411' title='bbox 950 3149 995 3203; x_wconf 95' lang='lat' dir='ltr'><strong>si</strong></span> <span class='ocrx_word' id='word_1_412' title='bbox 1045 3149 1160 3205; x_wconf 89' lang='lat' dir='ltr'><strong>nati</strong></span> <span class='ocrx_word' id='word_1_413' title='bbox 1199 3165 1308 3205; x_wconf 88' lang='lat' dir='ltr'><strong>non</strong></span> <span class='ocrx_word' id='word_1_414' title='bbox 1348 3149 1647 3207; x_wconf 80' lang='lat' dir='ltr'><strong>fuissemus</strong></span> <span class='ocrx_word' id='word_1_415' title='bbox 1668 3152 1711 3207; x_wconf 82' lang='grc'><strong><em>⁸.</em></strong></span> <span class='ocrx_word' id='word_1_416' title='bbox 1742 3150 1917 3224; x_wconf 81' lang='lat' dir='ltr'><strong>idque</strong></span> 
     </span>
    </p>
   </div>
   <div class='ocr_carea' id='block_1_61' title="bbox 2031 3135 3622 3237">
    <p class='ocr_par' dir='ltr' id='par_1_61' title="bbox 2031 3135 3622 3237">
     <span class='ocr_line' id='line_1_61' title="bbox 2031 3135 3622 3237; baseline -0.013 -30"><span class='ocrx_word' id='word_1_417' title='bbox 2031 3156 2157 3223; x_wconf 69' lang='grc' dir='ltr'>ἧμῑν</span> <span class='ocrx_word' id='word_1_418' title='bbox 2185 3152 2282 3205; x_wconf 75' lang='grc' dir='ltr'>καὶ</span> <span class='ocrx_word' id='word_1_419' title='bbox 2314 3150 2396 3215; x_wconf 82' lang='grc' dir='ltr'>τὸ,</span> <span class='ocrx_word' id='word_1_420' title='bbox 2439 3145 2619 3203; x_wconf 78' lang='grc' dir='ltr'>Καλὸν</span> <span class='ocrx_word' id='word_1_421' title='bbox 2668 3140 2737 3216; x_wconf 82' lang='grc' dir='ltr'>ἦν</span> <span class='ocrx_word' id='word_1_422' title='bbox 2796 3145 2847 3198; x_wconf 86' lang='grc' dir='ltr'><strong>εί</strong></span> <span class='ocrx_word' id='word_1_423' title='bbox 2899 3143 3002 3196; x_wconf 84' lang='grc' dir='ltr'>οὐκ</span> <span class='ocrx_word' id='word_1_424' title='bbox 3054 3138 3479 3237; x_wconf 47' lang='grc' dir='ltr'>ἐγεννήθημεν..</span> <span class='ocrx_word' id='word_1_425' title='bbox 3507 3135 3622 3188; x_wconf 78' lang='lat' dir='ltr'><strong>Kal.</strong></span> 
     </span>
    </p>
   </div>
   <div class='ocr_carea' id='block_1_62' title="bbox 335 3238 1925 3313">
    <p class='ocr_par' dir='ltr' id='par_1_62' title="bbox 335 3238 1925 3313">
     <span class='ocr_line' id='line_1_62' title="bbox 335 3238 1925 3313; baseline 0.005 -21"><span class='ocrx_word' id='word_1_426' title='bbox 335 3238 444 3293; x_wconf 70' lang='lat' dir='ltr'><strong>erit</strong></span> <span class='ocrx_word' id='word_1_427' title='bbox 476 3239 873 3297; x_wconf 88' lang='lat' dir='ltr'><strong>lamentatione</strong></span> <span class='ocrx_word' id='word_1_428' title='bbox 908 3242 1161 3313; x_wconf 85' lang='lat' dir='ltr'><strong>dignum,</strong></span> <span class='ocrx_word' id='word_1_429' title='bbox 1194 3242 1595 3299; x_wconf 82' lang='lat' dir='ltr'><strong>lamentatione</strong></span> <span class='ocrx_word' id='word_1_430' title='bbox 1642 3259 1754 3299; x_wconf 88' lang='lat' dir='ltr'><strong>non</strong></span> <span class='ocrx_word' id='word_1_431' title='bbox 1798 3240 1925 3300; x_wconf 76' lang='lat' dir='ltr'><strong>fon-</strong></span> 
     </span>
    </p>
   </div>
   <div class='ocr_carea' id='block_1_63' title="bbox 336 3332 1932 3407">
    <p class='ocr_par' dir='ltr' id='par_1_63' title="bbox 336 3332 1932 3407">
     <span class='ocr_line' id='line_1_63' title="bbox 336 3332 1932 3407; baseline 0.004 -21"><span class='ocrx_word' id='word_1_432' title='bbox 336 3332 489 3388; x_wconf 83' lang='lat' dir='ltr'><strong>tibus</strong></span> <span class='ocrx_word' id='word_1_433' title='bbox 526 3333 923 3405; x_wconf 77' lang='lat' dir='ltr'><strong>lacrymarum,</strong></span> <span class='ocrx_word' id='word_1_434' title='bbox 953 3335 1051 3389; x_wconf 85' lang='lat' dir='ltr'><strong>sed</strong></span> <span class='ocrx_word' id='word_1_435' title='bbox 1077 3335 1213 3389; x_wconf 80' lang='lat' dir='ltr'><strong>rivis</strong></span> <span class='ocrx_word' id='word_1_436' title='bbox 1235 3334 1524 3406; x_wconf 74' lang='lat' dir='ltr'><strong>sanguinis</strong></span> <span class='ocrx_word' id='word_1_437' title='bbox 1554 3335 1819 3407; x_wconf 89' lang='lat' dir='ltr'><strong>compleri</strong></span> <span class='ocrx_word' id='word_1_438' title='bbox 1845 3336 1932 3393; x_wconf 88' lang='lat' dir='ltr'><strong>dl-</strong></span> 
     </span>
    </p>
   </div>
   <div class='ocr_carea' id='block_1_64' title="bbox 336 3426 1923 3496">
    <p class='ocr_par' dir='ltr' id='par_1_64' title="bbox 336 3426 1923 3496">
     <span class='ocr_line' id='line_1_64' title="bbox 336 3426 1923 3496; baseline 0.004 -16"><span class='ocrx_word' id='word_1_439' title='bbox 336 3440 463 3496; x_wconf 72' lang='lat' dir='ltr'><strong>gna,</strong></span> <span class='ocrx_word' id='word_1_440' title='bbox 492 3426 641 3496; x_wconf 87' lang='lat' dir='ltr'><strong>quod</strong></span> <span class='ocrx_word' id='word_1_441' title='bbox 660 3439 782 3481; x_wconf 88' lang='lat' dir='ltr'><strong>eam</strong></span> <span class='ocrx_word' id='word_1_442' title='bbox 806 3426 880 3481; x_wconf 91' lang='lat' dir='ltr'><strong>ob</strong></span> <span class='ocrx_word' id='word_1_443' title='bbox 913 3440 1030 3481; x_wconf 87' lang='lat' dir='ltr'><strong>rem</strong></span> <span class='ocrx_word' id='word_1_444' title='bbox 1059 3427 1146 3481; x_wconf 80' lang='lat' dir='ltr'><strong>vel</strong></span> <span class='ocrx_word' id='word_1_445' title='bbox 1177 3428 1357 3483; x_wconf 89' lang='lat' dir='ltr'><strong>solum</strong></span> <span class='ocrx_word' id='word_1_446' title='bbox 1379 3442 1489 3483; x_wconf 89' lang='lat' dir='ltr'><strong>nou</strong></span> <span class='ocrx_word' id='word_1_447' title='bbox 1512 3427 1882 3487; x_wconf 87' lang='lat' dir='ltr'><strong>lamentemur</strong></span> <span class='ocrx_word' id='word_1_448' title='bbox 1910 3449 1923 3487; x_wconf 92' lang='lat'><strong>:</strong></span> 
     </span>
    </p>
   </div>
   <div class='ocr_carea' id='block_1_65' title="bbox 337 3519 1927 3592">
    <p class='ocr_par' dir='ltr' id='par_1_65' title="bbox 337 3519 1927 3592">
     <span class='ocr_line' id='line_1_65' title="bbox 337 3519 1927 3592; baseline 0.005 -19"><span class='ocrx_word' id='word_1_449' title='bbox 337 3519 806 3589; x_wconf 78' lang='lat' dir='ltr'><strong>quemadmodum</strong></span> <span class='ocrx_word' id='word_1_450' title='bbox 858 3520 953 3590; x_wconf 90' lang='lat' dir='ltr'><strong>qui</strong></span> <span class='ocrx_word' id='word_1_451' title='bbox 1011 3521 1235 3592; x_wconf 74' lang='lat' dir='ltr'><strong>navigio</strong></span> <span class='ocrx_word' id='word_1_452' title='bbox 1284 3522 1599 3589; x_wconf 84' lang='lat' dir='ltr'><strong>vehuntur,</strong></span> <span class='ocrx_word' id='word_1_453' title='bbox 1640 3524 1776 3579; x_wconf 84' lang='lat' dir='ltr'><strong>etin</strong></span> <span class='ocrx_word' id='word_1_454' title='bbox 1812 3540 1927 3581; x_wconf 84' lang='lat' dir='ltr'><strong>me-</strong></span> 
     </span>
    </p>
   </div>
   <div class='ocr_carea' id='block_1_66' title="bbox 339 3611 1924 3683">
    <p class='ocr_par' dir='ltr' id='par_1_66' title="bbox 339 3611 1924 3683">
     <span class='ocr_line' id='line_1_66' title="bbox 339 3611 1924 3683; baseline 0.004 -17"><span class='ocrx_word' id='word_1_455' title='bbox 339 3611 434 3666; x_wconf 86' lang='lat' dir='ltr'><strong>dio</strong></span> <span class='ocrx_word' id='word_1_456' title='bbox 474 3611 611 3665; x_wconf 88' lang='lat' dir='ltr'><strong>mari</strong></span> <span class='ocrx_word' id='word_1_457' title='bbox 653 3619 983 3681; x_wconf 86' lang='lat' dir='ltr'><strong>tempestate</strong></span> <span class='ocrx_word' id='word_1_458' title='bbox 1007 3614 1307 3683; x_wconf 81' lang='lat' dir='ltr'><strong>agitantur,</strong></span> <span class='ocrx_word' id='word_1_459' title='bbox 1326 3628 1430 3669; x_wconf 82' lang='lat' dir='ltr'><strong>nec</strong></span> <span class='ocrx_word' id='word_1_460' title='bbox 1452 3614 1659 3670; x_wconf 84' lang='lat' dir='ltr'><strong>habent</strong></span> <span class='ocrx_word' id='word_1_461' title='bbox 1685 3614 1924 3673; x_wconf 84' lang='lat' dir='ltr'><strong>clavum.</strong></span> 
     </span>
    </p>
   </div>
   <div class='ocr_carea' id='block_1_67' title="bbox 342 3702 1923 3780">
    <p class='ocr_par' dir='ltr' id='par_1_67' title="bbox 342 3702 1923 3780">
     <span class='ocr_line' id='line_1_67' title="bbox 342 3702 1923 3780; baseline 0.005 -23"><span class='ocrx_word' id='word_1_462' title='bbox 342 3702 614 3772; x_wconf 81' lang='lat' dir='ltr'><strong>aliterque</strong></span> <span class='ocrx_word' id='word_1_463' title='bbox 639 3719 752 3759; x_wconf 89' lang='lat' dir='ltr'><strong>non</strong></span> <span class='ocrx_word' id='word_1_464' title='bbox 777 3704 963 3760; x_wconf 84' lang='lat' dir='ltr'><strong>valent</strong></span> <span class='ocrx_word' id='word_1_465' title='bbox 989 3706 1237 3777; x_wconf 81' lang='lat' dir='ltr'><strong>eﬂ‘ugere</strong></span> <span class='ocrx_word' id='word_1_466' title='bbox 1270 3705 1569 3763; x_wconf 83' lang='lat' dir='ltr'><strong>imminens</strong></span> <span class='ocrx_word' id='word_1_467' title='bbox 1591 3708 1923 3780; x_wconf 87' lang='lat' dir='ltr'><strong>periculum,</strong></span> 
     </span>
    </p>
   </div>
   <div class='ocr_carea' id='block_1_68' title="bbox 341 3798 1928 3872">
    <p class='ocr_par' dir='ltr' id='par_1_68' title="bbox 341 3798 1928 3872">
     <span class='ocr_line' id='line_1_68' title="bbox 341 3798 1928 3872; baseline 0.007 -22"><span class='ocrx_word' id='word_1_468' title='bbox 341 3798 411 3853; x_wconf 82' lang='lat' dir='ltr'><strong>ad</strong></span> <span class='ocrx_word' id='word_1_469' title='bbox 454 3798 632 3853; x_wconf 87' lang='lat' dir='ltr'><strong>solum</strong></span> <span class='ocrx_word' id='word_1_470' title='bbox 672 3813 806 3854; x_wconf 80' lang='lat' dir='ltr'><strong>vero</strong></span> <span class='ocrx_word' id='word_1_471' title='bbox 849 3800 1024 3855; x_wconf 90' lang='lat' dir='ltr'><strong>Deum</strong></span> <span class='ocrx_word' id='word_1_472' title='bbox 1069 3801 1376 3872; x_wconf 77' lang='lat' dir='ltr'><strong>respiciunt</strong></span> <span class='ocrx_word' id='word_1_473' title='bbox 1429 3803 1848 3871; x_wconf 84' lang='lat' dir='ltr'><strong>miserabiliter,</strong></span> <span class='ocrx_word' id='word_1_474' title='bbox 1898 3822 1928 3861; x_wconf 86' lang='lat' dir='ltr'><strong>a</strong></span> 
     </span>
    </p>
   </div>
   <div class='ocr_carea' id='block_1_69' title="bbox 340 3889 1226 3962">
    <p class='ocr_par' dir='ltr' id='par_1_69' title="bbox 340 3889 1226 3962">
     <span class='ocr_line' id='line_1_69' title="bbox 340 3889 1226 3962; baseline 0.003 -18"><span class='ocrx_word' id='word_1_475' title='bbox 340 3898 453 3961; x_wconf 66' lang='lat' dir='ltr'><strong>quo</strong></span> <span class='ocrx_word' id='word_1_476' title='bbox 480 3889 714 3946; x_wconf 83' lang='lat' dir='ltr'><strong>salutem</strong></span> <span class='ocrx_word' id='word_1_477' title='bbox 738 3904 897 3947; x_wconf 83' lang='lat' dir='ltr'><strong>suam</strong></span> <span class='ocrx_word' id='word_1_478' title='bbox 923 3892 1226 3962; x_wconf 86' lang='lat' dir='ltr'><strong>postulant.</strong></span> 
     </span>
    </p>
   </div>
   <div class='ocr_carea' id='block_1_70' title="bbox 411 4066 1930 4148">
    <p class='ocr_par' dir='ltr' id='par_1_70' title="bbox 411 4066 1930 4148">
     <span class='ocr_line' id='line_1_70' title="bbox 411 4066 1930 4148; baseline 0.004 -19"><span class='ocrx_word' id='word_1_479' title='bbox 411 4066 467 4129; x_wconf 76' lang='lat' dir='ltr'><strong>Si</strong></span> <span class='ocrx_word' id='word_1_480' title='bbox 509 4072 614 4129; x_wconf 87' lang='lat' dir='ltr'><strong>hoc</strong></span> <span class='ocrx_word' id='word_1_481' title='bbox 646 4074 716 4129; x_wconf 84' lang='lat' dir='ltr'><strong>ad</strong></span> <span class='ocrx_word' id='word_1_482' title='bbox 745 4088 873 4130; x_wconf 81' lang='lat' dir='ltr'><strong>eum</strong></span> <span class='ocrx_word' id='word_1_483' title='bbox 911 4076 1138 4131; x_wconf 85' lang='lat' dir='ltr'><strong>modum</strong></span> <span class='ocrx_word' id='word_1_484' title='bbox 1177 4077 1592 4148; x_wconf 83' lang='lat' dir='ltr'><strong>agnoverimns,</strong></span> <span class='ocrx_word' id='word_1_485' title='bbox 1640 4079 1930 4135; x_wconf 85' lang='lat' dir='ltr'><strong>hominum</strong></span> 
     </span>
    </p>
   </div>
   <div class='ocr_carea' id='block_1_71' title="bbox 342 4167 1933 4242">
    <p class='ocr_par' dir='ltr' id='par_1_71' title="bbox 342 4167 1933 4242">
     <span class='ocr_line' id='line_1_71' title="bbox 342 4167 1933 4242; baseline 0.006 -22"><span class='ocrx_word' id='word_1_486' title='bbox 342 4176 532 4222; x_wconf 75' lang='lat' dir='ltr'><strong>amans</strong></span> <span class='ocrx_word' id='word_1_487' title='bbox 552 4167 701 4223; x_wconf 86' lang='lat' dir='ltr'><strong>Deus</strong></span> <span class='ocrx_word' id='word_1_488' title='bbox 721 4170 884 4236; x_wconf 84' lang='lat' dir='ltr'><strong>plane</strong></span> <span class='ocrx_word' id='word_1_489' title='bbox 901 4169 1046 4223; x_wconf 86' lang='lat' dir='ltr'><strong>viam</strong></span> <span class='ocrx_word' id='word_1_490' title='bbox 1073 4169 1387 4239; x_wconf 74' lang='lat' dir='ltr'><strong>corrigendi</strong></span> <span class='ocrx_word' id='word_1_491' title='bbox 1415 4170 1547 4227; x_wconf 90' lang='lat' dir='ltr'><strong>mali</strong></span> <span class='ocrx_word' id='word_1_492' title='bbox 1570 4171 1933 4242; x_wconf 79' lang='lat' dir='ltr'><strong>pontiﬁcibus</strong></span> 
     </span>
    </p>
   </div>
   <div class='ocr_carea' id='block_1_72' title="bbox 340 4257 1933 4334">
    <p class='ocr_par' dir='ltr' id='par_1_72' title="bbox 340 4257 1933 4334">
     <span class='ocr_line' id='line_1_72' title="bbox 340 4257 1933 4334; baseline 0.007 -26"><span class='ocrx_word' id='word_1_493' title='bbox 340 4257 618 4319; x_wconf 81' lang='lat' dir='ltr'><strong>ostendet,</strong></span> <span class='ocrx_word' id='word_1_494' title='bbox 637 4260 965 4328; x_wconf 87' lang='lat' dir='ltr'><strong>cunctisque</strong></span> <span class='ocrx_word' id='word_1_495' title='bbox 990 4259 1085 4330; x_wconf 87' lang='lat' dir='ltr'><strong>qui</strong></span> <span class='ocrx_word' id='word_1_496' title='bbox 1113 4259 1301 4315; x_wconf 79' lang='lat' dir='ltr'><strong>forsan</strong></span> <span class='ocrx_word' id='word_1_497' title='bbox 1323 4259 1593 4318; x_wconf 85' lang='lat' dir='ltr'><strong>hactenus</strong></span> <span class='ocrx_word' id='word_1_498' title='bbox 1611 4265 1759 4333; x_wconf 89' lang='lat' dir='ltr'><strong>quod</strong></span> <span class='ocrx_word' id='word_1_499' title='bbox 1790 4281 1933 4334; x_wconf 72' lang='lat' dir='ltr'><strong>pra:-</strong></span> 
     </span>
    </p>
   </div>
   <div class='ocr_carea' id='block_1_73' title="bbox 341 4350 1931 4426">
    <p class='ocr_par' dir='ltr' id='par_1_73' title="bbox 341 4350 1931 4426">
     <span class='ocr_line' id='line_1_73' title="bbox 341 4350 1931 4426; baseline 0.004 -23"><span class='ocrx_word' id='word_1_500' title='bbox 341 4350 555 4403; x_wconf 82' lang='lat' dir='ltr'><strong>clarum</strong></span> <span class='ocrx_word' id='word_1_501' title='bbox 594 4356 715 4404; x_wconf 85' lang='lat' dir='ltr'><strong>erat</strong></span> <span class='ocrx_word' id='word_1_502' title='bbox 764 4350 1160 4420; x_wconf 83' lang='lat' dir='ltr'><strong>ignoraverunt</strong></span> <span class='ocrx_word' id='word_1_503' title='bbox 1193 4369 1208 4406; x_wconf 89' lang='lat'><strong>:</strong></span> <span class='ocrx_word' id='word_1_504' title='bbox 1247 4362 1308 4407; x_wconf 89' lang='lat' dir='ltr'><strong>ut</strong></span> <span class='ocrx_word' id='word_1_505' title='bbox 1339 4352 1488 4424; x_wconf 91' lang='lat' dir='ltr'><strong>quod</strong></span> <span class='ocrx_word' id='word_1_506' title='bbox 1536 4364 1665 4409; x_wconf 89' lang='lat' dir='ltr'><strong>ante</strong></span> <span class='ocrx_word' id='word_1_507' title='bbox 1706 4354 1931 4426; x_wconf 86' lang='lat' dir='ltr'><strong>aliquod</strong></span> 
     </span>
    </p>
   </div>
   <div class='ocr_carea' id='block_1_74' title="bbox 342 4441 1932 4511">
    <p class='ocr_par' dir='ltr' id='par_1_74' title="bbox 342 4441 1932 4511">
     <span class='ocr_line' id='line_1_74' title="bbox 342 4441 1932 4511; baseline 0.005 -16"><span class='ocrx_word' id='word_1_508' title='bbox 342 4450 563 4511; x_wconf 86' lang='lat' dir='ltr'><strong>tempus</strong></span> <span class='ocrx_word' id='word_1_509' title='bbox 597 4457 709 4510; x_wconf 76' lang='lat' dir='ltr'><strong>pra:</strong></span> <span class='ocrx_word' id='word_1_510' title='bbox 746 4441 1093 4511; x_wconf 79' lang='lat' dir='ltr'><strong>indiligentia</strong></span> <span class='ocrx_word' id='word_1_511' title='bbox 1140 4442 1406 4501; x_wconf 85' lang='lat' dir='ltr'><strong>abolitum</strong></span> <span class='ocrx_word' id='word_1_512' title='bbox 1438 4452 1524 4500; x_wconf 86' lang='lat' dir='ltr'><strong>est</strong></span> <span class='ocrx_word' id='word_1_513' title='bbox 1570 4444 1802 4509; x_wconf 87' lang='lat' dir='ltr'><strong>bonum,</strong></span> <span class='ocrx_word' id='word_1_514' title='bbox 1840 4462 1932 4503; x_wconf 85' lang='lat' dir='ltr'><strong>re-</strong></span> 
     </span>
    </p>
   </div>
   <div class='ocr_carea' id='block_1_75' title="bbox 342 4522 1922 4607">
    <p class='ocr_par' dir='ltr' id='par_1_75' title="bbox 342 4533 1922 4607">
     <span class='ocr_line' id='line_1_75' title="bbox 342 4533 1922 4607; baseline 0.005 -23"><span class='ocrx_word' id='word_1_515' title='bbox 342 4538 580 4586; x_wconf 78' lang='lat' dir='ltr'><strong>novetur</strong></span> <span class='ocrx_word' id='word_1_516' title='bbox 606 4546 754 4587; x_wconf 88' lang='lat' dir='ltr'><strong>nune</strong></span> <span class='ocrx_word' id='word_1_517' title='bbox 796 4533 1003 4603; x_wconf 85' lang='lat' dir='ltr'><strong>absque</strong></span> <span class='ocrx_word' id='word_1_518' title='bbox 1046 4534 1157 4589; x_wconf 90' lang='lat' dir='ltr'><strong>ulla</strong></span> <span class='ocrx_word' id='word_1_519' title='bbox 1192 4534 1492 4602; x_wconf 87' lang='lat' dir='ltr'><strong>dilatione;</strong></span> <span class='ocrx_word' id='word_1_520' title='bbox 1536 4551 1646 4607; x_wconf 91' lang='lat' dir='ltr'><strong>quo</strong></span> <span class='ocrx_word' id='word_1_521' title='bbox 1680 4536 1794 4592; x_wconf 85' lang='lat' dir='ltr'><strong>Deo</strong></span> <span class='ocrx_word' id='word_1_522' title='bbox 1842 4553 1922 4593; x_wconf 87' lang='lat' dir='ltr'><strong>sa-</strong></span> 
     </span>
    </p>
   </div>
   <div class='ocr_carea' id='block_1_76' title="bbox 2031 4522 3219 4607">
    <p class='ocr_par' dir='ltr' id='par_1_76' title="bbox 2042 4526 3219 4607">
     <span class='ocr_line' id='line_1_76' title="bbox 2042 4526 3219 4607; baseline -0.014 -13"><span class='ocrx_word' id='word_1_523' title='bbox 2042 4537 2297 4607; x_wconf 77' lang='grc' dir='ltr'>καινισοῇ</span> <span class='ocrx_word' id='word_1_524' title='bbox 2338 4532 2437 4588; x_wconf 79' lang='grc' dir='ltr'><strong>νῦν</strong></span> <span class='ocrx_word' id='word_1_525' title='bbox 2467 4532 2599 4587; x_wconf 84' lang='grc' dir='ltr'>ἀνευ</span> <span class='ocrx_word' id='word_1_526' title='bbox 2630 4526 2982 4599; x_wconf 59' lang='grc' dir='ltr'>ὐπρθέσεὼς</span> <span class='ocrx_word' id='word_1_527' title='bbox 3027 4540 3175 4587; x_wconf 88' lang='grc' dir='ltr'>τινος</span> <span class='ocrx_word' id='word_1_528' title='bbox 3203 4533 3219 4550; x_wconf 86' lang='grc'>⁶</span> 
     </span>
    </p>
   </div>
   <div class='ocr_carea' id='block_1_77' title="bbox 343 4622 1932 4687">
    <p class='ocr_par' dir='ltr' id='par_1_77' title="bbox 343 4622 1932 4687">
     <span class='ocr_line' id='line_1_77' title="bbox 343 4622 1932 4687; baseline 0.005 -11"><span class='ocrx_word' id='word_1_529' title='bbox 343 4622 531 4687; x_wconf 85' lang='lat' dir='ltr'><strong>tisliat,</strong></span> <span class='ocrx_word' id='word_1_530' title='bbox 586 4624 653 4678; x_wconf 89' lang='lat' dir='ltr'><strong>ad</strong></span> <span class='ocrx_word' id='word_1_531' title='bbox 690 4632 903 4679; x_wconf 84' lang='lat' dir='ltr'><strong>rectum</strong></span> <span class='ocrx_word' id='word_1_532' title='bbox 947 4635 1207 4681; x_wconf 84' lang='lat' dir='ltr'><strong>revocata</strong></span> <span class='ocrx_word' id='word_1_533' title='bbox 1252 4624 1629 4683; x_wconf 89' lang='lat' dir='ltr'><strong>ecclesiastica</strong></span> <span class='ocrx_word' id='word_1_534' title='bbox 1673 4638 1730 4683; x_wconf 89' lang='lat' dir='ltr'><strong>et</strong></span> <span class='ocrx_word' id='word_1_535' title='bbox 1765 4629 1932 4684; x_wconf 84' lang='lat' dir='ltr'><strong>Chri-</strong></span> 
     </span>
    </p>
   </div>
   <div class='ocr_carea' id='block_1_78' title="bbox 342 4717 1936 4789">
    <p class='ocr_par' dir='ltr' id='par_1_78' title="bbox 342 4717 1936 4789">
     <span class='ocr_line' id='line_1_78' title="bbox 342 4717 1936 4789; baseline 0.003 -18"><span class='ocrx_word' id='word_1_536' title='bbox 342 4719 520 4772; x_wconf 84' lang='lat' dir='ltr'><strong>stiana</strong></span> <span class='ocrx_word' id='word_1_537' title='bbox 547 4717 860 4789; x_wconf 84' lang='lat' dir='ltr'><strong>disciplina,</strong></span> <span class='ocrx_word' id='word_1_538' title='bbox 894 4720 1200 4775; x_wconf 87' lang='lat' dir='ltr'><strong>secundum</strong></span> <span class='ocrx_word' id='word_1_539' title='bbox 1226 4719 1544 4775; x_wconf 80' lang='lat' dir='ltr'><strong>divinorum</strong></span> <span class='ocrx_word' id='word_1_540' title='bbox 1563 4734 1936 4776; x_wconf 87' lang='lat' dir='ltr'><strong>summorum-</strong></span> 
     </span>
    </p>
   </div>
   <div class='ocr_carea' id='block_1_79' title="bbox 341 4812 1933 4883">
    <p class='ocr_par' dir='ltr' id='par_1_79' title="bbox 341 4812 1933 4883">
     <span class='ocr_line' id='line_1_79' title="bbox 341 4812 1933 4883; baseline 0.003 -18"><span class='ocrx_word' id='word_1_541' title='bbox 341 4824 452 4878; x_wconf 87' lang='lat' dir='ltr'><strong>que</strong></span> <span class='ocrx_word' id='word_1_542' title='bbox 473 4812 1086 4883; x_wconf 86' lang='lat' dir='ltr'><strong>apostolorum,quique</strong></span> <span class='ocrx_word' id='word_1_543' title='bbox 1110 4813 1235 4869; x_wconf 85' lang='lat' dir='ltr'><strong>illos</strong></span> <span class='ocrx_word' id='word_1_544' title='bbox 1252 4813 1537 4869; x_wconf 85' lang='lat' dir='ltr'><strong>consecuti</strong></span> <span class='ocrx_word' id='word_1_545' title='bbox 1560 4821 1691 4868; x_wconf 89' lang='lat' dir='ltr'><strong>sunt</strong></span> <span class='ocrx_word' id='word_1_546' title='bbox 1711 4823 1933 4870; x_wconf 89' lang='lat' dir='ltr'><strong>sancto-</strong></span> 
     </span>
    </p>
   </div>
   <div class='ocr_carea' id='block_1_80' title="bbox 342 4905 1935 4973">
    <p class='ocr_par' dir='ltr' id='par_1_80' title="bbox 342 4905 1935 4973">
     <span class='ocr_line' id='line_1_80' title="bbox 342 4905 1935 4973; baseline 0.005 -18"><span class='ocrx_word' id='word_1_547' title='bbox 342 4916 465 4956; x_wconf 84' lang='lat' dir='ltr'><strong>rum</strong></span> <span class='ocrx_word' id='word_1_548' title='bbox 514 4919 578 4958; x_wconf 88' lang='lat' dir='ltr'><strong>ac</strong></span> <span class='ocrx_word' id='word_1_549' title='bbox 627 4907 857 4961; x_wconf 87' lang='lat' dir='ltr'><strong>numine</strong></span> <span class='ocrx_word' id='word_1_550' title='bbox 928 4906 1235 4962; x_wconf 63' lang='lat' dir='ltr'><strong>adlaturum</strong></span> <span class='ocrx_word' id='word_1_551' title='bbox 1287 4905 1517 4962; x_wconf 83' lang='lat' dir='ltr'><strong>Patrum</strong></span> <span class='ocrx_word' id='word_1_552' title='bbox 1564 4906 1935 4973; x_wconf 87' lang='lat' dir='ltr'><strong>traditiones,</strong></span> 
     </span>
    </p>
   </div>
   <div class='ocr_carea' id='block_1_81' title="bbox 344 4995 1847 5071">
    <p class='ocr_par' dir='ltr' id='par_1_81' title="bbox 344 4995 1847 5071">
     <span class='ocr_line' id='line_1_81' title="bbox 344 4995 1847 5071; baseline 0.005 -23"><span class='ocrx_word' id='word_1_553' title='bbox 344 5011 508 5064; x_wconf 84' lang='lat' dir='ltr'><strong>quam</strong></span> <span class='ocrx_word' id='word_1_554' title='bbox 536 4995 886 5067; x_wconf 87' lang='lat' dir='ltr'><strong>disciplinam</strong></span> <span class='ocrx_word' id='word_1_555' title='bbox 910 5000 1070 5071; x_wconf 86' lang='lat' dir='ltr'><strong>longa</strong></span> <span class='ocrx_word' id='word_1_556' title='bbox 1101 5010 1291 5056; x_wconf 86' lang='lat' dir='ltr'><strong>nostra</strong></span> <span class='ocrx_word' id='word_1_557' title='bbox 1321 5000 1575 5070; x_wconf 88' lang='lat' dir='ltr'><strong>corrupit</strong></span> <span class='ocrx_word' id='word_1_558' title='bbox 1608 5001 1847 5071; x_wconf 81' lang='lat' dir='ltr'><strong>ignavia.</strong></span> 
     </span>
    </p>
   </div>
   <div class='ocr_carea' id='block_1_82' title="bbox 412 5086 1935 5157">
    <p class='ocr_par' dir='ltr' id='par_1_82' title="bbox 412 5086 1935 5157">
     <span class='ocr_line' id='line_1_82' title="bbox 412 5086 1935 5157; baseline 0.004 -16"><span class='ocrx_word' id='word_1_559' title='bbox 412 5086 529 5141; x_wconf 84' lang='lat' dir='ltr'><strong>Nec</strong></span> <span class='ocrx_word' id='word_1_560' title='bbox 559 5088 759 5143; x_wconf 88' lang='lat' dir='ltr'><strong>mirum</strong></span> <span class='ocrx_word' id='word_1_561' title='bbox 806 5090 981 5146; x_wconf 87' lang='lat' dir='ltr'><strong>videri</strong></span> <span class='ocrx_word' id='word_1_562' title='bbox 1015 5091 1203 5157; x_wconf 86' lang='lat' dir='ltr'><strong>debet,</strong></span> <span class='ocrx_word' id='word_1_563' title='bbox 1245 5091 1290 5148; x_wconf 84' lang='lat' dir='ltr'><strong>si</strong></span> <span class='ocrx_word' id='word_1_564' title='bbox 1325 5092 1534 5147; x_wconf 87' lang='lat' dir='ltr'><strong>bonum</strong></span> <span class='ocrx_word' id='word_1_565' title='bbox 1564 5090 1671 5147; x_wconf 91' lang='lat' dir='ltr'><strong>hoc</strong></span> <span class='ocrx_word' id='word_1_566' title='bbox 1701 5100 1757 5148; x_wconf 89' lang='lat' dir='ltr'><strong>et</strong></span> <span class='ocrx_word' id='word_1_567' title='bbox 1784 5093 1935 5147; x_wconf 88' lang='lat' dir='ltr'><strong>salu-</strong></span> 
     </span>
    </p>
   </div>
   <div class='ocr_carea' id='block_1_83' title="bbox 346 5186 1936 5259">
    <p class='ocr_par' dir='ltr' id='par_1_83' title="bbox 346 5186 1936 5259">
     <span class='ocr_line' id='line_1_83' title="bbox 346 5186 1936 5259; baseline 0.006 -24"><span class='ocrx_word' id='word_1_568' title='bbox 346 5192 465 5237; x_wconf 88' lang='lat' dir='ltr'><strong>tare</strong></span> <span class='ocrx_word' id='word_1_569' title='bbox 495 5199 656 5252; x_wconf 92' lang='lat' dir='ltr'><strong>opus,</strong></span> <span class='ocrx_word' id='word_1_570' title='bbox 686 5186 833 5256; x_wconf 86' lang='lat' dir='ltr'><strong>quod</strong></span> <span class='ocrx_word' id='word_1_571' title='bbox 859 5188 965 5257; x_wconf 90' lang='lat' dir='ltr'><strong>ipsi</strong></span> <span class='ocrx_word' id='word_1_572' title='bbox 989 5188 1249 5259; x_wconf 88' lang='lat' dir='ltr'><strong>discipuli</strong></span> <span class='ocrx_word' id='word_1_573' title='bbox 1273 5188 1514 5254; x_wconf 82' lang='lat' dir='ltr'><strong>Domini,</strong></span> <span class='ocrx_word' id='word_1_574' title='bbox 1540 5198 1776 5259; x_wconf 89' lang='lat' dir='ltr'><strong>postque</strong></span> <span class='ocrx_word' id='word_1_575' title='bbox 1811 5188 1936 5245; x_wconf 89' lang='lat' dir='ltr'><strong>illos</strong></span> 
     </span>
    </p>
   </div>
   <div class='ocr_carea' id='block_1_84' title="bbox 346 5275 1931 5347">
    <p class='ocr_par' dir='ltr' id='par_1_84' title="bbox 346 5275 1931 5347">
     <span class='ocr_line' id='line_1_84' title="bbox 346 5275 1931 5347; baseline 0.006 -20"><span class='ocrx_word' id='word_1_576' title='bbox 346 5275 547 5346; x_wconf 88' lang='lat' dir='ltr'><strong>reliqui</strong></span> <span class='ocrx_word' id='word_1_577' title='bbox 571 5278 746 5333; x_wconf 86' lang='lat' dir='ltr'><strong>sancti</strong></span> <span class='ocrx_word' id='word_1_578' title='bbox 778 5279 969 5336; x_wconf 86' lang='lat' dir='ltr'><strong>Patres</strong></span> <span class='ocrx_word' id='word_1_579' title='bbox 1001 5280 1353 5336; x_wconf 84' lang='lat' dir='ltr'><strong>tradiderunt</strong></span> <span class='ocrx_word' id='word_1_580' title='bbox 1375 5279 1636 5337; x_wconf 65' lang='lat' dir='ltr'><strong>Ecclesiae</strong></span> <span class='ocrx_word' id='word_1_581' title='bbox 1660 5280 1931 5347; x_wconf 84' lang='lat' dir='ltr'><strong>ﬁdelium,</strong></span> 
     </span>
    </p>
   </div>
   <div class='ocr_carea' id='block_1_85' title="bbox 345 5371 1932 5448">
    <p class='ocr_par' dir='ltr' id='par_1_85' title="bbox 345 5371 1932 5448">
     <span class='ocr_line' id='line_1_85' title="bbox 345 5371 1932 5448; baseline 0.005 -25"><span class='ocrx_word' id='word_1_582' title='bbox 345 5371 662 5440; x_wconf 87' lang='lat' dir='ltr'><strong>corruperit</strong></span> <span class='ocrx_word' id='word_1_583' title='bbox 691 5381 925 5444; x_wconf 87' lang='lat' dir='ltr'><strong>tempus.</strong></span> <span class='ocrx_word' id='word_1_584' title='bbox 957 5374 1096 5430; x_wconf 89' lang='lat' dir='ltr'><strong>Cum</strong></span> <span class='ocrx_word' id='word_1_585' title='bbox 1128 5375 1277 5429; x_wconf 90' lang='lat' dir='ltr'><strong>enim</strong></span> <span class='ocrx_word' id='word_1_586' title='bbox 1306 5373 1563 5431; x_wconf 87' lang='lat' dir='ltr'><strong>homines</strong></span> <span class='ocrx_word' id='word_1_587' title='bbox 1584 5376 1932 5448; x_wconf 84' lang='lat' dir='ltr'><strong>corruptioni</strong></span> 
     </span>
    </p>
   </div>
   <div class='ocr_carea' id='block_1_86' title="bbox 347 5460 1933 5538">
    <p class='ocr_par' dir='ltr' id='par_1_86' title="bbox 347 5460 1933 5538">
     <span class='ocr_line' id='line_1_86' title="bbox 347 5460 1933 5538; baseline 0.005 -24"><span class='ocrx_word' id='word_1_588' title='bbox 347 5460 571 5516; x_wconf 76' lang='lat' dir='ltr'><strong>obnoxii</strong></span> <span class='ocrx_word' id='word_1_589' title='bbox 600 5463 794 5531; x_wconf 89' lang='lat' dir='ltr'><strong>simus,</strong></span> <span class='ocrx_word' id='word_1_590' title='bbox 836 5464 1115 5534; x_wconf 90' lang='lat' dir='ltr'><strong>rebusque</strong></span> <span class='ocrx_word' id='word_1_591' title='bbox 1151 5466 1532 5522; x_wconf 86' lang='lat' dir='ltr'><strong>materialilms</strong></span> <span class='ocrx_word' id='word_1_592' title='bbox 1554 5482 1655 5537; x_wconf 88' lang='lat' dir='ltr'><strong>per</strong></span> <span class='ocrx_word' id='word_1_593' title='bbox 1684 5467 1933 5538; x_wconf 79' lang='lat' dir='ltr'><strong>singulos</strong></span> 
     </span>
    </p>
   </div>
   <div class='ocr_carea' id='block_1_87' title="bbox 345 5544 1935 5632">
    <p class='ocr_par' dir='ltr' id='par_1_87' title="bbox 345 5544 1935 5632">
     <span class='ocr_line' id='line_1_87' title="bbox 345 5544 1935 5632; baseline 0.008 -27"><span class='ocrx_word' id='word_1_594' title='bbox 345 5552 464 5608; x_wconf 88' lang='lat' dir='ltr'><strong>dies</strong></span> <span class='ocrx_word' id='word_1_595' title='bbox 485 5544 844 5628; x_wconf 85' lang='lat' dir='ltr'><strong>oecupemur,</strong></span> <span class='ocrx_word' id='word_1_596' title='bbox 877 5559 944 5614; x_wconf 88' lang='lat' dir='ltr'><strong>ad</strong></span> <span class='ocrx_word' id='word_1_597' title='bbox 973 5558 1078 5613; x_wconf 82' lang='lat' dir='ltr'><strong>has</strong></span> <span class='ocrx_word' id='word_1_598' title='bbox 1118 5558 1433 5630; x_wconf 64' lang='lat' dir='ltr'><strong>praecipites</strong></span> <span class='ocrx_word' id='word_1_599' title='bbox 1453 5560 1707 5617; x_wconf 79' lang='lat' dir='ltr'><strong>ferimur.</strong></span> <span class='ocrx_word' id='word_1_600' title='bbox 1742 5560 1935 5632; x_wconf 85' lang='lat' dir='ltr'><strong>Siqui-</strong></span> 
     </span>
    </p>
   </div>
   <div class='ocr_carea' id='block_1_88' title="bbox 347 5643 1936 5723">
    <p class='ocr_par' dir='ltr' id='par_1_88' title="bbox 347 5643 1936 5723">
     <span class='ocr_line' id='line_1_88' title="bbox 347 5643 1936 5723; baseline 0.008 -27"><span class='ocrx_word' id='word_1_601' title='bbox 347 5643 473 5699; x_wconf 87' lang='lat' dir='ltr'><strong>dem</strong></span> <span class='ocrx_word' id='word_1_602' title='bbox 500 5651 783 5707; x_wconf 85' lang='lat' dir='ltr'><strong>sensibilia</strong></span> <span class='ocrx_word' id='word_1_603' title='bbox 819 5652 947 5719; x_wconf 89' lang='lat' dir='ltr'><strong>ista,</strong></span> <span class='ocrx_word' id='word_1_604' title='bbox 978 5666 1198 5708; x_wconf 88' lang='lat' dir='ltr'><strong>necnon</strong></span> <span class='ocrx_word' id='word_1_605' title='bbox 1231 5651 1301 5707; x_wconf 85' lang='lat' dir='ltr'><strong>ad</strong></span> <span class='ocrx_word' id='word_1_606' title='bbox 1323 5667 1390 5709; x_wconf 88' lang='lat' dir='ltr'><strong>ea</strong></span> <span class='ocrx_word' id='word_1_607' title='bbox 1422 5653 1676 5723; x_wconf 74' lang='lat' dir='ltr'><strong>all‘ectus,</strong></span> <span class='ocrx_word' id='word_1_608' title='bbox 1708 5655 1936 5712; x_wconf 86' lang='lat' dir='ltr'><strong>turbant</strong></span> 
     </span>
    </p>
   </div>
   <div class='ocr_carea' id='block_1_89' title="bbox 423 5829 1503 5903">
    <p class='ocr_par' dir='ltr' id='par_1_89' title="bbox 423 5829 1503 5903">
     <span class='ocr_line' id='line_1_89' title="bbox 423 5829 1503 5903; baseline 0.003 -16"><span class='ocrx_word' id='word_1_609' title='bbox 423 5832 437 5863; x_wconf 86' lang='grc'>¹</span> <span class='ocrx_word' id='word_1_610' title='bbox 483 5829 615 5890; x_wconf 84' lang='lat' dir='ltr'><strong>Luc.</strong></span> <span class='ocrx_word' id='word_1_611' title='bbox 647 5849 784 5903; x_wconf 80' lang='lat' dir='ltr'><strong>xm,</strong></span> <span class='ocrx_word' id='word_1_612' title='bbox 817 5833 872 5890; x_wconf 76' lang='lat'><strong>2.</strong></span> <span class='ocrx_word' id='word_1_613' title='bbox 948 5838 970 5870; x_wconf 78' lang='grc'>³</span> <span class='ocrx_word' id='word_1_614' title='bbox 1002 5833 1196 5893; x_wconf 79' lang='lat' dir='ltr'><strong>Matth.</strong></span> <span class='ocrx_word' id='word_1_615' title='bbox 1240 5851 1385 5902; x_wconf 73' lang='lat' dir='ltr'><strong>xxvn,</strong></span> <span class='ocrx_word' id='word_1_616' title='bbox 1412 5836 1503 5892; x_wconf 66' lang='grc' dir='ltr'>ει,</span> 
     </span>
    </p>
   </div>
   <div class='ocr_carea' id='block_1_90' title="bbox 2027 3226 3626 3315">
    <p class='ocr_par' dir='ltr' id='par_1_90' title="bbox 2027 3226 3626 3315">
     <span class='ocr_line' id='line_1_90' title="bbox 2027 3226 3626 3315; baseline -0.014 -16"><span class='ocrx_word' id='word_1_617' title='bbox 2027 3244 2234 3315; x_wconf 77' lang='grc' dir='ltr'>θρήνου</span> <span class='ocrx_word' id='word_1_618' title='bbox 2307 3241 2597 3312; x_wconf 81' lang='grc' dir='ltr'>γενήσεται</span> <span class='ocrx_word' id='word_1_619' title='bbox 2637 3236 2787 3303; x_wconf 75' lang='grc' dir='ltr'>ἀξιον</span> <span class='ocrx_word' id='word_1_620' title='bbox 2835 3233 3017 3300; x_wconf 82' lang='grc' dir='ltr'>τοῦτο,</span> <span class='ocrx_word' id='word_1_621' title='bbox 3062 3234 3159 3286; x_wconf 74' lang='grc' dir='ltr'>καὶ</span> <span class='ocrx_word' id='word_1_622' title='bbox 3188 3230 3393 3301; x_wconf 85' lang='grc' dir='ltr'>θρήνου</span> <span class='ocrx_word' id='word_1_623' title='bbox 3425 3226 3488 3280; x_wconf 82' lang='grc' dir='ltr'>οὐ</span> <span class='ocrx_word' id='word_1_624' title='bbox 3516 3244 3626 3296; x_wconf 67' lang='grc' dir='ltr'><strong>πηο</strong></span> 
     </span>
    </p>
   </div>
   <div class='ocr_carea' id='block_1_91' title="bbox 2029 3318 3625 3409">
    <p class='ocr_par' dir='ltr' id='par_1_91' title="bbox 2029 3318 3625 3409">
     <span class='ocr_line' id='line_1_91' title="bbox 2029 3318 3625 3409; baseline -0.015 -17"><span class='ocrx_word' id='word_1_625' title='bbox 2029 3326 2155 3409; x_wconf 73' lang='grc' dir='ltr'>γαϊς</span> <span class='ocrx_word' id='word_1_626' title='bbox 2188 3333 2465 3405; x_wconf 83' lang='grc' dir='ltr'>δακρύων,</span> <span class='ocrx_word' id='word_1_627' title='bbox 2516 3328 2655 3384; x_wconf 64' lang='grc' dir='ltr'><strong>ἀλλά</strong></span> <span class='ocrx_word' id='word_1_628' title='bbox 2689 3327 2940 3398; x_wconf 81' lang='grc' dir='ltr'>κρουνοῖς</span> <span class='ocrx_word' id='word_1_629' title='bbox 2983 3324 3236 3393; x_wconf 76' lang='grc' dir='ltr'>αἱμάτων</span> <span class='ocrx_word' id='word_1_630' title='bbox 3271 3318 3625 3391; x_wconf 77' lang='grc' dir='ltr'>συμπληρου-</span> 
     </span>
    </p>
   </div>
   <div class='ocr_carea' id='block_1_92' title="bbox 2034 3408 3624 3504">
    <p class='ocr_par' dir='ltr' id='par_1_92' title="bbox 2034 3408 3624 3504">
     <span class='ocr_line' id='line_1_92' title="bbox 2034 3408 3624 3504; baseline -0.014 -19"><span class='ocrx_word' id='word_1_631' title='bbox 2034 3430 2221 3504; x_wconf 79' lang='grc' dir='ltr'>μένου,</span> <span class='ocrx_word' id='word_1_632' title='bbox 2278 3427 2411 3497; x_wconf 75' lang='grc' dir='ltr'>περὶ</span> <span class='ocrx_word' id='word_1_633' title='bbox 2444 3422 2642 3478; x_wconf 84' lang='grc' dir='ltr'>τούτου</span> <span class='ocrx_word' id='word_1_634' title='bbox 2696 3421 2793 3474; x_wconf 81' lang='grc' dir='ltr'>καὶ</span> <span class='ocrx_word' id='word_1_635' title='bbox 2823 3414 3053 3489; x_wconf 77' lang='grc' dir='ltr'>μονονοῦ</span> <span class='ocrx_word' id='word_1_636' title='bbox 3107 3412 3175 3488; x_wconf 72' lang='grc'><strong>[1³.</strong></span> <span class='ocrx_word' id='word_1_637' title='bbox 3215 3414 3379 3484; x_wconf 85' lang='grc' dir='ltr'>μόνον</span> <span class='ocrx_word' id='word_1_638' title='bbox 3410 3408 3499 3483; x_wconf 73' lang='grc' dir='ltr'>οὐ]</span> <span class='ocrx_word' id='word_1_639' title='bbox 3529 3409 3624 3464; x_wconf 72' lang='grc' dir='ltr'><strong>τὸν</strong></span> 
     </span>
    </p>
   </div>
   <div class='ocr_carea' id='block_1_93' title="bbox 2031 3506 3622 3598">
    <p class='ocr_par' dir='ltr' id='par_1_93' title="bbox 2031 3506 3622 3598">
     <span class='ocr_line' id='line_1_93' title="bbox 2031 3506 3622 3598; baseline -0.014 -18"><span class='ocrx_word' id='word_1_640' title='bbox 2031 3524 2232 3598; x_wconf 73' lang='grc' dir='ltr'>θρῆνον</span> <span class='ocrx_word' id='word_1_641' title='bbox 2279 3518 2614 3590; x_wconf 79' lang='grc' dir='ltr'>ποιήσασθαι</span> <span class='ocrx_word' id='word_1_642' title='bbox 2642 3530 2657 3549; x_wconf 75' lang='grc' dir='ltr'><strong>ο</strong></span> <span class='ocrx_word' id='word_1_643' title='bbox 2716 3514 2904 3584; x_wconf 86' lang='grc' dir='ltr'>ὥσπερ</span> <span class='ocrx_word' id='word_1_644' title='bbox 2957 3514 3007 3566; x_wconf 84' lang='grc' dir='ltr'>οἱ</span> <span class='ocrx_word' id='word_1_645' title='bbox 3048 3511 3107 3563; x_wconf 84' lang='grc' dir='ltr'><strong>ἐν</strong></span> <span class='ocrx_word' id='word_1_646' title='bbox 3138 3508 3411 3579; x_wconf 81' lang='grc' dir='ltr'>σκάφεσιν</span> <span class='ocrx_word' id='word_1_647' title='bbox 3443 3506 3622 3598; x_wconf 73' lang='grc' dir='ltr'>ὄντες,</span> 
     </span>
    </p>
   </div>
   <div class='ocr_carea' id='block_1_94' title="bbox 2031 3596 3626 3689">
    <p class='ocr_par' dir='ltr' id='par_1_94' title="bbox 2031 3596 3626 3689">
     <span class='ocr_line' id='line_1_94' title="bbox 2031 3596 3626 3689; baseline -0.017 -12"><span class='ocrx_word' id='word_1_648' title='bbox 2031 3596 2129 3677; x_wconf 63' lang='grc' dir='ltr'>καὶ</span> <span class='ocrx_word' id='word_1_649' title='bbox 2162 3621 2219 3673; x_wconf 89' lang='grc' dir='ltr'><strong>ἐν</strong></span> <span class='ocrx_word' id='word_1_650' title='bbox 2277 3616 2430 3689; x_wconf 69' lang='grc' dir='ltr'>μέσῳ</span> <span class='ocrx_word' id='word_1_651' title='bbox 2463 3610 2741 3678; x_wconf 81' lang='grc' dir='ltr'>πελάγους</span> <span class='ocrx_word' id='word_1_652' title='bbox 2800 3603 3218 3678; x_wconf 71' lang='grc' dir='ltr'>χειμαζόμενοι,</span> <span class='ocrx_word' id='word_1_653' title='bbox 3257 3600 3353 3654; x_wconf 80' lang='grc' dir='ltr'>καὶ</span> <span class='ocrx_word' id='word_1_654' title='bbox 3386 3596 3626 3669; x_wconf 82' lang='grc' dir='ltr'>πηδάλια</span> 
     </span>
    </p>
   </div>
   <div class='ocr_carea' id='block_1_95' title="bbox 2035 3691 3627 3786">
    <p class='ocr_par' dir='ltr' id='par_1_95' title="bbox 2035 3691 3627 3786">
     <span class='ocr_line' id='line_1_95' title="bbox 2035 3691 3627 3786; baseline -0.015 -19"><span class='ocrx_word' id='word_1_655' title='bbox 2035 3714 2111 3786; x_wconf 78' lang='grc' dir='ltr'>μὴ</span> <span class='ocrx_word' id='word_1_656' title='bbox 2151 3711 2391 3783; x_wconf 71' lang='grc' dir='ltr'>ἔχοντες,</span> <span class='ocrx_word' id='word_1_657' title='bbox 2415 3705 2510 3759; x_wconf 68' lang='grc' dir='ltr'><strong>καὶ</strong></span> <span class='ocrx_word' id='word_1_658' title='bbox 2539 3701 2717 3765; x_wconf 77' lang='grc' dir='ltr'>ἄλλως</span> <span class='ocrx_word' id='word_1_659' title='bbox 2751 3697 2948 3769; x_wconf 75' lang='grc' dir='ltr'>φυγεῖν</span> <span class='ocrx_word' id='word_1_660' title='bbox 2979 3694 3071 3749; x_wconf 77' lang='grc' dir='ltr'>τὸν</span> <span class='ocrx_word' id='word_1_661' title='bbox 3098 3691 3489 3786; x_wconf 69' lang='grc' dir='ltr'>ἐπηρτημένον</span> <span class='ocrx_word' id='word_1_662' title='bbox 3510 3691 3627 3744; x_wconf 89' lang='grc' dir='ltr'>κίν-</span> 
     </span>
    </p>
   </div>
   <div class='ocr_carea' id='block_1_96' title="bbox 2030 3782 3627 3873">
    <p class='ocr_par' dir='ltr' id='par_1_96' title="bbox 2030 3782 3627 3873">
     <span class='ocr_line' id='line_1_96' title="bbox 2030 3782 3627 3873; baseline -0.016 -12"><span class='ocrx_word' id='word_1_663' title='bbox 2030 3782 2293 3873; x_wconf 77' lang='grc' dir='ltr'>δυνονμὴ</span> <span class='ocrx_word' id='word_1_664' title='bbox 2322 3798 2638 3867; x_wconf 86' lang='grc' dir='ltr'>δυνάμενοι,</span> <span class='ocrx_word' id='word_1_665' title='bbox 2670 3791 2807 3864; x_wconf 78' lang='grc' dir='ltr'>πρὸς</span> <span class='ocrx_word' id='word_1_666' title='bbox 2850 3790 3011 3861; x_wconf 86' lang='grc' dir='ltr'>μόνον</span> <span class='ocrx_word' id='word_1_667' title='bbox 3039 3787 3096 3842; x_wconf 79' lang='grc' dir='ltr'>δὲ</span> <span class='ocrx_word' id='word_1_668' title='bbox 3132 3786 3269 3840; x_wconf 80' lang='grc' dir='ltr'>Θεὸν</span> <span class='ocrx_word' id='word_1_669' title='bbox 3308 3782 3627 3856; x_wconf 70' lang='grc' dir='ltr'>ἀφορῶντες</span> 
     </span>
    </p>
   </div>
   <div class='ocr_carea' id='block_1_97' title="bbox 2034 3874 3628 3959">
    <p class='ocr_par' dir='ltr' id='par_1_97' title="bbox 2034 3874 3628 3959">
     <span class='ocr_line' id='line_1_97' title="bbox 2034 3874 3628 3959; baseline -0.015 -8"><span class='ocrx_word' id='word_1_670' title='bbox 2034 3894 2311 3959; x_wconf 73' lang='grc' dir='ltr'>ἐλεεινῶς,</span> <span class='ocrx_word' id='word_1_671' title='bbox 2347 3890 2443 3945; x_wconf 70' lang='grc' dir='ltr'>καὶ</span> <span class='ocrx_word' id='word_1_672' title='bbox 2476 3885 2630 3955; x_wconf 85' lang='grc' dir='ltr'><strong>παρά</strong></span> <span class='ocrx_word' id='word_1_673' title='bbox 2655 3881 2847 3936; x_wconf 89' lang='grc' dir='ltr'>τούτου</span> <span class='ocrx_word' id='word_1_674' title='bbox 2874 3881 2974 3950; x_wconf 73' lang='grc' dir='ltr'>τὴν</span> <span class='ocrx_word' id='word_1_675' title='bbox 3013 3878 3225 3934; x_wconf 77' lang='grc' dir='ltr'>ἑαυτῶν</span> <span class='ocrx_word' id='word_1_676' title='bbox 3249 3874 3628 3946; x_wconf 73' lang='grc' dir='ltr'>ἐξαιτούμενοι</span> 
     </span>
    </p>
   </div>
   <div class='ocr_carea' id='block_1_98' title="bbox 2036 3984 2727 4058">
    <p class='ocr_par' dir='ltr' id='par_1_98' title="bbox 2036 3984 2727 4058">
     <span class='ocr_line' id='line_1_98' title="bbox 2036 3984 2727 4058; baseline 0 -19"><span class='ocrx_word' id='word_1_677' title='bbox 2036 3984 2337 4058; x_wconf 80' lang='grc' dir='ltr'>σωτηρίαν.</span> <span class='ocrx_word' id='word_1_678' title='bbox 2722 3986 2727 3991; x_wconf 45' lang='grc'>⁴</span> 
     </span>
    </p>
   </div>
   <div class='ocr_carea' id='block_1_99' title="bbox 2106 4056 3630 4138">
    <p class='ocr_par' dir='ltr' id='par_1_99' title="bbox 2106 4056 3630 4138">
     <span class='ocr_line' id='line_1_99' title="bbox 2106 4056 3630 4138; baseline -0.015 -6"><span class='ocrx_word' id='word_1_679' title='bbox 2106 4056 2358 4132; x_wconf 14' lang='grc' dir='ltr'>Εἱντοῦτο</span> <span class='ocrx_word' id='word_1_680' title='bbox 2396 4072 2572 4137; x_wconf 70' lang='grc' dir='ltr'>οὕτως</span> <span class='ocrx_word' id='word_1_681' title='bbox 2618 4063 3067 4138; x_wconf 80' lang='grc' dir='ltr'>ἐπιγνωσόμεθα,</span> <span class='ocrx_word' id='word_1_682' title='bbox 3111 4061 3332 4124; x_wconf 83' lang='grc' dir='ltr'>πάντως</span> <span class='ocrx_word' id='word_1_683' title='bbox 3370 4059 3399 4112; x_wconf 83' lang='grc' dir='ltr'><strong>ό</strong></span> <span class='ocrx_word' id='word_1_684' title='bbox 3433 4056 3630 4128; x_wconf 79' lang='grc' dir='ltr'>φιλάν-</span> 
     </span>
    </p>
   </div>
   <div class='ocr_carea' id='block_1_100' title="bbox 2035 4147 3628 4242">
    <p class='ocr_par' dir='ltr' id='par_1_100' title="bbox 2035 4147 3628 4242">
     <span class='ocr_line' id='line_1_100' title="bbox 2035 4147 3628 4242; baseline -0.015 -18"><span class='ocrx_word' id='word_1_685' title='bbox 2035 4168 2255 4242; x_wconf 86' lang='grc' dir='ltr'>θρωπος</span> <span class='ocrx_word' id='word_1_686' title='bbox 2297 4166 2432 4230; x_wconf 82' lang='grc' dir='ltr'>Θεὸς</span> <span class='ocrx_word' id='word_1_687' title='bbox 2480 4166 2582 4236; x_wconf 80' lang='grc' dir='ltr'>τὴν</span> <span class='ocrx_word' id='word_1_688' title='bbox 2635 4161 2863 4233; x_wconf 80' lang='grc' dir='ltr'>όδηγῐαν</span> <span class='ocrx_word' id='word_1_689' title='bbox 2895 4158 3033 4228; x_wconf 57' lang='grc' dir='ltr'>προς</span> <span class='ocrx_word' id='word_1_690' title='bbox 3061 4156 3160 4223; x_wconf 80' lang='grc' dir='ltr'>τὴν</span> <span class='ocrx_word' id='word_1_691' title='bbox 3209 4148 3503 4223; x_wconf 83' lang='grc' dir='ltr'>διόρθωσιν</span> <span class='ocrx_word' id='word_1_692' title='bbox 3531 4147 3628 4242; x_wconf 79' lang='grc' dir='ltr'>τοῦ</span> 
     </span>
    </p>
   </div>
   <div class='ocr_carea' id='block_1_101' title="bbox 2035 4241 3630 4333">
    <p class='ocr_par' dir='ltr' id='par_1_101' title="bbox 2035 4241 3630 4333">
     <span class='ocr_line' id='line_1_101' title="bbox 2035 4241 3630 4333; baseline -0.017 -14"><span class='ocrx_word' id='word_1_693' title='bbox 2035 4241 2208 4319; x_wconf 74' lang='grc' dir='ltr'>κακοῦ</span> <span class='ocrx_word' id='word_1_694' title='bbox 2232 4259 2466 4333; x_wconf 79' lang='grc' dir='ltr'>παρέξει</span> <span class='ocrx_word' id='word_1_695' title='bbox 2491 4260 2606 4320; x_wconf 81' lang='grc' dir='ltr'>τοῖς</span> <span class='ocrx_word' id='word_1_696' title='bbox 2644 4271 2705 4307; x_wconf 87' lang='grc' dir='ltr'><strong>τε</strong></span> <span class='ocrx_word' id='word_1_697' title='bbox 2742 4249 3065 4323; x_wconf 81' lang='grc' dir='ltr'>ἀρχιερεῦσι</span> <span class='ocrx_word' id='word_1_698' title='bbox 3095 4249 3190 4301; x_wconf 75' lang='grc' dir='ltr'>καὶ</span> <span class='ocrx_word' id='word_1_699' title='bbox 3217 4248 3352 4298; x_wconf 82' lang='grc' dir='ltr'>πᾶσι</span> <span class='ocrx_word' id='word_1_700' title='bbox 3385 4245 3499 4305; x_wconf 82' lang='grc' dir='ltr'>τοῖς</span> <span class='ocrx_word' id='word_1_701' title='bbox 3522 4241 3630 4304; x_wconf 75' lang='grc' dir='ltr'>ἓως</span> 
     </span>
    </p>
   </div>
   <div class='ocr_carea' id='block_1_102' title="bbox 2034 4334 3633 4418">
    <p class='ocr_par' dir='ltr' id='par_1_102' title="bbox 2034 4334 3633 4418">
     <span class='ocr_line' id='line_1_102' title="bbox 2034 4334 3633 4418; baseline -0.016 -7"><span class='ocrx_word' id='word_1_702' title='bbox 2034 4357 2127 4411; x_wconf 80' lang='grc' dir='ltr'><strong>τοῦ</strong></span> <span class='ocrx_word' id='word_1_703' title='bbox 2186 4354 2283 4408; x_wconf 80' lang='grc' dir='ltr'>νῦν</span> <span class='ocrx_word' id='word_1_704' title='bbox 2336 4354 2465 4414; x_wconf 75' lang='lat' dir='ltr'><strong>iam;</strong></span> <span class='ocrx_word' id='word_1_705' title='bbox 2517 4348 2821 4418; x_wconf 84' lang='grc' dir='ltr'>ἀγνοήσασι</span> <span class='ocrx_word' id='word_1_706' title='bbox 2875 4342 2938 4396; x_wconf 81' lang='grc' dir='ltr'>τὸ</span> <span class='ocrx_word' id='word_1_707' title='bbox 2989 4339 3153 4395; x_wconf 67' lang='grc' dir='ltr'>καλόν</span> <span class='ocrx_word' id='word_1_708' title='bbox 3186 4337 3305 4403; x_wconf 77' lang='grc' dir='ltr'><strong>’ὡς</strong></span> <span class='ocrx_word' id='word_1_709' title='bbox 3337 4338 3402 4391; x_wconf 74' lang='grc' dir='ltr'>ἂν</span> <span class='ocrx_word' id='word_1_710' title='bbox 3425 4335 3485 4389; x_wconf 80' lang='grc' dir='ltr'>τὸ</span> <span class='ocrx_word' id='word_1_711' title='bbox 3524 4334 3633 4405; x_wconf 77' lang='grc' dir='ltr'>πρὸ</span> 
     </span>
    </p>
   </div>
   <div class='ocr_carea' id='block_1_103' title="bbox 2035 4425 3633 4519">
    <p class='ocr_par' dir='ltr' id='par_1_103' title="bbox 2035 4425 3633 4519">
     <span class='ocr_line' id='line_1_103' title="bbox 2035 4425 3633 4519; baseline -0.016 -18"><span class='ocrx_word' id='word_1_712' title='bbox 2035 4446 2246 4519; x_wconf 83' lang='grc' dir='ltr'>χρόνων</span> <span class='ocrx_word' id='word_1_713' title='bbox 2273 4442 2440 4497; x_wconf 81' lang='grc' dir='ltr'>τινῶν</span> <span class='ocrx_word' id='word_1_714' title='bbox 2468 4440 2529 4505; x_wconf 79' lang='grc' dir='ltr'>ἐξ</span> <span class='ocrx_word' id='word_1_715' title='bbox 2554 4434 2820 4509; x_wconf 80' lang='grc' dir='ltr'>ἀμελείας</span> <span class='ocrx_word' id='word_1_716' title='bbox 2852 4428 3186 4503; x_wconf 81' lang='grc' dir='ltr'>ἀμαυρωθέν</span> <span class='ocrx_word' id='word_1_717' title='bbox 3210 4425 3439 4496; x_wconf 77' lang='grc' dir='ltr'>ἀγαθὸν,</span> <span class='ocrx_word' id='word_1_718' title='bbox 3500 4425 3633 4479; x_wconf 81' lang='grc' dir='ltr'>ἀνα-</span> 
     </span>
    </p>
   </div>
   <div class='ocr_carea' id='block_1_104' title="bbox 3280 4519 3635 4589">
    <p class='ocr_par' dir='ltr' id='par_1_104' title="bbox 3280 4519 3635 4589">
     <span class='ocr_line' id='line_1_104' title="bbox 3280 4519 3635 4589; baseline -0.011 -14"><span class='ocrx_word' id='word_1_719' title='bbox 3280 4522 3432 4583; x_wconf 74' lang='grc' dir='ltr'>ὅπως</span> <span class='ocrx_word' id='word_1_720' title='bbox 3470 4519 3635 4589; x_wconf 79' lang='grc' dir='ltr'>θερα·</span> 
     </span>
    </p>
   </div>
   <div class='ocr_carea' id='block_1_105' title="bbox 2044 4610 3633 4701">
    <p class='ocr_par' dir='ltr' id='par_1_105' title="bbox 2044 4610 3633 4701">
     <span class='ocr_line' id='line_1_105' title="bbox 2044 4610 3633 4701; baseline -0.016 -16"><span class='ocrx_word' id='word_1_721' title='bbox 2044 4628 2223 4701; x_wconf 81' lang='grc' dir='ltr'>πευθῇ</span> <span class='ocrx_word' id='word_1_722' title='bbox 2253 4630 2282 4682; x_wconf 87' lang='grc' dir='ltr'><strong>ό</strong></span> <span class='ocrx_word' id='word_1_723' title='bbox 2302 4626 2458 4691; x_wconf 72' lang='grc' dir='ltr'>Θεὸς,</span> <span class='ocrx_word' id='word_1_724' title='bbox 2482 4618 2879 4692; x_wconf 78' lang='grc' dir='ltr'>διορθουμένης</span> <span class='ocrx_word' id='word_1_725' title='bbox 2911 4618 3011 4687; x_wconf 79' lang='grc' dir='ltr'>τῆς</span> <span class='ocrx_word' id='word_1_726' title='bbox 3042 4611 3507 4684; x_wconf 69' lang='grc' dir='ltr'>ἐκκλησιαπικῆς</span> <span class='ocrx_word' id='word_1_727' title='bbox 3536 4610 3633 4664; x_wconf 66' lang='grc' dir='ltr'>καὶ</span> 
     </span>
    </p>
   </div>
   <div class='ocr_carea' id='block_1_106' title="bbox 2044 4702 3634 4791">
    <p class='ocr_par' dir='ltr' id='par_1_106' title="bbox 2044 4702 3634 4791">
     <span class='ocr_line' id='line_1_106' title="bbox 2044 4702 3634 4791; baseline -0.013 -15"><span class='ocrx_word' id='word_1_728' title='bbox 2044 4717 2443 4791; x_wconf 76' lang='grc' dir='ltr'>Χριστιανικῆς</span> <span class='ocrx_word' id='word_1_729' title='bbox 2473 4711 2889 4775; x_wconf 81' lang='grc' dir='ltr'>καταστάσεως,</span> <span class='ocrx_word' id='word_1_730' title='bbox 2961 4708 3105 4761; x_wconf 83' lang='grc' dir='ltr'>κατὰ</span> <span class='ocrx_word' id='word_1_731' title='bbox 3157 4707 3256 4769; x_wconf 78' lang='grc' dir='ltr'>τὰς</span> <span class='ocrx_word' id='word_1_732' title='bbox 3303 4702 3634 4791; x_wconf 70' lang='grc' dir='ltr'>παραδόσεις</span> 
     </span>
    </p>
   </div>
   <div class='ocr_carea' id='block_1_107' title="bbox 2043 4789 3635 4876">
    <p class='ocr_par' dir='ltr' id='par_1_107' title="bbox 2043 4789 3635 4876">
     <span class='ocr_line' id='line_1_107' title="bbox 2043 4789 3635 4876; baseline -0.016 -9"><span class='ocrx_word' id='word_1_733' title='bbox 2043 4789 2154 4867; x_wconf 82' lang='grc' dir='ltr'><strong>τῶν</strong></span> <span class='ocrx_word' id='word_1_734' title='bbox 2177 4810 2338 4864; x_wconf 86' lang='grc' dir='ltr'>θείων</span> <span class='ocrx_word' id='word_1_735' title='bbox 2374 4807 2471 4861; x_wconf 75' lang='grc' dir='ltr'>καὶ</span> <span class='ocrx_word' id='word_1_736' title='bbox 2506 4800 2823 4876; x_wconf 80' lang='grc' dir='ltr'>κορυφαίων</span> <span class='ocrx_word' id='word_1_737' title='bbox 2866 4795 3203 4859; x_wconf 84' lang='grc' dir='ltr'>ἀποστόλων,</span> <span class='ocrx_word' id='word_1_738' title='bbox 3236 4792 3330 4845; x_wconf 78' lang='grc' dir='ltr'>καὶ</span> <span class='ocrx_word' id='word_1_739' title='bbox 3375 4790 3485 4845; x_wconf 83' lang='grc' dir='ltr'><strong>τῶν</strong></span> <span class='ocrx_word' id='word_1_740' title='bbox 3514 4789 3635 4860; x_wconf 79' lang='grc' dir='ltr'>μετ’</span> 
     </span>
    </p>
   </div>
   <div class='ocr_carea' id='block_1_108' title="bbox 2043 4880 3637 4971">
    <p class='ocr_par' dir='ltr' id='par_1_108' title="bbox 2043 4880 3637 4971">
     <span class='ocr_line' id='line_1_108' title="bbox 2043 4880 3637 4971; baseline -0.016 -11"><span class='ocrx_word' id='word_1_741' title='bbox 2043 4905 2243 4967; x_wconf 82' lang='grc' dir='ltr'>αὐτοὺς</span> <span class='ocrx_word' id='word_1_742' title='bbox 2270 4901 2443 4971; x_wconf 82' lang='grc' dir='ltr'>ἁγίων</span> <span class='ocrx_word' id='word_1_743' title='bbox 2476 4899 2572 4953; x_wconf 76' lang='grc' dir='ltr'>καὶ</span> <span class='ocrx_word' id='word_1_744' title='bbox 2595 4894 2873 4964; x_wconf 78' lang='grc' dir='ltr'>θεοφόρων</span> <span class='ocrx_word' id='word_1_745' title='bbox 2894 4890 3178 4960; x_wconf 83' lang='grc' dir='ltr'>Πατέρων,</span> <span class='ocrx_word' id='word_1_746' title='bbox 3231 4887 3301 4957; x_wconf 80' lang='grc' dir='ltr'>ἢν</span> <span class='ocrx_word' id='word_1_747' title='bbox 3351 4886 3387 4956; x_wconf 75' lang='grc' dir='ltr'><strong>η</strong></span> <span class='ocrx_word' id='word_1_748' title='bbox 3443 4880 3637 4955; x_wconf 86' lang='grc' dir='ltr'>χρονία</span> 
     </span>
    </p>
   </div>
   <div class='ocr_carea' id='block_1_109' title="bbox 2041 4987 2814 5069">
    <p class='ocr_par' dir='ltr' id='par_1_109' title="bbox 2041 4987 2814 5069">
     <span class='ocr_line' id='line_1_109' title="bbox 2041 4987 2814 5069; baseline -0.012 -18"><span class='ocrx_word' id='word_1_749' title='bbox 2041 4998 2200 5069; x_wconf 77' lang='grc' dir='ltr'>ἡμῶν</span> <span class='ocrx_word' id='word_1_750' title='bbox 2234 4993 2483 5069; x_wconf 77' lang='grc' dir='ltr'>ῥᾳθυμία</span> <span class='ocrx_word' id='word_1_751' title='bbox 2513 4987 2814 5059; x_wconf 82' lang='grc' dir='ltr'>διέφθειρε.</span> 
     </span>
    </p>
   </div>
   <div class='ocr_carea' id='block_1_110' title="bbox 2108 5067 3637 5154">
    <p class='ocr_par' dir='ltr' id='par_1_110' title="bbox 2108 5067 3637 5154">
     <span class='ocr_line' id='line_1_110' title="bbox 2108 5067 3637 5154; baseline -0.015 -11"><span class='ocrx_word' id='word_1_752' title='bbox 2108 5089 2217 5144; x_wconf 70' lang='grc' dir='ltr'><strong>Καὶ</strong></span> <span class='ocrx_word' id='word_1_753' title='bbox 2243 5067 2406 5140; x_wconf 73' lang='grc' dir='ltr'>οὐδὲν</span> <span class='ocrx_word' id='word_1_754' title='bbox 2424 5079 2741 5154; x_wconf 80' lang='grc' dir='ltr'>θαυμαστὸν</span> <span class='ocrx_word' id='word_1_755' title='bbox 2788 5079 2877 5145; x_wconf 78' lang='grc' dir='ltr'>ἂν,</span> <span class='ocrx_word' id='word_1_756' title='bbox 2909 5079 2958 5132; x_wconf 78' lang='grc' dir='ltr'><strong>εί</strong></span> <span class='ocrx_word' id='word_1_757' title='bbox 2987 5075 3086 5129; x_wconf 84' lang='grc' dir='ltr'>καὶ</span> <span class='ocrx_word' id='word_1_758' title='bbox 3135 5076 3196 5128; x_wconf 81' lang='grc' dir='ltr'>τὸ</span> <span class='ocrx_word' id='word_1_759' title='bbox 3227 5070 3432 5142; x_wconf 69' lang='grc' dir='ltr'>ἀγαθον</span> <span class='ocrx_word' id='word_1_760' title='bbox 3475 5067 3637 5124; x_wconf 80' lang='grc' dir='ltr'>τοῦτο</span> 
     </span>
    </p>
   </div>
   <div class='ocr_carea' id='block_1_111' title="bbox 2042 5163 3635 5253">
    <p class='ocr_par' dir='ltr' id='par_1_111' title="bbox 2042 5163 3635 5253">
     <span class='ocr_line' id='line_1_111' title="bbox 2042 5163 3635 5253; baseline -0.016 -13"><span class='ocrx_word' id='word_1_761' title='bbox 2042 5186 2138 5240; x_wconf 68' lang='grc' dir='ltr'>καὶ</span> <span class='ocrx_word' id='word_1_762' title='bbox 2171 5182 2440 5253; x_wconf 79' lang='grc' dir='ltr'>σωτήριον</span> <span class='ocrx_word' id='word_1_763' title='bbox 2470 5178 2657 5250; x_wconf 69' lang='grc' dir='ltr'>ἔργον,</span> <span class='ocrx_word' id='word_1_764' title='bbox 2687 5178 2825 5245; x_wconf 81' lang='grc' dir='ltr'>ὅπερ</span> <span class='ocrx_word' id='word_1_765' title='bbox 2857 5173 3009 5228; x_wconf 71' lang='grc' dir='ltr'>αὐτοὶ</span> <span class='ocrx_word' id='word_1_766' title='bbox 3037 5171 3088 5225; x_wconf 84' lang='lat' dir='ltr'><strong>oi</strong></span> <span class='ocrx_word' id='word_1_767' title='bbox 3122 5167 3364 5240; x_wconf 76' lang='grc' dir='ltr'>μαθηταὶ</span> <span class='ocrx_word' id='word_1_768' title='bbox 3392 5165 3485 5218; x_wconf 79' lang='grc' dir='ltr'><strong>τοῦ</strong></span> <span class='ocrx_word' id='word_1_769' title='bbox 3516 5163 3635 5215; x_wconf 80' lang='grc' dir='ltr'><strong>Κυ-</strong></span> 
     </span>
    </p>
   </div>
   <div class='ocr_carea' id='block_1_112' title="bbox 2047 5258 3636 5351">
    <p class='ocr_par' dir='ltr' id='par_1_112' title="bbox 2047 5258 3636 5351">
     <span class='ocr_line' id='line_1_112' title="bbox 2047 5258 3636 5351; baseline -0.014 -19"><span class='ocrx_word' id='word_1_770' title='bbox 2047 5279 2162 5351; x_wconf 83' lang='grc' dir='ltr'>ρίου</span> <span class='ocrx_word' id='word_1_771' title='bbox 2195 5280 2263 5347; x_wconf 79' lang='grc' dir='ltr'><strong>τῇ</strong></span> <span class='ocrx_word' id='word_1_772' title='bbox 2304 5275 2415 5329; x_wconf 89' lang='grc' dir='ltr'><strong>τῶν</strong></span> <span class='ocrx_word' id='word_1_773' title='bbox 2439 5271 2650 5326; x_wconf 85' lang='grc' dir='ltr'>πιστῶν</span> <span class='ocrx_word' id='word_1_774' title='bbox 2693 5266 2995 5338; x_wconf 72' lang='grc' dir='ltr'>Ἐκκλησία</span> <span class='ocrx_word' id='word_1_775' title='bbox 3016 5263 3363 5335; x_wconf 73' lang='grc' dir='ltr'>παρέδωκαν,</span> <span class='ocrx_word' id='word_1_776' title='bbox 3395 5258 3489 5312; x_wconf 76' lang='grc' dir='ltr'>καὶ</span> <span class='ocrx_word' id='word_1_777' title='bbox 3514 5258 3636 5329; x_wconf 82' lang='grc' dir='ltr'>μετ’</span> 
     </span>
    </p>
   </div>
   <div class='ocr_carea' id='block_1_113' title="bbox 2043 5351 3637 5433">
    <p class='ocr_par' dir='ltr' id='par_1_113' title="bbox 2043 5351 3637 5433">
     <span class='ocr_line' id='line_1_113' title="bbox 2043 5351 3637 5433; baseline -0.014 -7"><span class='ocrx_word' id='word_1_778' title='bbox 2043 5372 2285 5433; x_wconf 74' lang='grc' dir='ltr'>ἐκείνους</span> <span class='ocrx_word' id='word_1_779' title='bbox 2315 5372 2365 5423; x_wconf 78' lang='grc' dir='ltr'>οἱ</span> <span class='ocrx_word' id='word_1_780' title='bbox 2394 5368 2573 5422; x_wconf 75' lang='grc' dir='ltr'>λοιποὶ</span> <span class='ocrx_word' id='word_1_781' title='bbox 2600 5367 2749 5433; x_wconf 79' lang='grc' dir='ltr'>ἀγιοι</span> <span class='ocrx_word' id='word_1_782' title='bbox 2779 5361 3043 5432; x_wconf 76' lang='grc' dir='ltr'>Πατέρες,</span> <span class='ocrx_word' id='word_1_783' title='bbox 3072 5361 3101 5412; x_wconf 85' lang='grc' dir='ltr'><strong>ό</strong></span> <span class='ocrx_word' id='word_1_784' title='bbox 3144 5356 3340 5428; x_wconf 82' lang='grc' dir='ltr'>χρόνος</span> <span class='ocrx_word' id='word_1_785' title='bbox 3399 5351 3637 5421; x_wconf 81' lang='grc' dir='ltr'>διέφθει-</span> 
     </span>
    </p>
   </div>
   <div class='ocr_carea' id='block_1_114' title="bbox 2046 5444 3717 5539">
    <p class='ocr_par' dir='ltr' id='par_1_114' title="bbox 2046 5444 3717 5539">
     <span class='ocr_line' id='line_1_114' title="bbox 2046 5444 3717 5539; baseline -0.016 -18"><span class='ocrx_word' id='word_1_786' title='bbox 2046 5485 2159 5539; x_wconf 81' lang='grc' dir='ltr'>ρεν.</span> <span class='ocrx_word' id='word_1_787' title='bbox 2192 5465 2504 5534; x_wconf 74' lang='grc' dir='ltr'>Ἄνθρωποι</span> <span class='ocrx_word' id='word_1_788' title='bbox 2531 5459 2640 5530; x_wconf 88' lang='grc' dir='ltr'><strong>γάρ</strong></span> <span class='ocrx_word' id='word_1_789' title='bbox 2667 5454 2901 5529; x_wconf 76' lang='grc' dir='ltr'>φθαρτοὶ</span> <span class='ocrx_word' id='word_1_790' title='bbox 2928 5454 3101 5517; x_wconf 70' lang='grc' dir='ltr'>ὄντες,</span> <span class='ocrx_word' id='word_1_791' title='bbox 3130 5450 3228 5504; x_wconf 66' lang='lat' dir='ltr'><strong>atat</strong></span> <span class='ocrx_word' id='word_1_792' title='bbox 3256 5449 3372 5511; x_wconf 79' lang='grc' dir='ltr'>τοῖς</span> <span class='ocrx_word' id='word_1_793' title='bbox 3429 5444 3638 5539; x_wconf 69' lang='grc' dir='ltr'>ύλιπιοῖς</span> <span class='ocrx_word' id='word_1_794' title='bbox 3702 5492 3717 5539; x_wconf 42' lang='grc' dir='ltr'>ἐ</span> 
     </span>
    </p>
   </div>
   <div class='ocr_carea' id='block_1_115' title="bbox 2046 5537 3719 5629">
    <p class='ocr_par' dir='ltr' id='par_1_115' title="bbox 2046 5537 3719 5629">
     <span class='ocr_line' id='line_1_115' title="bbox 2046 5537 3719 5629; baseline -0.014 -16"><span class='ocrx_word' id='word_1_795' title='bbox 2046 5537 2342 5629; x_wconf 76' lang='grc' dir='ltr'>πράγμασι</span> <span class='ocrx_word' id='word_1_796' title='bbox 2367 5553 2490 5609; x_wconf 70' lang='grc' dir='ltr'>καθ’</span> <span class='ocrx_word' id='word_1_797' title='bbox 2525 5552 2762 5621; x_wconf 76' lang='grc' dir='ltr'>ἑκάστην</span> <span class='ocrx_word' id='word_1_798' title='bbox 2789 5543 3264 5617; x_wconf 67' lang='grc' dir='ltr'>ἐνασχολούμιενοι,</span> <span class='ocrx_word' id='word_1_799' title='bbox 3294 5541 3433 5612; x_wconf 83' lang='grc' dir='ltr'>πρὸς</span> <span class='ocrx_word' id='word_1_800' title='bbox 3461 5537 3639 5593; x_wconf 84' lang='grc' dir='ltr'>ταῦτα</span> <span class='ocrx_word' id='word_1_801' title='bbox 3710 5538 3719 5547; x_wconf 75' lang='grc'><strong>“</strong></span> 
     </span>
    </p>
   </div>
   <div class='ocr_carea' id='block_1_116' title="bbox 2048 5632 3637 5724">
    <p class='ocr_par' dir='ltr' id='par_1_116' title="bbox 2048 5632 3637 5724">
     <span class='ocr_line' id='line_1_116' title="bbox 2048 5632 3637 5724; baseline -0.016 -16"><span class='ocrx_word' id='word_1_802' title='bbox 2048 5652 2144 5709; x_wconf 74' lang='grc' dir='ltr'>καὶ</span> <span class='ocrx_word' id='word_1_803' title='bbox 2174 5647 2614 5724; x_wconf 74' lang='grc' dir='ltr'>κρημνιζόμεθα.</span> <span class='ocrx_word' id='word_1_804' title='bbox 2649 5640 3013 5712; x_wconf 80' lang='grc' dir='ltr'>Θολοῦσιγάρ</span> <span class='ocrx_word' id='word_1_805' title='bbox 3061 5637 3129 5694; x_wconf 76' lang='grc' dir='ltr'>τὰ</span> <span class='ocrx_word' id='word_1_806' title='bbox 3178 5634 3415 5709; x_wconf 64' lang='grc' dir='ltr'>αἰσθητὰ</span> <span class='ocrx_word' id='word_1_807' title='bbox 3463 5632 3637 5691; x_wconf 79' lang='grc' dir='ltr'>ταῦτα</span> 
     </span>
    </p>
   </div>
  </div>
