4064 6432
459 407 570 469 Μ’)

1431 379 1433 384 .
1476 487 1481 492 ,
1534 414 1902 476 ΝονΕιωι
1943 414 2626 481 CONSTITUTIONES.

3622 427 3731 492 950

453 526 551 578 καὶ
581 526 614 596 ἡ
646 526 775 594 περὶ
799 526 941 581 αὐτὰ
963 528 1168 598 σχέσις,
1197 529 1323 591 τοὺς
1352 527 1647 596 λογισμοὺς
1679 527 1788 580 τῶν
1836 528 2041 600 ἀνθρώ-

2149 531 2510 601 cogitatimies
2546 534 2858 605 hominum,
2888 554 3123 609 raroque
3156 540 3436 595 invenitur
3461 541 3555 611 qui
3589 542 3730 596 divi-

455 635 597 684 πων,
627 618 722 673 καὶ
748 618 995 684 σπανίως
1033 619 1407 690 εὑρίσκεταιὸ
1454 622 1568 683 τοῖς
1613 621 1780 684 θείοις
1831 621 1916 674 ἀεὶ
1955 623 2044 672 ὲν-

454 709 856 778 ἀσχολούμενος
881 711 1318 781 πράγμασι,οκαὶ
1340 711 1512 766 ταῦτα
1539 711 1676 781 μόνα
1701 711 1902 780 ζητῶν,
1953 711 2043 762 καὶ

455 799 550 853 τὸν
580 799 688 852 ἔσω
721 799 1013 872 ἄνθρωπον
1042 803 1167 856 καθ’
1213 804 1454 873 ἑκάστην
1517 804 1890 875 ὰναφηλαφιῖιν
1950 804 2044 856 καὶ

454 890 868 962 ἁνακαθαίρων.
904 894 1016 947 Καὶ
1044 893 1133 948 διὰ
1159 893 1318 949 τοῦτο
1337 895 1433 949 καὶ
1454 896 1515 949 τὸ
1545 896 1832 950 κάλλιπον
1884 895 2045 951 τοῦτο

455 983 640 1052 ἔργον,
675 987 772 1039 καὶ
801 985 964 1050 θεῖον,
1000 987 1030 1040 ὅ
1063 987 1162 1060 τὴν
1185 988 1468 1044 εὐσέὖειαν
1513 993 1632 1054 ταῖς
1693 991 1893 1062 ψυχαῖς
1933 987 2043 1042 τῶν

455 1075 760 1147 ἀνθρώπων
794 1078 858 1132 ἐκ
897 1078 1032 1133 Θεοῦ
1070 1082 1322 1152 παρέχει,
1359 1082 1585 1147 τελείως
1635 1081 2040 1154 κατεφρονήθη.

455 1169 553 1222 καὶ
587 1171 708 1223 καθ’
733 1171 971 1242 ἑκάστην
991 1172 1288 1226 ἐλάττωσιν
1319 1174 1553 1243 Silam,
1588 1173 1664 1239 ὡς
1703 1174 1900 1247 μικροῦ
1931 1173 2044 1228 δεῖν

455 1261 553 1314 καὶ
587 1263 669 1326 είς
699 1263 940 1334 παντελῆ
971 1265 1178 1334 φθορὰν
1214 1267 1576 1338 καταντῆσαι,
1614 1268 1706 1320 καὶ
1757 1267 1833 1331 ὡς
1886 1266 2040 1320 οὐδὲν

456 1359 793 1431 λογισθῆναι.

528 1455 644 1509 Οὐκ
673 1453 788 1510 ἐστι
816 1457 925 1530 γὰρ
959 1455 1295 1529 ἀναζήτησις
1320 1457 1412 1511 τοῦ
1437 1459 1720 1530 ὀρθοόὗξου
1751 1457 2041 1530 κηρύγμα-

456 1565 568 1611 τος,
603 1546 706 1600 οὐκ
733 1547 885 1601 ἐστιν
915 1549 1104 1618 ἔφεσις
1135 1553 1229 1619 τῆς
1275 1550 1637 1622 καταλήψεως
1673 1551 1890 1615 τούτου,
1921 1551 2040 1604 ἀλλ’

455 1640 532 1703 ὡς
565 1641 624 1693 ἐν
662 1641 844 1694 σκότει
875 1639 1079 1706 πάντες
1126 1643 1316 1713 σχεδὸν
1347 1644 1805 1716 διαπορευόμεθα.
1840 1643 2038 1696 Κινδυ-

455 1732 686 1804 νεύομεν
721 1735 926 1800 πάντες
949 1735 1084 1806 όμοῦ
1107 1736 1221 1790 οἵτε
1252 1738 1346 1791 τοῦ
1377 1739 1769 1809 ἀρχιερατικοῦ
1800 1737 2036 1794 καταλό-

455 1839 575 1890 γου,
609 1825 702 1879 τοῦ
747 1828 1044 1898 μοναχικοῦ
1077 1829 1294 1883 καὶτοῦ
1353 1829 1565 1896 λαῖκοῦ,
1627 1832 1722 1885 καὶ
1778 1833 1859 1896 είς
1907 1831 2036 1902 χάος

457 1916 805 1987 ὲζοφωμὲνον
851 1923 946 1972 καὶ
1007 1920 1206 1991 ἀχανὲς
1260 1924 1867 1995 κατακρημνιζόμεθα’
1924 1924 2040 1994 ήδὲ

455 2007 549 2060 soi:
604 2008 863 2079 ἀληθινοῦ
918 2011 1158 2080 Χριστοῦ
1219 2015 1312 2067 καὶ
1367 2015 1504 2068 Θεοῦ
1561 2017 1718 2086 ἡμῶν
1785 2018 1921 2089 πρὸς
1957 2017 2049 2071 τὸν

455 2096 620 2150 αὑτοῦ
652 2099 872 2170 Πατέρα
901 2101 1250 2172 παράκλησις
1275 2103 1404 2175 ’περὶ¹
1426 2105 1533 2157 τῶν
1558 2107 1896 2171 ἀποστόλων,
1950 2109 2047 2161 καὶ

454 2193 503 2243 σί
530 2191 692 2259 μόνον
737 2196 861 2266 περὶ
894 2196 1004 2248 τῶν
1035 2197 1378 2262 ἀποστόλων,
1418 2199 1555 2254 ἀλλὰ
1615 2201 1712 2253 καὶ
1754 2201 1883 2271 περὶ
1908 2202 2045 2255 πᾶν·

453 2300 564 2337 των
589 2284 699 2340 τῶν
715 2288 1080 2346 πιστευόντων
1103 2293 1181 2355 είς
1206 2293 1414 2345 ἐκεῖνον
1435 2293 1525 2346 διὰ
1541 2292 1636 2347 τοῦ
1659 2293 1822 2362 λόγου
1846 2295 2046 2360 αὐτῶν,

453 2378 746 2447 ἀπρακτεῖ.
793 2381 916 2445 Πῶς
957 2382 1066 2452 γὰρ
1106 2383 1428 2438 πιστεύουσι
1455 2386 1544 2440 διὰ
1577 2387 1673 2439 τοῦ
1725 2387 1884 2456 λόγου
1938 2389 2047 2441 τῶν

453 2471 769 2525 ἀποστόλων
823 2475 903 2537 είς
956 2476 1166 2528 ἐκεῖνον
1215 2477 1270 2529 al
1345 2474 1454 2530 τῶν
1515 2477 1822 2549 ἀνθρώπων
1877 2479 2049 2550 ψυχαὶ

455 2561 730 2617 ὰδίδακτοι
755 2565 848 2618 καὶ
885 2566 1122 2638 ἀμύητοι
1151 2567 1246 2620 τοῦ
1276 2567 1377 2638 τῆς
1415 2569 1697 2636 εὐσεϐείας
1742 2572 2045 2642 μυστηρίου

456 2655 1006 2728 καταλιμπανόμεναι
1035 2677 1051 2727 ;
1076 2659 1152 2723 ὡς
1182 2659 1292 2733 γὰρ
1341 2661 1400 2714 τὸ
1442 2662 1648 2734 κρυῦὲν
1693 2666 1751 2718 ὲν
1785 2663 2042 2733 Εὑαγγε-

454 2747 590 2809 λίοις
645 2749 929 2817 τάλαντον,
985 2751 1127 2805 οὕτω
1184 2753 1368 2823 σχεδὸν
1409 2753 1470 2806 τὸ
1527 2755 1808 2823 ὀρθόδοξον
1864 2755 2044 2824 δόγμα

454 2839 764 2909 κρύπτεται
793 2842 908 2905 νῦν,
947 2845 1042 2897 καὶ⁸
1079 2845 1462 2916 κρυπτόμενον
1521 2839 1625 2899 οὐκ
1668 2846 2042 2916 ἀναζητεῖται,

456 2933 594 2985 ἀλλὰ
625 2933 688 2987 τὸ
724 2933 911 3003 μεῖζον
956 2935 1117 2990 τοῦτο
1165 2937 1276 2989 τῶν
1331 2937 1507 2991 ἄλλων
1571 2939 1828 2992 ἁπάντων
1871 2941 2044 3009 ἀσυγ-

455 3027 678 3096 κρίτως,
713 3027 967 3099 δεύτερον
1016 3029 1168 3099 παρά
1210 3031 1344 3083 πᾶσι
1371 3031 1560 3102 σχεδὸν
1604 3031 1897 3100 λογίζεται.

2147 620 2237 675 nis
2275 623 2442 678 rebus
2467 633 2621 681 vacet
2659 639 2949 698 perpetuo,
2979 629 3103 685 illas
3140 631 3287 686 solas
3325 639 3557 701 quaerat,
3586 633 3730 687 inte-

2149 713 2351 769 riorem
2398 717 2678 774 hominem
2724 721 2973 791 quotidie
3021 731 3284 778 retractet
3338 739 3403 778 ac
3442 733 3728 794 expurget.

2146 805 2274 861 ideo
2305 814 2814 878 praestantissimum
2840 815 2985 872 istud
3011 816 3368 890 divinumque
3395 833 3556 886 opus,
3584 816 3729 886 quod

2145 901 2434 958 animabus
2461 905 2750 962 hominum
2777 924 2844 964 ex
2874 908 2987 963 Deo
3022 911 3230 980 praebet
3252 912 3534 981 pietatem,
3571 910 3732 980 plene

2145 1001 2526 1065 contemptum
2562 997 2692 1065 fuit,
2727 1007 2782 1055 et
2814 1000 3044 1072 singulis
3076 1002 3273 1058 diebus
3307 1001 3732 1057 diminutionem

2146 1083 2347 1156 accipit
2385 1088 2568 1145 :adeo
2597 1098 2656 1145 ut
2699 1100 2914 1148 tantum
2952 1111 3066 1150 non
3109 1095 3176 1150 ad
3211 1094 3575 1150 universalcm
3607 1109 3730 1164 per-

2146 1181 2364 1274 venerit
2395 1181 2854 1253 destruetionem,
2881 1197 3047 1259 atque
3078 1203 3180 1259 pro
3210 1187 3387 1243 nihilo
3418 1194 3728 1257 reputetur.

2215 1442 2438 1500 Scilicet
2485 1447 2650 1516 periit
2676 1449 3001 1504 orthodoxa:
3033 1449 3446 1519 praedicationis
3480 1448 3736 1520 disquisi-

2148 1532 2246 1596 tio,
2275 1550 2385 1589 non
2430 1546 2609 1592 exstat
2636 1541 2878 1610 amplius
2924 1541 3264 1597 desiderium
3297 1541 3446 1596 illius
3481 1556 3736 1610 compre-

2145 1625 2488 1697 hendendae;
2522 1631 2618 1686 sed
2648 1634 2798 1688 velut
2827 1634 2880 1688 in
2916 1635 3163 1689 tenebris
3203 1649 3398 1689 omnes
3425 1633 3542 1689 fere
3587 1635 3740 1688 ince-

2143 1718 2347 1776 dimus.
2381 1722 2579 1779 Cuncti
2611 1727 2777 1781 simul
2820 1727 2878 1782 in
2909 1728 3206 1784 discrimen
3242 1728 3596 1790 adducimur.
3637 1728 3730 1798 qui

2144 1810 2200 1866 in
2227 1829 2460 1871 numero
2481 1831 2775 1875 censemur
2807 1820 3152 1890 pontiﬁcum,
3179 1819 3264 1876 vel
3311 1823 3731 1877 monachorum.

2149 1905 2235 1960 vel
2266 1906 2556 1976 laicorum,
2587 1921 2754 1981 atque
2799 1913 3213 1983 praecipitamur
3250 1914 3305 1968 in
3343 1915 3514 1970 chaos
3539 1915 3740 1971 obscu-

2151 2015 2274 2054 rum
2305 2009 2364 2055 et
2392 2001 2746 2060 immensum.
2779 2006 2902 2060 Veri
2936 2016 3118 2062 autem
3152 2006 3360 2062 Christi
3403 2009 3614 2078 Deique
3644 2023 3744 2063 no-

2150 2094 2251 2148 stri
2297 2095 2366 2150 ad
2405 2094 2622 2155 Patrem
2661 2113 2821 2155 suum
2865 2101 3180 2156 exhortatio
3227 2101 3375 2155 circa
3432 2101 3736 2171 apostolos,

2151 2199 2256 2240 nec
2292 2187 2471 2242 solum
2498 2187 2643 2244 circa
2689 2191 2990 2260 apostolos,
3033 2192 3128 2246 sed
3161 2191 3326 2246 etiam
3366 2192 3514 2247 circa
3545 2207 3737 2245 onmcs

2151 2279 2245 2348 qui
2274 2295 2342 2334 ex
2370 2296 2626 2337 sermone
2659 2283 2878 2338 illorum
2910 2285 3277 2339 crediderunt
3301 2286 3358 2338 in
3392 2299 3543 2347 eum,
3581 2300 3740 2339 cassa

2152 2381 2358 2428 manet.
2395 2373 2510 2440 Qua
2547 2375 2696 2429 enim
2732 2377 2950 2432 ratione
2977 2393 3076 2446 per
3121 2377 3496 2447 apostolorum
3528 2391 3739 2431 sermo-

2149 2481 2278 2520 nem
2305 2467 2538 2522 credant
2577 2469 2632 2522 in
2677 2469 2832 2523 illum
2870 2471 3065 2524 anima:
3098 2470 3412 2535 hominum,
3457 2484 3582 2539 quae
3609 2483 3737 2537 erga

2153 2559 2374 2628 pietatis
2402 2562 2724 2632 mysterium
2754 2565 3146 2633 relinquuntur
3171 2563 3382 2632 absque
3400 2538 3652 2616 doctrhna
3685 2570 3741 2614 et

2150 2650 2500 2706 initiatione?
2551 2643 2764 2724 Quippe
2827 2655 3002 2710 instar
3057 2654 3365 2710 abseonditi
3427 2653 3734 2723 evangelici

2152 2744 2298 2798 illius
2345 2745 2536 2800 talenti
2569 2747 2612 2812 ³,
2664 2746 2739 2800 ita
2775 2747 2893 2802 fere
2939 2763 3092 2802 nunc
3126 2749 3498 2802 orthodoxum
3540 2747 3740 2817 dogma

2148 2837 2548 2904 absconditur;
2604 2839 2991 2894 absconditum
3037 2855 3192 2906 vero,
3244 2857 3355 2895 non
3397 2840 3736 2910 requiritur;

2147 2929 2244 2983 sed
2298 2929 2404 2983 hoc
2461 2930 2608 3000 quod
2660 2933 2875 2986 caeteris
2917 2932 3178 2986 omnibus
3229 2932 3742 3002 incomparabiliter

2149 3023 2327 3091 majus
2356 3032 2461 3087 est,
2506 3023 2811 3078 secundum
2858 3040 2890 3078 a
2918 3026 3134 3079 cunctis
3183 3026 3581 3095 propemodum
3616 3040 3738 3080 esse

2146 3125 2516 3169 exrstunatur.

525 3210 636 3263 Καὶ
681 3211 790 3282 γὰρ
829 3211 926 3264 ἐάν
950 3228 1034 3276 τις
1083 3213 1409 3283 ἀτιμότερόν
1460 3232 1514 3267 τι
1567 3216 1661 3269 καὶ
1708 3215 1934 3286 ἔσχατον
1966 3210 2041 3271 ὧν

2218 3206 2434 3260 Etenim
2461 3207 2504 3260 si
2537 3208 2662 3277 quis
2695 3208 2859 3263 vilius
2885 3209 3138 3264 nonnihil
3182 3225 3244 3266 ac
3267 3219 3605 3280 postremum
3639 3227 3737 3266 co-

455 3301 570 3372 ἔχει
603 3303 870 3374 ἀπολέσῃ,
909 3303 1112 3374 πολλὴν
1137 3305 1236 3375 τὴν
1261 3306 1599 3378 ἀναζήτησιν
1649 3311 1888 3362 ποιεῖται
1947 3309 2042 3362 καὶ

454 3396 552 3464 τὴν
577 3393 826 3466 ἔρευναν,
878 3395 971 3447 καὶ
1021 3395 1213 3463 φίλους
1267 3396 1532 3465 συγκαλεί
1583 3398 1720 3468 πρὸς
1763 3398 2040 3469 βοήθειαν,

456 3487 542 3538 ἵνα
574 3487 636 3539 τὸ
671 3485 1039 3554 ἀπολλύμενον
1071 3485 1230 3558 εὕρῃ,
1274 3487 1370 3540 καὶ
1426 3485 1606 3560 εὑρὼν
1659 3487 1792 3540 αὐτὸ
1839 3487 2050 3559 χαίρει.-

454 3579 627 3632 Τοῦτο
659 3579 715 3631 δὲ
740 3579 800 3632 τὸ
825 3579 1082 3648 μέγιστον
1119 3583 1330 3649 χρῆμα,
1363 3580 1427 3632 τδ
1454 3583 1554 3649 τῆς
1601 3580 1889 3645 εὐσεϐείας
1945 3581 2042 3654 δη-

453 3669 630 3722 λονότι.
672 3669 998 3740 μυστήριον,
1039 3669 1066 3720 ὃ
1093 3669 1256 3732 αὐτὸς
1290 3672 1318 3721 ὁ
1357 3668 1614 3738 ἀληθινὸς
1663 3671 1900 3741 Χριστὸς
1948 3673 2042 3725 καὶ

453 3757 585 3821 θεὸς
618 3757 778 3829 ἡμῶν
835 3760 952 3821 τοῖς
1009 3757 1163 3821 ἰδίοις
1219 3748 1508 3829 παρέδωκε
1543 3760 1837 3831 μαθηταῖς,
1868 3761 2042 3830 λέγων

453 3853 671 3914 αὐτοίςξ
695 3849 1096 3918 Πορευθέντες
1117 3853 1534 3921 μαθητεύσατε
1555 3853 1754 3907 πάντα
1776 3855 1848 3908 τὰ
1870 3855 2038 3922 ἔθνη,

453 3946 546 3997 καὶ
595 3944 664 3998 τὰ
723 3942 850 4013 ἑξῆς
884 3961 897 3975 ο
959 3944 1350 4014 ἀπολλύμενον,
1406 3946 1460 3998 τί
1502 3947 1602 3999 οὐκ
1656 3947 2042 4018 ἀναζητοῦιμεν

457 4036 596 4103 μετά
626 4037 865 4107 σπουδῆς
897 4037 1348 4108 ὑπερϐαλλούσης
1384 4039 1478 4092 καὶ
1503 4038 1738 4110 ζεούσης
1769 4041 2035 4111 καρδίας;

453 4131 618 4184 αὑτοῦ
682 4129 792 4200 γὰρ
852 4129 948 4183 τοῦ
1003 4130 1259 4198 ἀληθινοῦ
1311 4130 1551 4200 Χριστοῦ
1582 4131 1677 4184 καὶ
1716 4131 1854 4187 Θεοῦ
1882 4134 2039 4203 ήμῶν

451 4223 852 4296 ὑστερούμεθα,
877 4225 926 4275 εί
957 4222 1052 4274 τοῦ
1084 4224 1179 4291 τῆς
1208 4223 1494 4285 εὐσεϐείας
1521 4224 1827 4294 μυστηρίου
1861 4243 2039 4280 κατα-

453 4317 799 4386 φρονήσομεν
824 4331 839 4344 ⁸
876 4315 971 4367 καὶ
997 4315 1118 4384 οὐχὶ
1145 4315 1348 4376 πάντες
1388 4315 1524 4379 ὁμοῦ
1559 4315 1767 4386 σπουδῇ
1797 4318 2033 4390 μεγίστῃ

451 4409 551 4474 τὴν
577 4409 915 4478 ἀναζήτησιν
944 4407 1111 4462 αὐτοῦ
1140 4407 1502 4478 ποιησόμεθα,
1549 4409 1762 4480 δάκρυα
1819 4414 2035 4482 χέοντες

451 4501 511 4566 ἐξ
538 4502 804 4572 ὀδυνηρᾶς
841 4491 1116 4572 ’καρδίας,
1168 4501 1262 4554 καὶ
1317 4503 1409 4555 τὸν
1453 4501 1587 4556 Θεὸν
1633 4501 2032 4574 ἐξαιτούμενοι,

2152 3313 2274 3352 rum
2309 3314 2432 3367 quae
2469 3300 2722 3368 possidet
2771 3302 3101 3370 perdiderit,
3155 3303 3382 3356 multam
3423 3303 3735 3373 indagatio-

2149 3407 2274 3447 nem
2306 3392 2437 3447 facit
2458 3401 2514 3446 ct
2538 3393 2956 3459 scrutationem,
2983 3395 3192 3450 amicos
3212 3405 3478 3451 convocat
3501 3395 3554 3450 in
3579 3395 3736 3450 auxi-

2146 3483 2306 3549 lium,
2345 3500 2456 3555 quo
2492 3487 2755 3542 amissum
2800 3496 3123 3558 rccuperct:
3158 3503 3394 3558 cumque
3441 3489 3736 3556 invenerit,

2147 3577 2387 3632 laetatur.
2419 3577 2571 3634 Hanc
2611 3595 2742 3635 vero
2775 3581 3069 3635 maximam
3104 3597 3248 3643 rem,
3282 3581 3507 3651 pietatis
3536 3581 3736 3637 videli-

2150 3679 2240 3725 cet
2279 3671 2627 3738 mysterium,
2674 3673 2821 3742 (μιθιί
2853 3673 2971 3742 ipse
3010 3690 3179 3729 verus
3205 3675 3463 3729 Christus
3501 3683 3556 3729 et
3591 3676 3737 3730 Deus

2147 3772 2360 3826 noster,
2377 3765 2496 3820 suis
2523 3765 3058 3835 tradidit'apostolis,
3081 3767 3274 3822 dicens
3299 3768 3365 3821 ad
3393 3768 3556 3823 eos‘:
3583 3767 3735 3823 Eun-

2148 3865 2245 3922 tes,
2285 3858 2465 3911 docete
2488 3874 2664 3910 ontncs
2689 3870 2887 3928 gentes,
2924 3869 2982 3913 et
3011 3859 3258 3928 reliqua;
3293 3869 3583 3930 postquam
3611 3877 3738 3930 per-

2145 3951 2408 4010 didimus,
2432 3967 2606 4020 quare
2628 3967 2737 4005 non
2773 3951 3170 4021 investigamus
3200 3967 3327 4006 cum
3369 3969 3587 4008 summo
3611 3963 3734 4008 stu-

2145 4043 2260 4110 dio,
2315 4059 2438 4098 cum
2494 4045 2662 4099 corde
2711 4043 2988 4098 ferventi?
3032 4045 3139 4113 ipsi
3173 4045 3457 4100 enimvero
3509 4046 3734 4103 Christo

2144 4135 2368 4203 Deoque
2401 4143 2592 4188 nostro
2623 4134 2990 4203 privabimur,
3020 4135 3064 4190 si
3097 4135 3600 4206 contempserimus
3621 4154 3736 4209 my-

2143 4227 2377 4283 sterium
2412 4228 2668 4298 pietatis;
2700 4227 2745 4282 si
2780 4243 2889 4281 non
2915 4242 3112 4284 omnes
3140 4228 3306 4283 simul
3334 4229 3570 4283 maxima
3597 4245 3731 4284 cura

2143 4320 2286 4375 iliud'
2329 4319 2816 4389 conquisierimur,
2869 4319 3008 4375 fusis
3060 4320 3321 4392 lacrymis
3364 4337 3393 4375 e
3425 4321 3594 4375 corde
3631 4321 3733 4376 do-

2141 4411 2297 4477 lenti,
2331 4427 2546 4466 necnon
2575 4412 2852 4481 deprecati
2887 4411 3081 4476 Deum,
3111 4421 3179 4466 nt‘
3206 4414 3298 4467 ille
3330 4413 3529 4468 iterum
3557 4429 3730 4482 appa-

2141 4513 2258 4558 reat
2284 4502 2486 4580 mentis
2526 4511 2727 4557 nostrae
2759 4503 2954 4558 oculis.
2994 4504 3173 4558 Simul
3207 4503 3356 4558 enim
3391 4520 3456 4560 ac
3489 4505 3733 4559 volueri-

450 4595 537 4647 ἵνα
586 4596 798 4656 ἐκεῖνος
855 4595 1018 4648 πάλιν
1098 4595 1388 4666 φανερωθῇ
1433 4597 1546 4658 τοῖς
1614 4599 1823 4665 νοητοῖς
1879 4598 2036 4666 ἡμῶν

2145 4612 2288 4663 mus,
2338 4596 2614 4652 efﬁcietur
2658 4597 2781 4652 hoc.
2831 4597 2984 4651 Adeo
3015 4598 3287 4667 benignus
3329 4607 3381 4652 et
3416 4598 3732 4653 misericors

448 4687 774 4756 ὀφθαλμοῖς.
812 4685 965 4754 ’Ἅμα
989 4687 1100 4756 γὰρ
1129 4686 1209 4755 τῷ
1247 4684 1474 4757 θελῆσαι
1537 4689 1704 4757 ἡμᾶς,
1743 4690 2036 4760 γενήσεται

447 4782 627 4835 τοῦτο.
677 4779 867 4844 Οὕτως
909 4783 1024 4834 ἐστὶ
1077 4779 1462 4852 φιλάνθρωπος
1525 4785 1620 4837 καὶ
1645 4783 1895 4854 ἐλεήμων
1941 4785 2038 4838 καὶ

445 4874 544 4945 τὴν
580 4875 859 4945 σωτηρίαν
891 4872 1049 4945 ήμῶν
1078 4873 1270 4943 διψῶν,
1298 4874 1439 4927 ὥστε
1480 4875 1542 4928 οὑ
1589 4875 1809 4945 μακρὰν
1875 4877 2034 4948 ἡμῶν

441 4961 617 5031 ἐστιν,
683 4969 802 5024 ἀλλ’
869 4969 1058 5038 ἐγγύς.
1111 4969 1354 5039 Πάρεστι
1411 4969 1556 5039 γὰρ,
1615 4970 1711 5022 καὶ
1773 4969 2039 5041 ἀναζητεῖ

2139 4697 2246 4752 cst,
2305 4689 2445 4745 adeo
2491 4687 2611 4743 sitit
2641 4697 2883 4742 nostram
2922 4687 3181 4748 salutem.
3217 4695 3278 4740 ut
3327 4701 3436 4741 non
3474 4687 3666 4756 procul
3699 4704 3730 4742 a

2143 4783 2302 4839 nobis
2323 4783 2414 4847 sit,
2450 4781 2546 4836 sed
2577 4797 2747 4850 prope
2791 4795 2911 4834 nos.
2960 4779 3132 4834 Adest
3176 4779 3401 4848 quippe,
3447 4788 3506 4833 et
3535 4780 3733 4848 quaerit

2141 4893 2275 4941 nos;
2307 4876 2450 4930 sicut
2477 4874 2716 4943 ipsemet
2745 4872 2884 4928 dixit
2912 4873 2934 4904 ⁸
2971 4890 2984 4926 :
3024 4872 3265 4942 Regnum
3303 4871 3552 4925 caelorum
3585 4873 3733 4926 intra

2143 4987 2232 5024 vos
2253 4976 2354 5034 est;
2385 4967 2548 5021 modo
2581 4981 2684 5020 nos
2716 4965 2879 5020 etiam
2913 4964 3166 5019 velimus.

446 5065 616 5132 ἡμᾶς,
645 5062 832 5127 καθὼς
860 5061 1023 5125 αὐτὸς
1043 5057 1223 5129 εἶπεν,
1253 5063 1334 5116 ὅτι
1379 5061 1446 5119 Ἦ
1461 5062 1755 5127 ,ϐασιλεία
1785 5062 1904 5118 τῶν
1932 5064 2209 5135 οὐρανῶν
2263 5061 2363 5116 καί
2395 5060 2570 5127 ἐντὸς
2629 5057 2797 5128 ὑμῶν
2853 5058 3045 5122 ἐστιν,
3088 5058 3185 5111 ἐὰν
3247 5059 3342 5110 καὶ
3381 5059 3543 5129 ἡμεῖς
3603 5057 3731 5129 βου-

443 5155 692 5223 λώμεθα.

518 5246 643 5309 Πῶς
674 5247 730 5299 δὲ
758 5249 1053 5316 γενήσεται
1083 5247 1115 5317 ἡ
1156 5245 1446 5318 διόρθωσις
1501 5249 1602 5319 τῆς
1657 5250 2044 5321 ἐκκλησιαστι-

447 5339 552 5409 κῆς
579 5340 971 5402 καταστάσεως
991 5356 1013 5402 ;,
1041 5340 1102 5391 Οἱ
1127 5339 1406 5408 ἐμϐαθμοι
1431 5341 1687 5410 κληρικοὶ
1718 5342 1818 5410 τῆς
1846 5342 2038 5409 Μεγά-

446 5431 545 5502 λης
586 5431 916 5500 Ἐκκληοῐας
943 5433 1080 5484 εἰσὶν
1101 5431 1489 5502 εὐαρίθμητοι,
1519 5434 1571 5485 οῖ
1595 5451 1739 5496 τινες
1754 5433 1850 5488 καὶ
1876 5435 2044 5506 ῥὸγας

447 5523 1016 5593 ).αμ6άνουσιν.οίδὲ
1071 5524 1346 5596 περισσοὶ,
1401 5527 1892 5596 ἀπογεγραμμένοι
1943 5527 2043 5596 μὲν

445 5617 778 5688 ὑπάρχουσι,
812 5617 905 5670 καὶ
929 5617 1242 5672 δουλεύουσι
1274 5620 1338 5688 τῇ
1379 5617 1700 5690 Ἐκκλησία,
1729 5619 1789 5671 οὐ
1820 5617 2038 5687 λαμϐά-

447 5727 602 5777 νουσι
628 5710 687 5763 δέ
709 5727 785 5772 τι,
813 5709 931 5763 ἀλλ’
964 5709 1141 5764 ἐλπίδι
1181 5711 1274 5764 καὶ
1309 5711 1448 5781 μόνῃ
1495 5711 1790 5779 τρέφονται
1839 5727 2042 5782 προκο-

525 5891 549 5928 ³
582 5895 778 5953 Matth.
818 5915 943 5967 xxv,
978 5898 1062 5956 l8.
1145 5900 1160 5932 ⁸
1193 5899 1387 5956 Matth.
1419 5918 1605 5970 xxviii,
1640 5903 1724 5957 lt).

2208 5250 2479 5306 Caeterum
2508 5262 2619 5318 quo
2662 5256 2824 5316 pacto
2856 5245 3179 5300 instituetur
3217 5244 3575 5300 ecclesiastici
3623 5255 3706 5300 sta

2137 5351 2227 5398 tus
2276 5341 2586 5396 correctio?
2625 5338 2904 5396 Ordinarii
2951 5337 3141 5394 clerici
3186 5337 3393 5409 Magna:
3445 5337 3730 5399 Ecclesiae.

2138 5443 2299 5488 certo
2319 5447 2552 5486 numero
2584 5439 2734 5495 sunt,
2771 5430 2867 5501 qui
2897 5438 2953 5484 et
2982 5428 3268 5499 accipiunt
3301 5444 3457 5499 roga:
3507 5427 3732 5481 Qedun-

2140 5527 2334 5582 dantes
2372 5539 2524 5588 vero,
2568 5523 2868 5593 conscripti
2902 5521 3128 5592 quidem
3171 5521 3417 5582 fuerunt,
3444 5518 3729 5572 serviunt-

2139 5636 2246 5689 que
2285 5617 2566 5679 Ecclesize,
2614 5616 2752 5670 nihil
2791 5624 2973 5669 tamen
3020 5613 3316 5682 accipiunt,
3371 5625 3563 5663 verum
3609 5610 3728 5664 sola

2139 5711 2364 5765 aluntur
2402 5725 2502 5780 spe
2546 5707 2966 5780 progressionis.
2997 5706 3076 5760 Ac
3107 5704 3236 5758 licet
3280 5699 3522 5756 universi
3571 5701 3729 5756 testi»

1807 5905 1822 5932 ⁵
1857 5901 1990 5955 Luc.
2030 5913 2163 5966 xm,
2194 5898 2282 5952 2i.
