4064 6484
307 404 414 475 951

1655 411 1922 472 ALEXII
1964 411 2314 478 COMNENI

3502 406 3615 472 952

309 534 397 575 mo
410 519 560 575 aium
588 519 881 576 retulerint
907 520 1052 590 quod
1073 519 1223 592 digni
1243 528 1430 577 essent
1449 521 1698 592 quolibet
1728 538 1909 577 sacer-

2028 529 2140 596 τῆς.
2171 527 2284 580 Καὶ
2311 527 2360 582 εξ
2383 528 2474 582 καὶ
2498 527 2701 589 πάντες
2728 525 2869 592 ἄξιοι
2895 522 3078 590 πάσης
3103 517 3403 591 ἱερωσύνης
3425 519 3606 589 ἐμαρ-

312 613 491 678 dolio,
550 629 738 668 revera
797 623 980 668 tamen
1035 614 1288 669 nonnulli
1331 623 1440 670 tam
1491 616 1902 671 ordinariorum

311 723 479 776 quam
516 706 942 761 redundantium
986 705 1127 762 forte
1160 708 1296 762 tales
1335 724 1444 764 non
1487 718 1617 765 sunt
1651 727 1663 763 :
1713 709 1809 765 sed
1845 718 1906 763 ut

313 802 501 853 forsan
529 799 636 852 vita
669 807 940 853 ornentur
965 799 1176 871 proba;
1212 801 1676 872 quemadmodum
1710 812 1906 860 tenen-

318 903 410 948 tur
443 891 748 947 Christiani
778 908 996 960 omnes,
1023 909 1248 950 servare
1286 895 1543 951 mandata
1579 896 1698 962 Dei,
1729 897 1905 952 multo

315 982 488 1052 magis
509 981 650 1036 sacri
674 983 891 1038 ordinis
914 984 1198 1050 homines;
1221 1002 1403 1042 sermo
1433 997 1613 1043 tamen
1638 987 1906 1043 doctrina:

316 1092 348 1128 ιι
378 1074 566 1129 multis
601 1075 779 1131 abest.
799 1077 878 1132 Ac
909 1079 1099 1133 nescio
1123 1095 1190 1134 an
1225 1080 1278 1134 in
1307 1090 1649 1137 sacratorum
1671 1083 1904 1154 quibus-

317 1165 444 1221 dam
486 1166 593 1222 hoc
618 1183 841 1239 quoque
872 1185 982 1225 non
1019 1170 1490 1240 deprehendetur.

385 1346 490 1415 Qui
519 1363 654 1418 ergo
679 1349 893 1419 praediti
926 1360 1056 1407 sunt
1089 1352 1354 1410 laudabili
1383 1353 1516 1418 vita,
1565 1371 1778 1411 necnon
1810 1357 1907 1412 do-

316 1439 482 1495 cendi
505 1441 760 1512 peritiam
793 1441 1020 1508 habent,
1061 1444 1331 1500 ordinarii
1369 1446 1578 1516 pariter
1605 1463 1670 1503 ac
1703 1448 1909 1504 redun-

317 1533 546 1602 dantes,
595 1535 1046 1606 quandoquidem
1081 1546 1138 1594 et
1179 1537 1237 1592 hi
1269 1550 1324 1594 et
1368 1539 1446 1593 illi
1474 1539 1906 1596 ecclesiasticum

318 1625 689 1682 ministerium
720 1627 1033 1698 complent;
1057 1629 1224 1684 etiam
1263 1630 1642 1700 provehantur
1675 1632 1740 1686 ad
1774 1647 1910 1701 pon-

319 1718 611 1782 tiﬁcatum,
643 1719 712 1774 ad
746 1719 925 1776 oﬂieia
970 1736 1036 1776 ac
1067 1721 1388 1792 dignitates,
1434 1723 1644 1793 absque
1673 1724 1910 1793 impedi-

316 1820 528 1874 mento,
553 1821 613 1866 ut
643 1811 882 1868 dicetur.
909 1813 1134 1883 Reliqui
1168 1830 1320 1879 vero,
1348 1830 1471 1869 cum
1503 1815 1908 1886 quamplurima

317 1922 449 1961 cura
483 1907 844 1963 eonnitantur
867 1908 934 1964 ad
960 1909 1128 1964 vitam
1163 1911 1218 1964 in
1253 1911 1451 1965 melius
1482 1909 1825 1980 dirigendam
1855 1921 1910 1964 et

318 1999 387 2054 ad
428 2001 822 2071 acquirendam
871 2002 1107 2058 docendi
1149 2003 1466 2058 facultatem
1495 2045 1510 2070 .
1565 2011 1806 2074 tuncque
1853 2003 1907 2058 in

319 2093 699 2149 ecclesiastico
752 2095 948 2150 ordine
1003 2095 1224 2150 illorum
1269 2096 1504 2166 quisque
1553 2111 1908 2168 progressum

321 2186 507 2246 faciat.
535 2187 760 2257 quando
797 2188 977 2258 ipsum
1012 2203 1073 2243 se
1103 2189 1157 2242 in
1190 2198 1426 2259 utroque
1468 2189 1692 2261 dignum
1723 2189 1912 2245 reddi-

323 2279 487 2334 derit.
544 2280 807 2346 Quamvis
864 2281 1016 2335 enim
1070 2296 1169 2350 per
1231 2281 1669 2338 testiﬁcationem
1731 2283 1913 2338 dictus

323 2371 496 2426 fuerit
541 2372 743 2442 dignus
775 2373 974 2443 quovis
1015 2375 1348 2440 sacerdotio,
1382 2376 1617 2448 ideoque
1653 2379 1915 2434 Ecclesia:

324 2465 496 2520 fuerit
522 2476 878 2522 consecratus
904 2506 919 2531 ,
948 2478 1331 2526 verumtamen
1358 2470 1494 2526 l‘also
1524 2472 1746 2542 quidem
1787 2473 1914 2529 testi

326 2557 488 2628 culpa
540 2565 898 2629 aspergetur;
962 2559 1279 2630 hujusmodi
1351 2577 1483 2617 vero
1538 2564 1914 2618 testimonium

325 2651 536 2706 carenti
564 2667 823 2707 sermone
839 2652 1110 2709 doctrina:
1137 2653 1356 2724 vitaque
1381 2655 1770 2726 irreprehensa
1796 2656 1917 2710 nul-

327 2743 545 2800 latenus
577 2746 846 2815 proderit,
901 2755 960 2800 ut
987 2747 1053 2801 ad
1090 2748 1351 2818 majorem
1407 2749 1638 2819 gradum
1693 2764 1918 2819 promo-

327 2847 546 2893 veatur.
576 2838 711 2892 Nam
741 2838 993 2894 doctrina
1025 2838 1350 2896 destitutum
1380 2857 1733 2912 nequaquam
1756 2842 1918 2912 juva-

327 2931 412 2986 bit
437 2932 661 2986 testatio
695 2931 865 2996 illius,
895 2931 990 3003 qui
1017 2931 1084 2987 de
1110 2933 1376 2990 doctrinae
1393 2936 1442 2990 vi
1477 2936 1669 3012 ignaro
1691 2941 1919 2988 attesta-

331 3035 423 3080 tus
450 3033 554 3090 est,
583 3040 764 3095 neque
789 3025 1169 3082 testimonium
1202 3027 1404 3099 adepto
1431 3028 1666 3084 sulliciet
1695 3027 1764 3082 ad
1790 3041 1919 3082 sus-

326 3116 643 3186 cipiendum
678 3117 924 3175 doctoris
952 3118 1204 3189 gradum.

401 3297 543 3365 Quid
568 3314 702 3369 ergo
743 3299 810 3355 de
841 3300 927 3354 his
948 3298 1204 3369 disponet
1244 3309 1597 3356 sacrosancta
1637 3299 1918 3371 synodus?

329 3389 512 3447 Eosne
546 3391 750 3461 quibus
798 3406 910 3445 non
954 3391 1096 3446 bene
1145 3391 1526 3448 teatimonium
1575 3392 1762 3446 datum
1813 3393 1919 3447 l'uit

328 3483 590 3553 expellet,
635 3497 1089 3552 unumquemque
1133 3498 1164 3538 e
1195 3484 1370 3554 gradu
1420 3500 1584 3554 quem
1637 3484 1919 3541 obtinuit?

331 3576 441 3630 Sed
471 3575 581 3631 hoc
623 3575 872 3631 dolorem
908 3577 1205 3632 allaturum
1241 3586 1326 3633 est
1366 3594 1561 3634 eorum
1597 3579 1796 3635 animis
1822 3581 1917 3650 qui

325 3669 440 3740 jam
477 3668 786 3723 consecrati
808 3677 937 3724 sunt
969 3671 1331 3726 sanctissima:
1369 3671 1466 3727 Dei
1498 3672 1780 3727 Ecclesiae.
1807 3673 1921 3728 Ad-

333 3760 516 3816 mittat
548 3761 714 3832 igitur
757 3776 912 3817 saera
945 3771 1002 3817 et
1030 3772 1218 3818 saneta
1261 3763 1524 3834 synodus,
1556 3781 1620 3821 ac
1652 3781 1764 3837 pra:
1787 3780 1924 3821 cun-

335 3854 442 3911 ctis
477 3856 746 3911 sanctitas
780 3865 894 3920 tua,
920 3857 993 3912 mi
1023 3857 1246 3913 domine
1280 3858 1648 3924 sanctissime,
1678 3875 1926 3915 commu-

333 3949 420 4003 nis
447 3949 925 4020 Paterdoctorque
949 3951 1450 4021 orbis,promptum
1469 3952 1712 4007 animum
1729 3968 1923 4008 eorum

336 4041 435 4110 qui
459 4042 571 4112 jam
604 4043 802 4097 sacrati
827 4052 979 4108 sunt,
1018 4053 1073 4099 et
1113 4046 1450 4100 voluntatem
1487 4062 1651 4116 quam
1697 4046 1924 4113 habent,

335 4151 401 4189 ex
441 4144 553 4190 tota
582 4137 766 4191 anima
792 4137 1148 4192 ministrandi
1191 4147 1393 4193 sancta:
1427 4140 1721 4205 Ecclesiae;
1763 4150 1927 4210 atque

337 4229 485 4297 quod
521 4230 658 4299 ipsis
683 4229 864 4293 deest,
886 4231 1211 4300 suppleatur
1234 4249 1332 4302 per
1355 4244 1501 4288 tuam
1550 4235 1926 4300 sanctitatem,

337 4337 461 4392 quae
489 4322 736 4376 studium
773 4339 1116 4393 exsuperans
1143 4325 1415 4380 ostendat.
1462 4326 1787 4397 Hujnsmodi
1834 4344 1932 4382 au-

343 4423 452 4468 tem
485 4414 558 4467 sit
596 4413 841 4470 studium
873 4425 929 4471 ct
953 4432 1083 4472 cura
1117 4418 1378 4487 praeclare
1406 4418 1690 4489 disposita:
1723 4421 1930 4476 sancti-

343 4506 470 4560 tatis
516 4515 643 4572 tuaa,
684 4507 812 4562 boni
841 4524 1005 4578 supra
1037 4518 1266 4565 caeteros
1303 4513 1535 4580 cupidze.

2015 620 2357 690 τυρήθησαν,
2391 620 2508 674 ἀλλ’
2531 620 2681 691 ἔργῳ
2715 618 2808 672 καὶ
2838 615 3071 687 ἀληθείᾳ
3092 613 3235 676 τινὲς
3254 613 3365 666 τῶν
3392 627 3453 665 τε
3510 614 3612 682 ἑμ-

2015 711 2266 782 6άθμων,
2299 713 2395 767 καὶ
2431 713 2538 766 τῶν
2566 711 2843 784 περισσῶν
2879 711 3010 773 ἴσως
3029 707 3260 762 τοιοῦτοι
3290 703 3391 758 οῦκ
3420 707 3562 758 εἰσιν
3591 719 3607 734 ·

2017 800 2155 855 ἀλλὰ
2212 801 2304 856 τὸν
2349 801 2451 873 μὲν
2497 803 2758 874 ἐνάρετον
2816 802 2929 872 βίον
2989 802 3119 863 ἴσως
3156 799 3245 852 ἵνα
3276 797 3496 869 ἔχωσιν,
3535 796 3612 859 ὡς

2016 892 2370 963 ὀφειλόμενον
2404 896 2541 948 πᾶσι
2572 895 2688 956 τοῖς
2748 894 3102 964 Χριστιανοῖς
3160 890 3452 960 φυλάττειν
3510 886 3614 949 τὰς

2016 985 2240 1048 ἐντολὰς
2273 985 2368 1039 τοῦ
2387 985 2552 1050 Θεοῦ,
2580 989 2674 1040 καὶ
2705 986 2906 1057 μᾶλλον
2936 987 3049 1049 τοῖς
3087 983 3444 1054 ἱερωμένοις,
3474 980 3615 1034 ἀλλά

2012 1094 2074 1142 γε
2103 1078 2132 1130 ὁ
2160 1077 2546 1140 διδασκαλικὸς
2581 1077 2741 1146 λόγος
2778 1077 2880 1130 οὐκ
2905 1076 3021 1129 ἐστι
3053 1074 3207 1146 παρὰ
3231 1077 3346 1137 τοῖς
3371 1072 3609 1135 πολλοῖς.

2020 1171 2131 1223 Καὶ
2165 1171 2296 1234 ἴσως
2325 1169 2484 1224 τοῦτο
2532 1171 2628 1224 καὶ
2660 1171 2754 1224 ἐπὶ
2793 1169 2907 1224 τισὶ
2941 1167 3050 1222 τῶν
3084 1166 3402 1239 ἱερωμένων
3453 1164 3602 1234 εὑρε-

2019 1262 2268 1326 θήσεται.

2090 1356 2155 1410 Οἱ
2187 1357 2288 1426 μὲν
2319 1355 2412 1410 οὖν
2442 1357 2658 1426 ἔχοντες
2682 1356 2778 1410 καὶ
2813 1354 2904 1408 τὸν
2932 1353 3218 1409 ἐπαινετὸν
3253 1354 3370 1425 βίον
3399 1351 3494 1405 καὶ
3521 1351 3614 1405 τὸν

2017 1447 2400 1502 διδασκαλικὸν
2428 1449 2609 1518 λόγον,
2645 1447 2923 1519 εμὸαθμοί
2950 1465 3008 1501 τε
3033 1448 3234 1517 ὁμοίως
3263 1447 3359 1500 καὶ
3415 1461 3612 1513 περισ-

2019 1540 2125 1605 σοὶ,
2186 1541 2311 1594 ἐπεὶ
2378 1541 2474 1595 καὶ
2536 1535 2685 1594 οὗτοι
2730 1541 2974 1594 κάκεῖνοι
3017 1540 3115 1610 τὴν
3148 1536 3613 1607 ὲκκλησιαστικὴν

2018 1632 2326 1702 ὑπηρεσίαν
2356 1631 2650 1703 πληροῦσι,
2692 1633 2787 1685 καὶ
2818 1631 3283 1701 προκοπτέτωσαν
3317 1629 3396 1692 εἷς
3418 1645 3477 1680 τε
3510 1627 3613 1696 τὴν

2019 1725 2436 1796 ἀρχιερωσύνην
2468 1726 2562 1780 καὶ
2589 1724 2658 1780 τὰ
2684 1724 3031 1795 ἀρκοντεκια,
3057 1720 3244 1784 καθὼς
3302 1720 3613 1790 εἰρήσεται,

2019 1817 2336 1882 ἀκωλύτως.
2366 1820 2430 1872 Οἱ
2457 1820 2513 1872 δέ
2545 1836 2608 1887 γε
2637 1817 2841 1880 λοιποὶ,
2863 1815 3326 1885 ἀγωνιζέσθωσαν
3353 1811 3473 1882 μετ’
3492 1814 3616 1864 ὲπι-

1948 1889 1988 1942 Β
2021 1912 2245 1980 μελείας
2282 1914 2364 1966 ὅτι
2401 1913 2627 1983 πολλῆς,
2655 1913 2743 1965 ἵνα
2761 1910 2858 1964 καὶ
2878 1911 2969 1963 τὸν
3003 1908 3118 1978 βίον
3151 1907 3244 1960 ἐπὶ
3265 1906 3325 1958 τὸ
3359 1907 3615 1976 κρεῖττον

2019 2006 2453 2076 ρυθμίζωσι,καὶ
2481 2007 2570 2060 τὸν
2597 2002 2982 2060 διδασκαλικὸν
3009 2003 3166 2068 λόγον
3189 1999 3574 2070 καρπίζωνται
3601 2014 3614 2029 ·

2017 2096 2138 2150 τότε
2175 2097 2230 2150 δὲ
2251 2099 2351 2168 τῆς
2375 2100 2432 2152 ἐν
2449 2101 2516 2170 τῇ
2538 2097 2968 2167 ὲκκλητιαστικῇ
2991 2093 3141 2158 τάξει
3165 2091 3455 2163 προκοπῆς
3479 2106 3615 2156 τυγ·

2019 2195 2336 2257 χανέτωσαν
2362 2193 2595 2253 ἕκαστος
2627 2189 2858 2254 τούτων,
2879 2187 2968 2240 ὅτε
2994 2186 3144 2250 ἄξιον
3177 2183 3300 2237 κατ’
3329 2182 3617 2251 ἀμφότερα

2019 2290 2214 2347 ἑαυτὸν
2247 2285 2644 2357 ἀπεργάσεται.
2684 2283 2747 2336 Εἰ
2776 2283 2885 2352 γὰρ
2918 2280 3016 2334 καὶ
3071 2275 3432 2348 ἐμαρτυρήθη
3468 2273 3616 2338 ἄξιος

2019 2388 2203 2456 πάσης
2229 2381 2557 2454 ἱερωσύνης,
2592 2378 2687 2430 καὶ
2716 2375 2804 2428 διὰ
2833 2373 2992 2428 τοῦτο
3023 2375 3086 2443 τῇ
3113 2370 3417 2440 Ἐκκλησία
3445 2383 3617 2438 προσ-

2025 2478 2250 2549 ιερώθη,
2294 2472 2432 2529 ἀλλὰ
2476 2470 2556 2542 τῷ
2585 2469 2684 2541 μὲν
2717 2467 2928 2538 ψευδῶς
2953 2465 3374 2537 μαρτυρήσαντι
3408 2459 3618 2532 μέμψις

2025 2569 2533 2644 προστριϐήσεται·
2576 2564 2610 2633 ἡ
2657 2561 2714 2615 δὲ
2776 2557 3005 2626 τοιαύτη
3072 2555 3349 2626 μαρτυρία
3404 2552 3484 2622 τῷ
3540 2551 3615 2621 μὴ

2023 2665 2202 2735 ἔχοντι
2231 2661 2322 2714 τὸν
2346 2652 2726 2712 διδασκαλικὸν
2766 2651 2927 2720 λόγον
2954 2656 3052 2703 σὺν
3109 2647 3189 2717 τῷ
3235 2645 3612 2714 ἀνεπιλήπτῳ,

2023 2759 2083 2811 ού
2131 2755 2388 2827 βοηθήσει
2429 2751 2553 2804 ὅσον
2595 2747 2734 2808 τέως
2793 2745 2874 2806 είς
2930 2741 3029 2812 τὴν
3081 2741 3172 2796 ἐπὶ
3207 2739 3343 2800 τοὺς·
3361 2736 3616 2807 μείζονας

2029 2849 2275 2924 βαθμοὺς
2312 2843 2563 2914 πρόοδον.
2601 2838 2737 2894 Οὔτε
2779 2839 2890 2906 γὰρ
2947 2834 3041 2887 τὸν
3086 2830 3442 2924 διδασκαλίας
3499 2827 3618 2881 δεό-

2031 2921 2193 3010 μενον
2222 2933 2498 3003 ὠφελήσει
2525 2927 2741 2990 πάντως
2771 2928 2803 2997 ἡ
2835 2925 3113 2996 μαρτυρία
3139 2921 3234 2975 τοῦ
3261 2935 3621 3010 προσμαρτυ-

2031 3007 2298 3104 ρήσαντος
2361 3024 2459 3095 τὴν
2515 3022 2611 3076 τοῦ
2661 3017 2973 3074 διδακτικοῦ
3033 3016 3264 3082 δύναμιν
3309 3013 3387 3081 τῷ
3419 3007 3623 3079 ταύτης

2030 3122 2307 3194 ἀμετὸχῳ,
2342 3118 2465 3171 οὔτε
2493 3115 2572 3186 τῷ
2627 3111 3042 3184 μαρτυρηθέντι
3090 3109 3320 3180 ἀρκέσει
3374 3105 3509 3176 πρὸς
3561 3105 3622 3157 τὸ

1953 3242 1996 3303 c
2031 3212 2395 3281 ἀναδέξασθαι
2429 3208 2638 3281 βαθμὸν
2672 3203 3075 3259 διδασκαλικόν.

2092 3313 2158 3366 Τί
2175 3309 2269 3365 οὖν
2289 3305 2640 3375 οἰκονομήσει
2657 3302 2747 3354 ἐπὶ
2761 3299 2970 3362 τούτοις
2994 3295 3168 3368 ἡιερά
3196 3297 3289 3348 καὶ
3314 3293 3444 3362 ἁγία
3493 3291 3621 3346 σύν-

2023 3407 2182 3473 οδος;
2209 3404 2333 3464 τοὺς
2363 3399 2439 3471 μὴ
2467 3396 2650 3459 καλῶς
2673 3391 3123 3465 μαρτυρηθέντσς
3145 3386 3334 3452 ἐξώσει
3355 3378 3417 3440 οὗ
3433 3385 3626 3454 ἔτυχεν

2022 3501 2256 3558 ἕκαστος
2282 3490 2492 3565 βαθμοῦ
2515 3487 2684 3557 mm
2704 3484 2862 3539 τοῦτο
2895 3482 3074 3551 λύπην
3105 3480 3348 3546 ἐντίθησι
3375 3479 3495 3538 ταῖς
3522 3480 3627 3544 ψυ-

2024 3593 2149 3664 χαῖς
2169 3588 2278 3642 τῶν
2300 3586 2403 3656 ἠδη
2420 3578 2840 3653 ἀφιερωθέντων
2856 3579 2918 3647 τῇ
2938 3573 3218 3644 ἁγιωτάτῃ
3237 3570 3331 3624 τοῦ
3345 3569 3478 3664 Θεοῦ
3502 3568 3629 3664 Ἐκτ-

2026 3659 2246 3756 κλησὶᾳ.
2265 3675 2645 3741 Ἀποδεξάσθω
2661 3669 2754 3726 οὖν
2778 3673 2812 3742 ἠ
2844 3671 2964 3740 ἱερὰ
2992 3669 3083 3721 καὶ
3101 3666 3232 3735 ἁγία
3261 3663 3498 3756 σύνοδος,
3531 3659 3626 3756 καὶ

2028 3752 2134 3848 πρὸ
2149 3752 2364 3832 πάντων
2379 3772 2412 3840 ὴ
2436 3768 2718 3839 ἁγιωσύνη
2743 3782 2836 3817 σου
2860 3763 2952 3816 τοῦ
2976 3759 3282 3828 άγιωτάτου
3307 3774 3410 3828 μου
3431 3752 3629 3808 δεσπό-

2027 3887 2122 3925 του
2147 3868 2240 3922 καὶ
2264 3864 2444 3918 κοινοῦ
2471 3861 2685 3932 Πατρὸς
2705 3859 2797 3911 καὶ
2820 3856 3142 3911 διδασκάλου
3160 3853 3260 3922 τῆς
3273 3849 3624 3918 οἰκουμένης,

2028 3961 2090 4016 τὸ
2103 3961 2384 4033 πρόθυμον
2402 3956 2510 4009 τῶν
2528 3954 2628 4026 ἢδη
2649 3949 3118 4021 καθιερωθέντων,
3142 3947 3236 4000 καὶ
3254 3945 3311 3999 τὸ
3334 3943 3507 3997 θέλειν
3526 3940 3626 3993 αύ-

2031 4057 2160 4118 τοὺς
2192 4051 2472 4120 ὀλοψύχως
2494 4046 2792 4117 ὑπηρετεῖν
2817 4046 2880 4113 τῇ
2909 4043 3042 4113 ἀγέᾳ
3083 4038 3406 4109 Ἐκκλησία,
3445 4037 3539 4090 καὶ
3565 4034 3629 4087 τὸ

2032 4149 2282 4203 ἐλλεῖπον
2307 4143 2521 4204 τούτοις
2557 4136 3016 4209 ἀναπληρωθήτω
3045 4133 3198 4205 παρὰ
3214 4133 3311 4204 τῆς
3337 4131 3438 4200 σῆς
3469 4129 3628 4198 ἁγιό-

2033 4256 2216 4310 τητος,
2267 4235 2505 4300 σπουδὴν
2545 4229 2996 4301 ὑπερϐάλλουσαν
3047 4223 3488 4294 ἐνδεικνυμένης.
3563 4220 3629 4274 Ἦ

2035 4332 2093 4385 δὲ
2121 4329 2327 4399 σπουδὴ
2351 4326 2491 4380 ἔστω
2517 4323 2740 4382 τοιαύτη
2781 4321 2965 4383 καλῶς
2989 4317 3222 4388 ἐχούσης
3251 4319 3351 4384 τῆς
3387 4314 3628 4382 ἁγιωσύ-

2037 4441 2136 4494 νης
2170 4440 2262 4476 σου
2289 4421 2366 4484 ὼς
2392 4420 2452 4473 τὸ
2479 4417 2645 4472 καλὸν
2677 4416 2930 4486 κρεῖττον
2996 4410 3217 4466 πάντων
3269 4407 3624 4477 βουλομένης.

2109 4514 2224 4585 Πρὸ
2257 4513 2356 4584 μὲν
2388 4512 2591 4571 παντὸς
2620 4507 2780 4561 ἄλλου
2813 4502 3104 4572 ἁὸνούμιον
3153 4499 3333 4554 κοινὸν
3386 4495 3631 4565 γενέσθω

409 4593 552 4650 Ante
590 4611 754 4650 omne
783 4597 955 4663 aliud,
991 4600 1305 4653 communis
1340 4599 1432 4654 ﬁat.
1474 4609 1803 4657 cunctorum
1829 4603 1920 4657 de-

2037 4607 2144 4660 τῶν
2175 4605 2332 4668 ὅλων,
2364 4602 2472 4655 τῶν
2494 4618 2550 4652 τε
2589 4599 2690 4670 ἤδη
2747 4594 3219 4665 κατηρτισμένων,
3277 4589 3444 4654 ἀξίων
3508 4585 3631 4640 κατ’

343 4688 591 4758 scriptio,
628 4700 736 4744 tam
761 4704 955 4746 eorum
982 4693 1075 4760 qui
1109 4693 1220 4761 jam
1246 4693 1476 4760 perfecti
1509 4702 1659 4756 sunt,
1691 4694 1840 4764 digni
1876 4696 1931 4749 in

347 4793 603 4851 utroque,
634 4782 887 4838 doctrina
917 4799 1116 4852 nempe
1150 4793 1206 4838 et
1233 4784 1366 4849 vita,
1393 4801 1556 4854 quam
1587 4801 1779 4840 eorum
1813 4787 1934 4856 qui-

344 4875 452 4929 bus.
477 4875 731 4931 fortassis
766 4892 830 4930 ex
865 4876 1136 4935 alterutro
1159 4876 1366 4946 aliquid
1390 4879 1564 4932 deest.
1591 4876 1717 4933 Haec
1750 4888 1931 4933 autem

345 4966 667 5036 descriptio,
701 4983 811 5020 non
846 4967 1174 5037 simpliciter
1203 4979 1496 5024 actcmere
1530 4968 1643 5033 tiat,
1677 4970 1773 5024 sed
1809 4987 1933 5025 cum

347 5061 685 5115 scrutatione
728 5059 988 5122 maxima,
1017 5062 1360 5117 scrutatione
1391 5061 1595 5132 praevia
1638 5063 1841 5117 eruditi
1880 5065 1934 5118 in

349 5167 684 5221 unoquoque
718 5154 1013 5218 sermonis,
1039 5153 1422 5223 bonorumque
1454 5169 1692 5208 morum.
1718 5155 1784 5209 Et
1809 5171 1952 5209 cum.

347 5244 442 5313 qui
478 5244 685 5313 probos
713 5261 898 5300 mores
937 5247 1273 5315 doctumque
1311 5261 1625 5300 sermonem
1669 5247 1937 5302 exhibue-

348 5338 443 5402 rit,
459 5336 690 5391 adnetct
710 5339 975 5394 sanctitas
1001 5337 1298 5403 tua,veluti
1325 5338 1448 5394 aliis
1468 5339 1933 5409 praestantiorem.

351 5429 466 5484 Hoc
495 5430 703 5500 quippe
725 5431 924 5496 modo,
973 5441 1030 5486 et
1079 5431 1172 5501 qui
1210 5431 1453 5485 nondum
1501 5431 1778 5501 perfectus
1829 5443 1934 5496 est,

349 5523 698 5578 :emulatione
723 5525 835 5594 jam
871 5524 1118 5580 denotati
1142 5523 1465 5594 cmterisquc
1501 5524 1732 5594 prtelati,
1773 5524 1938 5594 perli-

350 5617 550 5672 cietur.

421 5709 560 5776 Quia
605 5728 743 5768 vero
788 5727 952 5782 supra
987 5711 1249 5775 diximus,
1294 5722 1575 5783 acceptam
1603 5712 1796 5768 haberi
1840 5712 1938 5768 de-

353 5801 487 5858 bere
526 5805 868 5860 alacritatem
917 5821 1111 5860 eorum
1147 5806 1242 5877 qui
1294 5806 1566 5878 ejusmodi
1619 5821 1728 5860 non
1782 5815 1933 5870 sunt,

355 5896 617 5962 quoniam
648 5897 812 5952 alacri
844 5899 1029 5956 animo
1059 5900 1288 5966 cupiunt
1314 5914 1636 5968 permanere
1664 5898 1718 5952 in
1749 5898 1937 5955 Eccle-

2039 4699 2228 4768 ἇμφω,
2277 4694 2438 4761 λόγον
2479 4708 2538 4742 τε
2596 4687 2838 4752 δηλονότι
2893 4690 2986 4739 καὶ
3044 4684 3182 4754 βίον,
3224 4679 3459 4734 καὶτῶν
3499 4679 3631 4738 ἴσως

2039 4789 2184 4844 κατά
2220 4805 2272 4840 τι
2308 4785 2516 4838 τούτων
2535 4779 2898 4848 λειπομένων.
2948 4777 3020 4828 Τὸ
3057 4775 3114 4827 δὲ
3146 4773 3386 4826 τοιοῦτον
3441 4769 3631 4824 ἀδνού-

2044 4899 2188 4951 μιον,
2221 4879 2296 4950 μὴ
2326 4876 2516 4936 ἁπλῶς
2541 4874 2636 4928 καὶ
2666 4873 2742 4936 ὡς
2777 4871 2934 4940 ἔτυχε
2989 4867 3242 4938 γένηται,
3301 4864 3438 4918 ἀλλὰ
3491 4861 3628 4932 μετὰ

2039 4973 2269 5045 ἐρεύνης
2330 4967 2613 5041 μεγίστης,
2664 4963 2892 5035 ἐρεύνης
2945 4959 3375 5032 προηγουμένως
3417 4955 3514 5009 τοῦ
3573 4958 3630 5006 ἐν

2041 5066 2259 5135 ἑκάστῳ
2291 5058 2679 5118 διδασκαλικοῦ
2716 5059 2877 5125 λόγου
2914 5058 3011 5111 καὶ
3036 5054 3131 5107 τοῦ
3163 5049 3404 5124 χρηστοῦ
3441 5051 3628 5120 ἤθους.

2043 5161 2152 5213 Καὶ
2181 5157 2274 5209 τὸν
2311 5155 2409 5226 μὲν
2438 5153 2631 5225 ἔχοντα
2664 5150 2758 5204 καὶ
2813 5143 2946 5219 ἦθος
2997 5144 3258 5216 χρηστὸν,
3326 5143 3424 5194 καὶ
3475 5141 3632 5207 λόγον

2039 5247 2444 5310 διδασκαλικὸν,
2473 5240 2892 5314 σημειωθήτωή
2925 5235 3206 5307 ἁγιωσύνη
3235 5251 3352 5296 σου,
3391 5233 3466 5295 ὼς
3504 5231 3632 5300 ἐξῃ-

2045 5342 2282 5414 ρημένον
2302 5339 2410 5393 τῶν
2438 5338 2632 5392 ἄλλων.
2658 5335 2846 5406 Τούτῳ
2877 5333 2986 5402 γὰρ
3014 5330 3092 5398 τῷ
3119 5327 3307 5398 τρόπῳ
3337 5325 3429 5378 καὶ
3459 5325 3487 5375 ὁ
3521 5324 3628 5392 μή·

2041 5453 2130 5488 πω
2159 5432 2549 5502 καταρτισθεὶς
2580 5427 3108 5499 καταρτισθήσεται,
3165 5422 3315 5492 ζήλῳ
3378 5418 3474 5472 τοῖ
3527 5417 3629 5487 ἤδη

2043 5547 2108 5600 ση
2120 5528 2442 5599 μειωθέντος
2471 5525 2696 5579 καὶτῶν
2720 5521 2899 5577 ἄλλων
2924 5515 3338 5588 προκριθέντος.

2121 5711 2274 5765 Ἐπεὶ
2333 5710 2390 5764 δὲ
2444 5709 2546 5780 ἠδη
2595 5706 2802 5760 ἄνωθεν
2850 5703 3080 5772 εἴπομεν
3128 5700 3238 5754 δεῖν
3293 5694 3626 5752 ἀποδεκτέαν

2039 5803 2360 5874 λογισθῆναι
2386 5803 2486 5872 τὴν
2524 5797 2838 5870 προθυμίαν
2898 5795 3008 5848 τῶν
3068 5793 3144 5866 μὴ
3208 5790 3488 5856 τοιούτων,
3541 5788 3624 5842 ὅτι

2042 5897 2344 5969 προθύμως
2395 5895 2578 5964 ἔχουσι
2630 5890 3064 5962 προσκαρτερεῖν
3132 5889 3199 5958 τῇ
3252 5884 3468 5956 δουλείᾳ
3521 5883 3623 5952 τῆς
