  <div class='ocr_page' id='page_1' title='image "/cluster/home/n/w/nwhite01/storage/ocr_20150623/127/coo.31924054870328/484.png"; bbox 0 0 4064 6430; ppageno 0'>
   <div class='ocr_carea' id='block_1_1' title="bbox 270 416 372 486">
    <p class='ocr_par' dir='ltr' id='par_1_1' title="bbox 270 416 372 486">
     <span class='ocr_line' id='line_1_1' title="bbox 270 416 372 486; baseline 0.029 -3"><span class='ocrx_word' id='word_1_1' title='bbox 270 416 372 486; x_wconf 78' lang='lat'><strong>953</strong></span> 
     </span>
    </p>
   </div>
   <div class='ocr_carea' id='block_1_2' title="bbox 1327 414 2413 481">
    <p class='ocr_par' dir='ltr' id='par_1_2' title="bbox 1327 414 2413 481">
     <span class='ocr_line' id='line_1_2' title="bbox 1327 414 2413 481; baseline -0.001 -1"><span class='ocrx_word' id='word_1_2' title='bbox 1327 415 1702 481; x_wconf 71' lang='lat' dir='ltr'><strong>NOVELUE</strong></span> <span class='ocrx_word' id='word_1_3' title='bbox 1729 414 2413 479; x_wconf 79' lang='lat' dir='ltr'><strong>CONSTITUTIONES.</strong></span> 
     </span>
    </p>
   </div>
   <div class='ocr_carea' id='block_1_3' title="bbox 3441 415 3555 481">
    <p class='ocr_par' dir='ltr' id='par_1_3' title="bbox 3441 415 3555 481">
     <span class='ocr_line' id='line_1_3' title="bbox 3441 415 3555 481; baseline 0 -1"><span class='ocrx_word' id='word_1_4' title='bbox 3441 415 3555 481; x_wconf 65' lang='grc'><strong>954</strong></span> 
     </span>
    </p>
   </div>
   <div class='ocr_carea' id='block_1_4' title="bbox 281 509 1885 598">
    <p class='ocr_par' dir='ltr' id='par_1_4' title="bbox 281 509 1857 598">
     <span class='ocr_line' id='line_1_4' title="bbox 281 509 1857 598; baseline -0.004 -14"><span class='ocrx_word' id='word_1_5' title='bbox 281 509 629 598; x_wconf 72' lang='grc' dir='ltr'>Ἐκκλησίας,</span> <span class='ocrx_word' id='word_1_6' title='bbox 655 525 1201 598; x_wconf 83' lang='grc' dir='ltr'>παραγγελθήτωσαν</span> <span class='ocrx_word' id='word_1_7' title='bbox 1225 516 1375 581; x_wconf 73' lang='grc' dir='ltr'>οὗτοι</span> <span class='ocrx_word' id='word_1_8' title='bbox 1407 527 1484 590; x_wconf 85' lang='grc' dir='ltr'><strong>ὡς</strong></span> <span class='ocrx_word' id='word_1_9' title='bbox 1511 524 1579 580; x_wconf 82' lang='grc' dir='ltr'>ἂν</span> <span class='ocrx_word' id='word_1_10' title='bbox 1602 523 1698 579; x_wconf 79' lang='grc' dir='ltr'>τοῦ</span> <span class='ocrx_word' id='word_1_11' title='bbox 1743 524 1857 579; x_wconf 87' lang='grc' dir='ltr'>λοι-</span> 
     </span>
    </p>
   </div>
   <div class='ocr_carea' id='block_1_5' title="bbox 1989 509 3553 598">
    <p class='ocr_par' dir='ltr' id='par_1_5' title="bbox 1992 524 3553 597">
     <span class='ocr_line' id='line_1_5' title="bbox 1992 524 3553 597; baseline 0.003 -19"><span class='ocrx_word' id='word_1_12' title='bbox 1992 524 2057 580; x_wconf 70' lang='grc' dir='ltr'>ἰαι</span> <span class='ocrx_word' id='word_1_13' title='bbox 2078 525 2338 592; x_wconf 86' lang='lat' dir='ltr'><strong>servitio;</strong></span> <span class='ocrx_word' id='word_1_14' title='bbox 2364 525 2770 581; x_wconf 88' lang='lat' dir='ltr'><strong>admoneantur</strong></span> <span class='ocrx_word' id='word_1_15' title='bbox 2793 525 2895 590; x_wconf 90' lang='lat' dir='ltr'><strong>illi,</strong></span> <span class='ocrx_word' id='word_1_16' title='bbox 2914 533 2976 582; x_wconf 92' lang='lat' dir='ltr'><strong>ut</strong></span> <span class='ocrx_word' id='word_1_17' title='bbox 3003 524 3266 597; x_wconf 82' lang='lat' dir='ltr'><strong>deinceps</strong></span> <span class='ocrx_word' id='word_1_18' title='bbox 3287 525 3553 583; x_wconf 83' lang='lat' dir='ltr'><strong>doctrinae</strong></span> 
     </span>
    </p>
   </div>
   <div class='ocr_carea' id='block_1_6' title="bbox 270 615 1857 690">
    <p class='ocr_par' dir='ltr' id='par_1_6' title="bbox 270 615 1857 690">
     <span class='ocr_line' id='line_1_6' title="bbox 270 615 1857 690; baseline -0.001 -17"><span class='ocrx_word' id='word_1_19' title='bbox 270 618 371 673; x_wconf 77' lang='grc' dir='ltr'><strong>πού</strong></span> <span class='ocrx_word' id='word_1_20' title='bbox 404 616 776 689; x_wconf 67' lang='grc' dir='ltr'><strong>ἐπιμελῶνται</strong></span> <span class='ocrx_word' id='word_1_21' title='bbox 808 620 905 672; x_wconf 80' lang='grc' dir='ltr'>καὶ</span> <span class='ocrx_word' id='word_1_22' title='bbox 931 617 1093 687; x_wconf 86' lang='grc' dir='ltr'>λόγου</span> <span class='ocrx_word' id='word_1_23' title='bbox 1129 615 1226 672; x_wconf 80' lang='grc' dir='ltr'>καὶ</span> <span class='ocrx_word' id='word_1_24' title='bbox 1254 619 1477 690; x_wconf 78' lang='grc' dir='ltr'>ἀρετῆς.</span> <span class='ocrx_word' id='word_1_25' title='bbox 1537 619 1649 672; x_wconf 82' lang='lat' dir='ltr'><strong>Kal.</strong></span> <span class='ocrx_word' id='word_1_26' title='bbox 1681 616 1857 681; x_wconf 77' lang='grc' dir='ltr'>οὕτως</span> 
     </span>
    </p>
   </div>
   <div class='ocr_carea' id='block_1_7' title="bbox 268 708 1859 787">
    <p class='ocr_par' dir='ltr' id='par_1_7' title="bbox 268 708 1859 787">
     <span class='ocr_line' id='line_1_7' title="bbox 268 708 1859 787; baseline -0.001 -24"><span class='ocrx_word' id='word_1_27' title='bbox 268 710 328 763; x_wconf 84' lang='grc' dir='ltr'>ὲν</span> <span class='ocrx_word' id='word_1_28' title='bbox 354 708 556 779; x_wconf 85' lang='grc' dir='ltr'><strong>γνώσει</strong></span> <span class='ocrx_word' id='word_1_29' title='bbox 582 709 864 779; x_wconf 81' lang='grc' dir='ltr'><strong>γινόμενοι</strong></span> <span class='ocrx_word' id='word_1_30' title='bbox 895 708 1006 787; x_wconf 60' lang='grc' dir='ltr'><strong>⁵τοῦ</strong></span> <span class='ocrx_word' id='word_1_31' title='bbox 1063 711 1404 774; x_wconf 84' lang='grc' dir='ltr'>συνοίσοντος</span> <span class='ocrx_word' id='word_1_32' title='bbox 1453 709 1542 763; x_wconf 80' lang='grc' dir='ltr'>διὰ</span> <span class='ocrx_word' id='word_1_33' title='bbox 1596 710 1699 780; x_wconf 81' lang='grc' dir='ltr'>τῆς</span> <span class='ocrx_word' id='word_1_34' title='bbox 1757 710 1859 780; x_wconf 77' lang='grc' dir='ltr'>σῆς</span> 
     </span>
    </p>
   </div>
   <div class='ocr_carea' id='block_1_8' title="bbox 270 799 1861 872">
    <p class='ocr_par' dir='ltr' id='par_1_8' title="bbox 270 799 1861 872">
     <span class='ocr_line' id='line_1_8' title="bbox 270 799 1861 872; baseline -0.001 -18"><span class='ocrx_word' id='word_1_35' title='bbox 270 801 514 872; x_wconf 76' lang='grc' dir='ltr'>χρηστῆς</span> <span class='ocrx_word' id='word_1_36' title='bbox 546 799 769 872; x_wconf 77' lang='grc' dir='ltr'><strong>ὁμιλίας</strong></span> <span class='ocrx_word' id='word_1_37' title='bbox 798 801 896 855; x_wconf 73' lang='grc' dir='ltr'>καὶ</span> <span class='ocrx_word' id='word_1_38' title='bbox 919 801 1343 872; x_wconf 78' lang='grc' dir='ltr'>ὲπιφωνητικῆς</span> <span class='ocrx_word' id='word_1_39' title='bbox 1371 801 1770 872; x_wconf 76' lang='grc' dir='ltr'><strong>παραγγελίας,</strong></span> <span class='ocrx_word' id='word_1_40' title='bbox 1793 800 1861 854; x_wconf 76' lang='grc' dir='ltr'>τὸ</span> 
     </span>
    </p>
   </div>
   <div class='ocr_carea' id='block_1_9' title="bbox 271 888 1861 961">
    <p class='ocr_par' dir='ltr' id='par_1_9' title="bbox 271 888 1861 961">
     <span class='ocr_line' id='line_1_9' title="bbox 271 888 1861 961; baseline -0.001 -18"><span class='ocrx_word' id='word_1_41' title='bbox 271 890 553 961; x_wconf 76' lang='grc' dir='ltr'><strong>πρόθυμον</strong></span> <span class='ocrx_word' id='word_1_42' title='bbox 573 891 757 946; x_wconf 79' lang='grc' dir='ltr'>αὐτῶν</span> <span class='ocrx_word' id='word_1_43' title='bbox 785 891 936 944; x_wconf 75' lang='grc' dir='ltr'>ἅπαν</span> <span class='ocrx_word' id='word_1_44' title='bbox 962 890 1446 946; x_wconf 81' lang='grc' dir='ltr'>κατακενώσουσιν</span> <span class='ocrx_word' id='word_1_45' title='bbox 1475 891 1556 954; x_wconf 87' lang='grc' dir='ltr'><strong>είς</strong></span> <span class='ocrx_word' id='word_1_46' title='bbox 1573 889 1635 944; x_wconf 82' lang='grc' dir='ltr'>τὸ</span> <span class='ocrx_word' id='word_1_47' title='bbox 1665 888 1861 959; x_wconf 81' lang='grc' dir='ltr'>μαθεῖν</span> 
     </span>
    </p>
   </div>
   <div class='ocr_carea' id='block_1_10' title="bbox 267 981 1885 1054">
    <p class='ocr_par' dir='ltr' id='par_1_10' title="bbox 267 981 1885 1054">
     <span class='ocr_line' id='line_1_10' title="bbox 267 981 1885 1054; baseline -0.003 -15"><span class='ocrx_word' id='word_1_48' title='bbox 267 983 515 1052; x_wconf 76' lang='grc' dir='ltr'>ἀκριϐῶς</span> <span class='ocrx_word' id='word_1_49' title='bbox 542 985 638 1037; x_wconf 73' lang='grc' dir='ltr'>καὶ</span> <span class='ocrx_word' id='word_1_50' title='bbox 663 982 733 1037; x_wconf 83' lang='grc' dir='ltr'>τὰ</span> <span class='ocrx_word' id='word_1_51' title='bbox 758 983 883 1036; x_wconf 84' lang='grc' dir='ltr'>θεῖα</span> <span class='ocrx_word' id='word_1_52' title='bbox 911 985 1225 1054; x_wconf 83' lang='grc' dir='ltr'>διδάγματα</span> <span class='ocrx_word' id='word_1_53' title='bbox 1269 984 1527 1046; x_wconf 71' lang='grc' dir='ltr'>ἕκαστον,</span> <span class='ocrx_word' id='word_1_54' title='bbox 1576 983 1674 1037; x_wconf 78' lang='grc' dir='ltr'>καὶ</span> <span class='ocrx_word' id='word_1_55' title='bbox 1724 981 1885 1054; x_wconf 75' lang='grc' dir='ltr'>πρὸς·</span> 
     </span>
    </p>
   </div>
   <div class='ocr_carea' id='block_1_11' title="bbox 271 1074 1861 1147">
    <p class='ocr_par' dir='ltr' id='par_1_11' title="bbox 271 1074 1861 1147">
     <span class='ocr_line' id='line_1_11' title="bbox 271 1074 1861 1147; baseline 0.002 -22"><span class='ocrx_word' id='word_1_56' title='bbox 271 1077 333 1126; x_wconf 71' lang='grc' dir='ltr'>τὸ</span> <span class='ocrx_word' id='word_1_57' title='bbox 380 1075 756 1147; x_wconf 84' lang='grc' dir='ltr'>χρηστότερον</span> <span class='ocrx_word' id='word_1_58' title='bbox 806 1075 899 1129; x_wconf 79' lang='grc' dir='ltr'>τὸν</span> <span class='ocrx_word' id='word_1_59' title='bbox 953 1075 1069 1146; x_wconf 90' lang='grc' dir='ltr'>βίον</span> <span class='ocrx_word' id='word_1_60' title='bbox 1123 1075 1336 1129; x_wconf 77' lang='grc' dir='ltr'>ἑαυτῶν</span> <span class='ocrx_word' id='word_1_61' title='bbox 1385 1074 1861 1144; x_wconf 80' lang='grc' dir='ltr'><strong>καταστήσασθαι,</strong></span> 
     </span>
    </p>
   </div>
   <div class='ocr_carea' id='block_1_12' title="bbox 272 1165 1862 1241">
    <p class='ocr_par' dir='ltr' id='par_1_12' title="bbox 272 1165 1862 1241">
     <span class='ocr_line' id='line_1_12' title="bbox 272 1165 1862 1241; baseline 0.003 -22"><span class='ocrx_word' id='word_1_62' title='bbox 272 1168 371 1220; x_wconf 68' lang='grc' dir='ltr'><strong>καὶ⁵</strong></span> <span class='ocrx_word' id='word_1_63' title='bbox 402 1165 555 1241; x_wconf 75' lang='grc' dir='ltr'>ᾇξιον</span> <span class='ocrx_word' id='word_1_64' title='bbox 582 1165 777 1222; x_wconf 76' lang='grc' dir='ltr'>ἑαυτὸν</span> <span class='ocrx_word' id='word_1_65' title='bbox 802 1166 1109 1238; x_wconf 73' lang='grc' dir='ltr'>ἀπαρτίσαι</span> <span class='ocrx_word' id='word_1_66' title='bbox 1145 1167 1331 1238; x_wconf 81' lang='grc' dir='ltr'>πάσης</span> <span class='ocrx_word' id='word_1_67' title='bbox 1378 1168 1701 1240; x_wconf 73' lang='grc' dir='ltr'><strong>ἱερωσύνης,</strong></span> <span class='ocrx_word' id='word_1_68' title='bbox 1765 1169 1862 1223; x_wconf 66' lang='grc' dir='ltr'>καὶ</span> 
     </span>
    </p>
   </div>
   <div class='ocr_carea' id='block_1_13' title="bbox 268 1258 1865 1332">
    <p class='ocr_par' dir='ltr' id='par_1_13' title="bbox 268 1258 1865 1332">
     <span class='ocr_line' id='line_1_13' title="bbox 268 1258 1865 1332; baseline 0.001 -19"><span class='ocrx_word' id='word_1_69' title='bbox 268 1259 450 1323; x_wconf 75' lang='grc' dir='ltr'>οὕτως</span> <span class='ocrx_word' id='word_1_70' title='bbox 487 1258 770 1327; x_wconf 81' lang='grc' dir='ltr'>ἀποδεῖξαι</span> <span class='ocrx_word' id='word_1_71' title='bbox 796 1258 899 1331; x_wconf 79' lang='grc' dir='ltr'>τὴν</span> <span class='ocrx_word' id='word_1_72' title='bbox 932 1259 1073 1331; x_wconf 83' lang='grc' dir='ltr'>ὑπὲρ</span> <span class='ocrx_word' id='word_1_73' title='bbox 1092 1258 1260 1314; x_wconf 80' lang='grc' dir='ltr'>αὑτοῦ</span> <span class='ocrx_word' id='word_1_74' title='bbox 1312 1262 1623 1332; x_wconf 82' lang='grc' dir='ltr'>μαρτυρίαν</span> <span class='ocrx_word' id='word_1_75' title='bbox 1677 1259 1865 1332; x_wconf 73' lang='grc' dir='ltr'>ἔργοις</span> 
     </span>
    </p>
   </div>
   <div class='ocr_carea' id='block_1_14' title="bbox 270 1348 737 1420">
    <p class='ocr_par' dir='ltr' id='par_1_14' title="bbox 270 1348 737 1420">
     <span class='ocr_line' id='line_1_14' title="bbox 270 1348 737 1420; baseline 0.002 -16"><span class='ocrx_word' id='word_1_76' title='bbox 270 1351 460 1412; x_wconf 79' lang='grc' dir='ltr'>αὐτοῖς</span> <span class='ocrx_word' id='word_1_77' title='bbox 494 1348 737 1420; x_wconf 71' lang='grc' dir='ltr'>βεϐαίαν.</span> 
     </span>
    </p>
   </div>
   <div class='ocr_carea' id='block_1_15' title="bbox 349 1441 1865 1514">
    <p class='ocr_par' dir='ltr' id='par_1_15' title="bbox 349 1441 1865 1514">
     <span class='ocr_line' id='line_1_15' title="bbox 349 1441 1865 1514; baseline 0.003 -19"><span class='ocrx_word' id='word_1_78' title='bbox 349 1441 462 1496; x_wconf 81' lang='grc' dir='ltr'><strong>Καὶ</strong></span> <span class='ocrx_word' id='word_1_79' title='bbox 502 1442 579 1512; x_wconf 82' lang='grc' dir='ltr'>μὴ</span> <span class='ocrx_word' id='word_1_80' title='bbox 605 1441 754 1507; x_wconf 70' lang='grc' dir='ltr'>ἅπαξ</span> <span class='ocrx_word' id='word_1_81' title='bbox 780 1441 1215 1513; x_wconf 77' lang='grc' dir='ltr'>ήὲπιφωνητικὴ</span> <span class='ocrx_word' id='word_1_82' title='bbox 1244 1441 1388 1514; x_wconf 77' lang='grc' dir='ltr'>αὕτη</span> <span class='ocrx_word' id='word_1_83' title='bbox 1423 1442 1614 1513; x_wconf 81' lang='grc' dir='ltr'>ὁμιλία</span> <span class='ocrx_word' id='word_1_84' title='bbox 1663 1460 1726 1498; x_wconf 86' lang='grc' dir='ltr'><strong>τε</strong></span> <span class='ocrx_word' id='word_1_85' title='bbox 1769 1444 1865 1499; x_wconf 69' lang='grc' dir='ltr'><strong>καὶ</strong></span> 
     </span>
    </p>
   </div>
   <div class='ocr_carea' id='block_1_16' title="bbox 273 1533 1864 1607">
    <p class='ocr_par' dir='ltr' id='par_1_16' title="bbox 273 1533 1864 1607">
     <span class='ocr_line' id='line_1_16' title="bbox 273 1533 1864 1607; baseline 0.003 -19"><span class='ocrx_word' id='word_1_86' title='bbox 273 1533 628 1607; x_wconf 78' lang='grc' dir='ltr'>παραγγελία</span> <span class='ocrx_word' id='word_1_87' title='bbox 654 1535 904 1605; x_wconf 74' lang='grc' dir='ltr'>γένηται,</span> <span class='ocrx_word' id='word_1_88' title='bbox 933 1534 1072 1589; x_wconf 77' lang='grc' dir='ltr'>ἀλλὰ</span> <span class='ocrx_word' id='word_1_89' title='bbox 1101 1536 1197 1591; x_wconf 74' lang='grc' dir='ltr'>καὶ</span> <span class='ocrx_word' id='word_1_90' title='bbox 1238 1535 1505 1601; x_wconf 82' lang='grc' dir='ltr'><strong>πολλάκις</strong></span> <span class='ocrx_word' id='word_1_91' title='bbox 1563 1536 1814 1605; x_wconf 75' lang='grc' dir='ltr'>γενέσθω</span> <span class='ocrx_word' id='word_1_92' title='bbox 1846 1552 1864 1570; x_wconf 83' lang='lat'><strong>&#39;</strong></span> 
     </span>
    </p>
   </div>
   <div class='ocr_carea' id='block_1_17' title="bbox 274 1625 1869 1703">
    <p class='ocr_par' dir='ltr' id='par_1_17' title="bbox 274 1625 1869 1703">
     <span class='ocr_line' id='line_1_17' title="bbox 274 1625 1869 1703; baseline 0.003 -23"><span class='ocrx_word' id='word_1_93' title='bbox 274 1626 376 1680; x_wconf 74' lang='grc' dir='ltr'><strong>καὶ</strong></span> <span class='ocrx_word' id='word_1_94' title='bbox 403 1625 743 1680; x_wconf 83' lang='grc' dir='ltr'>ἀπαιτείσθω</span> <span class='ocrx_word' id='word_1_95' title='bbox 763 1626 1002 1691; x_wconf 71' lang='grc' dir='ltr'>ἕκαστος</span> <span class='ocrx_word' id='word_1_96' title='bbox 1051 1627 1207 1700; x_wconf 79' lang='grc' dir='ltr'>παρὰ</span> <span class='ocrx_word' id='word_1_97' title='bbox 1236 1629 1338 1695; x_wconf 79' lang='grc' dir='ltr'><strong>τῆς</strong></span> <span class='ocrx_word' id='word_1_98' title='bbox 1393 1629 1494 1699; x_wconf 87' lang='grc' dir='ltr'>σῆς</span> <span class='ocrx_word' id='word_1_99' title='bbox 1554 1629 1869 1703; x_wconf 84' lang='grc' dir='ltr'>ἁγιότητος,</span> 
     </span>
    </p>
   </div>
   <div class='ocr_carea' id='block_1_18' title="bbox 272 1717 1867 1793">
    <p class='ocr_par' dir='ltr' id='par_1_18' title="bbox 272 1717 1867 1793">
     <span class='ocr_line' id='line_1_18' title="bbox 272 1717 1867 1793; baseline 0.003 -22"><span class='ocrx_word' id='word_1_100' title='bbox 272 1718 331 1772; x_wconf 85' lang='grc' dir='ltr'><strong>τί</strong></span> <span class='ocrx_word' id='word_1_101' title='bbox 375 1717 517 1787; x_wconf 81' lang='grc' dir='ltr'>μετὰ</span> <span class='ocrx_word' id='word_1_102' title='bbox 538 1718 637 1782; x_wconf 81' lang='grc' dir='ltr'><strong>τὰς</strong></span> <span class='ocrx_word' id='word_1_103' title='bbox 686 1720 1108 1790; x_wconf 75' lang='grc' dir='ltr'>ὲπιφωνητικὰς</span> <span class='ocrx_word' id='word_1_104' title='bbox 1167 1720 1549 1792; x_wconf 80' lang='grc' dir='ltr'>παραγγελίας</span> <span class='ocrx_word' id='word_1_105' title='bbox 1605 1721 1867 1793; x_wconf 78' lang='grc' dir='ltr'>ἐκαρπώ-</span> 
     </span>
    </p>
   </div>
   <div class='ocr_carea' id='block_1_19' title="bbox 1960 616 3554 689">
    <p class='ocr_par' dir='ltr' id='par_1_19' title="bbox 1960 616 3554 689">
     <span class='ocr_line' id='line_1_19' title="bbox 1960 616 3554 689; baseline -0.001 -17"><span class='ocrx_word' id='word_1_106' title='bbox 1960 616 2293 687; x_wconf 75' lang='lat' dir='ltr'><strong>virtutisque</strong></span> <span class='ocrx_word' id='word_1_107' title='bbox 2322 632 2517 672; x_wconf 90' lang='lat' dir='ltr'><strong>curam</strong></span> <span class='ocrx_word' id='word_1_108' title='bbox 2559 626 2777 689; x_wconf 91' lang='lat' dir='ltr'><strong>gerant.</strong></span> <span class='ocrx_word' id='word_1_109' title='bbox 2810 617 2904 673; x_wconf 89' lang='lat' dir='ltr'><strong>Sic</strong></span> <span class='ocrx_word' id='word_1_110' title='bbox 2950 619 3098 672; x_wconf 90' lang='lat' dir='ltr'><strong>enim</strong></span> <span class='ocrx_word' id='word_1_111' title='bbox 3145 618 3342 672; x_wconf 87' lang='lat' dir='ltr'><strong>notitia</strong></span> <span class='ocrx_word' id='word_1_112' title='bbox 3379 617 3554 672; x_wconf 80' lang='lat' dir='ltr'><strong>futuri</strong></span> 
     </span>
    </p>
   </div>
   <div class='ocr_carea' id='block_1_20' title="bbox 1960 708 3553 779">
    <p class='ocr_par' dir='ltr' id='par_1_20' title="bbox 1960 708 3553 779">
     <span class='ocr_line' id='line_1_20' title="bbox 1960 708 3553 779; baseline -0.003 -15"><span class='ocrx_word' id='word_1_113' title='bbox 1960 708 2320 764; x_wconf 84' lang='lat' dir='ltr'><strong>emolumenti</strong></span> <span class='ocrx_word' id='word_1_114' title='bbox 2349 718 2574 779; x_wconf 87' lang='lat' dir='ltr'><strong>accepta</strong></span> <span class='ocrx_word' id='word_1_115' title='bbox 2596 724 2695 778; x_wconf 90' lang='lat' dir='ltr'><strong>per</strong></span> <span class='ocrx_word' id='word_1_116' title='bbox 2710 709 3008 779; x_wconf 88' lang='lat' dir='ltr'><strong>benignum</strong></span> <span class='ocrx_word' id='word_1_117' title='bbox 3038 717 3191 762; x_wconf 86' lang='lat' dir='ltr'><strong>tuum</strong></span> <span class='ocrx_word' id='word_1_118' title='bbox 3215 708 3553 777; x_wconf 83' lang='lat' dir='ltr'><strong>colloquium</strong></span> 
     </span>
    </p>
   </div>
   <div class='ocr_carea' id='block_1_21' title="bbox 1963 800 3555 871">
    <p class='ocr_par' dir='ltr' id='par_1_21' title="bbox 1963 800 3555 871">
     <span class='ocr_line' id='line_1_21' title="bbox 1963 800 3555 871; baseline -0.001 -15"><span class='ocrx_word' id='word_1_119' title='bbox 1963 801 2522 871; x_wconf 86' lang='lat' dir='ltr'><strong>inclamatoriumque</strong></span> <span class='ocrx_word' id='word_1_120' title='bbox 2583 802 2916 863; x_wconf 85' lang='lat' dir='ltr'><strong>hortamen,</strong></span> <span class='ocrx_word' id='word_1_121' title='bbox 2987 809 3154 855; x_wconf 86' lang='lat' dir='ltr'><strong>totam</strong></span> <span class='ocrx_word' id='word_1_122' title='bbox 3210 800 3555 855; x_wconf 76' lang='lat' dir='ltr'><strong>alacritatem</strong></span> 
     </span>
    </p>
   </div>
   <div class='ocr_carea' id='block_1_22' title="bbox 1965 876 3556 966">
    <p class='ocr_par' dir='ltr' id='par_1_22' title="bbox 1965 876 3556 966">
     <span class='ocr_line' id='line_1_22' title="bbox 1965 876 3556 966; baseline -0.004 -14"><span class='ocrx_word' id='word_1_123' title='bbox 1965 911 2121 952; x_wconf 84' lang='lat' dir='ltr'><strong>suam</strong></span> <span class='ocrx_word' id='word_1_124' title='bbox 2146 895 2348 966; x_wconf 78' lang='lat' dir='ltr'><strong>singuli</strong></span> <span class='ocrx_word' id='word_1_125' title='bbox 2389 894 2712 966; x_wconf 86' lang='lat' dir='ltr'><strong>impendent</strong></span> <span class='ocrx_word' id='word_1_126' title='bbox 2748 903 2865 948; x_wconf 90' lang='lat' dir='ltr'><strong>tum</strong></span> <span class='ocrx_word' id='word_1_127' title='bbox 2903 893 2958 947; x_wconf 90' lang='lat' dir='ltr'><strong>in</strong></span> <span class='ocrx_word' id='word_1_128' title='bbox 2987 902 3247 947; x_wconf 84' lang='lat' dir='ltr'><strong>accurate</strong></span> <span class='ocrx_word' id='word_1_129' title='bbox 3270 876 3556 947; x_wconf 70' lang='lat' dir='ltr'><strong>discendis</strong></span> 
     </span>
    </p>
   </div>
   <div class='ocr_carea' id='block_1_23' title="bbox 1950 984 3555 1050">
    <p class='ocr_par' dir='ltr' id='par_1_23' title="bbox 1950 984 3555 1050">
     <span class='ocr_line' id='line_1_23' title="bbox 1950 984 3555 1050; baseline -0.006 -5"><span class='ocrx_word' id='word_1_130' title='bbox 1950 989 2169 1045; x_wconf 85' lang='lat' dir='ltr'><strong>divinis</strong></span> <span class='ocrx_word' id='word_1_131' title='bbox 2204 988 2577 1050; x_wconf 89' lang='lat' dir='ltr'><strong>documentis,</strong></span> <span class='ocrx_word' id='word_1_132' title='bbox 2629 996 2745 1040; x_wconf 92' lang='lat' dir='ltr'><strong>tum</strong></span> <span class='ocrx_word' id='word_1_133' title='bbox 2786 985 2844 1040; x_wconf 90' lang='lat' dir='ltr'><strong>in</strong></span> <span class='ocrx_word' id='word_1_134' title='bbox 2874 985 2986 1039; x_wconf 88' lang='lat' dir='ltr'><strong>vita</strong></span> <span class='ocrx_word' id='word_1_135' title='bbox 3018 984 3086 1039; x_wconf 89' lang='lat' dir='ltr'><strong>ad</strong></span> <span class='ocrx_word' id='word_1_136' title='bbox 3119 985 3405 1039; x_wconf 88' lang='lat' dir='ltr'><strong>meliorem</strong></span> <span class='ocrx_word' id='word_1_137' title='bbox 3440 992 3555 1037; x_wconf 84' lang='lat' dir='ltr'><strong>sta—</strong></span> 
     </span>
    </p>
   </div>
   <div class='ocr_carea' id='block_1_24' title="bbox 1967 1075 3558 1153">
    <p class='ocr_par' dir='ltr' id='par_1_24' title="bbox 1967 1075 3558 1153">
     <span class='ocr_line' id='line_1_24' title="bbox 1967 1075 3558 1153; baseline -0.006 -16"><span class='ocrx_word' id='word_1_138' title='bbox 1967 1093 2084 1137; x_wconf 87' lang='lat' dir='ltr'><strong>tum</strong></span> <span class='ocrx_word' id='word_1_139' title='bbox 2154 1080 2501 1153; x_wconf 79' lang='lat' dir='ltr'><strong>redigenda,</strong></span> <span class='ocrx_word' id='word_1_140' title='bbox 2554 1091 2725 1150; x_wconf 88' lang='lat' dir='ltr'><strong>utque</strong></span> <span class='ocrx_word' id='word_1_141' title='bbox 2780 1077 3166 1147; x_wconf 84' lang='lat' dir='ltr'><strong>unusquisque</strong></span> <span class='ocrx_word' id='word_1_142' title='bbox 3215 1075 3444 1145; x_wconf 84' lang='lat' dir='ltr'><strong>dignum</strong></span> <span class='ocrx_word' id='word_1_143' title='bbox 3497 1088 3558 1128; x_wconf 88' lang='lat' dir='ltr'><strong>se</strong></span> 
     </span>
    </p>
   </div>
   <div class='ocr_carea' id='block_1_25' title="bbox 1968 1164 3559 1247">
    <p class='ocr_par' dir='ltr' id='par_1_25' title="bbox 1968 1164 3559 1247">
     <span class='ocr_line' id='line_1_25' title="bbox 1968 1164 3559 1247; baseline -0.009 -16"><span class='ocrx_word' id='word_1_144' title='bbox 1968 1176 2167 1232; x_wconf 83' lang='lat' dir='ltr'><strong>reddat</strong></span> <span class='ocrx_word' id='word_1_145' title='bbox 2188 1175 2436 1247; x_wconf 82' lang='lat' dir='ltr'><strong>quolibet</strong></span> <span class='ocrx_word' id='word_1_146' title='bbox 2461 1172 2800 1232; x_wconf 86' lang='lat' dir='ltr'><strong>sacerdotio.</strong></span> <span class='ocrx_word' id='word_1_147' title='bbox 2819 1185 3061 1239; x_wconf 86' lang='lat' dir='ltr'><strong>eumque</strong></span> <span class='ocrx_word' id='word_1_148' title='bbox 3093 1169 3148 1222; x_wconf 91' lang='lat' dir='ltr'><strong>in</strong></span> <span class='ocrx_word' id='word_1_149' title='bbox 3179 1167 3403 1221; x_wconf 88' lang='lat' dir='ltr'><strong>modum</strong></span> <span class='ocrx_word' id='word_1_150' title='bbox 3423 1164 3559 1233; x_wconf 85' lang='lat' dir='ltr'><strong>ipsis</strong></span> 
     </span>
    </p>
   </div>
   <div class='ocr_carea' id='block_1_26' title="bbox 1969 1254 3560 1340">
    <p class='ocr_par' dir='ltr' id='par_1_26' title="bbox 1969 1254 3560 1340">
     <span class='ocr_line' id='line_1_26' title="bbox 1969 1254 3560 1340; baseline -0.011 -16"><span class='ocrx_word' id='word_1_151' title='bbox 1969 1268 2239 1340; x_wconf 86' lang='lat' dir='ltr'><strong>operibus</strong></span> <span class='ocrx_word' id='word_1_152' title='bbox 2294 1267 2514 1322; x_wconf 86' lang='lat' dir='ltr'><strong>ﬁrmum</strong></span> <span class='ocrx_word' id='word_1_153' title='bbox 2568 1263 2828 1321; x_wconf 83' lang='lat' dir='ltr'><strong>ostendat</strong></span> <span class='ocrx_word' id='word_1_154' title='bbox 2875 1259 3254 1318; x_wconf 89' lang='lat' dir='ltr'><strong>testimonium</strong></span> <span class='ocrx_word' id='word_1_155' title='bbox 3302 1255 3451 1326; x_wconf 88' lang='lat' dir='ltr'><strong>quod</strong></span> <span class='ocrx_word' id='word_1_156' title='bbox 3503 1254 3560 1307; x_wconf 87' lang='lat' dir='ltr'><strong>in</strong></span> 
     </span>
    </p>
   </div>
   <div class='ocr_carea' id='block_1_27' title="bbox 1966 1355 2780 1435">
    <p class='ocr_par' dir='ltr' id='par_1_27' title="bbox 1966 1355 2780 1435">
     <span class='ocr_line' id='line_1_27' title="bbox 1966 1355 2780 1435; baseline -0.011 -17"><span class='ocrx_word' id='word_1_157' title='bbox 1966 1362 2201 1435; x_wconf 86' lang='lat' dir='ltr'><strong>gratiam</strong></span> <span class='ocrx_word' id='word_1_158' title='bbox 2238 1360 2411 1432; x_wconf 86' lang='lat' dir='ltr'><strong>ipsius</strong></span> <span class='ocrx_word' id='word_1_159' title='bbox 2447 1360 2623 1415; x_wconf 80' lang='lat' dir='ltr'><strong>latum</strong></span> <span class='ocrx_word' id='word_1_160' title='bbox 2636 1355 2780 1412; x_wconf 61' lang='lat' dir='ltr'><strong>luit.</strong></span> 
     </span>
    </p>
   </div>
   <div class='ocr_carea' id='block_1_28' title="bbox 2037 1439 3565 1512">
    <p class='ocr_par' dir='ltr' id='par_1_28' title="bbox 2037 1439 3565 1512">
     <span class='ocr_line' id='line_1_28' title="bbox 2037 1439 3565 1512; baseline -0.013 0"><span class='ocrx_word' id='word_1_161' title='bbox 2037 1456 2152 1512; x_wconf 89' lang='lat' dir='ltr'><strong>Nec</strong></span> <span class='ocrx_word' id='word_1_162' title='bbox 2180 1455 2351 1511; x_wconf 88' lang='lat' dir='ltr'><strong>semel</strong></span> <span class='ocrx_word' id='word_1_163' title='bbox 2383 1461 2594 1509; x_wconf 86' lang='lat' dir='ltr'><strong>tantum</strong></span> <span class='ocrx_word' id='word_1_164' title='bbox 2618 1446 3007 1507; x_wconf 85' lang='lat' dir='ltr'><strong>acclamatoria</strong></span> <span class='ocrx_word' id='word_1_165' title='bbox 3030 1442 3261 1501; x_wconf 88' lang='lat' dir='ltr'><strong>homilia</strong></span> <span class='ocrx_word' id='word_1_166' title='bbox 3287 1451 3344 1498; x_wconf 91' lang='lat' dir='ltr'><strong>et</strong></span> <span class='ocrx_word' id='word_1_167' title='bbox 3361 1439 3565 1497; x_wconf 80' lang='lat' dir='ltr'><strong>exhor-</strong></span> 
     </span>
    </p>
   </div>
   <div class='ocr_carea' id='block_1_29' title="bbox 1970 1529 3564 1615">
    <p class='ocr_par' dir='ltr' id='par_1_29' title="bbox 1970 1529 3564 1615">
     <span class='ocr_line' id='line_1_29' title="bbox 1970 1529 3564 1615; baseline -0.016 -9"><span class='ocrx_word' id='word_1_168' title='bbox 1970 1549 2108 1606; x_wconf 85' lang='lat' dir='ltr'><strong>tatio</strong></span> <span class='ocrx_word' id='word_1_169' title='bbox 2146 1546 2277 1615; x_wconf 76' lang='lat' dir='ltr'><strong>fiat;</strong></span> <span class='ocrx_word' id='word_1_170' title='bbox 2330 1544 2428 1602; x_wconf 87' lang='lat' dir='ltr'><strong>sed</strong></span> <span class='ocrx_word' id='word_1_171' title='bbox 2475 1543 2726 1614; x_wconf 61' lang='lat' dir='ltr'><strong>saepius:</strong></span> <span class='ocrx_word' id='word_1_172' title='bbox 2774 1540 2907 1594; x_wconf 87' lang='lat' dir='ltr'><strong>item</strong></span> <span class='ocrx_word' id='word_1_173' title='bbox 2955 1533 3271 1607; x_wconf 89' lang='lat' dir='ltr'><strong>postuletur</strong></span> <span class='ocrx_word' id='word_1_174' title='bbox 3324 1529 3564 1599; x_wconf 85' lang='lat' dir='ltr'><strong>quisque</strong></span> 
     </span>
    </p>
   </div>
   <div class='ocr_carea' id='block_1_30' title="bbox 1968 1621 3567 1714">
    <p class='ocr_par' dir='ltr' id='par_1_30' title="bbox 1968 1621 3567 1714">
     <span class='ocr_line' id='line_1_30' title="bbox 1968 1621 3567 1714; baseline -0.016 -15"><span class='ocrx_word' id='word_1_175' title='bbox 1968 1658 2069 1714; x_wconf 90' lang='lat' dir='ltr'><strong>per</strong></span> <span class='ocrx_word' id='word_1_176' title='bbox 2093 1651 2244 1697; x_wconf 88' lang='lat' dir='ltr'><strong>tuam</strong></span> <span class='ocrx_word' id='word_1_177' title='bbox 2276 1635 2725 1700; x_wconf 86' lang='lat' dir='ltr'><strong>sanctimoniam,</strong></span> <span class='ocrx_word' id='word_1_178' title='bbox 2755 1646 2921 1703; x_wconf 90' lang='lat' dir='ltr'><strong>quem</strong></span> <span class='ocrx_word' id='word_1_179' title='bbox 2960 1635 3086 1699; x_wconf 90' lang='lat' dir='ltr'><strong>post</strong></span> <span class='ocrx_word' id='word_1_180' title='bbox 3116 1624 3335 1681; x_wconf 81' lang='lat' dir='ltr'><strong>vocales</strong></span> <span class='ocrx_word' id='word_1_181' title='bbox 3362 1621 3567 1676; x_wconf 86' lang='lat' dir='ltr'><strong>adhor-</strong></span> 
     </span>
    </p>
   </div>
   <div class='ocr_carea' id='block_1_31' title="bbox 1972 1712 3566 1800">
    <p class='ocr_par' dir='ltr' id='par_1_31' title="bbox 1972 1712 3566 1800">
     <span class='ocr_line' id='line_1_31' title="bbox 1972 1712 3566 1800; baseline -0.017 -9"><span class='ocrx_word' id='word_1_182' title='bbox 1972 1712 2213 1791; x_wconf 73' lang='lat' dir='ltr'><strong>tationes</strong></span> <span class='ocrx_word' id='word_1_183' title='bbox 2245 1733 2490 1788; x_wconf 82' lang='lat' dir='ltr'><strong>fructum</strong></span> <span class='ocrx_word' id='word_1_184' title='bbox 2515 1725 2850 1800; x_wconf 87' lang='lat' dir='ltr'><strong>perceperit.</strong></span> <span class='ocrx_word' id='word_1_185' title='bbox 2867 1722 2972 1789; x_wconf 84' lang='lat' dir='ltr'><strong>Qui</strong></span> <span class='ocrx_word' id='word_1_186' title='bbox 2995 1734 3129 1775; x_wconf 87' lang='lat' dir='ltr'><strong>vero</strong></span> <span class='ocrx_word' id='word_1_187' title='bbox 3163 1717 3400 1772; x_wconf 81' lang='lat' dir='ltr'><strong>fructum</strong></span> <span class='ocrx_word' id='word_1_188' title='bbox 3429 1712 3566 1766; x_wconf 86' lang='lat' dir='ltr'><strong>ube-</strong></span> 
     </span>
    </p>
   </div>
   <div class='ocr_carea' id='block_1_32' title="bbox 278 1804 1885 1913">
    <p class='ocr_par' dir='ltr' id='par_1_32' title="bbox 278 1811 1869 1913">
     <span class='ocr_line' id='line_1_32' title="bbox 278 1811 1869 1913; baseline 0.001 -48"><span class='ocrx_word' id='word_1_189' title='bbox 278 1828 436 1866; x_wconf 88' lang='grc' dir='ltr'>σατο.</span> <span class='ocrx_word' id='word_1_190' title='bbox 460 1811 620 1913; x_wconf 55' lang='lat' dir='ltr'><strong>Kuh?</strong></span> <span class='ocrx_word' id='word_1_191' title='bbox 646 1811 860 1883; x_wconf 80' lang='grc' dir='ltr'>καρπὸν</span> <span class='ocrx_word' id='word_1_192' title='bbox 892 1811 1290 1885; x_wconf 81' lang='grc' dir='ltr'>εὐθαλέστερον</span> <span class='ocrx_word' id='word_1_193' title='bbox 1311 1813 1421 1867; x_wconf 88' lang='grc' dir='ltr'><strong>τῶν</strong></span> <span class='ocrx_word' id='word_1_194' title='bbox 1468 1814 1645 1870; x_wconf 80' lang='grc' dir='ltr'>ἄλλων</span> <span class='ocrx_word' id='word_1_195' title='bbox 1694 1831 1869 1886; x_wconf 81' lang='grc' dir='ltr'>προσ-</span> 
     </span>
    </p>
   </div>
   <div class='ocr_carea' id='block_1_33' title="bbox 1989 1804 3566 1913">
    <p class='ocr_par' dir='ltr' id='par_1_33' title="bbox 1989 1804 3566 1887">
     <span class='ocr_line' id='line_1_33' title="bbox 1989 1804 3566 1887; baseline -0.016 -5"><span class='ocrx_word' id='word_1_196' title='bbox 1989 1829 2179 1884; x_wconf 67' lang='lat' dir='ltr'><strong>riorem</strong></span> <span class='ocrx_word' id='word_1_197' title='bbox 2222 1824 2439 1881; x_wconf 72' lang='lat' dir='ltr'><strong>caeteris</strong></span> <span class='ocrx_word' id='word_1_198' title='bbox 2472 1821 2695 1886; x_wconf 56' lang='lat' dir='ltr'><strong>oneret,</strong></span> <span class='ocrx_word' id='word_1_199' title='bbox 2737 1813 3130 1887; x_wconf 88' lang='lat' dir='ltr'><strong>suscipiendus</strong></span> <span class='ocrx_word' id='word_1_200' title='bbox 3170 1826 3200 1865; x_wconf 90' lang='lat' dir='ltr'><strong>a</strong></span> <span class='ocrx_word' id='word_1_201' title='bbox 3232 1818 3324 1864; x_wconf 88' lang='lat' dir='ltr'><strong>tua</strong></span> <span class='ocrx_word' id='word_1_202' title='bbox 3356 1804 3566 1861; x_wconf 87' lang='lat' dir='ltr'><strong>sancti-</strong></span> 
     </span>
    </p>
   </div>
   <div class='ocr_carea' id='block_1_34' title="bbox 275 1899 1872 1977">
    <p class='ocr_par' dir='ltr' id='par_1_34' title="bbox 275 1899 1872 1977">
     <span class='ocr_line' id='line_1_34' title="bbox 275 1899 1872 1977; baseline 0.003 -22"><span class='ocrx_word' id='word_1_203' title='bbox 275 1899 549 1972; x_wconf 83' lang='grc' dir='ltr'>ενεγκὼν,</span> <span class='ocrx_word' id='word_1_204' title='bbox 587 1902 887 1968; x_wconf 81' lang='grc' dir='ltr'>ἀποδεκτὸς</span> <span class='ocrx_word' id='word_1_205' title='bbox 914 1902 1067 1976; x_wconf 83' lang='grc' dir='ltr'>παρὰ</span> <span class='ocrx_word' id='word_1_206' title='bbox 1093 1904 1195 1975; x_wconf 83' lang='grc' dir='ltr'>τῆς</span> <span class='ocrx_word' id='word_1_207' title='bbox 1220 1906 1318 1973; x_wconf 84' lang='grc' dir='ltr'>σῆς</span> <span class='ocrx_word' id='word_1_208' title='bbox 1349 1905 1638 1977; x_wconf 79' lang='grc' dir='ltr'>ἁγιότητος</span> <span class='ocrx_word' id='word_1_209' title='bbox 1659 1905 1872 1976; x_wconf 75' lang='grc' dir='ltr'>λογιζέ-</span> 
     </span>
    </p>
   </div>
   <div class='ocr_carea' id='block_1_35' title="bbox 278 1986 1875 2070">
    <p class='ocr_par' dir='ltr' id='par_1_35' title="bbox 278 1986 1875 2070">
     <span class='ocr_line' id='line_1_35' title="bbox 278 1986 1875 2070; baseline 0.003 -22"><span class='ocrx_word' id='word_1_210' title='bbox 278 1993 417 2062; x_wconf 83' lang='grc' dir='ltr'>σθω,</span> <span class='ocrx_word' id='word_1_211' title='bbox 450 1996 545 2049; x_wconf 81' lang='grc' dir='ltr'>καὶ</span> <span class='ocrx_word' id='word_1_212' title='bbox 582 1995 950 2065; x_wconf 78' lang='grc' dir='ltr'>ἐγκρινέσθω,</span> <span class='ocrx_word' id='word_1_213' title='bbox 987 1997 1081 2051; x_wconf 72' lang='grc' dir='ltr'>καὶ</span> <span class='ocrx_word' id='word_1_214' title='bbox 1108 1997 1361 2069; x_wconf 82' lang='grc' dir='ltr'>μείζονος</span> <span class='ocrx_word' id='word_1_215' title='bbox 1408 1998 1562 2070; x_wconf 74' lang='grc' dir='ltr'>παρὰ</span> <span class='ocrx_word' id='word_1_216' title='bbox 1591 1986 1722 2064; x_wconf 73' lang='grc' dir='ltr'>τοὺς</span> <span class='ocrx_word' id='word_1_217' title='bbox 1776 1998 1875 2054; x_wconf 75' lang='grc' dir='ltr'><strong>ἄλ·-</strong></span> 
     </span>
    </p>
   </div>
   <div class='ocr_carea' id='block_1_36' title="bbox 277 2084 1875 2161">
    <p class='ocr_par' dir='ltr' id='par_1_36' title="bbox 277 2084 1875 2161">
     <span class='ocr_line' id='line_1_36' title="bbox 277 2084 1875 2161; baseline 0.004 -22"><span class='ocrx_word' id='word_1_218' title='bbox 277 2087 412 2152; x_wconf 89' lang='grc' dir='ltr'>λους</span> <span class='ocrx_word' id='word_1_219' title='bbox 445 2089 610 2159; x_wconf 83' lang='grc' dir='ltr'>τιμῆς</span> <span class='ocrx_word' id='word_1_220' title='bbox 633 2087 929 2161; x_wconf 65' lang='grc' dir='ltr'>ἀξιούσθω,</span> <span class='ocrx_word' id='word_1_221' title='bbox 956 2089 1043 2143; x_wconf 77' lang='grc' dir='ltr'>ὅτι</span> <span class='ocrx_word' id='word_1_222' title='bbox 1073 2090 1418 2161; x_wconf 80' lang='grc' dir='ltr'>ηύπείθησεν</span> <span class='ocrx_word' id='word_1_223' title='bbox 1453 2084 1610 2154; x_wconf 74' lang='grc' dir='ltr'>οὗτος</span> <span class='ocrx_word' id='word_1_224' title='bbox 1634 2089 1717 2161; x_wconf 81' lang='grc' dir='ltr'>τῷ</span> <span class='ocrx_word' id='word_1_225' title='bbox 1756 2092 1875 2145; x_wconf 82' lang='grc' dir='ltr'><strong>Κυ-</strong></span> 
     </span>
    </p>
   </div>
   <div class='ocr_carea' id='block_1_37' title="bbox 282 2176 1873 2254">
    <p class='ocr_par' dir='ltr' id='par_1_37' title="bbox 282 2176 1873 2254">
     <span class='ocr_line' id='line_1_37' title="bbox 282 2176 1873 2254; baseline 0.002 -21"><span class='ocrx_word' id='word_1_226' title='bbox 282 2178 462 2250; x_wconf 79' lang='grc' dir='ltr'>ριακῷ</span> <span class='ocrx_word' id='word_1_227' title='bbox 500 2180 953 2251; x_wconf 84' lang='grc' dir='ltr'>παραγγέλματι.</span> <span class='ocrx_word' id='word_1_228' title='bbox 989 2182 1164 2246; x_wconf 82' lang='grc' dir='ltr'>Αὐτὸς</span> <span class='ocrx_word' id='word_1_229' title='bbox 1192 2182 1304 2254; x_wconf 70' lang='grc' dir='ltr'>γὰρ</span> <span class='ocrx_word' id='word_1_230' title='bbox 1327 2176 1485 2238; x_wconf 79' lang='grc' dir='ltr'>εἶπεν</span> <span class='ocrx_word' id='word_1_231' title='bbox 1535 2184 1564 2237; x_wconf 98' lang='lat'><strong>6</strong></span> <span class='ocrx_word' id='word_1_232' title='bbox 1619 2183 1827 2254; x_wconf 79' lang='grc' dir='ltr'>Κύριος</span> <span class='ocrx_word' id='word_1_233' title='bbox 1858 2199 1873 2214; x_wconf 75' lang='grc' dir='ltr'><strong>ο</strong></span> 
     </span>
    </p>
   </div>
   <div class='ocr_carea' id='block_1_38' title="bbox 276 2269 1880 2345">
    <p class='ocr_par' dir='ltr' id='par_1_38' title="bbox 276 2269 1880 2345">
     <span class='ocr_line' id='line_1_38' title="bbox 276 2269 1880 2345; baseline 0.002 -18"><span class='ocrx_word' id='word_1_234' title='bbox 276 2269 535 2337; x_wconf 76' lang='grc' dir='ltr'><strong>Αἰτεῖτε,</strong></span> <span class='ocrx_word' id='word_1_235' title='bbox 588 2271 687 2325; x_wconf 76' lang='grc' dir='ltr'>καὶ</span> <span class='ocrx_word' id='word_1_236' title='bbox 707 2271 1033 2339; x_wconf 81' lang='grc' dir='ltr'>δοθήσεται</span> <span class='ocrx_word' id='word_1_237' title='bbox 1049 2273 1199 2344; x_wconf 83' lang='grc' dir='ltr'><strong>ὑμῖν</strong></span> <span class='ocrx_word' id='word_1_238' title='bbox 1225 2290 1242 2307; x_wconf 70' lang='grc' dir='ltr'><strong>ο</strong></span> <span class='ocrx_word' id='word_1_239' title='bbox 1272 2273 1517 2342; x_wconf 80' lang='grc' dir='ltr'>ζητεῖτε,</span> <span class='ocrx_word' id='word_1_240' title='bbox 1570 2274 1668 2329; x_wconf 79' lang='grc' dir='ltr'>καὶ</span> <span class='ocrx_word' id='word_1_241' title='bbox 1703 2274 1880 2345; x_wconf 59' lang='lat' dir='ltr'><strong>silmi-</strong></span> 
     </span>
    </p>
   </div>
   <div class='ocr_carea' id='block_1_39' title="bbox 278 2365 1880 2456">
    <p class='ocr_par' dir='ltr' id='par_1_39' title="bbox 278 2365 1880 2456">
     <span class='ocr_line' id='line_1_39' title="bbox 278 2365 1880 2456; baseline 0.004 -39"><span class='ocrx_word' id='word_1_242' title='bbox 278 2376 429 2456; x_wconf 64' lang='lat' dir='ltr'><strong>vste</strong></span> <span class='ocrx_word' id='word_1_243' title='bbox 447 2380 461 2393; x_wconf 92' lang='grc'><strong>·</strong></span> <span class='ocrx_word' id='word_1_244' title='bbox 504 2365 772 2434; x_wconf 80' lang='grc' dir='ltr'>κρούετε,</span> <span class='ocrx_word' id='word_1_245' title='bbox 799 2366 898 2420; x_wconf 78' lang='grc' dir='ltr'><strong>καί</strong></span> <span class='ocrx_word' id='word_1_246' title='bbox 925 2365 1321 2435; x_wconf 79' lang='grc' dir='ltr'>ἀνοιγήσεται</span> <span class='ocrx_word' id='word_1_247' title='bbox 1355 2366 1523 2437; x_wconf 77' lang='grc' dir='ltr'>ὑμῖν.</span> <span class='ocrx_word' id='word_1_248' title='bbox 1545 2366 1675 2434; x_wconf 85' lang='grc' dir='ltr'><strong>Πᾶς</strong></span> <span class='ocrx_word' id='word_1_249' title='bbox 1697 2366 1812 2438; x_wconf 77' lang='grc' dir='ltr'>γὰρ</span> <span class='ocrx_word' id='word_1_250' title='bbox 1846 2370 1880 2423; x_wconf 86' lang='grc' dir='ltr'><strong>ό</strong></span> 
     </span>
    </p>
   </div>
   <div class='ocr_carea' id='block_1_40' title="bbox 280 2456 1881 2528">
    <p class='ocr_par' dir='ltr' id='par_1_40' title="bbox 280 2456 1881 2528">
     <span class='ocr_line' id='line_1_40' title="bbox 280 2456 1881 2528; baseline -0.001 -16"><span class='ocrx_word' id='word_1_251' title='bbox 280 2457 473 2513; x_wconf 72' lang='grc' dir='ltr'>αἰτῶν</span> <span class='ocrx_word' id='word_1_252' title='bbox 499 2457 813 2528; x_wconf 71' lang='grc' dir='ltr'>λαμϐάνει,</span> <span class='ocrx_word' id='word_1_253' title='bbox 874 2456 969 2512; x_wconf 77' lang='grc' dir='ltr'>καὶ</span> <span class='ocrx_word' id='word_1_254' title='bbox 1012 2461 1047 2512; x_wconf 82' lang='grc' dir='ltr'><strong>ό</strong></span> <span class='ocrx_word' id='word_1_255' title='bbox 1087 2456 1276 2525; x_wconf 77' lang='grc' dir='ltr'>ζητῶν</span> <span class='ocrx_word' id='word_1_256' title='bbox 1317 2459 1609 2526; x_wconf 77' lang='grc' dir='ltr'>εὑρίσκει,</span> <span class='ocrx_word' id='word_1_257' title='bbox 1649 2457 1750 2512; x_wconf 74' lang='grc' dir='ltr'>καὶ</span> <span class='ocrx_word' id='word_1_258' title='bbox 1797 2456 1881 2524; x_wconf 79' lang='grc' dir='ltr'>τῷ</span> 
     </span>
    </p>
   </div>
   <div class='ocr_carea' id='block_1_41' title="bbox 281 2548 1878 2620">
    <p class='ocr_par' dir='ltr' id='par_1_41' title="bbox 281 2548 1878 2620">
     <span class='ocr_line' id='line_1_41' title="bbox 281 2548 1878 2620; baseline -0.003 -15"><span class='ocrx_word' id='word_1_259' title='bbox 281 2550 574 2619; x_wconf 71' lang='grc' dir='ltr'>κρούοντι</span> <span class='ocrx_word' id='word_1_260' title='bbox 603 2548 1016 2620; x_wconf 79' lang='grc' dir='ltr'>ἀνοιγήσεται.</span> <span class='ocrx_word' id='word_1_261' title='bbox 1047 2551 1159 2603; x_wconf 69' lang='grc' dir='ltr'><strong>Καὶ</strong></span> <span class='ocrx_word' id='word_1_262' title='bbox 1195 2550 1223 2603; x_wconf 89' lang='lat'><strong>6</strong></span> <span class='ocrx_word' id='word_1_263' title='bbox 1244 2549 1490 2614; x_wconf 74' lang='grc' dir='ltr'>τοιοῦτος</span> <span class='ocrx_word' id='word_1_264' title='bbox 1522 2550 1646 2604; x_wconf 71' lang='grc' dir='ltr'>ἐπεὶ</span> <span class='ocrx_word' id='word_1_265' title='bbox 1676 2549 1878 2620; x_wconf 79' lang='grc' dir='ltr'><strong>ἐζήτη-</strong></span> 
     </span>
    </p>
   </div>
   <div class='ocr_carea' id='block_1_42' title="bbox 283 2631 1880 2723">
    <p class='ocr_par' dir='ltr' id='par_1_42' title="bbox 283 2631 1880 2723">
     <span class='ocr_line' id='line_1_42' title="bbox 283 2631 1880 2723; baseline 0.002 -34"><span class='ocrx_word' id='word_1_266' title='bbox 283 2653 385 2690; x_wconf 89' lang='grc' dir='ltr'><strong>σεν</strong></span> <span class='ocrx_word' id='word_1_267' title='bbox 414 2631 597 2706; x_wconf 78' lang='grc' dir='ltr'>εὗρεν,</span> <span class='ocrx_word' id='word_1_268' title='bbox 629 2637 802 2723; x_wconf 73' lang='grc' dir='ltr'>ᾔτησε</span> <span class='ocrx_word' id='word_1_269' title='bbox 839 2639 935 2693; x_wconf 82' lang='grc' dir='ltr'>καὶ</span> <span class='ocrx_word' id='word_1_270' title='bbox 985 2638 1200 2703; x_wconf 77' lang='grc' dir='ltr'>ἔλασεν,</span> <span class='ocrx_word' id='word_1_271' title='bbox 1256 2639 1487 2711; x_wconf 76' lang='grc' dir='ltr'>ἔκρουσε</span> <span class='ocrx_word' id='word_1_272' title='bbox 1547 2640 1641 2693; x_wconf 74' lang='grc' dir='ltr'>καὶ</span> <span class='ocrx_word' id='word_1_273' title='bbox 1686 2639 1880 2712; x_wconf 71' lang='grc' dir='ltr'>ἠνοίγη</span> 
     </span>
    </p>
   </div>
   <div class='ocr_carea' id='block_1_43' title="bbox 283 2727 1884 2805">
    <p class='ocr_par' dir='ltr' id='par_1_43' title="bbox 283 2727 1884 2805">
     <span class='ocr_line' id='line_1_43' title="bbox 283 2727 1884 2805; baseline 0.001 -20"><span class='ocrx_word' id='word_1_274' title='bbox 283 2730 465 2802; x_wconf 80' lang='grc' dir='ltr'>αὐτῷ.</span> <span class='ocrx_word' id='word_1_275' title='bbox 489 2730 596 2787; x_wconf 79' lang='grc' dir='ltr'>Τὸν</span> <span class='ocrx_word' id='word_1_276' title='bbox 626 2727 721 2787; x_wconf 82' lang='grc' dir='ltr'>οὖν</span> <span class='ocrx_word' id='word_1_277' title='bbox 746 2733 812 2786; x_wconf 75' lang='grc' dir='ltr'>ὲκ</span> <span class='ocrx_word' id='word_1_278' title='bbox 836 2732 972 2788; x_wconf 76' lang='grc' dir='ltr'>Θεοῦ</span> <span class='ocrx_word' id='word_1_279' title='bbox 1003 2731 1244 2788; x_wconf 75' lang='grc' dir='ltr'>λαϐόντα</span> <span class='ocrx_word' id='word_1_280' title='bbox 1270 2732 1532 2805; x_wconf 82' lang='grc' dir='ltr'>τοιαύτην</span> <span class='ocrx_word' id='word_1_281' title='bbox 1575 2734 1742 2804; x_wconf 78' lang='grc' dir='ltr'>τιμὴν</span> <span class='ocrx_word' id='word_1_282' title='bbox 1792 2731 1884 2786; x_wconf 80' lang='grc' dir='ltr'><strong>διὰ</strong></span> 
     </span>
    </p>
   </div>
   <div class='ocr_carea' id='block_1_44' title="bbox 285 2825 1884 2898">
    <p class='ocr_par' dir='ltr' id='par_1_44' title="bbox 285 2825 1884 2898">
     <span class='ocr_line' id='line_1_44' title="bbox 285 2825 1884 2898; baseline 0.001 -20"><span class='ocrx_word' id='word_1_283' title='bbox 285 2826 394 2895; x_wconf 78' lang='grc' dir='ltr'>τῆς</span> <span class='ocrx_word' id='word_1_284' title='bbox 414 2826 623 2889; x_wconf 80' lang='grc' dir='ltr'>οίκείας</span> <span class='ocrx_word' id='word_1_285' title='bbox 653 2825 915 2896; x_wconf 78' lang='grc' dir='ltr'>σπουδῆς,</span> <span class='ocrx_word' id='word_1_286' title='bbox 937 2825 1023 2880; x_wconf 81' lang='grc' dir='ltr'><strong>δεῖ</strong></span> <span class='ocrx_word' id='word_1_287' title='bbox 1052 2826 1149 2880; x_wconf 75' lang='grc' dir='ltr'>καὶ</span> <span class='ocrx_word' id='word_1_288' title='bbox 1173 2825 1276 2897; x_wconf 84' lang='grc' dir='ltr'>τὴν</span> <span class='ocrx_word' id='word_1_289' title='bbox 1296 2826 1613 2898; x_wconf 82' lang='grc' dir='ltr'>ἁγιωσύνην</span> <span class='ocrx_word' id='word_1_290' title='bbox 1656 2826 1884 2897; x_wconf 59' lang='grc' dir='ltr'>σουητῆς</span> 
     </span>
    </p>
   </div>
   <div class='ocr_carea' id='block_1_45' title="bbox 288 2914 1882 2988">
    <p class='ocr_par' dir='ltr' id='par_1_45' title="bbox 288 2914 1882 2988">
     <span class='ocr_line' id='line_1_45' title="bbox 288 2914 1882 2988; baseline -0.001 -18"><span class='ocrx_word' id='word_1_291' title='bbox 288 2915 686 2988; x_wconf 83' lang='grc' dir='ltr'>προσηκούσης</span> <span class='ocrx_word' id='word_1_292' title='bbox 736 2917 908 2988; x_wconf 84' lang='grc' dir='ltr'>τιμῆς</span> <span class='ocrx_word' id='word_1_293' title='bbox 963 2914 1173 2984; x_wconf 75' lang='grc' dir='ltr'>ἀξιοῦν,</span> <span class='ocrx_word' id='word_1_294' title='bbox 1216 2918 1314 2971; x_wconf 79' lang='grc' dir='ltr'>καὶ</span> <span class='ocrx_word' id='word_1_295' title='bbox 1365 2917 1432 2987; x_wconf 80' lang='grc' dir='ltr'>τῇ</span> <span class='ocrx_word' id='word_1_296' title='bbox 1493 2915 1748 2988; x_wconf 80' lang='grc' dir='ltr'>βασιλείᾳ</span> <span class='ocrx_word' id='word_1_297' title='bbox 1781 2933 1882 2986; x_wconf 82' lang='grc' dir='ltr'><strong>μου</strong></span> 
     </span>
    </p>
   </div>
   <div class='ocr_carea' id='block_1_46' title="bbox 287 3007 1886 3081">
    <p class='ocr_par' dir='ltr' id='par_1_46' title="bbox 287 3007 1886 3081">
     <span class='ocr_line' id='line_1_46' title="bbox 287 3007 1886 3081; baseline -0.001 -18"><span class='ocrx_word' id='word_1_298' title='bbox 287 3009 568 3081; x_wconf 76' lang='grc' dir='ltr'>γνωρίσαι</span> <span class='ocrx_word' id='word_1_299' title='bbox 600 3008 805 3078; x_wconf 83' lang='grc' dir='ltr'>μᾶλλον</span> <span class='ocrx_word' id='word_1_300' title='bbox 839 3009 1024 3074; x_wconf 79' lang='grc' dir='ltr'>αὑτὸν,</span> <span class='ocrx_word' id='word_1_301' title='bbox 1057 3011 1145 3063; x_wconf 81' lang='grc' dir='ltr'>ἵνα</span> <span class='ocrx_word' id='word_1_302' title='bbox 1177 3009 1275 3063; x_wconf 81' lang='grc' dir='ltr'>καὶ</span> <span class='ocrx_word' id='word_1_303' title='bbox 1325 3007 1468 3079; x_wconf 74' lang='grc' dir='ltr'>αὕτη</span> <span class='ocrx_word' id='word_1_304' title='bbox 1527 3008 1664 3079; x_wconf 72' lang='grc' dir='ltr'>πρὸς</span> <span class='ocrx_word' id='word_1_305' title='bbox 1721 3008 1886 3063; x_wconf 78' lang='grc' dir='ltr'>αὐτὸν</span> 
     </span>
    </p>
   </div>
   <div class='ocr_carea' id='block_1_47' title="bbox 288 3098 1884 3171">
    <p class='ocr_par' dir='ltr' id='par_1_47' title="bbox 288 3098 1884 3171">
     <span class='ocr_line' id='line_1_47' title="bbox 288 3098 1884 3171; baseline 0 -19"><span class='ocrx_word' id='word_1_306' title='bbox 288 3100 400 3167; x_wconf 81' lang='grc' dir='ltr'>τὴν</span> <span class='ocrx_word' id='word_1_307' title='bbox 422 3100 814 3170; x_wconf 81' lang='grc' dir='ltr'>προσήκουσαν</span> <span class='ocrx_word' id='word_1_308' title='bbox 839 3100 983 3153; x_wconf 78' lang='grc' dir='ltr'>κατὰ</span> <span class='ocrx_word' id='word_1_309' title='bbox 1015 3100 1333 3167; x_wconf 77' lang='grc' dir='ltr'>τδδυνατδν</span> <span class='ocrx_word' id='word_1_310' title='bbox 1377 3100 1546 3171; x_wconf 84' lang='grc' dir='ltr'>τιμὴν</span> <span class='ocrx_word' id='word_1_311' title='bbox 1605 3098 1884 3169; x_wconf 76' lang='grc' dir='ltr'>ἐπιδείξη-</span> 
     </span>
    </p>
   </div>
   <div class='ocr_carea' id='block_1_48' title="bbox 1979 1896 3569 1980">
    <p class='ocr_par' dir='ltr' id='par_1_48' title="bbox 1979 1896 3569 1980">
     <span class='ocr_line' id='line_1_48' title="bbox 1979 1896 3569 1980; baseline -0.016 -6"><span class='ocrx_word' id='word_1_312' title='bbox 1979 1925 2088 1975; x_wconf 86' lang='lat' dir='ltr'><strong>tate</strong></span> <span class='ocrx_word' id='word_1_313' title='bbox 2116 1923 2433 1979; x_wconf 84' lang='lat' dir='ltr'><strong>censeatur,</strong></span> <span class='ocrx_word' id='word_1_314' title='bbox 2454 1908 2874 1980; x_wconf 88' lang='lat' dir='ltr'><strong>comprobetur,</strong></span> <span class='ocrx_word' id='word_1_315' title='bbox 2901 1902 3098 1975; x_wconf 88' lang='lat' dir='ltr'><strong>majori</strong></span> <span class='ocrx_word' id='word_1_316' title='bbox 3118 1914 3285 1971; x_wconf 88' lang='lat' dir='ltr'><strong>supra</strong></span> <span class='ocrx_word' id='word_1_317' title='bbox 3322 1896 3569 1965; x_wconf 88' lang='lat' dir='ltr'><strong>reliquos</strong></span> 
     </span>
    </p>
   </div>
   <div class='ocr_carea' id='block_1_49' title="bbox 1976 1985 3568 2071">
    <p class='ocr_par' dir='ltr' id='par_1_49' title="bbox 1976 1985 3568 2071">
     <span class='ocr_line' id='line_1_49' title="bbox 1976 1985 3568 2071; baseline -0.016 -7"><span class='ocrx_word' id='word_1_318' title='bbox 1976 2010 2216 2065; x_wconf 88' lang='lat' dir='ltr'><strong>donetur</strong></span> <span class='ocrx_word' id='word_1_319' title='bbox 2256 2006 2505 2068; x_wconf 80' lang='lat' dir='ltr'><strong>honore;</strong></span> <span class='ocrx_word' id='word_1_320' title='bbox 2555 2000 2685 2071; x_wconf 86' lang='lat' dir='ltr'><strong>quia</strong></span> <span class='ocrx_word' id='word_1_321' title='bbox 2736 1992 3149 2066; x_wconf 84' lang='lat' dir='ltr'><strong>obtemperavit</strong></span> <span class='ocrx_word' id='word_1_322' title='bbox 3200 1990 3251 2046; x_wconf 86' lang='lat' dir='ltr'><strong>is</strong></span> <span class='ocrx_word' id='word_1_323' title='bbox 3277 1985 3568 2044; x_wconf 90' lang='lat' dir='ltr'><strong>Dominico</strong></span> 
     </span>
    </p>
   </div>
   <div class='ocr_carea' id='block_1_50' title="bbox 1978 2077 3571 2165">
    <p class='ocr_par' dir='ltr' id='par_1_50' title="bbox 1978 2077 3571 2165">
     <span class='ocr_line' id='line_1_50' title="bbox 1978 2077 3571 2165; baseline -0.017 -12"><span class='ocrx_word' id='word_1_324' title='bbox 1978 2099 2210 2153; x_wconf 80' lang='lat' dir='ltr'><strong>monito.</strong></span> <span class='ocrx_word' id='word_1_325' title='bbox 2252 2095 2376 2165; x_wconf 83' lang='lat' dir='ltr'><strong>Ipse</strong></span> <span class='ocrx_word' id='word_1_326' title='bbox 2410 2105 2649 2161; x_wconf 89' lang='lat' dir='ltr'><strong>namque</strong></span> <span class='ocrx_word' id='word_1_327' title='bbox 2691 2087 2830 2143; x_wconf 81' lang='lat' dir='ltr'><strong>dixit</strong></span> <span class='ocrx_word' id='word_1_328' title='bbox 2870 2083 3143 2140; x_wconf 85' lang='lat' dir='ltr'><strong>Dominus</strong></span> <span class='ocrx_word' id='word_1_329' title='bbox 3178 2080 3199 2113; x_wconf 81' lang='grc'><strong>³</strong></span> <span class='ocrx_word' id='word_1_330' title='bbox 3238 2096 3253 2133; x_wconf 89' lang='lat'><strong>:</strong></span> <span class='ocrx_word' id='word_1_331' title='bbox 3287 2077 3477 2141; x_wconf 74' lang='lat' dir='ltr'><strong>Petita,</strong></span> <span class='ocrx_word' id='word_1_332' title='bbox 3516 2080 3571 2128; x_wconf 78' lang='lat' dir='ltr'><strong>et</strong></span> 
     </span>
    </p>
   </div>
   <div class='ocr_carea' id='block_1_51' title="bbox 1979 2171 3571 2254">
    <p class='ocr_par' dir='ltr' id='par_1_51' title="bbox 1979 2171 3571 2254">
     <span class='ocr_line' id='line_1_51' title="bbox 1979 2171 3571 2254; baseline -0.017 -8"><span class='ocrx_word' id='word_1_333' title='bbox 1979 2191 2192 2246; x_wconf 76' lang='lat' dir='ltr'><strong>dabitur</strong></span> <span class='ocrx_word' id='word_1_334' title='bbox 2212 2187 2386 2251; x_wconf 77' lang='lat' dir='ltr'><strong>vobis;</strong></span> <span class='ocrx_word' id='word_1_335' title='bbox 2417 2184 2657 2254; x_wconf 72' lang='lat' dir='ltr'><strong>quazrite,</strong></span> <span class='ocrx_word' id='word_1_336' title='bbox 2692 2187 2742 2234; x_wconf 90' lang='lat' dir='ltr'><strong>et</strong></span> <span class='ocrx_word' id='word_1_337' title='bbox 2770 2175 3078 2240; x_wconf 76' lang='lat' dir='ltr'><strong>invenietis;</strong></span> <span class='ocrx_word' id='word_1_338' title='bbox 3115 2171 3345 2244; x_wconf 75' lang='lat' dir='ltr'><strong>pulsate,</strong></span> <span class='ocrx_word' id='word_1_339' title='bbox 3371 2176 3419 2222; x_wconf 83' lang='lat' dir='ltr'><strong>et</strong></span> <span class='ocrx_word' id='word_1_340' title='bbox 3442 2182 3571 2239; x_wconf 80' lang='lat' dir='ltr'><strong>ape-</strong></span> 
     </span>
    </p>
   </div>
   <div class='ocr_carea' id='block_1_52' title="bbox 1980 2258 3575 2342">
    <p class='ocr_par' dir='ltr' id='par_1_52' title="bbox 1980 2258 3575 2342">
     <span class='ocr_line' id='line_1_52' title="bbox 1980 2258 3575 2342; baseline -0.018 -3"><span class='ocrx_word' id='word_1_341' title='bbox 1980 2286 2150 2339; x_wconf 84' lang='lat' dir='ltr'><strong>rietur</strong></span> <span class='ocrx_word' id='word_1_342' title='bbox 2179 2280 2345 2336; x_wconf 79' lang='lat' dir='ltr'><strong>vobis.</strong></span> <span class='ocrx_word' id='word_1_343' title='bbox 2378 2276 2560 2332; x_wconf 85' lang='lat' dir='ltr'><strong>Omnis</strong></span> <span class='ocrx_word' id='word_1_344' title='bbox 2609 2274 2753 2328; x_wconf 87' lang='lat' dir='ltr'><strong>enim</strong></span> <span class='ocrx_word' id='word_1_345' title='bbox 2793 2272 2883 2342; x_wconf 87' lang='lat' dir='ltr'><strong>qui</strong></span> <span class='ocrx_word' id='word_1_346' title='bbox 2931 2268 3082 2340; x_wconf 84' lang='lat' dir='ltr'><strong>petit,</strong></span> <span class='ocrx_word' id='word_1_347' title='bbox 3139 2264 3368 2334; x_wconf 83' lang='lat' dir='ltr'><strong>accipit;</strong></span> <span class='ocrx_word' id='word_1_348' title='bbox 3395 2268 3444 2315; x_wconf 85' lang='lat' dir='ltr'><strong>et</strong></span> <span class='ocrx_word' id='word_1_349' title='bbox 3482 2258 3575 2329; x_wconf 86' lang='lat' dir='ltr'><strong>qui</strong></span> 
     </span>
    </p>
   </div>
   <div class='ocr_carea' id='block_1_53' title="bbox 1981 2351 3576 2450">
    <p class='ocr_par' dir='ltr' id='par_1_53' title="bbox 1981 2351 3576 2450">
     <span class='ocr_line' id='line_1_53' title="bbox 1981 2351 3576 2450; baseline -0.018 -17"><span class='ocrx_word' id='word_1_350' title='bbox 1981 2376 2192 2450; x_wconf 63' lang='lat' dir='ltr'><strong>quierit,</strong></span> <span class='ocrx_word' id='word_1_351' title='bbox 2215 2373 2457 2434; x_wconf 75' lang='lat' dir='ltr'><strong>invenit;</strong></span> <span class='ocrx_word' id='word_1_352' title='bbox 2493 2376 2544 2423; x_wconf 88' lang='lat' dir='ltr'><strong>et</strong></span> <span class='ocrx_word' id='word_1_353' title='bbox 2566 2364 2805 2437; x_wconf 72' lang='lat' dir='ltr'><strong>pulsanti</strong></span> <span class='ocrx_word' id='word_1_354' title='bbox 2830 2360 3129 2434; x_wconf 85' lang='lat' dir='ltr'><strong>aperietur.</strong></span> <span class='ocrx_word' id='word_1_355' title='bbox 3160 2355 3278 2422; x_wconf 91' lang='lat' dir='ltr'><strong>llle,</strong></span> <span class='ocrx_word' id='word_1_356' title='bbox 3311 2351 3576 2424; x_wconf 90' lang='lat' dir='ltr'><strong>quoniam</strong></span> 
     </span>
    </p>
   </div>
   <div class='ocr_carea' id='block_1_54' title="bbox 1982 2443 3578 2539">
    <p class='ocr_par' dir='ltr' id='par_1_54' title="bbox 1982 2443 3578 2539">
     <span class='ocr_line' id='line_1_54' title="bbox 1982 2443 3578 2539; baseline -0.018 -16"><span class='ocrx_word' id='word_1_357' title='bbox 1982 2443 2258 2539; x_wconf 66' lang='lat' dir='ltr'><strong>quaesivit,</strong></span> <span class='ocrx_word' id='word_1_358' title='bbox 2306 2458 2553 2523; x_wconf 83' lang='lat' dir='ltr'><strong>invenit;</strong></span> <span class='ocrx_word' id='word_1_359' title='bbox 2601 2454 2783 2526; x_wconf 89' lang='lat' dir='ltr'><strong>petiit,</strong></span> <span class='ocrx_word' id='word_1_360' title='bbox 2835 2460 2893 2508; x_wconf 92' lang='lat' dir='ltr'><strong>et</strong></span> <span class='ocrx_word' id='word_1_361' title='bbox 2923 2448 3173 2520; x_wconf 89' lang='lat' dir='ltr'><strong>accepit;</strong></span> <span class='ocrx_word' id='word_1_362' title='bbox 3219 2443 3482 2516; x_wconf 82' lang='lat' dir='ltr'><strong>pulsavit,</strong></span> <span class='ocrx_word' id='word_1_363' title='bbox 3517 2449 3578 2496; x_wconf 90' lang='lat' dir='ltr'><strong>et</strong></span> 
     </span>
    </p>
   </div>
   <div class='ocr_carea' id='block_1_55' title="bbox 1984 2536 3579 2629">
    <p class='ocr_par' dir='ltr' id='par_1_55' title="bbox 1984 2536 3579 2629">
     <span class='ocr_line' id='line_1_55' title="bbox 1984 2536 3579 2629; baseline -0.018 -15"><span class='ocrx_word' id='word_1_364' title='bbox 1984 2536 2237 2629; x_wconf 74' lang='lat' dir='ltr'><strong>apertum</strong></span> <span class='ocrx_word' id='word_1_365' title='bbox 2265 2550 2447 2609; x_wconf 72' lang='lat' dir='ltr'><strong>est’ei.</strong></span> <span class='ocrx_word' id='word_1_366' title='bbox 2473 2550 2614 2605; x_wconf 87' lang='lat' dir='ltr'><strong>Eum</strong></span> <span class='ocrx_word' id='word_1_367' title='bbox 2641 2561 2775 2625; x_wconf 72' lang='lat' dir='ltr'><strong>ergo</strong></span> <span class='ocrx_word' id='word_1_368' title='bbox 2804 2543 2901 2615; x_wconf 88' lang='lat' dir='ltr'><strong>qui</strong></span> <span class='ocrx_word' id='word_1_369' title='bbox 2930 2558 3032 2614; x_wconf 90' lang='lat' dir='ltr'><strong>per</strong></span> <span class='ocrx_word' id='word_1_370' title='bbox 3066 2536 3415 2610; x_wconf 82' lang='lat' dir='ltr'><strong>diligentiam</strong></span> <span class='ocrx_word' id='word_1_371' title='bbox 3448 2542 3579 2605; x_wconf 84' lang='lat' dir='ltr'><strong>pro-</strong></span> 
     </span>
    </p>
   </div>
   <div class='ocr_carea' id='block_1_56' title="bbox 1984 2632 3581 2724">
    <p class='ocr_par' dir='ltr' id='par_1_56' title="bbox 1984 2632 3581 2724">
     <span class='ocr_line' id='line_1_56' title="bbox 1984 2632 3581 2724; baseline -0.018 -16"><span class='ocrx_word' id='word_1_372' title='bbox 1984 2651 2165 2724; x_wconf 87' lang='lat' dir='ltr'><strong>priam</strong></span> <span class='ocrx_word' id='word_1_373' title='bbox 2212 2649 2359 2703; x_wconf 91' lang='lat' dir='ltr'><strong>hunc</strong></span> <span class='ocrx_word' id='word_1_374' title='bbox 2390 2660 2420 2699; x_wconf 89' lang='lat' dir='ltr'><strong>a</strong></span> <span class='ocrx_word' id='word_1_375' title='bbox 2471 2632 2591 2699; x_wconf 88' lang='lat' dir='ltr'><strong>Deo</strong></span> <span class='ocrx_word' id='word_1_376' title='bbox 2631 2639 2847 2709; x_wconf 89' lang='lat' dir='ltr'><strong>accepit</strong></span> <span class='ocrx_word' id='word_1_377' title='bbox 2898 2637 3193 2698; x_wconf 87' lang='lat' dir='ltr'><strong>honorem,</strong></span> <span class='ocrx_word' id='word_1_378' title='bbox 3241 2635 3464 2702; x_wconf 89' lang='lat' dir='ltr'><strong>oportet</strong></span> <span class='ocrx_word' id='word_1_379' title='bbox 3519 2634 3581 2679; x_wconf 89' lang='lat' dir='ltr'><strong>ut</strong></span> 
     </span>
    </p>
   </div>
   <div class='ocr_carea' id='block_1_57' title="bbox 1988 2717 3580 2799">
    <p class='ocr_par' dir='ltr' id='par_1_57' title="bbox 1988 2717 3580 2799">
     <span class='ocr_line' id='line_1_57' title="bbox 1988 2717 3580 2799; baseline -0.018 0"><span class='ocrx_word' id='word_1_380' title='bbox 1988 2740 2258 2799; x_wconf 87' lang='lat' dir='ltr'><strong>sanctitas</strong></span> <span class='ocrx_word' id='word_1_381' title='bbox 2289 2746 2382 2793; x_wconf 91' lang='lat' dir='ltr'><strong>tua</strong></span> <span class='ocrx_word' id='word_1_382' title='bbox 2410 2730 2763 2791; x_wconf 87' lang='lat' dir='ltr'><strong>convenienti</strong></span> <span class='ocrx_word' id='word_1_383' title='bbox 2796 2729 3009 2783; x_wconf 89' lang='lat' dir='ltr'><strong>honore</strong></span> <span class='ocrx_word' id='word_1_384' title='bbox 3053 2725 3349 2796; x_wconf 86' lang='lat' dir='ltr'><strong>dignetur;</strong></span> <span class='ocrx_word' id='word_1_385' title='bbox 3378 2717 3580 2789; x_wconf 80' lang='lat' dir='ltr'><strong>magis-</strong></span> 
     </span>
    </p>
   </div>
   <div class='ocr_carea' id='block_1_58' title="bbox 1987 2813 3580 2909">
    <p class='ocr_par' dir='ltr' id='par_1_58' title="bbox 1987 2813 3580 2909">
     <span class='ocr_line' id='line_1_58' title="bbox 1987 2813 3580 2909; baseline -0.017 -16"><span class='ocrx_word' id='word_1_386' title='bbox 1987 2851 2096 2909; x_wconf 89' lang='lat' dir='ltr'><strong>que</strong></span> <span class='ocrx_word' id='word_1_387' title='bbox 2127 2831 2404 2906; x_wconf 82' lang='lat' dir='ltr'><strong>majeslati</strong></span> <span class='ocrx_word' id='word_1_388' title='bbox 2440 2843 2577 2884; x_wconf 65' lang='lat' dir='ltr'><strong>meae</strong></span> <span class='ocrx_word' id='word_1_389' title='bbox 2602 2824 2882 2896; x_wconf 84' lang='lat' dir='ltr'><strong>cognitum</strong></span> <span class='ocrx_word' id='word_1_390' title='bbox 2911 2821 3096 2888; x_wconf 86' lang='lat' dir='ltr'><strong>faciat,</strong></span> <span class='ocrx_word' id='word_1_391' title='bbox 3124 2832 3236 2891; x_wconf 90' lang='lat' dir='ltr'><strong>quo</strong></span> <span class='ocrx_word' id='word_1_392' title='bbox 3261 2818 3379 2888; x_wconf 89' lang='lat' dir='ltr'><strong>ipsa</strong></span> <span class='ocrx_word' id='word_1_393' title='bbox 3408 2813 3580 2870; x_wconf 87' lang='lat' dir='ltr'><strong>etiam</strong></span> 
     </span>
    </p>
   </div>
   <div class='ocr_carea' id='block_1_59' title="bbox 1988 2911 3581 2998">
    <p class='ocr_par' dir='ltr' id='par_1_59' title="bbox 1988 2911 3581 2998">
     <span class='ocr_line' id='line_1_59' title="bbox 1988 2911 3581 2998; baseline -0.015 -13"><span class='ocrx_word' id='word_1_394' title='bbox 1988 2933 2394 2998; x_wconf 84' lang='lat' dir='ltr'><strong>competentem</strong></span> <span class='ocrx_word' id='word_1_395' title='bbox 2427 2936 2559 2993; x_wconf 88' lang='lat' dir='ltr'><strong>erga</strong></span> <span class='ocrx_word' id='word_1_396' title='bbox 2594 2920 2771 2983; x_wconf 90' lang='lat' dir='ltr'><strong>illum,</strong></span> <span class='ocrx_word' id='word_1_397' title='bbox 2807 2925 2870 2972; x_wconf 92' lang='lat' dir='ltr'><strong>ut</strong></span> <span class='ocrx_word' id='word_1_398' title='bbox 2901 2915 3019 2970; x_wconf 79' lang='lat' dir='ltr'><strong>ﬁeri</strong></span> <span class='ocrx_word' id='word_1_399' title='bbox 3067 2911 3294 2984; x_wconf 88' lang='lat' dir='ltr'><strong>poterit,</strong></span> <span class='ocrx_word' id='word_1_400' title='bbox 3314 2922 3581 2966; x_wconf 85' lang='lat' dir='ltr'><strong>reveren-</strong></span> 
     </span>
    </p>
   </div>
   <div class='ocr_carea' id='block_1_60' title="bbox 1992 3002 3584 3091">
    <p class='ocr_par' dir='ltr' id='par_1_60' title="bbox 1992 3002 3584 3091">
     <span class='ocr_line' id='line_1_60' title="bbox 1992 3002 3584 3091; baseline -0.014 -15"><span class='ocrx_word' id='word_1_401' title='bbox 1992 3023 2122 3076; x_wconf 87' lang='lat' dir='ltr'><strong>tiam</strong></span> <span class='ocrx_word' id='word_1_402' title='bbox 2149 3018 2409 3091; x_wconf 65' lang='lat' dir='ltr'><strong>praebeat.</strong></span> <span class='ocrx_word' id='word_1_403' title='bbox 2438 3011 2754 3069; x_wconf 85' lang='lat' dir='ltr'><strong>Istiusmodi</strong></span> <span class='ocrx_word' id='word_1_404' title='bbox 2783 3009 2951 3064; x_wconf 92' lang='lat' dir='ltr'><strong>homo</strong></span> <span class='ocrx_word' id='word_1_405' title='bbox 2980 3006 3081 3060; x_wconf 91' lang='lat' dir='ltr'><strong>toti</strong></span> <span class='ocrx_word' id='word_1_406' title='bbox 3112 3002 3375 3059; x_wconf 64' lang='lat' dir='ltr'><strong>Ecclesiae</strong></span> <span class='ocrx_word' id='word_1_407' title='bbox 3410 3008 3584 3055; x_wconf 87' lang='lat' dir='ltr'><strong>notus</strong></span> 
     </span>
    </p>
   </div>
   <div class='ocr_carea' id='block_1_61' title="bbox 1996 3094 3580 3181">
    <p class='ocr_par' dir='ltr' id='par_1_61' title="bbox 1996 3094 3580 3181">
     <span class='ocr_line' id='line_1_61' title="bbox 1996 3094 3580 3181; baseline -0.016 -11"><span class='ocrx_word' id='word_1_408' title='bbox 1996 3115 2109 3181; x_wconf 80' lang='lat' dir='ltr'><strong>(iet,</strong></span> <span class='ocrx_word' id='word_1_409' title='bbox 2136 3112 2205 3168; x_wconf 90' lang='lat' dir='ltr'><strong>ad</strong></span> <span class='ocrx_word' id='word_1_410' title='bbox 2238 3110 2532 3167; x_wconf 84' lang='lat' dir='ltr'><strong>utilitatem</strong></span> <span class='ocrx_word' id='word_1_411' title='bbox 2575 3119 2688 3160; x_wconf 91' lang='lat' dir='ltr'><strong>non</strong></span> <span class='ocrx_word' id='word_1_412' title='bbox 2728 3107 2908 3157; x_wconf 74' lang='lat' dir='ltr'><strong>Somm</strong></span> <span class='ocrx_word' id='word_1_413' title='bbox 2960 3094 3299 3170; x_wconf 74' lang='lat' dir='ltr'><strong>ipsius,‘sed</strong></span> <span class='ocrx_word' id='word_1_414' title='bbox 3344 3094 3580 3148; x_wconf 90' lang='lat' dir='ltr'><strong>aliorum</strong></span> 
     </span>
    </p>
   </div>
   <div class='ocr_carea' id='block_1_62' title="bbox 289 3184 1885 3278">
    <p class='ocr_par' dir='ltr' id='par_1_62' title="bbox 289 3189 1885 3263">
     <span class='ocr_line' id='line_1_62' title="bbox 289 3189 1885 3263; baseline -0.002 -18"><span class='ocrx_word' id='word_1_415' title='bbox 289 3209 413 3247; x_wconf 88' lang='grc' dir='ltr'>ται.</span> <span class='ocrx_word' id='word_1_416' title='bbox 444 3192 556 3246; x_wconf 81' lang='grc' dir='ltr'><strong>Καὶ</strong></span> <span class='ocrx_word' id='word_1_417' title='bbox 577 3193 607 3245; x_wconf 87' lang='lat'><strong>6</strong></span> <span class='ocrx_word' id='word_1_418' title='bbox 633 3190 875 3254; x_wconf 82' lang='grc' dir='ltr'>τοιοῦτος</span> <span class='ocrx_word' id='word_1_419' title='bbox 900 3190 1184 3263; x_wconf 90' lang='grc' dir='ltr'>γνώριμος</span> <span class='ocrx_word' id='word_1_420' title='bbox 1244 3192 1543 3262; x_wconf 85' lang='grc' dir='ltr'>γενήσεται</span> <span class='ocrx_word' id='word_1_421' title='bbox 1601 3189 1754 3260; x_wconf 80' lang='grc' dir='ltr'>πάσῃ</span> <span class='ocrx_word' id='word_1_422' title='bbox 1820 3191 1885 3260; x_wconf 83' lang='grc' dir='ltr'>τῇ</span> 
     </span>
    </p>
   </div>
   <div class='ocr_carea' id='block_1_63' title="bbox 1989 3184 3585 3278">
    <p class='ocr_par' dir='ltr' id='par_1_63' title="bbox 1995 3184 3585 3278">
     <span class='ocr_line' id='line_1_63' title="bbox 1995 3184 3585 3278; baseline -0.014 -17"><span class='ocrx_word' id='word_1_423' title='bbox 1995 3219 2219 3278; x_wconf 89' lang='lat' dir='ltr'><strong>quoque</strong></span> <span class='ocrx_word' id='word_1_424' title='bbox 2260 3202 2526 3272; x_wconf 89' lang='lat' dir='ltr'><strong>plurium.</strong></span> <span class='ocrx_word' id='word_1_425' title='bbox 2565 3194 2908 3252; x_wconf 84' lang='lat' dir='ltr'><strong>Diﬂ&#39;unditur</strong></span> <span class='ocrx_word' id='word_1_426' title='bbox 2941 3192 3089 3247; x_wconf 91' lang='lat' dir='ltr'><strong>enim</strong></span> <span class='ocrx_word' id='word_1_427' title='bbox 3123 3190 3363 3251; x_wconf 89' lang='lat' dir='ltr'><strong>bonum;</strong></span> <span class='ocrx_word' id='word_1_428' title='bbox 3397 3184 3585 3255; x_wconf 86' lang='lat' dir='ltr'><strong>qualia</strong></span> 
     </span>
    </p>
   </div>
   <div class='ocr_carea' id='block_1_64' title="bbox 302 3282 1891 3355">
    <p class='ocr_par' dir='ltr' id='par_1_64' title="bbox 302 3282 1891 3355">
     <span class='ocr_line' id='line_1_64' title="bbox 302 3282 1891 3355; baseline 0 -17"><span class='ocrx_word' id='word_1_429' title='bbox 302 3284 635 3355; x_wconf 75' lang='grc' dir='ltr'>Ἐκκλησία,</span> <span class='ocrx_word' id='word_1_430' title='bbox 670 3284 751 3346; x_wconf 83' lang='grc' dir='ltr'><strong>είς</strong></span> <span class='ocrx_word' id='word_1_431' title='bbox 778 3282 1052 3350; x_wconf 83' lang='grc' dir='ltr'>ὠφέλειαν</span> <span class='ocrx_word' id='word_1_432' title='bbox 1098 3283 1200 3355; x_wconf 83' lang='grc' dir='ltr'><strong>οὐχ</strong></span> <span class='ocrx_word' id='word_1_433' title='bbox 1243 3284 1442 3339; x_wconf 75' lang='grc' dir='ltr'>ἑαυτοῦ</span> <span class='ocrx_word' id='word_1_434' title='bbox 1504 3285 1686 3355; x_wconf 84' lang='grc' dir='ltr'>μόνον,</span> <span class='ocrx_word' id='word_1_435' title='bbox 1752 3283 1891 3338; x_wconf 75' lang='grc' dir='ltr'>ἀλλὰ</span> 
     </span>
    </p>
   </div>
   <div class='ocr_carea' id='block_1_65' title="bbox 288 3376 1889 3450">
    <p class='ocr_par' dir='ltr' id='par_1_65' title="bbox 288 3376 1889 3450">
     <span class='ocr_line' id='line_1_65' title="bbox 288 3376 1889 3450; baseline -0.001 -16"><span class='ocrx_word' id='word_1_436' title='bbox 288 3382 398 3434; x_wconf 72' lang='grc' dir='ltr'>καὶ</span> <span class='ocrx_word' id='word_1_437' title='bbox 442 3377 623 3433; x_wconf 81' lang='grc' dir='ltr'>ἄλλων</span> <span class='ocrx_word' id='word_1_438' title='bbox 675 3376 908 3432; x_wconf 87' lang='grc' dir='ltr'>πολλῶν.</span> <span class='ocrx_word' id='word_1_439' title='bbox 954 3377 1319 3433; x_wconf 80' lang='grc' dir='ltr'>Μεταδίδοται</span> <span class='ocrx_word' id='word_1_440' title='bbox 1380 3377 1491 3450; x_wconf 80' lang='grc' dir='ltr'><strong>γὰρ</strong></span> <span class='ocrx_word' id='word_1_441' title='bbox 1546 3379 1608 3432; x_wconf 80' lang='grc' dir='ltr'>τὸ</span> <span class='ocrx_word' id='word_1_442' title='bbox 1661 3378 1889 3448; x_wconf 79' lang='grc' dir='ltr'>ἀγαθὸν,</span> 
     </span>
    </p>
   </div>
   <div class='ocr_carea' id='block_1_66' title="bbox 291 3466 1893 3546">
    <p class='ocr_par' dir='ltr' id='par_1_66' title="bbox 291 3466 1893 3546">
     <span class='ocr_line' id='line_1_66' title="bbox 291 3466 1893 3546; baseline 0 -19"><span class='ocrx_word' id='word_1_443' title='bbox 291 3472 457 3528; x_wconf 74' lang='grc' dir='ltr'>ποῖον</span> <span class='ocrx_word' id='word_1_444' title='bbox 494 3473 698 3546; x_wconf 67' lang='grc' dir='ltr'>πρᾶξις</span> <span class='ocrx_word' id='word_1_445' title='bbox 723 3474 821 3528; x_wconf 80' lang='grc' dir='ltr'>καὶ</span> <span class='ocrx_word' id='word_1_446' title='bbox 848 3474 1030 3544; x_wconf 88' lang='grc' dir='ltr'>λόγος,</span> <span class='ocrx_word' id='word_1_447' title='bbox 1054 3466 1130 3529; x_wconf 82' lang='grc' dir='ltr'>ὧν</span> <span class='ocrx_word' id='word_1_448' title='bbox 1162 3473 1336 3545; x_wconf 74' lang='grc' dir='ltr'>χωρὶς</span> <span class='ocrx_word' id='word_1_449' title='bbox 1368 3473 1549 3536; x_wconf 71' lang='grc' dir='ltr'>οὐδεὶς</span> <span class='ocrx_word' id='word_1_450' title='bbox 1569 3472 1766 3544; x_wconf 65' lang='grc' dir='ltr'>ὄψεται</span> <span class='ocrx_word' id='word_1_451' title='bbox 1797 3474 1893 3527; x_wconf 72' lang='grc' dir='ltr'><strong>τὸν</strong></span> 
     </span>
    </p>
   </div>
   <div class='ocr_carea' id='block_1_67' title="bbox 291 3566 532 3638">
    <p class='ocr_par' dir='ltr' id='par_1_67' title="bbox 291 3566 532 3638">
     <span class='ocr_line' id='line_1_67' title="bbox 291 3566 532 3638; baseline -0.004 -16"><span class='ocrx_word' id='word_1_452' title='bbox 291 3566 532 3638; x_wconf 79' lang='grc' dir='ltr'>Κύριον.</span> 
     </span>
    </p>
   </div>
   <div class='ocr_carea' id='block_1_68' title="bbox 376 3657 1894 3733">
    <p class='ocr_par' dir='ltr' id='par_1_68' title="bbox 376 3657 1894 3733">
     <span class='ocr_line' id='line_1_68' title="bbox 376 3657 1894 3733; baseline -0.001 -20"><span class='ocrx_word' id='word_1_453' title='bbox 376 3662 438 3713; x_wconf 79' lang='grc' dir='ltr'><strong>Εἰ</strong></span> <span class='ocrx_word' id='word_1_454' title='bbox 468 3660 526 3715; x_wconf 79' lang='grc' dir='ltr'><strong>δέ</strong></span> <span class='ocrx_word' id='word_1_455' title='bbox 548 3677 656 3726; x_wconf 90' lang='grc' dir='ltr'>τις,</span> <span class='ocrx_word' id='word_1_456' title='bbox 679 3659 819 3733; x_wconf 77' lang='grc' dir='ltr'>ὅπερ</span> <span class='ocrx_word' id='word_1_457' title='bbox 848 3660 910 3714; x_wconf 81' lang='grc' dir='ltr'>οὐ</span> <span class='ocrx_word' id='word_1_458' title='bbox 944 3660 1096 3714; x_wconf 87' lang='grc' dir='ltr'><strong>δοκεῖ</strong></span> <span class='ocrx_word' id='word_1_459' title='bbox 1123 3660 1191 3730; x_wconf 74' lang='grc' dir='ltr'><strong>τῇ</strong></span> <span class='ocrx_word' id='word_1_460' title='bbox 1228 3657 1483 3730; x_wconf 79' lang='grc' dir='ltr'>βασιλείᾳ</span> <span class='ocrx_word' id='word_1_461' title='bbox 1517 3675 1641 3729; x_wconf 88' lang='grc' dir='ltr'>μου,</span> <span class='ocrx_word' id='word_1_462' title='bbox 1697 3657 1894 3713; x_wconf 81' lang='grc' dir='ltr'>τοσού-</span> 
     </span>
    </p>
   </div>
   <div class='ocr_carea' id='block_1_69' title="bbox 293 3750 1891 3824">
    <p class='ocr_par' dir='ltr' id='par_1_69' title="bbox 293 3750 1891 3824">
     <span class='ocr_line' id='line_1_69' title="bbox 293 3750 1891 3824; baseline -0.002 -17"><span class='ocrx_word' id='word_1_463' title='bbox 293 3770 397 3808; x_wconf 81' lang='grc' dir='ltr'><strong>τον</strong></span> <span class='ocrx_word' id='word_1_464' title='bbox 420 3753 616 3822; x_wconf 79' lang='grc' dir='ltr'>γέγονε</span> <span class='ocrx_word' id='word_1_465' title='bbox 669 3753 938 3824; x_wconf 71' lang='grc' dir='ltr'>ῥᾴθυμος,</span> <span class='ocrx_word' id='word_1_466' title='bbox 972 3751 1113 3806; x_wconf 86' lang='grc' dir='ltr'>ὥστε</span> <span class='ocrx_word' id='word_1_467' title='bbox 1153 3750 1289 3823; x_wconf 82' lang='grc' dir='ltr'>μηδὲ</span> <span class='ocrx_word' id='word_1_468' title='bbox 1330 3750 1468 3822; x_wconf 85' lang='grc' dir='ltr'>μετὰ</span> <span class='ocrx_word' id='word_1_469' title='bbox 1491 3750 1891 3823; x_wconf 85' lang='grc' dir='ltr'>παραγγελίαν,</span> 
     </span>
    </p>
   </div>
   <div class='ocr_carea' id='block_1_70' title="bbox 297 3843 1895 3917">
    <p class='ocr_par' dir='ltr' id='par_1_70' title="bbox 297 3843 1895 3917">
     <span class='ocr_line' id='line_1_70' title="bbox 297 3843 1895 3917; baseline -0.001 -18"><span class='ocrx_word' id='word_1_470' title='bbox 297 3845 446 3917; x_wconf 82' lang='grc' dir='ltr'>μηδὲ</span> <span class='ocrx_word' id='word_1_471' title='bbox 514 3847 655 3917; x_wconf 79' lang='grc' dir='ltr'>μετὰ</span> <span class='ocrx_word' id='word_1_472' title='bbox 684 3845 879 3916; x_wconf 80' lang='grc' dir='ltr'>χρόνον</span> <span class='ocrx_word' id='word_1_473' title='bbox 916 3843 1316 3917; x_wconf 84' lang='grc' dir='ltr'>καρπώσασθαι</span> <span class='ocrx_word' id='word_1_474' title='bbox 1360 3861 1414 3898; x_wconf 90' lang='grc' dir='ltr'><strong>τι</strong></span> <span class='ocrx_word' id='word_1_475' title='bbox 1460 3844 1646 3910; x_wconf 85' lang='grc' dir='ltr'>καλὸν,</span> <span class='ocrx_word' id='word_1_476' title='bbox 1686 3843 1895 3914; x_wconf 76' lang='grc' dir='ltr'>μενέτω</span> 
     </span>
    </p>
   </div>
   <div class='ocr_carea' id='block_1_71' title="bbox 297 3933 1895 4007">
    <p class='ocr_par' dir='ltr' id='par_1_71' title="bbox 297 3933 1895 4007">
     <span class='ocr_line' id='line_1_71' title="bbox 297 3933 1895 4007; baseline -0.003 -14"><span class='ocrx_word' id='word_1_477' title='bbox 297 3940 404 3994; x_wconf 77' lang='grc' dir='ltr'>καὶ</span> <span class='ocrx_word' id='word_1_478' title='bbox 446 3935 986 4006; x_wconf 75' lang='grc' dir='ltr'>αὐτὸςαίτιώμενος.</span> <span class='ocrx_word' id='word_1_479' title='bbox 1016 3938 1126 3990; x_wconf 79' lang='grc' dir='ltr'><strong>Καὶ</strong></span> <span class='ocrx_word' id='word_1_480' title='bbox 1161 3936 1367 4007; x_wconf 82' lang='grc' dir='ltr'>μᾶλλον</span> <span class='ocrx_word' id='word_1_481' title='bbox 1398 3933 1558 4000; x_wconf 84' lang='grc' dir='ltr'>αὖθις</span> <span class='ocrx_word' id='word_1_482' title='bbox 1598 3936 1737 4007; x_wconf 80' lang='grc' dir='ltr'>μετὰ</span> <span class='ocrx_word' id='word_1_483' title='bbox 1762 3936 1895 4007; x_wconf 82' lang='grc' dir='ltr'>χρό-</span> 
     </span>
    </p>
   </div>
   <div class='ocr_carea' id='block_1_72' title="bbox 297 4027 1896 4099">
    <p class='ocr_par' dir='ltr' id='par_1_72' title="bbox 297 4027 1896 4099">
     <span class='ocr_line' id='line_1_72' title="bbox 297 4027 1896 4099; baseline -0.004 -14"><span class='ocrx_word' id='word_1_484' title='bbox 297 4048 397 4085; x_wconf 89' lang='grc' dir='ltr'><strong>νον</strong></span> <span class='ocrx_word' id='word_1_485' title='bbox 421 4030 544 4085; x_wconf 82' lang='grc' dir='ltr'>τινὰ</span> <span class='ocrx_word' id='word_1_486' title='bbox 563 4029 990 4099; x_wconf 74' lang='grc' dir='ltr'>ἑπιφωνηθήτω,</span> <span class='ocrx_word' id='word_1_487' title='bbox 1020 4028 1096 4092; x_wconf 85' lang='grc' dir='ltr'>ὡς</span> <span class='ocrx_word' id='word_1_488' title='bbox 1132 4031 1182 4082; x_wconf 88' lang='grc' dir='ltr'><strong>εί</strong></span> <span class='ocrx_word' id='word_1_489' title='bbox 1214 4027 1309 4082; x_wconf 77' lang='grc' dir='ltr'>καὶ</span> <span class='ocrx_word' id='word_1_490' title='bbox 1339 4027 1424 4082; x_wconf 76' lang='grc' dir='ltr'>ἔτι</span> <span class='ocrx_word' id='word_1_491' title='bbox 1468 4030 1535 4098; x_wconf 83' lang='grc' dir='ltr'><strong>τῇ</strong></span> <span class='ocrx_word' id='word_1_492' title='bbox 1569 4027 1639 4083; x_wconf 85' lang='grc' dir='ltr'>αὐ</span> <span class='ocrx_word' id='word_1_493' title='bbox 1652 4027 1745 4081; x_wconf 82' lang='grc' dir='ltr'>τοῦ</span> <span class='ocrx_word' id='word_1_494' title='bbox 1794 4030 1896 4099; x_wconf 81' lang='grc' dir='ltr'><strong>ρᾳ-</strong></span> 
     </span>
    </p>
   </div>
   <div class='ocr_carea' id='block_1_73' title="bbox 300 4118 1899 4193">
    <p class='ocr_par' dir='ltr' id='par_1_73' title="bbox 300 4118 1899 4193">
     <span class='ocr_line' id='line_1_73' title="bbox 300 4118 1899 4193; baseline -0.003 -17"><span class='ocrx_word' id='word_1_495' title='bbox 300 4122 482 4193; x_wconf 76' lang='grc' dir='ltr'>θυμξᾳ</span> <span class='ocrx_word' id='word_1_496' title='bbox 506 4121 783 4193; x_wconf 67' lang='grc' dir='ltr'>ἐμμείνοι,</span> <span class='ocrx_word' id='word_1_497' title='bbox 821 4120 921 4175; x_wconf 74' lang='grc' dir='ltr'>καὶ</span> <span class='ocrx_word' id='word_1_498' title='bbox 950 4119 1045 4173; x_wconf 84' lang='grc' dir='ltr'>τοῦ</span> <span class='ocrx_word' id='word_1_499' title='bbox 1079 4118 1363 4191; x_wconf 79' lang='grc' dir='ltr'>ἱερατικοῦ</span> <span class='ocrx_word' id='word_1_500' title='bbox 1394 4119 1698 4189; x_wconf 86' lang='grc' dir='ltr'>καταλόγου</span> <span class='ocrx_word' id='word_1_501' title='bbox 1757 4135 1899 4172; x_wconf 90' lang='grc' dir='ltr'>παν-</span> 
     </span>
    </p>
   </div>
   <div class='ocr_carea' id='block_1_74' title="bbox 299 4212 1899 4283">
    <p class='ocr_par' dir='ltr' id='par_1_74' title="bbox 299 4212 1899 4283">
     <span class='ocr_line' id='line_1_74' title="bbox 299 4212 1899 4283; baseline -0.001 -15"><span class='ocrx_word' id='word_1_502' title='bbox 299 4213 480 4277; x_wconf 76' lang='grc' dir='ltr'>τελῶς</span> <span class='ocrx_word' id='word_1_503' title='bbox 505 4214 847 4268; x_wconf 66' lang='grc' dir='ltr'>ἐκπεσεῖται.</span> <span class='ocrx_word' id='word_1_504' title='bbox 881 4213 1051 4267; x_wconf 84' lang='grc' dir='ltr'>Τοῦτο</span> <span class='ocrx_word' id='word_1_505' title='bbox 1093 4213 1152 4267; x_wconf 70' lang='grc' dir='ltr'>δὲ</span> <span class='ocrx_word' id='word_1_506' title='bbox 1184 4214 1247 4266; x_wconf 86' lang='grc' dir='ltr'><strong>ού</strong></span> <span class='ocrx_word' id='word_1_507' title='bbox 1300 4214 1433 4283; x_wconf 79' lang='grc' dir='ltr'>περὶ</span> <span class='ocrx_word' id='word_1_508' title='bbox 1490 4212 1600 4265; x_wconf 85' lang='grc' dir='ltr'><strong>τῶν</strong></span> <span class='ocrx_word' id='word_1_509' title='bbox 1652 4212 1899 4283; x_wconf 80' lang='grc' dir='ltr'>ἐσχάτως</span> 
     </span>
    </p>
   </div>
   <div class='ocr_carea' id='block_1_75' title="bbox 300 4302 1900 4378">
    <p class='ocr_par' dir='ltr' id='par_1_75' title="bbox 300 4302 1900 4378">
     <span class='ocr_line' id='line_1_75' title="bbox 300 4302 1900 4378; baseline -0.003 -19"><span class='ocrx_word' id='word_1_510' title='bbox 300 4304 704 4378; x_wconf 63' lang='grc' dir='ltr'>γεγηρακότων</span> <span class='ocrx_word' id='word_1_511' title='bbox 740 4306 838 4360; x_wconf 77' lang='grc' dir='ltr'>καὶ</span> <span class='ocrx_word' id='word_1_512' title='bbox 861 4307 961 4370; x_wconf 71' lang='grc' dir='ltr'>τὰς</span> <span class='ocrx_word' id='word_1_513' title='bbox 999 4304 1284 4376; x_wconf 77' lang='grc' dir='ltr'>αἰσθήσεις</span> <span class='ocrx_word' id='word_1_514' title='bbox 1334 4304 1436 4376; x_wconf 72' lang='grc' dir='ltr'>ήδη</span> <span class='ocrx_word' id='word_1_515' title='bbox 1476 4302 1900 4373; x_wconf 82' lang='grc' dir='ltr'>ἀσθενησάντων</span> 
     </span>
    </p>
   </div>
   <div class='ocr_carea' id='block_1_76' title="bbox 302 4393 1902 4470">
    <p class='ocr_par' dir='ltr' id='par_1_76' title="bbox 302 4393 1902 4470">
     <span class='ocr_line' id='line_1_76' title="bbox 302 4393 1902 4470; baseline -0.005 -16"><span class='ocrx_word' id='word_1_516' title='bbox 302 4400 460 4469; x_wconf 81' lang='grc' dir='ltr'>λέγει</span> <span class='ocrx_word' id='word_1_517' title='bbox 485 4400 520 4470; x_wconf 78' lang='grc' dir='ltr'><strong>ἡ</strong></span> <span class='ocrx_word' id='word_1_518' title='bbox 551 4398 803 4470; x_wconf 85' lang='grc' dir='ltr'>βασιλεία</span> <span class='ocrx_word' id='word_1_519' title='bbox 836 4415 964 4470; x_wconf 91' lang='grc' dir='ltr'>μου.</span> <span class='ocrx_word' id='word_1_520' title='bbox 1022 4398 1163 4462; x_wconf 79' lang='grc' dir='ltr'>Τοὺς</span> <span class='ocrx_word' id='word_1_521' title='bbox 1192 4397 1471 4459; x_wconf 84' lang='grc' dir='ltr'>τοιούτους</span> <span class='ocrx_word' id='word_1_522' title='bbox 1495 4396 1608 4466; x_wconf 82' lang='grc' dir='ltr'>γὰρ</span> <span class='ocrx_word' id='word_1_523' title='bbox 1637 4395 1666 4448; x_wconf 81' lang='lat'><strong>6</strong></span> <span class='ocrx_word' id='word_1_524' title='bbox 1706 4393 1902 4466; x_wconf 83' lang='grc' dir='ltr'>χρόνος</span> 
     </span>
    </p>
   </div>
   <div class='ocr_carea' id='block_1_77' title="bbox 302 4489 1895 4563">
    <p class='ocr_par' dir='ltr' id='par_1_77' title="bbox 302 4489 1895 4563">
     <span class='ocr_line' id='line_1_77' title="bbox 302 4489 1895 4563; baseline -0.005 -14"><span class='ocrx_word' id='word_1_525' title='bbox 302 4492 454 4558; x_wconf 79' lang='grc' dir='ltr'>ἀξιοῖ</span> <span class='ocrx_word' id='word_1_526' title='bbox 490 4491 848 4563; x_wconf 84' lang='grc' dir='ltr'>συγγνώμης,</span> <span class='ocrx_word' id='word_1_527' title='bbox 876 4493 1001 4546; x_wconf 82' lang='grc' dir='ltr'>ὅσον</span> <span class='ocrx_word' id='word_1_528' title='bbox 1017 4490 1110 4545; x_wconf 76' lang='grc' dir='ltr'><strong>ἐπὶ</strong></span> <span class='ocrx_word' id='word_1_529' title='bbox 1142 4491 1223 4563; x_wconf 81' lang='grc' dir='ltr'>τῷ</span> <span class='ocrx_word' id='word_1_530' title='bbox 1256 4492 1330 4563; x_wconf 82' lang='grc' dir='ltr'>μὴ</span> <span class='ocrx_word' id='word_1_531' title='bbox 1354 4490 1613 4544; x_wconf 77' lang='grc' dir='ltr'>ἐκπεσεῖν</span> <span class='ocrx_word' id='word_1_532' title='bbox 1666 4489 1762 4543; x_wconf 82' lang='grc' dir='ltr'>τοῦ</span> <span class='ocrx_word' id='word_1_533' title='bbox 1815 4489 1895 4541; x_wconf 75' lang='lat' dir='ltr'><strong>oi-</strong></span> 
     </span>
    </p>
   </div>
   <div class='ocr_carea' id='block_1_78' title="bbox 1995 3278 3586 3367">
    <p class='ocr_par' dir='ltr' id='par_1_78' title="bbox 1995 3278 3586 3367">
     <span class='ocr_line' id='line_1_78' title="bbox 1995 3278 3586 3367; baseline -0.014 -13"><span class='ocrx_word' id='word_1_534' title='bbox 1995 3307 2125 3355; x_wconf 89' lang='lat' dir='ltr'><strong>sunt</strong></span> <span class='ocrx_word' id='word_1_535' title='bbox 2146 3311 2286 3367; x_wconf 89' lang='lat' dir='ltr'><strong>opus</strong></span> <span class='ocrx_word' id='word_1_536' title='bbox 2328 3302 2385 3351; x_wconf 92' lang='lat' dir='ltr'><strong>et</strong></span> <span class='ocrx_word' id='word_1_537' title='bbox 2416 3307 2623 3355; x_wconf 88' lang='lat' dir='ltr'><strong>sermo,</strong></span> <span class='ocrx_word' id='word_1_538' title='bbox 2654 3290 2775 3344; x_wconf 89' lang='lat' dir='ltr'><strong>sine</strong></span> <span class='ocrx_word' id='word_1_539' title='bbox 2809 3287 3012 3359; x_wconf 89' lang='lat' dir='ltr'><strong>quibus</strong></span> <span class='ocrx_word' id='word_1_540' title='bbox 3042 3299 3208 3339; x_wconf 89' lang='lat' dir='ltr'><strong>nemo</strong></span> <span class='ocrx_word' id='word_1_541' title='bbox 3230 3279 3438 3336; x_wconf 83' lang='lat' dir='ltr'><strong>videbit</strong></span> <span class='ocrx_word' id='word_1_542' title='bbox 3478 3278 3586 3332; x_wconf 84' lang='lat' dir='ltr'><strong>Do-</strong></span> 
     </span>
    </p>
   </div>
   <div class='ocr_carea' id='block_1_79' title="bbox 1995 3402 2232 3446">
    <p class='ocr_par' dir='ltr' id='par_1_79' title="bbox 1995 3402 2232 3446">
     <span class='ocr_line' id='line_1_79' title="bbox 1995 3402 2232 3446; baseline -0.013 0"><span class='ocrx_word' id='word_1_543' title='bbox 1995 3402 2232 3446; x_wconf 77' lang='lat' dir='ltr'><strong>mtuum.</strong></span> 
     </span>
    </p>
   </div>
   <div class='ocr_carea' id='block_1_80' title="bbox 2069 3643 3590 3729">
    <p class='ocr_par' dir='ltr' id='par_1_80' title="bbox 2069 3643 3590 3729">
     <span class='ocr_line' id='line_1_80' title="bbox 2069 3643 3590 3729; baseline -0.016 -10"><span class='ocrx_word' id='word_1_544' title='bbox 2069 3663 2165 3719; x_wconf 88' lang='lat' dir='ltr'><strong>Sin</strong></span> <span class='ocrx_word' id='word_1_545' title='bbox 2199 3673 2335 3716; x_wconf 91' lang='lat' dir='ltr'><strong>vero</strong></span> <span class='ocrx_word' id='word_1_546' title='bbox 2381 3655 2529 3729; x_wconf 88' lang='lat' dir='ltr'><strong>quis,</strong></span> <span class='ocrx_word' id='word_1_547' title='bbox 2568 3652 2716 3725; x_wconf 88' lang='lat' dir='ltr'><strong>quod</strong></span> <span class='ocrx_word' id='word_1_548' title='bbox 2760 3667 2876 3708; x_wconf 90' lang='lat' dir='ltr'><strong>non</strong></span> <span class='ocrx_word' id='word_1_549' title='bbox 2907 3649 3133 3705; x_wconf 87' lang='lat' dir='ltr'><strong>videtur</strong></span> <span class='ocrx_word' id='word_1_550' title='bbox 3178 3643 3411 3716; x_wconf 86' lang='lat' dir='ltr'><strong>imperio</strong></span> <span class='ocrx_word' id='word_1_551' title='bbox 3442 3654 3590 3707; x_wconf 89' lang='lat' dir='ltr'><strong>meo,</strong></span> 
     </span>
    </p>
   </div>
   <div class='ocr_carea' id='block_1_81' title="bbox 1997 3739 3595 3828">
    <p class='ocr_par' dir='ltr' id='par_1_81' title="bbox 1997 3739 3595 3828">
     <span class='ocr_line' id='line_1_81' title="bbox 1997 3739 3595 3828; baseline -0.014 -16"><span class='ocrx_word' id='word_1_552' title='bbox 1997 3756 2182 3828; x_wconf 86' lang='lat' dir='ltr'><strong>segnis</strong></span> <span class='ocrx_word' id='word_1_553' title='bbox 2222 3752 2361 3808; x_wconf 88' lang='lat' dir='ltr'><strong>adeo</strong></span> <span class='ocrx_word' id='word_1_554' title='bbox 2383 3749 2573 3813; x_wconf 80' lang='lat' dir='ltr'><strong>fuerit,</strong></span> <span class='ocrx_word' id='word_1_555' title='bbox 2599 3755 2662 3802; x_wconf 91' lang='lat' dir='ltr'><strong>ut</strong></span> <span class='ocrx_word' id='word_1_556' title='bbox 2686 3759 2869 3816; x_wconf 88' lang='lat' dir='ltr'><strong>neque</strong></span> <span class='ocrx_word' id='word_1_557' title='bbox 2897 3752 3024 3814; x_wconf 92' lang='lat' dir='ltr'><strong>post</strong></span> <span class='ocrx_word' id='word_1_558' title='bbox 3048 3739 3464 3801; x_wconf 86' lang='lat' dir='ltr'><strong>admissionem,</strong></span> <span class='ocrx_word' id='word_1_559' title='bbox 3493 3750 3595 3791; x_wconf 78' lang='lat' dir='ltr'><strong>ne-</strong></span> 
     </span>
    </p>
   </div>
   <div class='ocr_carea' id='block_1_82' title="bbox 1997 3826 3591 3921">
    <p class='ocr_par' dir='ltr' id='par_1_82' title="bbox 1997 3826 3591 3921">
     <span class='ocr_line' id='line_1_82' title="bbox 1997 3826 3591 3921; baseline -0.016 -17"><span class='ocrx_word' id='word_1_560' title='bbox 1997 3826 2107 3921; x_wconf 78' lang='lat' dir='ltr'><strong>que</strong></span> <span class='ocrx_word' id='word_1_561' title='bbox 2156 3853 2286 3918; x_wconf 89' lang='lat' dir='ltr'><strong>post</strong></span> <span class='ocrx_word' id='word_1_562' title='bbox 2326 3852 2581 3913; x_wconf 43' lang='lat' dir='ltr'><strong>tempus,</strong></span> <span class='ocrx_word' id='word_1_563' title='bbox 2621 3836 2833 3908; x_wconf 88' lang='lat' dir='ltr'><strong>aliquid</strong></span> <span class='ocrx_word' id='word_1_564' title='bbox 2879 3835 3041 3890; x_wconf 82' lang='lat' dir='ltr'><strong>bonae</strong></span> <span class='ocrx_word' id='word_1_565' title='bbox 3082 3830 3260 3900; x_wconf 79' lang='lat' dir='ltr'><strong>frugis</strong></span> <span class='ocrx_word' id='word_1_566' title='bbox 3306 3826 3591 3888; x_wconf 84' lang='lat' dir='ltr'><strong>exhibeat,</strong></span> 
     </span>
    </p>
   </div>
   <div class='ocr_carea' id='block_1_83' title="bbox 1997 3927 3596 4010">
    <p class='ocr_par' dir='ltr' id='par_1_83' title="bbox 1997 3927 3596 4010">
     <span class='ocr_line' id='line_1_83' title="bbox 1997 3927 3596 4010; baseline -0.016 -12"><span class='ocrx_word' id='word_1_567' title='bbox 1997 3939 2356 4010; x_wconf 77' lang='lat' dir='ltr'><strong>maneatipse</strong></span> <span class='ocrx_word' id='word_1_568' title='bbox 2379 3936 2657 4006; x_wconf 86' lang='lat' dir='ltr'><strong>eulpatus.</strong></span> <span class='ocrx_word' id='word_1_569' title='bbox 2681 3929 2963 4001; x_wconf 77' lang='lat' dir='ltr'><strong>Magisque</strong></span> <span class='ocrx_word' id='word_1_570' title='bbox 2990 3927 3217 3989; x_wconf 89' lang='lat' dir='ltr'><strong>iterum,</strong></span> <span class='ocrx_word' id='word_1_571' title='bbox 3237 3929 3432 3978; x_wconf 80' lang='lat' dir='ltr'><strong>exacto</strong></span> <span class='ocrx_word' id='word_1_572' title='bbox 3454 3934 3596 3988; x_wconf 86' lang='lat' dir='ltr'><strong>quo-</strong></span> 
     </span>
    </p>
   </div>
   <div class='ocr_carea' id='block_1_84' title="bbox 2000 4012 3596 4102">
    <p class='ocr_par' dir='ltr' id='par_1_84' title="bbox 2000 4012 3596 4102">
     <span class='ocr_line' id='line_1_84' title="bbox 2000 4012 3596 4102; baseline -0.017 -11"><span class='ocrx_word' id='word_1_573' title='bbox 2000 4035 2126 4092; x_wconf 88' lang='lat' dir='ltr'><strong>dam</strong></span> <span class='ocrx_word' id='word_1_574' title='bbox 2155 4041 2426 4102; x_wconf 91' lang='lat' dir='ltr'><strong>tempore,</strong></span> <span class='ocrx_word' id='word_1_575' title='bbox 2452 4027 2813 4090; x_wconf 89' lang='lat' dir='ltr'><strong>inclametur;</strong></span> <span class='ocrx_word' id='word_1_576' title='bbox 2835 4019 2983 4091; x_wconf 88' lang='lat' dir='ltr'><strong>quod</strong></span> <span class='ocrx_word' id='word_1_577' title='bbox 3012 4017 3058 4073; x_wconf 88' lang='lat' dir='ltr'><strong>si</strong></span> <span class='ocrx_word' id='word_1_578' title='bbox 3082 4016 3171 4072; x_wconf 88' lang='lat' dir='ltr'><strong>vel</strong></span> <span class='ocrx_word' id='word_1_579' title='bbox 3201 4014 3385 4069; x_wconf 90' lang='lat' dir='ltr'><strong>adhuc</strong></span> <span class='ocrx_word' id='word_1_580' title='bbox 3407 4012 3465 4067; x_wconf 94' lang='lat' dir='ltr'><strong>in</strong></span> <span class='ocrx_word' id='word_1_581' title='bbox 3495 4025 3596 4065; x_wconf 90' lang='lat' dir='ltr'><strong>ne-</strong></span> 
     </span>
    </p>
   </div>
   <div class='ocr_carea' id='block_1_85' title="bbox 2001 4102 3597 4201">
    <p class='ocr_par' dir='ltr' id='par_1_85' title="bbox 2001 4102 3597 4201">
     <span class='ocr_line' id='line_1_85' title="bbox 2001 4102 3597 4201; baseline -0.018 -17"><span class='ocrx_word' id='word_1_582' title='bbox 2001 4127 2264 4201; x_wconf 89' lang='lat' dir='ltr'><strong>gligentia</strong></span> <span class='ocrx_word' id='word_1_583' title='bbox 2312 4138 2416 4179; x_wconf 87' lang='lat' dir='ltr'><strong>sua</strong></span> <span class='ocrx_word' id='word_1_584' title='bbox 2468 4117 2802 4191; x_wconf 88' lang='lat' dir='ltr'><strong>perstiterit,</strong></span> <span class='ocrx_word' id='word_1_585' title='bbox 2852 4130 2883 4169; x_wconf 91' lang='lat' dir='ltr'><strong>a</strong></span> <span class='ocrx_word' id='word_1_586' title='bbox 2935 4107 3266 4168; x_wconf 86' lang='lat' dir='ltr'><strong>sacerdotali</strong></span> <span class='ocrx_word' id='word_1_587' title='bbox 3322 4102 3597 4161; x_wconf 80' lang='lat' dir='ltr'><strong>laterculo</strong></span> 
     </span>
    </p>
   </div>
   <div class='ocr_carea' id='block_1_86' title="bbox 2002 4195 3598 4295">
    <p class='ocr_par' dir='ltr' id='par_1_86' title="bbox 2002 4195 3598 4295">
     <span class='ocr_line' id='line_1_86' title="bbox 2002 4195 3598 4295; baseline -0.018 -17"><span class='ocrx_word' id='word_1_588' title='bbox 2002 4195 2229 4295; x_wconf 75' lang='lat' dir='ltr'><strong>penitus</strong></span> <span class='ocrx_word' id='word_1_589' title='bbox 2248 4215 2486 4273; x_wconf 78' lang='lat' dir='ltr'><strong>excidat.</strong></span> <span class='ocrx_word' id='word_1_590' title='bbox 2512 4213 2573 4268; x_wconf 69' lang='grc' dir='ltr'><strong>ιιι</strong></span> <span class='ocrx_word' id='word_1_591' title='bbox 2602 4223 2770 4282; x_wconf 90' lang='lat' dir='ltr'><strong>porro</strong></span> <span class='ocrx_word' id='word_1_592' title='bbox 2792 4222 2905 4263; x_wconf 89' lang='lat' dir='ltr'><strong>non</strong></span> <span class='ocrx_word' id='word_1_593' title='bbox 2926 4204 3064 4261; x_wconf 91' lang='lat' dir='ltr'><strong>dicit</strong></span> <span class='ocrx_word' id='word_1_594' title='bbox 3089 4203 3348 4273; x_wconf 75' lang='lat' dir='ltr'><strong>maiestas</strong></span> <span class='ocrx_word' id='word_1_595' title='bbox 3372 4212 3493 4252; x_wconf 88' lang='lat' dir='ltr'><strong>mea</strong></span> <span class='ocrx_word' id='word_1_596' title='bbox 3525 4195 3598 4250; x_wconf 92' lang='lat' dir='ltr'><strong>de</strong></span> 
     </span>
    </p>
   </div>
   <div class='ocr_carea' id='block_1_87' title="bbox 2005 4288 3599 4382">
    <p class='ocr_par' dir='ltr' id='par_1_87' title="bbox 2005 4288 3599 4382">
     <span class='ocr_line' id='line_1_87' title="bbox 2005 4288 3599 4382; baseline -0.018 -13"><span class='ocrx_word' id='word_1_597' title='bbox 2005 4288 2359 4382; x_wconf 80' lang='lat' dir='ltr'><strong>capularihus</strong></span> <span class='ocrx_word' id='word_1_598' title='bbox 2405 4303 2653 4367; x_wconf 83' lang='lat' dir='ltr'><strong>senibus,</strong></span> <span class='ocrx_word' id='word_1_599' title='bbox 2681 4302 2906 4373; x_wconf 85' lang='lat' dir='ltr'><strong>jamque</strong></span> <span class='ocrx_word' id='word_1_600' title='bbox 2960 4308 3230 4352; x_wconf 86' lang='lat' dir='ltr'><strong>sensuum</strong></span> <span class='ocrx_word' id='word_1_601' title='bbox 3275 4288 3599 4346; x_wconf 82' lang='lat' dir='ltr'><strong>inﬁrmitate</strong></span> 
     </span>
    </p>
   </div>
   <div class='ocr_carea' id='block_1_88' title="bbox 2003 4377 3600 4468">
    <p class='ocr_par' dir='ltr' id='par_1_88' title="bbox 2003 4377 3600 4468">
     <span class='ocr_line' id='line_1_88' title="bbox 2003 4377 3600 4468; baseline -0.016 -9"><span class='ocrx_word' id='word_1_602' title='bbox 2003 4377 2413 4459; x_wconf 81' lang='lat' dir='ltr'><strong>laborantibus.</strong></span> <span class='ocrx_word' id='word_1_603' title='bbox 2445 4393 2732 4468; x_wconf 82' lang='lat' dir='ltr'><strong>Ejusmodi</strong></span> <span class='ocrx_word' id='word_1_604' title='bbox 2787 4390 3019 4462; x_wconf 88' lang='lat' dir='ltr'><strong>quippe,</strong></span> <span class='ocrx_word' id='word_1_605' title='bbox 3078 4396 3297 4454; x_wconf 89' lang='lat' dir='ltr'><strong>tempus</strong></span> <span class='ocrx_word' id='word_1_606' title='bbox 3343 4377 3600 4436; x_wconf 86' lang='lat' dir='ltr'><strong>concedit</strong></span> 
     </span>
    </p>
   </div>
   <div class='ocr_carea' id='block_1_89' title="bbox 2006 4470 3593 4563">
    <p class='ocr_par' dir='ltr' id='par_1_89' title="bbox 2006 4470 3593 4563">
     <span class='ocr_line' id='line_1_89' title="bbox 2006 4470 3593 4563; baseline -0.017 -12"><span class='ocrx_word' id='word_1_607' title='bbox 2006 4494 2248 4559; x_wconf 88' lang='lat' dir='ltr'><strong>veniam,</strong></span> <span class='ocrx_word' id='word_1_608' title='bbox 2272 4498 2542 4563; x_wconf 89' lang='lat' dir='ltr'><strong>quantum</strong></span> <span class='ocrx_word' id='word_1_609' title='bbox 2561 4486 2635 4543; x_wconf 87' lang='lat' dir='ltr'><strong>ad</strong></span> <span class='ocrx_word' id='word_1_610' title='bbox 2653 4501 2768 4541; x_wconf 81' lang='lat' dir='ltr'><strong>non</strong></span> <span class='ocrx_word' id='word_1_611' title='bbox 2790 4478 3158 4539; x_wconf 83' lang='lat' dir='ltr'><strong>excidendum</strong></span> <span class='ocrx_word' id='word_1_612' title='bbox 3182 4473 3404 4547; x_wconf 93' lang='lat' dir='ltr'><strong>proprio</strong></span> <span class='ocrx_word' id='word_1_613' title='bbox 3419 4470 3593 4544; x_wconf 88' lang='lat' dir='ltr'><strong>gradu</strong></span> 
     </span>
    </p>
   </div>
   <div class='ocr_carea' id='block_1_90' title="bbox 305 4558 1885 4657">
    <p class='ocr_par' dir='ltr' id='par_1_90' title="bbox 305 4558 1885 4655">
     <span class='ocr_line' id='line_1_90' title="bbox 305 4558 1885 4655; baseline -0.004 -16"><span class='ocrx_word' id='word_1_614' title='bbox 305 4586 463 4639; x_wconf 78' lang='grc' dir='ltr'>κείου</span> <span class='ocrx_word' id='word_1_615' title='bbox 501 4558 735 4655; x_wconf 63' lang='grc' dir='ltr'>βαθμοῦ,</span> <span class='ocrx_word' id='word_1_616' title='bbox 761 4558 848 4636; x_wconf 79' lang='grc' dir='ltr'><strong>διὰ</strong></span> <span class='ocrx_word' id='word_1_617' title='bbox 876 4583 936 4636; x_wconf 84' lang='grc' dir='ltr'>τὸ</span> <span class='ocrx_word' id='word_1_618' title='bbox 961 4582 1037 4653; x_wconf 84' lang='grc' dir='ltr'>μὴ</span> <span class='ocrx_word' id='word_1_619' title='bbox 1063 4558 1475 4653; x_wconf 76' lang='grc' dir='ltr'>ἀπαρτισθῆναι</span> <span class='ocrx_word' id='word_1_620' title='bbox 1514 4579 1658 4635; x_wconf 74' lang='grc' dir='ltr'>κατὰ</span> <span class='ocrx_word' id='word_1_621' title='bbox 1690 4579 1782 4633; x_wconf 62' lang='grc' dir='ltr'><strong>τὴν</strong></span> <span class='ocrx_word' id='word_1_622' title='bbox 1815 4577 1885 4633; x_wconf 93' lang='grc' dir='ltr'>δι-</span> 
     </span>
    </p>
   </div>
   <div class='ocr_carea' id='block_1_91' title="bbox 1989 4558 3598 4657">
    <p class='ocr_par' dir='ltr' id='par_1_91' title="bbox 2004 4558 3598 4657">
     <span class='ocr_line' id='line_1_91' title="bbox 2004 4558 3598 4657; baseline -0.018 -12"><span class='ocrx_word' id='word_1_623' title='bbox 2004 4589 2076 4645; x_wconf 92' lang='lat' dir='ltr'><strong>ob</strong></span> <span class='ocrx_word' id='word_1_624' title='bbox 2116 4558 2504 4657; x_wconf 62' lang='lat' dir='ltr'><strong>imperfectum</strong></span> <span class='ocrx_word' id='word_1_625' title='bbox 2534 4579 2801 4637; x_wconf 62' lang='lat' dir='ltr'><strong>doctrina;</strong></span> <span class='ocrx_word' id='word_1_626' title='bbox 2834 4587 3170 4631; x_wconf 87' lang='lat' dir='ltr'><strong>sermonem.</strong></span> <span class='ocrx_word' id='word_1_627' title='bbox 3202 4569 3459 4625; x_wconf 87' lang='lat' dir='ltr'><strong>Attamen</strong></span> <span class='ocrx_word' id='word_1_628' title='bbox 3490 4562 3598 4634; x_wconf 90' lang='lat' dir='ltr'><strong>ipsi</strong></span> 
     </span>
    </p>
   </div>
   <div class='ocr_carea' id='block_1_92' title="bbox 306 4673 1903 4744">
    <p class='ocr_par' dir='ltr' id='par_1_92' title="bbox 306 4673 1903 4744">
     <span class='ocr_line' id='line_1_92' title="bbox 306 4673 1903 4744; baseline -0.006 -10"><span class='ocrx_word' id='word_1_629' title='bbox 306 4674 643 4735; x_wconf 71' lang='grc' dir='ltr'>δασκαλικδν</span> <span class='ocrx_word' id='word_1_630' title='bbox 678 4674 860 4743; x_wconf 86' lang='grc' dir='ltr'>λόγον.</span> <span class='ocrx_word' id='word_1_631' title='bbox 924 4675 1118 4744; x_wconf 86' lang='grc' dir='ltr'>Ὅμως</span> <span class='ocrx_word' id='word_1_632' title='bbox 1166 4673 1357 4741; x_wconf 81' lang='grc' dir='ltr'>μέντοι</span> <span class='ocrx_word' id='word_1_633' title='bbox 1405 4673 1503 4729; x_wconf 74' lang='grc' dir='ltr'>καὶ</span> <span class='ocrx_word' id='word_1_634' title='bbox 1567 4674 1722 4727; x_wconf 72' lang='grc' dir='ltr'>αὐτοὶ</span> <span class='ocrx_word' id='word_1_635' title='bbox 1778 4673 1903 4744; x_wconf 76' lang='grc' dir='ltr'>βελο</span> 
     </span>
    </p>
   </div>
   <div class='ocr_carea' id='block_1_93' title="bbox 310 4764 1903 4840">
    <p class='ocr_par' dir='ltr' id='par_1_93' title="bbox 310 4764 1903 4840">
     <span class='ocr_line' id='line_1_93' title="bbox 310 4764 1903 4840; baseline -0.002 -18"><span class='ocrx_word' id='word_1_636' title='bbox 310 4770 463 4832; x_wconf 81' lang='grc' dir='ltr'>τίους</span> <span class='ocrx_word' id='word_1_637' title='bbox 490 4768 818 4840; x_wconf 85' lang='grc' dir='ltr'>γενήσονται</span> <span class='ocrx_word' id='word_1_638' title='bbox 852 4766 903 4819; x_wconf 74' lang='grc' dir='ltr'>εἰ</span> <span class='ocrx_word' id='word_1_639' title='bbox 935 4764 1181 4829; x_wconf 82' lang='grc' dir='ltr'>δυνατῶς</span> <span class='ocrx_word' id='word_1_640' title='bbox 1220 4765 1404 4836; x_wconf 74' lang='grc' dir='ltr'>ἔχουσι</span> <span class='ocrx_word' id='word_1_641' title='bbox 1464 4765 1673 4834; x_wconf 85' lang='grc' dir='ltr'>γνῶναι</span> <span class='ocrx_word' id='word_1_642' title='bbox 1700 4783 1715 4798; x_wconf 89' lang='grc'><strong>·</strong></span> <span class='ocrx_word' id='word_1_643' title='bbox 1742 4764 1903 4830; x_wconf 56' lang='grc' dir='ltr'>τέως</span> 
     </span>
    </p>
   </div>
   <div class='ocr_carea' id='block_1_94' title="bbox 310 4856 1906 4932">
    <p class='ocr_par' dir='ltr' id='par_1_94' title="bbox 310 4856 1906 4932">
     <span class='ocr_line' id='line_1_94' title="bbox 310 4856 1906 4932; baseline -0.004 -17"><span class='ocrx_word' id='word_1_644' title='bbox 310 4861 446 4932; x_wconf 76' lang='grc' dir='ltr'>γοῦν</span> <span class='ocrx_word' id='word_1_645' title='bbox 469 4861 572 4913; x_wconf 83' lang='grc' dir='ltr'>οὐκ</span> <span class='ocrx_word' id='word_1_646' title='bbox 610 4857 1073 4930; x_wconf 80' lang='grc' dir='ltr'>ὲκδιωχθήσονται</span> <span class='ocrx_word' id='word_1_647' title='bbox 1095 4856 1203 4911; x_wconf 92' lang='grc' dir='ltr'><strong>τῶν</strong></span> <span class='ocrx_word' id='word_1_648' title='bbox 1225 4857 1442 4911; x_wconf 77' lang='grc' dir='ltr'>οἰκείων</span> <span class='ocrx_word' id='word_1_649' title='bbox 1465 4857 1694 4929; x_wconf 87' lang='grc' dir='ltr'>βαθμῶν</span> <span class='ocrx_word' id='word_1_650' title='bbox 1728 4872 1745 4887; x_wconf 84' lang='lat'><strong><em>°</em></strong></span> <span class='ocrx_word' id='word_1_651' title='bbox 1767 4857 1817 4911; x_wconf 82' lang='grc' dir='ltr'>οἱ</span> <span class='ocrx_word' id='word_1_652' title='bbox 1846 4857 1906 4912; x_wconf 84' lang='grc' dir='ltr'>δὲ</span> 
     </span>
    </p>
   </div>
   <div class='ocr_carea' id='block_1_95' title="bbox 312 4949 1907 5026">
    <p class='ocr_par' dir='ltr' id='par_1_95' title="bbox 312 4949 1907 5026">
     <span class='ocr_line' id='line_1_95' title="bbox 312 4949 1907 5026; baseline -0.005 -16"><span class='ocrx_word' id='word_1_653' title='bbox 312 4955 607 5026; x_wconf 79' lang='grc' dir='ltr'>δυνάμενοι</span> <span class='ocrx_word' id='word_1_654' title='bbox 635 4956 732 5008; x_wconf 75' lang='grc' dir='ltr'>καὶ</span> <span class='ocrx_word' id='word_1_655' title='bbox 765 4952 841 5024; x_wconf 79' lang='grc' dir='ltr'>μὴ</span> <span class='ocrx_word' id='word_1_656' title='bbox 865 4950 1280 5022; x_wconf 72' lang='grc' dir='ltr'>ἐπιμελόμενοι,</span> <span class='ocrx_word' id='word_1_657' title='bbox 1312 4949 1541 5014; x_wconf 80' lang='grc' dir='ltr'>ἑαυτοὺς</span> <span class='ocrx_word' id='word_1_658' title='bbox 1588 4949 1907 5017; x_wconf 76' lang='grc' dir='ltr'>ἐκδιώξουσι</span> 
     </span>
    </p>
   </div>
   <div class='ocr_carea' id='block_1_96' title="bbox 318 5040 1902 5121">
    <p class='ocr_par' dir='ltr' id='par_1_96' title="bbox 318 5040 1902 5121">
     <span class='ocr_line' id='line_1_96' title="bbox 318 5040 1902 5121; baseline -0.004 -18"><span class='ocrx_word' id='word_1_659' title='bbox 318 5050 461 5121; x_wconf 82' lang='grc' dir='ltr'>μετὰ</span> <span class='ocrx_word' id='word_1_660' title='bbox 482 5049 578 5102; x_wconf 76' lang='grc' dir='ltr'><strong>τὸν</strong></span> <span class='ocrx_word' id='word_1_661' title='bbox 607 5047 960 5118; x_wconf 79' lang='grc' dir='ltr'>προσήκοντα</span> <span class='ocrx_word' id='word_1_662' title='bbox 987 5044 1186 5116; x_wconf 83' lang='grc' dir='ltr'>χρόνον</span> <span class='ocrx_word' id='word_1_663' title='bbox 1213 5044 1262 5096; x_wconf 77' lang='grc' dir='ltr'><strong>εί</strong></span> <span class='ocrx_word' id='word_1_664' title='bbox 1297 5042 1620 5114; x_wconf 80' lang='grc' dir='ltr'>ἀδιόρθωτοι</span> <span class='ocrx_word' id='word_1_665' title='bbox 1654 5040 1902 5113; x_wconf 82' lang='grc' dir='ltr'>μείνωσι.</span> 
     </span>
    </p>
   </div>
   <div class='ocr_carea' id='block_1_97' title="bbox 313 5131 1907 5206">
    <p class='ocr_par' dir='ltr' id='par_1_97' title="bbox 313 5131 1907 5206">
     <span class='ocr_line' id='line_1_97' title="bbox 313 5131 1907 5206; baseline -0.006 -11"><span class='ocrx_word' id='word_1_666' title='bbox 313 5141 428 5195; x_wconf 81' lang='grc' dir='ltr'><strong>Καὶ</strong></span> <span class='ocrx_word' id='word_1_667' title='bbox 449 5139 635 5194; x_wconf 71' lang='grc' dir='ltr'>ἔκτοτε</span> <span class='ocrx_word' id='word_1_668' title='bbox 668 5136 893 5200; x_wconf 76' lang='grc' dir='ltr'>ἑαυτοὺς</span> <span class='ocrx_word' id='word_1_669' title='bbox 920 5134 1311 5201; x_wconf 74' lang='grc' dir='ltr'>αἰτιάσθωσαν,</span> <span class='ocrx_word' id='word_1_670' title='bbox 1339 5136 1434 5187; x_wconf 61' lang='grc' dir='ltr'><strong>καί⁵</strong></span> <span class='ocrx_word' id='word_1_671' title='bbox 1463 5132 1602 5204; x_wconf 84' lang='grc' dir='ltr'>μήτε</span> <span class='ocrx_word' id='word_1_672' title='bbox 1629 5131 1727 5206; x_wconf 86' lang='grc' dir='ltr'>τὴν</span> <span class='ocrx_word' id='word_1_673' title='bbox 1753 5132 1907 5204; x_wconf 90' lang='grc' dir='ltr'>βασι-</span> 
     </span>
    </p>
   </div>
   <div class='ocr_carea' id='block_1_98' title="bbox 313 5222 1903 5302">
    <p class='ocr_par' dir='ltr' id='par_1_98' title="bbox 313 5222 1903 5302">
     <span class='ocr_line' id='line_1_98' title="bbox 313 5222 1903 5302; baseline -0.005 -19"><span class='ocrx_word' id='word_1_674' title='bbox 313 5231 467 5285; x_wconf 83' lang='grc' dir='ltr'>λείαν</span> <span class='ocrx_word' id='word_1_675' title='bbox 496 5248 623 5302; x_wconf 89' lang='grc' dir='ltr'>μου,</span> <span class='ocrx_word' id='word_1_676' title='bbox 654 5228 793 5299; x_wconf 87' lang='grc' dir='ltr'>μήτε</span> <span class='ocrx_word' id='word_1_677' title='bbox 823 5229 922 5298; x_wconf 82' lang='grc' dir='ltr'>τὴν</span> <span class='ocrx_word' id='word_1_678' title='bbox 956 5227 1059 5297; x_wconf 79' lang='grc' dir='ltr'>σὴν</span> <span class='ocrx_word' id='word_1_679' title='bbox 1105 5224 1392 5295; x_wconf 84' lang='grc' dir='ltr'>ἀγιότητα,</span> <span class='ocrx_word' id='word_1_680' title='bbox 1441 5224 1583 5293; x_wconf 83' lang='grc' dir='ltr'>μήτε</span> <span class='ocrx_word' id='word_1_681' title='bbox 1614 5222 1716 5295; x_wconf 83' lang='grc' dir='ltr'>τὴν</span> <span class='ocrx_word' id='word_1_682' title='bbox 1747 5223 1903 5294; x_wconf 70' lang='grc' dir='ltr'>ἱερὰν</span> 
     </span>
    </p>
   </div>
   <div class='ocr_carea' id='block_1_99' title="bbox 317 5315 1904 5391">
    <p class='ocr_par' dir='ltr' id='par_1_99' title="bbox 317 5315 1904 5391">
     <span class='ocr_line' id='line_1_99' title="bbox 317 5315 1904 5391; baseline -0.006 -14"><span class='ocrx_word' id='word_1_683' title='bbox 317 5324 417 5377; x_wconf 73' lang='grc' dir='ltr'><strong>καὶ</strong></span> <span class='ocrx_word' id='word_1_684' title='bbox 436 5324 602 5391; x_wconf 84' lang='grc' dir='ltr'>ἁγίαν</span> <span class='ocrx_word' id='word_1_685' title='bbox 627 5322 868 5375; x_wconf 88' lang='grc' dir='ltr'>σύνοδον.</span> <span class='ocrx_word' id='word_1_686' title='bbox 896 5319 1103 5390; x_wconf 81' lang='grc' dir='ltr'>Καιρὺς</span> <span class='ocrx_word' id='word_1_687' title='bbox 1126 5318 1237 5389; x_wconf 74' lang='grc' dir='ltr'><strong>γὰρ</strong></span> <span class='ocrx_word' id='word_1_688' title='bbox 1270 5316 1641 5383; x_wconf 72' lang='grc' dir='ltr'>ύεραπλούσθω</span> <span class='ocrx_word' id='word_1_689' title='bbox 1666 5316 1854 5379; x_wconf 80' lang='grc' dir='ltr'>αὐτοῖς</span> <span class='ocrx_word' id='word_1_690' title='bbox 1877 5315 1904 5368; x_wconf 81' lang='lat'><strong>6</strong></span> 
     </span>
    </p>
   </div>
   <div class='ocr_carea' id='block_1_100' title="bbox 321 5407 1905 5486">
    <p class='ocr_par' dir='ltr' id='par_1_100' title="bbox 321 5407 1905 5486">
     <span class='ocr_line' id='line_1_100' title="bbox 321 5407 1905 5486; baseline -0.005 -18"><span class='ocrx_word' id='word_1_691' title='bbox 321 5418 641 5486; x_wconf 83' lang='grc' dir='ltr'>προσήκων,</span> <span class='ocrx_word' id='word_1_692' title='bbox 668 5414 767 5467; x_wconf 73' lang='grc' dir='ltr'>καὶ</span> <span class='ocrx_word' id='word_1_693' title='bbox 814 5413 1114 5484; x_wconf 81' lang='grc' dir='ltr'>πρόφασιν,</span> <span class='ocrx_word' id='word_1_694' title='bbox 1144 5413 1193 5464; x_wconf 89' lang='grc' dir='ltr'>εἰ</span> <span class='ocrx_word' id='word_1_695' title='bbox 1220 5409 1495 5482; x_wconf 86' lang='grc' dir='ltr'>βούλοιντο</span> <span class='ocrx_word' id='word_1_696' title='bbox 1518 5407 1905 5481; x_wconf 80' lang='grc' dir='ltr'>βελτιωθῆναι,</span> 
     </span>
    </p>
   </div>
   <div class='ocr_carea' id='block_1_101' title="bbox 320 5510 653 5584">
    <p class='ocr_par' dir='ltr' id='par_1_101' title="bbox 320 5510 653 5584">
     <span class='ocr_line' id='line_1_101' title="bbox 320 5510 653 5584; baseline 0.003 -19"><span class='ocrx_word' id='word_1_697' title='bbox 320 5512 423 5566; x_wconf 79' lang='grc' dir='ltr'>οὐκ</span> <span class='ocrx_word' id='word_1_698' title='bbox 445 5510 653 5584; x_wconf 76' lang='grc' dir='ltr'>ἔχουσι.</span> 
     </span>
    </p>
   </div>
   <div class='ocr_carea' id='block_1_102' title="bbox 395 5596 1907 5674">
    <p class='ocr_par' dir='ltr' id='par_1_102' title="bbox 395 5596 1907 5674">
     <span class='ocr_line' id='line_1_102' title="bbox 395 5596 1907 5674; baseline -0.007 -16"><span class='ocrx_word' id='word_1_699' title='bbox 395 5605 505 5658; x_wconf 73' lang='lat' dir='ltr'><strong>Ka&#39;t</strong></span> <span class='ocrx_word' id='word_1_700' title='bbox 544 5601 722 5657; x_wconf 80' lang='grc' dir='ltr'>ταῦτα</span> <span class='ocrx_word' id='word_1_701' title='bbox 750 5601 853 5674; x_wconf 73' lang='grc' dir='ltr'>μὶν</span> <span class='ocrx_word' id='word_1_702' title='bbox 887 5601 1016 5673; x_wconf 77' lang='grc' dir='ltr'>περὶ</span> <span class='ocrx_word' id='word_1_703' title='bbox 1052 5600 1150 5655; x_wconf 79' lang='grc' dir='ltr'><strong>τοῦ</strong></span> <span class='ocrx_word' id='word_1_704' title='bbox 1177 5597 1274 5654; x_wconf 80' lang='grc' dir='ltr'><strong>νῦν</strong></span> <span class='ocrx_word' id='word_1_705' title='bbox 1325 5598 1482 5663; x_wconf 74' lang='grc' dir='ltr'>δντος</span> <span class='ocrx_word' id='word_1_706' title='bbox 1536 5596 1907 5669; x_wconf 84' lang='grc' dir='ltr'>πληρώματος</span> 
     </span>
    </p>
   </div>
   <div class='ocr_carea' id='block_1_103' title="bbox 320 5686 1909 5766">
    <p class='ocr_par' dir='ltr' id='par_1_103' title="bbox 320 5686 1909 5766">
     <span class='ocr_line' id='line_1_103' title="bbox 320 5686 1909 5766; baseline -0.006 -16"><span class='ocrx_word' id='word_1_707' title='bbox 320 5693 424 5765; x_wconf 74' lang='grc' dir='ltr'>τῆς</span> <span class='ocrx_word' id='word_1_708' title='bbox 453 5692 803 5766; x_wconf 77' lang='grc' dir='ltr'>Ἐκκλησξας.</span> <span class='ocrx_word' id='word_1_709' title='bbox 853 5691 920 5746; x_wconf 83' lang='grc' dir='ltr'><strong>Ἦ</strong></span> <span class='ocrx_word' id='word_1_710' title='bbox 946 5692 1005 5747; x_wconf 79' lang='grc' dir='ltr'>δὲ</span> <span class='ocrx_word' id='word_1_711' title='bbox 1062 5693 1129 5747; x_wconf 80' lang='grc' dir='ltr'>ὲκ</span> <span class='ocrx_word' id='word_1_712' title='bbox 1158 5691 1269 5747; x_wconf 90' lang='grc' dir='ltr'><strong>τῶν</strong></span> <span class='ocrx_word' id='word_1_713' title='bbox 1299 5689 1498 5757; x_wconf 80' lang='grc' dir='ltr'>ἔξωθεν</span> <span class='ocrx_word' id='word_1_714' title='bbox 1524 5691 1606 5753; x_wconf 83' lang='grc' dir='ltr'><strong>εἰς</strong></span> <span class='ocrx_word' id='word_1_715' title='bbox 1649 5688 1743 5744; x_wconf 75' lang='grc' dir='ltr'>τὸν</span> <span class='ocrx_word' id='word_1_716' title='bbox 1771 5686 1909 5759; x_wconf 77' lang='grc' dir='ltr'>κλῆ-</span> 
     </span>
    </p>
   </div>
   <div class='ocr_carea' id='block_1_104' title="bbox 419 5874 955 5947">
    <p class='ocr_par' dir='ltr' id='par_1_104' title="bbox 419 5874 955 5947">
     <span class='ocr_line' id='line_1_104' title="bbox 419 5874 955 5947; baseline -0.006 -14"><span class='ocrx_word' id='word_1_717' title='bbox 419 5877 441 5910; x_wconf 77' lang='grc'><strong>⁸</strong></span> <span class='ocrx_word' id='word_1_718' title='bbox 461 5876 656 5935; x_wconf 79' lang='lat' dir='ltr'><strong>Matth.</strong></span> <span class='ocrx_word' id='word_1_719' title='bbox 686 5894 786 5947; x_wconf 84' lang='lat' dir='ltr'><strong>vn,</strong></span> <span class='ocrx_word' id='word_1_720' title='bbox 818 5878 870 5946; x_wconf 86' lang='lat'><strong>7,</strong></span> <span class='ocrx_word' id='word_1_721' title='bbox 900 5874 955 5931; x_wconf 92' lang='grc'>8.</span> 
     </span>
    </p>
   </div>
   <div class='ocr_carea' id='block_1_105' title="bbox 2004 4661 3601 4754">
    <p class='ocr_par' dir='ltr' id='par_1_105' title="bbox 2004 4661 3601 4754">
     <span class='ocr_line' id='line_1_105' title="bbox 2004 4661 3601 4754; baseline -0.019 -15"><span class='ocrx_word' id='word_1_722' title='bbox 2004 4697 2226 4754; x_wconf 91' lang='lat' dir='ltr'><strong>quoque</strong></span> <span class='ocrx_word' id='word_1_723' title='bbox 2261 4678 2574 4751; x_wconf 79' lang='lat' dir='ltr'><strong>proﬁcient,</strong></span> <span class='ocrx_word' id='word_1_724' title='bbox 2601 4674 2648 4731; x_wconf 90' lang='lat' dir='ltr'><strong>si</strong></span> <span class='ocrx_word' id='word_1_725' title='bbox 2680 4667 3053 4741; x_wconf 80' lang='lat' dir='ltr'><strong>adipiscendae</strong></span> <span class='ocrx_word' id='word_1_726' title='bbox 3080 4661 3330 4722; x_wconf 70' lang='lat' dir='ltr'><strong>scientiae</strong></span> <span class='ocrx_word' id='word_1_727' title='bbox 3365 4670 3601 4729; x_wconf 89' lang='lat' dir='ltr'><strong>capaces</strong></span> 
     </span>
    </p>
   </div>
   <div class='ocr_carea' id='block_1_106' title="bbox 2007 4749 3604 4835">
    <p class='ocr_par' dir='ltr' id='par_1_106' title="bbox 2007 4749 3604 4835">
     <span class='ocr_line' id='line_1_106' title="bbox 2007 4749 3604 4835; baseline -0.018 -4"><span class='ocrx_word' id='word_1_728' title='bbox 2007 4749 2162 4831; x_wconf 45' lang='lat' dir='ltr'><strong>sunt:</strong></span> <span class='ocrx_word' id='word_1_729' title='bbox 2192 4749 2413 4829; x_wconf 81' lang='lat' dir='ltr'><strong>Interim</strong></span> <span class='ocrx_word' id='word_1_730' title='bbox 2454 4784 2566 4824; x_wconf 88' lang='lat' dir='ltr'><strong>non</strong></span> <span class='ocrx_word' id='word_1_731' title='bbox 2601 4763 2950 4835; x_wconf 86' lang='lat' dir='ltr'><strong>expellentur</strong></span> <span class='ocrx_word' id='word_1_732' title='bbox 2978 4774 3009 4814; x_wconf 89' lang='lat' dir='ltr'><strong>a</strong></span> <span class='ocrx_word' id='word_1_733' title='bbox 3053 4757 3169 4812; x_wconf 90' lang='lat' dir='ltr'><strong>suis</strong></span> <span class='ocrx_word' id='word_1_734' title='bbox 3201 4751 3487 4825; x_wconf 82' lang='lat' dir='ltr'><strong>gradibus.</strong></span> <span class='ocrx_word' id='word_1_735' title='bbox 3533 4749 3604 4802; x_wconf 89' lang='lat' dir='ltr'><strong>At</strong></span> 
     </span>
    </p>
   </div>
   <div class='ocr_carea' id='block_1_107' title="bbox 2010 4845 3607 4940">
    <p class='ocr_par' dir='ltr' id='par_1_107' title="bbox 2010 4845 3607 4940">
     <span class='ocr_line' id='line_1_107' title="bbox 2010 4845 3607 4940; baseline -0.019 -15"><span class='ocrx_word' id='word_1_736' title='bbox 2010 4868 2108 4940; x_wconf 89' lang='lat' dir='ltr'><strong>qui</strong></span> <span class='ocrx_word' id='word_1_737' title='bbox 2137 4874 2392 4938; x_wconf 87' lang='lat' dir='ltr'><strong>possunt,</strong></span> <span class='ocrx_word' id='word_1_738' title='bbox 2436 4874 2619 4930; x_wconf 89' lang='lat' dir='ltr'><strong>neque</strong></span> <span class='ocrx_word' id='word_1_739' title='bbox 2651 4855 2923 4913; x_wconf 88' lang='lat' dir='ltr'><strong>adhibent</strong></span> <span class='ocrx_word' id='word_1_740' title='bbox 2951 4847 3316 4921; x_wconf 86' lang='lat' dir='ltr'><strong>diligentiam,</strong></span> <span class='ocrx_word' id='word_1_741' title='bbox 3358 4845 3512 4914; x_wconf 92' lang='lat' dir='ltr'><strong>ipsos</strong></span> <span class='ocrx_word' id='word_1_742' title='bbox 3545 4855 3607 4896; x_wconf 91' lang='lat' dir='ltr'><strong>se</strong></span> 
     </span>
    </p>
   </div>
   <div class='ocr_carea' id='block_1_108' title="bbox 2011 4934 3607 5033">
    <p class='ocr_par' dir='ltr' id='par_1_108' title="bbox 2011 4934 3607 5033">
     <span class='ocr_line' id='line_1_108' title="bbox 2011 4934 3607 5033; baseline -0.019 -17"><span class='ocrx_word' id='word_1_743' title='bbox 2011 4934 2260 5033; x_wconf 76' lang='lat' dir='ltr'><strong>ejicient,</strong></span> <span class='ocrx_word' id='word_1_744' title='bbox 2295 4961 2421 5026; x_wconf 91' lang='lat' dir='ltr'><strong>post</strong></span> <span class='ocrx_word' id='word_1_745' title='bbox 2449 4961 2666 5021; x_wconf 87' lang='lat' dir='ltr'><strong>tempus</strong></span> <span class='ocrx_word' id='word_1_746' title='bbox 2695 4958 3024 5017; x_wconf 85' lang='lat' dir='ltr'><strong>congruum,</strong></span> <span class='ocrx_word' id='word_1_747' title='bbox 3049 4940 3095 4997; x_wconf 92' lang='lat' dir='ltr'><strong>si</strong></span> <span class='ocrx_word' id='word_1_748' title='bbox 3124 4934 3421 4994; x_wconf 89' lang='lat' dir='ltr'><strong>incorrecti</strong></span> <span class='ocrx_word' id='word_1_749' title='bbox 3445 4948 3607 4989; x_wconf 87' lang='lat' dir='ltr'><strong>man-</strong></span> 
     </span>
    </p>
   </div>
   <div class='ocr_carea' id='block_1_109' title="bbox 2012 5038 3609 5108">
    <p class='ocr_par' dir='ltr' id='par_1_109' title="bbox 2012 5038 3609 5108">
     <span class='ocr_line' id='line_1_109' title="bbox 2012 5038 3609 5108; baseline -0.018 0"><span class='ocrx_word' id='word_1_750' title='bbox 2012 5051 2211 5108; x_wconf 89' lang='lat' dir='ltr'><strong>serint.</strong></span> <span class='ocrx_word' id='word_1_751' title='bbox 2258 5046 2416 5105; x_wconf 89' lang='lat' dir='ltr'><strong>Unde</strong></span> <span class='ocrx_word' id='word_1_752' title='bbox 2442 5059 2512 5099; x_wconf 81' lang='lat' dir='ltr'><strong>ex</strong></span> <span class='ocrx_word' id='word_1_753' title='bbox 2555 5050 2688 5098; x_wconf 92' lang='lat' dir='ltr'><strong>tunc</strong></span> <span class='ocrx_word' id='word_1_754' title='bbox 2736 5038 2950 5107; x_wconf 88' lang='lat' dir='ltr'><strong>seipsos</strong></span> <span class='ocrx_word' id='word_1_755' title='bbox 2998 5038 3282 5095; x_wconf 88' lang='lat' dir='ltr'><strong>accusent,</strong></span> <span class='ocrx_word' id='word_1_756' title='bbox 3317 5043 3431 5085; x_wconf 91' lang='lat' dir='ltr'><strong>non</strong></span> <span class='ocrx_word' id='word_1_757' title='bbox 3474 5040 3609 5082; x_wconf 85' lang='lat' dir='ltr'><strong>vero</strong></span> 
     </span>
    </p>
   </div>
   <div class='ocr_carea' id='block_1_110' title="bbox 2014 5131 3608 5213">
    <p class='ocr_par' dir='ltr' id='par_1_110' title="bbox 2014 5131 3608 5213">
     <span class='ocr_line' id='line_1_110' title="bbox 2014 5131 3608 5213; baseline -0.018 -14"><span class='ocrx_word' id='word_1_758' title='bbox 2014 5141 2307 5213; x_wconf 90' lang='lat' dir='ltr'><strong>imperium</strong></span> <span class='ocrx_word' id='word_1_759' title='bbox 2329 5150 2536 5201; x_wconf 89' lang='lat' dir='ltr'><strong>meum,</strong></span> <span class='ocrx_word' id='word_1_760' title='bbox 2566 5147 2673 5188; x_wconf 90' lang='lat' dir='ltr'><strong>nec</strong></span> <span class='ocrx_word' id='word_1_761' title='bbox 2694 5131 3044 5186; x_wconf 86' lang='lat' dir='ltr'><strong>sanctitatem</strong></span> <span class='ocrx_word' id='word_1_762' title='bbox 3072 5134 3244 5187; x_wconf 89' lang='lat' dir='ltr'><strong>tuam,</strong></span> <span class='ocrx_word' id='word_1_763' title='bbox 3260 5135 3365 5176; x_wconf 91' lang='lat' dir='ltr'><strong>nec</strong></span> <span class='ocrx_word' id='word_1_764' title='bbox 3395 5132 3608 5175; x_wconf 88' lang='lat' dir='ltr'><strong>sacram</strong></span> 
     </span>
    </p>
   </div>
   <div class='ocr_carea' id='block_1_111' title="bbox 2015 5210 3610 5302">
    <p class='ocr_par' dir='ltr' id='par_1_111' title="bbox 2015 5210 3610 5302">
     <span class='ocr_line' id='line_1_111' title="bbox 2015 5210 3610 5302; baseline -0.019 -10"><span class='ocrx_word' id='word_1_765' title='bbox 2015 5210 2376 5302; x_wconf 82' lang='lat' dir='ltr'><strong>sanctamque</strong></span> <span class='ocrx_word' id='word_1_766' title='bbox 2431 5225 2725 5300; x_wconf 84' lang='lat' dir='ltr'><strong>synodum.</strong></span> <span class='ocrx_word' id='word_1_767' title='bbox 2774 5221 3021 5290; x_wconf 87' lang='lat' dir='ltr'><strong>Tempus</strong></span> <span class='ocrx_word' id='word_1_768' title='bbox 3067 5223 3218 5273; x_wconf 88' lang='lat' dir='ltr'><strong>certe</strong></span> <span class='ocrx_word' id='word_1_769' title='bbox 3268 5210 3610 5271; x_wconf 83' lang='lat' dir='ltr'><strong>conveniens</strong></span> 
     </span>
    </p>
   </div>
   <div class='ocr_carea' id='block_1_112' title="bbox 2016 5301 3607 5396">
    <p class='ocr_par' dir='ltr' id='par_1_112' title="bbox 2016 5301 3607 5396">
     <span class='ocr_line' id='line_1_112' title="bbox 2016 5301 3607 5396; baseline -0.016 -15"><span class='ocrx_word' id='word_1_770' title='bbox 2016 5301 2378 5396; x_wconf 83' lang='lat' dir='ltr'><strong>protendatur</strong></span> <span class='ocrx_word' id='word_1_771' title='bbox 2409 5318 2522 5385; x_wconf 89' lang='lat' dir='ltr'><strong>eis;</strong></span> <span class='ocrx_word' id='word_1_772' title='bbox 2548 5327 2605 5372; x_wconf 90' lang='lat' dir='ltr'><strong>et</strong></span> <span class='ocrx_word' id='word_1_773' title='bbox 2626 5321 2981 5388; x_wconf 69' lang='lat' dir='ltr'><strong>praetextam,</strong></span> <span class='ocrx_word' id='word_1_774' title='bbox 3011 5312 3057 5366; x_wconf 89' lang='lat' dir='ltr'><strong>si</strong></span> <span class='ocrx_word' id='word_1_775' title='bbox 3096 5305 3381 5365; x_wconf 90' lang='lat' dir='ltr'><strong>voluerint</strong></span> <span class='ocrx_word' id='word_1_776' title='bbox 3408 5301 3607 5360; x_wconf 88' lang='lat' dir='ltr'><strong>melio-</strong></span> 
     </span>
    </p>
   </div>
   <div class='ocr_carea' id='block_1_113' title="bbox 2014 5408 2713 5479">
    <p class='ocr_par' dir='ltr' id='par_1_113' title="bbox 2014 5408 2713 5479">
     <span class='ocr_line' id='line_1_113' title="bbox 2014 5408 2713 5479; baseline -0.014 -7"><span class='ocrx_word' id='word_1_777' title='bbox 2014 5432 2108 5472; x_wconf 89' lang='lat' dir='ltr'><strong>res</strong></span> <span class='ocrx_word' id='word_1_778' title='bbox 2141 5412 2281 5479; x_wconf 86' lang='lat' dir='ltr'><strong>lieri,</strong></span> <span class='ocrx_word' id='word_1_779' title='bbox 2316 5426 2426 5466; x_wconf 89' lang='lat' dir='ltr'><strong>non</strong></span> <span class='ocrx_word' id='word_1_780' title='bbox 2451 5408 2713 5465; x_wconf 87' lang='lat' dir='ltr'><strong>habeant.</strong></span> 
     </span>
    </p>
   </div>
   <div class='ocr_carea' id='block_1_114' title="bbox 2085 5573 3606 5667">
    <p class='ocr_par' dir='ltr' id='par_1_114' title="bbox 2085 5573 3606 5667">
     <span class='ocr_line' id='line_1_114' title="bbox 2085 5573 3606 5667; baseline -0.018 -15"><span class='ocrx_word' id='word_1_781' title='bbox 2085 5595 2266 5667; x_wconf 82' lang='lat' dir='ltr'><strong>Atque</strong></span> <span class='ocrx_word' id='word_1_782' title='bbox 2295 5593 2414 5649; x_wconf 82' lang='lat' dir='ltr'><strong>haec</strong></span> <span class='ocrx_word' id='word_1_783' title='bbox 2447 5589 2672 5663; x_wconf 88' lang='lat' dir='ltr'><strong>quidem</strong></span> <span class='ocrx_word' id='word_1_784' title='bbox 2701 5587 2771 5645; x_wconf 89' lang='lat' dir='ltr'><strong>de</strong></span> <span class='ocrx_word' id='word_1_785' title='bbox 2791 5584 3049 5659; x_wconf 61' lang='lat' dir='ltr'><strong>prasenti</strong></span> <span class='ocrx_word' id='word_1_786' title='bbox 3076 5579 3337 5641; x_wconf 80' lang='lat' dir='ltr'><strong>Ecclesiae</strong></span> <span class='ocrx_word' id='word_1_787' title='bbox 3360 5573 3606 5667; x_wconf 61' lang='grc' dir='ltr'><strong>ριειιίιιι⁸</strong></span> 
     </span>
    </p>
   </div>
   <div class='ocr_carea' id='block_1_115' title="bbox 2016 5662 3604 5746">
    <p class='ocr_par' dir='ltr' id='par_1_115' title="bbox 2016 5662 3604 5746">
     <span class='ocr_line' id='line_1_115' title="bbox 2016 5662 3604 5746; baseline -0.018 0"><span class='ocrx_word' id='word_1_788' title='bbox 2016 5688 2168 5746; x_wconf 90' lang='lat' dir='ltr'><strong>dine.</strong></span> <span class='ocrx_word' id='word_1_789' title='bbox 2205 5686 2288 5744; x_wconf 82' lang='lat' dir='ltr'><strong>Ad</strong></span> <span class='ocrx_word' id='word_1_790' title='bbox 2320 5662 2532 5744; x_wconf 83' lang='lat' dir='ltr'><strong>clerum</strong></span> <span class='ocrx_word' id='word_1_791' title='bbox 2567 5698 2701 5741; x_wconf 87' lang='lat' dir='ltr'><strong>vero</strong></span> <span class='ocrx_word' id='word_1_792' title='bbox 2730 5678 3073 5738; x_wconf 88' lang='lat' dir='ltr'><strong>introductio</strong></span> <span class='ocrx_word' id='word_1_793' title='bbox 3109 5682 3494 5737; x_wconf 80' lang='lat' dir='ltr'><strong>externorum,</strong></span> <span class='ocrx_word' id='word_1_794' title='bbox 3535 5662 3604 5720; x_wconf 66' lang='lat' dir='ltr'><strong>ab</strong></span> 
     </span>
    </p>
   </div>
  </div>
