  <div class='ocr_page' id='page_1' title='image "/cluster/home/n/w/nwhite01/storage/ocr_20150623/127/coo.31924054870328/487.png"; bbox 0 0 4064 6414; ppageno 0'>
   <div class='ocr_carea' id='block_1_1' title="bbox 494 435 607 495">
    <p class='ocr_par' dir='ltr' id='par_1_1' title="bbox 494 435 607 495">
     <span class='ocr_line' id='line_1_1' title="bbox 494 435 607 495; baseline -0.018 -1"><span class='ocrx_word' id='word_1_1' title='bbox 494 435 607 495; x_wconf 72' lang='lat'><strong>959</strong></span> 
     </span>
    </p>
   </div>
   <div class='ocr_carea' id='block_1_2' title="bbox 1791 413 2446 481">
    <p class='ocr_par' dir='ltr' id='par_1_2' title="bbox 1791 413 2446 481">
     <span class='ocr_line' id='line_1_2' title="bbox 1791 413 2446 481; baseline -0.012 1"><span class='ocrx_word' id='word_1_2' title='bbox 1791 416 2061 481; x_wconf 75' lang='lat' dir='ltr'><strong>ALEXII</strong></span> <span class='ocrx_word' id='word_1_3' title='bbox 2101 413 2446 476; x_wconf 78' lang='lat' dir='ltr'><strong>COMNENI</strong></span> 
     </span>
    </p>
   </div>
   <div class='ocr_carea' id='block_1_3' title="bbox 3650 410 3763 474">
    <p class='ocr_par' dir='ltr' id='par_1_3' title="bbox 3650 410 3763 474">
     <span class='ocr_line' id='line_1_3' title="bbox 3650 410 3763 474; baseline 0.027 -3"><span class='ocrx_word' id='word_1_4' title='bbox 3650 410 3763 474; x_wconf 85' lang='lat'><strong>960</strong></span> 
     </span>
    </p>
   </div>
   <div class='ocr_carea' id='block_1_4' title="bbox 498 518 2086 607">
    <p class='ocr_par' dir='ltr' id='par_1_4' title="bbox 498 530 2070 607">
     <span class='ocr_line' id='line_1_4' title="bbox 498 530 2070 607; baseline -0.01 -13"><span class='ocrx_word' id='word_1_5' title='bbox 498 542 555 594; x_wconf 90' lang='lat' dir='ltr'><strong>in</strong></span> <span class='ocrx_word' id='word_1_6' title='bbox 584 552 778 607; x_wconf 88' lang='lat' dir='ltr'><strong>magna</strong></span> <span class='ocrx_word' id='word_1_7' title='bbox 813 535 947 589; x_wconf 92' lang='lat' dir='ltr'><strong>urbe</strong></span> <span class='ocrx_word' id='word_1_8' title='bbox 984 541 1203 605; x_wconf 86' lang='lat' dir='ltr'><strong>gerunt,</strong></span> <span class='ocrx_word' id='word_1_9' title='bbox 1235 531 1460 603; x_wconf 81' lang='lat' dir='ltr'><strong>quando</strong></span> <span class='ocrx_word' id='word_1_10' title='bbox 1488 530 1747 588; x_wconf 77' lang='lat' dir='ltr'><strong>videlicet</strong></span> <span class='ocrx_word' id='word_1_11' title='bbox 1785 530 2070 601; x_wconf 76' lang='lat' dir='ltr'><strong>negotium</strong></span> 
     </span>
    </p>
   </div>
   <div class='ocr_carea' id='block_1_5' title="bbox 2197 518 3765 607">
    <p class='ocr_par' dir='ltr' id='par_1_5' title="bbox 2197 518 3765 592">
     <span class='ocr_line' id='line_1_5' title="bbox 2197 518 3765 592; baseline 0.001 -17"><span class='ocrx_word' id='word_1_12' title='bbox 2197 542 2256 577; x_wconf 73' lang='grc' dir='ltr'>,ει</span> <span class='ocrx_word' id='word_1_13' title='bbox 2292 521 2631 583; x_wconf 77' lang='grc' dir='ltr'>διοικούντας</span> <span class='ocrx_word' id='word_1_14' title='bbox 2672 520 2868 592; x_wconf 72' lang='grc' dir='ltr'>ἀρχὰς,</span> <span class='ocrx_word' id='word_1_15' title='bbox 2901 522 2990 575; x_wconf 86' lang='grc' dir='ltr'><strong>ὅτε</strong></span> <span class='ocrx_word' id='word_1_16' title='bbox 3030 522 3125 575; x_wconf 73' lang='grc' dir='ltr'>καὶ</span> <span class='ocrx_word' id='word_1_17' title='bbox 3155 519 3338 591; x_wconf 68' lang='grc' dir='ltr'>χειρὸς</span> <span class='ocrx_word' id='word_1_18' title='bbox 3375 518 3621 589; x_wconf 86' lang='grc' dir='ltr'>δηλονότι</span> <span class='ocrx_word' id='word_1_19' title='bbox 3667 523 3765 578; x_wconf 70' lang='grc' dir='ltr'>καὶ</span> 
     </span>
    </p>
   </div>
   <div class='ocr_carea' id='block_1_6' title="bbox 497 613 2086 697">
    <p class='ocr_par' dir='ltr' id='par_1_6' title="bbox 497 623 2071 697">
     <span class='ocr_line' id='line_1_6' title="bbox 497 623 2071 697; baseline -0.005 -13"><span class='ocrx_word' id='word_1_20' title='bbox 497 645 717 683; x_wconf 89' lang='lat' dir='ltr'><strong>manum</strong></span> <span class='ocrx_word' id='word_1_21' title='bbox 761 634 1202 697; x_wconf 66' lang='lat' dir='ltr'><strong>potestatemque</strong></span> <span class='ocrx_word' id='word_1_22' title='bbox 1256 623 1474 678; x_wconf 86' lang='lat' dir='ltr'><strong>civilem</strong></span> <span class='ocrx_word' id='word_1_23' title='bbox 1532 623 1800 694; x_wconf 86' lang='lat' dir='ltr'><strong>requiret.</strong></span> <span class='ocrx_word' id='word_1_24' title='bbox 1856 623 2071 678; x_wconf 85' lang='lat' dir='ltr'><strong>Debent</strong></span> 
     </span>
    </p>
   </div>
   <div class='ocr_carea' id='block_1_7' title="bbox 2197 613 3763 697">
    <p class='ocr_par' dir='ltr' id='par_1_7' title="bbox 2197 613 3763 685">
     <span class='ocr_line' id='line_1_7' title="bbox 2197 613 3763 685; baseline 0.008 -17"><span class='ocrx_word' id='word_1_25' title='bbox 2197 615 2428 681; x_wconf 75' lang='grc' dir='ltr'>;ξουσίας</span> <span class='ocrx_word' id='word_1_26' title='bbox 2459 613 2630 668; x_wconf 84' lang='grc' dir='ltr'>δεῖται</span> <span class='ocrx_word' id='word_1_27' title='bbox 2653 613 2714 666; x_wconf 75' lang='grc' dir='ltr'><strong>τὸ</strong></span> <span class='ocrx_word' id='word_1_28' title='bbox 2746 615 2978 685; x_wconf 81' lang='grc' dir='ltr'>πρᾶγμα</span> <span class='ocrx_word' id='word_1_29' title='bbox 3011 613 3313 681; x_wconf 77' lang='grc' dir='ltr'><strong>πολιτικῆς.</strong></span> <span class='ocrx_word' id='word_1_30' title='bbox 3349 615 3444 665; x_wconf 75' lang='grc' dir='ltr'><strong>Δεῖ</strong></span> <span class='ocrx_word' id='word_1_31' title='bbox 3473 613 3531 666; x_wconf 69' lang='grc' dir='ltr'><strong>δὲ</strong></span> <span class='ocrx_word' id='word_1_32' title='bbox 3562 615 3763 680; x_wconf 76' lang='grc' dir='ltr'><strong>αὐτοὺς</strong></span> 
     </span>
    </p>
   </div>
   <div class='ocr_carea' id='block_1_8' title="bbox 497 715 2072 786">
    <p class='ocr_par' dir='ltr' id='par_1_8' title="bbox 497 715 2072 786">
     <span class='ocr_line' id='line_1_8' title="bbox 497 715 2072 786; baseline -0.003 -13"><span class='ocrx_word' id='word_1_33' title='bbox 497 721 663 773; x_wconf 86' lang='lat' dir='ltr'><strong>etiam</strong></span> <span class='ocrx_word' id='word_1_34' title='bbox 712 717 989 771; x_wconf 88' lang='lat' dir='ltr'><strong>visitando</strong></span> <span class='ocrx_word' id='word_1_35' title='bbox 1035 716 1327 786; x_wconf 81' lang='lat' dir='ltr'><strong>populum,</strong></span> <span class='ocrx_word' id='word_1_36' title='bbox 1380 715 1609 771; x_wconf 89' lang='lat' dir='ltr'><strong>omnino</strong></span> <span class='ocrx_word' id='word_1_37' title='bbox 1661 722 1822 770; x_wconf 90' lang='lat' dir='ltr'><strong>notos</strong></span> <span class='ocrx_word' id='word_1_38' title='bbox 1864 715 2072 770; x_wconf 89' lang='lat' dir='ltr'><strong>habere</strong></span> 
     </span>
    </p>
   </div>
   <div class='ocr_carea' id='block_1_9' title="bbox 2178 704 3768 778">
    <p class='ocr_par' dir='ltr' id='par_1_9' title="bbox 2178 704 3768 778">
     <span class='ocr_line' id='line_1_9' title="bbox 2178 704 3768 778; baseline -0.003 -16"><span class='ocrx_word' id='word_1_39' title='bbox 2178 705 2684 777; x_wconf 78' lang='grc' dir='ltr'>ὲπισκεπτομένους</span> <span class='ocrx_word' id='word_1_40' title='bbox 2721 704 2814 759; x_wconf 74' lang='grc' dir='ltr'><strong>τὸν</strong></span> <span class='ocrx_word' id='word_1_41' title='bbox 2840 706 2988 772; x_wconf 84' lang='grc' dir='ltr'>λαδν,</span> <span class='ocrx_word' id='word_1_42' title='bbox 3015 706 3109 759; x_wconf 71' lang='grc' dir='ltr'><strong>καὶ</strong></span> <span class='ocrx_word' id='word_1_43' title='bbox 3142 705 3228 758; x_wconf 81' lang='grc' dir='ltr'>ἶνα</span> <span class='ocrx_word' id='word_1_44' title='bbox 3264 705 3467 769; x_wconf 79' lang='grc' dir='ltr'>πάντες</span> <span class='ocrx_word' id='word_1_45' title='bbox 3503 705 3596 778; x_wconf 80' lang='lat' dir='ltr'><strong>[rm</strong></span> <span class='ocrx_word' id='word_1_46' title='bbox 3626 708 3768 759; x_wconf 77' lang='grc' dir='ltr'>παν-</span> 
     </span>
    </p>
   </div>
   <div class='ocr_carea' id='block_1_10' title="bbox 493 797 2086 879">
    <p class='ocr_par' dir='ltr' id='par_1_10' title="bbox 493 804 2072 879">
     <span class='ocr_line' id='line_1_10' title="bbox 493 804 2072 879; baseline -0.001 -18"><span class='ocrx_word' id='word_1_47' title='bbox 493 818 677 879; x_wconf 89' lang='lat' dir='ltr'><strong>patres</strong></span> <span class='ocrx_word' id='word_1_48' title='bbox 702 808 920 862; x_wconf 91' lang='lat' dir='ltr'><strong>illorum</strong></span> <span class='ocrx_word' id='word_1_49' title='bbox 950 807 1264 876; x_wconf 81' lang='lat' dir='ltr'><strong>spiritales,</strong></span> <span class='ocrx_word' id='word_1_50' title='bbox 1301 816 1361 861; x_wconf 92' lang='lat' dir='ltr'><strong>ut</strong></span> <span class='ocrx_word' id='word_1_51' title='bbox 1389 822 1459 861; x_wconf 91' lang='lat' dir='ltr'><strong>ne</strong></span> <span class='ocrx_word' id='word_1_52' title='bbox 1490 821 1591 876; x_wconf 91' lang='lat' dir='ltr'><strong>pro</strong></span> <span class='ocrx_word' id='word_1_53' title='bbox 1614 805 1929 876; x_wconf 81' lang='lat' dir='ltr'><strong>pastoribus</strong></span> <span class='ocrx_word' id='word_1_54' title='bbox 1955 804 2072 874; x_wconf 92' lang='lat' dir='ltr'><strong>lupi</strong></span> 
     </span>
    </p>
   </div>
   <div class='ocr_carea' id='block_1_11' title="bbox 2197 797 3766 879">
    <p class='ocr_par' dir='ltr' id='par_1_11' title="bbox 2197 797 3766 873">
     <span class='ocr_line' id='line_1_11' title="bbox 2197 797 3766 873; baseline 0 -20"><span class='ocrx_word' id='word_1_55' title='bbox 2197 818 2284 864; x_wconf 72' lang='grc' dir='ltr'>τως</span> <span class='ocrx_word' id='word_1_56' title='bbox 2305 798 2351 873; x_wconf 72' lang='grc' dir='ltr'><strong>ἳ]</strong></span> <span class='ocrx_word' id='word_1_57' title='bbox 2373 800 2684 870; x_wconf 74' lang='grc' dir='ltr'><strong>γνωρίμους</strong></span> <span class='ocrx_word' id='word_1_58' title='bbox 2718 797 2884 869; x_wconf 79' lang='grc' dir='ltr'>ἔχωσι</span> <span class='ocrx_word' id='word_1_59' title='bbox 2909 800 3036 861; x_wconf 73' lang='grc' dir='ltr'>τοὺς</span> <span class='ocrx_word' id='word_1_60' title='bbox 3065 798 3475 862; x_wconf 76' lang='grc' dir='ltr'>πνευματικοίις</span> <span class='ocrx_word' id='word_1_61' title='bbox 3509 800 3766 867; x_wconf 80' lang='grc' dir='ltr'>Πατέρας</span> 
     </span>
    </p>
   </div>
   <div class='ocr_carea' id='block_1_12' title="bbox 493 896 2075 971">
    <p class='ocr_par' dir='ltr' id='par_1_12' title="bbox 493 896 2075 971">
     <span class='ocr_line' id='line_1_12' title="bbox 493 896 2075 971; baseline -0.004 -16"><span class='ocrx_word' id='word_1_62' title='bbox 493 901 847 970; x_wconf 88' lang='lat' dir='ltr'><strong>reperiantur</strong></span> <span class='ocrx_word' id='word_1_63' title='bbox 878 899 1103 971; x_wconf 90' lang='lat' dir='ltr'><strong>quidam</strong></span> <span class='ocrx_word' id='word_1_64' title='bbox 1135 914 1201 953; x_wconf 89' lang='lat' dir='ltr'><strong>ex</strong></span> <span class='ocrx_word' id='word_1_65' title='bbox 1234 899 1303 953; x_wconf 89' lang='lat' dir='ltr'><strong>iis</strong></span> <span class='ocrx_word' id='word_1_66' title='bbox 1336 900 1429 968; x_wconf 87' lang='lat' dir='ltr'><strong>qui</strong></span> <span class='ocrx_word' id='word_1_67' title='bbox 1488 898 1863 953; x_wconf 84' lang='lat' dir='ltr'><strong>confessiones</strong></span> <span class='ocrx_word' id='word_1_68' title='bbox 1894 896 2075 951; x_wconf 88' lang='lat' dir='ltr'><strong>homi-</strong></span> 
     </span>
    </p>
   </div>
   <div class='ocr_carea' id='block_1_13' title="bbox 2178 889 3770 962">
    <p class='ocr_par' dir='ltr' id='par_1_13' title="bbox 2178 889 3770 962">
     <span class='ocr_line' id='line_1_13' title="bbox 2178 889 3770 962; baseline -0.002 -16"><span class='ocrx_word' id='word_1_69' title='bbox 2178 892 2378 959; x_wconf 78' lang='grc' dir='ltr'>αὐτῶν,</span> <span class='ocrx_word' id='word_1_70' title='bbox 2420 892 2504 945; x_wconf 80' lang='grc' dir='ltr'>ἵνα</span> <span class='ocrx_word' id='word_1_71' title='bbox 2539 894 2614 962; x_wconf 81' lang='grc' dir='ltr'>μὴ</span> <span class='ocrx_word' id='word_1_72' title='bbox 2657 891 2779 944; x_wconf 79' lang='grc' dir='ltr'>ἀντὶ</span> <span class='ocrx_word' id='word_1_73' title='bbox 2812 891 3091 961; x_wconf 79' lang='grc' dir='ltr'><strong>ποιμένων</strong></span> <span class='ocrx_word' id='word_1_74' title='bbox 3123 889 3277 944; x_wconf 88' lang='grc' dir='ltr'>λύκοι</span> <span class='ocrx_word' id='word_1_75' title='bbox 3320 891 3593 959; x_wconf 80' lang='grc' dir='ltr'>εύρεθῶσί</span> <span class='ocrx_word' id='word_1_76' title='bbox 3622 910 3770 956; x_wconf 87' lang='grc' dir='ltr'>τινες</span> 
     </span>
    </p>
   </div>
   <div class='ocr_carea' id='block_1_14' title="bbox 498 981 2086 1059">
    <p class='ocr_par' dir='ltr' id='par_1_14' title="bbox 498 988 2075 1059">
     <span class='ocr_line' id='line_1_14' title="bbox 498 988 2075 1059; baseline -0.001 -14"><span class='ocrx_word' id='word_1_77' title='bbox 498 1007 629 1045; x_wconf 90' lang='lat' dir='ltr'><strong>num</strong></span> <span class='ocrx_word' id='word_1_78' title='bbox 687 990 994 1059; x_wconf 89' lang='lat' dir='ltr'><strong>excipiunt.</strong></span> <span class='ocrx_word' id='word_1_79' title='bbox 1028 989 1112 1044; x_wconf 80' lang='lat' dir='ltr'><strong>Ad</strong></span> <span class='ocrx_word' id='word_1_80' title='bbox 1174 990 1290 1045; x_wconf 77' lang='lat' dir='ltr'><strong>haec</strong></span> <span class='ocrx_word' id='word_1_81' title='bbox 1346 990 1511 1045; x_wconf 86' lang='lat' dir='ltr'><strong>iidem</strong></span> <span class='ocrx_word' id='word_1_82' title='bbox 1559 989 1836 1054; x_wconf 89' lang='lat' dir='ltr'><strong>doctores,</strong></span> <span class='ocrx_word' id='word_1_83' title='bbox 1873 998 1935 1044; x_wconf 94' lang='lat' dir='ltr'><strong>ut</strong></span> <span class='ocrx_word' id='word_1_84' title='bbox 1968 988 2075 1044; x_wconf 83' lang='lat' dir='ltr'><strong>fide</strong></span> 
     </span>
    </p>
   </div>
   <div class='ocr_carea' id='block_1_15' title="bbox 2197 981 3770 1059">
    <p class='ocr_par' dir='ltr' id='par_1_15' title="bbox 2197 981 3770 1055">
     <span class='ocr_line' id='line_1_15' title="bbox 2197 981 3770 1055; baseline -0.001 -18"><span class='ocrx_word' id='word_1_85' title='bbox 2197 986 2304 1050; x_wconf 73' lang='grc' dir='ltr'>ιοὺς</span> <span class='ocrx_word' id='word_1_86' title='bbox 2342 984 2641 1055; x_wconf 71' lang='grc' dir='ltr'>λογισμοὺς</span> <span class='ocrx_word' id='word_1_87' title='bbox 2672 984 2781 1037; x_wconf 85' lang='grc' dir='ltr'><strong>τῶν</strong></span> <span class='ocrx_word' id='word_1_88' title='bbox 2824 982 3130 1055; x_wconf 82' lang='grc' dir='ltr'>ἀνθρώπων</span> <span class='ocrx_word' id='word_1_89' title='bbox 3162 983 3570 1053; x_wconf 84' lang='grc' dir='ltr'>ἀναδεχόμενοι.</span> <span class='ocrx_word' id='word_1_90' title='bbox 3609 984 3674 1036; x_wconf 82' lang='lat' dir='ltr'><strong>Ol</strong></span> <span class='ocrx_word' id='word_1_91' title='bbox 3710 981 3770 1036; x_wconf 77' lang='grc' dir='ltr'>δὲ</span> 
     </span>
    </p>
   </div>
   <div class='ocr_carea' id='block_1_16' title="bbox 492 1081 2072 1153">
    <p class='ocr_par' dir='ltr' id='par_1_16' title="bbox 492 1081 2072 1153">
     <span class='ocr_line' id='line_1_16' title="bbox 492 1081 2072 1153; baseline 0.001 -18"><span class='ocrx_word' id='word_1_92' title='bbox 492 1081 643 1151; x_wconf 81' lang='lat' dir='ltr'><strong>digni</strong></span> <span class='ocrx_word' id='word_1_93' title='bbox 677 1081 871 1143; x_wconf 86' lang='lat' dir='ltr'><strong>habiti,</strong></span> <span class='ocrx_word' id='word_1_94' title='bbox 904 1098 1013 1135; x_wconf 90' lang='lat' dir='ltr'><strong>non</strong></span> <span class='ocrx_word' id='word_1_95' title='bbox 1038 1081 1195 1136; x_wconf 88' lang='lat' dir='ltr'><strong>laicis</strong></span> <span class='ocrx_word' id='word_1_96' title='bbox 1233 1082 1499 1136; x_wconf 77' lang='lat' dir='ltr'><strong>duntaxat</strong></span> <span class='ocrx_word' id='word_1_97' title='bbox 1527 1083 1824 1136; x_wconf 87' lang='lat' dir='ltr'><strong>utilitatem</strong></span> <span class='ocrx_word' id='word_1_98' title='bbox 1856 1081 2072 1153; x_wconf 57' lang='lat' dir='ltr'><strong>prabe-</strong></span> 
     </span>
    </p>
   </div>
   <div class='ocr_carea' id='block_1_17' title="bbox 494 1173 2075 1245">
    <p class='ocr_par' dir='ltr' id='par_1_17' title="bbox 494 1173 2075 1245">
     <span class='ocr_line' id='line_1_17' title="bbox 494 1173 2075 1245; baseline 0.001 -18"><span class='ocrx_word' id='word_1_99' title='bbox 494 1174 652 1234; x_wconf 86' lang='lat' dir='ltr'><strong>bunt,</strong></span> <span class='ocrx_word' id='word_1_100' title='bbox 693 1190 885 1227; x_wconf 89' lang='lat' dir='ltr'><strong>verum</strong></span> <span class='ocrx_word' id='word_1_101' title='bbox 917 1174 1081 1228; x_wconf 91' lang='lat' dir='ltr'><strong>etiam</strong></span> <span class='ocrx_word' id='word_1_102' title='bbox 1112 1173 1418 1229; x_wconf 86' lang='lat' dir='ltr'><strong>monachis.</strong></span> <span class='ocrx_word' id='word_1_103' title='bbox 1456 1174 1617 1245; x_wconf 82' lang='lat' dir='ltr'><strong>Apud</strong></span> <span class='ocrx_word' id='word_1_104' title='bbox 1652 1177 1751 1230; x_wconf 92' lang='lat' dir='ltr'><strong>hos</strong></span> <span class='ocrx_word' id='word_1_105' title='bbox 1777 1176 1925 1231; x_wconf 89' lang='lat' dir='ltr'><strong>enim</strong></span> <span class='ocrx_word' id='word_1_106' title='bbox 1955 1174 2075 1245; x_wconf 88' lang='lat' dir='ltr'><strong>pari</strong></span> 
     </span>
    </p>
   </div>
   <div class='ocr_carea' id='block_1_18' title="bbox 495 1263 1626 1335">
    <p class='ocr_par' dir='ltr' id='par_1_18' title="bbox 495 1263 1626 1335">
     <span class='ocr_line' id='line_1_18' title="bbox 495 1263 1626 1335; baseline 0.001 -17"><span class='ocrx_word' id='word_1_107' title='bbox 495 1264 661 1318; x_wconf 85' lang='lat' dir='ltr'><strong>modo</strong></span> <span class='ocrx_word' id='word_1_108' title='bbox 691 1264 939 1334; x_wconf 69' lang='lat' dir='ltr'><strong>quaedam</strong></span> <span class='ocrx_word' id='word_1_109' title='bbox 982 1263 1231 1335; x_wconf 88' lang='lat' dir='ltr'><strong>indigent</strong></span> <span class='ocrx_word' id='word_1_110' title='bbox 1254 1264 1626 1319; x_wconf 89' lang='lat' dir='ltr'><strong>correctione.</strong></span> 
     </span>
    </p>
   </div>
   <div class='ocr_carea' id='block_1_19' title="bbox 575 1422 2076 1511">
    <p class='ocr_par' dir='ltr' id='par_1_19' title="bbox 575 1422 2076 1511">
     <span class='ocr_line' id='line_1_19' title="bbox 575 1422 2076 1511; baseline -0.001 -16"><span class='ocrx_word' id='word_1_111' title='bbox 575 1442 847 1495; x_wconf 68' lang='lat' dir='ltr'><strong>Cancrum</strong></span> <span class='ocrx_word' id='word_1_112' title='bbox 905 1440 1090 1495; x_wconf 89' lang='lat' dir='ltr'><strong>nullus</strong></span> <span class='ocrx_word' id='word_1_113' title='bbox 1151 1440 1227 1495; x_wconf 89' lang='lat' dir='ltr'><strong>ita</strong></span> <span class='ocrx_word' id='word_1_114' title='bbox 1289 1422 1689 1511; x_wconf 79' lang='lat' dir='ltr'><strong>condignorum</strong></span> <span class='ocrx_word' id='word_1_115' title='bbox 1764 1438 2076 1505; x_wconf 90' lang='lat' dir='ltr'><strong>doctorum,</strong></span> 
     </span>
    </p>
   </div>
   <div class='ocr_carea' id='block_1_20' title="bbox 505 1531 2077 1603">
    <p class='ocr_par' dir='ltr' id='par_1_20' title="bbox 505 1531 2077 1603">
     <span class='ocr_line' id='line_1_20' title="bbox 505 1531 2077 1603; baseline 0.001 -17"><span class='ocrx_word' id='word_1_116' title='bbox 505 1532 696 1587; x_wconf 89' lang='lat' dir='ltr'><strong>tardus</strong></span> <span class='ocrx_word' id='word_1_117' title='bbox 722 1532 794 1587; x_wconf 91' lang='lat' dir='ltr'><strong>sit</strong></span> <span class='ocrx_word' id='word_1_118' title='bbox 836 1531 904 1587; x_wconf 90' lang='lat' dir='ltr'><strong>ad</strong></span> <span class='ocrx_word' id='word_1_119' title='bbox 952 1531 1352 1588; x_wconf 84' lang='lat' dir='ltr'><strong>sacerdotalem</strong></span> <span class='ocrx_word' id='word_1_120' title='bbox 1383 1531 1612 1603; x_wconf 82' lang='lat' dir='ltr'><strong>gradum</strong></span> <span class='ocrx_word' id='word_1_121' title='bbox 1636 1532 2077 1602; x_wconf 87' lang='lat' dir='ltr'><strong>suscipiendum,</strong></span> 
     </span>
    </p>
   </div>
   <div class='ocr_carea' id='block_1_21' title="bbox 496 1623 2079 1704">
    <p class='ocr_par' dir='ltr' id='par_1_21' title="bbox 496 1623 2079 1704">
     <span class='ocr_line' id='line_1_21' title="bbox 496 1623 2079 1704; baseline 0.002 -28"><span class='ocrx_word' id='word_1_122' title='bbox 496 1639 608 1692; x_wconf 90' lang='lat' dir='ltr'><strong>quo</strong></span> <span class='ocrx_word' id='word_1_123' title='bbox 654 1623 735 1678; x_wconf 92' lang='lat' dir='ltr'><strong>sic</strong></span> <span class='ocrx_word' id='word_1_124' title='bbox 769 1623 916 1693; x_wconf 90' lang='lat' dir='ltr'><strong>plebi</strong></span> <span class='ocrx_word' id='word_1_125' title='bbox 969 1638 1285 1679; x_wconf 88' lang='lat' dir='ltr'><strong>sermonem</strong></span> <span class='ocrx_word' id='word_1_126' title='bbox 1346 1623 1612 1704; x_wconf 59' lang='lat' dir='ltr'><strong>doctrina;</strong></span> <span class='ocrx_word' id='word_1_127' title='bbox 1667 1624 1963 1695; x_wconf 87' lang='lat' dir='ltr'><strong>impertiat.</strong></span> <span class='ocrx_word' id='word_1_128' title='bbox 2013 1641 2079 1679; x_wconf 84' lang='lat' dir='ltr'><strong>cx</strong></span> 
     </span>
    </p>
   </div>
   <div class='ocr_carea' id='block_1_22' title="bbox 498 1715 2077 1786">
    <p class='ocr_par' dir='ltr' id='par_1_22' title="bbox 498 1715 2077 1786">
     <span class='ocr_line' id='line_1_22' title="bbox 498 1715 2077 1786; baseline 0.001 -17"><span class='ocrx_word' id='word_1_129' title='bbox 498 1716 711 1770; x_wconf 88' lang='lat' dir='ltr'><strong>monito</strong></span> <span class='ocrx_word' id='word_1_130' title='bbox 742 1716 926 1785; x_wconf 82' lang='lat' dir='ltr'><strong>magni</strong></span> <span class='ocrx_word' id='word_1_131' title='bbox 956 1715 1271 1785; x_wconf 82' lang='lat' dir='ltr'><strong>pontificis;</strong></span> <span class='ocrx_word' id='word_1_132' title='bbox 1306 1715 1402 1771; x_wconf 89' lang='lat' dir='ltr'><strong>sed</strong></span> <span class='ocrx_word' id='word_1_133' title='bbox 1437 1716 1619 1786; x_wconf 79' lang='lat' dir='ltr'><strong>potius</strong></span> <span class='ocrx_word' id='word_1_134' title='bbox 1641 1716 1898 1771; x_wconf 89' lang='lat' dir='ltr'><strong>alacriter</strong></span> <span class='ocrx_word' id='word_1_135' title='bbox 1931 1716 2000 1771; x_wconf 88' lang='lat' dir='ltr'><strong>ad</strong></span> <span class='ocrx_word' id='word_1_136' title='bbox 2024 1716 2077 1771; x_wconf 87' lang='lat' dir='ltr'><strong>id</strong></span> 
     </span>
    </p>
   </div>
   <div class='ocr_carea' id='block_1_23' title="bbox 500 1806 2064 1878">
    <p class='ocr_par' dir='ltr' id='par_1_23' title="bbox 500 1806 2064 1878">
     <span class='ocr_line' id='line_1_23' title="bbox 500 1806 2064 1878; baseline 0 -18"><span class='ocrx_word' id='word_1_137' title='bbox 500 1807 732 1872; x_wconf 86' lang='lat' dir='ltr'><strong>feratur,</strong></span> <span class='ocrx_word' id='word_1_138' title='bbox 769 1817 1027 1878; x_wconf 89' lang='lat' dir='ltr'><strong>tanquam</strong></span> <span class='ocrx_word' id='word_1_139' title='bbox 1056 1807 1123 1863; x_wconf 91' lang='lat' dir='ltr'><strong>ad</strong></span> <span class='ocrx_word' id='word_1_140' title='bbox 1152 1823 1268 1863; x_wconf 91' lang='lat' dir='ltr'><strong>rem</strong></span> <span class='ocrx_word' id='word_1_141' title='bbox 1310 1823 1434 1878; x_wconf 74' lang='lat' dir='ltr'><strong>quae</strong></span> <span class='ocrx_word' id='word_1_142' title='bbox 1462 1823 1528 1863; x_wconf 89' lang='lat' dir='ltr'><strong>ex</strong></span> <span class='ocrx_word' id='word_1_143' title='bbox 1560 1806 1757 1862; x_wconf 91' lang='lat' dir='ltr'><strong>ordine</strong></span> <span class='ocrx_word' id='word_1_144' title='bbox 1784 1807 2019 1863; x_wconf 80' lang='lat' dir='ltr'><strong>ecclesia</strong></span> <span class='ocrx_word' id='word_1_145' title='bbox 2046 1836 2064 1849; x_wconf 83' lang='lat'><strong>-</strong></span> 
     </span>
    </p>
   </div>
   <div class='ocr_carea' id='block_1_24' title="bbox 501 1895 2078 1965">
    <p class='ocr_par' dir='ltr' id='par_1_24' title="bbox 501 1895 2078 1965">
     <span class='ocr_line' id='line_1_24' title="bbox 501 1895 2078 1965; baseline -0.001 -15"><span class='ocrx_word' id='word_1_146' title='bbox 501 1896 655 1950; x_wconf 66' lang='lat' dir='ltr'><strong>sticze</strong></span> <span class='ocrx_word' id='word_1_147' title='bbox 686 1896 993 1965; x_wconf 65' lang='lat' dir='ltr'><strong>disciplinae</strong></span> <span class='ocrx_word' id='word_1_148' title='bbox 1037 1895 1118 1950; x_wconf 87' lang='lat' dir='ltr'><strong>ﬁt.</strong></span> <span class='ocrx_word' id='word_1_149' title='bbox 1166 1896 1301 1951; x_wconf 88' lang='lat' dir='ltr'><strong>Nam</strong></span> <span class='ocrx_word' id='word_1_150' title='bbox 1348 1895 1477 1950; x_wconf 88' lang='lat' dir='ltr'><strong>licet</strong></span> <span class='ocrx_word' id='word_1_151' title='bbox 1534 1896 1774 1951; x_wconf 91' lang='lat' dir='ltr'><strong>humano</strong></span> <span class='ocrx_word' id='word_1_152' title='bbox 1823 1904 2078 1965; x_wconf 87' lang='lat' dir='ltr'><strong>respectu</strong></span> 
     </span>
    </p>
   </div>
   <div class='ocr_carea' id='block_1_25' title="bbox 501 1986 2083 2043">
    <p class='ocr_par' dir='ltr' id='par_1_25' title="bbox 501 1986 2083 2043">
     <span class='ocr_line' id='line_1_25' title="bbox 501 1986 2083 2043; baseline 0.002 -4"><span class='ocrx_word' id='word_1_153' title='bbox 501 1986 758 2041; x_wconf 87' lang='lat' dir='ltr'><strong>videatur</strong></span> <span class='ocrx_word' id='word_1_154' title='bbox 793 2003 943 2042; x_wconf 90' lang='lat' dir='ltr'><strong>nunc</strong></span> <span class='ocrx_word' id='word_1_155' title='bbox 972 1986 1293 2042; x_wconf 90' lang='lat' dir='ltr'><strong>nonnullam</strong></span> <span class='ocrx_word' id='word_1_156' title='bbox 1328 1987 1753 2043; x_wconf 89' lang='lat' dir='ltr'><strong>submissionem</strong></span> <span class='ocrx_word' id='word_1_157' title='bbox 1795 1990 2083 2042; x_wconf 84' lang='lat' dir='ltr'><strong>continere</strong></span> 
     </span>
    </p>
   </div>
   <div class='ocr_carea' id='block_1_26' title="bbox 500 2078 2081 2144">
    <p class='ocr_par' dir='ltr' id='par_1_26' title="bbox 500 2078 2081 2144">
     <span class='ocr_line' id='line_1_26' title="bbox 500 2078 2081 2144; baseline 0.001 -12"><span class='ocrx_word' id='word_1_158' title='bbox 500 2078 900 2143; x_wconf 89' lang='lat' dir='ltr'><strong>sacerdotium,</strong></span> <span class='ocrx_word' id='word_1_159' title='bbox 948 2089 1192 2135; x_wconf 87' lang='lat' dir='ltr'><strong>attamen</strong></span> <span class='ocrx_word' id='word_1_160' title='bbox 1226 2094 1338 2134; x_wconf 91' lang='lat' dir='ltr'><strong>non</strong></span> <span class='ocrx_word' id='word_1_161' title='bbox 1390 2079 1465 2134; x_wconf 92' lang='lat' dir='ltr'><strong>ita</strong></span> <span class='ocrx_word' id='word_1_162' title='bbox 1493 2079 1700 2134; x_wconf 88' lang='lat' dir='ltr'><strong>veritas</strong></span> <span class='ocrx_word' id='word_1_163' title='bbox 1734 2079 1933 2144; x_wconf 88' lang='lat' dir='ltr'><strong>habet;</strong></span> <span class='ocrx_word' id='word_1_164' title='bbox 1985 2079 2081 2133; x_wconf 87' lang='lat' dir='ltr'><strong>sed</strong></span> 
     </span>
    </p>
   </div>
   <div class='ocr_carea' id='block_1_27' title="bbox 502 2174 2080 2246">
    <p class='ocr_par' dir='ltr' id='par_1_27' title="bbox 502 2174 2080 2246">
     <span class='ocr_line' id='line_1_27' title="bbox 502 2174 2080 2246; baseline -0.001 -16"><span class='ocrx_word' id='word_1_165' title='bbox 502 2175 940 2231; x_wconf 87' lang='lat' dir='ltr'><strong>irrationabilem</strong></span> <span class='ocrx_word' id='word_1_166' title='bbox 961 2176 1187 2246; x_wconf 87' lang='lat' dir='ltr'><strong>penitus</strong></span> <span class='ocrx_word' id='word_1_167' title='bbox 1204 2174 1664 2230; x_wconf 82' lang='lat' dir='ltr'><strong>consuetudinem</strong></span> <span class='ocrx_word' id='word_1_168' title='bbox 1686 2184 1913 2229; x_wconf 87' lang='lat' dir='ltr'><strong>secutus</strong></span> <span class='ocrx_word' id='word_1_169' title='bbox 1934 2174 2080 2244; x_wconf 82' lang='lat' dir='ltr'><strong>quis.</strong></span> 
     </span>
    </p>
   </div>
   <div class='ocr_carea' id='block_1_28' title="bbox 504 2265 2080 2338">
    <p class='ocr_par' dir='ltr' id='par_1_28' title="bbox 504 2265 2080 2338">
     <span class='ocr_line' id='line_1_28' title="bbox 504 2265 2080 2338; baseline -0.001 -18"><span class='ocrx_word' id='word_1_170' title='bbox 504 2266 772 2322; x_wconf 85' lang='lat' dir='ltr'><strong>honorem</strong></span> <span class='ocrx_word' id='word_1_171' title='bbox 824 2282 924 2338; x_wconf 93' lang='lat' dir='ltr'><strong>pro</strong></span> <span class='ocrx_word' id='word_1_172' title='bbox 975 2267 1474 2322; x_wconf 88' lang='lat' dir='ltr'><strong>dehonestamento</strong></span> <span class='ocrx_word' id='word_1_173' title='bbox 1511 2265 1686 2320; x_wconf 91' lang='lat' dir='ltr'><strong>ducit.</strong></span> <span class='ocrx_word' id='word_1_174' title='bbox 1739 2265 1874 2331; x_wconf 87' lang='lat' dir='ltr'><strong>Quis</strong></span> <span class='ocrx_word' id='word_1_175' title='bbox 1931 2266 2080 2320; x_wconf 88' lang='lat' dir='ltr'><strong>enim</strong></span> 
     </span>
    </p>
   </div>
   <div class='ocr_carea' id='block_1_29' title="bbox 507 2359 2083 2432">
    <p class='ocr_par' dir='ltr' id='par_1_29' title="bbox 507 2359 2083 2432">
     <span class='ocr_line' id='line_1_29' title="bbox 507 2359 2083 2432; baseline 0.003 -20"><span class='ocrx_word' id='word_1_176' title='bbox 507 2370 662 2415; x_wconf 87' lang='lat' dir='ltr'><strong>recte</strong></span> <span class='ocrx_word' id='word_1_177' title='bbox 701 2359 968 2425; x_wconf 89' lang='lat' dir='ltr'><strong>sentiens,</strong></span> <span class='ocrx_word' id='word_1_178' title='bbox 1006 2376 1119 2416; x_wconf 93' lang='lat' dir='ltr'><strong>non</strong></span> <span class='ocrx_word' id='word_1_179' title='bbox 1170 2369 1433 2432; x_wconf 79' lang='lat' dir='ltr'><strong>agnoscat</strong></span> <span class='ocrx_word' id='word_1_180' title='bbox 1472 2362 1833 2417; x_wconf 89' lang='lat' dir='ltr'><strong>excelsiorem</strong></span> <span class='ocrx_word' id='word_1_181' title='bbox 1880 2362 2083 2417; x_wconf 71' lang='lat' dir='ltr'><strong>sacrati</strong></span> 
     </span>
    </p>
   </div>
   <div class='ocr_carea' id='block_1_30' title="bbox 503 2450 2085 2531">
    <p class='ocr_par' dir='ltr' id='par_1_30' title="bbox 503 2450 2085 2531">
     <span class='ocr_line' id='line_1_30' title="bbox 503 2450 2085 2531; baseline 0.003 -26"><span class='ocrx_word' id='word_1_182' title='bbox 503 2458 681 2505; x_wconf 71' lang='lat' dir='ltr'><strong>cmtus</strong></span> <span class='ocrx_word' id='word_1_183' title='bbox 697 2450 925 2522; x_wconf 84' lang='lat' dir='ltr'><strong>gradum</strong></span> <span class='ocrx_word' id='word_1_184' title='bbox 942 2452 964 2504; x_wconf 84' lang='lat'><strong>?</strong></span> <span class='ocrx_word' id='word_1_185' title='bbox 980 2452 1125 2521; x_wconf 90' lang='lat' dir='ltr'><strong>quod</strong></span> <span class='ocrx_word' id='word_1_186' title='bbox 1148 2452 1293 2507; x_wconf 90' lang='lat' dir='ltr'><strong>sicut</strong></span> <span class='ocrx_word' id='word_1_187' title='bbox 1317 2453 1565 2524; x_wconf 78' lang='lat' dir='ltr'><strong>pontifex</strong></span> <span class='ocrx_word' id='word_1_188' title='bbox 1589 2454 1884 2509; x_wconf 87' lang='lat' dir='ltr'><strong>sacerdote</strong></span> <span class='ocrx_word' id='word_1_189' title='bbox 1910 2455 2085 2531; x_wconf 80' lang='lat' dir='ltr'><strong>major</strong></span> 
     </span>
    </p>
   </div>
   <div class='ocr_carea' id='block_1_31' title="bbox 504 2543 2083 2616">
    <p class='ocr_par' dir='ltr' id='par_1_31' title="bbox 504 2543 2083 2616">
     <span class='ocr_line' id='line_1_31' title="bbox 504 2543 2083 2616; baseline 0.002 -19"><span class='ocrx_word' id='word_1_190' title='bbox 504 2552 608 2607; x_wconf 87' lang='lat' dir='ltr'><strong>est,</strong></span> <span class='ocrx_word' id='word_1_191' title='bbox 652 2543 723 2597; x_wconf 93' lang='lat' dir='ltr'><strong>ita</strong></span> <span class='ocrx_word' id='word_1_192' title='bbox 759 2543 1019 2598; x_wconf 87' lang='lat' dir='ltr'><strong>sacerdos</strong></span> <span class='ocrx_word' id='word_1_193' title='bbox 1057 2544 1313 2600; x_wconf 86' lang='lat' dir='ltr'><strong>diacono.</strong></span> <span class='ocrx_word' id='word_1_194' title='bbox 1357 2545 1598 2601; x_wconf 83' lang='lat' dir='ltr'><strong>Tametsi</strong></span> <span class='ocrx_word' id='word_1_195' title='bbox 1652 2546 2083 2616; x_wconf 87' lang='lat' dir='ltr'><strong>protodiacouus</strong></span> 
     </span>
    </p>
   </div>
   <div class='ocr_carea' id='block_1_32' title="bbox 503 2635 2080 2708">
    <p class='ocr_par' dir='ltr' id='par_1_32' title="bbox 503 2635 2080 2708">
     <span class='ocr_line' id='line_1_32' title="bbox 503 2635 2080 2708; baseline 0.003 -20"><span class='ocrx_word' id='word_1_196' title='bbox 503 2635 702 2705; x_wconf 83' lang='lat' dir='ltr'><strong>aliquis</strong></span> <span class='ocrx_word' id='word_1_197' title='bbox 743 2638 989 2700; x_wconf 85' lang='lat' dir='ltr'><strong>exsistat,</strong></span> <span class='ocrx_word' id='word_1_198' title='bbox 1031 2637 1247 2706; x_wconf 88' lang='lat' dir='ltr'><strong>primus</strong></span> <span class='ocrx_word' id='word_1_199' title='bbox 1281 2637 1503 2708; x_wconf 89' lang='lat' dir='ltr'><strong>quidem</strong></span> <span class='ocrx_word' id='word_1_200' title='bbox 1550 2639 1911 2695; x_wconf 80' lang='lat' dir='ltr'><strong>diaconoruut</strong></span> <span class='ocrx_word' id='word_1_201' title='bbox 1960 2648 2080 2704; x_wconf 89' lang='lat' dir='ltr'><strong>est,</strong></span> 
     </span>
    </p>
   </div>
   <div class='ocr_carea' id='block_1_33' title="bbox 502 2726 2083 2796">
    <p class='ocr_par' dir='ltr' id='par_1_33' title="bbox 502 2726 2083 2796">
     <span class='ocr_line' id='line_1_33' title="bbox 502 2726 2083 2796; baseline 0.002 -15"><span class='ocrx_word' id='word_1_202' title='bbox 502 2734 559 2781; x_wconf 79' lang='lat' dir='ltr'><strong>at</strong></span> <span class='ocrx_word' id='word_1_203' title='bbox 605 2726 880 2795; x_wconf 89' lang='lat' dir='ltr'><strong>posterior</strong></span> <span class='ocrx_word' id='word_1_204' title='bbox 928 2736 1207 2796; x_wconf 90' lang='lat' dir='ltr'><strong>postremo</strong></span> <span class='ocrx_word' id='word_1_205' title='bbox 1238 2729 1613 2783; x_wconf 86' lang='lat' dir='ltr'><strong>sacerdotum.</strong></span> <span class='ocrx_word' id='word_1_206' title='bbox 1649 2729 1916 2784; x_wconf 77' lang='lat' dir='ltr'><strong>Sacerdos</strong></span> <span class='ocrx_word' id='word_1_207' title='bbox 1974 2746 2083 2784; x_wconf 89' lang='lat' dir='ltr'><strong>una</strong></span> 
     </span>
    </p>
   </div>
   <div class='ocr_carea' id='block_1_34' title="bbox 504 2818 2081 2887">
    <p class='ocr_par' dir='ltr' id='par_1_34' title="bbox 504 2818 2081 2887">
     <span class='ocr_line' id='line_1_34' title="bbox 504 2818 2081 2887; baseline 0.006 -17"><span class='ocrx_word' id='word_1_208' title='bbox 504 2832 628 2871; x_wconf 89' lang='lat' dir='ltr'><strong>cum</strong></span> <span class='ocrx_word' id='word_1_209' title='bbox 654 2818 911 2887; x_wconf 79' lang='lat' dir='ltr'><strong>pontifice</strong></span> <span class='ocrx_word' id='word_1_210' title='bbox 946 2819 1102 2875; x_wconf 89' lang='lat' dir='ltr'><strong>sedet</strong></span> <span class='ocrx_word' id='word_1_211' title='bbox 1145 2836 1158 2874; x_wconf 90' lang='lat'><strong>:</strong></span> <span class='ocrx_word' id='word_1_212' title='bbox 1194 2820 1462 2877; x_wconf 83' lang='lat' dir='ltr'><strong>diaconus</strong></span> <span class='ocrx_word' id='word_1_213' title='bbox 1495 2831 1639 2878; x_wconf 87' lang='lat' dir='ltr'><strong>astat</strong></span> <span class='ocrx_word' id='word_1_214' title='bbox 1690 2831 1746 2878; x_wconf 90' lang='lat' dir='ltr'><strong>et</strong></span> <span class='ocrx_word' id='word_1_215' title='bbox 1782 2824 2081 2879; x_wconf 87' lang='lat' dir='ltr'><strong>ministrat.</strong></span> 
     </span>
    </p>
   </div>
   <div class='ocr_carea' id='block_1_35' title="bbox 505 2911 2085 2990">
    <p class='ocr_par' dir='ltr' id='par_1_35' title="bbox 505 2911 2085 2990">
     <span class='ocr_line' id='line_1_35' title="bbox 505 2911 2085 2990; baseline 0.006 -25"><span class='ocrx_word' id='word_1_216' title='bbox 505 2911 741 2966; x_wconf 81' lang='lat' dir='ltr'><strong>Proinde</strong></span> <span class='ocrx_word' id='word_1_217' title='bbox 780 2915 873 2983; x_wconf 88' lang='lat' dir='ltr'><strong>qui</strong></span> <span class='ocrx_word' id='word_1_218' title='bbox 913 2915 1113 2984; x_wconf 84' lang='lat' dir='ltr'><strong>dignus</strong></span> <span class='ocrx_word' id='word_1_219' title='bbox 1152 2925 1236 2971; x_wconf 88' lang='lat' dir='ltr'><strong>est</strong></span> <span class='ocrx_word' id='word_1_220' title='bbox 1266 2916 1557 2983; x_wconf 89' lang='lat' dir='ltr'><strong>diaconus,</strong></span> <span class='ocrx_word' id='word_1_221' title='bbox 1589 2928 1851 2990; x_wconf 89' lang='lat' dir='ltr'><strong>prompto</strong></span> <span class='ocrx_word' id='word_1_222' title='bbox 1897 2922 2085 2974; x_wconf 91' lang='lat' dir='ltr'><strong>animo</strong></span> 
     </span>
    </p>
   </div>
   <div class='ocr_carea' id='block_1_36' title="bbox 503 3002 1333 3077">
    <p class='ocr_par' dir='ltr' id='par_1_36' title="bbox 503 3002 1333 3077">
     <span class='ocr_line' id='line_1_36' title="bbox 503 3002 1333 3077; baseline 0.01 -21"><span class='ocrx_word' id='word_1_223' title='bbox 503 3002 582 3072; x_wconf 83' lang='lat' dir='ltr'><strong>ad_</strong></span> <span class='ocrx_word' id='word_1_224' title='bbox 606 3004 1043 3077; x_wconf 81' lang='lat' dir='ltr'><strong>presbyteratum</strong></span> <span class='ocrx_word' id='word_1_225' title='bbox 1082 3008 1333 3065; x_wconf 88' lang='lat' dir='ltr'><strong>accedet.</strong></span> 
     </span>
    </p>
   </div>
   <div class='ocr_carea' id='block_1_37' title="bbox 574 3092 2087 3173">
    <p class='ocr_par' dir='ltr' id='par_1_37' title="bbox 574 3092 2087 3173">
     <span class='ocr_line' id='line_1_37' title="bbox 574 3092 2087 3173; baseline 0.009 -25"><span class='ocrx_word' id='word_1_226' title='bbox 574 3092 796 3151; x_wconf 86' lang='lat' dir='ltr'><strong>Tribuit</strong></span> <span class='ocrx_word' id='word_1_227' title='bbox 838 3108 1023 3154; x_wconf 88' lang='lat' dir='ltr'><strong>autem</strong></span> <span class='ocrx_word' id='word_1_228' title='bbox 1076 3102 1338 3173; x_wconf 85' lang='lat' dir='ltr'><strong>majestas</strong></span> <span class='ocrx_word' id='word_1_229' title='bbox 1383 3117 1504 3157; x_wconf 90' lang='lat' dir='ltr'><strong>mea</strong></span> <span class='ocrx_word' id='word_1_230' title='bbox 1547 3101 1703 3158; x_wconf 83' lang='lat' dir='ltr'><strong>hisce</strong></span> <span class='ocrx_word' id='word_1_231' title='bbox 1760 3103 2087 3161; x_wconf 91' lang='lat' dir='ltr'><strong>doctoribus</strong></span> 
     </span>
    </p>
   </div>
   <div class='ocr_carea' id='block_1_38' title="bbox 2180 1074 3769 1146">
    <p class='ocr_par' dir='ltr' id='par_1_38' title="bbox 2180 1074 3769 1146">
     <span class='ocr_line' id='line_1_38' title="bbox 2180 1074 3769 1146; baseline -0.004 -15"><span class='ocrx_word' id='word_1_232' title='bbox 2180 1078 2337 1132; x_wconf 69' lang='grc' dir='ltr'>αὐτοὶ</span> <span class='ocrx_word' id='word_1_233' title='bbox 2362 1077 2676 1131; x_wconf 81' lang='grc' dir='ltr'>διδάσκαλοι</span> <span class='ocrx_word' id='word_1_234' title='bbox 2700 1077 2761 1129; x_wconf 78' lang='grc' dir='ltr'>οὐ</span> <span class='ocrx_word' id='word_1_235' title='bbox 2800 1076 2959 1146; x_wconf 88' lang='grc' dir='ltr'>μόνον</span> <span class='ocrx_word' id='word_1_236' title='bbox 2989 1075 3066 1139; x_wconf 85' lang='grc' dir='ltr'><strong>ὡς</strong></span> <span class='ocrx_word' id='word_1_237' title='bbox 3089 1075 3149 1129; x_wconf 75' lang='grc' dir='ltr'><strong>τὸ</strong></span> <span class='ocrx_word' id='word_1_238' title='bbox 3180 1074 3498 1141; x_wconf 73' lang='grc' dir='ltr'>ἀξιόπιστον</span> <span class='ocrx_word' id='word_1_239' title='bbox 3527 1075 3769 1144; x_wconf 78' lang='grc' dir='ltr'>ἔχοντες,</span> 
     </span>
    </p>
   </div>
   <div class='ocr_carea' id='block_1_39' title="bbox 2179 1165 3771 1238">
    <p class='ocr_par' dir='ltr' id='par_1_39' title="bbox 2179 1165 3771 1238">
     <span class='ocr_line' id='line_1_39' title="bbox 2179 1165 3771 1238; baseline -0.004 -15"><span class='ocrx_word' id='word_1_240' title='bbox 2179 1171 2291 1233; x_wconf 80' lang='grc' dir='ltr'>τοῖς</span> <span class='ocrx_word' id='word_1_241' title='bbox 2315 1168 2525 1231; x_wconf 87' lang='grc' dir='ltr'>λαῖκοῖς</span> <span class='ocrx_word' id='word_1_242' title='bbox 2550 1166 2648 1238; x_wconf 76' lang='grc' dir='ltr'><strong>τὴν</strong></span> <span class='ocrx_word' id='word_1_243' title='bbox 2677 1167 2945 1237; x_wconf 77' lang='grc' dir='ltr'>ὠφέλειαν</span> <span class='ocrx_word' id='word_1_244' title='bbox 2990 1168 3130 1237; x_wconf 80' lang='grc' dir='ltr'><strong>παρέ</strong></span> <span class='ocrx_word' id='word_1_245' title='bbox 3140 1166 3229 1232; x_wconf 79' lang='grc' dir='ltr'>ξου</span> <span class='ocrx_word' id='word_1_246' title='bbox 3240 1183 3345 1229; x_wconf 87' lang='grc' dir='ltr'>σιν,</span> <span class='ocrx_word' id='word_1_247' title='bbox 3377 1165 3511 1217; x_wconf 82' lang='grc' dir='ltr'>ἀλλὰ</span> <span class='ocrx_word' id='word_1_248' title='bbox 3536 1165 3633 1219; x_wconf 78' lang='grc' dir='ltr'>καὶ</span> <span class='ocrx_word' id='word_1_249' title='bbox 3658 1167 3771 1228; x_wconf 77' lang='grc' dir='ltr'>τοῖς</span> 
     </span>
    </p>
   </div>
   <div class='ocr_carea' id='block_1_40' title="bbox 2184 1255 3771 1331">
    <p class='ocr_par' dir='ltr' id='par_1_40' title="bbox 2184 1255 3771 1331">
     <span class='ocr_line' id='line_1_40' title="bbox 2184 1255 3771 1331; baseline -0.003 -20"><span class='ocrx_word' id='word_1_250' title='bbox 2184 1262 2457 1331; x_wconf 82' lang='grc' dir='ltr'>μοναχοῖς.</span> <span class='ocrx_word' id='word_1_251' title='bbox 2491 1261 2671 1312; x_wconf 83' lang='grc' dir='ltr'>Δεῖται</span> <span class='ocrx_word' id='word_1_252' title='bbox 2698 1259 2808 1329; x_wconf 71' lang='grc' dir='ltr'>γὰρ</span> <span class='ocrx_word' id='word_1_253' title='bbox 2839 1259 2933 1311; x_wconf 85' lang='grc' dir='ltr'><strong>καὶ</strong></span> <span class='ocrx_word' id='word_1_254' title='bbox 2964 1257 3072 1309; x_wconf 80' lang='grc' dir='ltr'><strong>τῶν</strong></span> <span class='ocrx_word' id='word_1_255' title='bbox 3103 1255 3225 1311; x_wconf 84' lang='grc' dir='ltr'>κατ’</span> <span class='ocrx_word' id='word_1_256' title='bbox 3249 1256 3445 1319; x_wconf 71' lang='grc' dir='ltr'>αὐτοὺς</span> <span class='ocrx_word' id='word_1_257' title='bbox 3477 1256 3595 1310; x_wconf 76' lang='grc' dir='ltr'>ἔνια</span> <span class='ocrx_word' id='word_1_258' title='bbox 3621 1256 3771 1325; x_wconf 86' lang='grc' dir='ltr'>διορ-</span> 
     </span>
    </p>
   </div>
   <div class='ocr_carea' id='block_1_41' title="bbox 2182 1351 2423 1414">
    <p class='ocr_par' dir='ltr' id='par_1_41' title="bbox 2182 1351 2423 1414">
     <span class='ocr_line' id='line_1_41' title="bbox 2182 1351 2423 1414; baseline -0.004 -9"><span class='ocrx_word' id='word_1_259' title='bbox 2182 1351 2423 1414; x_wconf 82' lang='grc' dir='ltr'>θώσεως.</span> 
     </span>
    </p>
   </div>
   <div class='ocr_carea' id='block_1_42' title="bbox 2254 1438 3774 1514">
    <p class='ocr_par' dir='ltr' id='par_1_42' title="bbox 2254 1438 3774 1514">
     <span class='ocr_line' id='line_1_42' title="bbox 2254 1438 3774 1514; baseline -0.003 -18"><span class='ocrx_word' id='word_1_260' title='bbox 2254 1442 2460 1514; x_wconf 70' lang='grc' dir='ltr'>Μηδεὶς</span> <span class='ocrx_word' id='word_1_261' title='bbox 2497 1442 2552 1495; x_wconf 72' lang='grc' dir='ltr'>δὲ</span> <span class='ocrx_word' id='word_1_262' title='bbox 2587 1441 2697 1494; x_wconf 83' lang='grc' dir='ltr'>τῶν</span> <span class='ocrx_word' id='word_1_263' title='bbox 2736 1440 2910 1504; x_wconf 78' lang='grc' dir='ltr'>οὕτως</span> <span class='ocrx_word' id='word_1_264' title='bbox 2954 1441 3121 1505; x_wconf 80' lang='grc' dir='ltr'>ἀξίων</span> <span class='ocrx_word' id='word_1_265' title='bbox 3153 1439 3492 1494; x_wconf 67' lang='grc' dir='ltr'>διδασκάλων</span> <span class='ocrx_word' id='word_1_266' title='bbox 3528 1438 3774 1511; x_wconf 76' lang='grc' dir='ltr'>ἀπρόθυ-</span> 
     </span>
    </p>
   </div>
   <div class='ocr_carea' id='block_1_43' title="bbox 2185 1532 3775 1607">
    <p class='ocr_par' dir='ltr' id='par_1_43' title="bbox 2185 1532 3775 1607">
     <span class='ocr_line' id='line_1_43' title="bbox 2185 1532 3775 1607; baseline -0.003 -19"><span class='ocrx_word' id='word_1_267' title='bbox 2185 1552 2285 1607; x_wconf 88' lang='grc' dir='ltr'><strong>μος</strong></span> <span class='ocrx_word' id='word_1_268' title='bbox 2344 1536 2498 1588; x_wconf 81' lang='grc' dir='ltr'>ἔσται</span> <span class='ocrx_word' id='word_1_269' title='bbox 2538 1536 2617 1598; x_wconf 85' lang='grc' dir='ltr'><strong>είς</strong></span> <span class='ocrx_word' id='word_1_270' title='bbox 2666 1534 2727 1587; x_wconf 78' lang='grc' dir='ltr'>τὸ</span> <span class='ocrx_word' id='word_1_271' title='bbox 2765 1534 3020 1603; x_wconf 71' lang='grc' dir='ltr'>γενέσθαι</span> <span class='ocrx_word' id='word_1_272' title='bbox 3079 1533 3281 1601; x_wconf 71' lang='grc' dir='ltr'>ἱερεὺς,</span> <span class='ocrx_word' id='word_1_273' title='bbox 3317 1533 3413 1585; x_wconf 70' lang='grc' dir='ltr'><strong>καὶ</strong></span> <span class='ocrx_word' id='word_1_274' title='bbox 3453 1532 3628 1595; x_wconf 64' lang='grc' dir='ltr'>οὕτως</span> <span class='ocrx_word' id='word_1_275' title='bbox 3675 1548 3775 1601; x_wconf 87' lang='grc' dir='ltr'>με-</span> 
     </span>
    </p>
   </div>
   <div class='ocr_carea' id='block_1_44' title="bbox 2182 1623 3775 1695">
    <p class='ocr_par' dir='ltr' id='par_1_44' title="bbox 2182 1623 3775 1695">
     <span class='ocr_line' id='line_1_44' title="bbox 2182 1623 3775 1695; baseline -0.003 -16"><span class='ocrx_word' id='word_1_276' title='bbox 2182 1626 2449 1680; x_wconf 83' lang='grc' dir='ltr'>ταδιδόναι</span> <span class='ocrx_word' id='word_1_277' title='bbox 2510 1625 2590 1695; x_wconf 86' lang='grc' dir='ltr'>τῷ</span> <span class='ocrx_word' id='word_1_278' title='bbox 2648 1625 2766 1693; x_wconf 82' lang='grc' dir='ltr'><strong>λαῷ</strong></span> <span class='ocrx_word' id='word_1_279' title='bbox 2821 1625 2915 1678; x_wconf 80' lang='grc' dir='ltr'><strong>τοῦ</strong></span> <span class='ocrx_word' id='word_1_280' title='bbox 2963 1623 3347 1678; x_wconf 82' lang='grc' dir='ltr'>διδασκαλικοῦ</span> <span class='ocrx_word' id='word_1_281' title='bbox 3408 1623 3571 1689; x_wconf 89' lang='grc' dir='ltr'>λόγου</span> <span class='ocrx_word' id='word_1_282' title='bbox 3631 1624 3775 1675; x_wconf 64' lang='grc' dir='ltr'>κατὰ</span> 
     </span>
    </p>
   </div>
   <div class='ocr_carea' id='block_1_45' title="bbox 2184 1716 3777 1790">
    <p class='ocr_par' dir='ltr' id='par_1_45' title="bbox 2184 1716 3777 1790">
     <span class='ocr_line' id='line_1_45' title="bbox 2184 1716 3777 1790; baseline -0.002 -18"><span class='ocrx_word' id='word_1_283' title='bbox 2184 1719 2501 1790; x_wconf 74' lang='grc' dir='ltr'><strong>προτροπὴν</strong></span> <span class='ocrx_word' id='word_1_284' title='bbox 2544 1719 2639 1771; x_wconf 76' lang='grc' dir='ltr'><strong>τοῦ</strong></span> <span class='ocrx_word' id='word_1_285' title='bbox 2692 1718 2950 1790; x_wconf 85' lang='grc' dir='ltr'>μεγίστου</span> <span class='ocrx_word' id='word_1_286' title='bbox 3003 1718 3330 1789; x_wconf 80' lang='grc' dir='ltr'><strong>ἀρχιερέως,</strong></span> <span class='ocrx_word' id='word_1_287' title='bbox 3380 1716 3519 1770; x_wconf 81' lang='grc' dir='ltr'>ἀλλὰ.</span> <span class='ocrx_word' id='word_1_288' title='bbox 3573 1716 3777 1787; x_wconf 78' lang='grc' dir='ltr'>μᾶλλον</span> 
     </span>
    </p>
   </div>
   <div class='ocr_carea' id='block_1_46' title="bbox 2186 1810 3778 1886">
    <p class='ocr_par' dir='ltr' id='par_1_46' title="bbox 2186 1810 3778 1886">
     <span class='ocr_line' id='line_1_46' title="bbox 2186 1810 3778 1886; baseline -0.006 -16"><span class='ocrx_word' id='word_1_289' title='bbox 2186 1815 2575 1886; x_wconf 83' lang='grc' dir='ltr'>προθυμείσθω</span> <span class='ocrx_word' id='word_1_290' title='bbox 2608 1817 2688 1878; x_wconf 86' lang='grc' dir='ltr'><strong>είς</strong></span> <span class='ocrx_word' id='word_1_291' title='bbox 2716 1813 2875 1868; x_wconf 81' lang='grc' dir='ltr'>τοῦτο</span> <span class='ocrx_word' id='word_1_292' title='bbox 2901 1813 2977 1877; x_wconf 87' lang='grc' dir='ltr'><strong>ὡς</strong></span> <span class='ocrx_word' id='word_1_293' title='bbox 3010 1813 3152 1868; x_wconf 76' lang='grc' dir='ltr'>κατὰ</span> <span class='ocrx_word' id='word_1_294' title='bbox 3179 1812 3276 1883; x_wconf 77' lang='grc' dir='ltr'>τὴν</span> <span class='ocrx_word' id='word_1_295' title='bbox 3311 1810 3641 1864; x_wconf 82' lang='grc' dir='ltr'>ἀκολουθίαν</span> <span class='ocrx_word' id='word_1_296' title='bbox 3674 1810 3778 1880; x_wconf 79' lang='grc' dir='ltr'>τῆς</span> 
     </span>
    </p>
   </div>
   <div class='ocr_carea' id='block_1_47' title="bbox 2187 1898 3777 1975">
    <p class='ocr_par' dir='ltr' id='par_1_47' title="bbox 2187 1898 3777 1975">
     <span class='ocr_line' id='line_1_47' title="bbox 2187 1898 3777 1975; baseline -0.005 -17"><span class='ocrx_word' id='word_1_297' title='bbox 2187 1905 2652 1975; x_wconf 73' lang='grc' dir='ltr'>ἐκκλησιαστικῆς</span> <span class='ocrx_word' id='word_1_298' title='bbox 2711 1902 2970 1969; x_wconf 75' lang='grc' dir='ltr'><strong>εὐταξίας</strong></span> <span class='ocrx_word' id='word_1_299' title='bbox 3022 1901 3334 1970; x_wconf 82' lang='grc' dir='ltr'>γινόμενον.</span> <span class='ocrx_word' id='word_1_300' title='bbox 3394 1900 3457 1952; x_wconf 84' lang='grc' dir='ltr'><strong>Εί</strong></span> <span class='ocrx_word' id='word_1_301' title='bbox 3514 1899 3627 1969; x_wconf 80' lang='grc' dir='ltr'>γὰρ</span> <span class='ocrx_word' id='word_1_302' title='bbox 3678 1898 3777 1951; x_wconf 81' lang='grc' dir='ltr'>καὶ</span> 
     </span>
    </p>
   </div>
   <div class='ocr_carea' id='block_1_48' title="bbox 2186 1992 3780 2068">
    <p class='ocr_par' dir='ltr' id='par_1_48' title="bbox 2186 1992 3780 2068">
     <span class='ocr_line' id='line_1_48' title="bbox 2186 1992 3780 2068; baseline -0.004 -17"><span class='ocrx_word' id='word_1_303' title='bbox 2186 1997 2330 2052; x_wconf 72' lang='grc' dir='ltr'>κατὰ</span> <span class='ocrx_word' id='word_1_304' title='bbox 2353 1997 2412 2051; x_wconf 74' lang='grc' dir='ltr'>τὸ</span> <span class='ocrx_word' id='word_1_305' title='bbox 2442 1995 2780 2068; x_wconf 81' lang='grc' dir='ltr'>ἀνθρώπινον</span> <span class='ocrx_word' id='word_1_306' title='bbox 2802 1994 2947 2058; x_wconf 76' lang='grc' dir='ltr'>ἔδοξε</span> <span class='ocrx_word' id='word_1_307' title='bbox 2980 1992 3075 2046; x_wconf 78' lang='grc' dir='ltr'>νῦν</span> <span class='ocrx_word' id='word_1_308' title='bbox 3115 1993 3261 2065; x_wconf 70' lang='grc' dir='ltr'>ἔχειν</span> <span class='ocrx_word' id='word_1_309' title='bbox 3291 1992 3615 2046; x_wconf 78' lang='grc' dir='ltr'>ὁπόπτωσίν</span> <span class='ocrx_word' id='word_1_310' title='bbox 3653 2009 3780 2044; x_wconf 79' lang='grc' dir='ltr'>τινα</span> 
     </span>
    </p>
   </div>
   <div class='ocr_carea' id='block_1_49' title="bbox 2189 2082 3781 2162">
    <p class='ocr_par' dir='ltr' id='par_1_49' title="bbox 2189 2082 3781 2162">
     <span class='ocr_line' id='line_1_49' title="bbox 2189 2082 3781 2162; baseline -0.006 -19"><span class='ocrx_word' id='word_1_311' title='bbox 2189 2092 2222 2161; x_wconf 82' lang='grc' dir='ltr'>ἡ</span> <span class='ocrx_word' id='word_1_312' title='bbox 2253 2091 2544 2162; x_wconf 78' lang='grc' dir='ltr'><strong>ἱερωσύνη,</strong></span> <span class='ocrx_word' id='word_1_313' title='bbox 2574 2088 2713 2159; x_wconf 80' lang='grc' dir='ltr'>πλὴν</span> <span class='ocrx_word' id='word_1_314' title='bbox 2743 2088 2842 2158; x_wconf 69' lang='grc' dir='ltr'><strong>οὐχ</strong></span> <span class='ocrx_word' id='word_1_315' title='bbox 2877 2087 3052 2151; x_wconf 79' lang='grc' dir='ltr'>οὕτως</span> <span class='ocrx_word' id='word_1_316' title='bbox 3077 2086 3189 2157; x_wconf 79' lang='grc' dir='ltr'>ἔχει</span> <span class='ocrx_word' id='word_1_317' title='bbox 3216 2086 3311 2139; x_wconf 69' lang='grc' dir='ltr'><strong>καὶ</strong></span> <span class='ocrx_word' id='word_1_318' title='bbox 3349 2087 3382 2156; x_wconf 83' lang='grc' dir='ltr'><strong>ὴ</strong></span> <span class='ocrx_word' id='word_1_319' title='bbox 3418 2082 3651 2155; x_wconf 70' lang='grc' dir='ltr'>ἀλήθεια</span> <span class='ocrx_word' id='word_1_320' title='bbox 3672 2099 3685 2113; x_wconf 88' lang='grc'><strong>·</strong></span> <span class='ocrx_word' id='word_1_321' title='bbox 3710 2086 3781 2154; x_wconf 73' lang='grc' dir='ltr'>τῇ</span> 
     </span>
    </p>
   </div>
   <div class='ocr_carea' id='block_1_50' title="bbox 2186 2175 3785 2255">
    <p class='ocr_par' dir='ltr' id='par_1_50' title="bbox 2186 2175 3785 2255">
     <span class='ocr_line' id='line_1_50' title="bbox 2186 2175 3785 2255; baseline -0.008 -17"><span class='ocrx_word' id='word_1_322' title='bbox 2186 2184 2243 2238; x_wconf 71' lang='grc' dir='ltr'>δὲ</span> <span class='ocrx_word' id='word_1_323' title='bbox 2274 2182 2573 2255; x_wconf 79' lang='grc' dir='ltr'><strong>παραλόγῳ</strong></span> <span class='ocrx_word' id='word_1_324' title='bbox 2604 2179 2867 2252; x_wconf 72' lang='grc' dir='ltr'><strong>συνηθείᾳ</strong></span> <span class='ocrx_word' id='word_1_325' title='bbox 2911 2180 3129 2243; x_wconf 70' lang='grc' dir='ltr'>πάντως</span> <span class='ocrx_word' id='word_1_326' title='bbox 3166 2176 3480 2233; x_wconf 80' lang='grc' dir='ltr'>ἀκολουθῶν</span> <span class='ocrx_word' id='word_1_327' title='bbox 3516 2193 3622 2238; x_wconf 74' lang='grc' dir='ltr'>τις,</span> <span class='ocrx_word' id='word_1_328' title='bbox 3657 2175 3785 2245; x_wconf 87' lang='grc' dir='ltr'>κρί-</span> 
     </span>
    </p>
   </div>
   <div class='ocr_carea' id='block_1_51' title="bbox 2188 2262 3785 2343">
    <p class='ocr_par' dir='ltr' id='par_1_51' title="bbox 2188 2262 3785 2343">
     <span class='ocr_line' id='line_1_51' title="bbox 2188 2262 3785 2343; baseline -0.007 -16"><span class='ocrx_word' id='word_1_329' title='bbox 2188 2291 2269 2327; x_wconf 87' lang='grc' dir='ltr'><strong>νει</strong></span> <span class='ocrx_word' id='word_1_330' title='bbox 2299 2275 2397 2342; x_wconf 85' lang='grc' dir='ltr'>τὴν</span> <span class='ocrx_word' id='word_1_331' title='bbox 2424 2273 2591 2343; x_wconf 75' lang='grc' dir='ltr'>τιμὴν</span> <span class='ocrx_word' id='word_1_332' title='bbox 2620 2271 2865 2342; x_wconf 79' lang='grc' dir='ltr'><strong>ἀτιμίαν.</strong></span> <span class='ocrx_word' id='word_1_333' title='bbox 2909 2271 3006 2333; x_wconf 85' lang='grc' dir='ltr'>Τίς</span> <span class='ocrx_word' id='word_1_334' title='bbox 3044 2269 3155 2340; x_wconf 83' lang='grc' dir='ltr'>γὰρ</span> <span class='ocrx_word' id='word_1_335' title='bbox 3201 2267 3311 2321; x_wconf 86' lang='grc' dir='ltr'>τῶν</span> <span class='ocrx_word' id='word_1_336' title='bbox 3343 2262 3401 2321; x_wconf 81' lang='grc' dir='ltr'><strong>εὖ</strong></span> <span class='ocrx_word' id='word_1_337' title='bbox 3436 2266 3785 2337; x_wconf 69' lang='grc' dir='ltr'><strong>φρονούντων</strong></span> 
     </span>
    </p>
   </div>
   <div class='ocr_carea' id='block_1_52' title="bbox 2188 2356 3783 2431">
    <p class='ocr_par' dir='ltr' id='par_1_52' title="bbox 2188 2356 3783 2431">
     <span class='ocr_line' id='line_1_52' title="bbox 2188 2356 3783 2431; baseline -0.005 -15"><span class='ocrx_word' id='word_1_338' title='bbox 2188 2365 2289 2415; x_wconf 72' lang='grc' dir='ltr'>οὐκ</span> <span class='ocrx_word' id='word_1_339' title='bbox 2320 2362 2680 2431; x_wconf 75' lang='grc' dir='ltr'><strong>ἐπιγινώσκει</strong></span> <span class='ocrx_word' id='word_1_340' title='bbox 2712 2362 2805 2414; x_wconf 69' lang='grc' dir='ltr'>τὸν</span> <span class='ocrx_word' id='word_1_341' title='bbox 2833 2361 3169 2431; x_wconf 74' lang='grc' dir='ltr'>ὑψηλότερον</span> <span class='ocrx_word' id='word_1_342' title='bbox 3196 2356 3404 2429; x_wconf 76' lang='grc' dir='ltr'>βαθμὸν</span> <span class='ocrx_word' id='word_1_343' title='bbox 3434 2357 3528 2411; x_wconf 82' lang='grc' dir='ltr'>τοῦ</span> <span class='ocrx_word' id='word_1_344' title='bbox 3566 2360 3783 2427; x_wconf 88' lang='grc' dir='ltr'>ίερατι-</span> 
     </span>
    </p>
   </div>
   <div class='ocr_carea' id='block_1_53' title="bbox 2189 2449 3789 2524">
    <p class='ocr_par' dir='ltr' id='par_1_53' title="bbox 2189 2449 3789 2524">
     <span class='ocr_line' id='line_1_53' title="bbox 2189 2449 3789 2524; baseline -0.004 -16"><span class='ocrx_word' id='word_1_345' title='bbox 2189 2454 2286 2509; x_wconf 76' lang='grc' dir='ltr'><strong>κού</strong></span> <span class='ocrx_word' id='word_1_346' title='bbox 2337 2454 2677 2524; x_wconf 78' lang='grc' dir='ltr'>καταλόγου;</span> <span class='ocrx_word' id='word_1_347' title='bbox 2709 2455 2792 2508; x_wconf 83' lang='grc' dir='ltr'>ὅτι</span> <span class='ocrx_word' id='word_1_348' title='bbox 2822 2453 3014 2523; x_wconf 81' lang='grc' dir='ltr'>ὥσπερ</span> <span class='ocrx_word' id='word_1_349' title='bbox 3058 2452 3087 2504; x_wconf 82' lang='grc' dir='ltr'>ὁ</span> <span class='ocrx_word' id='word_1_350' title='bbox 3110 2452 3401 2522; x_wconf 78' lang='grc' dir='ltr'>ἀρχιερεὺς</span> <span class='ocrx_word' id='word_1_351' title='bbox 3434 2449 3637 2519; x_wconf 74' lang='grc' dir='ltr'>μείζων</span> <span class='ocrx_word' id='word_1_352' title='bbox 3666 2450 3789 2502; x_wconf 73' lang='grc' dir='ltr'>ἐστὶ</span> 
     </span>
    </p>
   </div>
   <div class='ocr_carea' id='block_1_54' title="bbox 2188 2541 3789 2617">
    <p class='ocr_par' dir='ltr' id='par_1_54' title="bbox 2188 2541 3789 2617">
     <span class='ocr_line' id='line_1_54' title="bbox 2188 2541 3789 2617; baseline -0.003 -17"><span class='ocrx_word' id='word_1_353' title='bbox 2188 2547 2283 2601; x_wconf 76' lang='grc' dir='ltr'>τοῦ</span> <span class='ocrx_word' id='word_1_354' title='bbox 2321 2548 2542 2617; x_wconf 77' lang='grc' dir='ltr'>ἱερέως,</span> <span class='ocrx_word' id='word_1_355' title='bbox 2594 2545 2739 2599; x_wconf 71' lang='grc' dir='ltr'>οὕτω</span> <span class='ocrx_word' id='word_1_356' title='bbox 2767 2545 2863 2600; x_wconf 72' lang='grc' dir='ltr'>καὶ</span> <span class='ocrx_word' id='word_1_357' title='bbox 2913 2547 2940 2595; x_wconf 82' lang='grc' dir='ltr'>ὁ</span> <span class='ocrx_word' id='word_1_358' title='bbox 2972 2544 3157 2615; x_wconf 83' lang='grc' dir='ltr'>ίερεὺς</span> <span class='ocrx_word' id='word_1_359' title='bbox 3201 2542 3294 2596; x_wconf 70' lang='grc' dir='ltr'><strong>τοῦ</strong></span> <span class='ocrx_word' id='word_1_360' title='bbox 3343 2541 3624 2597; x_wconf 78' lang='grc' dir='ltr'>διακόνου.</span> <span class='ocrx_word' id='word_1_361' title='bbox 3661 2542 3789 2595; x_wconf 75' lang='grc' dir='ltr'>Κᾶν</span> 
     </span>
    </p>
   </div>
   <div class='ocr_carea' id='block_1_55' title="bbox 2196 2635 3790 2712">
    <p class='ocr_par' dir='ltr' id='par_1_55' title="bbox 2196 2635 3790 2712">
     <span class='ocr_line' id='line_1_55' title="bbox 2196 2635 3790 2712; baseline -0.002 -20"><span class='ocrx_word' id='word_1_362' title='bbox 2196 2640 2634 2712; x_wconf 78' lang='grc' dir='ltr'>πρωτοδιάκονός</span> <span class='ocrx_word' id='word_1_363' title='bbox 2682 2656 2766 2702; x_wconf 87' lang='grc' dir='ltr'><strong>τις</strong></span> <span class='ocrx_word' id='word_1_364' title='bbox 2813 2638 2921 2707; x_wconf 85' lang='grc' dir='ltr'>είη.</span> <span class='ocrx_word' id='word_1_365' title='bbox 2967 2636 3182 2708; x_wconf 82' lang='grc' dir='ltr'>πρῶτος</span> <span class='ocrx_word' id='word_1_366' title='bbox 3226 2637 3324 2705; x_wconf 81' lang='grc' dir='ltr'>μὲν</span> <span class='ocrx_word' id='word_1_367' title='bbox 3355 2636 3463 2687; x_wconf 84' lang='grc' dir='ltr'><strong>τῶν</strong></span> <span class='ocrx_word' id='word_1_368' title='bbox 3513 2635 3790 2689; x_wconf 77' lang='grc' dir='ltr'>διακόνων</span> 
     </span>
    </p>
   </div>
   <div class='ocr_carea' id='block_1_56' title="bbox 2188 2727 3790 2802">
    <p class='ocr_par' dir='ltr' id='par_1_56' title="bbox 2188 2727 3790 2802">
     <span class='ocr_line' id='line_1_56' title="bbox 2188 2727 3790 2802; baseline -0.005 -15"><span class='ocrx_word' id='word_1_369' title='bbox 2188 2735 2357 2797; x_wconf 71' lang='grc' dir='ltr'>ἐστὶν,</span> <span class='ocrx_word' id='word_1_370' title='bbox 2404 2731 2628 2802; x_wconf 76' lang='grc' dir='ltr'><strong>ἔσχατος</strong></span> <span class='ocrx_word' id='word_1_371' title='bbox 2661 2731 2719 2784; x_wconf 76' lang='grc' dir='ltr'>δὲ</span> <span class='ocrx_word' id='word_1_372' title='bbox 2762 2730 2852 2784; x_wconf 70' lang='grc' dir='ltr'>τοῦ</span> <span class='ocrx_word' id='word_1_373' title='bbox 2894 2730 3127 2800; x_wconf 68' lang='grc' dir='ltr'>ἐσχάτου</span> <span class='ocrx_word' id='word_1_374' title='bbox 3162 2729 3272 2781; x_wconf 85' lang='grc' dir='ltr'>τῶν</span> <span class='ocrx_word' id='word_1_375' title='bbox 3338 2729 3533 2795; x_wconf 69' lang='grc' dir='ltr'>ίερέωθ</span> <span class='ocrx_word' id='word_1_376' title='bbox 3566 2745 3581 2759; x_wconf 87' lang='grc'><strong>·</strong></span> <span class='ocrx_word' id='word_1_377' title='bbox 3624 2727 3654 2780; x_wconf 84' lang='grc' dir='ltr'><strong>ό</strong></span> <span class='ocrx_word' id='word_1_378' title='bbox 3682 2728 3790 2797; x_wconf 81' lang='grc' dir='ltr'>μὲν</span> 
     </span>
    </p>
   </div>
   <div class='ocr_carea' id='block_1_57' title="bbox 2188 2819 3787 2896">
    <p class='ocr_par' dir='ltr' id='par_1_57' title="bbox 2188 2819 3787 2896">
     <span class='ocr_line' id='line_1_57' title="bbox 2188 2819 3787 2896; baseline -0.004 -16"><span class='ocrx_word' id='word_1_379' title='bbox 2188 2825 2298 2895; x_wconf 83' lang='grc' dir='ltr'><strong>γὰρ</strong></span> <span class='ocrx_word' id='word_1_380' title='bbox 2330 2824 2508 2896; x_wconf 79' lang='grc' dir='ltr'>ἱερεὺς</span> <span class='ocrx_word' id='word_1_381' title='bbox 2536 2823 2877 2895; x_wconf 76' lang='grc' dir='ltr'>συνεδριάζει</span> <span class='ocrx_word' id='word_1_382' title='bbox 2901 2822 2979 2894; x_wconf 86' lang='grc' dir='ltr'><strong>τῷ</strong></span> <span class='ocrx_word' id='word_1_383' title='bbox 3009 2822 3260 2894; x_wconf 81' lang='grc' dir='ltr'><strong>ἀρχιερεῖ</strong></span> <span class='ocrx_word' id='word_1_384' title='bbox 3282 2836 3297 2851; x_wconf 77' lang='grc' dir='ltr'><strong><em>ο</em></strong></span> <span class='ocrx_word' id='word_1_385' title='bbox 3325 2821 3354 2873; x_wconf 86' lang='grc' dir='ltr'><strong>ό</strong></span> <span class='ocrx_word' id='word_1_386' title='bbox 3374 2819 3431 2873; x_wconf 63' lang='grc' dir='ltr'>δὲ</span> <span class='ocrx_word' id='word_1_387' title='bbox 3462 2820 3787 2891; x_wconf 78' lang='grc' dir='ltr'><strong>παρέστηκε</strong></span> 
     </span>
    </p>
   </div>
   <div class='ocr_carea' id='block_1_58' title="bbox 2189 2910 3789 2986">
    <p class='ocr_par' dir='ltr' id='par_1_58' title="bbox 2189 2910 3789 2986">
     <span class='ocr_line' id='line_1_58' title="bbox 2189 2910 3789 2986; baseline -0.004 -14"><span class='ocrx_word' id='word_1_388' title='bbox 2189 2918 2287 2972; x_wconf 76' lang='grc' dir='ltr'>καὶ</span> <span class='ocrx_word' id='word_1_389' title='bbox 2326 2916 2613 2986; x_wconf 69' lang='grc' dir='ltr'>ὑπηρετεῖ.</span> <span class='ocrx_word' id='word_1_390' title='bbox 2663 2914 2868 2969; x_wconf 77' lang='grc' dir='ltr'>Λοιπὸν</span> <span class='ocrx_word' id='word_1_391' title='bbox 2900 2913 3199 2985; x_wconf 79' lang='grc' dir='ltr'>προθύμως</span> <span class='ocrx_word' id='word_1_392' title='bbox 3229 2911 3322 2965; x_wconf 78' lang='grc' dir='ltr'><strong>καὶ</strong></span> <span class='ocrx_word' id='word_1_393' title='bbox 3354 2910 3505 2976; x_wconf 76' lang='grc' dir='ltr'>ἄξιος</span> <span class='ocrx_word' id='word_1_394' title='bbox 3532 2910 3789 2975; x_wconf 80' lang='grc' dir='ltr'>διάκονος</span> 
     </span>
    </p>
   </div>
   <div class='ocr_carea' id='block_1_59' title="bbox 2190 2990 3253 3079">
    <p class='ocr_par' dir='ltr' id='par_1_59' title="bbox 2190 2990 3253 3079">
     <span class='ocr_line' id='line_1_59' title="bbox 2190 2990 3253 3079; baseline -0.004 -15"><span class='ocrx_word' id='word_1_395' title='bbox 2190 3011 2271 3073; x_wconf 90' lang='grc' dir='ltr'><strong>είς</strong></span> <span class='ocrx_word' id='word_1_396' title='bbox 2303 3008 2365 3062; x_wconf 84' lang='grc' dir='ltr'><strong>τδ</strong></span> <span class='ocrx_word' id='word_1_397' title='bbox 2397 2990 2824 3079; x_wconf 74' lang='grc' dir='ltr'>πρεσϐυτερεῖον</span> <span class='ocrx_word' id='word_1_398' title='bbox 2861 3006 3253 3061; x_wconf 76' lang='grc' dir='ltr'><strong>εἰσελεύσεται.</strong></span> 
     </span>
    </p>
   </div>
   <div class='ocr_carea' id='block_1_60' title="bbox 2212 3096 3793 3171">
    <p class='ocr_par' dir='ltr' id='par_1_60' title="bbox 2212 3096 3793 3171">
     <span class='ocr_line' id='line_1_60' title="bbox 2212 3096 3793 3171; baseline -0.005 -16"><span class='ocrx_word' id='word_1_399' title='bbox 2212 3100 2215 3105; x_wconf 84' lang='grc'><em>’</em></span> <span class='ocrx_word' id='word_1_400' title='bbox 2274 3098 2570 3171; x_wconf 74' lang='grc' dir='ltr'>Ἅπονέμει</span> <span class='ocrx_word' id='word_1_401' title='bbox 2614 3098 2674 3153; x_wconf 77' lang='grc' dir='ltr'>δὲ</span> <span class='ocrx_word' id='word_1_402' title='bbox 2701 3101 2814 3160; x_wconf 82' lang='grc' dir='ltr'>τοῖς</span> <span class='ocrx_word' id='word_1_403' title='bbox 2849 3097 3111 3162; x_wconf 83' lang='grc' dir='ltr'>τοιούτοις</span> <span class='ocrx_word' id='word_1_404' title='bbox 3163 3096 3509 3159; x_wconf 78' lang='grc' dir='ltr'><strong>διδασκάλοις</strong></span> <span class='ocrx_word' id='word_1_405' title='bbox 3545 3098 3659 3159; x_wconf 82' lang='grc' dir='ltr'>τοῖς</span> <span class='ocrx_word' id='word_1_406' title='bbox 3689 3112 3793 3164; x_wconf 80' lang='grc' dir='ltr'>γε-</span> 
     </span>
    </p>
   </div>
   <div class='ocr_carea' id='block_1_61' title="bbox 506 3187 2086 3275">
    <p class='ocr_par' dir='ltr' id='par_1_61' title="bbox 506 3187 2086 3265">
     <span class='ocr_line' id='line_1_61' title="bbox 506 3187 2086 3265; baseline 0.007 -25"><span class='ocrx_word' id='word_1_407' title='bbox 506 3187 601 3255; x_wconf 92' lang='lat' dir='ltr'><strong>qui</strong></span> <span class='ocrx_word' id='word_1_408' title='bbox 655 3189 975 3246; x_wconf 87' lang='lat' dir='ltr'><strong>sacerdotes</strong></span> <span class='ocrx_word' id='word_1_409' title='bbox 1020 3192 1260 3248; x_wconf 88' lang='lat' dir='ltr'><strong>ordinati</strong></span> <span class='ocrx_word' id='word_1_410' title='bbox 1327 3192 1559 3260; x_wconf 87' lang='lat' dir='ltr'><strong>fuerint,</strong></span> <span class='ocrx_word' id='word_1_411' title='bbox 1602 3196 1863 3265; x_wconf 83' lang='lat' dir='ltr'><strong>majorem</strong></span> <span class='ocrx_word' id='word_1_412' title='bbox 1917 3211 2086 3251; x_wconf 90' lang='lat' dir='ltr'><strong>anno-</strong></span> 
     </span>
    </p>
   </div>
   <div class='ocr_carea' id='block_1_62' title="bbox 2197 3187 3792 3275">
    <p class='ocr_par' dir='ltr' id='par_1_62' title="bbox 2197 3187 3792 3264">
     <span class='ocr_line' id='line_1_62' title="bbox 2197 3187 3792 3264; baseline -0.003 -17"><span class='ocrx_word' id='word_1_413' title='bbox 2197 3192 2443 3264; x_wconf 82' lang='grc' dir='ltr'>νομὲνοις</span> <span class='ocrx_word' id='word_1_414' title='bbox 2504 3190 2742 3262; x_wconf 82' lang='grc' dir='ltr'>ίερεῦσιν</span> <span class='ocrx_word' id='word_1_415' title='bbox 2792 3192 2825 3262; x_wconf 81' lang='grc' dir='ltr'>ὴ</span> <span class='ocrx_word' id='word_1_416' title='bbox 2870 3190 3120 3260; x_wconf 87' lang='grc' dir='ltr'>βασιλεία</span> <span class='ocrx_word' id='word_1_417' title='bbox 3174 3207 3277 3262; x_wconf 91' lang='grc' dir='ltr'><strong>μου</strong></span> <span class='ocrx_word' id='word_1_418' title='bbox 3325 3187 3422 3244; x_wconf 71' lang='grc' dir='ltr'><strong>καὶ</strong></span> <span class='ocrx_word' id='word_1_419' title='bbox 3478 3189 3666 3260; x_wconf 77' lang='grc' dir='ltr'>μεῖζον</span> <span class='ocrx_word' id='word_1_420' title='bbox 3720 3189 3792 3242; x_wconf 71' lang='grc' dir='ltr'><strong>τὸ</strong></span> 
     </span>
    </p>
   </div>
   <div class='ocr_carea' id='block_1_63' title="bbox 504 3282 2077 3356">
    <p class='ocr_par' dir='ltr' id='par_1_63' title="bbox 504 3282 2077 3356">
     <span class='ocr_line' id='line_1_63' title="bbox 504 3282 2077 3356; baseline 0.006 -23"><span class='ocrx_word' id='word_1_421' title='bbox 504 3295 653 3347; x_wconf 90' lang='lat' dir='ltr'><strong>nam,</strong></span> <span class='ocrx_word' id='word_1_422' title='bbox 695 3282 955 3338; x_wconf 89' lang='lat' dir='ltr'><strong>nimirum</strong></span> <span class='ocrx_word' id='word_1_423' title='bbox 997 3285 1229 3356; x_wconf 85' lang='lat' dir='ltr'><strong>singulis</strong></span> <span class='ocrx_word' id='word_1_424' title='bbox 1279 3287 1653 3343; x_wconf 89' lang='lat' dir='ltr'><strong>solidorum...</strong></span> <span class='ocrx_word' id='word_1_425' title='bbox 1698 3287 1803 3355; x_wconf 86' lang='lat' dir='ltr'><strong>Qui</strong></span> <span class='ocrx_word' id='word_1_426' title='bbox 1828 3303 1959 3343; x_wconf 85' lang='lat' dir='ltr'><strong>vero</strong></span> <span class='ocrx_word' id='word_1_427' title='bbox 1986 3289 2077 3343; x_wconf 83' lang='lat' dir='ltr'><strong>ad-</strong></span> 
     </span>
    </p>
   </div>
   <div class='ocr_carea' id='block_1_64' title="bbox 508 3370 2089 3450">
    <p class='ocr_par' dir='ltr' id='par_1_64' title="bbox 508 3370 2089 3450">
     <span class='ocr_line' id='line_1_64' title="bbox 508 3370 2089 3450; baseline 0.008 -27"><span class='ocrx_word' id='word_1_428' title='bbox 508 3370 619 3425; x_wconf 90' lang='lat' dir='ltr'><strong>huc</strong></span> <span class='ocrx_word' id='word_1_429' title='bbox 674 3374 1057 3429; x_wconf 74' lang='lat' dir='ltr'><strong>recusaverint</strong></span> <span class='ocrx_word' id='word_1_430' title='bbox 1106 3375 1381 3430; x_wconf 80' lang='lat' dir='ltr'><strong>excelsam</strong></span> <span class='ocrx_word' id='word_1_431' title='bbox 1444 3378 1738 3434; x_wconf 89' lang='lat' dir='ltr'><strong>sacerdotii</strong></span> <span class='ocrx_word' id='word_1_432' title='bbox 1807 3378 2089 3450; x_wconf 84' lang='lat' dir='ltr'><strong>suscipere</strong></span> 
     </span>
    </p>
   </div>
   <div class='ocr_carea' id='block_1_65' title="bbox 510 3462 2090 3536">
    <p class='ocr_par' dir='ltr' id='par_1_65' title="bbox 510 3462 2090 3536">
     <span class='ocr_line' id='line_1_65' title="bbox 510 3462 2090 3536; baseline 0.008 -22"><span class='ocrx_word' id='word_1_433' title='bbox 510 3462 834 3532; x_wconf 76' lang='lat' dir='ltr'><strong>dignitatem</strong></span> <span class='ocrx_word' id='word_1_434' title='bbox 862 3506 876 3531; x_wconf 90' lang='lat'><strong>,</strong></span> <span class='ocrx_word' id='word_1_435' title='bbox 909 3476 965 3520; x_wconf 93' lang='lat' dir='ltr'><strong>et</strong></span> <span class='ocrx_word' id='word_1_436' title='bbox 1022 3466 1240 3523; x_wconf 90' lang='lat' dir='ltr'><strong>diaconi</strong></span> <span class='ocrx_word' id='word_1_437' title='bbox 1293 3468 1626 3536; x_wconf 85' lang='lat' dir='ltr'><strong>exstiterint,</strong></span> <span class='ocrx_word' id='word_1_438' title='bbox 1657 3470 1950 3525; x_wconf 89' lang='lat' dir='ltr'><strong>admittant</strong></span> <span class='ocrx_word' id='word_1_439' title='bbox 1992 3471 2090 3527; x_wconf 82' lang='lat' dir='ltr'><strong>do-</strong></span> 
     </span>
    </p>
   </div>
   <div class='ocr_carea' id='block_1_66' title="bbox 510 3553 2090 3623">
    <p class='ocr_par' dir='ltr' id='par_1_66' title="bbox 510 3553 2090 3623">
     <span class='ocr_line' id='line_1_66' title="bbox 510 3553 2090 3623; baseline 0.008 -17"><span class='ocrx_word' id='word_1_440' title='bbox 510 3553 703 3610; x_wconf 65' lang='lat' dir='ltr'><strong>ctrina:</strong></span> <span class='ocrx_word' id='word_1_441' title='bbox 773 3555 1180 3623; x_wconf 87' lang='lat' dir='ltr'><strong>ministerium,</strong></span> <span class='ocrx_word' id='word_1_442' title='bbox 1233 3559 1397 3615; x_wconf 93' lang='lat' dir='ltr'><strong>modo</strong></span> <span class='ocrx_word' id='word_1_443' title='bbox 1465 3562 1674 3617; x_wconf 88' lang='lat' dir='ltr'><strong>scilicet</strong></span> <span class='ocrx_word' id='word_1_444' title='bbox 1732 3563 1913 3618; x_wconf 89' lang='lat' dir='ltr'><strong>idonei</strong></span> <span class='ocrx_word' id='word_1_445' title='bbox 1976 3565 2090 3618; x_wconf 90' lang='lat' dir='ltr'><strong>sint</strong></span> 
     </span>
    </p>
   </div>
   <div class='ocr_carea' id='block_1_67' title="bbox 512 3645 2087 3725">
    <p class='ocr_par' dir='ltr' id='par_1_67' title="bbox 512 3645 2087 3725">
     <span class='ocr_line' id='line_1_67' title="bbox 512 3645 2087 3725; baseline 0.006 -26"><span class='ocrx_word' id='word_1_446' title='bbox 512 3645 567 3699; x_wconf 92' lang='lat' dir='ltr'><strong>in</strong></span> <span class='ocrx_word' id='word_1_447' title='bbox 625 3662 881 3703; x_wconf 84' lang='lat' dir='ltr'><strong>sermone</strong></span> <span class='ocrx_word' id='word_1_448' title='bbox 914 3664 978 3704; x_wconf 89' lang='lat' dir='ltr'><strong>ac</strong></span> <span class='ocrx_word' id='word_1_449' title='bbox 1033 3650 1263 3707; x_wconf 92' lang='lat' dir='ltr'><strong>virtute.</strong></span> <span class='ocrx_word' id='word_1_450' title='bbox 1330 3653 1622 3723; x_wconf 81' lang='lat' dir='ltr'><strong>Accipient</strong></span> <span class='ocrx_word' id='word_1_451' title='bbox 1676 3670 1843 3725; x_wconf 89' lang='lat' dir='ltr'><strong>porro</strong></span> <span class='ocrx_word' id='word_1_452' title='bbox 1876 3656 1966 3711; x_wconf 88' lang='lat' dir='ltr'><strong>isti</strong></span> <span class='ocrx_word' id='word_1_453' title='bbox 2006 3656 2087 3711; x_wconf 90' lang='lat' dir='ltr'><strong>di-</strong></span> 
     </span>
    </p>
   </div>
   <div class='ocr_carea' id='block_1_68' title="bbox 509 3741 2089 3812">
    <p class='ocr_par' dir='ltr' id='par_1_68' title="bbox 509 3741 2089 3812">
     <span class='ocr_line' id='line_1_68' title="bbox 509 3741 2089 3812; baseline 0.006 -20"><span class='ocrx_word' id='word_1_454' title='bbox 509 3745 659 3792; x_wconf 91' lang='lat' dir='ltr'><strong>ctum</strong></span> <span class='ocrx_word' id='word_1_455' title='bbox 704 3756 871 3810; x_wconf 89' lang='lat' dir='ltr'><strong>supra</strong></span> <span class='ocrx_word' id='word_1_456' title='bbox 920 3741 1177 3797; x_wconf 87' lang='lat' dir='ltr'><strong>solatium</strong></span> <span class='ocrx_word' id='word_1_457' title='bbox 1219 3744 1427 3800; x_wconf 88' lang='lat' dir='ltr'><strong>laboris</strong></span> <span class='ocrx_word' id='word_1_458' title='bbox 1478 3744 1584 3812; x_wconf 89' lang='lat' dir='ltr'><strong>sui,</strong></span> <span class='ocrx_word' id='word_1_459' title='bbox 1641 3745 1698 3801; x_wconf 91' lang='lat' dir='ltr'><strong>in</strong></span> <span class='ocrx_word' id='word_1_460' title='bbox 1752 3746 2089 3802; x_wconf 88' lang='lat' dir='ltr'><strong>stationibus</strong></span> 
     </span>
    </p>
   </div>
   <div class='ocr_carea' id='block_1_69' title="bbox 509 3833 2090 3909">
    <p class='ocr_par' dir='ltr' id='par_1_69' title="bbox 509 3833 2090 3909">
     <span class='ocr_line' id='line_1_69' title="bbox 509 3833 2090 3909; baseline 0.006 -24"><span class='ocrx_word' id='word_1_461' title='bbox 509 3841 675 3902; x_wconf 87' lang='lat' dir='ltr'><strong>atque</strong></span> <span class='ocrx_word' id='word_1_462' title='bbox 705 3833 761 3887; x_wconf 96' lang='lat' dir='ltr'><strong>in</strong></span> <span class='ocrx_word' id='word_1_463' title='bbox 797 3834 1136 3906; x_wconf 88' lang='lat' dir='ltr'><strong>ingressibus</strong></span> <span class='ocrx_word' id='word_1_464' title='bbox 1180 3838 1437 3907; x_wconf 88' lang='lat' dir='ltr'><strong>proprios</strong></span> <span class='ocrx_word' id='word_1_465' title='bbox 1491 3838 1696 3909; x_wconf 83' lang='lat' dir='ltr'><strong>gradus</strong></span> <span class='ocrx_word' id='word_1_466' title='bbox 1724 3854 1934 3909; x_wconf 90' lang='lat' dir='ltr'><strong>suaque</strong></span> <span class='ocrx_word' id='word_1_467' title='bbox 1970 3839 2090 3894; x_wconf 90' lang='lat' dir='ltr'><strong>loca</strong></span> 
     </span>
    </p>
   </div>
   <div class='ocr_carea' id='block_1_70' title="bbox 512 3924 2091 3999">
    <p class='ocr_par' dir='ltr' id='par_1_70' title="bbox 512 3924 2091 3999">
     <span class='ocr_line' id='line_1_70' title="bbox 512 3924 2091 3999; baseline 0.006 -22"><span class='ocrx_word' id='word_1_468' title='bbox 512 3924 838 3981; x_wconf 89' lang='lat' dir='ltr'><strong>retinentes.</strong></span> <span class='ocrx_word' id='word_1_469' title='bbox 882 3926 1155 3983; x_wconf 69' lang='lat' dir='ltr'><strong>Caeterum</strong></span> <span class='ocrx_word' id='word_1_470' title='bbox 1189 3928 1284 3999; x_wconf 88' lang='lat' dir='ltr'><strong>qui</strong></span> <span class='ocrx_word' id='word_1_471' title='bbox 1318 3929 1617 3999; x_wconf 81' lang='lat' dir='ltr'><strong>cooptandi</strong></span> <span class='ocrx_word' id='word_1_472' title='bbox 1649 3938 1780 3985; x_wconf 90' lang='lat' dir='ltr'><strong>sunt</strong></span> <span class='ocrx_word' id='word_1_473' title='bbox 1812 3929 1868 3985; x_wconf 90' lang='lat' dir='ltr'><strong>in</strong></span> <span class='ocrx_word' id='word_1_474' title='bbox 1894 3929 2091 3986; x_wconf 88' lang='lat' dir='ltr'><strong>docto-</strong></span> 
     </span>
    </p>
   </div>
   <div class='ocr_carea' id='block_1_71' title="bbox 509 4018 2089 4090">
    <p class='ocr_par' dir='ltr' id='par_1_71' title="bbox 509 4018 2089 4090">
     <span class='ocr_line' id='line_1_71' title="bbox 509 4018 2089 4090; baseline 0.004 -20"><span class='ocrx_word' id='word_1_475' title='bbox 509 4032 618 4081; x_wconf 90' lang='lat' dir='ltr'><strong>res,</strong></span> <span class='ocrx_word' id='word_1_476' title='bbox 664 4033 763 4088; x_wconf 88' lang='lat' dir='ltr'><strong>per</strong></span> <span class='ocrx_word' id='word_1_477' title='bbox 792 4018 1070 4075; x_wconf 89' lang='lat' dir='ltr'><strong>delectum</strong></span> <span class='ocrx_word' id='word_1_478' title='bbox 1123 4022 1439 4090; x_wconf 84' lang='lat' dir='ltr'><strong>promoveri</strong></span> <span class='ocrx_word' id='word_1_479' title='bbox 1467 4020 1692 4087; x_wconf 90' lang='lat' dir='ltr'><strong>debent,</strong></span> <span class='ocrx_word' id='word_1_480' title='bbox 1719 4033 1781 4077; x_wconf 94' lang='lat' dir='ltr'><strong>ut</strong></span> <span class='ocrx_word' id='word_1_481' title='bbox 1810 4023 2089 4077; x_wconf 91' lang='lat' dir='ltr'><strong>sincerum</strong></span> 
     </span>
    </p>
   </div>
   <div class='ocr_carea' id='block_1_72' title="bbox 508 4109 2091 4186">
    <p class='ocr_par' dir='ltr' id='par_1_72' title="bbox 508 4109 2091 4186">
     <span class='ocr_line' id='line_1_72' title="bbox 508 4109 2091 4186; baseline 0.006 -24"><span class='ocrx_word' id='word_1_482' title='bbox 508 4109 776 4166; x_wconf 75' lang='lat' dir='ltr'><strong>doctrina:</strong></span> <span class='ocrx_word' id='word_1_483' title='bbox 865 4126 1177 4167; x_wconf 79' lang='lat' dir='ltr'><strong>sermonem</strong></span> <span class='ocrx_word' id='word_1_484' title='bbox 1270 4113 1553 4183; x_wconf 76' lang='lat' dir='ltr'><strong>vitamque</strong></span> <span class='ocrx_word' id='word_1_485' title='bbox 1644 4116 2091 4186; x_wconf 86' lang='lat' dir='ltr'><strong>irreprehensam</strong></span> 
     </span>
    </p>
   </div>
   <div class='ocr_carea' id='block_1_73' title="bbox 508 4201 2092 4283">
    <p class='ocr_par' dir='ltr' id='par_1_73' title="bbox 508 4201 2092 4283">
     <span class='ocr_line' id='line_1_73' title="bbox 508 4201 2092 4283; baseline 0.008 -28"><span class='ocrx_word' id='word_1_486' title='bbox 508 4201 818 4257; x_wconf 89' lang='lat' dir='ltr'><strong>obtineant.</strong></span> <span class='ocrx_word' id='word_1_487' title='bbox 862 4204 1002 4258; x_wconf 91' lang='lat' dir='ltr'><strong>Dum</strong></span> <span class='ocrx_word' id='word_1_488' title='bbox 1034 4206 1183 4260; x_wconf 91' lang='lat' dir='ltr'><strong>enim</strong></span> <span class='ocrx_word' id='word_1_489' title='bbox 1229 4206 1431 4278; x_wconf 90' lang='lat' dir='ltr'><strong>dignus</strong></span> <span class='ocrx_word' id='word_1_490' title='bbox 1461 4210 1797 4279; x_wconf 73' lang='lat' dir='ltr'><strong>praeteritur,</strong></span> <span class='ocrx_word' id='word_1_491' title='bbox 1829 4211 2092 4283; x_wconf 83' lang='lat' dir='ltr'><strong>indignus</strong></span> 
     </span>
    </p>
   </div>
   <div class='ocr_carea' id='block_1_74' title="bbox 507 4294 2092 4363">
    <p class='ocr_par' dir='ltr' id='par_1_74' title="bbox 507 4294 2092 4363">
     <span class='ocr_line' id='line_1_74' title="bbox 507 4294 2092 4363; baseline 0.006 -16"><span class='ocrx_word' id='word_1_492' title='bbox 507 4294 861 4363; x_wconf 86' lang='lat' dir='ltr'><strong>provehitur,</strong></span> <span class='ocrx_word' id='word_1_493' title='bbox 888 4296 993 4351; x_wconf 90' lang='lat' dir='ltr'><strong>hoc</strong></span> <span class='ocrx_word' id='word_1_494' title='bbox 1035 4298 1442 4354; x_wconf 83' lang='lat' dir='ltr'><strong>conciliat-tum</strong></span> <span class='ocrx_word' id='word_1_495' title='bbox 1488 4300 2008 4359; x_wconf 89' lang='lat' dir='ltr'><strong>condemnationem</strong></span> <span class='ocrx_word' id='word_1_496' title='bbox 2039 4305 2092 4358; x_wconf 90' lang='lat' dir='ltr'><strong>ei</strong></span> 
     </span>
    </p>
   </div>
   <div class='ocr_carea' id='block_1_75' title="bbox 511 4385 2090 4463">
    <p class='ocr_par' dir='ltr' id='par_1_75' title="bbox 511 4385 2090 4463">
     <span class='ocr_line' id='line_1_75' title="bbox 511 4385 2090 4463; baseline 0.006 -25"><span class='ocrx_word' id='word_1_497' title='bbox 511 4385 603 4455; x_wconf 91' lang='lat' dir='ltr'><strong>qui</strong></span> <span class='ocrx_word' id='word_1_498' title='bbox 663 4387 906 4456; x_wconf 77' lang='lat' dir='ltr'><strong>praetulit</strong></span> <span class='ocrx_word' id='word_1_499' title='bbox 968 4387 1278 4461; x_wconf 90' lang='lat' dir='ltr'><strong>indignum,</strong></span> <span class='ocrx_word' id='word_1_500' title='bbox 1340 4390 1569 4463; x_wconf 87' lang='lat' dir='ltr'><strong>dignum</strong></span> <span class='ocrx_word' id='word_1_501' title='bbox 1624 4391 1901 4463; x_wconf 85' lang='lat' dir='ltr'><strong>despexit,</strong></span> <span class='ocrx_word' id='word_1_502' title='bbox 1972 4403 2090 4448; x_wconf 89' lang='lat' dir='ltr'><strong>tum</strong></span> 
     </span>
    </p>
   </div>
   <div class='ocr_carea' id='block_1_76' title="bbox 511 4479 2095 4556">
    <p class='ocr_par' dir='ltr' id='par_1_76' title="bbox 511 4479 2095 4556">
     <span class='ocr_line' id='line_1_76' title="bbox 511 4479 2095 4556; baseline 0.004 -23"><span class='ocrx_word' id='word_1_503' title='bbox 511 4479 709 4533; x_wconf 73' lang='lat' dir='ltr'><strong>ani-me</strong></span> <span class='ocrx_word' id='word_1_504' title='bbox 756 4479 1102 4537; x_wconf 80' lang='lat' dir='ltr'><strong>intolerabile</strong></span> <span class='ocrx_word' id='word_1_505' title='bbox 1157 4483 1421 4537; x_wconf 89' lang='lat' dir='ltr'><strong>damnum</strong></span> <span class='ocrx_word' id='word_1_506' title='bbox 1461 4483 1533 4539; x_wconf 89' lang='lat' dir='ltr'><strong>iis</strong></span> <span class='ocrx_word' id='word_1_507' title='bbox 1568 4485 1779 4553; x_wconf 89' lang='lat' dir='ltr'><strong>quibus</strong></span> <span class='ocrx_word' id='word_1_508' title='bbox 1829 4486 2095 4556; x_wconf 78' lang='lat' dir='ltr'><strong>indignus</strong></span> 
     </span>
    </p>
   </div>
   <div class='ocr_carea' id='block_1_77' title="bbox 2198 3283 3790 3358">
    <p class='ocr_par' dir='ltr' id='par_1_77' title="bbox 2198 3283 3790 3358">
     <span class='ocr_line' id='line_1_77' title="bbox 2198 3283 3790 3358; baseline -0.003 -17"><span class='ocrx_word' id='word_1_509' title='bbox 2198 3286 2509 3358; x_wconf 82' lang='grc' dir='ltr'>σιτηρέσιον</span> <span class='ocrx_word' id='word_1_510' title='bbox 2539 3285 2873 3357; x_wconf 75' lang='grc' dir='ltr'>(51),ἥγουν</span> <span class='ocrx_word' id='word_1_511' title='bbox 2919 3285 3138 3355; x_wconf 75' lang='grc' dir='ltr'>ἑκάστῳ</span> <span class='ocrx_word' id='word_1_512' title='bbox 3188 3284 3567 3355; x_wconf 77' lang='grc' dir='ltr'>νομισμάτων.</span> <span class='ocrx_word' id='word_1_513' title='bbox 3617 3284 3691 3337; x_wconf 60' lang='lat' dir='ltr'><strong>OE</strong></span> <span class='ocrx_word' id='word_1_514' title='bbox 3725 3283 3790 3337; x_wconf 74' lang='grc' dir='ltr'>δὲ</span> 
     </span>
    </p>
   </div>
   <div class='ocr_carea' id='block_1_78' title="bbox 2200 3376 3791 3454">
    <p class='ocr_par' dir='ltr' id='par_1_78' title="bbox 2200 3376 3791 3454">
     <span class='ocr_line' id='line_1_78' title="bbox 2200 3376 3791 3454; baseline -0.003 -19"><span class='ocrx_word' id='word_1_515' title='bbox 2200 3383 2277 3452; x_wconf 83' lang='grc' dir='ltr'>μὴ</span> <span class='ocrx_word' id='word_1_516' title='bbox 2337 3379 2780 3454; x_wconf 84' lang='grc' dir='ltr'>προθυμούμενοι</span> <span class='ocrx_word' id='word_1_517' title='bbox 2825 3380 2905 3434; x_wconf 81' lang='grc' dir='ltr'>ἔτι</span> <span class='ocrx_word' id='word_1_518' title='bbox 2953 3379 3014 3432; x_wconf 76' lang='grc' dir='ltr'>τὸ</span> <span class='ocrx_word' id='word_1_519' title='bbox 3067 3381 3167 3451; x_wconf 81' lang='grc' dir='ltr'>τῆς</span> <span class='ocrx_word' id='word_1_520' title='bbox 3227 3377 3531 3449; x_wconf 78' lang='grc' dir='ltr'>ἱερωσύνης</span> <span class='ocrx_word' id='word_1_521' title='bbox 3578 3376 3791 3446; x_wconf 49' lang='grc' dir='ltr'>ὑψηλὸν</span> 
     </span>
    </p>
   </div>
   <div class='ocr_carea' id='block_1_79' title="bbox 2198 3469 3795 3546">
    <p class='ocr_par' dir='ltr' id='par_1_79' title="bbox 2198 3469 3795 3546">
     <span class='ocr_line' id='line_1_79' title="bbox 2198 3469 3795 3546; baseline -0.003 -18"><span class='ocrx_word' id='word_1_522' title='bbox 2198 3474 2418 3546; x_wconf 80' lang='grc' dir='ltr'>ἀξίωμα</span> <span class='ocrx_word' id='word_1_523' title='bbox 2467 3471 2743 3538; x_wconf 80' lang='grc' dir='ltr'>δέξασθαι,</span> <span class='ocrx_word' id='word_1_524' title='bbox 2767 3472 2863 3525; x_wconf 72' lang='grc' dir='ltr'><strong>καὶ</strong></span> <span class='ocrx_word' id='word_1_525' title='bbox 2903 3474 2961 3524; x_wconf 84' lang='grc' dir='ltr'>ὲν</span> <span class='ocrx_word' id='word_1_526' title='bbox 2994 3470 3269 3534; x_wconf 84' lang='grc' dir='ltr'>διακόνοις</span> <span class='ocrx_word' id='word_1_527' title='bbox 3311 3470 3485 3534; x_wconf 74' lang='grc' dir='ltr'>ὄντες,</span> <span class='ocrx_word' id='word_1_528' title='bbox 3529 3469 3795 3539; x_wconf 82' lang='grc' dir='ltr'>ἀναδεχὲ-</span> 
     </span>
    </p>
   </div>
   <div class='ocr_carea' id='block_1_80' title="bbox 2202 3559 3794 3634">
    <p class='ocr_par' dir='ltr' id='par_1_80' title="bbox 2202 3559 3794 3634">
     <span class='ocr_line' id='line_1_80' title="bbox 2202 3559 3794 3634; baseline -0.003 -18"><span class='ocrx_word' id='word_1_529' title='bbox 2202 3563 2419 3617; x_wconf 76' lang='grc' dir='ltr'>σθωσαν</span> <span class='ocrx_word' id='word_1_530' title='bbox 2455 3562 2554 3634; x_wconf 82' lang='grc' dir='ltr'>τὴν</span> <span class='ocrx_word' id='word_1_531' title='bbox 2600 3563 2699 3632; x_wconf 83' lang='grc' dir='ltr'>τῆς</span> <span class='ocrx_word' id='word_1_532' title='bbox 2739 3561 3090 3624; x_wconf 78' lang='grc' dir='ltr'>διδασκαλίας</span> <span class='ocrx_word' id='word_1_533' title='bbox 3128 3561 3433 3623; x_wconf 74' lang='grc' dir='ltr'>διακονίαν,</span> <span class='ocrx_word' id='word_1_534' title='bbox 3468 3559 3644 3614; x_wconf 75' lang='grc' dir='ltr'>ἱκανοὶ</span> <span class='ocrx_word' id='word_1_535' title='bbox 3691 3561 3794 3631; x_wconf 85' lang='grc' dir='ltr'>δη-</span> 
     </span>
    </p>
   </div>
   <div class='ocr_carea' id='block_1_81' title="bbox 2197 3651 3794 3723">
    <p class='ocr_par' dir='ltr' id='par_1_81' title="bbox 2197 3651 3794 3723">
     <span class='ocr_line' id='line_1_81' title="bbox 2197 3651 3794 3723; baseline -0.002 -15"><span class='ocrx_word' id='word_1_536' title='bbox 2197 3656 2376 3709; x_wconf 86' lang='grc' dir='ltr'>λονότι</span> <span class='ocrx_word' id='word_1_537' title='bbox 2405 3656 2549 3710; x_wconf 83' lang='grc' dir='ltr'>κατά</span> <span class='ocrx_word' id='word_1_538' title='bbox 2586 3671 2646 3707; x_wconf 83' lang='grc' dir='ltr'>τε</span> <span class='ocrx_word' id='word_1_539' title='bbox 2696 3654 2857 3723; x_wconf 83' lang='grc' dir='ltr'>λόγον</span> <span class='ocrx_word' id='word_1_540' title='bbox 2906 3653 3059 3717; x_wconf 77' lang='grc' dir='ltr'>ὄντες</span> <span class='ocrx_word' id='word_1_541' title='bbox 3103 3652 3197 3705; x_wconf 74' lang='grc' dir='ltr'><strong>καὶ</strong></span> <span class='ocrx_word' id='word_1_542' title='bbox 3247 3652 3471 3723; x_wconf 80' lang='grc' dir='ltr'>ἀρετήν.</span> <span class='ocrx_word' id='word_1_543' title='bbox 3514 3651 3794 3722; x_wconf 57' lang='grc' dir='ltr'>Λήψονται</span> 
     </span>
    </p>
   </div>
   <div class='ocr_carea' id='block_1_82' title="bbox 2199 3744 3794 3819">
    <p class='ocr_par' dir='ltr' id='par_1_82' title="bbox 2199 3744 3794 3819">
     <span class='ocr_line' id='line_1_82' title="bbox 2199 3744 3794 3819; baseline -0.003 -13"><span class='ocrx_word' id='word_1_544' title='bbox 2199 3751 2256 3806; x_wconf 78' lang='grc' dir='ltr'>δὲ</span> <span class='ocrx_word' id='word_1_545' title='bbox 2294 3744 2445 3803; x_wconf 74' lang='grc' dir='ltr'>οὗτοι</span> <span class='ocrx_word' id='word_1_546' title='bbox 2499 3749 2601 3818; x_wconf 75' lang='grc' dir='ltr'>τὴν</span> <span class='ocrx_word' id='word_1_547' title='bbox 2638 3749 2902 3819; x_wconf 84' lang='grc' dir='ltr'>ἀνωτέρω</span> <span class='ocrx_word' id='word_1_548' title='bbox 2952 3747 3255 3819; x_wconf 74' lang='grc' dir='ltr'><strong>εἰρημένην</strong></span> <span class='ocrx_word' id='word_1_549' title='bbox 3308 3747 3664 3819; x_wconf 76' lang='grc' dir='ltr'>παραμυθίαν</span> <span class='ocrx_word' id='word_1_550' title='bbox 3694 3750 3794 3801; x_wconf 76' lang='grc' dir='ltr'><strong>τοῦ</strong></span> 
     </span>
    </p>
   </div>
   <div class='ocr_carea' id='block_1_83' title="bbox 2201 3836 3796 3901">
    <p class='ocr_par' dir='ltr' id='par_1_83' title="bbox 2201 3836 3796 3901">
     <span class='ocr_line' id='line_1_83' title="bbox 2201 3836 3796 3901; baseline -0.004 -6"><span class='ocrx_word' id='word_1_551' title='bbox 2201 3841 2375 3895; x_wconf 85' lang='grc' dir='ltr'>κόπου</span> <span class='ocrx_word' id='word_1_552' title='bbox 2424 3840 2611 3894; x_wconf 84' lang='grc' dir='ltr'>αὐτῶν</span> <span class='ocrx_word' id='word_1_553' title='bbox 2642 3841 2702 3891; x_wconf 84' lang='grc' dir='ltr'>ὲν</span> <span class='ocrx_word' id='word_1_554' title='bbox 2736 3840 2855 3900; x_wconf 81' lang='grc' dir='ltr'>ταῖς</span> <span class='ocrx_word' id='word_1_555' title='bbox 2904 3836 3130 3890; x_wconf 75' lang='grc' dir='ltr'>στάσεσι</span> <span class='ocrx_word' id='word_1_556' title='bbox 3181 3837 3275 3890; x_wconf 70' lang='grc' dir='ltr'><strong>κα)⁸</strong></span> <span class='ocrx_word' id='word_1_557' title='bbox 3324 3839 3529 3899; x_wconf 79' lang='grc' dir='ltr'>ἐν.τα¹ίς</span> <span class='ocrx_word' id='word_1_558' title='bbox 3563 3837 3796 3901; x_wconf 69' lang='grc' dir='ltr'>εἰσόδοις</span> 
     </span>
    </p>
   </div>
   <div class='ocr_carea' id='block_1_84' title="bbox 2197 3930 3797 4001">
    <p class='ocr_par' dir='ltr' id='par_1_84' title="bbox 2197 3930 3797 4001">
     <span class='ocr_line' id='line_1_84' title="bbox 2197 3930 3797 4001; baseline -0.003 -14"><span class='ocrx_word' id='word_1_559' title='bbox 2197 3934 2326 3997; x_wconf 78' lang='grc' dir='ltr'>τοὺς</span> <span class='ocrx_word' id='word_1_560' title='bbox 2357 3933 2592 3995; x_wconf 77' lang='grc' dir='ltr'>οἰκείους</span> <span class='ocrx_word' id='word_1_561' title='bbox 2629 3930 2873 4001; x_wconf 73' lang='grc' dir='ltr'>βαθμοὺς</span> <span class='ocrx_word' id='word_1_562' title='bbox 2912 3933 3007 3984; x_wconf 72' lang='grc' dir='ltr'>καὶ</span> <span class='ocrx_word' id='word_1_563' title='bbox 3036 3930 3236 3994; x_wconf 79' lang='grc' dir='ltr'>τόπους</span> <span class='ocrx_word' id='word_1_564' title='bbox 3274 3931 3513 4001; x_wconf 79' lang='grc' dir='ltr'>ἔχοντες.</span> <span class='ocrx_word' id='word_1_565' title='bbox 3540 3931 3604 3983; x_wconf 80' lang='lat' dir='ltr'><strong>Ol</strong></span> <span class='ocrx_word' id='word_1_566' title='bbox 3636 3931 3797 4000; x_wconf 80' lang='grc' dir='ltr'>ὀφεί-</span> 
     </span>
    </p>
   </div>
   <div class='ocr_carea' id='block_1_85' title="bbox 2200 4021 3797 4095">
    <p class='ocr_par' dir='ltr' id='par_1_85' title="bbox 2200 4021 3797 4095">
     <span class='ocr_line' id='line_1_85' title="bbox 2200 4021 3797 4095; baseline -0.001 -16"><span class='ocrx_word' id='word_1_567' title='bbox 2200 4025 2387 4088; x_wconf 84' lang='grc' dir='ltr'>λοντες</span> <span class='ocrx_word' id='word_1_568' title='bbox 2415 4024 2471 4077; x_wconf 83' lang='grc' dir='ltr'>δὲ</span> <span class='ocrx_word' id='word_1_569' title='bbox 2507 4021 2953 4095; x_wconf 77' lang='grc' dir='ltr'>προχειρίζεσθαι</span> <span class='ocrx_word' id='word_1_570' title='bbox 3001 4022 3333 4085; x_wconf 82' lang='grc' dir='ltr'>διδάσκαλοι,</span> <span class='ocrx_word' id='word_1_571' title='bbox 3378 4022 3502 4076; x_wconf 80' lang='grc' dir='ltr'>κατ’</span> <span class='ocrx_word' id='word_1_572' title='bbox 3530 4023 3797 4094; x_wconf 80' lang='grc' dir='ltr'>ὲπιλογὴν</span> 
     </span>
    </p>
   </div>
   <div class='ocr_carea' id='block_1_86' title="bbox 2200 4113 3800 4186">
    <p class='ocr_par' dir='ltr' id='par_1_86' title="bbox 2200 4113 3800 4186">
     <span class='ocr_line' id='line_1_86' title="bbox 2200 4113 3800 4186; baseline 0 -17"><span class='ocrx_word' id='word_1_573' title='bbox 2200 4116 2480 4186; x_wconf 84' lang='grc' dir='ltr'>ὀφείλουσι</span> <span class='ocrx_word' id='word_1_574' title='bbox 2534 4113 3001 4186; x_wconf 76' lang='grc' dir='ltr'>προχειρίζεσθαι,</span> <span class='ocrx_word' id='word_1_575' title='bbox 3048 4114 3135 4167; x_wconf 75' lang='grc' dir='ltr'>ἵνα</span> <span class='ocrx_word' id='word_1_576' title='bbox 3165 4115 3255 4168; x_wconf 74' lang='grc' dir='ltr'><strong>καὶ</strong></span> <span class='ocrx_word' id='word_1_577' title='bbox 3289 4116 3382 4168; x_wconf 69' lang='grc' dir='ltr'><strong>τὸν</strong></span> <span class='ocrx_word' id='word_1_578' title='bbox 3411 4115 3800 4169; x_wconf 73' lang='grc' dir='ltr'>διδασκαλικὸν</span> 
     </span>
    </p>
   </div>
   <div class='ocr_carea' id='block_1_87' title="bbox 2199 4207 3799 4280">
    <p class='ocr_par' dir='ltr' id='par_1_87' title="bbox 2199 4207 3799 4280">
     <span class='ocr_line' id='line_1_87' title="bbox 2199 4207 3799 4280; baseline 0.001 -17"><span class='ocrx_word' id='word_1_579' title='bbox 2199 4209 2359 4279; x_wconf 90' lang='grc' dir='ltr'>λόγον</span> <span class='ocrx_word' id='word_1_580' title='bbox 2409 4209 2694 4280; x_wconf 84' lang='grc' dir='ltr'>ἀκέραιον,</span> <span class='ocrx_word' id='word_1_581' title='bbox 2731 4210 2826 4261; x_wconf 78' lang='grc' dir='ltr'><strong>καὶ</strong></span> <span class='ocrx_word' id='word_1_582' title='bbox 2863 4207 2956 4261; x_wconf 79' lang='grc' dir='ltr'><strong>τὸν</strong></span> <span class='ocrx_word' id='word_1_583' title='bbox 3002 4207 3117 4277; x_wconf 86' lang='grc' dir='ltr'>βίον</span> <span class='ocrx_word' id='word_1_584' title='bbox 3156 4207 3354 4279; x_wconf 82' lang='grc' dir='ltr'>ἔχωσιν</span> <span class='ocrx_word' id='word_1_585' title='bbox 3397 4208 3799 4278; x_wconf 79' lang='grc' dir='ltr'>ἀνεπίληπτον.</span> 
     </span>
    </p>
   </div>
   <div class='ocr_carea' id='block_1_88' title="bbox 2201 4300 3802 4375">
    <p class='ocr_par' dir='ltr' id='par_1_88' title="bbox 2201 4300 3802 4375">
     <span class='ocr_line' id='line_1_88' title="bbox 2201 4300 3802 4375; baseline 0 -18"><span class='ocrx_word' id='word_1_586' title='bbox 2201 4305 2265 4357; x_wconf 76' lang='lat' dir='ltr'><strong>Et</strong></span> <span class='ocrx_word' id='word_1_587' title='bbox 2299 4305 2408 4375; x_wconf 83' lang='grc' dir='ltr'>γὰρ</span> <span class='ocrx_word' id='word_1_588' title='bbox 2432 4305 2461 4357; x_wconf 83' lang='grc' dir='ltr'>ὁ</span> <span class='ocrx_word' id='word_1_589' title='bbox 2486 4303 2638 4370; x_wconf 79' lang='grc' dir='ltr'>ἄξιος</span> <span class='ocrx_word' id='word_1_590' title='bbox 2680 4301 3015 4372; x_wconf 80' lang='grc' dir='ltr'>παρορᾶται.</span> <span class='ocrx_word' id='word_1_591' title='bbox 3061 4301 3156 4354; x_wconf 82' lang='grc' dir='ltr'><strong>καὶ</strong></span> <span class='ocrx_word' id='word_1_592' title='bbox 3192 4302 3222 4354; x_wconf 83' lang='grc' dir='ltr'><strong>ό</strong></span> <span class='ocrx_word' id='word_1_593' title='bbox 3275 4301 3495 4367; x_wconf 82' lang='grc' dir='ltr'>ἀνάξιος</span> <span class='ocrx_word' id='word_1_594' title='bbox 3523 4300 3802 4372; x_wconf 77' lang='grc' dir='ltr'>προδιδάο</span> 
     </span>
    </p>
   </div>
   <div class='ocr_carea' id='block_1_89' title="bbox 2202 4391 3801 4467">
    <p class='ocr_par' dir='ltr' id='par_1_89' title="bbox 2202 4391 3801 4467">
     <span class='ocr_line' id='line_1_89' title="bbox 2202 4391 3801 4467; baseline -0.001 -18"><span class='ocrx_word' id='word_1_595' title='bbox 2202 4395 2375 4461; x_wconf 79' lang='grc' dir='ltr'>ζεται,</span> <span class='ocrx_word' id='word_1_596' title='bbox 2401 4398 2580 4467; x_wconf 83' lang='grc' dir='ltr'>κρῖμα</span> <span class='ocrx_word' id='word_1_597' title='bbox 2607 4394 2859 4464; x_wconf 75' lang='grc' dir='ltr'>προξενεῖ</span> <span class='ocrx_word' id='word_1_598' title='bbox 2887 4392 3047 4445; x_wconf 81' lang='grc' dir='ltr'>τοῦτο</span> <span class='ocrx_word' id='word_1_599' title='bbox 3075 4391 3153 4463; x_wconf 85' lang='grc' dir='ltr'><strong>τῷ</strong></span> <span class='ocrx_word' id='word_1_600' title='bbox 3195 4393 3552 4465; x_wconf 81' lang='grc' dir='ltr'>προκρίναντι</span> <span class='ocrx_word' id='word_1_601' title='bbox 3581 4395 3680 4464; x_wconf 82' lang='grc' dir='ltr'>μὲν</span> <span class='ocrx_word' id='word_1_602' title='bbox 3702 4395 3801 4448; x_wconf 71' lang='grc' dir='ltr'>τὸν</span> 
     </span>
    </p>
   </div>
   <div class='ocr_carea' id='block_1_90' title="bbox 2202 4483 3803 4556">
    <p class='ocr_par' dir='ltr' id='par_1_90' title="bbox 2202 4483 3803 4556">
     <span class='ocr_line' id='line_1_90' title="bbox 2202 4483 3803 4556; baseline -0.007 -15"><span class='ocrx_word' id='word_1_603' title='bbox 2202 4488 2442 4553; x_wconf 79' lang='grc' dir='ltr'>ἀνάξιον,</span> <span class='ocrx_word' id='word_1_604' title='bbox 2480 4486 2796 4555; x_wconf 84' lang='grc' dir='ltr'>παρορῶντι</span> <span class='ocrx_word' id='word_1_605' title='bbox 2825 4483 2882 4537; x_wconf 77' lang='grc' dir='ltr'>δὲ</span> <span class='ocrx_word' id='word_1_606' title='bbox 2915 4483 3005 4536; x_wconf 85' lang='grc' dir='ltr'>τὸν</span> <span class='ocrx_word' id='word_1_607' title='bbox 3053 4483 3226 4550; x_wconf 78' lang='grc' dir='ltr'>ἄξιον,</span> <span class='ocrx_word' id='word_1_608' title='bbox 3256 4485 3351 4536; x_wconf 78' lang='grc' dir='ltr'>καὶ</span> <span class='ocrx_word' id='word_1_609' title='bbox 3399 4483 3603 4554; x_wconf 81' lang='grc' dir='ltr'>ζημίαν</span> <span class='ocrx_word' id='word_1_610' title='bbox 3634 4485 3803 4556; x_wconf 68' lang='grc' dir='ltr'>ψυχι-</span> 
     </span>
    </p>
   </div>
   <div class='ocr_carea' id='block_1_91' title="bbox 512 4570 2086 4651">
    <p class='ocr_par' dir='ltr' id='par_1_91' title="bbox 512 4570 2086 4646">
     <span class='ocr_line' id='line_1_91' title="bbox 512 4570 2086 4646; baseline 0.004 -22"><span class='ocrx_word' id='word_1_611' title='bbox 512 4570 709 4625; x_wconf 90' lang='lat' dir='ltr'><strong>doctor</strong></span> <span class='ocrx_word' id='word_1_612' title='bbox 735 4581 950 4642; x_wconf 67' lang='lat' dir='ltr'><strong>praeest.</strong></span> <span class='ocrx_word' id='word_1_613' title='bbox 978 4573 1266 4630; x_wconf 90' lang='lat' dir='ltr'><strong>Doctorem</strong></span> <span class='ocrx_word' id='word_1_614' title='bbox 1294 4575 1500 4646; x_wconf 87' lang='lat' dir='ltr'><strong>quippe</strong></span> <span class='ocrx_word' id='word_1_615' title='bbox 1547 4576 1846 4646; x_wconf 89' lang='lat' dir='ltr'><strong>imperium</strong></span> <span class='ocrx_word' id='word_1_616' title='bbox 1884 4593 2086 4643; x_wconf 82' lang='lat' dir='ltr'><strong>meum,</strong></span> 
     </span>
    </p>
   </div>
   <div class='ocr_carea' id='block_1_92' title="bbox 2197 4570 3800 4651">
    <p class='ocr_par' dir='ltr' id='par_1_92' title="bbox 2201 4571 3800 4651">
     <span class='ocr_line' id='line_1_92' title="bbox 2201 4571 3800 4651; baseline -0.001 -18"><span class='ocrx_word' id='word_1_617' title='bbox 2201 4580 2303 4651; x_wconf 78' lang='grc' dir='ltr'>κὴν</span> <span class='ocrx_word' id='word_1_618' title='bbox 2334 4578 2611 4648; x_wconf 84' lang='grc' dir='ltr'>ἀφόρητον</span> <span class='ocrx_word' id='word_1_619' title='bbox 2642 4571 2725 4639; x_wconf 77' lang='grc' dir='ltr'><strong>οἷς</strong></span> <span class='ocrx_word' id='word_1_620' title='bbox 2756 4577 2784 4629; x_wconf 84' lang='grc' dir='ltr'><strong>ὁ</strong></span> <span class='ocrx_word' id='word_1_621' title='bbox 2818 4574 2895 4645; x_wconf 80' lang='grc' dir='ltr'>μὴ</span> <span class='ocrx_word' id='word_1_622' title='bbox 2942 4575 3093 4641; x_wconf 75' lang='grc' dir='ltr'>ἄξιος</span> <span class='ocrx_word' id='word_1_623' title='bbox 3130 4574 3450 4637; x_wconf 82' lang='grc' dir='ltr'>διδάσκαλος</span> <span class='ocrx_word' id='word_1_624' title='bbox 3481 4576 3800 4645; x_wconf 66' lang='grc' dir='ltr'>ἐφίσταται.</span> 
     </span>
    </p>
   </div>
   <div class='ocr_carea' id='block_1_93' title="bbox 514 4665 2092 4741">
    <p class='ocr_par' dir='ltr' id='par_1_93' title="bbox 514 4665 2092 4741">
     <span class='ocr_line' id='line_1_93' title="bbox 514 4665 2092 4741; baseline 0.004 -24"><span class='ocrx_word' id='word_1_625' title='bbox 514 4665 855 4734; x_wconf 86' lang='lat' dir='ltr'><strong>utsupcrius</strong></span> <span class='ocrx_word' id='word_1_626' title='bbox 884 4666 1091 4721; x_wconf 88' lang='lat' dir='ltr'><strong>dictum</strong></span> <span class='ocrx_word' id='word_1_627' title='bbox 1125 4678 1231 4732; x_wconf 90' lang='lat' dir='ltr'><strong>est,</strong></span> <span class='ocrx_word' id='word_1_628' title='bbox 1269 4669 1498 4741; x_wconf 84' lang='lat' dir='ltr'><strong>dignum</strong></span> <span class='ocrx_word' id='word_1_629' title='bbox 1532 4671 1781 4725; x_wconf 90' lang='lat' dir='ltr'><strong>nominat</strong></span> <span class='ocrx_word' id='word_1_630' title='bbox 1814 4677 1870 4724; x_wconf 90' lang='lat' dir='ltr'><strong>et</strong></span> <span class='ocrx_word' id='word_1_631' title='bbox 1901 4670 2092 4726; x_wconf 86' lang='lat' dir='ltr'><strong>decer-</strong></span> 
     </span>
    </p>
   </div>
   <div class='ocr_carea' id='block_1_94' title="bbox 512 4752 2111 4834">
    <p class='ocr_par' dir='ltr' id='par_1_94' title="bbox 512 4752 2111 4834">
     <span class='ocr_line' id='line_1_94' title="bbox 512 4752 2111 4834; baseline 0.005 -24"><span class='ocrx_word' id='word_1_632' title='bbox 512 4756 615 4821; x_wconf 88' lang='lat' dir='ltr'><strong>nit,</strong></span> <span class='ocrx_word' id='word_1_633' title='bbox 649 4772 848 4827; x_wconf 88' lang='lat' dir='ltr'><strong>nempe</strong></span> <span class='ocrx_word' id='word_1_634' title='bbox 897 4759 1112 4815; x_wconf 80' lang='lat' dir='ltr'><strong>caeteris</strong></span> <span class='ocrx_word' id='word_1_635' title='bbox 1158 4762 1623 4832; x_wconf 66' lang='lat' dir='ltr'><strong>praestantiorem,</strong></span> <span class='ocrx_word' id='word_1_636' title='bbox 1665 4777 1775 4817; x_wconf 91' lang='lat' dir='ltr'><strong>non</strong></span> <span class='ocrx_word' id='word_1_637' title='bbox 1812 4778 1943 4818; x_wconf 88' lang='lat' dir='ltr'><strong>vero</strong></span> <span class='ocrx_word' id='word_1_638' title='bbox 1995 4752 2111 4834; x_wconf 71' lang='lat' dir='ltr'><strong>qui&#39;</strong></span> 
     </span>
    </p>
   </div>
   <div class='ocr_carea' id='block_1_95' title="bbox 513 4847 920 4906">
    <p class='ocr_par' dir='ltr' id='par_1_95' title="bbox 513 4847 920 4906">
     <span class='ocr_line' id='line_1_95' title="bbox 513 4847 920 4906; baseline 0.012 -5"><span class='ocrx_word' id='word_1_639' title='bbox 513 4847 640 4903; x_wconf 86' lang='lat' dir='ltr'><strong>talis</strong></span> <span class='ocrx_word' id='word_1_640' title='bbox 676 4865 787 4904; x_wconf 93' lang='lat' dir='ltr'><strong>non</strong></span> <span class='ocrx_word' id='word_1_641' title='bbox 816 4860 920 4906; x_wconf 89' lang='lat' dir='ltr'><strong>est.</strong></span> 
     </span>
    </p>
   </div>
   <div class='ocr_carea' id='block_1_96' title="bbox 587 4940 2096 5016">
    <p class='ocr_par' dir='ltr' id='par_1_96' title="bbox 587 4940 2096 5016">
     <span class='ocr_line' id='line_1_96' title="bbox 587 4940 2096 5016; baseline 0.005 -21"><span class='ocrx_word' id='word_1_642' title='bbox 587 4940 657 4996; x_wconf 87' lang='lat' dir='ltr'><strong>Ut</strong></span> <span class='ocrx_word' id='word_1_643' title='bbox 686 4950 869 4997; x_wconf 84' lang='lat' dir='ltr'><strong>autem</strong></span> <span class='ocrx_word' id='word_1_644' title='bbox 919 4943 1104 5016; x_wconf 85' lang='lat' dir='ltr'><strong>dignis</strong></span> <span class='ocrx_word' id='word_1_645' title='bbox 1148 4946 1518 5013; x_wconf 87' lang='lat' dir='ltr'><strong>abundemus,</strong></span> <span class='ocrx_word' id='word_1_646' title='bbox 1548 4946 1593 5001; x_wconf 89' lang='lat' dir='ltr'><strong>si</strong></span> <span class='ocrx_word' id='word_1_647' title='bbox 1636 4947 1780 5001; x_wconf 85' lang='lat' dir='ltr'><strong>inter</strong></span> <span class='ocrx_word' id='word_1_648' title='bbox 1808 4947 1980 5003; x_wconf 89' lang='lat' dir='ltr'><strong>laicos</strong></span> <span class='ocrx_word' id='word_1_649' title='bbox 2010 4948 2096 5003; x_wconf 86' lang='lat' dir='ltr'><strong>vel</strong></span> 
     </span>
    </p>
   </div>
   <div class='ocr_carea' id='block_1_97' title="bbox 518 5034 2095 5109">
    <p class='ocr_par' dir='ltr' id='par_1_97' title="bbox 518 5034 2095 5109">
     <span class='ocr_line' id='line_1_97' title="bbox 518 5034 2095 5109; baseline 0.006 -24"><span class='ocrx_word' id='word_1_650' title='bbox 518 5034 819 5089; x_wconf 87' lang='lat' dir='ltr'><strong>monachos</strong></span> <span class='ocrx_word' id='word_1_651' title='bbox 852 5035 1110 5091; x_wconf 89' lang='lat' dir='ltr'><strong>inventus</strong></span> <span class='ocrx_word' id='word_1_652' title='bbox 1162 5036 1332 5092; x_wconf 89' lang='lat' dir='ltr'><strong>fuerit</strong></span> <span class='ocrx_word' id='word_1_653' title='bbox 1377 5037 1579 5108; x_wconf 89' lang='lat' dir='ltr'><strong>aliquis</strong></span> <span class='ocrx_word' id='word_1_654' title='bbox 1614 5040 1970 5109; x_wconf 78' lang='lat' dir='ltr'><strong>praeceptoris</strong></span> <span class='ocrx_word' id='word_1_655' title='bbox 1995 5040 2095 5095; x_wconf 93' lang='lat' dir='ltr'><strong>do-</strong></span> 
     </span>
    </p>
   </div>
   <div class='ocr_carea' id='block_1_98' title="bbox 2204 4666 3804 4740">
    <p class='ocr_par' dir='ltr' id='par_1_98' title="bbox 2204 4666 3804 4740">
     <span class='ocr_line' id='line_1_98' title="bbox 2204 4666 3804 4740; baseline -0.003 -15"><span class='ocrx_word' id='word_1_656' title='bbox 2204 4670 2536 4725; x_wconf 70' lang='grc' dir='ltr'>Διδάςκαλον</span> <span class='ocrx_word' id='word_1_657' title='bbox 2564 4669 2673 4740; x_wconf 76' lang='grc' dir='ltr'><strong>γὰρ</strong></span> <span class='ocrx_word' id='word_1_658' title='bbox 2695 4669 2729 4738; x_wconf 83' lang='grc' dir='ltr'>ἡ</span> <span class='ocrx_word' id='word_1_659' title='bbox 2751 4666 2994 4739; x_wconf 72' lang='grc' dir='ltr'>βασιλεία</span> <span class='ocrx_word' id='word_1_660' title='bbox 3030 4681 3132 4737; x_wconf 85' lang='grc' dir='ltr'><strong>μου</strong></span> <span class='ocrx_word' id='word_1_661' title='bbox 3156 4668 3247 4720; x_wconf 74' lang='grc' dir='ltr'><strong>τδν</strong></span> <span class='ocrx_word' id='word_1_662' title='bbox 3285 4667 3457 4732; x_wconf 77' lang='grc' dir='ltr'>ἄξιον,</span> <span class='ocrx_word' id='word_1_663' title='bbox 3490 4668 3565 4730; x_wconf 86' lang='grc' dir='ltr'><strong>ὡς</strong></span> <span class='ocrx_word' id='word_1_664' title='bbox 3588 4668 3804 4725; x_wconf 62' lang='grc' dir='ltr'>ἄνωθεν</span> 
     </span>
    </p>
   </div>
   <div class='ocr_carea' id='block_1_99' title="bbox 2204 4761 3800 4836">
    <p class='ocr_par' dir='ltr' id='par_1_99' title="bbox 2204 4761 3800 4836">
     <span class='ocr_line' id='line_1_99' title="bbox 2204 4761 3800 4836; baseline -0.002 -19"><span class='ocrx_word' id='word_1_665' title='bbox 2204 4765 2442 4836; x_wconf 80' lang='grc' dir='ltr'>εἴρηται,</span> <span class='ocrx_word' id='word_1_666' title='bbox 2487 4762 2742 4832; x_wconf 79' lang='grc' dir='ltr'>ὀνομάζει</span> <span class='ocrx_word' id='word_1_667' title='bbox 2782 4778 2842 4814; x_wconf 84' lang='grc' dir='ltr'>τε</span> <span class='ocrx_word' id='word_1_668' title='bbox 2881 4762 2975 4815; x_wconf 70' lang='grc' dir='ltr'>καὶ</span> <span class='ocrx_word' id='word_1_669' title='bbox 3010 4762 3193 4815; x_wconf 76' lang='grc' dir='ltr'>τυποῖ.</span> <span class='ocrx_word' id='word_1_670' title='bbox 3238 4762 3330 4813; x_wconf 72' lang='grc' dir='ltr'><strong>τὸν</strong></span> <span class='ocrx_word' id='word_1_671' title='bbox 3369 4761 3660 4832; x_wconf 77' lang='grc' dir='ltr'>κρείττονα</span> <span class='ocrx_word' id='word_1_672' title='bbox 3692 4761 3800 4831; x_wconf 87' lang='grc' dir='ltr'>δη-</span> 
     </span>
    </p>
   </div>
   <div class='ocr_carea' id='block_1_100' title="bbox 2203 4848 3491 4920">
    <p class='ocr_par' dir='ltr' id='par_1_100' title="bbox 2203 4848 3491 4920">
     <span class='ocr_line' id='line_1_100' title="bbox 2203 4848 3491 4920; baseline -0.002 -14"><span class='ocrx_word' id='word_1_673' title='bbox 2203 4854 2376 4908; x_wconf 87' lang='grc' dir='ltr'>λονότι</span> <span class='ocrx_word' id='word_1_674' title='bbox 2404 4853 2513 4906; x_wconf 83' lang='grc' dir='ltr'>τῶν</span> <span class='ocrx_word' id='word_1_675' title='bbox 2539 4853 2739 4913; x_wconf 66' lang='grc' dir='ltr'>ἄλλων,</span> <span class='ocrx_word' id='word_1_676' title='bbox 2767 4851 2829 4904; x_wconf 86' lang='grc' dir='ltr'>οὺ</span> <span class='ocrx_word' id='word_1_677' title='bbox 2867 4848 2974 4920; x_wconf 82' lang='grc' dir='ltr'>μὴν</span> <span class='ocrx_word' id='word_1_678' title='bbox 3004 4851 3096 4902; x_wconf 73' lang='grc' dir='ltr'><strong>τὸν</strong></span> <span class='ocrx_word' id='word_1_679' title='bbox 3131 4852 3207 4920; x_wconf 77' lang='grc' dir='ltr'>μὴ</span> <span class='ocrx_word' id='word_1_680' title='bbox 3229 4848 3491 4903; x_wconf 83' lang='grc' dir='ltr'>τοιοῦτον.</span> 
     </span>
    </p>
   </div>
   <div class='ocr_carea' id='block_1_101' title="bbox 2280 4940 3808 5015">
    <p class='ocr_par' dir='ltr' id='par_1_101' title="bbox 2280 4940 3808 5015">
     <span class='ocr_line' id='line_1_101' title="bbox 2280 4940 3808 5015; baseline -0.003 -14"><span class='ocrx_word' id='word_1_681' title='bbox 2280 4946 2398 5001; x_wconf 83' lang='grc' dir='ltr'>Ἵνα</span> <span class='ocrx_word' id='word_1_682' title='bbox 2436 4945 2493 4999; x_wconf 86' lang='grc' dir='ltr'>δὲ</span> <span class='ocrx_word' id='word_1_683' title='bbox 2522 4945 2608 5015; x_wconf 87' lang='grc' dir='ltr'>είη</span> <span class='ocrx_word' id='word_1_684' title='bbox 2648 4943 2878 5015; x_wconf 74' lang='grc' dir='ltr'>εὐπορία</span> <span class='ocrx_word' id='word_1_685' title='bbox 2912 4942 3025 4995; x_wconf 85' lang='grc' dir='ltr'>τῶν</span> <span class='ocrx_word' id='word_1_686' title='bbox 3065 4940 3251 5008; x_wconf 78' lang='grc' dir='ltr'>ἀξίων,</span> <span class='ocrx_word' id='word_1_687' title='bbox 3283 4942 3378 4995; x_wconf 77' lang='grc' dir='ltr'>καὶ</span> <span class='ocrx_word' id='word_1_688' title='bbox 3406 4941 3516 4995; x_wconf 73' lang='grc' dir='ltr'><strong>ἀπὸ</strong></span> <span class='ocrx_word' id='word_1_689' title='bbox 3553 4941 3662 4995; x_wconf 85' lang='grc' dir='ltr'><strong>τῶν</strong></span> <span class='ocrx_word' id='word_1_690' title='bbox 3685 4942 3808 4996; x_wconf 88' lang='grc' dir='ltr'>λαῖ-</span> 
     </span>
    </p>
   </div>
   <div class='ocr_carea' id='block_1_102' title="bbox 2207 5035 3806 5107">
    <p class='ocr_par' dir='ltr' id='par_1_102' title="bbox 2207 5035 3806 5107">
     <span class='ocr_line' id='line_1_102' title="bbox 2207 5035 3806 5107; baseline -0.004 -12"><span class='ocrx_word' id='word_1_691' title='bbox 2207 5042 2344 5102; x_wconf 83' lang='grc' dir='ltr'>κῶν,</span> <span class='ocrx_word' id='word_1_692' title='bbox 2379 5039 2472 5093; x_wconf 77' lang='grc' dir='ltr'>καὶ</span> <span class='ocrx_word' id='word_1_693' title='bbox 2503 5038 2613 5093; x_wconf 71' lang='grc' dir='ltr'>ἀπὸ</span> <span class='ocrx_word' id='word_1_694' title='bbox 2641 5036 2749 5092; x_wconf 85' lang='grc' dir='ltr'><strong>τῶν</strong></span> <span class='ocrx_word' id='word_1_695' title='bbox 2785 5035 3036 5107; x_wconf 85' lang='grc' dir='ltr'>μοναχῶν</span> <span class='ocrx_word' id='word_1_696' title='bbox 3068 5035 3165 5089; x_wconf 77' lang='grc' dir='ltr'>ἐὰν</span> <span class='ocrx_word' id='word_1_697' title='bbox 3200 5035 3398 5107; x_wconf 81' lang='grc' dir='ltr'>εὑρεθῇ</span> <span class='ocrx_word' id='word_1_698' title='bbox 3429 5054 3511 5101; x_wconf 89' lang='grc' dir='ltr'><strong>τις</strong></span> <span class='ocrx_word' id='word_1_699' title='bbox 3536 5035 3675 5107; x_wconf 79' lang='grc' dir='ltr'>ἔχων</span> <span class='ocrx_word' id='word_1_700' title='bbox 3701 5036 3806 5089; x_wconf 61' lang='grc' dir='ltr'><strong>καὶ⁵</strong></span> 
     </span>
    </p>
   </div>
   <div class='ocr_carea' id='block_1_103' title="bbox 517 5126 2086 5199">
    <p class='ocr_par' dir='ltr' id='par_1_103' title="bbox 517 5126 2086 5199">
     <span class='ocr_line' id='line_1_103' title="bbox 517 5126 2086 5199; baseline 0.004 -18"><span class='ocrx_word' id='word_1_701' title='bbox 517 5126 695 5181; x_wconf 88' lang='lat' dir='ltr'><strong>ctrina</strong></span> <span class='ocrx_word' id='word_1_702' title='bbox 723 5127 945 5199; x_wconf 90' lang='lat' dir='ltr'><strong>vitaque</strong></span> <span class='ocrx_word' id='word_1_703' title='bbox 974 5130 1603 5198; x_wconf 79' lang='lat' dir='ltr'><strong>inculpatainstructus,</strong></span> <span class='ocrx_word' id='word_1_704' title='bbox 1626 5140 1687 5186; x_wconf 90' lang='lat' dir='ltr'><strong>ut</strong></span> <span class='ocrx_word' id='word_1_705' title='bbox 1717 5133 1855 5188; x_wconf 90' lang='lat' dir='ltr'><strong>nihil</strong></span> <span class='ocrx_word' id='word_1_706' title='bbox 1880 5134 1930 5188; x_wconf 93' lang='lat' dir='ltr'><strong>ei</strong></span> <span class='ocrx_word' id='word_1_707' title='bbox 1953 5134 2086 5190; x_wconf 85' lang='lat' dir='ltr'><strong>desit</strong></span> 
     </span>
    </p>
   </div>
   <div class='ocr_carea' id='block_1_104' title="bbox 2197 5126 3807 5199">
    <p class='ocr_par' dir='ltr' id='par_1_104' title="bbox 2204 5126 3807 5199">
     <span class='ocr_line' id='line_1_104' title="bbox 2204 5126 3807 5199; baseline -0.001 -13"><span class='ocrx_word' id='word_1_708' title='bbox 2204 5132 2298 5186; x_wconf 81' lang='grc' dir='ltr'>τὸν</span> <span class='ocrx_word' id='word_1_709' title='bbox 2344 5128 2723 5185; x_wconf 77' lang='grc' dir='ltr'>διδασκαλικὸν</span> <span class='ocrx_word' id='word_1_710' title='bbox 2762 5128 2920 5195; x_wconf 83' lang='grc' dir='ltr'>λόγον</span> <span class='ocrx_word' id='word_1_711' title='bbox 2968 5128 3086 5182; x_wconf 59' lang='grc' dir='ltr'><strong>καί</strong></span> <span class='ocrx_word' id='word_1_712' title='bbox 3114 5127 3206 5182; x_wconf 71' lang='grc' dir='ltr'><strong>τὸν</strong></span> <span class='ocrx_word' id='word_1_713' title='bbox 3261 5127 3632 5199; x_wconf 83' lang='grc' dir='ltr'>ἀνεπίληπτον</span> <span class='ocrx_word' id='word_1_714' title='bbox 3681 5126 3807 5197; x_wconf 85' lang='grc' dir='ltr'>βίον</span> 
     </span>
    </p>
   </div>
   <div class='ocr_carea' id='block_1_105' title="bbox 515 5218 2096 5295">
    <p class='ocr_par' dir='ltr' id='par_1_105' title="bbox 515 5218 2096 5295">
     <span class='ocr_line' id='line_1_105' title="bbox 515 5218 2096 5295; baseline 0.006 -24"><span class='ocrx_word' id='word_1_715' title='bbox 515 5218 584 5272; x_wconf 91' lang='lat' dir='ltr'><strong>ad</strong></span> <span class='ocrx_word' id='word_1_716' title='bbox 618 5221 1014 5285; x_wconf 84' lang='lat' dir='ltr'><strong>sacerdotium,</strong></span> <span class='ocrx_word' id='word_1_717' title='bbox 1056 5231 1288 5276; x_wconf 91' lang='lat' dir='ltr'><strong>vocetur</strong></span> <span class='ocrx_word' id='word_1_718' title='bbox 1323 5237 1387 5278; x_wconf 91' lang='lat' dir='ltr'><strong>ac</strong></span> <span class='ocrx_word' id='word_1_719' title='bbox 1426 5234 1839 5294; x_wconf 82' lang='lat' dir='ltr'><strong>promoventur,</strong></span> <span class='ocrx_word' id='word_1_720' title='bbox 1874 5227 2096 5295; x_wconf 90' lang='lat' dir='ltr'><strong>quando</strong></span> 
     </span>
    </p>
   </div>
   <div class='ocr_carea' id='block_1_106' title="bbox 516 5310 2099 5374">
    <p class='ocr_par' dir='ltr' id='par_1_106' title="bbox 516 5310 2099 5374">
     <span class='ocr_line' id='line_1_106' title="bbox 516 5310 2099 5374; baseline 0.004 -9"><span class='ocrx_word' id='word_1_721' title='bbox 516 5310 777 5366; x_wconf 86' lang='lat' dir='ltr'><strong>nimirum</strong></span> <span class='ocrx_word' id='word_1_722' title='bbox 808 5313 1202 5368; x_wconf 88' lang='lat' dir='ltr'><strong>ecclesiasticis</strong></span> <span class='ocrx_word' id='word_1_723' title='bbox 1222 5314 1329 5370; x_wconf 90' lang='lat' dir='ltr'><strong>erit</strong></span> <span class='ocrx_word' id='word_1_724' title='bbox 1361 5316 1820 5373; x_wconf 85' lang='lat' dir='ltr'><strong>commendatior.</strong></span> <span class='ocrx_word' id='word_1_725' title='bbox 1864 5318 1933 5373; x_wconf 86' lang='lat' dir='ltr'><strong>Et</strong></span> <span class='ocrx_word' id='word_1_726' title='bbox 1967 5334 2099 5374; x_wconf 88' lang='lat' dir='ltr'><strong>vero</strong></span> 
     </span>
    </p>
   </div>
   <div class='ocr_carea' id='block_1_107' title="bbox 517 5404 2101 5475">
    <p class='ocr_par' dir='ltr' id='par_1_107' title="bbox 517 5404 2101 5475">
     <span class='ocr_line' id='line_1_107' title="bbox 517 5404 2101 5475; baseline 0.005 -18"><span class='ocrx_word' id='word_1_727' title='bbox 517 5404 773 5459; x_wconf 88' lang='lat' dir='ltr'><strong>monachi</strong></span> <span class='ocrx_word' id='word_1_728' title='bbox 819 5405 958 5459; x_wconf 90' lang='lat' dir='ltr'><strong>nihil</strong></span> <span class='ocrx_word' id='word_1_729' title='bbox 1016 5405 1355 5473; x_wconf 88' lang='lat' dir='ltr'><strong>interfuerit,</strong></span> <span class='ocrx_word' id='word_1_730' title='bbox 1409 5426 1511 5465; x_wconf 91' lang='lat' dir='ltr'><strong>nec</strong></span> <span class='ocrx_word' id='word_1_731' title='bbox 1553 5410 1622 5465; x_wconf 89' lang='lat' dir='ltr'><strong>de</strong></span> <span class='ocrx_word' id='word_1_732' title='bbox 1680 5410 1834 5475; x_wconf 88' lang='lat' dir='ltr'><strong>sede,</strong></span> <span class='ocrx_word' id='word_1_733' title='bbox 1885 5426 1988 5466; x_wconf 90' lang='lat' dir='ltr'><strong>nec</strong></span> <span class='ocrx_word' id='word_1_734' title='bbox 2031 5411 2101 5466; x_wconf 89' lang='lat' dir='ltr'><strong>de</strong></span> 
     </span>
    </p>
   </div>
   <div class='ocr_carea' id='block_1_108' title="bbox 518 5497 2104 5564">
    <p class='ocr_par' dir='ltr' id='par_1_108' title="bbox 518 5497 2104 5564">
     <span class='ocr_line' id='line_1_108' title="bbox 518 5497 2104 5564; baseline 0.006 -15"><span class='ocrx_word' id='word_1_735' title='bbox 518 5498 775 5564; x_wconf 89' lang='lat' dir='ltr'><strong>statione,</strong></span> <span class='ocrx_word' id='word_1_736' title='bbox 827 5506 925 5552; x_wconf 91' lang='lat' dir='ltr'><strong>aut</strong></span> <span class='ocrx_word' id='word_1_737' title='bbox 970 5497 1221 5554; x_wconf 89' lang='lat' dir='ltr'><strong>introitu.</strong></span> <span class='ocrx_word' id='word_1_738' title='bbox 1257 5501 1530 5558; x_wconf 69' lang='lat' dir='ltr'><strong>Caeterum</strong></span> <span class='ocrx_word' id='word_1_739' title='bbox 1585 5503 1768 5558; x_wconf 88' lang='lat' dir='ltr'><strong>forsan</strong></span> <span class='ocrx_word' id='word_1_740' title='bbox 1823 5518 2104 5558; x_wconf 87' lang='lat' dir='ltr'><strong>nonnemo</strong></span> 
     </span>
    </p>
   </div>
   <div class='ocr_carea' id='block_1_109' title="bbox 2208 5218 3806 5293">
    <p class='ocr_par' dir='ltr' id='par_1_109' title="bbox 2208 5218 3806 5293">
     <span class='ocr_line' id='line_1_109' title="bbox 2208 5218 3806 5293; baseline -0.003 -15"><span class='ocrx_word' id='word_1_741' title='bbox 2208 5223 2350 5278; x_wconf 83' lang='grc' dir='ltr'>ὥστε</span> <span class='ocrx_word' id='word_1_742' title='bbox 2408 5222 2483 5293; x_wconf 87' lang='grc' dir='ltr'>μὴ</span> <span class='ocrx_word' id='word_1_743' title='bbox 2534 5219 2844 5275; x_wconf 88' lang='grc' dir='ltr'>κωλύεσθαι</span> <span class='ocrx_word' id='word_1_744' title='bbox 2873 5222 2953 5283; x_wconf 90' lang='grc' dir='ltr'><strong>είς</strong></span> <span class='ocrx_word' id='word_1_745' title='bbox 3003 5218 3331 5291; x_wconf 72' lang='grc' dir='ltr'>ἱερωσύνην,</span> <span class='ocrx_word' id='word_1_746' title='bbox 3389 5219 3662 5274; x_wconf 87' lang='grc' dir='ltr'>καλείσθω</span> <span class='ocrx_word' id='word_1_747' title='bbox 3702 5220 3806 5274; x_wconf 75' lang='grc' dir='ltr'>καὶ</span> 
     </span>
    </p>
   </div>
   <div class='ocr_carea' id='block_1_110' title="bbox 2211 5310 3805 5388">
    <p class='ocr_par' dir='ltr' id='par_1_110' title="bbox 2211 5310 3805 5388">
     <span class='ocr_line' id='line_1_110' title="bbox 2211 5310 3805 5388; baseline -0.001 -19"><span class='ocrx_word' id='word_1_748' title='bbox 2211 5314 2670 5388; x_wconf 78' lang='grc' dir='ltr'>προχειριζὲσθω,</span> <span class='ocrx_word' id='word_1_749' title='bbox 2698 5313 2787 5368; x_wconf 84' lang='grc' dir='ltr'><strong>ὅτε</strong></span> <span class='ocrx_word' id='word_1_750' title='bbox 2824 5311 3251 5381; x_wconf 83' lang='grc' dir='ltr'>ἀξιολογώτερος</span> <span class='ocrx_word' id='word_1_751' title='bbox 3278 5311 3521 5382; x_wconf 85' lang='grc' dir='ltr'>δηλονότι</span> <span class='ocrx_word' id='word_1_752' title='bbox 3548 5312 3664 5366; x_wconf 75' lang='grc' dir='ltr'>ἐστὶ</span> <span class='ocrx_word' id='word_1_753' title='bbox 3689 5310 3805 5367; x_wconf 87' lang='grc' dir='ltr'><strong>τῶν</strong></span> 
     </span>
    </p>
   </div>
   <div class='ocr_carea' id='block_1_111' title="bbox 2208 5402 3804 5481">
    <p class='ocr_par' dir='ltr' id='par_1_111' title="bbox 2208 5402 3804 5481">
     <span class='ocr_line' id='line_1_111' title="bbox 2208 5402 3804 5481; baseline -0.004 -18"><span class='ocrx_word' id='word_1_754' title='bbox 2208 5412 2307 5481; x_wconf 84' lang='grc' dir='ltr'>τῆς</span> <span class='ocrx_word' id='word_1_755' title='bbox 2353 5405 2704 5475; x_wconf 86' lang='grc' dir='ltr'>Ἐκκλησίας.</span> <span class='ocrx_word' id='word_1_756' title='bbox 2731 5403 2823 5475; x_wconf 83' lang='grc' dir='ltr'>Τῷ</span> <span class='ocrx_word' id='word_1_757' title='bbox 2849 5421 2913 5473; x_wconf 82' lang='grc' dir='ltr'>γε</span> <span class='ocrx_word' id='word_1_758' title='bbox 2947 5405 3055 5475; x_wconf 83' lang='grc' dir='ltr'>μὴν</span> <span class='ocrx_word' id='word_1_759' title='bbox 3089 5403 3311 5475; x_wconf 88' lang='grc' dir='ltr'>μοναχῷ</span> <span class='ocrx_word' id='word_1_760' title='bbox 3340 5404 3494 5458; x_wconf 76' lang='grc' dir='ltr'>οὐδὲν</span> <span class='ocrx_word' id='word_1_761' title='bbox 3520 5402 3642 5457; x_wconf 69' lang='grc' dir='ltr'>οῧτε</span> <span class='ocrx_word' id='word_1_762' title='bbox 3668 5406 3804 5474; x_wconf 73' lang='grc' dir='ltr'>περὶ</span> 
     </span>
    </p>
   </div>
   <div class='ocr_carea' id='block_1_112' title="bbox 2211 5492 3802 5568">
    <p class='ocr_par' dir='ltr' id='par_1_112' title="bbox 2211 5492 3802 5568">
     <span class='ocr_line' id='line_1_112' title="bbox 2211 5492 3802 5568; baseline -0.004 -15"><span class='ocrx_word' id='word_1_763' title='bbox 2211 5498 2481 5568; x_wconf 82' lang='grc' dir='ltr'>καθέδρας</span> <span class='ocrx_word' id='word_1_764' title='bbox 2502 5495 2628 5550; x_wconf 74' lang='grc' dir='ltr'>οὔτε</span> <span class='ocrx_word' id='word_1_765' title='bbox 2661 5497 2792 5567; x_wconf 75' lang='grc' dir='ltr'>περὶ</span> <span class='ocrx_word' id='word_1_766' title='bbox 2827 5495 3067 5559; x_wconf 81' lang='grc' dir='ltr'>στάσεως</span> <span class='ocrx_word' id='word_1_767' title='bbox 3091 5494 3125 5565; x_wconf 83' lang='grc' dir='ltr'>ἦ</span> <span class='ocrx_word' id='word_1_768' title='bbox 3153 5494 3364 5549; x_wconf 82' lang='grc' dir='ltr'>είσὸδου</span> <span class='ocrx_word' id='word_1_769' title='bbox 3393 5494 3609 5549; x_wconf 83' lang='grc' dir='ltr'>διοίσει.</span> <span class='ocrx_word' id='word_1_770' title='bbox 3635 5492 3802 5547; x_wconf 80' lang='grc' dir='ltr'>Εἴποι</span> 
     </span>
    </p>
   </div>
   <div class='ocr_carea' id='block_1_113' title="bbox 1916 5615 2486 5679">
    <p class='ocr_par' dir='ltr' id='par_1_113' title="bbox 1916 5615 2486 5679">
     <span class='ocr_line' id='line_1_113' title="bbox 1916 5615 2486 5679; baseline -0.009 1"><span class='ocrx_word' id='word_1_771' title='bbox 1916 5615 2222 5679; x_wconf 87' lang='lat' dir='ltr'><strong>Cotelerii</strong></span> <span class='ocrx_word' id='word_1_772' title='bbox 2296 5621 2486 5675; x_wconf 67' lang='lat' dir='ltr'><strong>nota).</strong></span> 
     </span>
    </p>
   </div>
   <div class='ocr_carea' id='block_1_114' title="bbox 592 5735 2105 5811">
    <p class='ocr_par' dir='ltr' id='par_1_114' title="bbox 592 5735 2105 5811">
     <span class='ocr_line' id='line_1_114' title="bbox 592 5735 2105 5811; baseline 0.003 -21"><span class='ocrx_word' id='word_1_773' title='bbox 592 5736 705 5806; x_wconf 77' lang='lat'><strong>(5|)</strong></span> <span class='ocrx_word' id='word_1_774' title='bbox 743 5735 867 5811; x_wconf 68' lang='lat'><strong>513.,</strong></span> <span class='ocrx_word' id='word_1_775' title='bbox 902 5736 1228 5809; x_wconf 82' lang='grc' dir='ltr'>σιτορέσιον,</span> <span class='ocrx_word' id='word_1_776' title='bbox 1260 5747 1317 5795; x_wconf 92' lang='lat' dir='ltr'><strong>et</strong></span> <span class='ocrx_word' id='word_1_777' title='bbox 1349 5756 1538 5810; x_wconf 89' lang='lat' dir='ltr'><strong>supra,</strong></span> <span class='ocrx_word' id='word_1_778' title='bbox 1570 5757 1678 5811; x_wconf 67' lang='grc' dir='ltr'>ρεσ</span> <span class='ocrx_word' id='word_1_779' title='bbox 1704 5757 1863 5811; x_wconf 72' lang='grc' dir='ltr'>μετρ,</span> <span class='ocrx_word' id='word_1_780' title='bbox 1926 5748 1987 5811; x_wconf 83' lang='grc' dir='ltr'>ιιι</span> <span class='ocrx_word' id='word_1_781' title='bbox 2033 5739 2105 5794; x_wconf 86' lang='lat' dir='ltr'><strong>sit</strong></span> 
     </span>
    </p>
   </div>
   <div class='ocr_carea' id='block_1_115' title="bbox 528 5809 2105 5881">
    <p class='ocr_par' dir='ltr' id='par_1_115' title="bbox 528 5809 2105 5881">
     <span class='ocr_line' id='line_1_115' title="bbox 528 5809 2105 5881; baseline 0.005 -24"><span class='ocrx_word' id='word_1_782' title='bbox 528 5817 621 5860; x_wconf 88' lang='lat' dir='ltr'><strong>aut</strong></span> <span class='ocrx_word' id='word_1_783' title='bbox 672 5809 1008 5881; x_wconf 76' lang='grc' dir='ltr'>σιτηρέσιον,</span> <span class='ocrx_word' id='word_1_784' title='bbox 1071 5818 1166 5864; x_wconf 87' lang='lat' dir='ltr'><strong>aut</strong></span> <span class='ocrx_word' id='word_1_785' title='bbox 1215 5809 1581 5881; x_wconf 70' lang='grc' dir='ltr'>σιτομέτριονζ</span> <span class='ocrx_word' id='word_1_786' title='bbox 1636 5809 1758 5864; x_wconf 76' lang='lat' dir='ltr'><strong>Mox</strong></span> <span class='ocrx_word' id='word_1_787' title='bbox 1815 5810 1860 5864; x_wconf 91' lang='lat' dir='ltr'><strong>si</strong></span> <span class='ocrx_word' id='word_1_788' title='bbox 1898 5810 2105 5881; x_wconf 82' lang='lat' dir='ltr'><strong>demas</strong></span> 
     </span>
    </p>
   </div>
   <div class='ocr_carea' id='block_1_116' title="bbox 525 5879 2104 5947">
    <p class='ocr_par' dir='ltr' id='par_1_116' title="bbox 525 5879 2104 5947">
     <span class='ocr_line' id='line_1_116' title="bbox 525 5879 2104 5947; baseline 0.006 -21"><span class='ocrx_word' id='word_1_789' title='bbox 525 5889 807 5945; x_wconf 86' lang='lat' dir='ltr'><strong>numeros,</strong></span> <span class='ocrx_word' id='word_1_790' title='bbox 850 5879 1009 5937; x_wconf 89' lang='lat' dir='ltr'><strong>facile</strong></span> <span class='ocrx_word' id='word_1_791' title='bbox 1029 5881 1135 5938; x_wconf 88' lang='lat' dir='ltr'><strong>erit</strong></span> <span class='ocrx_word' id='word_1_792' title='bbox 1169 5881 1424 5938; x_wconf 88' lang='lat' dir='ltr'><strong>lacunam</strong></span> <span class='ocrx_word' id='word_1_793' title='bbox 1448 5879 1761 5947; x_wconf 71' lang='lat' dir='ltr'><strong>complere,</strong></span> <span class='ocrx_word' id='word_1_794' title='bbox 1797 5896 1862 5937; x_wconf 81' lang='lat' dir='ltr'><strong>cx</strong></span> <span class='ocrx_word' id='word_1_795' title='bbox 1896 5880 1962 5936; x_wconf 88' lang='lat' dir='ltr'><strong>iis</strong></span> <span class='ocrx_word' id='word_1_796' title='bbox 1982 5898 2104 5947; x_wconf 75' lang='lat' dir='ltr'><strong>tunc</strong></span> 
     </span>
    </p>
   </div>
   <div class='ocr_carea' id='block_1_117' title="bbox 2213 5721 3798 5804">
    <p class='ocr_par' dir='ltr' id='par_1_117' title="bbox 2213 5721 3798 5804">
     <span class='ocr_line' id='line_1_117' title="bbox 2213 5721 3798 5804; baseline -0.009 -13"><span class='ocrx_word' id='word_1_797' title='bbox 2213 5737 2359 5791; x_wconf 84' lang='lat' dir='ltr'><strong>dicta</strong></span> <span class='ocrx_word' id='word_1_798' title='bbox 2398 5741 2528 5789; x_wconf 90' lang='lat' dir='ltr'><strong>sunt</strong></span> <span class='ocrx_word' id='word_1_799' title='bbox 2557 5733 2722 5804; x_wconf 92' lang='lat' dir='ltr'><strong>paulo</strong></span> <span class='ocrx_word' id='word_1_800' title='bbox 2748 5730 2988 5804; x_wconf 71' lang='lat' dir='ltr'><strong>antead</strong></span> <span class='ocrx_word' id='word_1_801' title='bbox 3022 5728 3395 5804; x_wconf 79' lang='lat' dir='ltr'><strong>superiorem,</strong></span> <span class='ocrx_word' id='word_1_802' title='bbox 3427 5723 3684 5804; x_wconf 75' lang='lat' dir='ltr'><strong>ponendo</strong></span> <span class='ocrx_word' id='word_1_803' title='bbox 3705 5721 3798 5804; x_wconf 58' lang='lat' dir='ltr'><strong>ni:</strong></span> 
     </span>
    </p>
   </div>
   <div class='ocr_carea' id='block_1_118' title="bbox 2215 5796 3800 5877">
    <p class='ocr_par' dir='ltr' id='par_1_118' title="bbox 2215 5796 3800 5877">
     <span class='ocr_line' id='line_1_118' title="bbox 2215 5796 3800 5877; baseline -0.006 -16"><span class='ocrx_word' id='word_1_804' title='bbox 2215 5809 2385 5861; x_wconf 89' lang='lat' dir='ltr'><strong>mium</strong></span> <span class='ocrx_word' id='word_1_805' title='bbox 2437 5796 2797 5877; x_wconf 68' lang='grc' dir='ltr'>νομισμάτων</span> <span class='ocrx_word' id='word_1_806' title='bbox 2851 5801 3061 5873; x_wconf 85' lang='grc' dir='ltr'>λίτρας,</span> <span class='ocrx_word' id='word_1_807' title='bbox 3094 5796 3186 5856; x_wconf 70' lang='grc' dir='ltr'>καὶ</span> <span class='ocrx_word' id='word_1_808' title='bbox 3245 5800 3393 5854; x_wconf 86' lang='grc' dir='ltr'>σίτου</span> <span class='ocrx_word' id='word_1_809' title='bbox 3427 5796 3664 5870; x_wconf 76' lang='grc' dir='ltr'>’μοδίους</span> <span class='ocrx_word' id='word_1_810' title='bbox 3709 5796 3800 5851; x_wconf 80' lang='lat' dir='ltr'><strong>vel</strong></span> 
     </span>
    </p>
   </div>
   <div class='ocr_carea' id='block_1_119' title="bbox 2218 5878 2393 5944">
    <p class='ocr_par' dir='ltr' id='par_1_119' title="bbox 2218 5878 2393 5944">
     <span class='ocr_line' id='line_1_119' title="bbox 2218 5878 2393 5944; baseline 0.011 -15"><span class='ocrx_word' id='word_1_811' title='bbox 2218 5878 2393 5944; x_wconf 71' lang='grc' dir='ltr'>μύδια.</span> 
     </span>
    </p>
   </div>
  </div>
