4064 6412
495 343 603 412 9θῖ

1794 338 2066 400 ΑιΕΧΠ
2105 337 2453 401 COMNENI

3646 330 3756 399 968

498 459 610 515 nisi
645 470 744 528 per
784 452 985 510 factam
1026 449 1082 505 in
1113 463 1277 506 carne
1320 448 1788 520 dispensationem
1833 465 1930 506 seu
1983 465 2081 520 per

2194 452 2232 504 εἰ
2265 451 2340 521 μὴ
2392 449 2482 504 διὰ
2537 447 2636 518 τῆς
2687 444 2958 517 ἐνσάρκου
3000 443 3314 515 οἰκονομίας
3368 442 3463 498 τοῦ
3508 445 3768 518 Σωτῆρος

503 544 947 603 incarnationem
977 539 1288 596 Servatoris
1321 542 1499 596 nostri
1536 541 1668 597 Jesu
1701 540 1908 597 Christi
1942 556 2080 597 con-

505 638 680 695 secuti
705 651 953 692 essemus
988 633 1424 704 redemptionem
1465 643 1818 703 peccatorum
1862 642 2081 687 nostro-

508 745 629 784 rum
658 737 714 783 et
745 727 1240 790 resurrectionem,
1267 735 1499 782 cunctos
1530 726 1692 781 simul
1723 725 1894 781 fuisse
1925 724 2080 795 peri-

505 830 662 873 turos
681 836 695 884 ;
719 828 983 888 praeterea
1001 816 1126 872 ideo
1143 832 1371 872 necesse
1388 815 1558 871 fuisse
1570 817 1749 885 ipsum
1765 816 2078 881 Dominum,

502 909 644 964 bene
676 892 889 978 placito'
909 907 1089 962 Patris
1127 914 1184 962 et
1217 906 1603 976 cooperatione
1634 905 1872 975 Spiritus
1904 904 2082 960 sancti

502 999 809 1064 incarnari,
863 1006 1079 1069 gestare
1116 1013 1359 1064 carnem,
1390 1011 1560 1052 carne
1603 997 1716 1068 pati
1745 1006 1801 1052 et
1828 996 1993 1063 mori,
2021 1004 2084 1051 ut

500 1094 761 1148 liberaret
775 1108 877 1147 nos
897 1093 965 1146 ab
984 1092 1211 1146 interitu
1237 1090 1301 1146 ad
1322 1104 1485 1159 quem
1507 1089 1792 1145 fueramus
1812 1089 2079 1146 damnati.

575 1186 634 1241 Si
668 1187 807 1250 haec,
842 1186 1085 1252 inquam,
1131 1183 1464 1254 agnoveritis
1491 1221 1506 1244 ,
1542 1196 1759 1236 necnon
1815 1181 1871 1235 in
1894 1181 2081 1251 cujus~

504 1276 653 1330 modi
676 1278 878 1329 malum
923 1274 1285 1344 compellatur
1311 1270 1560 1341 pontifex
1587 1273 1683 1343 qui
1706 1280 1910 1327 rectam
1940 1287 2080 1341 prae-

504 1368 840 1424 dicationem
870 1383 980 1421 non
1016 1366 1360 1421 transfundit
1402 1366 1456 1419 in
1488 1381 1715 1436 gregem
1768 1365 1873 1420 sibi
1900 1365 2084 1436 subje-

506 1471 681 1521 ctum,
727 1473 1007 1527 nunquam
1070 1457 1316 1511 laborem
1368 1457 1617 1511 censebit
1666 1456 1956 1526 quisquam
1984 1472 2081 1511 ve-

504 1561 701 1616 strum,
735 1550 853 1620 ipse
876 1564 976 1619 per
1008 1565 1067 1605 se
1094 1559 1260 1603 totam
1290 1548 1393 1603 sub
1420 1565 1480 1604 se
1509 1550 1749 1619 positam
1800 1551 2078 1619 regionem

502 1659 800 1713 peragrare
857 1641 1227 1711 frequentius,
1260 1653 1317 1695 et
1365 1655 1558 1710 puram
1597 1642 1653 1695 in
1701 1641 1869 1697 Deum
1915 1641 2080 1697 fidem

503 1744 865 1803 sanctamque
897 1735 1064 1788 vitam
1115 1733 1317 1790 docere
1350 1751 1363 1789 :
1397 1734 1496 1789 sed
1544 1734 1701 1789 labor
1749 1735 1846 1790 ille
1895 1735 2082 1805 potius

506 1825 613 1895 ipsi
646 1825 969 1880 censebitur
999 1826 1241 1895 requies,
1282 1837 1342 1880 ut
1374 1826 1471 1896 qui
1504 1826 1700 1881 anima:
1729 1842 1841 1881 suae
1868 1842 2082 1896 suoque

505 1918 713 1987 populo
748 1918 988 1988 quietem
1030 1918 1310 1973 conciliet.
1368 1916 1504 1973 Nam
1560 1918 1739 1973 olllcio
1790 1917 2082 1985 satisfacit,

504 2011 774 2080 siquidem
816 2012 1036 2081 penitus
1079 2014 1347 2067 rationem
1401 2012 1723 2066 redditurus
1755 2020 1842 2068 est
1888 2011 1943 2065 in
1975 2020 2087 2067 tre-

506 2102 707 2157 mendo
729 2101 925 2174 judicii
958 2103 1047 2158 die
1075 2118 1174 2173 pro
1195 2102 1459 2158 rationali
1491 2103 1621 2159 ovili
1649 2118 1773 2158 suo.

580 2291 722 2359 Quid
765 2307 899 2347 vero
954 2294 1049 2362 qui
1103 2292 1244 2348 forte
1281 2293 1528 2361 pontifex
1570 2293 1814 2349 noluerit
1859 2294 2090 2365 hujusce

508 2383 593 2438 rei
632 2398 822 2436 curam
874 2398 1088 2452 gerere,
1122 2383 1476 2452 excogitabit,
1521 2392 1612 2437 aut
1656 2399 1819 2453 quam
1857 2398 2088 2439 excusa-

513 2474 721 2529 tionem
769 2474 1015 2538 habebit,
1054 2485 1114 2529 ut
1163 2490 1278 2529 rem
1314 2474 1603 2544 protrahat
1634 2482 1691 2529 et
1718 2474 1973 2529 differat?
2004 2476 2087 2530 An

510 2566 712 2622 iterum
761 2566 924 2620 aliam
971 2567 1083 2622 ficri
1123 2566 1476 2636 exspectabit
1525 2566 1648 2621 Filii
1690 2567 1966 2637 Verhique
1992 2567 2089 2622 Dei

510 2658 993 2712 incarnationem?
1022 2658 1134 2712 Hoc
1155 2674 1334 2728 neque
1354 2659 1408 2712 in
1429 2658 1817 2728 cogitationem
1851 2658 2091 2715 hominis

510 2747 774 2804 ascendet
827 2767 839 2802 :
879 2749 972 2803 sed
1025 2750 1210 2803 veniet
1254 2750 1480 2804 omnino
1525 2765 1691 2805 verus
1743 2749 1995 2805 Christus
2036 2758 2093 2805 et

510 2838 657 2894 Deus
683 2850 895 2904 noster,
928 2840 1256 2894 redditurus
1280 2841 1579 2911 unicuique
1597 2841 1902 2897 secundum
1919 2857 2090 2911 opera

512 2945 632 2987 sua.
665 2932 853 3003 Itaque
896 2948 1006 2987 non
1034 2933 1278 2989 admittit
1312 2950 1521 2989 moram
1554 2949 1733 3005 neque
1790 2934 2093 3004 procrasti-

510 3023 793 3080 nationem
826 3040 1072 3097 prarsens
1093 3041 1279 3081 causa.

2185 544 2343 613 ήμῶν
2378 538 2554 611 Ἰησοῦ
2578 536 2843 610 Χριστοῦ,
2870 536 2971 606 τῆς
2996 535 3427 606 ἀπολυτρώσεως
3452 536 3563 589 τῶν
3582 537 3770 609 ἁμαρ.

2182 635 2315 688 τιῶν
2346 632 2506 704 ἡμῶν
2554 630 2650 685 καὶ
2694 632 2794 701 τῆς
2829 628 3179 691 ἀναστάσεως
3227 626 3518 698 ἐτύχομεν,
3566 629 3770 693 πάντες

2184 726 2322 797 ὁμοῦ
2350 724 2730 796 ἀπολλόμεθαο
2775 724 2870 777 καὶ
2906 724 2989 778 ὅτι
3025 723 3113 779 διά
3143 722 3301 778 τοῦτο
3339 722 3558 791 ἐδέησεν
3602 721 3770 775 αὑτὸν

2182 819 2275 872 τὸν
2305 817 2514 889 Κύριον
2544 817 2768 888 εὐδοκία
2799 814 2893 869 τοῦ
2940 815 3157 886 Πατρδς
3189 816 3286 868 καὶ
3334 814 3631 885 συνεργεία
3670 813 3768 868 τοῦ

2185 912 2341 979 ἀγίου
2375 910 2694 980 [Ινεύματος
2733 909 3156 980 ενανθρωπῆσαι
3180 908 3276 962 καὶ
3309 906 3491 977 σάρκα
3536 906 3769 976 φορέσαι

2185 1006 2279 1061 καὶ
2317 1004 2484 1076 σαρκὶ
2506 1005 2699 1057 παθεῖν
2732 1004 2828 1057 καὶ
2862 1003 3181 1069 ἀποθανεῖν,
3219 1001 3308 1054 ἵνα
3338 1000 3587 1070 ἐξέληται
3615 1000 3771 1070 ἡμᾶς

2183 1099 2284 1169 τῆς
2311 1098 2516 1170 φθορᾶς
2545 1097 2612 1168 ἢν
2641 1095 3074 1167 κατεκρίθημεν.

2255 1193 2318 1245 Εἰ
2362 1189 2533 1245 ταῦτα
2562 1187 2655 1242 οῦν
2695 1188 2984 1253 ἐπιγνῶτε,
3035 1187 3131 1241 καὶ
3155 1186 3237 1251 είς
3270 1181 3383 1241 οἷον
3416 1184 3585 1240 κακὸν
3641 1200 3772 1237 συνο

2186 1287 2475 1340 ελαύνεται
2510 1290 2537 1341 ὁ
2564 1288 2855 1358 ἀρχιερεὺς
2884 1285 2958 1357 μὴ
2990 1284 3253 1346 διαδιδοὺς
3277 1282 3336 1336 τὸ
3358 1280 3641 1353 ὀρθόδοξον
3663 1281 3769 1351 κή-

2188 1399 2371 1453 ρυγμα
2398 1376 2465 1453 τῇ
2498 1381 2589 1434 ὑπ’
2613 1381 2781 1433 αὐτὸν
2812 1382 3039 1449 ποίμνῃ,
3073 1376 3331 1431 οὐδέποτε
3365 1376 3534 1428 κόπον
3562 1373 3772 1444 ἡγήσε-

2187 1474 2277 1525 ταί
2313 1488 2396 1534 τις
2437 1472 2590 1541 ὑμῶν
2617 1470 2700 1536 τὸ,
2730 1470 2891 1534 αὐτὸς
2920 1468 2986 1522 δι’
3017 1467 3211 1521 ἑαυτοῦ
3240 1466 3551 1537 διέρχεσθαι
3582 1466 3770 1517 πᾶσαν

2187 1564 2288 1633 τὴν
2319 1564 2411 1616 ὑπ’
2453 1563 2616 1616 αὑτὸν
2661 1561 2879 1633 ένορίαν
2922 1561 3311 1631 συνεχέστερον
3354 1558 3449 1612 καὶ
3490 1557 3769 1612 διδάσκειν

2186 1657 2287 1726 τὴν
2320 1657 2458 1727 πρὸς
2489 1655 2578 1708 τὸν
2616 1655 2748 1710 Θεὸν
2780 1654 3028 1725 καθαράν
3068 1653 3253 1706 πίστιν
3285 1654 3380 1704 καὶ
3421 1651 3515 1725 τὸν
3568 1650 3770 1719 σεμνὸν

2186 1747 2324 1818 βίον,
2389 1747 2509 1801 ἀλλ’
2538 1747 2568 1800 ό
2620 1746 2787 1811 κόπος
2817 1740 2972 1808 οὗτος
3026 1743 3228 1815 μᾶλλον
3273 1741 3582 1802 ἀνάπαυσις
3620 1739 3772 1808 αὐτῷ

2185 1840 2593 1911 λογισθήσεται,
2626 1835 2701 1901 ὥς
2729 1838 2824 1890 καὶ
2846 1836 3155 1890 ἀνάπαυσιν
3180 1837 3245 1905 τῇ
3273 1831 3466 1886 ἑαυτοῦ
3496 1832 3646 1901 ψυχῇ
3675 1830 3773 1895 καὶ

2185 1929 2280 1986 τοῦ
2338 1929 2544 1983 οίκείου
2598 1927 2728 1981 λαοῦ
2767 1925 3066 2001 προξενῶν.
3119 1925 3193 1979 Τὸ
3250 1924 3358 1993 γὰρ
3418 1921 3774 1991 ὀφειλόμενον

2189 2023 2406 2091 πληροῖ,
2438 2020 2627 2091 ἐπειδὴ
2694 2019 2795 2073 καὶ
2850 2018 3046 2086 λόγους
3089 2016 3291 2070 διδόναι
3327 2015 3507 2086 μέλλει
3550 2013 3774 2075 παντως

2186 2115 2247 2167 ἂν
2276 2117 2342 2185 τῇ
2389 2112 2597 2183 φοϐερᾷ
2628 2112 2813 2183 ήμέρᾳ
2845 2110 2943 2180 τῆς
2983 2108 3220 2180 κρίσεως
3258 2107 3402 2177 ὑπὲρ
3434 2105 3526 2159 τοῦ
3558 2104 3774 2158 ὑπἀὐ-

2186 2201 2280 2254 τδν
2312 2200 2532 2269 λογικοῦ
2568 2206 2843 2269 ποιμνίου.

2261 2292 2327 2346 Τί
2355 2292 2410 2346 δὲ
2443 2294 2472 2345 ὁ
2498 2291 2629 2356 ἴσως
2672 2292 2747 2363 μὴ
2783 2290 3066 2361 βουληθεὶς
3098 2289 3532 2361 ἐπιμελήσεσθαι
3577 2291 3773 2362 ἀρχιτ-

2193 2385 2322 2454 ρεὺς
2350 2382 2449 2452 τῆς
2477 2380 2735 2451 τοιαύτης
2776 2380 3086 2443 ὑποθέσεως
3130 2380 3493 2451 διανοήσεται,
3526 2379 3561 2450 ἢ
3609 2382 3776 2436 ποίαν

2194 2475 2467 2545 πρόφασιν
2496 2474 2607 2539 ἕξει
2638 2475 2714 2537 είς
2748 2474 2809 2527 τὸ
2841 2474 3078 2544 ἀναϐολῇ
3105 2472 3292 2527 δοῦναι
3321 2474 3382 2528 τὸ
3413 2476 3647 2545 πρᾶγμα
3677 2477 3778 2529 uel.

2193 2564 2482 2634 ὑπερθέσει
2506 2581 2520 2628 ;
2539 2562 2765 2632 Ἑτέραν
2788 2561 2949 2616 πάλιν
2979 2562 3394 2633 ινανθρὼπησιν
3416 2563 3511 2616 τοῦ
3530 2563 3662 2617 Υίοῦ
3681 2565 3779 2618 καὶ

2191 2654 2366 2722 Λόγου
2398 2654 2494 2709 τοῦ
2524 2654 2660 2708 Θεοῦ
2702 2654 3068 2725 προσδοκήσει
3114 2653 3403 2722 γενέσθαις
3437 2654 3608 2710 Τοῦτο
3651 2657 3782 2712 οὐδὲ

2192 2748 2286 2801 ἐπὶ
2317 2747 2577 2817 λογισμὸν
2611 2746 2906 2816 ἀνθρώπου
2939 2744 3311 2817 ἀναϐήσεται·
3344 2746 3461 2801 ἀλλ’
3489 2746 3780 2805 ἐλεύσεται

2194 2839 2414 2902 πάντως
2443 2839 2472 2891 ό
2505 2836 2759 2907 ἀληθινὸς
2791 2838 3030 2906 Χριστὸς
3073 2838 3167 2893 καὶ
3195 2837 3329 2902 Θεὸς
3355 2837 3516 2908 ήμῶν
3563 2839 3783 2894 ἀποδώ-

2198 2948 2307 2984 σων
2345 2930 2562 3001 ἑκάστῳ
2600 2931 2741 2984 κατά
2769 2930 2841 2983 τά
2871 2930 3010 3002 [ργα
3038 2929 3225 2984 αὐτοῦ.
3264 2931 3466 2984 Λοιπὸν
3510 2932 3571 2985 οὐ
3600 2931 3779 2990 δεῖται

2196 3023 2469 3094 ἀναϐολῆς
2495 3023 2617 3077 οὐδὲ
2649 3022 2998 3093 ὑπερθέσεως
3032 3025 3065 3097 ή
3096 3025 3349 3097 παροῦσα
3384 3024 3665 3091 ὑπόθεσις.

2075 3192 2239 3251 XVII.

512 3297 653 3371 Imp.
685 3296 858 3354 Matii
886 3296 1139 3354 Comncni
1178 3299 1443 3376 decretum
1474 3303 1528 3356 in
1578 3320 1741 3376 censa
1796 3302 2063 3376 Eustratii

2194 3307 2327 3376 scopi
2354 3303 2579 3360 Nica'ni.
2617 3304 2692 3376 Ση
2704 3303 2921 3376 μείωμα
2970 3303 3209 3376 Ἀλεξίου
3238 3301 3332 3358 τοῦ
3361 3300 3650 3375 Κομνηνοῦ
3681 3300 3781 3355 ἐπὶ
3844 3366 3847 3367 ν

1139 3373 1207 3440 τῇ
1237 3371 1499 3424 ὑποθέσει
1530 3372 1627 3426 τοῦ
1656 3374 1895 3438 Νικαίας
1929 3376 2089 3446 Κυροί

2194 3371 2500 3448 ὑστρατίου.
2537 3371 2795 3441 ,G’XKE’,
2829 3371 2885 3429 id
2909 3383 2987 3430 est
3017 3374 3177 3431 1117.

1687 3488 1887 3551 (Exstat
1915 3489 1965 3540 in
1990 3489 2161 3541 codice
2182 3491 2456 3543 Bodleiano
2475 3490 2611 3554 205.)

2070 3623 2261 3680 XVIII.

1045 3729 1189 3803 Imp.
1231 3732 1400 3788 Alexii
1430 3733 1689 3791 Comncni
1715 3737 1934 3792 Decreta
1965 3740 2069 3792 duo
2103 3738 2168 3791 de
2206 3736 2616 3807 possessionibus
2646 3734 2960 3789 monasterii
2988 3698 3279 3788 Dochiarii.

1036 3850 1215 3913 ,(Anno
1242 3850 1452 3905 l118.—
1477 3853 1690 3905 inedita.
1714 3851 1840 3907 Vide
1862 3855 2009 3906 Zach.
2035 3871 2064 3905 a
2089 3852 2357 3917 Lingenth.
2391 3854 2441 3903 in
2463 3852 2569 3902 suis
2590 3849 2990 3916 Prolegomenis,
3011 3864 3064 3915 p.
3096 3850 3226 3917 xix.)

2096 3991 2244 4050 XIX.

522 4100 666 4175 Imp.
693 4104 865 4158 Alexii
887 4104 1159 4181 Δ(ἴοηυιρηὶ
1184 4108 1430 4181 macella:
1458 4110 1850 4163 constitutiones
1880 4128 1897 4166 :
1933 4110 1987 4164 l.
2028 4113 2093 4164 de
2131 4114 2455 4181 exemptione
2504 4112 2697 4163 montis
2726 4111 2858 4163 Atho
2888 4126 2920 4161 a
2950 4109 3297 4181 patriarcha;
3327 4110 3383 4164 2.
3418 4109 3491 4181 De
3522 4111 3786 4166 immuni-

589 4182 715 4227 tatei
734 4177 923 4228 montis
971 4178 1138 4240 Atho;
1168 4177 1236 4245 ,5.
1289 4178 1354 4229 de
1408 4180 1774 4232 emendatione
1812 4189 2188 4235 monachorum
2212 4177 2288 4234 ιη’
2309 4189 2484 4235 monte
2513 4182 2648 4233 Atho
2680 4181 2990 4234 seditionem
3014 4180 3355 4232 excitantium
3382 4197 3401 4245 ;
3430 4180 3483 4231 4.
3507 4181 3569 4232 de
3594 4198 3790 4234 mona-

591 4245 698 4297 chis
735 4247 927 4322 montis
960 4248 1095 4322 Atho
1148 4244 1358 4314 Cpolim
1388 4247 1837 4316 proﬁciscentibus
1856 4267 1877 4316 ;
1909 4252 1962 4322 5.
1997 4253 2060 4305 de
2105 4253 2362 4322 dignitate
2386 4251 2575 4322 montis
2622 4253 2794 4322 Atho;
2824 4252 2877 4303 ti.
2912 4252 2975 4301 de
2997 4249 3329 4322 ordinatione
3353 4253 3791 4322 hieromonacho-

592 4329 715 4365 rum
776 4327 826 4365 et
868 4316 1357 4369 hierodiaconorum
1394 4334 1449 4371 ιη
1501 4329 1678 4373 monte
1716 4322 1853 4374 Atho
1880 4321 1971 4384 ,‘7.
1993 4324 2057 4374 de
2074 4316 2394 4375 monasterio
2438 4321 2751 4375 Latinorum
2774 4320 2829 4373 in
2875 4327 3051 4373 monte
3078 4320 3213 4374 Atho
3240 4335 3260 4384 ;
3288 4319 3342 4374 8.
3370 4320 3434 4373 de
3464 4319 3643 4374 eodem
3666 4338 3788 4374 mo-

591 4385 845 4438 nasterio.

1975 4482 2123 4548 (Vide
2150 4482 2298 4543 ibid.)

1339 4633 1457 4692 XX.

521 4744 601 4799 De
628 4744 979 4811 chartulario,
1007 4752 1056 4799 et
1085 4747 1223 4815 quod
1246 4749 1562 4817 prwferen‘di
1600 4749 1705 4803 sint
1735 4752 1791 4804 in
1823 4749 2098 4806 electioni-

1063 4818 1153 4868 bus
1179 4820 1270 4886 qui
1295 4819 1440 4887 digni
1454 4827 1599 4873 sunt.

601 4929 976 4986 Ecclesiastici
1019 4928 1237 4983 decoris
1300 4946 1489 4984 curam
1548 4932 1808 5003 maiestas
1856 4949 1977 4989 mea
2004 4950 2102 5004 ge-

524 5033 675 5084 rens,
703 5028 761 5073 et
799 5035 923 5074 cum
959 5020 1014 5072 in
1050 5018 1201 5073 omni
1238 5020 1386 5074 civili
1430 5031 1577 5075 statu
1610 5022 1815 5077 bonum
1845 5023 2100 5078 ordinem

525 5110 839 5177 requirens,
871 5119 986 5163 tum
1017 5110 1072 5163 in
1107 5110 1211 5164 hoc
1245 5108 1546 5164 studiosius
1590 5110 1936 5178 incumbens,
1970 5122 2031 5167 ut
2057 5113 2104 5168 is

530 5200 703 5267 magis
737 5201 902 5254 etiam
939 5200 1111 5253 sacris
1140 5199 1195 5252 in
1230 5198 1400 5252 rebus
1426 5199 1791 5265 observetur;
1819 5201 2102 5272 privilegia

529 5290 731 5359 cuique
757 5291 1024 5360 graduum
1055 5289 1559 5345 ecclesiasticarum
1573 5292 1686 5363 jam
1713 5292 1844 5347 olim
1872 5293 2102 5361 tributa,

526 5398 766 5453 eumque
796 5393 1000 5439 statum
1035 5383 1128 5452 qui
1179 5383 1447 5439 hactenus
1479 5385 1534 5438 in
1582 5385 1664 5441 eis
1710 5386 1904 5456 viguit,
1937 5388 2104 5443 etiam

531 5475 795 5553 deinceps
845 5473 1239 5530 immutabilem
1306 5476 1606 5533 subsistere
1666 5492 1730 5533 ac
1779 5493 2106 5548 permanere

528 5566 701 5635 cupit,
739 5576 796 5620 et
821 5581 1037 5636 aequum
1066 5577 1275 5628 censet,
1307 5569 1651 5625 sanctissime
1677 5570 1923 5639 domine,
1950 5575 2103 5628 velut

530 5671 561 5710 a
603 5666 684 5711 tot
710 5657 869 5711 annis
889 5666 1200 5727 acceptum,
1226 5673 1280 5713 et
1330 5660 1493 5731 longo
1528 5662 1641 5732 jam
1675 5662 1855 5733 spatio
1886 5671 2100 5734 tempo-

533 5746 612 5802 ris
640 5746 1015 5815 ohservatum,
1078 5757 1134 5805 et
1186 5752 1470 5822 perpetuis
1521 5754 1590 5809 ab
1624 5769 1734 5810 uno
1764 5763 2015 5827 tempore
2041 5757 2100 5814 in

2942 4637 3028 4690 K'.

2198 4747 2341 4818 Περὶ
2360 4747 2468 4803 τοῦ
2497 4747 2981 4818 χαρτοφύλρκος,
3014 4745 3114 4818 καὶ
3143 4746 3232 4818 ὅτι
3265 4746 3409 4813 τοὺς
3454 4747 3667 4817 ἀξίους
3696 4749 3802 4804 δεῖ

2570 4815 2866 4886 ἐτροὶιμᾷν
2893 4818 2963 4870 ἐν
2992 4817 3124 4883 ταῖς
3144 4817 3395 4885 ψήφοις.

2282 4933 2350 4985 Ἢ
2389 4930 2636 5002 βασιλεία
2671 4948 2774 5001 μου
2815 4930 2918 4999 τῆς
2963 4929 3430 5002 ὲκκλησιαστικῆς
3481 4932 3791 4999 εὐκοσμίας

2208 5022 2594 5094 φροντίζουσα,
2626 5021 2722 5074 καὶ
2754 5020 2815 5073 τὸ
2841 5019 3106 5073 εὔτακτον
3148 5020 3245 5073 καὶ
3274 5022 3333 5073 ἐν
3363 5023 3528 5075 παντὶ
3562 5022 3661 5093 μὲν
3689 5023 3795 5095 ζηα-

2208 5117 2374 5170 τοῦσα
2423 5114 2503 5186 τῷ
2559 5113 2953 5184 πολιτεύματι,
2996 5114 3090 5167 ἐπὶ
3140 5114 3301 5167 πλέον
3349 5113 3405 5167 δὲ
3458 5118 3572 5179 τοῖς
3621 5115 3796 5183 θείοις

2206 5208 2363 5261 τοῦτο
2391 5204 2847 5277 ἐμπολιτεύεσθαι
2874 5205 2964 5260 διὰ
2999 5205 3239 5276 σπουδῆς
3267 5205 3553 5277 τιθεμένη,
3588 5208 3657 5262 τά
3686 5210 3797 5279 ἀρ-

2207 5298 2375 5370 χῆθεν
2409 5297 2866 5367 ἀπονενεμημένα
2892 5297 3166 5369 προνόμια
3190 5299 3407 5368 ἑκάστῳ
3442 5298 3551 5353 τῶν
3588 5299 3799 5371 ἐκκλη-

2210 5390 2506 5444 σιαπικῶν
2536 5390 2781 5460 βαθμῶν,
2814 5389 2909 5443 καὶ
2934 5389 3033 5459 τὴν
3064 5388 3193 5460 ἄχρι
3230 5389 3324 5443 καὶ
3361 5389 3523 5461 δεῦρο
3549 5392 3792 5463 ἐπικρα-

2212 5484 2460 5554 τήσασαν
2488 5485 2547 5535 ὲν
2573 5483 2785 5545 τούτοις
2809 5482 3148 5536 κατάστασιν
3175 5481 3316 5535 κατά
3338 5482 3400 5535 τὸ
3428 5483 3821 5541 ἀναλλοίωτον,

2215 5576 2311 5629 καὶ
2347 5577 2428 5639 είς
2458 5576 2520 5628 τὸ
2548 5575 2675 5646 ἑξῆς
2697 5571 2840 5630 εἶναι
2869 5573 2965 5627 καὶ
2995 5574 3274 5644 διαμένειν
3321 5574 3571 5644 βούλεταί
3600 5593 3661 5629 τε
3695 5579 3800 5632 καὶ

2214 5664 2444 5730 εὐδοκεῖ,
2471 5662 2745 5732 ἀγιώτατε
2775 5664 3040 5728 δέσποτα,
3088 5663 3165 5726 ὡς
3213 5664 3307 5717 καὶ
3351 5664 3799 5736 παραδεχθείσαν

2213 5755 2303 5813 διὰ
2344 5756 2618 5813 τοσούτων
2664 5755 2799 5813 ἐτῶν
2833 5756 2929 5812 καὶ
2966 5757 3044 5829 τῷ
3096 5757 3290 5830 μακρῷ
3341 5759 3518 5831 χρόνῳ
3564 5758 3795 5831 ἐμπολι-
