4064 6424
274 392 389 489 ’969

1350 420 1715 484 NOt’ELL/E
1751 386 2429 479 CONSTITUTIONES.

3439 422 3544 484 970

287 524 648 603 τευσαμένην,
679 528 772 583 καὶ
811 529 937 594 ταῖς
961 527 1057 582 ἀπ’
1086 528 1249 584 ἄλλου
1301 531 1383 601 εἰς
1419 518 1577 585 ἄλλον
1623 519 1766 584 κατὰ
1804 528 1865 581 τδ

1987 514 2118 581 tliud
2145 515 2629 597 progressionibus
2655 523 2763 579 huc
2799 520 2971 597 usque
3007 516 3146 580 citra
3180 527 3545 586 mutationem

287 612 678 689 ἁνεξάλλακτον
735 620 840 683 ἕως
888 616 983 673 τοῦ
1031 619 1126 675 νῦν
1171 622 1541 692 μεταδάσεσιν
1584 612 1863 691 ἐπικυρω-

288 716 468 768 θεῖσαν
498 715 589 767 καὶ
627 704 1023 776 βεϐαιωθεῖσαν
1046 704 1259 776 καλῶς.

368 803 521 858 Ἐπεὶ
549 803 605 856 δὲ
628 804 723 858 νῦν
757 804 789 874 ἡ
819 802 1070 873 βασιλεία
1100 821 1202 874 μου
1235 806 1421 875 μάθοι,
1475 805 1550 868 ὦς
1587 822 1731 869 τινες
1757 804 1865 857 τῶν

287 895 582 964 ἀρχιερέων
605 893 1180 965 ἀντιφιλοτιμούμενοι
1208 897 1505 967 πειρῶνται
1531 897 1593 950 τὸ
1612 896 1708 951 τοῦ
1734 914 1868 968 χαρι-

286 988 588 1057 τοφύλακος
624 980 960 1041 ὑποὸιόάσαι
1015 987 1331 1059 προνόμιον,
1368 989 1465 1044 καὶ⁸
1510 990 1743 1053 κανόνας
1787 989 1865 1051 εἰς

289 1080 450 1148 μέσον
492 1079 864 1150 προφέροντες
922 1079 1010 1133 διὰ
1067 1078 1275 1132 τούτων
1327 1079 1738 1151 φιλονεικοῦσι,
1792 1079 1867 1151 μὴ

286 1170 670 1242 προκαθῆσθαι
719 1170 884 1229 αὐτὸν
930 1172 1037 1225 τῶν
1088 1158 1429 1242 ἀρχιερέων,
1475 1173 1712 1244 ὁπηνίκα
1758 1169 1868 1226 δέοι

288 1262 512 1324 τούτους
561 1261 917 1333 συνέρχεσθαι
966 1263 1106 1316 κατά
1160 1279 1282 1313 τινα
1333 1264 1523 1335 χρείαν
1576 1263 1671 1317 καὶ
1712 1280 1861 1315 συνε-

284 1350 525 1421 δριάζειν
581 1350 724 1403 κατὰ
762 1346 959 1403 ταύτὸν
992 1351 1098 1421 πρὸ
1136 1355 1235 1425 τῆς
1282 1357 1361 1422 είς
1408 1354 1508 1425 τὴν
1554 1354 1868 1422 ἁγιωσύνην

287 1458 379 1494 σου
437 1440 813 1506 είσελεύσεως,
850 1443 952 1495 οὐκ
999 1444 1295 1516 ἀνασχετὸν
1347 1450 1412 1519 τῇ
1464 1434 1714 1517 βασιλείᾳ
1766 1461 1867 1514 μου

285 1532 470 1599 ἔδοξε,
537 1536 768 1605 πρᾶγμα
827 1532 918 1587 διὰ
972 1535 1230 1591 τοσούτου
1278 1540 1471 1609 χρόνου
1544 1536 1869 1609 βασανισθὲν

285 1625 380 1677 καὶ
418 1626 529 1686 τοῖς
560 1625 691 1695 πρὶν
722 1626 1093 1698 πατριάρχαις
1118 1630 1344 1693 καὶτοῖς
1371 1629 1553 1693 ἄλλοις
1580 1631 1871 1701 ἀρχιερεῦ-

288 1734 394 1780 σιν,
432 1713 568 1767 ἀλλά
621 1714 688 1785 δὴ
732 1714 828 1769 καὶ
873 1717 1058 1782 αὐτοῖς
1087 1721 1202 1782 τοῖς
1247 1719 1344 1773 νῦν
1392 1722 1493 1774 οὐκ
1543 1721 1632 1773 ἐπ’
1664 1722 1871 1793 εὐλόγῳ

289 1808 537 1879 ἐρίζουσι
574 1807 863 1878 πράγματι
899 1808 988 1862 διὰ
1016 1811 1112 1878 τῆς
1140 1810 1488 1883 πολυημέρου
1520 1812 1705 1883 δεχθὲν
1739 1830 1869 1865 σιω-

1967 612 2233 685 ρναέειοιοο
2271 617 2657 672 conﬁrmatum
2690 630 2754 670 ac
2788 613 3127 672 stabilitum.

2040 797 2178 865 Quia
2210 812 2345 851 vero
2377 811 2527 851 nunc
2557 796 2812 867 majestas
2863 812 2983 851 mea
3020 796 3237 864 didicit,
3278 798 3548 870 quosdam

1969 888 2282 958 pontiﬁces,
2340 887 2647 942 ambitione
2686 886 2923 959 quadam
2949 889 3235 961 impulsos,
3277 892 3554 949 chartula-

1973 981 2039 1034 rii
2074 980 2401 1051 dignitatem
2444 978 2757 1049 deprimere
2784 979 2945 1051 velle,
2976 997 3185 1053 perque
3221 999 3466 1041 canones
3492 986 3550 1041 in

1973 1072 2216 1127 medium
2250 1068 2947 1143 productos'contendcre,
2981 1090 3098 1147 non
3124 1070 3205 1130 illi
3238 1077 3547 1134 sessionem

1973 1180 2137 1234 supra
2175 1163 2468 1239 pontiﬁces
2520 1171 2864 1232 competere,
2920 1156 3139 1233 quoties
3189 1168 3273 1222 eis
3317 1168 3553 1241 alicujus

1974 1256 2177 1326 negotii
2208 1270 2371 1310 causa
2399 1253 2845 1309 conveniendum
2878 1255 2971 1319 sit,
3011 1264 3067 1311 et
3099 1250 3209 1313 una
3257 1258 3523 1315 censiden

1981 1348 2110 1401 dum
2142 1348 2194 1402 in
2216 1356 2432 1408 senatu,
2457 1355 2583 1401 ante
2611 1348 2892 1401 accessum
2916 1348 2982 1403 ad
3007 1349 3354 1406 sanctitatem
3383 1363 3554 1417 tuam,

1974 1440 2202 1494 minime
2273 1441 2565 1496 ferendum
2615 1445 2889 1515 majestati
2950 1462 3086 1501 mea:
3124 1449 3304 1504 visum
3353 1460 3459 1514 est,
3496 1462 3557 1505 ut

1974 1546 2064 1584 res
2105 1542 2253 1586 tanto
2275 1533 2387 1603 jam
2420 1541 2668 1603 tempore
2700 1536 2956 1604 probata,
3012 1546 3067 1592 et
3096 1554 3126 1592 a
3164 1540 3557 1608 superioribus

1977 1623 2308 1693 patriarcltis
2344 1639 2410 1679 ac
2458 1625 2817 1694 pontiﬁcibus
2867 1628 3012 1690 aliis.
3063 1638 3229 1699 atque
3275 1631 3384 1686 illis
3420 1631 3556 1701 ipsis

1976 1716 2115 1768 adeo
2139 1716 2233 1784 qui
2254 1717 2365 1786 jam
2392 1732 2503 1771 non
2529 1718 2677 1789 justa
2695 1717 2762 1772 de
2786 1734 2952 1773 causa
2980 1719 3252 1785 rixantur,
3287 1722 3554 1779 diuturno

1978 1806 2196 1861 silentio
2234 1815 2473 1877 recepta,
2513 1824 2660 1864 nunc
2707 1820 2935 1879 urgente
2971 1812 3119 1865 nulla
3174 1813 3382 1869 ratione
3418 1816 3553 1871 abo-

319 1862 330 1879 .
388 1862 406 1871 -
622 1862 633 1878 .
703 1862 745 1877 ..
1070 1862 1110 1878 ..
1170 1862 1201 1864 η
1254 1862 1481 1883 NW-.."
1526 1862 1696 1883 με---

287 1901 416 1970 πῆς,
469 1899 613 1952 κατά
656 1898 716 1950 τὸ
764 1898 1036 1969 παρέλκον
1086 1899 1423 1970 ἀθετηθῆναι
1450 1903 1542 1956 καὶ
1570 1903 1647 1967 ὥς
1678 1902 1868 1957 τιτῶν

1987 1901 2175 1965 leatur,
2222 1909 2278 1954 et
2323 1901 2479 1969 quasi
2560 1902 2869 1971 neglectum
2931 1904 3140 1974 aliquid
3191 1908 3557 1962 convellatur.

284 1990 648 2059 ἠμελημένων
698 1991 1108 2061 παρασυρῆναι.
1172 1992 1366 2045 Τοίνυν
1428 1994 1522 2046 καὶ
1576 1994 1871 2065 διορίζεται

287 2082 523 2152 πρᾶγμά
560 2099 614 2135 τι
642 2080 865 2152 εὔλογον
893 2084 987 2137 καὶ
1033 2084 1173 2139 πάνυ
1215 2084 1423 2138 δίκαιον
1452 2084 1634 2141 τοῦτο.
1669 2088 1733 2141 Et
1774 2089 1873 2159 μὲν

287 2178 393 2249 γάρ
429 2177 668 2248 αἱροῖντο
708 2176 802 2230 καὶ
834 2176 1014 2253 ,πάλιν
1062 2179 1111 2229 οἱ
1159 2178 1438 2249 ἀρχιερεῖς
1490 2178 1565 2249 μὴ
1601 2180 1770 2231 κινεῖν
1807 2180 1873 2233 τὰ

287 2267 542 2337 ἀκίνητα,
593 2266 727 2335 μηδὲ
777 2267 847 2318 τὰ
896 2268 1012 2328 τοῖς
1047 2267 1176 2336 πρὶν
1228 2266 1526 2337 δεδογμένα
1568 2270 1870 2338 Πατράσιν,

286 2356 427 2411 ἀλλὰ
462 2356 528 2427 δὴ
578 2357 676 2410 καὶ
734 2356 920 2421 αὐτοῖς
967 2357 1057 2410 διὰ
1114 2359 1216 2425 τῆς
1272 2361 1490 2428 μακρᾶς
1547 2360 1876 2425 συνδόξαντα

289 2448 507 2519 σιωπῆς
532 2448 625 2501 καὶ
657 2448 756 2517 τῆς
783 2448 889 2512 ἕως
921 2447 1015 2502 τοῦ
1052 2448 1149 2501 νῦν
1188 2450 1390 2519 ἀνοχῆς
1419 2452 1483 2502 ὲκ
1513 2449 1876 2521 παλιμϐολίας

287 2540 480 2611 ὥσπερ
510 2540 894 2605 ἀναπαλαίειν,
932 2540 992 2593 εὖ
1044 2540 1110 2594 ἂν
1160 2540 1295 2611 ἔχοι,
1344 2543 1439 2596 καὶ
1484 2543 1664 2612 χάρις,
1698 2545 1778 2597 ὅτι
1815 2545 1877 2597 τὸ

294 2631 537 2703 μάχιμον
576 2630 946 2701 καταθέμενοι
977 2632 1037 2685 τὸ
1059 2628 1337 2705 εΞ-ρηναῖον
1378 2635 1874 2705 προτετιμήκασιν.

291 2724 349 2775 Ei
386 2721 448 2775 δὲ
472 2720 566 2774 καὶ
595 2720 674 2774 ἔτι
706 2720 913 2776 τούτων
933 2723 1080 2785 τινὲς
1102 2723 1208 2776 τῶν
1233 2722 1325 2777 τοῦ
1359 2724 1584 2787 κανὸνος
1614 2724 1878 2794 ῥημάτων

291 2814 733 2883 ἀντιποιούμενοι
765 2814 887 2885 (τῆς
916 2816 1026 2885 γὰρ
1061 2815 1271 2878 ὲννοίας
1314 2816 1505 2885 πότιρω
1552 2817 1877 2887 ἀποδιεστή-

293 2905 445 2975 κασι)
484 2904 788 2975 πειρῶνται
834 2904 896 2958 τὸ
946 2906 1149 2957 οἰκεῖον
1200 2908 1467 2976 συστῆσαι
1501 2904 1734 2974 θέλημα,
1784 2907 1879 2959 καὶ

294 2996 389 3047 ἐπὶ
428 2994 485 3046 τὸ
513 2993 753 3047 ἄτακτον
781 2994 841 3047 οὐ
873 2993 1053 3056 καλῶς
1080 2993 1180 3063 τὴν
1211 2994 1365 3058 τάξιν
1398 2990 1877 3062 μεταϐιϐάζουσιν,

296 3086 355 3156 ἑᾷ
386 3085 487 3155 μὲν
518 3083 614 3137 νῦν
655 3086 687 3154 ὴ
726 3068 977 3153 βασιλεία
1025 3101 1128 3154 μου
1158 3087 1258 3153 τὴν
1304 3083 1398 3137 τοῦ
1444 3084 1666 3147 κανόνος
1702 3085 1879 3157 ἑρμη-

1973 1992 2318 2069 Quapropter
2343 1992 2606 2063 quiddam
2642 1994 2842 2049 rationi
2902 1997 3059 2052 valde
3113 2011 3553 2054 consentaneum

1973 2093 2029 2138 et
2061 2099 2279 2155 aequum
2312 2085 2527 2140 statuit.
2574 2085 2788 2156 Quippe
2819 2087 2864 2141 si
2901 2088 3085 2142 adhuc
3129 2089 3418 2159 pontiﬁces
3448 2091 3554 2145 im-

1975 2186 2122 2230 mota
2151 2191 2261 2230 non
2292 2192 2513 2232 movere
2538 2177 2762 2242 vellent,
2802 2194 2905 2233 nec
2950 2195 3073 2248 qua:
3105 2181 3363 2250 placuere
3388 2198 3559 2252 supe-

1975 2268 2141 2323 rioris
2176 2268 2454 2322 memoriae
2486 2269 2743 2323 Patribus
2770 2278 2825 2324 et
2860 2270 3109 2340 ips?smet
3146 2273 3310 2343 longo
3337 2272 3561 2329 silentio

1977 2359 2353 2430 patientiaque
2408 2360 2475 2415 ad
2515 2360 2849 2415 hodiernum
2906 2377 3085 2434 usque
3118 2363 3265 2420 diem
3299 2380 3560 2437 compro—

1980 2452 2105 2508 bata
2162 2454 2409 2519 fuerunt,
2463 2470 2530 2510 ex
2587 2457 2962 2511 inconstantia
3015 2458 3167 2512 velut
3220 2473 3561 2530 oppugnare,

1978 2554 2128 2599 recte
2153 2540 2418 2609 facerent,
2450 2553 2506 2600 et
2537 2547 2805 2627 habendae
2836 2549 2970 2619 ipsis
2996 2550 3184 2619 gratia:
3212 2551 3382 2621 quod,
3408 2552 3564 2625 abie-

1977 2644 2066 2687 cto
2104 2635 2380 2709 pugnandi
2411 2635 2621 2703 studio,
2654 2653 2845 2708 pacem
2871 2640 3057 2709 potius
3079 2641 3321 2710 amplexi
3352 2654 3560 2701 essent.

1979 2715 2047 2773 At
2080 2736 2212 2775 vero
2235 2721 2282 2776 si
2314 2722 2537 2787 quidam
2570 2723 2751 2779 adhuc
2797 2726 2964 2780 verba
3012 2730 3242 2783 canonis
3279 2746 3563 2801 usurpan-

1982 2817 2062 2865 tes
2105 2810 2402 2883 (quandoa
2455 2815 2730 2870 sententia
2773 2816 2933 2886 longe
2997 2818 3219 2891 absunt)
3274 2821 3563 2877 libidinem

1981 2916 2133 2954 suam
2166 2905 2396 2973 prol‘are
2458 2905 2732 2972 nituntur,
2793 2907 3160 2979 ordinemque
3214 2912 3473 2982 nequiter
3506 2913 3562 2970 in

1982 2994 2365 3050 confusionem
2417 2998 2790 3054 inordinatam
2850 3009 3196 3058 commutant
3256 3022 3271 3058 :
3333 3007 3567 3062 canonis

1983 3088 2205 3157 quidem
2247 3092 2505 3165 majestas
2559 3108 2680 3148 mea
2728 3104 3049 3150 contextum
3109 3097 3465 3168 interpretari
3499 3115 3565 3156 ac

296 3171 487 3231 νεῦσαι
520 3172 617 3225 καὶ
658 3172 958 3243 σαφηνίσαι
985 3173 1151 3242 ὑφὴν,
1199 3173 1406 3244 ῥᾴστην
1437 3168 1605 3226 οὖσαν
1641 3174 1879 3243 καταλη-

1987 3176 2267 3232 declarare
2295 3178 2485 3245 mittit,
2528 3189 2791 3251 perceptu
2827 3192 2883 3237 et
2917 3184 3202 3240 intellectu
3236 3187 3562 3245 facillimum

295 3250 501 3334 φθῆναι
527 3264 623 3316 καὶ
655 3250 1063 3332 δια-γνωσθῆναι
1099 3260 1282 3326 καλῶς
1330 3266 1442 3327 τοῖς
1472 3264 1768 3331 βάπτουσιν
1803 3266 1882 3327 είς

294 3357 588 3429 ἀκρίϐειαν
616 3359 713 3411 καὶ⁵
741 3357 1035 3427 κανονικῆς
1080 3359 1290 3421 ἐννοίας
1336 3359 1712 3428 θιγγάνουσιν,
1751 3359 1885 3413 αὐτὸ

296 3434 351 3501 δὲ
376 3446 541 3501 τοῦτο
572 3450 683 3511 τοῖς
713 3447 1069 3519 ἀρχιερεῦσιν
1121 3448 1372 3519 ἐπιτιμᾷ,
1430 3449 1483 3500 τί
1534 3448 1738 3519 δήποτε
1793 3447 1887 3501 τὸν

298 3539 506 3592 κανόνα
539 3539 741 3603 είδότες
767 3541 860 3615 καὶ
882 3538 949 3593 τὰ
978 3541 1199 3609 ῥήματα
1220 3539 1413 3592 τούτου
1437 3538 1888 3615 ὲξαῆκριὸούμενοι

300 3628 402 3700 τὴν
447 3627 658 3682 ἑαυτῶν
714 3610 1022 3705 συνείδησιν
1072 3627 1383 3696 ἀνευλόγως
1432 3610 1739 3699 ἐπάτησαν,
1793 3628 1889 3683 καὶ⁸

298 3722 392 3775 τοῦ
453 3721 680 3783 κανόνος
732 3720 1261 3794 παραρῤιπτομένου
1322 3721 1600 3791 ἠνείχοντο
1649 3720 1745 3775 καὶ
1791 3722 1890 3793 τὴν

300 3812 568 3882 ῦφεδρίαν
603 3813 695 3866 ἐπὶ
733 3812 845 3865 τῶν
882 3812 1013 3882 πρὶν
1057 3811 1493 3883 χαρτοφυλάκων
1539 3812 1888 3883 ὴσπάξοντο;

301 3907 399 3960 καὶ
444 3904 636 3973 μισθὸν
656 3903 869 3966 τούτοις
898 3903 996 3972 τῆς
1046 3903 1156 3954 τῶν
1215 3903 1377 3974 ἱερῶν
1439 3904 1677 3958 κανόνων
1734 3921 1891 3974 περι·

301 3996 623 4067 φρονήσεως
657 3995 756 4065 τὴν
784 3982 884 4047 ’ἐπὶ
917 3993 1015 4057 τὰς
1058 3993 1327 4064 λαχούσας
1356 3993 1552 4056 αὐτοὺς
1596 3991 1892 4064 ἐκκλησίας

303 4083 576 4139 ἀπέλασιν
607 4083 816 4149 δίδωσι,
846 4083 1034 4137 κανόνι
1068 4083 1360 4154 στοιχοῦσα
1384 4081 1662 4137 κάνταῦθα
1687 4081 1891 4151 ἐκκλη-

303 4168 610 4245 σιαστικῷ,
640 4174 763 4227 ’καὶ
814 4177 926 4237 τοῖς
987 4175 1422 4245 περιφρονηταῖς
1483 4171 1592 4226 τῶν
1649 4172 1893 4225 κανόνων

299 4268 548 4332 ἐκείνους
603 4268 801 4331 αὐτοὺς,
854 4269 983 4330 τοὺς
1037 4268 1219 4336 ἱεροὺς
1276 4266 1507 4327 κανόνας
1547 4265 1628 4328 είς
1680 4265 1893 4335 ἄμυναν

296 4363 691 4433 ἀντεξάγουσα.
726 4363 866 4416 Οὐδὲ
897 4365 1005 4433 γάρ
1048 4363 1113 4414 ἂν
1161 4363 1335 4432 ἔχοιεν
1375 4350 1556 4427 λέγειν
1584 4361 1631 4412 οἱ
1662 4359 1773 4411 τῶν
1800 4358 1891 4410 δυ-

297 4440 471 4512 τικῶν
500 4456 844 4527 προεστῶτες
877 4455 1177 4524 ἀρχιερεῖς,
1204 4454 1297 4504 ἐπὶ
1320 4453 1509 4522 χρόνον
1551 4450 1759 4529 μακρὸν
1782 4447 1891 4500 τῶν

1989 3262 2057 3315 iis
2084 3264 2179 3332 qui
2210 3265 2516 3322 subtilitate
2540 3278 2669 3323 sunt
2697 3269 2920 3337 in‘tbuti,
2946 3283 3305 3346 mentemque
3336 3281 3568 3336 canonis

1988 3355 2265 3425 attingunt
2304 3375 2317 3410 :
2353 3374 2543 3413 verum
2580 3360 2686 3416 hoc
2713 3362 2768 3416 in
2788 3363 3144 3433 pontiﬁcibus
3169 3369 3566 3438 reprehendit,

1987 3444 2135 3513 quod
2163 3462 2288 3501 eum
2342 3463 2608 3504 canonem
2631 3462 2880 3520 nossent,
2900 3456 3132 3526 ejusque
3161 3458 3328 3513 verba
3366 3475 3570 3530 perac-

1991 3546 2180 3591 curate
2216 3548 2489 3604 tenerent,
2522 3556 2677 3596 suam
2709 3543 2954 3612 ipsorum
2991 3548 3387 3605 conscientiam
3414 3567 3568 3621 prae-

1992 3636 2074 3681 ter
2100 3629 2368 3684 rationem
2397 3634 2802 3701 conculcarint,
2833 3646 2889 3691 et
2924 3638 3077 3708 rejici
3119 3655 3389 3697 canonem
3422 3644 3574 3713 passi

1990 3716 2122 3783 sint,
2159 3734 2225 3772 ac
2262 3718 2580 3775 inferiorem
2608 3723 2912 3779 sessionem
2950 3727 3056 3781 sub
3102 3731 3381 3785 memoriae
3406 3747 3574 3802 supe-

1993 3807 2158 3863 rioris
2196 3809 2549 3865 cbartulariis
2607 3814 2843 3882 amplexi
2892 3814 3122 3872 fuerint.
3184 3821 3424 3891 Ideoque
3467 3840 3574 3893 pro

1992 3914 2271 3955 sacrorum
2308 3916 2580 3955 canonum
2609 3913 2932 3973 contemptu
2969 3907 3278 3963 mercedem
3320 3910 3466 3967 hanc
3490 3914 3576 3969 eis

1995 3989 2275 4061 [majestas
2296 3991 2445 4063 mea]
2478 3992 2692 4058 tribuit,
2714 4003 2775 4048 ut
2804 4010 2930 4049 suas
2958 3996 3025 4050 ad
3050 3998 3315 4055 ecclesias
3343 4001 3572 4073 abigan-

1996 4092 2120 4149 tur;
2157 4081 2519 4140 ecclesiastici
2548 4085 2776 4139 canonis
2806 4088 2970 4142 et'am
3003 4089 3106 4145 hac
3135 4090 3190 4144 in
3215 4100 3371 4161 parte
3403 4094 3572 4149 vesti-

1993 4175 2095 4243 giis
2126 4175 2405 4240 insistens,
2441 4186 2497 4230 et
2527 4177 2791 4257 adversus
2835 4166 3109 4235 canonum
3140 4191 3574 4257 contemptores,

1996 4262 2144 4324 ipsos
2171 4276 2410 4316 canones
2434 4278 2621 4319 sacros
2658 4264 2711 4318 in
2745 4266 3058 4322 subsidium
3094 4271 3425 4340 producens.
3467 4275 3581 4332 Nec

1994 4354 2141 4409 enim
2175 4347 2461 4425 pontiﬁces
2491 4357 2526 4410 ii
2550 4359 2643 4427 qui
2683 4360 3121 4417 occidentalibus
3150 4366 3404 4422 ecclesiis
3436 4384 3580 4440 prae-

1997 4452 2146 4509 sunt,
2179 4451 2235 4497 et
2259 4459 2288 4497 a
2326 4442 2499 4501 multo
2526 4448 2636 4517 jam
2660 4455 2909 4518 tempore
2948 4449 3076 4506 ﬁdei
3101 4468 3213 4508 sua:
3235 4454 3578 4512 creditorum

301 4548 783 4625 ἐμπιστευθέντων
831 4545 1015 4607 αὐτοῖς
1073 4543 1148 4614 μὴ
1185 4546 1572 4625 φροντίσαντες
1622 4540 1881 4621 ποιμνίων

1999 4534 2226 4589 ovilium
2258 4552 2445 4591 curam
2480 4536 2687 4591 nullam
2728 4556 2970 4609 gessere,
3009 4557 3112 4598 nec
3144 4543 3247 4613 (uti
3286 4547 3584 4605 convenie-

306 4638 437 4711 μηδ’
470 4638 544 4700 ὡς
587 4639 754 4709 ἐχρῆν
781 4638 837 4689 ὲν
876 4634 1090 4697 τούτοις
1117 4635 1602 4703 ἐπιστατήσαντες,
1624 4632 1697 4696 ὼς
1724 4634 1758 4701 ἡ
1788 4635 1889 4701 τὴν

303 4732 379 4784 ἕω
406 4730 822 4799 κατατρέχουσα
847 4724 958 4778 τῶν
996 4722 1211 4793 ἐχθρῶν
1252 4723 1432 4807 λύσσα
1475 4722 1751 4807 προσέστη
1796 4722 1889 4774 καὶ

300 4823 539 4886 τούτοις,
574 4823 666 4874 καὶ
715 4819 814 4892 τὴν
854 4817 1162 4888 ἐπισκοπὴν
1208 4815 1460 4869 ἐντεῦθεν
1510 4816 1618 4868 τῶν
1653 4813 1887 4882 λογικῶν

302 4894 603 4987 προύάτων
632 4910 1065 4989 περιῃρέθησαν.
1104 4908 1212 4961 Καὶ
1245 4908 1305 4960 τὺ
1337 4908 1434 4970 μὲν
1480 4905 1653 4969 οὕτως
1686 4910 1891 4960 οἰκονο-

306 5003 482 5076 μησὲν
529 4998 681 5073 παρά
728 5002 825 5069 τῆς
869 4998 1286 5082 βασιλείαςμου
1332 4996 1431 5068 τὴν
1484 4997 1665 5067 κρίσιν
1707 4996 1889 5060 αὐτοῖς

302 5093 402 5148 τοῦ
433 5090 877 5160 ἀποτελέσματος
912 5084 1322 5158 περιλέλοιπεν.

389 5166 545 5238 Ἐπεὶ
573 5184 630 5236 δὲ
661 5180 940 5237 καὶτοῦτο
973 5183 1053 5242 εἰς
1087 5179 1255 5241 ἀκοὰς
1288 5176 1564 5249 ἀνηνέχθη
1598 5177 1791 5247 αὐτῆς,
1817 5175 1894 5238 ὥς

303 5291 453 5337 τινες
481 5272 561 5326 τῶ
579 5254 709 5341 ντῆς
741 5269 1070 5341 Ἑκκλησίας
1093 5256 1337 5336 λογάδων
1356 5269 1415 5321 ἐν
1438 5269 1559 5331 ταῖς
1581 5268 1894 5338 γινομέναις

305 5365 513 5438 ψήφοις
567 5348 1101 5435 καταλιμπάνονται,
1154 5358 1535 5430 προτιμῶνται
1577 5358 1634 5410 δὲ
1684 5352 1892 5447 τούτων

308 5459 445 5512 ἔνιοι
479 5454 885 5526 ὐποόεὸηκότες
916 5455 1046 5517 ἴσως
1078 5453 1173 5505 καὶ
1210 5444 1391 5523 χρόνιρ
1433 5451 1530 5505 καὶ
1560 5444 1896 5504 καταστάσει

310 5550 429 5622 βίου
451 5551 518 5620 τῇ
535 5546 805 5620 κρείττονι
821 5546 916 5599 καὶ⁵
938 5536 1073 5615 μηδὲ
1096 5543 1267 5597 πολλὰ
1292 5544 1419 5614 περὶ
1443 5540 1898 5614 τῆς-Ἐκκλησίας

310 5620 673 5710 πονήσαντες,
728 5635 928 5691 οὔκουν
958 5635 1139 5699 ἔδοξεν
1168 5640 1171 5643 ’
1196 5636 1317 5690 οὐδὲ
1348 5634 1508 5688 τοῦτο
1554 5633 1614 5687 ce
1665 5635 1899 5705 πρᾶγμα

313 5733 417 5801 τῆς
471 5731 623 5801 ἱερᾶς
657 5728 880 5782 συνόδου
932 5727 1042 5780 τῶν
1078 5728 1382 5799 ἀρχιερέων
1429 5724 1674 5791 ἐπάξιον.
1729 5724 1895 5780 Ὅθεν

315 5822 415 5876 καὶ
446 5823 776 5893 ἐπισκήπτει
808 5819 945 5872 πᾶσι
972 5817 1237 5885 φιλοθέως
1268 5817 1404 5887 ὁμοῦ
1448 5819 1545 5899 καὶ
1574 5815 1890 5888 βασιλικῶς,

644 5918 682 5978 Ρ
697 5931 913 5976 Ατιιοι..
951 5915 1067 5977 Gn.
1103 5912 1299 5977 CXXV
1321 5912 1392 5974 II.

1998 4624 2110 4697 bat)
2144 4625 2212 4680 iis
2250 4627 2609 4696 prmfucrunt,
2652 4630 2837 4686 dicere
2889 4639 3187 4702 poterunt,“
3226 4636 3433 4692 rabiem
3484 4639 3583 4694 ho-

1999 4719 2204 4782 stilem,
2243 4736 2365 4790 qum
2416 4702 2514 4792 per
2554 4722 2824 4777 orientem
2862 4735 3111 4794 grassata
3143 4727 3269 4789 fuit.
3312 4728 3381 4783 ad
3433 4728 3584 4799 ipsos

1999 4810 2309 4881 pertigisse,
2340 4821 2503 4883 atque
2535 4813 2639 4867 hoc
2658 4814 2820 4868 modo
2846 4815 2949 4870 sibi
2973 4817 3158 4871 ovium
3191 4819 3404 4891 ratione
3439 4838 3581 4891 prte-

2000 4902 2241 4958 ditarum
2276 4896 2671 4972 inspectionem
2706 4905 3015 4975 ademptam
3047 4922 3188 4985 esse.
3224 4909 3291 4963 Et
3318 4910 3424 4983 hoc
3456 4913 3583 4985 qui-

2001 4990 2124 5047 dem
2166 4993 2219 5069 in
2248 4992 2397 5048 hunc
2447 4995 2669 5048 modum
2724 5011 2754 5051 a
2780 4997 3067 5067 majestate
3094 5013 3215 5053 mea
3254 4999 3585 5072 dispositum

2001 5076 2232 5137 eventus
2262 5080 2347 5137 eis
2376 5083 2642 5155 judicium
2674 5087 2956 5157 relinquit.

2074 5170 2212 5238 Quia
2242 5188 2375 5228 vero
2406 5166 2481 5227 'et
2540 5174 2670 5229 illud
2710 5176 2777 5231 ad
2819 5193 2985 5233 aures
3034 5180 3156 5251 ejus
3190 5182 3423 5236 relatum
3479 5192 3587 5248 est,

2003 5263 2270 5332 quosdam
2299 5265 2510 5320 scilicet
2531 5264 2790 5346 Ecclesia:
2814 5256 3075 5340 proceres
3100 5272 3333 5331 eximios
3360 5270 3611 5346 prteter;

2006 5356 2093 5420 iri,
2137 5354 2261 5411 cum
2286 5342 2609 5415 electiones
2634 5359 2794 5429 ﬁunt,
2833 5362 3025 5433 eisque
3061 5356 3312 5435 praeferri
3344 5369 3588 5424 nonnul-

2004 5448 2108 5512 los,
2140 5458 2248 5504 tam
2277 5457 2438 5505 tetate
2490 5466 2655 5523 quam
2698 5454 3017 5513 conditione
3046 5458 3173 5514 vitae
3212 5460 3459 5516 melioris
3496 5461 3587 5517 in-

2007 5540 2263 5608 feriores,
2287 5543 2493 5614 quique
2520 5550 2629 5599 non
2683 5546 2910 5618 magnos
2948 5564 3048 5620 pro
3080 5551 3322 5608 Ecclesia
3366 5551 3590 5609 labores

2008 5622 2410 5700 sustinuerunt,
2449 5651 2518 5691 ne
2553 5637 2643 5691 illa
2675 5638 2900 5708 quidem
2946 5656 3034 5696 res
3062 5657 3220 5697 sacra
3258 5641 3587 5712 pontiﬁcum

2011 5726 2223 5799 synodo
2251 5727 2412 5782 nobis
2442 5727 2603 5799 digna
2659 5733 2771 5785 visa
2792 5740 2898 5786 est.
2951 5731 3300 5804 Quapmpter
3326 5732 3591 5789 omnibus

1988 5810 2266 5890 religiose
2298 5820 2507 5894 pariter
2540 5830 2596 5877 et
2622 5820 2892 5892 imperiali
2924 5838 3052 5878 cum
3075 5824 3407 5880 auctoritate
3433 5839 3595 5886 man.

3072 5913 3144 5976 31
