4064 6500
418 308 523 372 973

1477 303 1843 367 ΝΟνΕιΙΑΕ
1878 302 2568 367 CONS’l‘lTUTlONES.

3563 310 3673 373 974

416 424 812 493 Παλαιολόγου,
864 424 1047 489 Βάρδα
1094 421 1485 493 νωὸελλισίμου
1542 420 1637 475 τοῦ
1692 416 1987 483 Ἰκανάτου,

2103 420 2459 477 Constantino
2507 418 2833 476 Catacalone
2883 422 3387 492 protocuropaiata,
3449 422 3674 482 Nieolao

416 515 636 587 Μιχαὴλ
701 514 1098 586 νωόελλισίμου
1155 515 1250 570 τοῦ
1298 514 1679 584 Δαλματηνοῦ,
1742 512 1992 567 Ἰωάννου

415 606 1011 675 πρωτοκουροπαλάτου
1032 607 1127 660 καὶ
1157 604 1251 660 ἐπὶ
1276 605 1385 659 τῶν
1416 604 1658 674 δεήσεων
1683 603 1778 656 τοῦ
1795 603 1991 673 Ταρω-

424 697 582 761 ιίτου,
608 698 828 766 Μιχαὴλ
857 698 1453 768 πρωτοκουροπαλάτου
1479 695 1574 750 τοῦ
1601 696 1827 767 Βαθέος,
1845 698 1997 750 Κων-

415 789 698 843 σταντίνου
729 790 1325 860 πρωτοκουροπαλάτου
1364 788 1458 842 τοῦ
1502 787 1868 851 Κατακαλὼν,
1894 789 1995 842 Νι-

413 878 613 931 κολάου
643 879 1097 948 πρωτοπροέδρου
1141 881 1241 948 τῆς
1273 877 1580 947 συγκλήτου
1612 878 1708 932 καὶ
1749 879 1990 947 μεγάλου

413 968 786 1040 ⁴Δρουγγαρίου
819 970 917 1039 τῆς
965 969 1164 1037 Βίγλας
1190 970 1285 1023 τοῦ
1314 968 1722 1039 Μερμεντόλου,
1777 969 1994 1038 Ῥωμα-

411 1061 506 1114 νοῦ
532 1061 944 1133 κουροπαλάτου
970 1061 1065 1115 τοῦ
1099 1063 1218 1117 υἱοῦ
1252 1061 1348 1116 τοῦ
1376 1061 1770 1129 Παλαιολόγου,
1813 1061 1994 1115 Ἰωάν-

412 1168 506 1203 νου
564 1151 976 1221 κουροπαλάτου
1029 1150 1124 1204 τοῦ
1185 1149 1509 1221 Συναδηνοῦ,
1576 1148 1993 1204 Κωνσταντίνου

412 1243 820 1313 κουροπαλάτου
850 1244 945 1297 καὶ
972 1243 1209 1312 μεγάλου
1240 1241 1622 1312 ἑταιρειάρχου
1650 1240 1744 1295 τοῦ
1789 1241 1996 1294 Ἀντιό-

413 1351 529 1403 χου,
558 1333 652 1386 τοῦ
682 1334 1094 1402 κουροπαλάτου
1124 1334 1397 1404 Εὐθυμίου
1423 1333 1518 1386 καὶ
1535 1332 1750 1402 κριτοῦ,
1772 1332 1995 1407 Μιχαὴλ

413 1423 828 1493 κουροπαλάτου
849 1422 943 1477 τοῦ
977 1424 1246 1494 Σκληροῦ,
1275 1422 1690 1477 Κωνσταντίνου
1716 1439 1992 1493 κουροπα·

412 1516 577 1568 λάτου
603 1514 697 1568 τοῦ
742 1515 993 1579 Ἰασίτου,
1025 1516 1440 1570 Κωνσταντίνου
1469 1515 1876 1586 κουροπαλάτου
1899 1515 1993 1568 τοῦ

411 1606 868 1675 χοιροσφακέλου,
925 1607 1185 1660 Τατικὶου
1209 1606 1667 1676 πρωτοπροέδρου
1694 1606 1788 1660 καὶ
1819 1606 1995 1676 μεγά-

411 1697 503 1757 λου
562 1698 925 1768 πριμικηρὶου
981 1698 1091 1751 τῶν
1154 1697 1264 1752 ἔσω
1316 1698 1676 1770 βεστιαριτῶν
1705 1739 1719 1753 .
1755 1739 1768 1752 .
1798 1736 1814 1753 .
1843 1737 1861 1755 .
1897 1697 1993 1751 τοῦ

412 1788 531 1842 υίοῦ
549 1789 642 1842 τοῦ
662 1789 1072 1859 Ταρχανιώτου,
1092 1789 1370 1860 Θεοδώρου
1405 1789 1865 1862 πρωτοπροέδρου
1897 1807 1969 1843 κα

413 1882 623 1941 ὑπάτου
672 1882 781 1934 τῶν
837 1882 1145 1950 φιλοσόφων
1198 1883 1293 1935 τοῦ
1347 1883 1680 1954 Σμυρναίου,
1717 1884 1753 1935 Γ
1757 1883 1989 1953 εωργίου

413 1973 862 2044 πρωτοπροέδρου
890 1975 983 2027 τοῦ
1009 1975 1302 2044 Μαγγάνη,
1336 1976 1612 2046 Γεωργίου
1640 1976 1992 2047 πρωτοπροέ-

410 2063 539 2133 δρου
569 2064 664 2117 τοῦ
709 2065 1011 2137 Βασιλάκη,
1057 2067 1475 2120 Κωνσταντίνου
1534 2068 1990 2139 πρωτοπροέδρου

410 2154 505 2206 τοῦ
541 2155 737 2221 Ὤπου,
769 2157 983 2228 Νικήτα
1014 2157 1467 2228 πρωτοπροέδρου
1494 2156 1591 2210 τοῦ
1642 2157 1990 2225 Κασταμονί-

409 2260 526 2323 του,
553 2247 803 2303 Ἰωάννου
834 2248 1101 2320 προέδρου
1125 2250 1218 2301 καὶ
1243 2247 1662 2319 γραμματικοῦ,
1697 2247 1983 2303 Βασιλείου

412 2336 676 2408 προέδρου
709 2340 802 2392 τοῦ
836 2341 891 2394 Μ
905 2341 1075 2412 λίρου,
1115 2341 1333 2410 Μιχαὴλ
1365 2341 1631 2411 προέδρου
1670 2342 1764 2394 καὶ
1797 2339 1986 2414 κριτοῦ

1969 1758 2068 1842 ιιι

2097 512 2457 589 Μοτωεηιοὶο
2483 512 2884 591 ριόιορτοεάτο
2914 522 3137 569 senatus
3188 525 3243 569 et
3281 529 3478 586 magno
3502 515 3675 572 drun—

2095 604 2249 674 gario
2302 604 2520 673 vigiliae.
2577 604 2826 659 Romano
2872 605 3190 674 curopalata
3222 606 3508 677 Palaeologi
3539 608 3673 671 tilio,

2095 694 2303 750 Joanne
2335 695 2628 767 Synadeno
2682 698 3023 766 curopalata,
3054 697 3417 753 Constantino
3439 702 3675 770 europa-

2096 786 2207 841 lata
2259 795 2315 842 et
2368 804 2566 859 magno
2628 788 2992 843 hetmriarcha
3039 789 3322 851 Antiochi,
3383 791 3678 862 Enthymio

2097 870 2415 949 europalata
2466 865 2525 934 et
2565 880 2772 952 judice,
2812 880 3072 936 Michaele
3122 881 3442 950 curopalata
3479 881 3676 945 Scleri,

2095 968 2455 1025 Constantino
2506 973 2823 1043 curopalata
2875 972 3093 1039 Jasitae,
3147 971 3509 1028 Constantino
3577 988 3678 1026 cu-

2098 1062 2345 1132 ropalala
2396 1062 2869 1134 Chmrosphaceli,
2907 1064 3119 1118 Taticio
3168 1064 3588 1134 protoproedro,
3622 1073 3679 1118 et

2098 1169 2295 1225 magno
2320 1155 2640 1225 primicerio
2671 1157 3080 1211 vestiaritarum
3127 1156 3528 1211 interiorum...
3564 1156 3678 1210 ﬁlio

2097 1244 2501 1313 Tarch.:niotae,
2535 1247 2826 1303 Theodoro
2865 1247 3146 1319 Smyrnan
3199 1248 3595 1317 promproedro
3624 1255 3681 1301 et

2097 1336 2326 1390 consule
2350 1337 2828 1407 philosophorum,
2851 1339 3086 1409 Georgio
3104 1339 3504 1409 protOproedro
3525 1339 3679 1392 Man-

2098 1440 2257 1495 gane,
2298 1424 2534 1496 Georgio
2568 1429 2969 1497 protOproedro
3012 1429 3290 1492 Basilaeaa,
3318 1428 3680 1483 Constantino

2099 1518 2501 1588 protoproedro
2552 1518 2675 1588 Opi,
2734 1520 2924 1574 Niccta
2960 1520 3362 1590 protoprocdro
3392 1520 3678 1575 Castamo-

2099 1609 2250 1673 niue,
2285 1610 2494 1666 Joanne
2521 1611 2760 1681 proedro
2792 1621 2848 1666 et
2882 1613 3261 1682 grammatico,
3294 1612 3497 1666 Basilio
3520 1628 3683 1681 proe-

2098 1701 2199 1757 dro
2227 1702 2400 1763 Mani.
2444 1703 2710 1759 Michaele
2767 1704 3071 1759 Autoriano
3128 1703 3363 1773 proedro
3396 1712 3451 1758 et
3491 1703 3680 1772 judice

2099 1795 2484 1864 Hippodromi,
2537 1797 2802 1868 Gregorio
2852 1797 3090 1867 proedro
3122 1796 3387 1861 Aristeni,
3448 1794 3682 1865 Georgio

2099 1888 2336 1957 proedro
2378 1887 2596 1959 Pyrrhi,
2640 1888 2904 1944 Michaele
2965 1888 3199 1958 proedro
3246 1897 3302 1941 et
3366 1885 3683 1956 primicerio

2099 1980 2508 2035 vestiaritarum
2560 1983 2901 2037 exteriorum
2939 1981 3219 2047 Antiochi,
3262 1980 3551 2035 Eustathio
3579 1978 3683 2034 Ca-

2103 2080 2281 2142 mytze
2303 2074 2542 2143 proedro
2564 2082 2621 2129 et
2639 2074 2974 2129 chartulario
2998 2074 3221 2137 stabuli,
3238 2073 3440 2128 Basilio
3467 2080 3683 2127 rectore

2099 2172 2154 2216 et
2199 2162 2360 2232 Papia
2383 2164 2836 2229 Blachernarum,
2880 2165 3092 2220 Joanne
3119 2165 3414 2219 scutariate
3443 2172 3679 2224 rectore,

2102 2250 2399 2309 Theodoro
2434 2265 2651 2310 rectore
2680 2255 3072 2326 Pepagomeni,
3102 2255 3288 2310 Leone
3315 2254 3604 2309 vestarcho
3630 2262 3688 2309 et

2096 2347 2476 2414 grammatico,
2508 2346 2775 2402 Michaele
2817 2347 3195 2418 opheomacho
3228 2345 3540 2401 vestarcho.

429 2435 796 2507 ’ἱπποδρόμου
830 2438 926 2491 τοῦ
976 2436 1353 2508 Αὐτςωριανοῦ,
1392 2437 1702 2508 Γρηγορίου
1739 2437 2008 2509 προέδρου
2048 2439 2144 2493 τοῦ
2221 2442 2566 2513 ’Δριστηνοῦ,
2616 2443 2892 2513 Γεωργίου
2943 2444 3211 2514 προέδρου
3302 2442 3398 2496 τοῦ
3446 2441 3687 2514 Πυρῤοῦ,

410 2528 635 2599 Μιχαὴλ
666 2529 930 2600 προέδρου
971 2532 1066 2583 καὶ
1103 2527 1468 2602 πριμικηρίου
1501 2527 1612 2581 τῶν
1643 2527 1750 2592 ἔξω
1778 2528 2145 2600 βεστιαριτῶν
2212 2531 2309 2586 τοῦ
2383 2534 2682 2605 Ἀντιόχου,
2739 2535 3040 2589 Εὺσταθίου
3082 2535 3346 2605 προέδρου
3416 2534 3510 2588 καὶ
3552 2552 3691 2606 χαρ-

409 2627 700 2699 τουλαρίου
755 2625 848 2680 τοῦ
930 2628 1164 2680 σταύλου
1219 2625 1329 2678 τῶν
1381 2622 1653 2694 Καμύτζη
1675 2663 1691 2690 ,
1745 2624 2032 2679 Βασιλείου
2084 2624 2422 2699 Ῥαίκτωρος
2491 2630 2586 2684 καὶ
2629 2630 2837 2683 παπίου
2873 2630 2981 2685 τῶν
3033 2630 3372 2701 Βλαχερνῶν,
3440 2630 3690 2686 Ἰωάννου

426 2718 761 2792 Ῥαίκτωρος
789 2719 883 2773 τοῦ
910 2719 1332 2790 σκουταριάτου,
1354 2716 1634 2788 Θεοδώρου
1660 2717 1996 2799 Ῥαίκτωρος
2033 2720 2128 2774 τοῦ
2194 2722 2630 2792 Πιπαγωμένου,
2699 2724 2929 2786 Λέοντος
2961 2722 3263 2793 βεστάρχου
3295 2723 3388 2777 καὶ
3421 2738 3691 2793 γράμμα·

411 2816 588 2880 τικοῦ,
614 2813 837 2884 Μιχαὴλ
860 2812 1160 2883 βεστάρχου
1192 2812 1286 2866 καί
1305 2809 1698 2881 γραμματικοῦ
1732 2809 1826 2863 τοῦ
1864 2812 2249 2883 Ὀφεωμάχου.

497 2911 635 2965 Ἀπὸ
663 2910 720 2963 δὲ
753 2908 847 2963 τοῦ
873 2906 1265 2978 ἀρχιερατικοῦ
1304 2907 1611 2975 καταλόγου
1646 2905 1987 2975 θεοφιλεστά·

413 3022 522 3059 των
573 3000 1019 3073 μητροπολιτῶν,
1071 2999 1268 3069 hospi
1297 3000 1639 3069 Καισαρείας
1696 2986 1998 3052 Καππαδοέ

417 3096 543 3158 xta;
568 3112 663 3148 του
700 3092 1105 3165 πρωτοθρόνου,
1142 3093 1559 3147 Κωνσταντίνου
1606 3092 1999 3163 Νικομηδείας,

430 3184 675 3239 Ἰωάννου
708 3184 891 3256 Σίδης,
941 3183 1356 3238 Κωνσταντίνου
1393 3185 1639 3249 Τυάνων,
1679 3184 2001 3255 Νικηφόρου

414 3278 694 3347 Γάγγρας,
725 3276 1019 3331 Θεοδούλου
1066 3275 1493 3346 Θεσσαλονίκης,
1540 3275 1789 3329 Ἰωάννου
1818 3274 2002 3329 Κλαυ-

412 3368 766 3432 διουπόλεως,
803 3365 1106 3439 Γρηγορίου
1138 3364 1589 3434 Νεοκαισαρείας,
1621 3363 1840 3436 Μιχαὴλ
1861 3364 2002 3417 Λαο-

414 3461 646 3527 δικείας,
681 3458 976 3514 Εὑσταθίου
1018 3457 1242 3513 Ἰκονίου
1268 3497 1284 3522 ,
1312 3458 1531 3528 Νικήτα
1562 3457 1836 3521 Συνάδων,
1869 3458 2004 3526 Σερ-

414 3555 538 3621 γὶου
584 3552 877 3623 Κορίνθου,
932 3552 1147 3623 Νικήτα
1188 3549 1454 3619 Ἀθηνῶν,
1491 3550 1699 3620 Πέτρου
1747 3548 2002 3617 Πατρῶν,

416 3644 703 3699 Βασιλείου
731 3644 1035 3715 Λαρίσσης,
1088 3642 1306 3712 Νικήτα
1332 3640 1672 3711 Μιτυλήνης,
1714 3639 2004 3694 Βασιλείου

416 3736 719 3806 Εὐχαῐτων,
746 3735 973 3807 Μιχαὴλ
1008 3732 1539 3805 Πομπηϊουπόλεως,
1566 3730 1789 3802 Μιχαὴλ
1817 3731 2003 3795 Αἴνου,

416 3827 689 3881 Νικολάου
716 3826 1034 3897 Κερκύρας,
1085 3824 1182 3879 τοῦ
1213 3823 1589 3895 αὑτοκεφάλου
1646 3824 2003 3895 ἀρχιεπισκό-

417 3937 521 3973 που
550 3921 652 3990 τῆς
679 3919 944 3991 Κυπρίων
973 3920 1165 3989 νήσου,
1196 3917 1293 3971 καὶ
1323 3916 1529 3988 ἐτέρων
1550 3914 2005 3987 ἀρχιεπισκόπων

416 4011 525 4064 τῶν
557 4011 935 4082 ὑποκειμένων
958 4010 1036 4080 τῷ
1061 4010 1236 4081 θρόνῳ
1259 4008 1354 4061 τοῦ
1377 4009 1686 4077 άγιωτάτου
1716 4009 1806 4061 καὶ
1834 4013 2008 4062 οἰκου-

421 4104 648 4174 μενικοῦ
681 4103 1051 4175 πατριάρχου,
1087 4104 1318 4164 Λέοντος
1339 4101 1561 4172 Βιζύης,
1606 4100 1853 4154 Ἰωάννου
1887 4102 2007 4154 Κα-

422 4195 711 4265 ραὸιζύης,
742 4195 1024 4267 Θεοδώρου
1069 4182 1381 4264 Χερσῶνος,
1426 4194 1520 4246 καὶ
1556 4191 1871 4246 ἐπισκόπων
1901 4191 2009 4244 τῶν

421 4288 528 4340 ὑπὸ
552 4288 644 4343 τὸν
671 4289 860 4358 θρόνον
893 4286 1198 4342 τελούντων
1222 4284 1317 4339 τοῦ
1362 4283 1505 4338 κατὰ
1526 4284 1625 4349 τὴν
1652 4282 1881 4354 Κύπρον
1909 4283 2009 4351 ἀρ-

420 4377 786 4446 χιεπισκόπου
810 4394 823 4409 ο
858 4378 953 4431 καὶ
1005 4378 1115 4430 ἀπὸ
1145 4376 1240 4429 τοῦ
1294 4373 1754 4444 ὲκκλησιαστικοῦ
1785 4371 2009 4442 πληρώ-

430 4486 623 4538 ματος,
656 4470 979 4540 Νικηφόρου
1012 4468 1266 4522 διακόνου
1289 4467 1382 4520 τοῦ
1415 4465 1704 4535 γεγονότος
1736 4464 2012 4535 χαρτοφύ-

2180 2912 2260 2966 Ex
2307 2911 2556 2982 catalogo
2629 2912 3085 2984 archiepiscopali
3150 2912 3694 2984 religiosissimorum

2107 3004 2611 3073 mctropolitarum,
2641 3002 2839 3060 Cosma
2868 3005 3130 3061 Cmsarea:
3157 3003 3519 3074 Cappadociae
3562 3020 3698 3074 pre--

2109 3094 2368 3150 tothrono
2426 3096 2543 3150 sive
2596 3095 2857 3165 primate,
2907 3094 3274 3152 Constantino
3329 3094 3687 3164 Nicomediam,

2106 3186 2317 3241 Joanne
2353 3185 2533 3252 Sides,
2589 3185 2954 3242 Constantino
2993 3187 3329 3257 Tyanorum,
3382 3188 3695 3256 Meephoro

2105 3272 2356 3344 Gangrae,
2392 3274 2681 3330 Theodulo
2724 3275 3149 3340 Thessalonicae,
3179 3275 3390 3330 Joanne
3431 3275 3694 3331 Claudio-

2108 3368 2272 3439 polis,
2312 3367 2580 3438 Gregorio
2624 3367 3013 3432 Neocaesareze,
3066 3370 3332 3424 Michaele
3380 3368 3690 3432 Laodiceae,

2107 3458 2398 3513 Eustathio
2443 3458 2639 3523 leonii,
2683 3458 2872 3513 Niceta
2943 3458 3310 3530 Synadorum,
3353 3459 3546 3530 Sergio
3585 3459 3698 3514 Coo

2109 3547 2302 3611 rinthi,
2343 3547 2535 3602 Niceta
2561 3548 2923 3615 Athenarum,
2955 3547 3124 3603 Petro
3154 3548 3466 3615 Patrarum,
3493 3548 3697 3603 Basilio

2108 3640 2358 3706 Larissae,
2381 3642 2572 3696 Niceta
2593 3640 2887 3712 Mitylene,
2917 3642 3120 3697 Basilio
3149 3642 3566 3709 Euchaitarum,
3592 3642 3695 3696 Mi-
3750 3664 3753 3665 ν

2109 3733 2299 3788 chaele
2324 3732 2752 3802 PompeiOpolis,
2797 3732 3064 3789 Michaele
3108 3732 3257 3797 Eni,
3301 3733 3526 3789 Nieolao
3558 3732 3697 3788 Cor-

2109 3840 2274 3895 cyrae,
2301 3824 2720 3894 archiepiscopo
2761 3825 2998 3893 primate
3039 3824 3207 3896 Cypri
3238 3825 3453 3889 insulzc,
3485 3834 3542 3879 et
3572 3824 3698 3879 ali's

2111 3916 2543 3986 archiepiscopis
2577 3917 2817 3973 subditis
2852 3918 3052 3972 throno
3097 3918 3427 3973 sanctissimi
3452 3926 3511 3973 et
3541 3932 3699 3973 (neu-

2112 4009 2311 4064 menici
2358 4010 2705 4079 patriarchae,
2768 4010 2952 4064 Leone
3018 4010 3232 4080 Bizyes,
3284 4010 3497 4065 Joanne
3528 4010 3700 4066 Cara-

2112 4101 2320 4172 hizyes,
2352 4101 2650 4157 Theodoro
2679 4102 3005 4167 Chersonis,
3038 4111 3096 4156 et
3126 4102 3404 4172 episcoliis
3445 4103 3539 4171 qui
3564 4113 3699 4158 sunt

2112 4190 2216 4246 sub
2246 4190 2447 4245 throno
2465 4191 2868 4262 archiepiscopi
2892 4191 3113 4263 Cyprii;
3144 4192 3293 4246 etab
3319 4192 3697 4249 ecclesiastica

2115 4278 2461 4341 plenitudine
2518 4295 2615 4335 seu
2667 4281 2883 4346 ordine,
2912 4282 3226 4352 Nicephoro
3275 4284 3532 4350 diacono,
3564 4285 3696 4340 olim

2114 4370 2558 4443 chartophylaee,
2600 4374 2765 4428 Petro
2832 4374 3067 4430 diacono
3127 4385 3185 4430 et
3249 4375 3694 4448 chartophylace,

2113 4459 2304 4515 Niceta
2337 4462 2569 4518 diacono
2601 4473 2659 4519 et
2682 4465 3079 4531 referendario,
3115 4466 3319 4522 Basilio
3365 4468 3600 4523 diacono
3641 4477 3698 4523 et

424 4563 614 4625 λακος,
647 4562 854 4632 Πέτρου
896 4560 1146 4614 διακόνου
1174 4559 1269 4613 καὶ
1296 4557 1745 4630 χαρτοφύλακος,
1792 4556 1997 4626 Νικήτο

2116 4567 2147 4607 a
2191 4555 2626 4621 commentariis,
2698 4556 2988 4611 Eustathio
3046 4557 3280 4612 diacono
3349 4566 3407 4612 et
3448 4557 3699 4618 doctore.

417 4653 665 4707 διακόνου
699 4653 795 4706 καὶ
821 4651 1296 4723 ραιφερενδαρίου,
1329 4650 1615 4703 Βασιλείου
1635 4648 1887 4701 διακόνου
1914 4648 1997 4701 κα]

2120 4642 2334 4699 Joanne
2384 4644 2619 4711 Metaxa',
2666 4647 3047 4718 Euphemiano
3111 4648 3426 4717 primicerio
3469 4649 3704 4718 patriar-

422 4743 1026 4815 ὐπομνηματογράφου,
1084 4742 1390 4797 Εὐσταθίου
1423 4741 1674 4795 διακόνου
1712 4741 1809 4794 καὶ
1856 4739 1997 4793 διδα-

2123 4736 2362 4791 chalium
2425 4740 2794 4803 notariorum,
2850 4741 3209 4810 Theophane,
3267 4740 3479 4802 Niceta,
3536 4740 3702 4795 Nice-

423 4836 645 4900 σκάλου,
724 4837 975 4890 Ἰωάννου
1028 4836 1120 4889 τοῦ
1185 4833 1430 4901 Μεταξᾶ,
1497 4831 1854 4904 Εὐφημιανιῦ
1906 4829 1997 4884 τοῦ

2112 4829 2309 4899 phoro,
2346 4830 2529 4886 Leone
2568 4841 2624 4886 et
2668 4833 2858 4887 Nieeta
2917 4832 3376 4902 patriarchalihus
3438 4835 3694 4889 notariis.

426 4932 795 5002 πριμικηρίου
834 4933 944 4986 τῶν
1001 4931 1425 5003 πατριαρχικῶν
1479 4931 1747 5002 νοταρίων
1826 4928 2159 4997 Θεοφάνους,
2225 4930 2461 5000 Νικήτα,
2532 4931 2875 5003 Νικηφόρου,
2938 4931 3185 4996 Λέοντος,
3217 4932 3316 4985 καὶ
3342 4933 3558 5003 Νικήτα
3588 4935 3697 4987 τῶν

427 5047 631 5101 πάτρια
641 5030 848 5101 ρχικῶν
877 5031 1164 5099 νοταρίων.

507 5126 645 5179 Ἀπὸ
678 5126 733 5179 δὲ
765 5127 861 5180 τοῦ
899 5124 1196 5198 μοναχικοῦ
1226 5125 1507 5194 συλλόγου,
1550 5124 1800 5178 Ἰωάννου
1837 5140 1997 5195 μονα·

2189 5124 2267 5177 Ex
2312 5124 2616 5178 monastieo
2664 5132 2834 5186 coetu,
2870 5123 3080 5178 Joanne
3122 5124 3390 5179 monacho
3419 5134 3475 5178 et
3506 5128 3696 5181 cathe-

429 5216 526 5287 χοῦ
561 5219 655 5270 καὶ
680 5218 1100 5288 καθηγουμένου
1122 5212 1239 5286 τῆς
1262 5218 1430 5288 μονῆς
1464 5217 1572 5270 τῶν
1615 5215 1889 5279 Στουδίου,
1912 5214 1997 5269 τοῐ

2121 5230 2357 5286 gumeno
2403 5214 2723 5270 monasterii
2778 5215 2979 5277 Studii,
3007 5215 3355 5270 sanctissimo
3403 5216 3703 5272 Athanasio

431 5302 737 5380 ήΫουμένου
764 5311 866 5380 τῆς
898 5312 1064 5381 μονῆς
1096 5310 1189 5363 τοῦ
1230 5311 1388 5379 ἁγίου
1442 5311 1741 5380 Διομήδους
1778 5310 1997 5363 Ἀθανα-

2124 5305 2436 5375 hegumeno
2505 5306 2828 5361 monasterii
2885 5307 3061 5361 sancti
3124 5306 3449 5372 Diomedis,
3495 5308 3704 5364 Joanne

435 5400 552 5453 σίου
582 5401 677 5454 τοῦ
698 5402 1140 5469 παναγιωτάτου,
1189 5401 1438 5454 Ἰωάννου
1479 5401 1572 5454 τοῦ
1598 5400 1997 5471 καθηγουμένοι

2129 5399 2532 5468 cathcgumeno
2562 5399 2884 5454 monasterii
2909 5398 3147 5470 Polyelei
3179 5401 3275 5469 qui
3299 5410 3385 5455 est
3407 5415 3574 5469 super
3597 5402 3705 5456 Ca-

432 5492 534 5562 τῆς
564 5493 661 5546 τοῦ
696 5495 1024 5558 Πολυελαίου
1062 5496 1227 5565 μονῆς
1260 5495 1354 5547 τοῦ
1412 5496 1504 5547 ἐπὶ
1537 5493 1630 5547 τοῦ
1666 5493 1993 5547 Κανικλεέου

2122 5492 2391 5553 niculum,
2447 5491 2682 5562 Georgio
2741 5492 3140 5563 cathegumeno
3189 5494 3508 5547 monasterii
3565 5492 3708 5547 Aca-

436 5583 714 5657 Γεωργίου
765 5587 1181 5658 καθηγουμένου
1217 5588 1315 5656 τῆς
1358 5586 1526 5657 μονῆς
1587 5586 1679 5639 τοῦ
1719 5586 1991 5654 Ἀκαταλή

2125 5585 2317 5654 talepti
2350 5585 2464 5639 sive
2496 5585 3078 5656 lncomprehensihilis
3103 5587 3406 5643 Salvatoris
3448 5585 3594 5654 quod
3621 5598 3709 5640 est

440 5692 575 5728 πτου
606 5677 863 5748 Σωτῆρος
888 5678 989 5746 τῆς
1026 5677 1171 5731 κατὰ
1195 5678 1293 5747 τὴν
1322 5678 1608 5748 Κάμαοιν,
1651 5677 1901 5731 Ἰωάννου
1930 5677 1997 5731 τοὶ

2127 5675 2183 5729 in
2212 5674 2452 5740 Camari,
2471 5675 2681 5730 Joanne
2709 5677 3111 5750 cathegmneno
3133 5677 3451 5733 monasterii
3477 5675 3704 5745 TrOpmzi

437 5764 858 5840 καθηγουμένου
881 5767 980 5838 τῆς
1000 5769 1168 5840 μονῆς
1187 5769 1285 5823 τοῦ
1308 5767 1715 5840 τροπαιοφόρου
1731 5768 1840 5824 τῶν
1867 5769 1995 5839 Μαγ

2129 5770 2395 5840 gestantis
2459 5767 2873 5841 Manganorum,
2924 5772 3323 5843 cathegumeno
3384 5769 3703 5824 monasterii
