4064 6448
375 300 482 362 975

1639 292 1904 355 ALEXII
1944 280 2287 352 COMNENI

3513 286 3622 354 9TB

370 398 1177 482 0Ecoproteri,cathegumeno
1232 407 1550 463 monasterii
1600 406 1785 462 Sancti
1840 404 1931 458 La-

2043 402 2247 471 γᾶνων,
2267 397 2360 452 τοῦ
2382 386 2387 393 ’
2407 397 2819 468 καθηγουμένου
2839 397 2936 467 τῆς
2961 399 3130 469 μονῆς
3157 395 3250 451 τοῦ
3283 397 3625 469 Οἰκοπροτέ--

370 504 506 567 zari,
531 500 789 558 Simeone
814 500 1024 558 incluso
1052 501 1366 556 monasterii
1395 501 1607 556 Domini
1634 499 1935 566 Philothei,

366 597 573 667 Cyrillo
602 596 998 664 catliegumeno
1033 588 1353 647 monasterii
1388 592 1714 646 Sanctorum
1743 590 1945 660 Marty-

368 686 493 742 rum
549 685 731 748 Probi,
763 684 1019 744 Taracbi,
1065 691 1122 739 et
1177 680 1501 747 Andronici,
1543 682 1945 752 cathegumeno

367 770 1001 839 monasterii‘Prasiani,
1043 775 1332 830 Joannicio
1378 770 1778 845 cathegumeno
1827 784 1945 826 mo-

365 868 593 923 nasterii
693 866 1067 937 Hodegorum,
1144 866 1546 938 catbegumeno
1624 864 1943 919 monasterii

366 958 550 1014 Sancti
580 957 765 1016 Mocii.
791 957 939 1012 Luca
970 956 1372 1030 catbegumeno
1398 956 1718 1011 monasterii
1756 955 1942 1010 Sancti

364 1052 581 1117 l’hocae,
601 1054 1007 1119 catbegumeno
1039 1048 1358 1103 monasterii
1390 1046 1651 1117 Pterygii,
1684 1046 1947 1116 cathegu-

363 1154 527 1195 meno
574 1140 894 1196 monasterii
948 1140 1254 1205 Attaliatze;
1283 1139 1498 1208 aliaque
1546 1138 1943 1193 monachorum

363 1228 716 1284 multitudine
748 1244 940 1300 magna
969 1245 1037 1284 ex
1065 1230 1298 1285 diversis
1323 1226 1697 1283 monasteriis.

2051 510 2167 562 ρου,
2200 491 2296 545 τοῦ
2315 489 2730 560 καθηγουμένου
2744 490 2839 560 τῆς
2861 493 3030 561 μονῆς
3058 489 3153 544 τοῦ
3176 492 3331 557 ἁγίου
3345 489 3625 561 Λαζάρου,

2047 582 2273 652 Συμεὼν
2295 580 2390 634 τοῦ
2422 578 2739 647 ὲγκλείστου
2783 582 2881 650 τῆς
2919 582 3089 651 μονῆς
3127 579 3221 634 τοῦ
3255 581 3425 653 κυροῦ
3470 582 3631 635 Φιλοε

2048 673 2195 736 θέου,
2239 671 2512 740 Κῦρίλλου
2556 671 2652 724 τοῦ
2705 671 3126 740 καθηγουμένου
3172 672 3271 741 τῆς
3319 672 3487 743 μονῆς
3518 672 3628 725 τῶν

2059 763 2256 830 ’Δγίων
2287 762 2602 833 Μαρτύρων
2642 762 2878 832 Πρόϐου,
2930 764 3185 835 Ταράχου
3218 766 3312 817 καὶ
3352 764 3631 836 Ἀνδρονί-

2048 871 2169 921 κου,
2209 855 2301 907 τοῦ
2337 854 2751 925 καθηγουμένου
2786 857 2886 924 τῆς
2924 857 3092 925 μονῆς
3136 856 3231 910 τοῦ
3288 857 3627 927 Πρασιάνου,

2059 945 2391 998 Ἰωαννικίου
2422 945 2518 998 τοῦ
2545 945 2961 1016 καθηγουμένου
2997 949 3097 1017 τῆς
3126 948 3295 1018 μονῆς
3323 948 3433 1001 τῶν
3472 950 3630 1017 Ὀδη-

2048 1035 2182 1104 γῶν,
2217 1036 2312 1090 τοῦ
2338 1038 2756 1109 καθηγουμένου
2782 1040 2881 1109 τῆς
2930 1041 3100 1110 μονῆς
3141 1041 3237 1093 τοῦ
3275 1041 3460 1109 Ἀγίου
3492 1042 3631 1094 Μω-

2049 1128 2192 1189 κίου,
2224 1128 2527 1182 Λουκᾶλτοῦ
2554 1129 2967 1200 καθηγουμένου
3001 1134 3099 1201 τῆς
3129 1132 3300 1203 μονῆς
3333 1135 3427 1186 τοῦ
3444 1134 3631 1201 Ἁγίου

2047 1222 2232 1287 Φωκᾶ,
2268 1210 2363 1274 τοῦ
2396 1222 2810 1292 καθηγουμένου
2832 1224 2931 1293 τῆς
2959 1223 3127 1293 μονῆς
3175 1225 3269 1278 τοῦ
3302 1226 3633 1305 Πτερυγίου,

360 1326 455 1380 τοῦ
483 1326 905 1397 καθηγουμένου
930 1327 1025 1396 τῆς
1060 1326 1229 1396 μονῆς
1254 1326 1349 1380 τοῦ
1387 1324 1794 1389 Ἀτταλειάτου,
1842 1317 1939 1373 καὶ
2013 1316 2487 1390 πλήθουςέτέρου
2528 1319 2780 1389 μοναχῶν
2843 1319 3027 1374 ἱκανοῦ
3060 1324 3123 1374 ὲκ
3153 1321 3425 1393 διαφόρων
3469 1339 3637 1393 μονα,

364 1422 631 1491 στηρίων.

438 1500 534 1565 llis
568 1511 752 1580 itaque
804 1510 1065 1566 omnibus
1121 1510 1468 1581 congregatis
1498 1492 1551 1563 in
1599 1522 1795 1579 magno
1837 1504 1941 1559 tri-

361 1597 529 1653 clinio
560 1598 987 1654 Blachernarum
1016 1614 1210 1655 recens
1250 1608 1555 1663 exs:ructo,
1577 1607 1633 1654 et
1674 1594 1941 1653 adstanti-

360 1690 466 1744 bus
498 1705 684 1744 coram
733 1700 959 1761 potente
986 1699 1042 1747 et
1093 1703 1283 1747 sancto
1333 1692 1662 1760 imperatore
1723 1699 1935 1752 nostro,

360 1778 735 1835 assidentibus
761 1783 863 1851 ipsi
898 1782 1030 1837 solis
1057 1780 1375 1837 felicissimo
1402 1781 1851 1836 Sebastocratore
1881 1786 1938 1831 et

360 1868 728 1926 sanctissimis
759 1872 1092 1941 patriarebis
1124 1874 1328 1928 domno
1354 1872 1581 1927 Nicolao
1624 1871 1941 1926 Constanti-

358 1962 700 2032 ndpolitano,
744 1973 800 2018 et
841 1960 1044 2019 domno
1084 1963 1352 2035 Symeone‘
1395 1962 1938 2030 Hierosolymitano:

365 2056 720 2110 serenissima
764 2065 820 2112 et
852 2057 1004 2127 pacis
1054 2052 1459 2112 studiosisslma
1488 2059 1610 2126 ejus
1662 2055 1937 2125 majestas,

357 2160 484 2202 cum
512 2150 623 2201 rem
650 2136 761 2201 Deo
784 2148 1041 2217 placitam
1067 2159 1123 2204 et
1145 2162 1275 2203 vere
1302 2148 1505 2218 regiam
1526 2146 1939 2216 praastituisset,

358 2239 531 2309 ipsam
565 2239 633 2291 ad
659 2238 919 2293 ell‘ectnm
950 2238 1160 2293 eduxit.
1188 2238 1324 2292 Nam
1357 2237 1677 2306 priusquam
1705 2246 1793 2289 res
1819 2248 1940 2303 qua:

361 2329 627 2398 agebatur
661 2330 1062 2399 produceretur
1095 2330 1152 2383 in
1188 2324 1452 2393 medium,
1484 2344 1610 2383 cum
1638 2326 1805 2380 vellet
1833 2328 1941 2379 im-

359 2431 586 2491 perator
631 2420 1140 2476 omnium'animos
1194 2406 1485 2490 tranquille
1514 2427 1570 2474 et
1621 2416 1846 2488 paciﬂce
1881 2430 1940 2471 se

358 2510 586 2576 habere,
619 2522 675 2567 et
716 2512 760 2567 si
793 2513 939 2582 quod
974 2512 1268 2582 vestigium
1306 2510 1661 2582 malignitatis
1695 2518 1790 2564 aut
1833 2509 1939 2564 liu-

357 2604 506 2658 mani
531 2605 734 2658 'se‘nsus
764 2613 822 2658 et
856 2604 1158 2658 veluntatis
1193 2603 1250 2657 in
1290 2602 1597 2673 cuiuspiam
1646 2600 1813 2655 corde
1857 2599 1938 2653 la-

356 2704 518 2761 teret,
542 2694 596 2749 id
629 2695 795 2751 vellet
825 2696 1048 2765 penitus
1074 2696 1338 2759 abolere,
1367 2704 1423 2749 et
1454 2702 1645 2764 postea
1675 2691 1745 2747 ad
1795 2705 1940 2762 qua:-

355 2785 552 2841 stionis
575 2801 807 2842 examen
839 2787 1052 2852 venire,
1073 2788 1259 2841 statim
1286 2786 1527 2840 surrexit
1558 2784 1752 2838 humili
1784 2796 1938 2838 more

356 2886 534 2932 tntum
565 2887 768 2934 emtum
795 2878 1119 2945 reSpiciens,
1148 2876 1310 2933 hilari
1340 2885 1590 2946 aspectu,
1609 2874 1779 2930 corde
1804 2888 1937 2929 con-

354 2966 488 3021 trito
519 2967 675 3023 et'ab
725 2967 877 3021 omni
924 2966 1126 3022 atl‘eetu
1170 2968 1368 3034 libero,
1401 2965 1853 3037 rogantissimul
1879 2971 1936 3019 et

2120 1500 2340 1555 Τούτων
2373 1500 2469 1556 οὖν
2503 1501 2725 1557 πάντων
2774 1502 3173 1574 ἀθροισθέντων
3224 1506 3283 1557 ὲν
3315 1504 3394 1576 τῷ
3441 1524 3633 1580 νεουρο

2047 1592 2271 1666 γηθέντι
2313 1593 2535 1665 μεγάλῳ
2567 1594 2851 1666 τρικλινίῳ
2880 1595 2992 1648 τῶν
3039 1594 3385 1667 Βλαχερνῶν,
3412 1599 3508 1651 καὶ
3550 1599 3632 1671 τῷ

2047 1684 2293 1756 κραταιῷ
2322 1686 2415 1737 καὶ
2436 1685 2575 1755 ἁγίῳ
2600 1685 2758 1755 ἡμῶν
2787 1685 2997 1754 βασιλεῖ
3029 1689 3432 1762 προκαθημένῳ
3460 1706 3630 1760 παρι-

2046 1775 2351 1845 σταμένων,
2396 1775 2575 1846 μόνων
2615 1776 3070 1847 συνεδριατόντων
3096 1779 3248 1848 αὐτῷ
3272 1781 3367 1833 τοῦ
3389 1797 3449 1834 τε
3484 1798 3627 1835 παν-

2043 1868 2440 1938 ευτυχεστάτου
2493 1868 2995 1939 σεϐαστοκράτορος
3025 1871 3119 1924 καὶ
3159 1871 3268 1925 τῶν
3298 1873 3628 1941 ἁγιωτάτων

2044 1960 2395 2032 πατριαρχῶν
2420 1960 2515 2013 τοῦ
2561 1977 2621 2013 τε
2652 1961 3284 2026 Κωνσταντινουπόλεως
3328 1963 3497 2035 κυροῦ
3524 1964 3631 2019 Νι-

2042 2050 2265 2116 κολάου,
2313 2052 2410 2104 καὶ⁵
2463 2049 2558 2103 τοῦ
2610 2051 3007 2121 Ἱεροσολύμων
3072 2052 3241 2123 κυροῦ
3280 2054 3540 2125 Συμεών
3588 2057 3625 2126 ἠ

2043 2143 2298 2213 γαλήνιος
2332 2140 2427 2196 καὶ
2482 2143 2884 2214 είρηνικωτάτη
2920 2144 3086 2199 αὐτοῦ
3144 2145 3394 2215 βασιλεία
3433 2149 3626 2220 θεάρε-

2044 2236 2168 2288 στόν
2197 2252 2249 2287 τι
2281 2224 2377 2287 καὶ
2407 2236 2687 2305 βασιλικδν
2711 2237 2790 2306 τῷ
2818 2237 2929 2289 ὄντι
2962 2238 3507 2310 προδιασκεψαμένη,
3542 2242 3624 2302 είς

2043 2325 2202 2397 ἔργον
2227 2326 2292 2396 δὴ
2340 2325 2496 2379 τοῦτο
2530 2327 2624 2380 καὶ
2655 2328 3024 2398 ὑπεξήγαγεν.
3078 2331 3191 2403 Πρὸ
3222 2332 3329 2401 γὰρ
3370 2330 3466 2385 τοῦ
3520 2333 3624 2403 τὴν

2042 2416 2302 2470 ὑπόθεσιν
2329 2417 2465 2479 ὅλως
2502 2418 2835 2489 προτεθῆναι
2868 2422 2945 2484 είς
2992 2422 3180 2490 μέσον,
3217 2422 3317 2485 τὰς
3352 2423 3464 2476 τῶν
3498 2440 3626 2477 συν.

2042 2504 2386 2576 εληλυθότων
2438 2508 2696 2562 ἁπάντων
2728 2512 3017 2581 ἡμερῶσαι
3049 2512 3143 2565 καὶ
3173 2514 3486 2583 είρηνεῦσαι
3513 2516 3623 2583 ψυ-

2040 2596 2447 2667 χὰςΐθέλουσα,
2481 2599 2575 2651 καὶ
2605 2601 2887 2663 παντελῶς
2914 2600 3215 2670 ἀπαλεῖίαι
3242 2602 3397 2657 εῖπου
3424 2605 3626 2676 καρδίᾳ

2039 2687 2184 2751 τιηιδς
2263 2687 2572 2759 ὲμφωλεύει
2612 2688 2756 2759 ῐχνος
2801 2707 2856 2742 τι
2909 2692 3109 2754 κακίας
3154 2693 3248 2746 καλ⁵
3280 2694 3624 2765 ἀνθρωπίνου

2039 2780 2391 2849 φρονήματος
2434 2778 2821 2852 ἢθελήματος,
2856 2784 2951 2834 καὶ
2977 2781 3120 2836 οὕτω
3154 2787 3490 2855 ποιήσασθαι
3524 2786 3623 2839 τοῦ

2038 2868 2356 2941 ζητήματος
2400 2872 2495 2923 καὶ
2525 2873 2624 2941 τὴν
2648 2871 2896 2936 ἐξέτασιν
2916 2888 2932 2905 ·
2959 2874 3120 2938 εὐθὺς
3149 2874 3330 2946 ὄρθιος
3359 2876 3490 2948 ἔστη
3525 2880 3623 2932 καὶ

2044 2961 2182 3028 πρὸς
2218 2960 2281 3013 τὸ
2324 2960 2445 3013 ὅλον
2486 2959 2762 3031 ἄθροισμα
2790 2962 2846 3016 ὲν
2879 2963 3122 3033 σχήματι
3186 2965 3430 3036 ταπεινῷ
3481 2968 3622 3021 ἀποτ-

355 3059 627 3116 liortantis
657 3059 823 3115 modo
858 3061 976 3116 habe
1003 3058 1263 3117 omnibus
1307 3059 1662 3115 audientibus
1712 3057 1931 3113 locutus

2040 3050 2284 3120 ϐλέψασα
2318 3050 2488 3121 ἱλαρῷ
2512 3050 2588 3120 τῷ
2620 3050 2898 3122 βλέμματι
2928 3053 3023 3121 καὶ
3061 3058 3508 3130 συντετριμμένῃ
3528 3062 3624 3113 καὶ

352 3160 437 3204 est
461 3167 475 3205 :

424 3437 451 3471 4
490 3416 708 3473 Domini
741 3426 798 3471 et
837 3417 1028 3471 Patres
1061 3415 1195 3480 mei,
1220 3424 1284 3469 et
1318 3430 1383 3469 ex
1422 3421 1619 3469 senatu
1656 3420 1932 3484 quotquot

356 3532 372 3561 ι
414 3508 750 3567 eruditiores
768 3506 923 3570 estis,
943 3521 1044 3577 ego
1067 3506 1313 3574 quidem,
1334 3515 1392 3560 ut
1409 3506 1580 3576 probe
1592 3505 1796 3572 nostis,
1816 3506 1929 3577 jam

356 3619 376 3650 ι
422 3598 637 3669 pridem
667 3596 905 3663 bellicis,
932 3596 1296 3667 popularibus
1327 3609 1386 3654 et
1424 3598 1811 3653 communibus
1831 3613 1930 3653 cua

357 3711 375 3741 ι
425 3690 502 3745 ris
539 3691 818 3752 detentus,
847 3699 904 3743 et
937 3690 1004 3743 ad
1044 3703 1369 3745 communes
1401 3688 1659 3744 inimicos
1694 3690 1927 3760 propul-

350 3802 376 3832 -ι
420 3780 624 3836 sandes
675 3794 893 3849 semper
920 3790 1231 3851 promptus,
1260 3795 1412 3836 nunc
1462 3786 1646 3835 autem
1688 3782 1931 3836 instante

353 3891 375 3921 ‹
416 3879 671 3941 tempore
706 3869 774 3925 ad
807 3869 1097 3926 militarem
1139 3871 1550 3942 expeditionem
1584 3880 1831 3942 paratus,
1852 3872 1928 3927 ita

357 3984 373 4013 ι
414 3971 476 4017 ιιι
521 3962 657 4017 nulli
713 3963 871 4017 alteri
912 3966 1135 4035 negotio
1164 3978 1362 4019 vacare
1396 3965 1601 4033 possim
1631 3982 1646 4032 ;
1672 3965 1927 4021 volebam

355 4074 372 4103 ι
417 4063 528 4109 tum
567 4060 793 4123 propter
827 4053 1179 4124 gravissimas
1213 4068 1397 4110 rerum
1434 4055 1781 4125 publicarum
1810 4057 1921 4112 sol-

353 4163 372 4195 ι
411 4145 750 4207 licitudines,
777 4156 837 4199 ut
867 4144 1078 4200 dictum
1114 4154 1219 4211 est,
1248 4153 1363 4200 tum
1403 4147 1549 4215 quod
1585 4147 1751 4213 hujus
1779 4162 1930 4217 quaa-

350 4260 367 4286 ι
411 4237 610 4291 stionis
634 4237 840 4291 solutio
871 4235 1049 4289 facilis
1078 4236 1446 4306 expeditaque
1475 4238 1568 4304 sit,
1598 4236 1759 4293 vobis
1792 4238 1926 4294 solis

350 4346 368 4375 ι
417 4326 647 4380 summis
674 4325 1080 4391 sacerdotibus,
1114 4334 1302 4395 utpote
1330 4328 1424 4396 qui
1452 4342 1553 4396 per
1569 4328 1666 4383 Dei
1693 4329 1922 4399 gratiam

2042 3140 2251 3204 πάθους
2274 3143 2477 3205 παντὸς
2514 3141 2777 3214 ἐλευθέρᾳ
2821 3143 3040 3214 καρδία,
3094 3145 3522 3217 παρακλητικῶς
3560 3160 3639 3204 τε

2041 3230 2176 3303 όμοῦ
2229 3233 2324 3285 καὶ
2355 3232 2763 3296 παοαινετικῶς
2794 3233 2875 3297 είς
2906 3234 3144 3304 ἐπήκοον
3172 3236 3389 3291 πάντων
3418 3238 3624 3308 ἐξεφώ-

2042 3338 2208 3395 νησεν
2225 3340 2241 3355 ’

2118 3432 2137 3466 ι
2174 3417 2448 3468 Δεσπόται
2480 3432 2581 3485 μου
2611 3414 2706 3469 καὶ⁵
2733 3415 2977 3487 Πατέρες
3006 3418 3099 3471 καὶ
3123 3419 3172 3471 οἱ
3196 3418 3305 3473 τῶν
3326 3421 3622 3493 συγκλητι-

2045 3524 2063 3556 ι
2104 3506 2215 3558 κῶν
2250 3504 2585 3576 λἰγιὼτεροι,
2624 3506 2735 3574 ἐγὼ
2760 3506 2861 3577 μὲν
2892 3507 2967 3571 ὡς
2994 3510 3091 3562 καὶ
3124 3510 3281 3580 ὑμεῖς
3314 3513 3495 3567 οῖδατε
3524 3516 3622 3569 καὶ

2046 3617 2064 3650 ι
2102 3597 2363 3668 πρότερον
2386 3598 2651 3670 διηνεκῶς
2680 3601 2801 3661 ταῖς
2851 3604 3278 3669 στρατιωτικαῖς
3313 3606 3408 3658 καὶ
3448 3605 3621 3677 δημο-
3681 3677 3688 3684 .

2045 3710 2062 3741 ι
2104 3691 2323 3753 σιακαῖς
2352 3692 2444 3743 καὶ
2471 3692 2679 3753 κοιναῖς
2706 3691 2985 3760 φροντίσιν
3018 3694 3499 3765 ἑνασχολούμενος,
3523 3700 3621 3753 καὶ

2046 3800 2062 3831 ι
2101 3781 2235 3852 προς
2269 3781 2365 3842 τὰς
2399 3780 2506 3832 τῶν
2538 3780 2734 3833 κοινῶν
2761 3780 2973 3852 ἐχθρῶν
3027 3768 3486 3854 ἀντιπαρατάξεις
3528 3789 3618 3843 ἀεὶ

2045 3890 2062 3921 ι
2106 3869 2685 3940 παρασκευαζόμενος,
2733 3873 2828 3923 καὶ
2858 3872 2951 3924 νῦν
3003 3872 3059 3925 δὲ
3094 3873 3226 3944 πρὸς
3257 3877 3617 3948 ἐκστρατείαν

2044 3982 2061 4013 ι
2097 3963 2185 4016 διὰ
2210 3962 2268 4015 τὸ
2293 3962 2581 4031 ἐπιστῆναι
2623 3962 2725 4032 ἤδη
2770 3963 2860 4016 τὸν
2899 3964 3069 4034 αὐτῆς
3105 3966 3295 4037 καιρὸν
3326 3969 3617 4039 ἑτοιμαζό-

2042 4071 2058 4103 ι
2099 4069 2280 4123 μενος,
2329 4053 2423 4105 καὶ
2466 4053 2541 4123 μὴ
2573 4055 2710 4124 πρὸς
2734 4052 2864 4108 ἄλλο
2889 4072 2942 4108 τι
2992 4056 3186 4108 ἑαυτὸν
3227 4060 3614 4132 ἁπασχολῆσαι

2041 4163 2059 4195 ι
2099 4144 2396 4213 δυνάμενος
2416 4163 2427 4175 ·
2465 4144 2767 4216 ἐϐουλόμην
2800 4145 2961 4199 τοῦτο
2986 4147 3085 4215 μὲν
3121 4149 3214 4202 καὶ
3242 4148 3331 4204 διὰ
3360 4151 3422 4203 τὺ
3448 4153 3617 4205 πολυο

2039 4255 2056 4286 ι
2092 4237 2318 4306 ἀσχολον
2347 4235 2457 4290 τῶν
2484 4236 2679 4290 κοινῶν
2703 4222 3067 4308 πραγμάτων,
3085 4240 3161 4303 ὡς
3190 4240 3426 4312 εἴρηται,
3454 4243 3614 4298 τοῦτο

2037 4346 2057 4380 ι
2095 4327 2151 4381 δὲ
2176 4327 2269 4380 καὶ⁵
2296 4327 2383 4381 διὰ
2409 4328 2467 4381 τὸ
2495 4329 2715 4399 εὐχερὲς
2744 4329 2838 4382 καὶ
2858 4330 3169 4384 εὐδιάλυτον
3199 4333 3290 4387 τοῦ
3317 4337 3617 4406 προκειμέ-

349 4438 366 4467 σ
412 4418 470 4471 in
506 4417 710 4471 divinis
734 4417 1014 4485 sapientes
1040 4417 1184 4481 sitis,
1204 4418 1371 4473 illius
1403 4433 1636 4475 examen
1682 4428 1738 4475 et
1770 4420 1923 4475 solu-

2040 4438 2054 4472 ι
2092 4436 2185 4473 νου
2208 4419 2345 4490 ζητή
2355 4421 2543 4488 ματος,
2565 4420 2747 4489 μόνοις
2773 4420 2901 4490 ὑμῖν
2928 4423 3039 4483 τοῖς
3061 4421 3155 4474 τοῦ
3173 4422 3306 4476 Θεοῦ
3322 4423 3614 4496 ἀρχιερεῦο

350 4533 365 4557 ι
417 4510 624 4563 tionem
673 4510 1041 4567 committere.
1073 4508 1477 4579 Siq'uidem‘res
1507 4511 1656 4565 omni
1696 4526 1928 4581 prorsus

350 4622 366 4650 ι
409 4599 729 4655 dillicultate
761 4610 940 4660 vacat,
969 4600 1182 4654 etiamsi
1241 4600 1705 4657 Chalcedonensis
1744 4602 1926 4656 arcliio

349 4716 366 4741 ι
416 4691 663 4761 episc0pi
690 4692 924 4762 epistola
946 4707 1057 4745 non
1080 4691 1352 4746 modicam
1384 4692 1529 4761 apud
1559 4691 1927 4761 simpliciores

348 4805 364 4835 ι
413 4784 814 4841 dubitationem
845 4785 1190 4842 excitaverit.
1219 4786 1291 4841 At
1319 4782 1556 4842 subinde
1584 4790 1803 4841 mecum
1838 4795 1926 4841 rei

348 4897 366 4927 ι
415 4887 637 4948 putans,
668 4889 938 4949 quantum
969 4890 1027 4935 et
1070 4881 1233 4951 quale
1286 4880 1494 4935 bonum
1523 4879 1597 4934 sit
1653 4894 1805 4945 vera,
1826 4894 1923 4933 or-

346 4988 364 5019 ε
407 4968 647 5023 thodoxa
668 4980 725 5024 et
753 4971 1101 5025 immaculata
1129 4971 1264 5026 lldes
1293 4980 1504 5034 nostra,
1532 4978 1588 5023 ct
1611 4969 1921 5041 cujusmodi

346 5081 365 5112 ι
412 5061 632 5115 lucrum
694 5063 766 5116 sit
814 5080 934 5118 eam
995 5064 1275 5119 custodire
1325 5062 1488 5134 eique
1536 5063 1920 5133 patrocinari;

345 5175 364 5205 ε
413 5170 538 5209 cum
570 5169 693 5209 eam
727 5157 796 5209 ab
837 5168 997 5210 utero
1031 5156 1227 5211 matris
1280 5170 1417 5212 meae
1485 5154 1623 5209 mibi
1688 5153 1922 5210 fecerim

343 5268 358 5296 ι
405 5246 689 5317 gaudium,
711 5246 1665 5319 decorem,gloriam,fulcimentum
1696 5245 1921 5299 etincx-

343 5356 359 5384 ο
409 5338 761 5408 pugnabilem
806 5346 1001 5394 contra
1035 5338 1284 5394 visibiles
1342 5345 1399 5393 et
1459 5336 1767 5393 invisibiles
1811 5336 1920 5390 ini-

341 5448 362 5480 ι
411 5431 584 5486 micos
627 5439 1011 5497 armaturam;
1059 5444 1164 5485 nec
1203 5430 1382 5500 patiar
1418 5429 1705 5501 quidpiam
1760 5428 1919 5500 parvi

343 5543 360 5574 ε
399 5533 497 5579 aut
524 5523 706 5595 magni
733 5522 790 5578 in
816 5522 1057 5579 decretis
1083 5523 1308 5579 Patrum
1333 5531 1654 5580 nostrorum
1684 5523 1914 5589 mutari,

339 5632 358 5662 ι
404 5616 581 5671 autin
632 5631 825 5671 eorum
861 5615 1114 5672 doctrina
1169 5616 1378 5687 aliquid
1427 5617 1672 5673 alienum
1725 5617 1901 5672 inseri

337 5721 358 5756 ι
404 5706 488 5759 vel
510 5720 631 5761 eam
661 5722 951 5777 perperam
983 5706 1245 5779 explicari
1270 5717 1365 5763 aut
1391 5724 1422 5763 a
1476 5708 1918 5765 Christianorum

2036 4530 2054 4563 ι
2094 4529 2179 4564 σιν
2208 4512 2283 4574 ὠς
2316 4514 2500 4580 σοφοῖς
2526 4509 2644 4564 οὖσι
2684 4512 2751 4566 τὰ
2783 4512 2903 4565 θεῖα
2928 4512 3064 4565 Θεοῦ
3090 4514 3296 4583 χάριτι,
3327 4517 3428 4585 τὴν
3455 4515 3612 4587 ’περὶ

2033 4623 2051 4655 ι
2084 4602 2586 4657 τούτουάναθεῖναι
2608 4603 2891 4675 διάσκεψιν
2917 4607 3011 4658 καὶ
3031 4607 3300 4662 διάλυσιν.
3341 4608 3610 4680 ’Δναμφῖ-

2032 4713 2052 4746 ι
2089 4693 2249 4747 σολον
2278 4694 2389 4765 γὰρ
2429 4694 2522 4748 καὶ
2550 4695 2701 4749 δοκεῖ
2758 4697 2852 4748 καὶ
2904 4695 3021 4750 ἐστι
3080 4696 3261 4763 τοῦτο,
3318 4698 3422 4752 κᾶν
3465 4714 3609 4754 τισιν

2029 4806 2052 4838 ι
2091 4786 2480 4857 ἁπλουστέροις
2509 4788 2572 4840 ἐκ
2602 4788 2701 4857 τῆς
2716 4786 2823 4839 ’τοῦ
2857 4788 2967 4841 ἀπὸ
2993 4788 3338 4858 Χαλκηδόνος
3388 4774 3609 4845 επιστο-

2032 4898 2053 4930 ι
2090 4878 2185 4949 λῆς
2219 4878 2552 4948 ἀμφιϐολίαν
2600 4879 2661 4931 οὐ
2709 4880 2915 4949 μικρὰν
2962 4880 3205 4950 ἠγειρεν.
3246 4881 3602 4951 ’Δναλογισά-

2032 4990 2050 5021 ι
2089 4987 2247 5040 μενος
2274 4970 2332 5022 δὲ
2366 4967 2529 5022 πάλιν
2569 4968 2694 5021 ὅσον
2722 4970 2815 5021 καὶ
2839 4964 2950 5021 οἷον
2980 4970 3187 5036 ἀγαθόν
3218 4973 3365 5024 ἐστιν
3399 4973 3426 5043 ἡ
3467 4973 3603 5042 ἀλη-

2034 5078 2052 5110 ι
2093 5059 2215 5130 θινὴ
2248 5059 2343 5113 καὶ
2391 5058 2674 5129 ὀρθόδοξος
2724 5060 2823 5112 καὶ
2868 5060 3169 5130 ἀμώμητος
3201 5061 3387 5125 πίστις
3421 5060 3602 5132 ἡμῶν.

2030 5169 2050 5201 ‹
2090 5150 2181 5204 καὶ
2208 5145 2322 5203 οἷον
2364 5150 2425 5203 τὸ
2455 5138 2648 5220 κέρδος
2677 5148 2772 5202 τοῦ
2801 5149 3006 5220 ταύτης
3034 5140 3361 5222 ἀντέχεσθαι
3395 5169 3454 5205 τε
3506 5154 3603 5205 καὶ

2031 5262 2048 5295 ι
2087 5241 2472 5313 περιέχεσθαι·
2508 5242 2603 5295 καὶ
2627 5240 2832 5313 ταύτην
2863 5244 2928 5295 ἐκ
2959 5242 3168 5306 κοιλίας
3197 5242 3405 5312 μητρὸς
3423 5244 3604 5296 ποιού-

2029 5352 2047 5383 ι
2091 5349 2247 5403 μενος
2279 5330 2503 5401 ἐμαυτῶ
2533 5331 2878 5403 ἱντρύφημα,
2903 5330 3290 5401 καλλώπισμα,
3315 5324 3599 5403 καύχημα,

2029 5444 2046 5477 ι
2087 5427 2391 5495 στήριγμα,
2456 5425 2548 5478 καὶ
2595 5425 2737 5478 κατὰ
2777 5425 2887 5479 τῶν
2945 5426 3192 5496 ἀοράτων
3237 5427 3333 5478 καὶ
3391 5426 3601 5494 ὁρατῶν

2028 5537 2046 5569 ι
2085 5516 2294 5589 ἐχθρῶν
2324 5517 2487 5570 ὅπλον
2520 5519 2950 5588 ἁκαταμάχητον
2973 5534 2988 5549 ο
3024 5519 3117 5570 καὶ
3152 5516 3228 5587 μὴ
3273 5519 3601 5587 ἀνεχόμενος

2029 5632 2045 5662 ι
2092 5610 2286 5682 μικρὸν
2312 5611 2347 5681 ἢ
2380 5611 2522 5683 μέγα
2560 5628 2613 5663 τι
2647 5610 2802 5681 ῥῆμα
2831 5610 2939 5663 τῶν
2967 5613 3078 5673 τοῖς
3120 5612 3296 5681 ἁγίοις
3324 5612 3601 5682 Πατράσιν

2030 5727 2048 5761 ι
2086 5706 2242 5779 ἡμῶν
2284 5706 2623 5777 δεδογμένων
2657 5705 3096 5777 παραλλαγῆναι,
3129 5706 3162 5776 ἢ
3223 5704 3343 5770 ταῖς
3395 5706 3601 5759 τούτων
