4064 6412
454 493 562 556 979

1717 495 1979 554 ALEXII
2022 497 2365 559 COMNENI

3604 506 3712 571 930

460 626 478 657 ι
525 606 683 659 sitam
713 600 1013 657 vmdicare.
1049 600 1105 654 ld
1135 601 1280 655 enim
1314 616 1492 670 neque
1528 602 1816 671 prudentis
1840 621 2019 675 neque

2137 626 2151 658 ι
2185 607 2658 680 διαγινωσκομένῳ
2676 608 2825 681 παρά
2842 612 3054 666 πάντων
3072 614 3327 678 ἐναντίως
3349 616 3515 686 ἐχειν,
3531 620 3623 672 καὶ
3640 621 3711 673 τά

458 720 475 745 ι
521 693 821 751 Christiani
864 693 965 747 viri
999 693 1283 764 proprium
1335 702 1439 748 est.
1475 713 1493 745 ι
1533 693 1630 749 llis
1684 695 1887 751 auditis
1931 696 2024 751 ille

454 787 732 851 pollicitus
757 793 842 839 est
877 799 936 839 se
965 798 1091 838 cum
1133 783 1283 837 omni
1322 783 1578 838 libertate
1610 792 1664 839 et
1692 785 1874 839 animo
1911 786 2025 840 sin-

450 895 578 933 cero
609 893 833 933 causam
860 893 1013 933 suam
1045 876 1402 932 defensurum
1430 892 1573 942 esse,
1605 888 1661 932 et
1701 879 2026 947 repudiatu-

451 988 571 1025 mm
603 971 874 1041 quidquid
908 971 1109 1025 divina:
1158 969 1381 1025 Patrum
1425 971 1690 1026 doctrinm
1715 987 2023 1042 repugnare

450 1061 756 1116 videretur.
818 1059 944 1116 Haec
993 1077 1117 1114 cum
1160 1061 1249 1116 ille
1299 1059 1670 1130 promisisset,
1721 1070 1917 1132 potens
1970 1074 2027 1117 et

449 1162 676 1210 sanctus
693 1153 997 1224 imperator
1024 1162 1212 1209 noster
1238 1154 1519 1225 prmecpit,
1553 1162 1612 1207 ut
1630 1152 2023 1208 Euchaitarum

449 1246 825 1316 metropolita,
857 1254 914 1301 et
942 1254 1280 1301 memoratus
1307 1246 1778 1301 Chalcedonensis
1825 1245 2023 1315 praesul

451 1354 575 1393 sese
629 1348 825 1393 mutuo
893 1340 1340 1403 reconciliarent,
1412 1354 1744 1407 omnemque
1812 1339 2026 1408 injuria:

451 1431 770 1486 memoriam
825 1447 1055 1501 prorsus
1108 1431 1177 1485 ab
1208 1432 1394 1485 animo
1451 1431 1755 1501 abjicercnt
1804 1448 1815 1482 :
1874 1429 2022 1499 quod

449 1539 573 1578 eum
606 1524 863 1579 fecissent
890 1525 1053 1579 ambo
1096 1525 1315 1594 sibique
1346 1534 1540 1578 mutuo
1581 1524 2009 1586 condonassent,

449 1629 572 1669 sese
617 1616 858 1669 fraterne
910 1615 1147 1668 invicem
1198 1614 1496 1684 amplexati
1534 1624 1683 1668 sunt.
1715 1614 1831 1668 lmo
1859 1614 2023 1668 etiam

449 1723 574 1760 cum
602 1708 845 1775 reliquus
878 1709 1267 1778 episcOporum
1297 1717 1475 1764 cretus
1495 1708 1702 1777 optimo
1734 1709 2018 1778 proposito

447 1801 664 1854 veniam
704 1801 804 1870 ipsi
855 1801 1118 1863 dedisset,
1182 1802 1254 1855 ita
1321 1812 1563 1871 emptum
1596 1812 1681 1856 est
1716 1803 2023 1873 negotium.

451 1891 679 1947 Lectum
727 1904 813 1948 est
854 1895 1000 1949 enim
1060 1912 1125 1949 ex
1202 1895 1468 1966 synodico
1525 1895 1773 1965 septima:
1806 1894 2022 1965 synodi,

449 1984 596 2053 quod
654 1986 709 2039 in
765 1986 1049 2041 Dominica
1107 1986 1459 2043 Ortltodoxiae
1515 2004 1579 2041 ex
1631 1987 1866 2041 ambone
1921 1987 2023 2056 legi

450 2077 687 2141 solebat,
725 2077 934 2132 dictum
971 2078 1107 2133 illud
1139 2079 1193 2132 in
1221 2094 1333 2148 quo
1374 2078 1443 2132 de
1486 2088 1801 2132 sanctarum
1838 2077 2027 2147 imagi-

448 2182 580 2220 num
611 2168 933 2222 adoratione
952 2169 1152 2238 agitur,
1177 2169 1432 2223 omnibus
1448 2168 1566 2237 qui,
1600 2178 1658 2222 ut
1679 2168 1888 2222 dictum
1918 2177 2023 2231 est,

448 2258 769 2327 congregati
838 2268 967 2312 sunt
1019 2258 1395 2325 audientibus,
1462 2257 1623 2311 cuius
1681 2257 1797 2312 hmc
1861 2258 2026 2311 verba

451 2357 581 2401 sunt
603 2365 615 2399 :

533 2624 550 2656 ι
584 2606 741 2661 Omni
776 2623 900 2662 cum
930 2606 1212 2679 diligentia
1244 2617 1301 2664 et
1334 2608 1707 2665 sollicitudine
1738 2609 2023 2665 delinitum

454 2710 561 2762 est,
591 2699 821 2769 perinde
850 2709 1015 2770 atque
1069 2700 1297 2770 ﬁguram
1344 2700 1681 2756 honoranda:
1729 2701 1912 2755 crucis
1952 2701 2026 2753 ita

454 2794 769 2846 consecrari
822 2792 1025 2847 debere
1080 2794 1424 2849 venerandas
1465 2793 1750 2864 imagines,
1795 2793 1910 2849 sive
1960 2807 2026 2847 ex

455 2881 758 2947 coloribus,
793 2882 907 2938 sive
934 2900 998 2938 ex
1035 2885 1263 2940 calculis
1285 2893 1381 2940 aut
1410 2885 1634 2956 lapillis,
1677 2884 1793 2938 sive
1824 2899 1891 2937 ex
1920 2882 2023 2936 alia

455 2973 713 3040 quapiam
783 2974 1015 3029 materia
1054 2984 1179 3045 apte
1230 2975 1499 3045 disposita
1550 2975 1605 3028 in
1660 2975 1866 3029 sanctis
1930 2974 2024 3027 Dei

450 3064 724 3131 ecclesiis,
765 3065 820 3120 in
865 3066 1037 3121 sacris
1069 3068 1215 3122 vasis
1244 3076 1302 3122 et
1326 3068 1602 3131 vestibus,
1630 3066 1941 3137 parietibus
1971 3073 2028 3118 et

452 3156 677 3221 tabulis,
710 3157 971 3213 domibus
1004 3166 1062 3213 et
1090 3159 1226 3215 viis:
1256 3174 1453 3228 nempe
1486 3158 1784 3228 imaginem
1809 3155 2027 3209 Domini

2134 715 2152 747 ι
2190 715 2320 765 φανε
2332 698 2437 769 ρῶς
2448 701 2565 763 ταῖς
2583 700 2751 764 θείαις
2766 701 3139 766 διδασκαλίαις
3154 705 3533 759 ἀντιϐαίνοντα
3551 711 3713 761 ἐπεκα

2134 807 2153 839 ι
2186 789 2375 845 δικεῖν.
2395 790 2566 844 Τοῦτο
2590 793 2698 863 γάρ
2713 792 2836 846 οὔτε
2853 793 3046 864 ἀνδρὸς
3067 795 3288 848 συνετοῦ
3314 797 3346 868 ῆ
3372 798 3708 869 Χριστιανοῦ

2133 900 2150 931 ι
2186 881 2510 936 καθίσταται
2557 885 2710 938 ἴδιον.
2741 903 2759 935 ›
2793 885 3031 939 ’Πκουσε
3063 886 3157 939 καὶ
3183 887 3347 949 αὐτὸς
3380 886 3577 952 ταῦτα,
3605 888 3705 940 καὶ

2128 971 2396 1043 ὑπέσχετο
2415 975 2554 1045 μετά
2576 976 2753 1047 πάσης
2778 975 3097 1046 ἐλευθερίας
3128 978 3222 1030 καὶ
3252 977 3501 1047 καθαρᾶς
3525 978 3711 1047 ψυχῆς

2130 1063 2598 1136 ἀπολογήσασθαι,
2630 1069 2723 1121 καὶ
2754 1068 3125 1122 ἀποϐαλὲσθαι
3150 1071 3286 1137 ὅπερ
3311 1070 3376 1123 ἂν
3398 1071 3706 1138 προσιστά-

2133 1173 2293 1224 μενον
2312 1157 2505 1230 φανείη
2524 1160 2589 1229 τῇ
2605 1157 2724 1229 θεία
2739 1158 2846 1212 τῶν
2863 1160 3003 1213 Πατέ
3012 1177 3120 1230 ρων
3137 1159 3246 1212 τῶν
3266 1160 3436 1229 ἁγίων
3452 1159 3710 1214 διδασκα-

2130 1246 2236 1319 λία.
2274 1249 2459 1302 Ταῦτα
2495 1249 2682 1303 τούτου
2729 1251 3125 1321 ὑποσχομένου,
3153 1251 3486 1321 προσέταξεν
3515 1253 3543 1303 6
3569 1268 3708 1320 κρα-

2129 1341 2278 1403 ταιὸς
2307 1341 2397 1393 καὶ
2421 1341 2574 1409 ἀγιος
2609 1342 2764 1412 ἡμῶν
2806 1342 3061 1413 βασιλεὺς
3090 1344 3184 1395 καὶ
3213 1341 3365 1414 αύτῷ
3395 1344 3473 1411 τῷ
3502 1358 3711 1412 μητρο-

2132 1433 2322 1504 πολίτῃ
2354 1432 2634 1502 Εὑχαῖτων
2662 1434 3018 1505 διαλλαγῆναι
3052 1433 3188 1504 πρὸς
3208 1435 3301 1486 τὸν
3339 1432 3574 1505 ρηθέντα
3601 1433 3712 1485 ἀπὸ

2128 1523 2495 1595 Χαλκηδόνος,
2542 1527 2636 1580 καὶ
2679 1524 2824 1581 ἆπαν
2872 1526 3120 1596 λείψανον
3162 1526 3529 1597 μνησικακίας
3566 1525 3714 1588 τινὸς

2128 1618 2223 1685 τῆς
2257 1616 2391 1681 ἰδίας
2415 1617 2711 1683 ἀπαλεῖψαι
2742 1616 3022 1679 παντελῶς
3043 1615 3223 1686 ψυχῆς
3246 1631 3263 1646 ⁶
3292 1614 3321 1667 δ
3343 1614 3407 1684 δὴ
3430 1614 3524 1667 καὶ
3544 1614 3712 1684 ἄμφω

2128 1709 2452 1774 ποιήσαντες
2488 1714 2584 1766 καὶ
2608 1706 2857 1778 ἀλλήλοις
2896 1707 3376 1776 συγχωρήσαντες.
3406 1703 3669 1772 ἀδελφικᾶ
3682 1722 3711 1769 ς

2128 1801 2224 1853 καὶ
2274 1799 2533 1872 ἀλλήλους
2594 1800 2933 1871 ἠσπάσαντο.
2996 1797 3159 1851 Ἀλλά
3221 1798 3314 1851 καὶ
3364 1799 3466 1866 τῆς
3518 1796 3713 1868 λοιπῆς

2128 1892 2519 1963 ἀρχιερατικῆς
2568 1891 2893 1964 ὁμηγύρεως
2943 1890 3146 1963 ὁμοίως
3176 1887 3527 1960 συγχώρησιν
3572 1889 3712 1958 πρός

2128 1981 2291 2033 αὑτὸν
2337 1982 2475 2051 μετά
2522 1980 2849 2044 καλοθελοῦς
2902 1979 3277 2052 ποιησαμένης
3315 1979 3710 2050 προαιρέσεως.

2126 2073 2300 2138 οὓτως
2332 2074 2592 2146 ἀπήρχθη
2629 2076 2700 2130 τά
2729 2075 2831 2145 τῆς
2858 2073 3191 2135 ὑποθέσεως.
3231 2071 3569 2143 Ἀνεγνὼσθη
3602 2071 3713 2141 γάρ

2129 2164 2237 2217 ἀπὸ
2258 2164 2352 2218 τοῦ
2379 2165 2467 2217 ἐπ’
2491 2164 2744 2235 ἀμϐωνος
2772 2166 2914 2220 κατά
2942 2166 3041 2236 τὴν
3075 2164 3363 2235 Κυριακὴν
3390 2163 3490 2233 τῆς
3520 2163 3712 2233 Ὀρθο-

2128 2253 2307 2320 δοξίας
2332 2256 2842 2328 ἀναγινωσκομένου
2876 2255 3152 2310 συνοδικοῦ
3180 2256 3280 2327 τῆς
3314 2254 3549 2327 ἑϐδόμης
3581 2272 3709 2307 συν-

2128 2349 2247 2401 όδου
2291 2349 2323 2419 ἡ
2373 2349 2500 2418 περὶ
2540 2349 2638 2418 τῆς
2670 2348 2780 2401 τῶν
2811 2348 2983 2415 ἀγίων
3024 2349 3249 2402 εἰκόνων
3282 2346 3711 2417 προσκυνήσεως

2132 2441 2312 2510 ῥῆσις,
2341 2442 2398 2493 ἐν
2424 2439 2646 2509 ἐπηκόῳ
2676 2438 2783 2493 τῶν
2813 2438 3229 2511 ἀθροισθέντων,
3248 2438 3322 2502 ὡς
3353 2437 3591 2507 εἴρηται,
3618 2435 3708 2487 λέ-

2130 2552 2298 2602 γουσα
2323 2532 2465 2586 κατὰ
2489 2533 2635 2597 λέξιν
2670 2531 2825 2587 ταυτί
2856 2547 2869 2561 °

2204 2643 2223 2675 ι
2268 2622 2620 2694 Ὀριζομένου
2658 2623 2755 2675 σὺν
2803 2620 3062 2691 ἀκριϐείᾳ
3106 2621 3254 2691 πάσῃ
3305 2617 3401 2673 καὶ
3444 2614 3712 2688 ἐμμελείᾳ

2130 2714 2528 2788 παραπλησίως
2561 2714 2639 2784 τῷ
2682 2714 2838 2785 τύπῳ
2882 2713 2977 2766 τοῦ
3017 2714 3200 2784 τιμίου
3247 2711 3484 2782 σταυροῦ
3529 2707 3714 2763 ἀνατί-

2130 2808 2319 2863 θεσθαι
2365 2806 2464 2869 τάς
2511 2805 2715 2869 σεπτάς
2748 2805 2986 2869 εἰκόνας,
3032 2807 3128 2867 τὰς
3176 2806 3239 2857 ἐκ
3278 2801 3588 2875 χρωμάτων
3616 2800 3713 2854 καὶ

2127 2899 2376 2969 ψηφίδων
2402 2898 2498 2950 καὶ
2527 2896 2717 2967 ἐτέρας
2742 2896 2874 2967 ὕλης
2908 2894 3229 2965 ἐπιτηδείως
3255 2893 3485 2965 ἐχούσης
3511 2893 3567 2943 ἐν
3591 2890 3713 2952 ταῖς

2133 2991 2317 3059 ἁγίαις
2366 2988 2460 3041 τοῦ
2524 2987 2659 3040 Θεοῦ
2699 2987 3042 3056 ἐκκλησίαις,
3078 2988 3134 3039 ἐν
3177 2986 3342 3056 ἱεροῖς
3372 2980 3589 3036 σκεύεσι
3616 2981 3713 3032 κα¹ί⁵

2131 3081 2343 3152 ἐσθῆσι,
2372 3080 2573 3150 τοίχοις
2602 3095 2661 3131 τε
2704 3079 2799 3130 καὶ
2836 3077 3070 3140 σανίσιν,
3105 3075 3275 3139 οἴκοις
3315 3090 3375 3127 τε
3410 3073 3504 3126 καὶ
3529 3070 3669 3133 ὁδοῖς
3693 3084 3709 3101 ο

2129 3173 2230 3243 τήν
2274 3188 2336 3224 τε
2383 3170 2479 3223 τοῦ
2523 3169 2730 3240 Κυρίου
2781 3170 2875 3222 καὶ
2925 3167 3060 3222 Θεοῦ
3114 3165 3207 3221 καὶ
3253 3166 3508 3235 Σωτῆρος
3554 3159 3720 3233 ἡμῶν

447 3247 546 3303 Dei
574 3255 632 3302 et
660 3246 961 3303 Salvatoris
1004 3247 1181 3303 nostri
1230 3248 1358 3305 Iesu
1390 3247 1626 3315 Christi,
1665 3246 2030 3302 immaculata:

2144 3264 2314 3335 Ἰησοῦ
2340 3260 2601 3333 Χριστοῦ,
2633 3262 2727 3315 καὶ
2756 3261 2855 3331 τῆς
2899 3261 3171 3331 ἀχράντου
3213 3257 3371 3330 ἡμῶν
3415 3254 3714 3323 Δεσποίνης

458 3336 709 3392 Domine
746 3347 952 3393 nostra
989 3349 1045 3392 et
1072 3349 1278 3392 sanctae
1315 3338 1584 3409 Deiparae,
1621 3337 2022 3393 venerabilium

451 3426 799 3496 angelorum,
822 3435 879 3481 et
912 3427 1161 3481 omnium
1189 3437 1505 3482 sanctorum
1530 3428 1772 3482 virorum
1798 3432 2027 3497 (quanto

452 3519 606 3573 enim
642 3519 815 3589 magis
846 3536 941 3589 per
984 3535 1299 3590 expressam
1336 3521 1629 3593 imaginem
1674 3521 2028 3590 conspiciun-

454 3620 574 3678 tur,
614 3622 767 3667 tanto
790 3614 963 3684 magis
1005 3630 1196 3667 carum
1236 3627 1578 3687 spectatores
1617 3614 1931 3670 excitantur
1960 3614 2026 3669 ad

455 3711 877 3773 prototyporum
914 3707 1235 3759 memoriam
1262 3714 1317 3759 et
1349 3706 1735 3775 desiderium),
1784 3706 2029 3777 ipsisque

455 3794 768 3863 amplexum
797 3804 852 3849 et
893 3795 1236 3851 adorationis
1268 3796 1538 3851 honorem
1577 3797 1747 3851 tribui
1789 3797 2030 3863 debere;

455 3898 568 3937 non
604 3883 826 3953 quidem
859 3885 1076 3940 latriam
1133 3887 1282 3941 illam
1314 3902 1501 3941 veram
1548 3903 1670 3957 qua:
1721 3887 2028 3942 secundum

454 3977 624 4032 ﬁdem
665 3988 907 4033 nostram
953 3980 1053 4033 soli
1105 3979 1306 4034 divina
1350 3988 1563 4035 natura:
1604 3981 1890 4050 competit,
1936 3981 2029 4035 sed

458 4071 642 4141 qualis
665 4070 902 4126 debetur
924 4073 1110 4141 ﬁgurae
1127 4071 1455 4126 veneranda
1485 4087 1550 4127 ac
1569 4073 1801 4127 vivilicze
1827 4074 2030 4137 crucis,

460 4165 667 4219 sanctis
716 4164 1053 4234 Evangeliis,
1102 4163 1449 4234 reliquisque
1499 4166 1673 4219 sacris
1731 4166 2030 4236 depositis;

461 4270 527 4311 ac
551 4254 901 4325 thymiamata
934 4255 1256 4325 luminaque
1282 4256 1337 4310 in
1368 4272 1554 4311 earum
1584 4258 1850 4312 honorem
1882 4258 2036 4312 adhi-

458 4348 643 4403 benda
697 4364 842 4413 esse,
897 4350 1361 4419 quemadmodum
1403 4363 1460 4407 et
1493 4355 1737 4424 antiquis
1799 4356 1891 4425 pio
1933 4372 2033 4410 usu

461 4448 746 4493 assuetum
777 4449 915 4495 erat.
940 4438 1073 4495 Nam
1096 4442 1348 4513 imaginis
1378 4443 1556 4498 honor
1587 4445 1652 4497 ad
1684 4455 2033 4516 prototypum

462 4531 701 4594 transit;
733 4540 787 4585 et
838 4532 932 4601 qui
977 4532 1265 4603 imaginem
1312 4533 1523 4599 adorat,
1575 4535 1626 4588 in
1668 4535 1781 4605 ipsa
1830 4536 2034 4606 depicti

2129 3355 2230 3426 τῆς
2283 3354 2445 3422 ἁγίας
2478 3352 2767 3416 Θεοτόκου,
2795 3351 2903 3403 τῶν
2931 3351 3128 3421 τιμίων
3154 3348 3427 3418 ἀγγέλων,
3455 3346 3549 3400 καὶ
3574 3345 3712 3399 πάν-

2130 3464 2237 3499 των
2260 3445 2366 3497 τῶν
2394 3444 2556 3497 ὁσίων
2586 3443 2680 3497 καὶ
2716 3442 2887 3511 ἁγίων
2928 3440 3139 3510 ἀνδρῶν
3182 3440 3314 3509 (ὅσῳ
3343 3436 3454 3509 γὰρ
3479 3434 3547 3490 δι’
3569 3435 3716 3488 εῖκοο

2131 3542 2285 3610 νικῆς
2337 3535 2740 3599 ἀνατυπῶσεως
2796 3533 3055 3604 ὁρῶνται,
3120 3531 3361 3601 τοσούτῳ
3409 3530 3459 3582 οἱ
3509 3527 3715 3589 ταύτας

2132 3631 2395 3700 θεώμενοι
2434 3627 2801 3681 διανίστανται
2847 3624 2985 3694 προς
3030 3623 3129 3692 τὴν
3183 3621 3294 3675 τῶν
3342 3618 3715 3690 πρωτοτύπων

2137 3722 2358 3791 μνήμην
2390 3736 2449 3771 τε
2497 3719 2592 3771 καὶ
2635 3715 3007 3787 ἐπιπόθησιν),
3037 3714 3132 3767 καὶ
3164 3712 3389 3776 ταύταις
3426 3709 3719 3779 ἀσπασμὶν

2134 3812 2227 3865 καὶ
2262 3809 2556 3880 τιμητικὴν
2605 3806 2980 3876 προσκύνησιν
3017 3803 3338 3874 ἀπονέμειν,
3369 3803 3429 3855 ού
3474 3800 3581 3871 μὴν
3618 3797 3719 3870 τὴν

2136 3899 2276 3951 κατὰ
2309 3897 2490 3950 πίστιν
2539 3898 2571 3965 ἡ
2583 3895 2700 3965 μῶν
2734 3892 2991 3963 λατρείαν
3019 3893 3118 3963 τὴν
3155 3890 3418 3961 ἀληθινὴν
3449 3892 3483 3960 ἢ
3517 3887 3719 3959 πρέπει

2139 3992 2273 4062 μόνῃ
2301 3992 2366 4060 τῇ
2400 3988 2521 4058 θείᾳ
2576 3986 2759 4056 φύσει,
2816 3985 2932 4039 ἀλλ’
2971 3984 3031 4038 δν
3073 3984 3273 4055 τρόπον
3304 3981 3382 4054 τῷ
3427 3981 3584 4050 τύπῳ
3622 3978 3719 4032 τοῦ

2134 4084 2317 4153 τιμίου
2345 4081 2441 4138 καὶ
2472 4079 2739 4146 ζωοποιοῦ
2773 4078 3034 4152 σταυροῦ,
3066 4078 3162 4132 καὶ
3194 4079 3310 4142 τοῖς
3337 4076 3513 4145 ἁγίοις
3543 4074 3722 4142 Εὐαγ-

2137 4173 2370 4242 γελίοις,
2421 4172 2517 4226 καὶ
2573 4172 2688 4235 τοῖς
2739 4170 2947 4235 λοιποῖς
2996 4171 3163 4242 ἱεροῖς
3210 4169 3527 4240 ἀναθήμασι
3556 4181 3569 4195 ·
3626 4166 3723 4219 καὶ

2138 4264 2506 4335 Θυμιαμάτων
2534 4264 2630 4317 καὶ
2662 4263 2858 4332 φώτων
2888 4262 3259 4334 προσαγωγὴν
3299 4261 3435 4331 πρὸς
3466 4259 3567 4330 τὴν
3594 4257 3723 4312 τού-

2138 4372 2246 4408 των
2275 4353 2444 4425 τιμὴν
2476 4351 2771 4418 ποιεῖσθαι,
2800 4351 2984 4416 καθὼς
3024 4353 3118 4406 καὶ
3144 4356 3259 4416 τοῖς
3292 4350 3542 4421 ἀρχαίοις
3567 4350 3723 4401 εὐσε-

2139 4445 2251 4509 ϐῶς
2286 4443 2541 4499 εἰθισται.
2585 4444 2650 4496 Ἤ
2683 4441 2794 4514 γὰρ
2820 4443 2923 4513 τῆς
2948 4443 3158 4506 εἰκόνος
3190 4442 3325 4513 τιμὴ
3365 4441 3455 4494 ἐπὶ
3480 4441 3541 4494 τό
3567 4456 3723 4509 πρω-

2140 4536 2371 4589 τότυπον
2416 4534 2684 4588 διαϐαίνει
2710 4549 2723 4564 ο
2784 4534 2877 4588 καὶ
2930 4535 2958 4587 6
3005 4535 3327 4604 προσκυνῶν
3385 4533 3484 4602 τὴν
3538 4530 3726 4585 εἰκόνα

462 4638 757 4695 personam
789 4625 1005 4680 adorat.
1058 4627 1244 4681 Palam
1281 4637 1463 4682 autem
1499 4638 1586 4683 est
1619 4627 1670 4682 id
1725 4638 2030 4683 antecesso-

2147 4626 2445 4694 προσκυνεῖ
2474 4626 2532 4677 ἐν
2555 4624 2694 4695 αὐτῇ
2712 4620 2807 4677 τοῦ
2836 4623 3255 4695 ἐγγραφομένου
3276 4621 3376 4691 τὴν
3402 4620 3723 4674 ὑπόστασιν.

464 4713 624 4767 ribus
656 4712 862 4768 nostris
888 4713 1249 4781 declaratum,
1279 4716 1638 4786 prmdicatum
1670 4725 1726 4771 et
1755 4717 2037 4786 cognitum

464 4806 658 4870 fuisse,
696 4807 961 4863 nimirum
994 4824 1093 4878 per
1124 4808 1391 4880 imagines
1419 4819 1477 4865 et
1506 4809 1559 4863 in
1591 4809 1925 4881 imaginibus
1950 4825 2043 4863 ve-

468 4900 690 4953 ritatem
732 4898 996 4954 honorari
1024 4909 1081 4954 et
1112 4900 1353 4955 adorari.
1392 4920 1411 4951 ι

541 4991 642 5046 His
668 5005 835 5060 porro
873 4990 1034 5046 lectis
1065 5000 1290 5047 sanctus
1322 4993 1624 5062 imperator
1656 5008 1849 5047 omnes
1876 4992 2039 5047 simul

468 5081 851 5150 interrogavit,
874 5098 1005 5136 num
1040 5098 1234 5139 omnes
1264 5084 1337 5137 ita
1377 5083 1671 5148 sentirent,
1699 5094 1756 5138 et
1784 5100 1852 5138 an
1892 5083 2046 5153 quis-

466 5172 615 5242 piam
664 5173 718 5226 in
763 5174 951 5243 aliquo
1004 5175 1303 5229 dubitaret.
1374 5174 1801 5243 Responderunt
1853 5190 2046 5229 omnes

471 5279 583 5319 una
610 5278 767 5327 voce.
809 5281 868 5321 se
896 5266 970 5321 ita
1003 5267 1231 5330 sentire,
1267 5266 1342 5321 ita
1371 5265 1692 5337 prazdicare.
1742 5266 2047 5337 Imperator

469 5369 628 5421 vero,
681 5364 973 5426 postquam
1026 5354 1277 5421 dixisset,
1319 5376 1337 5409 ι
1382 5356 1591 5417 Gloria
1621 5365 1812 5413 sancto
1843 5357 1979 5421 Deo,
2020 5376 2039 5409 ι

469 5463 691 5503 rursum
725 5447 1106 5518 interrogavit,
1139 5468 1157 5501 ι
1190 5449 1511 5506 Relativene
1546 5466 1615 5506 an
1664 5450 1841 5506 latria
1890 5451 2044 5506 cultu

471 5539 659 5595 dicitis
694 5537 1033 5593 adorandam
1074 5553 1197 5594 esse
1256 5540 1551 5610 imaginem
1586 5540 1805 5596 Domini
1863 5549 1920 5595 et
1953 5541 2048 5596 Dei

472 5639 527 5685 et
551 5628 856 5685 Salvatoris
872 5629 1048 5683 nostri
1083 5629 1210 5684 Jesu
1234 5628 1477 5685 Christi?
1502 5652 1520 5683 ι
1548 5631 1813 5686 Dixerunt
1832 5647 2047 5697 omnes,

481 5736 500 5767 ε
542 5717 799 5773 Relativc
834 5718 1133 5772 adoramus
1162 5720 1356 5790 ipsam,
1400 5731 1461 5776 ut
1490 5723 1779 5791 imaginem
1831 5724 2046 5778 Domini

478 5817 536 5860 et
563 5809 660 5863 Dei
694 5818 751 5864 et
779 5809 1084 5865 Salvatoris
1116 5812 1289 5866 nostri
1340 5812 1469 5867 Jesu
1530 5813 1767 5881 Christi;
1818 5815 1886 5869 iis
1918 5822 2050 5870 vero

476 5905 573 5970 qui
609 5915 720 5955 non
749 5902 830 5956 sic
854 5900 1107 5971 adorant,
1136 5904 1446 5959 anathema.
1491 5923 1507 5957 ι
1557 5906 1696 5961 Tum
1753 5905 2052 5977 imperator

2148 4718 2318 4788 Δῆλον
2349 4717 2407 4770 δέ
2438 4715 2598 4769 τοῦτο
2631 4717 2726 4771 καὶ
2757 4718 2871 4779 τοῖς
2917 4717 3024 4787 πρὸ
3067 4715 3225 4787 ⁴ἡμῶν
3270 4712 3727 4784 πεφανερωμένον

2148 4811 2244 4863 καὶ
2288 4808 2701 4878 κεκηρυγμένον
2742 4810 2838 4860 καὶ
2884 4807 3250 4877 ἐγνωσμένον,
3297 4805 3372 4867 ὡς
3411 4805 3470 4871 ἐξ
3503 4804 3727 4856 είκόνων

2151 4904 2245 4956 καί
2274 4903 2331 4953 ὲν
2361 4899 2535 4952 είκόσι
2566 4898 2793 4969 τιμᾶται
2825 4899 2860 4967 ἠ
2894 4895 3120 4967 ἀλήθεια
3150 4896 3246 4950 καὶ
3276 4894 3721 4962 προσκυνεῖται.»

2224 4994 2335 5046 Καὶ
2360 4990 2564 5044 τούτων
2589 4987 3047 5056 ἀναγνωσθέντων
3062 4985 3315 5058 ἠρώτησε
3336 4984 3529 5047 κοινῶς
3555 4982 3733 5036 ἀγαν-

2151 5101 2250 5147 τας
2281 5085 2310 5137 6
2357 5081 2609 5153 βασιλεὺς
2651 5080 2680 5134 ὁ
2728 5080 2901 5146 ἆγιος,
2936 5081 2985 5133 εί
3037 5077 3180 5131 οῦτω
3213 5080 3416 5135 πάντες
3448 5075 3729 5147 φρονοῦσι,

2156 5175 2250 5229 καὶ
2275 5173 2451 5236 οὐδεὶς
2489 5172 2630 5225 κατά
2660 5189 2714 5225 τι
2746 5169 3152 5243 διαμφιϐἀλλει.
3190 5169 3304 5224 Καὶ
3352 5167 3734 5237 ἀπεκρίθησαν

2155 5266 2395 5329 ἅπαντες
2433 5266 2531 5335 μιᾷ
2575 5266 2753 5335 φωνῇ,
2791 5263 2936 5319 οὕτω
2969 5264 3189 5335 φρονεῖν
3218 5261 3311 5316 καὶ
3343 5260 3487 5315 οὓτω
3520 5257 3736 5332 κηρύσ-

2159 5373 2294 5410 σειν.
2324 5356 2433 5409 Καὶ
2462 5356 2490 5408 6
2517 5353 2773 5425 βασιλεὺς
2805 5353 2997 5422 εἰπὼν,
3033 5372 3053 5406 ι
3091 5352 3227 5418 Δόξα
3257 5351 3335 5424 τῷ
3361 5351 3502 5424 ἀγίῳ
3535 5349 3677 5421 Θεῷ,
3708 5366 3729 5401 ι

2157 5444 2315 5512 αὖθις
2358 5446 2650 5520 ἠρώτησεο
2705 5467 2724 5500 ι
2761 5446 3037 5517 Σχετικῶς
3086 5445 3120 5515 ἢ
3176 5444 3546 5517 λατρευτικῶς
3598 5458 3735 5511 φατε

2158 5543 2486 5612 προσκυνεῖν
2513 5539 2612 5610 τὴν
2637 5538 2823 5593 είκόνα
2841 5537 2936 5595 τοῦ
2969 5537 3176 5608 Κυρίου
3204 5538 3298 5591 καὶ
3325 5535 3463 5590 Θεοῦ
3487 5536 3585 5588 καὶ⁵
3612 5534 3735 5587 Σω-

2158 5631 2326 5703 τῆρος
2349 5630 2509 5702 ἡμῶν
2548 5629 2723 5703 Ἰησοῦ
2759 5628 3034 5700 Χριστοῦ;
3075 5647 3094 5680 ι
3144 5628 3256 5682 Καὶ
3288 5623 3441 5681 εἷπον
3472 5625 3733 5687 ἅπαντες·

2166 5739 2186 5773 ι
2213 5723 2491 5793 Σχετικῶς
2520 5721 2928 5795 προσκυνοῦμεν
2959 5719 3148 5793 αὐτὴν,
3178 5719 3252 5784 ὡς
3283 5720 3466 5774 είκόνα
3503 5717 3595 5771 τοῦ
3628 5717 3739 5769 Κυ-

2164 5814 2280 5885 ρίου
2306 5816 2398 5866 καὶ
2430 5814 2564 5868 Θεοῦ
2599 5816 2691 5867 καὶ
2727 5814 2979 5885 Σωτῆρος
3008 5813 3166 5884 ἡμῶν
3192 5811 3371 5882 Ἰησοῦ
3404 5808 3662 5880 Χριστοῦ·
3689 5809 3739 5860 οἱ

2159 5908 2215 5963 δὲ
2248 5905 2324 5978 μὴ
2366 5905 2509 5962 οὕτω
2557 5906 3022 5978 προσκυνοῦντες,
3059 5904 3327 5976 ἀνάθεμα.
3367 5923 3384 5957 ι
3426 5903 3535 5957 Καὶ
3569 5902 3595 5953 6
3639 5901 3735 5973 βα-
