4064 6476
462 394 567 460 981

1564 398 1711 461 NOV
1724 396 1934 458 ELL:E
1972 395 2647 458 CDNSTITUTIONES.

3627 396 3734 457 9’2

464 510 649 573 σιλεὺς
679 510 743 563 ἐκ
768 508 946 581 ψυχῆς
973 508 1317 585 ὲξεφῲνησεν
1340 527 1355 545 ⁸
1393 531 1411 564 ι
1438 513 1498 567 Οἱ
1527 513 1603 586 μὴ
1633 511 1778 568 οὕτω
1802 510 2060 584 φρονοῦν-

2170 525 2230 565 ex
2259 509 2429 564 animi
2455 507 2653 563 aﬂ‘ectu
2683 507 2761 562 sic
2790 506 3125 563 vociferatus
3148 514 3234 562 est
3276 524 3287 559 :
3322 525 3339 557 ι
3388 505 3457 560 lis
3505 504 3596 574 qui
3623 521 3731 558 non

460 618 575 667 τες,
603 599 876 671 ἀνάθε-μα.
906 619 926 653 ι
961 601 1132 656 Πάλιν
1162 601 1448 675 ἠρώτησεν
1474 606 1501 658 6
1531 604 1805 675 βασιλεὺς,
1839 623 1858 656 (
1888 604 2047 657 Εἰκό-

461 707 559 753 νας
594 690 754 754 ποίας
782 689 1013 758 λέγετε;
1046 692 1147 755 τάς
1177 693 1456 756 είκονικάς
1490 694 1624 757 ὕλας
1656 694 1689 766 ἢ
1730 694 1799 747 τὰ
1825 695 1884 747 ὲν
1914 693 2045 748 ταύ-

461 798 587 844 ταις
633 780 935 852 φαινόμενα
978 782 1330 854 όμοιὼματα;
1375 805 1392 837 ι
1448 785 1559 839 Kal
1589 781 1742 839 εἷπον
1786 785 2048 853 ἅπαντες,

468 889 488 921 ι
518 870 597 924 ra
654 870 980 940 ὁμοιώματα
1036 874 1094 925 ὲν
1144 876 1266 937 ταῖς
1314 874 1470 939 ὕλαις
1516 874 1838 946 φαινόμενα.
1870 895 1888 928 ι
1940 876 2050 930 Kal

463 961 620 1026 αὖθις
645 961 899 1033 ἠρώτησε
919 978 934 993 ⁸
979 981 997 1015 ι
1030 964 1266 1019 Δύναται
1307 967 1369 1020 τὺ
1400 966 1654 1039 ὁμοίωμα
1688 966 1786 1021 τοῦ
1813 967 2050 1039 Χριστοῦ

460 1052 524 1106 τὸ
545 1054 605 1105 ὲν
629 1055 698 1122 τῇ
729 1052 832 1126 ὕλῃ
853 1055 1131 1125 ὁρώμενον
1152 1056 1528 1129 λατρευτικῶς
1552 1059 1974 1129 προσκυνεῖσθαι
1995 1077 2009 1127 ;
2027 1078 2046 1111 ι

461 1143 562 1196 καὶ
588 1138 743 1198 εἷπον
771 1160 787 1177 ⁸
824 1163 843 1197 ι
873 1145 1028 1217 Οὐχί.
1063 1166 1082 1199 ι
1119 1148 1227 1202 Kal
1256 1146 1410 1203 εἶπεν
1434 1153 1462 1204 ό
1490 1149 1777 1221 βασιλεύς·
1816 1170 1833 1202 ι
1866 1151 2052 1216 Οὕτως

462 1234 583 1305 ἔχει
619 1237 654 1306 ή
696 1236 946 1308 ἀλήθεια,
985 1237 1063 1302 ὥς
1091 1241 1306 1294 εἴπατε.
1352 1260 1371 1294 ι
1404 1237 1540 1295 Eine
1581 1241 1639 1295 δὲ
1691 1244 1720 1295 6
1753 1242 2051 1296 Κλαυδιου⁹

463 1324 700 1391 πόλεως,
746 1327 832 1381 ὅτι
877 1328 1069 1394 «Τινὲς
1101 1331 1162 1384 οὐ
1200 1331 1451 1403 μετέχειν
1494 1332 1717 1402 λέγουσι
1759 1334 1909 1398 θείας
1955 1334 2055 1405 χά-

464 1432 617 1488 ριτος
664 1416 764 1482 τὰς
803 1419 970 1489 ἁγίας
1007 1420 1242 1485 εἰκόνας.
1285 1440 1306 1475 ι
1362 1424 1473 1477 Kal
1522 1419 1676 1478 εἶπεν
1719 1427 1748 1479 6
1795 1423 2054 1497 βασιλεὺς

468 1506 610 1576 μετά
643 1507 862 1564 πάντων
885 1527 902 1541 ⁸
938 1529 958 1562 ι
1012 1510 1289 1583 Ἀνάθεμα
1334 1512 1411 1584 τῷ
1436 1513 1578 1568 οὕτω
1618 1515 1864 1584 λέγοντι⁸
1903 1514 2053 1579 θείας

469 1601 570 1671 μὲν
602 1600 712 1672 γάρ
754 1602 977 1674 χάριτος
1011 1604 1332 1676 μετέχουσιν
1377 1604 1436 1659 ai
1473 1606 1625 1673 ἅγιαι
1667 1607 1895 1672 εἰκόνες,
1919 1610 2054 1679 ὁμο-

466 1695 625 1761 φυεῖς
675 1694 734 1747 δὲ
783 1698 895 1759 τοῖς
946 1696 1328 1767 πρωτοτύποις
1381 1699 1482 1752 ούκ
1530 1699 1655 1754 εἰσί.
1696 1719 1715 1754 ι
1761 1701 1869 1753 Καὶ
1916 1700 2054 1772 πρὸς

466 1785 627 1840 τοῦτο
669 1787 698 1840 6
727 1787 1213 1854 Κλαυδιουπόλεως
1256 1791 1561 1862 ἐπήγαγεν,
1590 1792 1730 1848 οὓτω
1757 1793 1853 1846 καὶ
1891 1794 2054 1849 αὐτὸν

468 1885 710 1952 φρονεῖν.
750 1879 918 1936 Εἶπεν
948 1886 977 1937 6
1011 1884 1268 1956 βασιλεύς
1292 1901 1306 1914 ⁸
1340 1906 1358 1939 ι
1379 1886 1441 1941 Ὀ
1467 1886 1883 1960 ἐναντιούμενος
1911 1891 2053 1945 κατά

466 1991 523 2028 τι
553 1977 671 2040 ταῖς
724 1975 908 2045 ἁγίαις
946 1977 1044 2031 καὶ
1081 1980 1490 2050 οίκουμενικαῖς
1532 1980 1674 2035 ἑπτὰ
1724 1982 1985 2047 συνόδοις,
2019 1982 2053 2053 ἢ

469 2067 792 2138 προσθήκην
821 2067 855 2139 ἢ
884 2068 1176 2140 ὑφαίρεσιν
1208 2071 1377 2124 ποιῶν
1404 2073 1697 2143 δόγματος,
1722 2074 1756 2145 ἦ
1785 2091 1839 2128 τι
1862 2074 1972 2128 τῶν
1998 2077 2056 2129 ὲν

470 2159 662 2221 αὐταῖς
691 2158 1023 2230 όρισθέντων
1061 2161 1498 2233 παρερμηνεύων
1527 2163 1560 2233 ἢ
1594 2163 2058 2235 ἀποϐαλλόμενος,

470 2248 742 2319 ἀνάθεμα.
777 2269 797 2302 ι
835 2251 948 2304 Καὶ
978 2247 1134 2305 εἶπον
1155 2253 1419 2318 ἅπαντες,
1454 2272 1475 2307 ι
1514 2255 1809 2326 Ἀνάθεμα.
1844 2276 1863 2308 ι
1895 2252 2057 2320 Αὖθις

470 2338 726 2409 ἠρώτησε
755 2356 770 2371 ⁸
810 2340 917 2394 «Τὸ
962 2343 1020 2394 ὲν
1058 2345 1124 2413 τῇ
1159 2342 1262 2414 ῦλῃ
1296 2345 1646 2414 γραφόμενον
1677 2346 1932 2416 ὁμοίωμα
1964 2346 2058 2400 τοῦ

472 2430 733 2501 Χριστοῦ,
784 2432 945 2486 τοῦτό
999 2435 1149 2488 ἐστιν
1189 2436 1223 2505 η
1264 2436 1385 2491 θεία
1436 2437 1638 2507 φύσις;
1676 2458 1695 2491 ι
1750 2439 1862 2493 Kal
1906 2434 2060 2492 εἷπον

469 2522 710 2589 ἅπαντες
733 2543 749 2559 ⁸
776 2545 796 2580 ι
826 2526 962 2598 Οὐχί
984 2545 997 2558 ⁸
1022 2531 1055 2600 ἡ
1091 2530 1197 2600 γὰρ
1234 2529 1357 2583 θεία
1385 2531 1547 2600 φύσις
1569 2532 2007 2603 ἀπερίγραπτος.
2034 2550 2053 2583 ι

472 2611 641 2670 Εἶπεν
668 2619 697 2672 6
735 2617 991 2688 βασιλεύς
1015 2636 1029 2649 ⁸
1065 2639 1084 2671 ι
1115 2618 1302 2685 Οὕτως
1334 2621 1446 2692 ἔχει
1476 2623 1509 2693 ἡ
1557 2621 1806 2694 ἀλήθεια,
1840 2645 1860 2676 ι
1893 2640 2061 2695 προσ-

473 2708 589 2773 θεὶς
628 2708 926 2777 καὶτοῦτο,
976 2712 1081 2768 ὅτι.
1124 2732 1143 2764 ι
1184 2713 1326 2782 Ἐγὼ
1362 2716 1505 2779 τέως
1545 2715 1691 2784 λέγω
1725 2716 1818 2769 καὶ
1855 2715 2059 2788 φρονῶ,

478 2797 556 2872 μὴ
582 2803 958 2857 ἐναντιοῦσθαι
1003 2805 1255 2875 ἀλλήλοις
1285 2805 1352 2860 τά
1394 2806 1650 2861 συνοδικά
1695 2806 1943 2878 δόγματα
1967 2808 2065 2862 καὶ

405 2878 427 2896 “
475 2892 812 2964 κηρύγματα
828 2907 848 2927 ⁸
872 2896 1002 2966 ὑμῖν
1025 2896 1118 2950 οῦν
1140 2898 1194 2951 τί
1220 2896 1367 2952 δοκεῖ
1389 2915 1404 2965 ;
1440 2917 1459 2950 ι
1484 2898 1597 2953 Kal
1628 2894 1784 2953 εἷπον
1805 2900 2064 2967 ἅπαντες,

479 2986 795 3053 συμφωνεῖν
820 2986 963 3042 αύτά
998 2987 1136 3056 πρὸς
1163 2987 1368 3059 ἄλληλα
1392 2989 1488 3042 καὶ
1518 2989 1655 3061 πρὸς
1680 2992 1867 3046 ἐαυτά.
1896 2987 2063 3045 Εἶπεν

477 3077 508 3128 ό
536 3076 787 3146 βασιλεύς
814 3095 827 3108 ⁸
898 3097 916 3130 ι
945 3078 1025 3133 Ta
1082 3080 1170 3132 ἐπ’
1219 3080 1473 3150 ἀμϐωνος
1535 3082 1918 3153 κηρυττόμενα
1970 3083 2065 3136 καὶ

2164 601 2239 657 ita
2285 601 2557 666 sentiunt,
2601 601 2914 656 anathema.
2950 619 2967 651 ι
3001 600 3209 654 lterum
3249 599 3609 665 interrogavit
3640 592 3739 650 ini-

2159 702 2415 764 perator:
2456 712 2473 744 ι
2502 693 2771 763 imagines
2794 707 2931 762 quas
2961 706 3080 747 esse
3099 691 3318 747 dicitis?
3354 707 3421 749 an
3452 691 3735 744 materiam

2157 786 2481 856 imaginum,
2512 801 2581 840 an
2617 785 3009 841 similitudines
3041 786 3095 840 in
3130 800 3193 839 ea
3220 782 3682 854 repraesentatas?
3713 801 3729 832 ι

2156 878 2535 948 Dixeruntque
2585 892 2780 932 omnes
2821 895 2834 932 :
2892 896 2909 929 ι
2944 876 3355 932 Similitudines
3402 875 3456 929 in
3506 873 3735 927 materia

2159 978 2604 1040 repraesentatas.
2646 989 2664 1022 ι
2711 970 2902 1024 Denuo
2960 966 3373 1038 interrogavit:
3411 985 3428 1017 ι
3472 967 3736 1020 Potestne

2161 1061 2469 1117 similitudo
2523 1061 2729 1117 Christi
2791 1077 2913 1130 qua:
2963 1060 3018 1114 in
3073 1059 3307 1114 materia
3367 1057 3734 1128 conspicitur,

2160 1153 2337 1208 latriae
2369 1154 2520 1208 cultu
2556 1151 2818 1207 adorari?
2848 1171 2868 1204 ›
2921 1150 3349 1222 Responderunt
3393 1166 3408 1205 :
3473 1169 3492 1201 ι
3525 1149 3741 1218 Nequa-

2163 1258 2352 1313 quam.
2384 1262 2403 1295 ι
2448 1242 2597 1297 Dixit
2629 1243 2933 1313 imperator
2969 1258 2985 1294 :
3044 1262 3062 1294 ι
3090 1241 3181 1297 Sic
3231 1257 3291 1298 se
3338 1255 3428 1296 res
3461 1240 3647 1303 habet,
3680 1249 3741 1293 ut

2160 1334 2401 1390 dixistis.
2454 1353 2471 1386 ι
2530 1334 2623 1390 Ait
2684 1344 2871 1390 autem
2943 1334 3324 1404 Claudiopolis
3385 1335 3735 1404 episcopus:

2171 1445 2189 1477 ι
2226 1425 2460 1493 Quidam
2498 1425 2946 1483 dicunt'sanctas
2968 1426 3236 1496 imagines
3266 1440 3377 1481 non
3409 1423 3741 1495 participare

2161 1518 2349 1591 gratiae
2384 1519 2604 1574 divinae.
2646 1538 2664 1571 ι
2701 1520 2849 1574 Dixit
2897 1519 3199 1589 imperator
3237 1534 3367 1574 cum
3417 1517 3676 1572 omnibus
3723 1533 3737 1569 :

2173 1628 2192 1660 ι
2233 1608 2542 1664 Anathema
2573 1608 2624 1664 ei
2652 1609 2747 1679 qui
2774 1609 2849 1665 ita
2896 1609 3136 1675 dixerit;
3186 1624 3313 1663 nam
3360 1616 3564 1663 sanctae
3601 1608 3740 1662 ima-

2165 1701 2324 1769 gines
2353 1701 2542 1772 gratiae
2573 1701 2776 1757 divinae
2811 1701 3163 1771 participant,
3214 1701 3310 1757 sed
3356 1699 3606 1756 eamdem
3640 1715 3741 1752 na-

2166 1801 2343 1847 turam
2402 1809 2512 1849 non
2559 1793 2766 1849 habent
2815 1808 2981 1864 quam
3036 1793 3335 1863 prototypi.
3404 1811 3422 1843 ι
3489 1790 3566 1845 Ad
3624 1791 3743 1844 lucc

2159 1882 2679 1955 Claudiopolitanus
2711 1887 3009 1956 episcopus
3033 1885 3282 1940 subdidit
3311 1900 3371 1941 se
3403 1900 3630 1955 quoque
3667 1885 3742 1937 ἰιτι

2159 1977 2389 2033 sentire.
2426 1976 2567 2032 Tum
2592 1977 2895 2050 imperator
2934 1994 2949 2030 :
2990 1998 3009 2030 ι
3049 1977 3312 2048 Quisquis
3349 1978 3555 2032 sanctis
3587 1992 3742 2030 mcu-

2159 2069 2500 2141 menicisque
2530 2080 2740 2141 septem
2770 2070 2996 2142 synodis
3024 2071 3080 2125 in
3125 2087 3186 2126 re
3214 2070 3470 2140 quapiam
3518 2078 3744 2125 contra—

2160 2160 2384 2225 dixerit,
2441 2160 2593 2215 eisve
2641 2160 2946 2232 quidquam
2995 2159 3267 2230 dogmatis
3313 2157 3593 2214 addiderit
3649 2165 3745 2211 aut

2162 2250 2486 2321 dempserit,
2530 2262 2626 2306 aut
2672 2252 2897 2321 aliquod
2957 2268 3023 2307 cx
3055 2267 3244 2307 carum
3300 2250 3541 2306 decretis
3572 2264 3743 2319 prave

2165 2341 2567 2412 interpretatus
2637 2341 2803 2397 fuerit
2871 2344 2957 2397 vel
2998 2342 3288 2413 abjeccrit,
3348 2340 3663 2395 anathema.
3718 2358 3735 2388 ι

2164 2433 2540 2502 Dixeruntque
2569 2447 2782 2497 omnes,
2814 2433 3201 2488 «Anathema.»
3230 2433 3473 2486 Rursum
3506 2431 3745 2484 interro-

2164 2525 2353 2595 gavit:
2396 2542 2414 2577 ι
2450 2523 2582 2592 Quae
2609 2524 2666 2579 in
2692 2525 2926 2580 materia
2956 2522 3277 2595 depingitur
3304 2522 3484 2594 imago
3515 2521 3742 2584 Christi,

2165 2628 2433 2673 naturane
2457 2618 2577 2690 ejus
2609 2618 2773 2677 est‘h
2827 2617 3256 2688 Responderunt
3296 2631 3532 2673 omnes:
3567 2634 3585 2667 ι
3637 2615 3747 2669 Ne—

2165 2725 2477 2780 quaquam;
2524 2718 2723 2765 natura
2774 2710 2980 2781 quippe
3020 2710 3208 2766 divina
3264 2708 3745 2778 ineircumscripta

2164 2810 2271 2856 est.
2312 2820 2332 2855 ι
2365 2801 2514 2858 Dixit
2545 2801 2881 2873 imperator:
2933 2822 2952 2854 ι
2993 2803 3072 2857 lta
3103 2817 3232 2858 vere
3251 2817 3309 2857 se
3341 2817 3431 2857 res
3476 2801 3676 2867 habet;
3723 2821 3742 2853 ι

2166 2891 2412 2963 illudque
2436 2891 2653 2947 addidit
2679 2909 2694 2945 :
2732 2909 2749 2942 (
2779 2891 2895 2963 Ego
2935 2906 3067 2946 sane
3096 2890 3224 2945 dico
3252 2891 3547 2961 sentioque
3577 2905 3713 2961 syno
3732 2918 3745 2929 -

2167 2983 2291 3039 dica
2319 2983 2576 3054 dogmata
2606 2993 2663 3039 et
2714 2983 2937 3038 decreta
2985 2999 3096 3038 non
3131 2983 3240 3040 sibi
3283 2982 3520 3038 invicem
3554 2982 3748 3037 adver-

2170 3073 2300 3130 sari.
2322 3074 2465 3141 Quid
2484 3074 2705 3129 videtur
2724 3074 2919 3130 vobis?
2952 3093 2971 3126 ι
3008 3074 3277 3131 Dixerunt
3301 3090 3515 3141 onmes,
3545 3090 3607 3129 ea
3632 3083 3746 3128 tum

478 3167 965 3238 ἀναγινωσκόμενα
984 3168 1046 3223 τὸ
1074 3169 1131 3223 ἓν
1155 3171 1491 3241 κηρύσσουσι
1515 3174 1611 3227 καὶ
1636 3173 1737 3228 οὐκ
1758 3174 2063 3229 ἐναντιοῦν-

2173 3165 2280 3222 sibi
2304 3173 2499 3220 mutuo
2519 3174 2634 3221 tum
2654 3181 2842 3222 secum
2874 3166 2991 3238 ipsa
3017 3167 3352 3223 consentire.
3394 3167 3542 3222 Dixit
3569 3168 3745 3238 impc-

477 3275 569 3312 ται
615 3259 869 3330 ἀλλήλοις
920 3258 979 3314 ἔν
1034 3278 1164 3316 τινι.
1197 3280 1215 3312 ι
1253 3262 1530 3327 ’Ἅπαντες
1581 3260 1769 3319 εἷπον⁸
1817 3285 1835 3318 ι
1875 3265 2064 3331 Οὕτως

478 3352 612 3422 ἔχει.
651 3371 670 3404 ι
700 3353 814 3407 Kal
846 3354 874 3406 6
906 3352 1160 3422 βασιλεὺς
1192 3354 1600 3426 ηύχαρίστησεν
1634 3357 1806 3412 εἰπών
1831 3374 1845 3389 ⁸
1883 3378 1902 3410 (
1928 3357 2066 3423 Δόξα

478 3444 558 3514 τῷ
608 3444 751 3516 ἀγίῳ
793 3446 914 3516 Θεῷ
960 3445 1039 3518 τῷ
1090 3447 1514 3518 οἰκονομήσαντι
1558 3449 1780 3517 οὑτωσὶ,
1826 3451 2067 3516 ἅπαντες

479 3534 912 3606 ὁμοφρονοῦμεν.
953 3554 974 3590 ι
1010 3536 1165 3591 Μετά
1200 3535 1376 3590 ταῦτα
1414 3537 1734 3610 ἀνεγνώσθη
1770 3539 2067 3610 κεφάλαιον

479 3628 669 3699 ἕτερον
698 3629 764 3683 ἐκ
787 3630 883 3685 τοῦ
932 3630 1212 3685 συνοδικοῦ
1253 3630 1347 3686 τοῦ
1392 3631 1646 3704 δευτέρου
1687 3632 1790 3704 τῆς
1823 3632 2068 3705 ἀναμνή-

484 3736 623 3785 σεως
651 3721 747 3775 καὶ
794 3722 1149 3796 εὐχαριστίας
1187 3723 1282 3778 τοῦ
1322 3725 1836 3796 ἀναγινωσκομένου
1865 3725 2069 3796 ὁμοίως

484 3813 573 3865 ἐπ’
607 3812 883 3885 ἄμϐωνος.

562 4018 580 4051 ι
615 4001 680 4055 Οἱ
713 4001 992 4072 προφῆται
1036 4002 1113 4068 ὡς
1151 3998 1313 4071 εἶδον,
1368 4005 1417 4057 oi
1452 4002 1742 4059 ἀπόστολοι
1785 4001 1861 4067 ὡς
1893 4001 2069 4058 ὲδίδα-
2098 4078 2105 4087 ⁸

489 4090 606 4156 ξαν,
653 4093 688 4162 ἡ
738 4091 1035 4164 Ἐκκλησία
1086 4093 1163 4159 ὡς
1210 4094 1510 4167 παρέλαϐε,
1559 4097 1609 4150 οἱ
1653 4094 1965 4150 διδάσκαλοι
1996 4094 2072 4159 ὡς

487 4180 873 4253 ἐδογμάτισαν,
932 4184 966 4252 ἡ
1022 4184 1317 4256 οίκουμᾶνη
1367 4186 1445 4249 ὠς
1496 4185 1975 4257 συμπεφρόνηκεν,
2035 4187 2071 4256 ή

488 4269 649 4340 χάρις
681 4269 758 4335 ὡς
809 4271 1071 4343 ἔλαμψεν,
1121 4275 1158 4347 ἡ
1194 4261 1422 4345 ἀλήθεια
1455 4274 1531 4336 ὡς
1585 4274 1963 4341 ἀποδέδεκται,
2011 4276 2073 4328 τὸ

485 4360 680 4431 ψεῦδος
698 4363 772 4426 ὡς
795 4363 1157 4436 ἀπελήλαται,
1183 4366 1217 4437 ὴ
1255 4366 1416 4436 σοφία
1440 4367 1515 4431 ὡς
1543 4366 2014 4440 ἐπαρρησιάσατο,
2044 4368 2074 4419 ό

492 4456 728 4526 Χριστὸς
756 4458 834 4521 ὡς
872 4456 1207 4526 ἐϐράϐευσεν
1231 4474 1246 4490 ⁸
1277 4459 1420 4513 οὕτω
1450 4459 1779 4532 φρονοῦμεν,
1806 4459 1952 4514 οὕτω
1980 4460 2073 4514 λα-

2167 3266 2357 3312 rator:
2398 3276 2416 3309 ι
2449 3257 2580 3324 Quae
2611 3274 2677 3313 cx
2706 3260 2940 3315 amboue
2978 3260 3268 3330 prtedicata
3312 3261 3561 3330 lectaque
3595 3269 3745 3320 sunt,

2168 3364 2341 3404 unum
2375 3358 2429 3404 et
2457 3349 2604 3404 idem
2630 3349 2952 3420 praedicant,
2985 3366 3089 3406 nec
3117 3350 3171 3404 in
3202 3352 3461 3422 quopiam
3491 3351 3594 3405 sibi
3629 3367 3750 3403 mu-

2170 3450 2267 3496 tuo
2317 3441 2707 3498 adversantur.
2756 3461 2774 3494 ι
2817 3442 3254 3514 Responderunt
3308 3458 3502 3497 omnes
3544 3459 3560 3499 :
3596 3461 3614 3494 (
3670 3443 3749 3497 Ita

2168 3548 2228 3589 se
2251 3534 2439 3589 habet.
2467 3553 2486 3586 ι
2525 3534 2664 3590 Tum
2703 3535 3009 3606 imperator
3025 3534 3231 3606 gratias
3253 3535 3364 3606 egit
3405 3535 3492 3590 his
3517 3533 3700 3588 verbis
3736 3554 3746 3588 :

2174 3645 2194 3678 ι
2230 3625 2417 3682 Gratia
2448 3635 2642 3684 sancto
2684 3627 2797 3683 Deo
2824 3628 2922 3698 qui
2960 3626 3038 3683 ita
3083 3628 3348 3698 providit,
3390 3643 3586 3683 omnes
3613 3642 3749 3684 cono

2169 3720 2459 3773 sentimus.
2504 3737 2522 3770 ι
2558 3719 2689 3774 Post
2742 3718 2861 3773 haec
2910 3718 3117 3775 lectum
3147 3728 3233 3775 est
3271 3728 3436 3791 caput
3479 3719 3630 3775 aliud
3682 3735 3751 3773 ex

2170 3811 2434 3881 synodico
2468 3808 2714 3866 secundo
2769 3810 3321 3867 commemorationis
3360 3819 3418 3866 et
3448 3812 3751 3883 gratiarum

2173 3902 2431 3968 actionis,
2462 3902 2610 3972 quod
2634 3918 2703 3957 ex
2733 3902 2992 3967 amboue,
3013 3910 3075 3956 ut
3095 3902 3359 3970 diximus,
3386 3903 3492 3975 legi
3519 3905 3751 3962 solebat.

2253 4014 2269 4046 ι
2308 3994 2600 4064 Propheta:
2630 4002 2691 4049 ut
2719 3993 3004 4056 viderunt,
3036 3993 3272 4062 apostoli
3327 4003 3388 4050 nt
3413 3994 3751 4058 docuerunt,

2186 4085 2437 4143 Ecclesia
2458 4092 2521 4139 ut
2559 4088 2793 4156 accepit,
2838 4086 3096 4143 doctores
3131 4094 3192 4140 ut
3241 4085 3574 4154 docuerunt,
3607 4089 3758 4144 orbis

2177 4191 2240 4237 ut
2264 4196 2370 4235 una
2405 4181 2711 4247 consensit,
2742 4180 2915 4250 gratia
2949 4189 3010 4236 ut
3051 4180 3281 4247 effulsit,
3309 4181 3517 4237 veritas
3572 4192 3631 4238 ut
3660 4184 3759 4237 de-

2176 4282 2485 4328 monstrata
2532 4282 2639 4339 est,
2696 4273 3046 4330 mendacium
3090 4281 3151 4328 ut
3181 4274 3471 4344 expulsum
3503 4283 3613 4339 est,
3669 4293 3758 4331 sa-

2178 4365 2384 4435 pientia
2413 4374 2475 4421 ut
2516 4366 2752 4423 ﬁdenter
2783 4369 2965 4424 locuta
2999 4378 3106 4433 est,
3139 4368 3393 4426 Christus
3441 4381 3501 4425 ut
3531 4374 3755 4443 pnemia

2177 4457 2467 4514 distribuit
2499 4477 2513 4526 ;
2554 4459 2634 4515 sic
2670 4460 2964 4527 sentimus,
2997 4461 3078 4518 sic
3115 4463 3420 4534 loquimur,
3450 4466 3528 4520 sic
3563 4467 3759 4537 praedi—

490 4547 712 4619 λοῦμεν,
735 4549 878 4603 οὕτω
910 4550 1261 4622 κηρύσσομεν
1276 4553 1515 4624 Χριστὸν
1540 4552 1631 4605 τὸν
1656 4551 1910 4623 ἀληθινὸν
1932 4552 2064 4607 Θεὸν

2182 4567 2374 4607 camus
2402 4551 2685 4609 Christum
2707 4569 2900 4609 verum
2940 4554 3112 4609 Deum
3154 4565 3404 4612 nostrum
3447 4566 3504 4611 et
3538 4569 3759 4614 sanctos

491 4639 651 4709 ἡμῶν
684 4639 780 4693 καὶ
824 4642 951 4704 τοὺς
991 4641 1182 4711 ἁγίους
1224 4643 1416 4713 αὑτοῦ,
1463 4645 1521 4699 ὲν
1557 4643 1738 4712 λόγοις
1782 4643 2074 4715 τιμῶντες,

493 4732 553 4784 ὲν
587 4733 959 4802 συγγραφαῖς,
994 4733 1054 4785 ὲν
1097 4734 1386 4804 νοήμασιν,
1436 4736 1494 4788 ὲν
1543 4735 1779 4800 θυσίαις,
1816 4737 1876 4789 ὲν
1904 4739 2075 4801 ναοῖς,

492 4823 553 4876 ἐν
599 4823 949 4895 είκονίσμασι
988 4840 1003 4855 ⁸
1041 4824 1133 4879 τὸν
1184 4827 1284 4896 μὲν
1355 4829 1431 4892 ὡς
1471 4827 1606 4882 Θεὸν
1658 4831 1755 4882 xal
1799 4830 2078 4901 Δεσπότην

493 4914 929 4984 προσκυνοῦντες
959 4917 1053 4970 καὶ
1085 4916 1358 4986 λέγοντες,
1392 4919 1521 4984 τοὺς
1557 4918 1615 4974 δὲ
1657 4919 1747 4974 διά
1778 4920 1872 4974 τὸν
1901 4921 2080 4975 κοινὸν

495 5004 776 5077 Δεσπότην
821 5007 918 5061 καὶ
967 5005 1044 5072 ὡς
1090 5007 1257 5062 αὐτοῦ
1306 5009 1566 5080 γνησίους
1612 5009 1954 5083 θεράποντας
1997 5028 2080 5066 τι-

418 5117 422 5120 ⁴
501 5092 868 5165 μῶντες,’καὶ
902 5098 1002 5170 τὴν
1041 5099 1184 5153 κατά
1223 5103 1408 5172 σχέσιν
1456 5102 1832 5174 προσκύνησιν
1880 5104 2080 5159 ἀπονέ-

500 5207 713 5259 μοντες.
748 5209 769 5243 ι

569 5283 730 5337 Μετὰ
765 5283 865 5353 τὴν
903 5283 1212 5353 ἀνάγνωσιν
1242 5285 1458 5351 τούτου,
1490 5287 1519 5338 6
1555 5285 1808 5357 βασιλεὺς
1846 5304 2082 5356 συναγα-

500 5375 613 5444 γὼν
656 5375 767 5429 τῶν
798 5377 1265 5445 ἀναγνωσθέντων
1308 5377 1403 5432 δύο
1455 5378 1772 5449 κεφαλαίων
1818 5380 1911 5434 τὸν
1957 5381 2082 5434 νοῦν

499 5461 655 5520 εἶπεν
682 5481 697 5497 ⁸
729 5484 749 5518 ι
782 5466 845 5520 El
895 5467 947 5520 οί
991 5467 1281 5522 ἀπόστολοι
1311 5467 1388 5530 ὡς
1417 5468 1680 5535 ἐδίδαξαν,
1714 5470 1765 5523 oi
1805 5471 2083 5541 προφῆται

505 5576 527 5612 ι
559 5558 638 5623 ὡς
664 5553 825 5622 εἶδον,
845 5559 894 5612 oi
921 5558 1234 5614 διδάσκαλοι
1263 5559 1339 5624 ὡς
1368 5560 1755 5632 ὲδογμάτισαν,
1791 5562 1821 5615 6
1848 5564 2085 5635 Χριστὸς

504 5668 528 5703 ι
560 5649 639 5715 ὥς
664 5649 988 5720 ὲϐράϐευσε,
1033 5651 1130 5706 καὶ
1183 5653 1254 5707 τὰ
1300 5653 1465 5707 λοιπά
1487 5669 1502 5683 ⁸
1556 5652 1703 5708 οὕτω
1749 5655 1814 5726 δὴ
1867 5659 2086 5726 φρονεῖν

507 5756 527 5791 ι
565 5738 935 5809 παραδίδωσιν
968 5741 1104 5810 ἡμῖν
1140 5740 1202 5795 τὺ
1235 5741 1534 5808 συνοδικδν,
1565 5743 1661 5796 καὶ
1695 5743 1793 5815 οὐχ
1842 5746 2048 5817 ἑτέρως
2069 5764 2083 5779 ⁸

508 5848 527 5883 ι
563 5830 805 5903 εὔδηλον,
838 5831 922 5887 ὅτι
964 5832 1104 5887 κατά
1129 5832 1227 5905 τὴν
1254 5833 1449 5890 τούτου
1490 5835 1790 5908 παράδοσιν
1818 5838 1944 5903 τοὺς
1985 5838 2084 5912 μὲν

2179 4645 2324 4715 ejus,
2370 4645 2575 4710 verbis,
2631 4646 2874 4717 scriptis,
2928 4647 3380 4718 cogitationibus,
3447 4648 3757 4709 sacriﬁciis,

2181 4736 2424 4807 templis,
2463 4736 2796 4808 imaginibus
2823 4738 3194 4805 honorantes;
3250 4739 3405 4792 illum
3444 4737 3668 4807 quidem
3703 4752 3763 4794 ut

2179 4830 2351 4884 Deum
2375 4844 2438 4885 ac
2467 4829 2759 4885 Dominum
2800 4828 3095 4885 adorantes
3118 4837 3174 4884 et
3213 4829 3596 4898 pra-dieautes,
3624 4831 3756 4887 illos

2181 4934 2316 4976 vero
2340 4928 2568 4992 propter
2591 4933 2939 4975 communem
2974 4919 3268 4975 Dominum
3298 4928 3356 4975 et
3378 4930 3440 4975 ut
3471 4936 3763 4992 germanos

2182 5011 2306 5081 ejus
2333 5011 2571 5066 famulos
2606 5011 2966 5080 honorantes,
3020 5020 3078 5069 et
3117 5010 3346 5067 relative
3379 5011 3515 5080 ipsis
3561 5012 3762 5070 adora-

2187 5104 2396 5160 tiouem
2424 5104 2775 5161 exhibentes.
2810 5123 2829 5156 ι

2259 5283 2359 5339 His
2391 5282 2676 5353 perlectis,
2707 5281 3030 5352 imperator,
3067 5280 3301 5338 collecto
3330 5281 3567 5338 duorum
3617 5284 3768 5353 capi-

2187 5385 2304 5431 tum
2341 5391 2465 5446 quae
2511 5376 2653 5430 lecta
2678 5374 2897 5429 inerant
2941 5389 3131 5441 sensu,
3165 5364 3345 5431 dixit:
3377 5394 3397 5428 (
3443 5375 3501 5431 Si
3533 5375 3767 5446 apostoli

2194 5485 2214 5518 ι
2265 5477 2326 5520 ιιι
2371 5467 2704 5532 docuerunt,
2740 5465 3027 5536 prophetae
3078 5474 3140 5521 ιιι
3189 5466 3471 5532 viderunt,
3512 5466 3767 5519 doctores

2195 5578 2215 5613 ι
2258 5569 2321 5615 ιιι
2341 5567 2873 5625 commonstrarunt,
2903 5558 3164 5615 Christus
3205 5568 3263 5614 ut
3286 5557 3509 5629 praemia
3537 5558 3768 5627 largitus

2196 5673 2216 5706 ‹
2258 5662 2364 5719 est,
2394 5662 2452 5708 et
2480 5661 2700 5717 caetera,
2739 5652 2818 5707 sic
2854 5651 3019 5707 nobis
3052 5650 3400 5708 sentiendum
3440 5663 3561 5705 esse
3599 5649 3768 5703 tradit

2194 5767 2213 5800 ι
2258 5744 2579 5818 synodicum
2612 5753 2669 5800 ct
2703 5759 2814 5798 non
2851 5746 2959 5800 alio
2982 5744 3171 5807 modo,
3223 5743 3399 5812 palam
3431 5749 3517 5795 est
3548 5754 3614 5794 ex
3645 5741 3768 5810 ejus

2200 5859 2216 5892 ι
2263 5820 2568 5895 traditione
2598 5851 2699 5892 nos
2734 5834 2980 5907 quidem,
3017 5842 3235 5892 sanctos
3262 5840 3323 5888 ut
3353 5831 3559 5888 Christi
3585 5831 3767 5888 famu-
