  <div class='ocr_page' id='page_1' title='image "/cluster/home/n/w/nwhite01/storage/ocr_20150623/127/coo.31924054870328/499.png"; bbox 0 0 4064 6430; ppageno 0'>
   <div class='ocr_carea' id='block_1_1' title="bbox 368 291 477 357">
    <p class='ocr_par' dir='ltr' id='par_1_1' title="bbox 368 291 477 357">
     <span class='ocr_line' id='line_1_1' title="bbox 368 291 477 357; baseline -0.028 -1"><span class='ocrx_word' id='word_1_1' title='bbox 368 291 477 357; x_wconf 82' lang='lat'><strong>983</strong></span> 
     </span>
    </p>
   </div>
   <div class='ocr_carea' id='block_1_2' title="bbox 1089 295 2861 369">
    <p class='ocr_par' dir='ltr' id='par_1_2' title="bbox 1089 295 2861 369">
     <span class='ocr_line' id='line_1_2' title="bbox 1089 295 2861 369; baseline 0.008 -15"><span class='ocrx_word' id='word_1_2' title='bbox 1089 295 1359 356; x_wconf 85' lang='lat' dir='ltr'><strong>ALEXII</strong></span> <span class='ocrx_word' id='word_1_3' title='bbox 1397 295 1741 359; x_wconf 82' lang='lat' dir='ltr'><strong>COMNENI</strong></span> <span class='ocrx_word' id='word_1_4' title='bbox 1775 296 2144 361; x_wconf 70' lang='lat' dir='ltr'><strong>NOVELL/E</strong></span> <span class='ocrx_word' id='word_1_5' title='bbox 2179 302 2861 369; x_wconf 81' lang='lat' dir='ltr'><strong>CONSTITUTIONES.</strong></span> 
     </span>
    </p>
   </div>
   <div class='ocr_carea' id='block_1_3' title="bbox 3539 313 3648 376">
    <p class='ocr_par' dir='ltr' id='par_1_3' title="bbox 3539 313 3648 376">
     <span class='ocr_line' id='line_1_3' title="bbox 3539 313 3648 376; baseline 0 0"><span class='ocrx_word' id='word_1_6' title='bbox 3539 313 3648 376; x_wconf 72' lang='grc'><strong>984</strong></span> 
     </span>
    </p>
   </div>
   <div class='ocr_carea' id='block_1_4' title="bbox 379 405 1956 490">
    <p class='ocr_par' dir='ltr' id='par_1_4' title="bbox 379 405 1952 480">
     <span class='ocr_line' id='line_1_4' title="bbox 379 405 1952 480; baseline 0.001 -20"><span class='ocrx_word' id='word_1_7' title='bbox 379 426 398 454; x_wconf 74' lang='grc' dir='ltr'><strong><em>ε</em></strong></span> <span class='ocrx_word' id='word_1_8' title='bbox 441 406 524 462; x_wconf 88' lang='lat' dir='ltr'><strong>los</strong></span> <span class='ocrx_word' id='word_1_9' title='bbox 554 414 782 477; x_wconf 76' lang='lat' dir='ltr'><strong>propter</strong></span> <span class='ocrx_word' id='word_1_10' title='bbox 807 405 1088 463; x_wconf 72' lang='lat' dir='ltr'><strong>Christum</strong></span> <span class='ocrx_word' id='word_1_11' title='bbox 1110 417 1168 463; x_wconf 88' lang='lat' dir='ltr'><strong>et</strong></span> <span class='ocrx_word' id='word_1_12' title='bbox 1199 423 1395 463; x_wconf 89' lang='lat' dir='ltr'><strong>eorum</strong></span> <span class='ocrx_word' id='word_1_13' title='bbox 1419 422 1550 480; x_wconf 81' lang='lat' dir='ltr'><strong>erga</strong></span> <span class='ocrx_word' id='word_1_14' title='bbox 1577 408 1757 479; x_wconf 91' lang='lat' dir='ltr'><strong>ipsum</strong></span> <span class='ocrx_word' id='word_1_15' title='bbox 1776 407 1952 463; x_wconf 88' lang='lat' dir='ltr'><strong>famu-</strong></span> 
     </span>
    </p>
   </div>
   <div class='ocr_carea' id='block_1_5' title="bbox 2060 405 3648 490">
    <p class='ocr_par' dir='ltr' id='par_1_5' title="bbox 2063 411 3648 490">
     <span class='ocr_line' id='line_1_5' title="bbox 2063 411 3648 490; baseline 0.007 -27"><span class='ocrx_word' id='word_1_16' title='bbox 2063 428 2081 462; x_wconf 79' lang='grc' dir='ltr'><strong>ι</strong></span> <span class='ocrx_word' id='word_1_17' title='bbox 2117 411 2306 481; x_wconf 77' lang='grc' dir='ltr'><strong>ἁγίους</strong></span> <span class='ocrx_word' id='word_1_18' title='bbox 2335 414 2412 478; x_wconf 86' lang='grc' dir='ltr'><strong>ώς</strong></span> <span class='ocrx_word' id='word_1_19' title='bbox 2445 413 2788 487; x_wconf 86' lang='grc' dir='ltr'>θεράποντας</span> <span class='ocrx_word' id='word_1_20' title='bbox 2837 417 3075 490; x_wconf 77' lang='grc' dir='ltr'><strong>Χριστοῦ</strong></span> <span class='ocrx_word' id='word_1_21' title='bbox 3112 419 3527 490; x_wconf 79' lang='grc' dir='ltr'><strong>προσκυνοῦμεν</strong></span> <span class='ocrx_word' id='word_1_22' title='bbox 3557 421 3648 483; x_wconf 78' lang='grc' dir='ltr'>διὰ</span> 
     </span>
    </p>
   </div>
   <div class='ocr_carea' id='block_1_6' title="bbox 358 499 1953 565">
    <p class='ocr_par' dir='ltr' id='par_1_6' title="bbox 358 499 1953 565">
     <span class='ocr_line' id='line_1_6' title="bbox 358 499 1953 565; baseline 0.001 -10"><span class='ocrx_word' id='word_1_23' title='bbox 358 519 396 555; x_wconf 76' lang='grc' dir='ltr'><strong>,ι</strong></span> <span class='ocrx_word' id='word_1_24' title='bbox 442 500 638 565; x_wconf 90' lang='lat' dir='ltr'><strong>latum,</strong></span> <span class='ocrx_word' id='word_1_25' title='bbox 679 499 965 556; x_wconf 75' lang='lat' dir='ltr'><strong>Christum</strong></span> <span class='ocrx_word' id='word_1_26' title='bbox 1024 516 1158 556; x_wconf 87' lang='lat' dir='ltr'><strong>vero</strong></span> <span class='ocrx_word' id='word_1_27' title='bbox 1213 510 1276 557; x_wconf 88' lang='lat' dir='ltr'><strong>ut</strong></span> <span class='ocrx_word' id='word_1_28' title='bbox 1324 500 1500 558; x_wconf 89' lang='lat' dir='ltr'><strong>Deum</strong></span> <span class='ocrx_word' id='word_1_29' title='bbox 1545 517 1610 557; x_wconf 88' lang='lat' dir='ltr'><strong>ac</strong></span> <span class='ocrx_word' id='word_1_30' title='bbox 1659 502 1953 558; x_wconf 91' lang='lat' dir='ltr'><strong>Dominum</strong></span> 
     </span>
    </p>
   </div>
   <div class='ocr_carea' id='block_1_7' title="bbox 377 584 1958 669">
    <p class='ocr_par' dir='ltr' id='par_1_7' title="bbox 377 584 1958 669">
     <span class='ocr_line' id='line_1_7' title="bbox 377 584 1958 669; baseline 0.006 -27"><span class='ocrx_word' id='word_1_31' title='bbox 377 614 395 642; x_wconf 79' lang='grc' dir='ltr'><strong>ε</strong></span> <span class='ocrx_word' id='word_1_32' title='bbox 444 592 678 648; x_wconf 90' lang='lat' dir='ltr'><strong>adorare</strong></span> <span class='ocrx_word' id='word_1_33' title='bbox 727 600 954 667; x_wconf 94' lang='lat' dir='ltr'><strong>propter</strong></span> <span class='ocrx_word' id='word_1_34' title='bbox 1002 592 1183 665; x_wconf 91' lang='lat' dir='ltr'><strong>ipsum</strong></span> <span class='ocrx_word' id='word_1_35' title='bbox 1232 584 1520 663; x_wconf 79' lang='lat' dir='ltr'><strong>videlicet,</strong></span> <span class='ocrx_word' id='word_1_36' title='bbox 1574 611 1685 651; x_wconf 91' lang='lat' dir='ltr'><strong>non</strong></span> <span class='ocrx_word' id='word_1_37' title='bbox 1729 607 1958 669; x_wconf 85' lang='lat' dir='ltr'><strong>prepter</strong></span> 
     </span>
    </p>
   </div>
   <div class='ocr_carea' id='block_1_8' title="bbox 379 684 1955 758">
    <p class='ocr_par' dir='ltr' id='par_1_8' title="bbox 379 684 1955 758">
     <span class='ocr_line' id='line_1_8' title="bbox 379 684 1955 758; baseline 0.003 -23"><span class='ocrx_word' id='word_1_38' title='bbox 379 703 398 735; x_wconf 77' lang='grc' dir='ltr'><strong>ε</strong></span> <span class='ocrx_word' id='word_1_39' title='bbox 444 684 611 738; x_wconf 89' lang='lat' dir='ltr'><strong>alium</strong></span> <span class='ocrx_word' id='word_1_40' title='bbox 639 703 654 751; x_wconf 91' lang='lat'><strong>;</strong></span> <span class='ocrx_word' id='word_1_41' title='bbox 682 685 755 739; x_wconf 89' lang='lat' dir='ltr'><strong>ita</strong></span> <span class='ocrx_word' id='word_1_42' title='bbox 785 692 844 739; x_wconf 86' lang='lat' dir='ltr'><strong>ut</strong></span> <span class='ocrx_word' id='word_1_43' title='bbox 879 696 1200 741; x_wconf 86' lang='lat' dir='ltr'><strong>sanctorum</strong></span> <span class='ocrx_word' id='word_1_44' title='bbox 1235 686 1504 758; x_wconf 78' lang='lat' dir='ltr'><strong>imagines</strong></span> <span class='ocrx_word' id='word_1_45' title='bbox 1526 686 1826 742; x_wconf 84' lang='lat' dir='ltr'><strong>adoremus</strong></span> <span class='ocrx_word' id='word_1_46' title='bbox 1864 699 1955 739; x_wconf 87' lang='lat' dir='ltr'><strong>re-</strong></span> 
     </span>
    </p>
   </div>
   <div class='ocr_carea' id='block_1_9' title="bbox 378 770 1954 847">
    <p class='ocr_par' dir='ltr' id='par_1_9' title="bbox 378 770 1954 847">
     <span class='ocr_line' id='line_1_9' title="bbox 378 770 1954 847; baseline 0.006 -28"><span class='ocrx_word' id='word_1_47' title='bbox 378 792 396 819; x_wconf 78' lang='grc' dir='ltr'><strong>ε</strong></span> <span class='ocrx_word' id='word_1_48' title='bbox 437 770 604 826; x_wconf 85' lang='lat' dir='ltr'><strong>lative</strong></span> <span class='ocrx_word' id='word_1_49' title='bbox 640 780 868 841; x_wconf 86' lang='lat' dir='ltr'><strong>propter</strong></span> <span class='ocrx_word' id='word_1_50' title='bbox 900 771 1069 842; x_wconf 90' lang='lat' dir='ltr'><strong>ipsos,</strong></span> <span class='ocrx_word' id='word_1_51' title='bbox 1105 773 1256 844; x_wconf 92' lang='lat' dir='ltr'><strong>ipsos</strong></span> <span class='ocrx_word' id='word_1_52' title='bbox 1282 786 1467 831; x_wconf 89' lang='lat' dir='ltr'><strong>autem</strong></span> <span class='ocrx_word' id='word_1_53' title='bbox 1498 787 1722 847; x_wconf 80' lang='lat' dir='ltr'><strong>pr0pter</strong></span> <span class='ocrx_word' id='word_1_54' title='bbox 1758 790 1954 831; x_wconf 88' lang='lat' dir='ltr'><strong>eorum</strong></span> 
     </span>
    </p>
   </div>
   <div class='ocr_carea' id='block_1_10' title="bbox 378 854 1953 929">
    <p class='ocr_par' dir='ltr' id='par_1_10' title="bbox 378 854 1953 929">
     <span class='ocr_line' id='line_1_10' title="bbox 378 854 1953 929; baseline 0.002 -17"><span class='ocrx_word' id='word_1_55' title='bbox 378 878 395 907; x_wconf 74' lang='grc' dir='ltr'><strong>ι</strong></span> <span class='ocrx_word' id='word_1_56' title='bbox 441 873 568 929; x_wconf 86' lang='lat' dir='ltr'><strong>erga</strong></span> <span class='ocrx_word' id='word_1_57' title='bbox 626 872 981 915; x_wconf 89' lang='lat' dir='ltr'><strong>communem</strong></span> <span class='ocrx_word' id='word_1_58' title='bbox 1040 854 1335 917; x_wconf 89' lang='lat' dir='ltr'><strong>Dominum</strong></span> <span class='ocrx_word' id='word_1_59' title='bbox 1401 863 1751 918; x_wconf 76' lang='lat' dir='ltr'><strong>famulatum.</strong></span> <span class='ocrx_word' id='word_1_60' title='bbox 1815 862 1953 928; x_wconf 73' lang='lat' dir='ltr'><strong>Qua:</strong></span> 
     </span>
    </p>
   </div>
   <div class='ocr_carea' id='block_1_11' title="bbox 377 944 1953 1025">
    <p class='ocr_par' dir='ltr' id='par_1_11' title="bbox 377 944 1953 1025">
     <span class='ocr_line' id='line_1_11' title="bbox 377 944 1953 1025; baseline 0.001 -19"><span class='ocrx_word' id='word_1_61' title='bbox 377 972 394 1000; x_wconf 75' lang='grc' dir='ltr'><strong>ι</strong></span> <span class='ocrx_word' id='word_1_62' title='bbox 443 961 629 1007; x_wconf 89' lang='lat' dir='ltr'><strong>autem</strong></span> <span class='ocrx_word' id='word_1_63' title='bbox 664 953 730 1008; x_wconf 90' lang='lat' dir='ltr'><strong>ad</strong></span> <span class='ocrx_word' id='word_1_64' title='bbox 763 944 1049 1009; x_wconf 84' lang='lat' dir='ltr'><strong>Christum</strong></span> <span class='ocrx_word' id='word_1_65' title='bbox 1076 963 1289 1025; x_wconf 88' lang='lat' dir='ltr'><strong>spectat</strong></span> <span class='ocrx_word' id='word_1_66' title='bbox 1330 955 1604 1022; x_wconf 88' lang='lat' dir='ltr'><strong>adoratio,</strong></span> <span class='ocrx_word' id='word_1_67' title='bbox 1652 955 1814 1009; x_wconf 89' lang='lat' dir='ltr'><strong>latria</strong></span> <span class='ocrx_word' id='word_1_68' title='bbox 1849 962 1953 1009; x_wconf 88' lang='lat' dir='ltr'><strong>est.</strong></span> 
     </span>
    </p>
   </div>
   <div class='ocr_carea' id='block_1_12' title="bbox 377 1045 1954 1117">
    <p class='ocr_par' dir='ltr' id='par_1_12' title="bbox 377 1045 1954 1117">
     <span class='ocr_line' id='line_1_12' title="bbox 377 1045 1954 1117; baseline 0 -17"><span class='ocrx_word' id='word_1_69' title='bbox 377 1065 393 1093; x_wconf 72' lang='grc' dir='ltr'><strong>ι</strong></span> <span class='ocrx_word' id='word_1_70' title='bbox 442 1045 579 1100; x_wconf 88' lang='lat' dir='ltr'><strong>Nam</strong></span> <span class='ocrx_word' id='word_1_71' title='bbox 614 1046 707 1116; x_wconf 88' lang='lat' dir='ltr'><strong>qui</strong></span> <span class='ocrx_word' id='word_1_72' title='bbox 738 1047 917 1117; x_wconf 84' lang='lat' dir='ltr'><strong>ipsum</strong></span> <span class='ocrx_word' id='word_1_73' title='bbox 953 1048 1171 1112; x_wconf 87' lang='lat' dir='ltr'><strong>adorat,</strong></span> <span class='ocrx_word' id='word_1_74' title='bbox 1205 1064 1314 1103; x_wconf 92' lang='lat' dir='ltr'><strong>una</strong></span> <span class='ocrx_word' id='word_1_75' title='bbox 1352 1048 1571 1103; x_wconf 89' lang='lat' dir='ltr'><strong>Patrem</strong></span> <span class='ocrx_word' id='word_1_76' title='bbox 1600 1055 1657 1101; x_wconf 91' lang='lat' dir='ltr'><strong>et</strong></span> <span class='ocrx_word' id='word_1_77' title='bbox 1685 1045 1954 1117; x_wconf 89' lang='lat' dir='ltr'><strong>Spiritum</strong></span> 
     </span>
    </p>
   </div>
   <div class='ocr_carea' id='block_1_13' title="bbox 375 1137 1956 1209">
    <p class='ocr_par' dir='ltr' id='par_1_13' title="bbox 375 1137 1956 1209">
     <span class='ocr_line' id='line_1_13' title="bbox 375 1137 1956 1209; baseline 0.001 -21"><span class='ocrx_word' id='word_1_78' title='bbox 375 1154 393 1181; x_wconf 71' lang='grc' dir='ltr'><em>α</em></span> <span class='ocrx_word' id='word_1_79' title='bbox 442 1142 695 1190; x_wconf 84' lang='lat' dir='ltr'><strong>sanctum</strong></span> <span class='ocrx_word' id='word_1_80' title='bbox 726 1137 940 1192; x_wconf 89' lang='lat' dir='ltr'><strong>adorat.</strong></span> <span class='ocrx_word' id='word_1_81' title='bbox 974 1137 1106 1204; x_wconf 62' lang='lat' dir='ltr'><strong>Quae</strong></span> <span class='ocrx_word' id='word_1_82' title='bbox 1127 1144 1308 1191; x_wconf 85' lang='lat' dir='ltr'><strong>autem</strong></span> <span class='ocrx_word' id='word_1_83' title='bbox 1334 1138 1455 1209; x_wconf 83' lang='lat' dir='ltr'><strong>ejus</strong></span> <span class='ocrx_word' id='word_1_84' title='bbox 1504 1137 1799 1208; x_wconf 78' lang='lat' dir='ltr'><strong>imaginem</strong></span> <span class='ocrx_word' id='word_1_85' title='bbox 1865 1150 1956 1189; x_wconf 81' lang='lat' dir='ltr'><strong>re-</strong></span> 
     </span>
    </p>
   </div>
   <div class='ocr_carea' id='block_1_14' title="bbox 378 1227 1954 1301">
    <p class='ocr_par' dir='ltr' id='par_1_14' title="bbox 378 1227 1954 1301">
     <span class='ocr_line' id='line_1_14' title="bbox 378 1227 1954 1301; baseline 0.003 -24"><span class='ocrx_word' id='word_1_86' title='bbox 378 1250 395 1276; x_wconf 76' lang='grc' dir='ltr'><strong>ε</strong></span> <span class='ocrx_word' id='word_1_87' title='bbox 442 1227 628 1297; x_wconf 87' lang='lat' dir='ltr'><strong>spicit,</strong></span> <span class='ocrx_word' id='word_1_88' title='bbox 664 1245 727 1284; x_wconf 91' lang='lat' dir='ltr'><strong>ea</strong></span> <span class='ocrx_word' id='word_1_89' title='bbox 771 1230 884 1300; x_wconf 90' lang='lat' dir='ltr'><strong>ipsa</strong></span> <span class='ocrx_word' id='word_1_90' title='bbox 922 1238 1025 1284; x_wconf 91' lang='lat' dir='ltr'><strong>est.</strong></span> <span class='ocrx_word' id='word_1_91' title='bbox 1079 1228 1222 1301; x_wconf 89' lang='lat' dir='ltr'><strong>Quid</strong></span> <span class='ocrx_word' id='word_1_92' title='bbox 1281 1230 1428 1285; x_wconf 90' lang='lat' dir='ltr'><strong>enim</strong></span> <span class='ocrx_word' id='word_1_93' title='bbox 1477 1231 1666 1284; x_wconf 89' lang='lat' dir='ltr'><strong>vetat?</strong></span> <span class='ocrx_word' id='word_1_94' title='bbox 1701 1227 1954 1295; x_wconf 81' lang='lat' dir='ltr'><strong>Quorum</strong></span> 
     </span>
    </p>
   </div>
   <div class='ocr_carea' id='block_1_15' title="bbox 377 1320 1959 1395">
    <p class='ocr_par' dir='ltr' id='par_1_15' title="bbox 377 1320 1959 1395">
     <span class='ocr_line' id='line_1_15' title="bbox 377 1320 1959 1395; baseline 0.005 -26"><span class='ocrx_word' id='word_1_95' title='bbox 377 1342 395 1369; x_wconf 77' lang='grc' dir='ltr'><strong>ε</strong></span> <span class='ocrx_word' id='word_1_96' title='bbox 442 1321 588 1376; x_wconf 91' lang='lat' dir='ltr'><strong>enim</strong></span> <span class='ocrx_word' id='word_1_97' title='bbox 615 1320 792 1376; x_wconf 88' lang='lat' dir='ltr'><strong>virtus</strong></span> <span class='ocrx_word' id='word_1_98' title='bbox 812 1338 915 1376; x_wconf 92' lang='lat' dir='ltr'><strong>una</strong></span> <span class='ocrx_word' id='word_1_99' title='bbox 938 1331 995 1377; x_wconf 89' lang='lat' dir='ltr'><strong>et</strong></span> <span class='ocrx_word' id='word_1_100' title='bbox 1017 1322 1191 1393; x_wconf 80' lang='lat' dir='ltr'><strong>gloria</strong></span> <span class='ocrx_word' id='word_1_101' title='bbox 1222 1339 1353 1387; x_wconf 89' lang='lat' dir='ltr'><strong>una,</strong></span> <span class='ocrx_word' id='word_1_102' title='bbox 1372 1339 1566 1378; x_wconf 89' lang='lat' dir='ltr'><strong>eorum</strong></span> <span class='ocrx_word' id='word_1_103' title='bbox 1592 1324 1783 1395; x_wconf 86' lang='lat' dir='ltr'><strong>utique</strong></span> <span class='ocrx_word' id='word_1_104' title='bbox 1814 1338 1959 1377; x_wconf 91' lang='lat' dir='ltr'><strong>unus</strong></span> 
     </span>
    </p>
   </div>
   <div class='ocr_carea' id='block_1_16' title="bbox 379 1415 1959 1471">
    <p class='ocr_par' dir='ltr' id='par_1_16' title="bbox 379 1415 1959 1471">
     <span class='ocr_line' id='line_1_16' title="bbox 379 1415 1959 1471; baseline 0 -2"><span class='ocrx_word' id='word_1_105' title='bbox 379 1424 396 1461; x_wconf 68' lang='grc' dir='ltr'>ἀ</span> <span class='ocrx_word' id='word_1_106' title='bbox 448 1424 536 1469; x_wconf 86' lang='lat' dir='ltr'><strong>est</strong></span> <span class='ocrx_word' id='word_1_107' title='bbox 569 1415 752 1470; x_wconf 89' lang='lat' dir='ltr'><strong>cultus</strong></span> <span class='ocrx_word' id='word_1_108' title='bbox 785 1426 841 1470; x_wconf 92' lang='lat' dir='ltr'><strong>et</strong></span> <span class='ocrx_word' id='word_1_109' title='bbox 890 1433 996 1471; x_wconf 90' lang='lat' dir='ltr'><strong>una</strong></span> <span class='ocrx_word' id='word_1_110' title='bbox 1046 1416 1323 1471; x_wconf 90' lang='lat' dir='ltr'><strong>adoratio.</strong></span> <span class='ocrx_word' id='word_1_111' title='bbox 1362 1415 1468 1471; x_wconf 88' lang='lat' dir='ltr'><strong>Sed</strong></span> <span class='ocrx_word' id='word_1_112' title='bbox 1520 1415 1637 1471; x_wconf 64' lang='lat' dir='ltr'><strong>haec</strong></span> <span class='ocrx_word' id='word_1_113' title='bbox 1666 1424 1847 1470; x_wconf 90' lang='lat' dir='ltr'><strong>tamen</strong></span> <span class='ocrx_word' id='word_1_114' title='bbox 1874 1424 1959 1469; x_wconf 88' lang='lat' dir='ltr'><strong>est</strong></span> 
     </span>
    </p>
   </div>
   <div class='ocr_carea' id='block_1_17' title="bbox 379 1505 1959 1581">
    <p class='ocr_par' dir='ltr' id='par_1_17' title="bbox 379 1505 1959 1581">
     <span class='ocr_line' id='line_1_17' title="bbox 379 1505 1959 1581; baseline -0.001 -21"><span class='ocrx_word' id='word_1_115' title='bbox 379 1527 396 1554; x_wconf 78' lang='grc' dir='ltr'><strong>ι</strong></span> <span class='ocrx_word' id='word_1_116' title='bbox 450 1506 676 1562; x_wconf 86' lang='lat' dir='ltr'><strong>relativa</strong></span> <span class='ocrx_word' id='word_1_117' title='bbox 699 1508 816 1563; x_wconf 92' lang='lat' dir='ltr'><strong>sive</strong></span> <span class='ocrx_word' id='word_1_118' title='bbox 833 1508 1240 1581; x_wconf 88' lang='lat' dir='ltr'><strong>homonymica,</strong></span> <span class='ocrx_word' id='word_1_119' title='bbox 1260 1516 1321 1561; x_wconf 92' lang='lat' dir='ltr'><strong>ut</strong></span> <span class='ocrx_word' id='word_1_120' title='bbox 1341 1507 1417 1561; x_wconf 91' lang='lat' dir='ltr'><strong>ait</strong></span> <span class='ocrx_word' id='word_1_121' title='bbox 1436 1515 1659 1562; x_wconf 91' lang='lat' dir='ltr'><strong>sanctus</strong></span> <span class='ocrx_word' id='word_1_122' title='bbox 1676 1505 1959 1562; x_wconf 87' lang='lat' dir='ltr'><strong>confessor</strong></span> 
     </span>
    </p>
   </div>
   <div class='ocr_carea' id='block_1_18' title="bbox 378 1584 1955 1668">
    <p class='ocr_par' dir='ltr' id='par_1_18' title="bbox 378 1584 1955 1668">
     <span class='ocr_line' id='line_1_18' title="bbox 378 1584 1955 1668; baseline 0.002 -19"><span class='ocrx_word' id='word_1_123' title='bbox 378 1620 395 1649; x_wconf 78' lang='grc' dir='ltr'><strong>ε</strong></span> <span class='ocrx_word' id='word_1_124' title='bbox 443 1584 771 1657; x_wconf 87' lang='lat' dir='ltr'><strong>Theodorus</strong></span> <span class='ocrx_word' id='word_1_125' title='bbox 812 1600 1036 1657; x_wconf 88' lang='lat' dir='ltr'><strong>Studita</strong></span> <span class='ocrx_word' id='word_1_126' title='bbox 1071 1602 1122 1656; x_wconf 93' lang='lat' dir='ltr'><strong>in</strong></span> <span class='ocrx_word' id='word_1_127' title='bbox 1161 1618 1261 1656; x_wconf 89' lang='lat' dir='ltr'><strong>sua</strong></span> <span class='ocrx_word' id='word_1_128' title='bbox 1308 1600 1377 1655; x_wconf 90' lang='lat' dir='ltr'><strong>ad</strong></span> <span class='ocrx_word' id='word_1_129' title='bbox 1432 1598 1795 1655; x_wconf 79' lang='lat' dir='ltr'><strong>Athanasium</strong></span> <span class='ocrx_word' id='word_1_130' title='bbox 1836 1598 1955 1668; x_wconf 87' lang='lat' dir='ltr'><strong>epi-</strong></span> 
     </span>
    </p>
   </div>
   <div class='ocr_carea' id='block_1_19' title="bbox 376 1680 1183 1748">
    <p class='ocr_par' dir='ltr' id='par_1_19' title="bbox 376 1680 1183 1748">
     <span class='ocr_line' id='line_1_19' title="bbox 376 1680 1183 1748; baseline -0.001 -3"><span class='ocrx_word' id='word_1_131' title='bbox 376 1711 392 1738; x_wconf 78' lang='grc' dir='ltr'><strong>ι</strong></span> <span class='ocrx_word' id='word_1_132' title='bbox 440 1692 601 1748; x_wconf 89' lang='lat' dir='ltr'><strong>stola.</strong></span> <span class='ocrx_word' id='word_1_133' title='bbox 642 1712 662 1744; x_wconf 73' lang='grc' dir='ltr'><strong>ι</strong></span> <span class='ocrx_word' id='word_1_134' title='bbox 1178 1680 1183 1685; x_wconf 76' lang='grc'><em>’</em></span> 
     </span>
    </p>
   </div>
   <div class='ocr_carea' id='block_1_20' title="bbox 441 1783 1954 1857">
    <p class='ocr_par' dir='ltr' id='par_1_20' title="bbox 441 1783 1954 1857">
     <span class='ocr_line' id='line_1_20' title="bbox 441 1783 1954 1857; baseline 0.001 -21"><span class='ocrx_word' id='word_1_135' title='bbox 441 1783 541 1837; x_wconf 82' lang='lat' dir='ltr'><strong>His</strong></span> <span class='ocrx_word' id='word_1_136' title='bbox 596 1783 762 1839; x_wconf 90' lang='lat' dir='ltr'><strong>dictis</strong></span> <span class='ocrx_word' id='word_1_137' title='bbox 817 1786 1123 1856; x_wconf 85' lang='lat' dir='ltr'><strong>imperator</strong></span> <span class='ocrx_word' id='word_1_138' title='bbox 1191 1786 1553 1857; x_wconf 81' lang='lat' dir='ltr'><strong>interrogavit</strong></span> <span class='ocrx_word' id='word_1_139' title='bbox 1602 1804 1614 1839; x_wconf 89' lang='lat'>:</span> <span class='ocrx_word' id='word_1_140' title='bbox 1687 1805 1703 1836; x_wconf 78' lang='grc' dir='ltr'><strong>ι</strong></span> <span class='ocrx_word' id='word_1_141' title='bbox 1756 1784 1954 1839; x_wconf 84' lang='lat' dir='ltr'><strong>Annon</strong></span> 
     </span>
    </p>
   </div>
   <div class='ocr_carea' id='block_1_21' title="bbox 369 1875 1949 1955">
    <p class='ocr_par' dir='ltr' id='par_1_21' title="bbox 369 1875 1949 1955">
     <span class='ocr_line' id='line_1_21' title="bbox 369 1875 1949 1955; baseline 0.002 -27"><span class='ocrx_word' id='word_1_142' title='bbox 369 1875 534 1930; x_wconf 85' lang='lat' dir='ltr'><strong>vobis</strong></span> <span class='ocrx_word' id='word_1_143' title='bbox 584 1877 841 1932; x_wconf 91' lang='lat' dir='ltr'><strong>omnibus</strong></span> <span class='ocrx_word' id='word_1_144' title='bbox 874 1878 947 1932; x_wconf 90' lang='lat' dir='ltr'><strong>ita</strong></span> <span class='ocrx_word' id='word_1_145' title='bbox 984 1878 1205 1933; x_wconf 81' lang='lat' dir='ltr'><strong>videtur</strong></span> <span class='ocrx_word' id='word_1_146' title='bbox 1239 1896 1381 1955; x_wconf 84' lang='lat' dir='ltr'><strong>esse,</strong></span> <span class='ocrx_word' id='word_1_147' title='bbox 1423 1889 1481 1933; x_wconf 93' lang='lat' dir='ltr'><strong>ut</strong></span> <span class='ocrx_word' id='word_1_148' title='bbox 1510 1895 1612 1933; x_wconf 90' lang='lat' dir='ltr'><strong>nos</strong></span> <span class='ocrx_word' id='word_1_149' title='bbox 1636 1878 1908 1933; x_wconf 78' lang='lat' dir='ltr'><strong>diximus?</strong></span> <span class='ocrx_word' id='word_1_150' title='bbox 1930 1898 1949 1931; x_wconf 74' lang='grc' dir='ltr'><strong>ι</strong></span> 
     </span>
    </p>
   </div>
   <div class='ocr_carea' id='block_1_22' title="bbox 370 1966 1957 2049">
    <p class='ocr_par' dir='ltr' id='par_1_22' title="bbox 370 1966 1957 2049">
     <span class='ocr_line' id='line_1_22' title="bbox 370 1966 1957 2049; baseline 0.003 -29"><span class='ocrx_word' id='word_1_151' title='bbox 370 1997 441 2049; x_wconf 72' lang='lat'><strong>~—_</strong></span> <span class='ocrx_word' id='word_1_152' title='bbox 464 1986 482 2019; x_wconf 76' lang='grc' dir='ltr'><strong>ι</strong></span> <span class='ocrx_word' id='word_1_153' title='bbox 513 1966 611 2031; x_wconf 86' lang='lat' dir='ltr'><strong>Ita,</strong></span> <span class='ocrx_word' id='word_1_154' title='bbox 644 1970 907 2025; x_wconf 79' lang='lat' dir='ltr'><strong>dixerunt</strong></span> <span class='ocrx_word' id='word_1_155' title='bbox 939 1987 1152 2037; x_wconf 89' lang='lat' dir='ltr'><strong>omnes,</strong></span> <span class='ocrx_word' id='word_1_156' title='bbox 1177 1988 1240 2026; x_wconf 91' lang='lat' dir='ltr'><strong>ac</strong></span> <span class='ocrx_word' id='word_1_157' title='bbox 1259 1988 1420 2027; x_wconf 89' lang='lat' dir='ltr'><strong>secus</strong></span> <span class='ocrx_word' id='word_1_158' title='bbox 1443 1972 1809 2027; x_wconf 87' lang='lat' dir='ltr'><strong>sentientibus</strong></span> <span class='ocrx_word' id='word_1_159' title='bbox 1826 1987 1957 2025; x_wconf 89' lang='lat' dir='ltr'><strong>ana-</strong></span> 
     </span>
    </p>
   </div>
   <div class='ocr_carea' id='block_1_23' title="bbox 371 2060 1953 2133">
    <p class='ocr_par' dir='ltr' id='par_1_23' title="bbox 371 2060 1953 2133">
     <span class='ocr_line' id='line_1_23' title="bbox 371 2060 1953 2133; baseline 0.003 -20"><span class='ocrx_word' id='word_1_160' title='bbox 371 2060 580 2115; x_wconf 83' lang='lat' dir='ltr'><strong>thema.</strong></span> <span class='ocrx_word' id='word_1_161' title='bbox 622 2081 641 2113; x_wconf 72' lang='grc' dir='ltr'><strong>ι</strong></span> <span class='ocrx_word' id='word_1_162' title='bbox 676 2062 881 2117; x_wconf 88' lang='lat' dir='ltr'><strong>lterum</strong></span> <span class='ocrx_word' id='word_1_163' title='bbox 916 2062 1225 2133; x_wconf 86' lang='lat' dir='ltr'><strong>imperator</strong></span> <span class='ocrx_word' id='word_1_164' title='bbox 1258 2082 1271 2117; x_wconf 88' lang='lat'>:</span> <span class='ocrx_word' id='word_1_165' title='bbox 1299 2082 1317 2114; x_wconf 79' lang='grc' dir='ltr'><strong>ι</strong></span> <span class='ocrx_word' id='word_1_166' title='bbox 1346 2063 1530 2119; x_wconf 82' lang='lat' dir='ltr'><strong>Gloria</strong></span> <span class='ocrx_word' id='word_1_167' title='bbox 1578 2074 1773 2119; x_wconf 79' lang='lat' dir='ltr'><strong>saneto</strong></span> <span class='ocrx_word' id='word_1_168' title='bbox 1812 2063 1953 2127; x_wconf 84' lang='lat' dir='ltr'><strong>Deo,</strong></span> 
     </span>
    </p>
   </div>
   <div class='ocr_carea' id='block_1_24' title="bbox 370 2136 1956 2225">
    <p class='ocr_par' dir='ltr' id='par_1_24' title="bbox 370 2136 1956 2225">
     <span class='ocr_line' id='line_1_24' title="bbox 370 2136 1956 2225; baseline 0 -18"><span class='ocrx_word' id='word_1_169' title='bbox 370 2153 466 2222; x_wconf 90' lang='lat' dir='ltr'><strong>qui</strong></span> <span class='ocrx_word' id='word_1_170' title='bbox 504 2154 749 2209; x_wconf 77' lang='lat' dir='ltr'><strong>servavit</strong></span> <span class='ocrx_word' id='word_1_171' title='bbox 782 2170 886 2209; x_wconf 90' lang='lat' dir='ltr'><strong>nos</strong></span> <span class='ocrx_word' id='word_1_172' title='bbox 922 2155 979 2209; x_wconf 89' lang='lat' dir='ltr'><strong>in</strong></span> <span class='ocrx_word' id='word_1_173' title='bbox 1027 2155 1328 2210; x_wconf 84' lang='lat' dir='ltr'><strong>concordia</strong></span> <span class='ocrx_word' id='word_1_174' title='bbox 1361 2167 1415 2209; x_wconf 90' lang='lat' dir='ltr'><strong>et</strong></span> <span class='ocrx_word' id='word_1_175' title='bbox 1450 2136 1615 2225; x_wconf 33' lang='lat' dir='ltr'><strong>pace...</strong></span> <span class='ocrx_word' id='word_1_176' title='bbox 1638 2170 1743 2209; x_wconf 89' lang='lat' dir='ltr'><strong>nec</strong></span> <span class='ocrx_word' id='word_1_177' title='bbox 1783 2155 1838 2208; x_wconf 94' lang='lat' dir='ltr'><strong>in</strong></span> <span class='ocrx_word' id='word_1_178' title='bbox 1896 2170 1956 2208; x_wconf 87' lang='lat' dir='ltr'><strong>re</strong></span> 
     </span>
    </p>
   </div>
   <div class='ocr_carea' id='block_1_25' title="bbox 370 2246 1959 2317">
    <p class='ocr_par' dir='ltr' id='par_1_25' title="bbox 370 2246 1959 2317">
     <span class='ocr_line' id='line_1_25' title="bbox 370 2246 1959 2317; baseline 0 -18"><span class='ocrx_word' id='word_1_179' title='bbox 370 2246 627 2317; x_wconf 87' lang='lat' dir='ltr'><strong>quapiam</strong></span> <span class='ocrx_word' id='word_1_180' title='bbox 678 2247 1075 2303; x_wconf 75' lang='lat' dir='ltr'><strong>dissentientes</strong></span> <span class='ocrx_word' id='word_1_181' title='bbox 1146 2257 1240 2301; x_wconf 90' lang='lat' dir='ltr'><strong>aut</strong></span> <span class='ocrx_word' id='word_1_182' title='bbox 1300 2256 1675 2316; x_wconf 77' lang='lat' dir='ltr'><strong>repugnantes</strong></span> <span class='ocrx_word' id='word_1_183' title='bbox 1752 2246 1959 2300; x_wconf 85' lang='lat' dir='ltr'><strong>sanctis</strong></span> 
     </span>
    </p>
   </div>
   <div class='ocr_carea' id='block_1_26' title="bbox 373 2338 1960 2408">
    <p class='ocr_par' dir='ltr' id='par_1_26' title="bbox 373 2338 1960 2408">
     <span class='ocr_line' id='line_1_26' title="bbox 373 2338 1960 2408; baseline -0.001 -16"><span class='ocrx_word' id='word_1_184' title='bbox 373 2338 632 2393; x_wconf 84' lang='lat' dir='ltr'><strong>l‘atribus</strong></span> <span class='ocrx_word' id='word_1_185' title='bbox 666 2338 894 2394; x_wconf 89' lang='lat' dir='ltr'><strong>nostris.</strong></span> <span class='ocrx_word' id='word_1_186' title='bbox 932 2359 949 2390; x_wconf 75' lang='grc' dir='ltr'><strong>ι</strong></span> <span class='ocrx_word' id='word_1_187' title='bbox 1010 2339 1107 2394; x_wconf 82' lang='lat' dir='ltr'><strong>His</strong></span> <span class='ocrx_word' id='word_1_188' title='bbox 1158 2338 1227 2394; x_wconf 92' lang='lat' dir='ltr'><strong>de</strong></span> <span class='ocrx_word' id='word_1_189' title='bbox 1290 2341 1457 2392; x_wconf 80' lang='lat' dir='ltr'><strong>rebus</strong></span> <span class='ocrx_word' id='word_1_190' title='bbox 1506 2353 1702 2392; x_wconf 89' lang='lat' dir='ltr'><strong>omnes</strong></span> <span class='ocrx_word' id='word_1_191' title='bbox 1753 2338 1960 2408; x_wconf 83' lang='lat' dir='ltr'><strong>gratias</strong></span> 
     </span>
    </p>
   </div>
   <div class='ocr_carea' id='block_1_27' title="bbox 372 2430 1955 2501">
    <p class='ocr_par' dir='ltr' id='par_1_27' title="bbox 372 2430 1955 2501">
     <span class='ocr_line' id='line_1_27' title="bbox 372 2430 1955 2501; baseline -0.002 -18"><span class='ocrx_word' id='word_1_192' title='bbox 372 2439 624 2500; x_wconf 79' lang='lat' dir='ltr'><strong>agentes,</strong></span> <span class='ocrx_word' id='word_1_193' title='bbox 682 2430 915 2501; x_wconf 83' lang='lat' dir='ltr'><strong>gloriam</strong></span> <span class='ocrx_word' id='word_1_194' title='bbox 964 2431 1077 2486; x_wconf 90' lang='lat' dir='ltr'><strong>Deo</strong></span> <span class='ocrx_word' id='word_1_195' title='bbox 1132 2430 1468 2492; x_wconf 87' lang='lat' dir='ltr'><strong>retulerunt,</strong></span> <span class='ocrx_word' id='word_1_196' title='bbox 1538 2438 1594 2482; x_wconf 92' lang='lat' dir='ltr'><strong>et</strong></span> <span class='ocrx_word' id='word_1_197' title='bbox 1633 2438 1955 2482; x_wconf 87' lang='lat' dir='ltr'><strong>consuetam</strong></span> 
     </span>
    </p>
   </div>
   <div class='ocr_carea' id='block_1_28' title="bbox 374 2514 1957 2590">
    <p class='ocr_par' dir='ltr' id='par_1_28' title="bbox 374 2514 1957 2590">
     <span class='ocr_line' id='line_1_28' title="bbox 374 2514 1957 2590; baseline -0.001 -15"><span class='ocrx_word' id='word_1_198' title='bbox 374 2524 695 2590; x_wconf 77' lang='lat' dir='ltr'><strong>imperatori</strong></span> <span class='ocrx_word' id='word_1_199' title='bbox 744 2521 1188 2577; x_wconf 84' lang='lat' dir='ltr'><strong>benedictionem</strong></span> <span class='ocrx_word' id='word_1_200' title='bbox 1252 2520 1552 2577; x_wconf 88' lang='lat' dir='ltr'><strong>dederunt.</strong></span> <span class='ocrx_word' id='word_1_201' title='bbox 1630 2514 1761 2574; x_wconf 73' lang='lat' dir='ltr'><strong>Post</strong></span> <span class='ocrx_word' id='word_1_202' title='bbox 1839 2519 1957 2573; x_wconf 70' lang='lat' dir='ltr'><strong>lucc</strong></span> 
     </span>
    </p>
   </div>
   <div class='ocr_carea' id='block_1_29' title="bbox 375 2613 1953 2686">
    <p class='ocr_par' dir='ltr' id='par_1_29' title="bbox 375 2613 1953 2686">
     <span class='ocr_line' id='line_1_29' title="bbox 375 2613 1953 2686; baseline 0 -19"><span class='ocrx_word' id='word_1_203' title='bbox 375 2616 695 2686; x_wconf 85' lang='lat' dir='ltr'><strong>imperator,</strong></span> <span class='ocrx_word' id='word_1_204' title='bbox 741 2630 904 2671; x_wconf 83' lang='lat' dir='ltr'><strong>verso</strong></span> <span class='ocrx_word' id='word_1_205' title='bbox 953 2615 1018 2670; x_wconf 91' lang='lat' dir='ltr'><strong>ad</strong></span> <span class='ocrx_word' id='word_1_206' title='bbox 1055 2616 1118 2671; x_wconf 93' lang='lat' dir='ltr'><strong>D.</strong></span> <span class='ocrx_word' id='word_1_207' title='bbox 1170 2613 1413 2670; x_wconf 79' lang='lat' dir='ltr'><strong>Leonem</strong></span> <span class='ocrx_word' id='word_1_208' title='bbox 1468 2613 1953 2685; x_wconf 87' lang='lat' dir='ltr'><strong>archiepiscopum</strong></span> 
     </span>
    </p>
   </div>
   <div class='ocr_carea' id='block_1_30' title="bbox 344 2702 1952 2787">
    <p class='ocr_par' dir='ltr' id='par_1_30' title="bbox 344 2702 1952 2787">
     <span class='ocr_line' id='line_1_30' title="bbox 344 2702 1952 2787; baseline -0.002 -26"><span class='ocrx_word' id='word_1_209' title='bbox 344 2702 876 2787; x_wconf 30' lang='lat' dir='ltr'><strong>‘Chalcedonensem</strong></span> <span class='ocrx_word' id='word_1_210' title='bbox 925 2722 1181 2762; x_wconf 89' lang='lat' dir='ltr'><strong>sermone</strong></span> <span class='ocrx_word' id='word_1_211' title='bbox 1238 2710 1609 2778; x_wconf 84' lang='lat' dir='ltr'><strong>percontatus</strong></span> <span class='ocrx_word' id='word_1_212' title='bbox 1669 2715 1755 2760; x_wconf 88' lang='lat' dir='ltr'><strong>est</strong></span> <span class='ocrx_word' id='word_1_213' title='bbox 1799 2720 1952 2768; x_wconf 87' lang='lat' dir='ltr'><strong>cum,</strong></span> 
     </span>
    </p>
   </div>
   <div class='ocr_carea' id='block_1_31' title="bbox 373 2798 1958 2870">
    <p class='ocr_par' dir='ltr' id='par_1_31' title="bbox 373 2798 1958 2870">
     <span class='ocr_line' id='line_1_31' title="bbox 373 2798 1958 2870; baseline 0 -18"><span class='ocrx_word' id='word_1_214' title='bbox 373 2816 507 2853; x_wconf 87' lang='lat' dir='ltr'><strong>num</strong></span> <span class='ocrx_word' id='word_1_215' title='bbox 542 2800 815 2870; x_wconf 85' lang='lat' dir='ltr'><strong>reciperet</strong></span> <span class='ocrx_word' id='word_1_216' title='bbox 846 2811 1097 2855; x_wconf 85' lang='lat' dir='ltr'><strong>sanctum</strong></span> <span class='ocrx_word' id='word_1_217' title='bbox 1154 2800 1508 2855; x_wconf 85' lang='lat' dir='ltr'><strong>Theodorum</strong></span> <span class='ocrx_word' id='word_1_218' title='bbox 1542 2798 1842 2862; x_wconf 88' lang='lat' dir='ltr'><strong>Studitam,</strong></span> <span class='ocrx_word' id='word_1_219' title='bbox 1894 2813 1958 2852; x_wconf 89' lang='lat' dir='ltr'><strong>ac</strong></span> 
     </span>
    </p>
   </div>
   <div class='ocr_carea' id='block_1_32' title="bbox 373 2890 2029 2962">
    <p class='ocr_par' dir='ltr' id='par_1_32' title="bbox 373 2890 2029 2962">
     <span class='ocr_line' id='line_1_32' title="bbox 373 2890 2029 2962; baseline -0.002 -16"><span class='ocrx_word' id='word_1_220' title='bbox 373 2908 506 2947; x_wconf 88' lang='lat' dir='ltr'><strong>num</strong></span> <span class='ocrx_word' id='word_1_221' title='bbox 529 2892 721 2962; x_wconf 88' lang='lat' dir='ltr'><strong>etipsc</strong></span> <span class='ocrx_word' id='word_1_222' title='bbox 760 2891 827 2946; x_wconf 87' lang='lat' dir='ltr'><strong>iis</strong></span> <span class='ocrx_word' id='word_1_223' title='bbox 854 2908 975 2960; x_wconf 67' lang='lat' dir='ltr'><strong>quae</strong></span> <span class='ocrx_word' id='word_1_224' title='bbox 1007 2892 1148 2947; x_wconf 88' lang='lat' dir='ltr'><strong>lecta</strong></span> <span class='ocrx_word' id='word_1_225' title='bbox 1184 2890 1401 2946; x_wconf 81' lang='lat' dir='ltr'><strong>fuerant</strong></span> <span class='ocrx_word' id='word_1_226' title='bbox 1425 2890 1793 2952; x_wconf 86' lang='lat' dir='ltr'><strong>consentiret,</strong></span> <span class='ocrx_word' id='word_1_227' title='bbox 1830 2905 1957 2943; x_wconf 87' lang='lat' dir='ltr'><strong>nec—</strong></span> <span class='ocrx_word' id='word_1_228' title='bbox 2026 2894 2029 2899; x_wconf 89' lang='lat'>&#39;</span> 
     </span>
    </p>
   </div>
   <div class='ocr_carea' id='block_1_33' title="bbox 372 2981 1953 3054">
    <p class='ocr_par' dir='ltr' id='par_1_33' title="bbox 372 2981 1953 3054">
     <span class='ocr_line' id='line_1_33' title="bbox 372 2981 1953 3054; baseline -0.003 -17"><span class='ocrx_word' id='word_1_229' title='bbox 372 2998 484 3037; x_wconf 92' lang='lat' dir='ltr'><strong>non</strong></span> <span class='ocrx_word' id='word_1_230' title='bbox 517 2982 1053 3054; x_wconf 77' lang='lat' dir='ltr'><strong>interrogationibus</strong></span> <span class='ocrx_word' id='word_1_231' title='bbox 1104 2993 1159 3038; x_wconf 86' lang='lat' dir='ltr'><strong>et</strong></span> <span class='ocrx_word' id='word_1_232' title='bbox 1192 2981 1650 3054; x_wconf 86' lang='lat' dir='ltr'><strong>responsionibus</strong></span> <span class='ocrx_word' id='word_1_233' title='bbox 1704 2982 1953 3036; x_wconf 86' lang='lat' dir='ltr'><strong>omnium</strong></span> 
     </span>
    </p>
   </div>
   <div class='ocr_carea' id='block_1_34' title="bbox 2065 504 3647 596">
    <p class='ocr_par' dir='ltr' id='par_1_34' title="bbox 2065 504 3647 596">
     <span class='ocr_line' id='line_1_34' title="bbox 2065 504 3647 596; baseline 0.006 -41"><span class='ocrx_word' id='word_1_234' title='bbox 2065 520 2084 554; x_wconf 73' lang='grc' dir='ltr'><strong>ι</strong></span> <span class='ocrx_word' id='word_1_235' title='bbox 2118 504 2209 557; x_wconf 74' lang='grc' dir='ltr'><strong>τὸν</strong></span> <span class='ocrx_word' id='word_1_236' title='bbox 2239 505 2476 575; x_wconf 84' lang='grc' dir='ltr'>Χριστὸν</span> <span class='ocrx_word' id='word_1_237' title='bbox 2510 509 2605 561; x_wconf 71' lang='grc' dir='ltr'>καὶ</span> <span class='ocrx_word' id='word_1_238' title='bbox 2637 508 2736 580; x_wconf 80' lang='grc' dir='ltr'>τὴν</span> <span class='ocrx_word' id='word_1_239' title='bbox 2774 509 2912 581; x_wconf 71' lang='grc' dir='ltr'>πρὸς</span> <span class='ocrx_word' id='word_1_240' title='bbox 2948 508 3113 593; x_wconf 74' lang='grc' dir='ltr'>αὐτὸν</span> <span class='ocrx_word' id='word_1_241' title='bbox 3142 509 3440 596; x_wconf 72' lang='grc' dir='ltr'>οἰκείωσιν,</span> <span class='ocrx_word' id='word_1_242' title='bbox 3471 511 3564 564; x_wconf 80' lang='grc' dir='ltr'>τὸν</span> <span class='ocrx_word' id='word_1_243' title='bbox 3590 511 3647 569; x_wconf 84' lang='grc' dir='ltr'><strong>δέ</strong></span> 
     </span>
    </p>
   </div>
   <div class='ocr_carea' id='block_1_35' title="bbox 2066 597 3646 673">
    <p class='ocr_par' dir='ltr' id='par_1_35' title="bbox 2066 597 3646 673">
     <span class='ocr_line' id='line_1_35' title="bbox 2066 597 3646 673; baseline 0.004 -25"><span class='ocrx_word' id='word_1_244' title='bbox 2066 615 2085 647; x_wconf 73' lang='grc' dir='ltr'><strong>ι</strong></span> <span class='ocrx_word' id='word_1_245' title='bbox 2119 597 2356 666; x_wconf 77' lang='grc' dir='ltr'>Χριστὸν</span> <span class='ocrx_word' id='word_1_246' title='bbox 2381 598 2457 669; x_wconf 77' lang='grc' dir='ltr'><strong>ώς</strong></span> <span class='ocrx_word' id='word_1_247' title='bbox 2482 598 2616 653; x_wconf 81' lang='grc' dir='ltr'>Θεὸν</span> <span class='ocrx_word' id='word_1_248' title='bbox 2645 601 2741 654; x_wconf 82' lang='grc' dir='ltr'>καὶ</span> <span class='ocrx_word' id='word_1_249' title='bbox 2767 601 3045 672; x_wconf 78' lang='grc' dir='ltr'>Δεσπότην</span> <span class='ocrx_word' id='word_1_250' title='bbox 3069 600 3135 654; x_wconf 81' lang='grc' dir='ltr'>δι’</span> <span class='ocrx_word' id='word_1_251' title='bbox 3161 600 3353 655; x_wconf 70' lang='grc' dir='ltr'>ἑαυτὸν</span> <span class='ocrx_word' id='word_1_252' title='bbox 3380 599 3646 673; x_wconf 80' lang='grc' dir='ltr'>δηλονότι,</span> 
     </span>
    </p>
   </div>
   <div class='ocr_carea' id='block_1_36' title="bbox 2044 688 3646 763">
    <p class='ocr_par' dir='ltr' id='par_1_36' title="bbox 2044 688 3646 763">
     <span class='ocr_line' id='line_1_36' title="bbox 2044 688 3646 763; baseline 0.004 -25"><span class='ocrx_word' id='word_1_253' title='bbox 2044 706 2085 759; x_wconf 79' lang='grc' dir='ltr'><strong>¹σ</strong></span> <span class='ocrx_word' id='word_1_254' title='bbox 2121 688 2215 743; x_wconf 76' lang='grc' dir='ltr'>καὶ</span> <span class='ocrx_word' id='word_1_255' title='bbox 2248 689 2309 743; x_wconf 82' lang='grc' dir='ltr'>οὐ</span> <span class='ocrx_word' id='word_1_256' title='bbox 2343 688 2411 743; x_wconf 80' lang='grc' dir='ltr'><strong>δι’</strong></span> <span class='ocrx_word' id='word_1_257' title='bbox 2443 688 2633 761; x_wconf 69' lang='grc' dir='ltr'>ἕτερον</span> <span class='ocrx_word' id='word_1_258' title='bbox 2654 707 2669 722; x_wconf 77' lang='grc' dir='ltr'><strong>ο</strong></span> <span class='ocrx_word' id='word_1_259' title='bbox 2708 691 2863 757; x_wconf 39' lang='grc' dir='ltr'>ὥστε,</span> <span class='ocrx_word' id='word_1_260' title='bbox 2889 690 2997 745; x_wconf 86' lang='grc' dir='ltr'><strong>τῶν</strong></span> <span class='ocrx_word' id='word_1_261' title='bbox 3040 692 3139 763; x_wconf 75' lang='grc' dir='ltr'>μὲν</span> <span class='ocrx_word' id='word_1_262' title='bbox 3168 692 3342 761; x_wconf 87' lang='grc' dir='ltr'>ἀγίων</span> <span class='ocrx_word' id='word_1_263' title='bbox 3368 693 3467 755; x_wconf 83' lang='grc' dir='ltr'><strong>τάς</strong></span> <span class='ocrx_word' id='word_1_264' title='bbox 3497 692 3646 746; x_wconf 77' lang='grc' dir='ltr'>εικό-</span> 
     </span>
    </p>
   </div>
   <div class='ocr_carea' id='block_1_37' title="bbox 2066 780 3650 856">
    <p class='ocr_par' dir='ltr' id='par_1_37' title="bbox 2066 780 3650 856">
     <span class='ocr_line' id='line_1_37' title="bbox 2066 780 3650 856; baseline 0.002 -23"><span class='ocrx_word' id='word_1_265' title='bbox 2066 800 2084 833; x_wconf 76' lang='grc' dir='ltr'><strong>ι</strong></span> <span class='ocrx_word' id='word_1_266' title='bbox 2122 800 2219 848; x_wconf 87' lang='grc' dir='ltr'><strong>νας</strong></span> <span class='ocrx_word' id='word_1_267' title='bbox 2251 780 2667 855; x_wconf 76' lang='grc' dir='ltr'><strong>προσκυνοῦμεν</strong></span> <span class='ocrx_word' id='word_1_268' title='bbox 2697 784 2772 848; x_wconf 84' lang='grc' dir='ltr'><strong>ὡς</strong></span> <span class='ocrx_word' id='word_1_269' title='bbox 2801 783 3150 854; x_wconf 77' lang='grc' dir='ltr'>θεραπόντων</span> <span class='ocrx_word' id='word_1_270' title='bbox 3195 781 3434 856; x_wconf 78' lang='grc' dir='ltr'><strong>Χριστοῦ</strong></span> <span class='ocrx_word' id='word_1_271' title='bbox 3468 800 3650 855; x_wconf 79' lang='grc' dir='ltr'>σχετιο</span> 
     </span>
    </p>
   </div>
   <div class='ocr_carea' id='block_1_38' title="bbox 2067 874 3651 946">
    <p class='ocr_par' dir='ltr' id='par_1_38' title="bbox 2067 874 3651 946">
     <span class='ocr_line' id='line_1_38' title="bbox 2067 874 3651 946; baseline 0 -20"><span class='ocrx_word' id='word_1_272' title='bbox 2067 896 2084 926; x_wconf 77' lang='grc' dir='ltr'><strong>ι</strong></span> <span class='ocrx_word' id='word_1_273' title='bbox 2120 874 2230 938; x_wconf 81' lang='grc' dir='ltr'>κῶς</span> <span class='ocrx_word' id='word_1_274' title='bbox 2267 875 2335 928; x_wconf 79' lang='grc' dir='ltr'><strong>δι’</strong></span> <span class='ocrx_word' id='word_1_275' title='bbox 2362 877 2584 940; x_wconf 76' lang='grc' dir='ltr'>αὐτοὺς,</span> <span class='ocrx_word' id='word_1_276' title='bbox 2624 877 2822 940; x_wconf 78' lang='grc' dir='ltr'>αὐτοὺς</span> <span class='ocrx_word' id='word_1_277' title='bbox 2851 876 2905 930; x_wconf 86' lang='grc' dir='ltr'><strong>δέ</strong></span> <span class='ocrx_word' id='word_1_278' title='bbox 2941 876 3029 930; x_wconf 72' lang='grc' dir='ltr'>διὰ</span> <span class='ocrx_word' id='word_1_279' title='bbox 3059 876 3158 946; x_wconf 79' lang='grc' dir='ltr'>τὴν</span> <span class='ocrx_word' id='word_1_280' title='bbox 3179 877 3359 931; x_wconf 80' lang='grc' dir='ltr'>αὐτῶν</span> <span class='ocrx_word' id='word_1_281' title='bbox 3387 875 3524 946; x_wconf 80' lang='grc' dir='ltr'>πρὸς</span> <span class='ocrx_word' id='word_1_282' title='bbox 3556 875 3651 928; x_wconf 80' lang='grc' dir='ltr'>τὸν</span> 
     </span>
    </p>
   </div>
   <div class='ocr_carea' id='block_1_39' title="bbox 2066 966 3651 1041">
    <p class='ocr_par' dir='ltr' id='par_1_39' title="bbox 2066 966 3651 1041">
     <span class='ocr_line' id='line_1_39' title="bbox 2066 966 3651 1041; baseline 0.002 -23"><span class='ocrx_word' id='word_1_283' title='bbox 2066 985 2082 1016; x_wconf 80' lang='grc' dir='ltr'><strong>ι</strong></span> <span class='ocrx_word' id='word_1_284' title='bbox 2121 966 2300 1020; x_wconf 76' lang='grc' dir='ltr'>κοινὸν</span> <span class='ocrx_word' id='word_1_285' title='bbox 2352 969 2631 1041; x_wconf 72' lang='grc' dir='ltr'>Δεσπότην</span> <span class='ocrx_word' id='word_1_286' title='bbox 2678 969 2836 1039; x_wconf 81' lang='grc' dir='ltr'>ἡμῶν</span> <span class='ocrx_word' id='word_1_287' title='bbox 2879 969 3177 1025; x_wconf 78' lang='grc' dir='ltr'>οἰκείωσιν.</span> <span class='ocrx_word' id='word_1_288' title='bbox 3228 968 3346 1025; x_wconf 83' lang='grc' dir='ltr'><strong>Ἐπ’</strong></span> <span class='ocrx_word' id='word_1_289' title='bbox 3380 966 3548 1023; x_wconf 72' lang='grc' dir='ltr'>αὑτοῦ</span> <span class='ocrx_word' id='word_1_290' title='bbox 3592 968 3651 1021; x_wconf 73' lang='grc' dir='ltr'>δὲ</span> 
     </span>
    </p>
   </div>
   <div class='ocr_carea' id='block_1_40' title="bbox 2069 1058 3651 1131">
    <p class='ocr_par' dir='ltr' id='par_1_40' title="bbox 2069 1058 3651 1131">
     <span class='ocr_line' id='line_1_40' title="bbox 2069 1058 3651 1131; baseline 0.001 -23"><span class='ocrx_word' id='word_1_291' title='bbox 2069 1076 2086 1108; x_wconf 79' lang='grc' dir='ltr'><strong>ι</strong></span> <span class='ocrx_word' id='word_1_292' title='bbox 2122 1059 2359 1126; x_wconf 79' lang='grc' dir='ltr'><strong>Χριστοῦ</strong></span> <span class='ocrx_word' id='word_1_293' title='bbox 2387 1058 2718 1131; x_wconf 82' lang='grc' dir='ltr'>λατρευτικὴ</span> <span class='ocrx_word' id='word_1_294' title='bbox 2742 1062 2776 1130; x_wconf 76' lang='grc' dir='ltr'>ἡ</span> <span class='ocrx_word' id='word_1_295' title='bbox 2806 1060 3201 1128; x_wconf 77' lang='grc' dir='ltr'>προσκύνησις.</span> <span class='ocrx_word' id='word_1_296' title='bbox 3238 1058 3299 1113; x_wconf 83' lang='grc' dir='ltr'><strong>Ὀ</strong></span> <span class='ocrx_word' id='word_1_297' title='bbox 3327 1058 3651 1129; x_wconf 80' lang='grc' dir='ltr'>προσκυνῶν</span> 
     </span>
    </p>
   </div>
   <div class='ocr_carea' id='block_1_41' title="bbox 2067 1149 3651 1222">
    <p class='ocr_par' dir='ltr' id='par_1_41' title="bbox 2067 1149 3651 1222">
     <span class='ocr_line' id='line_1_41' title="bbox 2067 1149 3651 1222; baseline 0 -19"><span class='ocrx_word' id='word_1_298' title='bbox 2067 1167 2085 1199; x_wconf 77' lang='grc' dir='ltr'><strong>ι</strong></span> <span class='ocrx_word' id='word_1_299' title='bbox 2118 1151 2226 1221; x_wconf 82' lang='grc' dir='ltr'>γὰρ</span> <span class='ocrx_word' id='word_1_300' title='bbox 2259 1154 2672 1222; x_wconf 84' lang='grc' dir='ltr'>συμπροσκυνεί</span> <span class='ocrx_word' id='word_1_301' title='bbox 2711 1153 2801 1205; x_wconf 73' lang='grc' dir='ltr'><strong>τὸν</strong></span> <span class='ocrx_word' id='word_1_302' title='bbox 2845 1152 3066 1222; x_wconf 85' lang='grc' dir='ltr'>Πατέρα</span> <span class='ocrx_word' id='word_1_303' title='bbox 3100 1152 3194 1204; x_wconf 74' lang='grc' dir='ltr'>καὶ</span> <span class='ocrx_word' id='word_1_304' title='bbox 3223 1152 3286 1204; x_wconf 74' lang='grc' dir='ltr'><strong>τὸ</strong></span> <span class='ocrx_word' id='word_1_305' title='bbox 3323 1151 3550 1221; x_wconf 81' lang='grc' dir='ltr'>Πνεῦμα</span> <span class='ocrx_word' id='word_1_306' title='bbox 3588 1149 3651 1202; x_wconf 75' lang='grc' dir='ltr'><strong>τὸ</strong></span> 
     </span>
    </p>
   </div>
   <div class='ocr_carea' id='block_1_42' title="bbox 2066 1234 3652 1327">
    <p class='ocr_par' dir='ltr' id='par_1_42' title="bbox 2066 1234 3652 1327">
     <span class='ocr_line' id='line_1_42' title="bbox 2066 1234 3652 1327; baseline 0.002 -36"><span class='ocrx_word' id='word_1_307' title='bbox 2066 1260 2084 1291; x_wconf 78' lang='grc' dir='ltr'><strong>ε</strong></span> <span class='ocrx_word' id='word_1_308' title='bbox 2122 1238 2296 1311; x_wconf 75' lang='grc' dir='ltr'>ἅγιον.</span> <span class='ocrx_word' id='word_1_309' title='bbox 2323 1243 2449 1295; x_wconf 74' lang='grc' dir='ltr'>Ἐπὶ</span> <span class='ocrx_word' id='word_1_310' title='bbox 2472 1243 2528 1295; x_wconf 84' lang='grc' dir='ltr'><strong>δέ</strong></span> <span class='ocrx_word' id='word_1_311' title='bbox 2562 1244 2663 1315; x_wconf 83' lang='grc' dir='ltr'>τῆς</span> <span class='ocrx_word' id='word_1_312' title='bbox 2692 1243 2899 1306; x_wconf 76' lang='grc' dir='ltr'><strong>εἰκόνος</strong></span> <span class='ocrx_word' id='word_1_313' title='bbox 2923 1242 3091 1297; x_wconf 73' lang='grc' dir='ltr'>αὐτοῦ</span> <span class='ocrx_word' id='word_1_314' title='bbox 3129 1242 3335 1319; x_wconf 30' lang='grc' dir='ltr'>ή-αὑτὴ</span> <span class='ocrx_word' id='word_1_315' title='bbox 3369 1234 3498 1327; x_wconf 78' lang='grc' dir='ltr'>μέν’</span> <span class='ocrx_word' id='word_1_316' title='bbox 3533 1241 3652 1305; x_wconf 83' lang='grc' dir='ltr'><strong>πῶς</strong></span> 
     </span>
    </p>
   </div>
   <div class='ocr_carea' id='block_1_43' title="bbox 2067 1327 3657 1417">
    <p class='ocr_par' dir='ltr' id='par_1_43' title="bbox 2067 1327 3657 1417">
     <span class='ocr_line' id='line_1_43' title="bbox 2067 1327 3657 1417; baseline 0.003 -34"><span class='ocrx_word' id='word_1_317' title='bbox 2067 1352 2084 1383; x_wconf 78' lang='grc' dir='ltr'><strong>ε</strong></span> <span class='ocrx_word' id='word_1_318' title='bbox 2121 1332 2228 1403; x_wconf 85' lang='grc' dir='ltr'>γὰρ</span> <span class='ocrx_word' id='word_1_319' title='bbox 2256 1332 2317 1388; x_wconf 77' lang='grc' dir='ltr'>οὖ</span> <span class='ocrx_word' id='word_1_320' title='bbox 2346 1351 2361 1400; x_wconf 89' lang='lat'><strong>;</strong></span> <span class='ocrx_word' id='word_1_321' title='bbox 2398 1327 2473 1388; x_wconf 84' lang='grc' dir='ltr'>ὧν</span> <span class='ocrx_word' id='word_1_322' title='bbox 2501 1335 2608 1405; x_wconf 86' lang='grc' dir='ltr'><strong>γάρ</strong></span> <span class='ocrx_word' id='word_1_323' title='bbox 2634 1335 2695 1388; x_wconf 76' lang='grc' dir='ltr'><strong>τὸ</strong></span> <span class='ocrx_word' id='word_1_324' title='bbox 2721 1335 2925 1407; x_wconf 77' lang='grc' dir='ltr'>κράτος</span> <span class='ocrx_word' id='word_1_325' title='bbox 2948 1336 3005 1417; x_wconf 57' lang='grc' dir='ltr'>ἓν</span> <span class='ocrx_word' id='word_1_326' title='bbox 3037 1336 3130 1389; x_wconf 75' lang='grc' dir='ltr'>καὶ</span> <span class='ocrx_word' id='word_1_327' title='bbox 3164 1337 3197 1403; x_wconf 75' lang='grc' dir='ltr'>ἡ</span> <span class='ocrx_word' id='word_1_328' title='bbox 3224 1335 3352 1399; x_wconf 80' lang='grc' dir='ltr'>δόξα</span> <span class='ocrx_word' id='word_1_329' title='bbox 3384 1336 3503 1404; x_wconf 87' lang='grc' dir='ltr'>μία,</span> <span class='ocrx_word' id='word_1_330' title='bbox 3528 1333 3657 1388; x_wconf 81' lang='grc' dir='ltr'>τοῦ-</span> 
     </span>
    </p>
   </div>
   <div class='ocr_carea' id='block_1_44' title="bbox 2068 1425 3651 1505">
    <p class='ocr_par' dir='ltr' id='par_1_44' title="bbox 2068 1425 3651 1505">
     <span class='ocr_line' id='line_1_44' title="bbox 2068 1425 3651 1505; baseline 0.004 -30"><span class='ocrx_word' id='word_1_331' title='bbox 2068 1446 2085 1476; x_wconf 80' lang='grc' dir='ltr'><strong>ε</strong></span> <span class='ocrx_word' id='word_1_332' title='bbox 2120 1443 2229 1479; x_wconf 86' lang='grc' dir='ltr'><strong>των</strong></span> <span class='ocrx_word' id='word_1_333' title='bbox 2267 1425 2472 1496; x_wconf 80' lang='grc' dir='ltr'>δηλαδὴ</span> <span class='ocrx_word' id='word_1_334' title='bbox 2506 1427 2565 1480; x_wconf 85' lang='grc' dir='ltr'>ἓν</span> <span class='ocrx_word' id='word_1_335' title='bbox 2600 1427 2659 1481; x_wconf 81' lang='grc' dir='ltr'>τὸ</span> <span class='ocrx_word' id='word_1_336' title='bbox 2698 1428 2858 1491; x_wconf 79' lang='grc' dir='ltr'>σέϐας</span> <span class='ocrx_word' id='word_1_337' title='bbox 2903 1429 3000 1483; x_wconf 69' lang='grc' dir='ltr'>καὶ</span> <span class='ocrx_word' id='word_1_338' title='bbox 3034 1428 3145 1505; x_wconf 24' lang='grc' dir='ltr'>,μία</span> <span class='ocrx_word' id='word_1_339' title='bbox 3177 1430 3211 1499; x_wconf 82' lang='grc' dir='ltr'><strong>ὴ</strong></span> <span class='ocrx_word' id='word_1_340' title='bbox 3252 1427 3651 1501; x_wconf 83' lang='grc' dir='ltr'>προσκύνησις.</span> 
     </span>
    </p>
   </div>
   <div class='ocr_carea' id='block_1_45' title="bbox 2066 1517 3655 1591">
    <p class='ocr_par' dir='ltr' id='par_1_45' title="bbox 2066 1517 3655 1591">
     <span class='ocr_line' id='line_1_45' title="bbox 2066 1517 3655 1591; baseline 0.002 -23"><span class='ocrx_word' id='word_1_341' title='bbox 2066 1537 2084 1568; x_wconf 75' lang='grc' dir='ltr'><strong>ι</strong></span> <span class='ocrx_word' id='word_1_342' title='bbox 2125 1518 2355 1587; x_wconf 72' lang='grc' dir='ltr'>Σχετικὴ</span> <span class='ocrx_word' id='word_1_343' title='bbox 2387 1517 2442 1571; x_wconf 84' lang='grc' dir='ltr'><strong>δέ</strong></span> <span class='ocrx_word' id='word_1_344' title='bbox 2471 1520 2622 1589; x_wconf 81' lang='grc' dir='ltr'>ὅμως</span> <span class='ocrx_word' id='word_1_345' title='bbox 2671 1520 2839 1589; x_wconf 72' lang='grc' dir='ltr'>ἠγουν</span> <span class='ocrx_word' id='word_1_346' title='bbox 2889 1520 3240 1591; x_wconf 78' lang='grc' dir='ltr'>ὁμωνυμικὴ,</span> <span class='ocrx_word' id='word_1_347' title='bbox 3271 1518 3347 1584; x_wconf 79' lang='grc' dir='ltr'>ὥς</span> <span class='ocrx_word' id='word_1_348' title='bbox 3388 1537 3522 1590; x_wconf 77' lang='grc' dir='ltr'>φησι</span> <span class='ocrx_word' id='word_1_349' title='bbox 3557 1521 3655 1574; x_wconf 74' lang='grc' dir='ltr'>καὶ</span> 
     </span>
    </p>
   </div>
   <div class='ocr_carea' id='block_1_46' title="bbox 2067 1610 3653 1685">
    <p class='ocr_par' dir='ltr' id='par_1_46' title="bbox 2067 1610 3653 1685">
     <span class='ocr_line' id='line_1_46' title="bbox 2067 1610 3653 1685; baseline 0.003 -25"><span class='ocrx_word' id='word_1_350' title='bbox 2067 1629 2084 1660; x_wconf 73' lang='grc' dir='ltr'><strong>ι</strong></span> <span class='ocrx_word' id='word_1_351' title='bbox 2118 1610 2147 1662; x_wconf 87' lang='grc' dir='ltr'>ὁ</span> <span class='ocrx_word' id='word_1_352' title='bbox 2178 1610 2334 1677; x_wconf 83' lang='grc' dir='ltr'>ἆγιος</span> <span class='ocrx_word' id='word_1_353' title='bbox 2378 1610 2474 1664; x_wconf 79' lang='grc' dir='ltr'>καὶ</span> <span class='ocrx_word' id='word_1_354' title='bbox 2502 1612 2843 1684; x_wconf 80' lang='grc' dir='ltr'>ὁμολογητὴς</span> <span class='ocrx_word' id='word_1_355' title='bbox 2882 1611 3160 1685; x_wconf 83' lang='grc' dir='ltr'>Θεόδωρος</span> <span class='ocrx_word' id='word_1_356' title='bbox 3192 1614 3219 1666; x_wconf 84' lang='grc' dir='ltr'>ὁ</span> <span class='ocrx_word' id='word_1_357' title='bbox 3266 1610 3557 1683; x_wconf 71' lang='grc' dir='ltr'>Στουδίτης</span> <span class='ocrx_word' id='word_1_358' title='bbox 3592 1614 3653 1665; x_wconf 83' lang='grc' dir='ltr'><strong>ἐν</strong></span> 
     </span>
    </p>
   </div>
   <div class='ocr_carea' id='block_1_47' title="bbox 2070 1702 3288 1777">
    <p class='ocr_par' dir='ltr' id='par_1_47' title="bbox 2070 1702 3288 1777">
     <span class='ocr_line' id='line_1_47' title="bbox 2070 1702 3288 1777; baseline 0.004 -23"><span class='ocrx_word' id='word_1_359' title='bbox 2070 1722 2086 1753; x_wconf 78' lang='grc' dir='ltr'><strong>ι</strong></span> <span class='ocrx_word' id='word_1_360' title='bbox 2124 1704 2190 1773; x_wconf 77' lang='grc' dir='ltr'>τῇ</span> <span class='ocrx_word' id='word_1_361' title='bbox 2219 1702 2354 1773; x_wconf 77' lang='grc' dir='ltr'>πρὸς</span> <span class='ocrx_word' id='word_1_362' title='bbox 2398 1704 2716 1773; x_wconf 80' lang='grc' dir='ltr'>’Δθανάσιον</span> <span class='ocrx_word' id='word_1_363' title='bbox 2747 1706 3006 1777; x_wconf 76' lang='grc' dir='ltr'><strong>ἐπιστολῇ</strong></span> <span class='ocrx_word' id='word_1_364' title='bbox 3038 1705 3228 1761; x_wconf 72' lang='grc' dir='ltr'>αὑτοῦ.</span> <span class='ocrx_word' id='word_1_365' title='bbox 3268 1726 3288 1759; x_wconf 73' lang='grc' dir='ltr'><strong>ι</strong></span> 
     </span>
    </p>
   </div>
   <div class='ocr_carea' id='block_1_48' title="bbox 2133 1793 3654 1873">
    <p class='ocr_par' dir='ltr' id='par_1_48' title="bbox 2133 1793 3654 1873">
     <span class='ocr_line' id='line_1_48' title="bbox 2133 1793 3654 1873; baseline 0.001 -26"><span class='ocrx_word' id='word_1_366' title='bbox 2133 1793 2322 1849; x_wconf 87' lang='grc' dir='ltr'>Ταῦτα</span> <span class='ocrx_word' id='word_1_367' title='bbox 2363 1795 2534 1850; x_wconf 73' lang='grc' dir='ltr'>εἰπὼν</span> <span class='ocrx_word' id='word_1_368' title='bbox 2561 1798 2589 1850; x_wconf 87' lang='grc' dir='ltr'>ὁ</span> <span class='ocrx_word' id='word_1_369' title='bbox 2631 1797 2884 1869; x_wconf 79' lang='grc' dir='ltr'>βασιλεὺς</span> <span class='ocrx_word' id='word_1_370' title='bbox 2917 1798 3206 1871; x_wconf 73' lang='grc' dir='ltr'>ἠρώτησεν</span> <span class='ocrx_word' id='word_1_371' title='bbox 3230 1812 3246 1828; x_wconf 79' lang='grc'><strong><em>⁸</em></strong></span> <span class='ocrx_word' id='word_1_372' title='bbox 3298 1817 3316 1848; x_wconf 78' lang='grc' dir='ltr'><strong>ε</strong></span> <span class='ocrx_word' id='word_1_373' title='bbox 3352 1794 3509 1873; x_wconf 75' lang='grc' dir='ltr'>Οὕτω</span> <span class='ocrx_word' id='word_1_374' title='bbox 3559 1795 3654 1850; x_wconf 81' lang='grc' dir='ltr'><strong>καὶ</strong></span> 
     </span>
    </p>
   </div>
   <div class='ocr_carea' id='block_1_49' title="bbox 2060 1890 3657 1965">
    <p class='ocr_par' dir='ltr' id='par_1_49' title="bbox 2060 1890 3657 1965">
     <span class='ocr_line' id='line_1_49' title="bbox 2060 1890 3657 1965; baseline 0.002 -23"><span class='ocrx_word' id='word_1_375' title='bbox 2060 1890 2189 1959; x_wconf 80' lang='grc' dir='ltr'>ὑμῖν</span> <span class='ocrx_word' id='word_1_376' title='bbox 2215 1893 2350 1947; x_wconf 82' lang='grc' dir='ltr'>πᾶσι</span> <span class='ocrx_word' id='word_1_377' title='bbox 2386 1893 2536 1947; x_wconf 87' lang='grc' dir='ltr'>δοκεῖ</span> <span class='ocrx_word' id='word_1_378' title='bbox 2554 1893 2628 1957; x_wconf 85' lang='grc' dir='ltr'><strong>ὡς</strong></span> <span class='ocrx_word' id='word_1_379' title='bbox 2658 1894 2752 1948; x_wconf 69' lang='grc' dir='ltr'>καὶ</span> <span class='ocrx_word' id='word_1_380' title='bbox 2774 1896 2937 1964; x_wconf 79' lang='grc' dir='ltr'>ἡμεῖς</span> <span class='ocrx_word' id='word_1_381' title='bbox 2962 1894 3220 1964; x_wconf 60' lang='lat' dir='ltr'><strong>simum;</strong></span> <span class='ocrx_word' id='word_1_382' title='bbox 3251 1912 3269 1945; x_wconf 70' lang='grc' dir='ltr'><strong>ι</strong></span> <span class='ocrx_word' id='word_1_383' title='bbox 3296 1923 3365 1934; x_wconf 89' lang='lat'><strong>——-</strong></span> <span class='ocrx_word' id='word_1_384' title='bbox 3395 1911 3413 1944; x_wconf 81' lang='grc' dir='ltr'><strong>ι</strong></span> <span class='ocrx_word' id='word_1_385' title='bbox 3438 1892 3657 1965; x_wconf 72' lang='grc' dir='ltr'>Οὕτως,</span> 
     </span>
    </p>
   </div>
   <div class='ocr_carea' id='block_1_50' title="bbox 2058 1976 3649 2056">
    <p class='ocr_par' dir='ltr' id='par_1_50' title="bbox 2058 1976 3649 2056">
     <span class='ocr_line' id='line_1_50' title="bbox 2058 1976 3649 2056; baseline -0.001 -21"><span class='ocrx_word' id='word_1_386' title='bbox 2058 1976 2215 2037; x_wconf 74' lang='grc' dir='ltr'>εἷπον</span> <span class='ocrx_word' id='word_1_387' title='bbox 2240 1983 2465 2049; x_wconf 88' lang='grc' dir='ltr'>πάντες,</span> <span class='ocrx_word' id='word_1_388' title='bbox 2489 1985 2584 2041; x_wconf 72' lang='grc' dir='ltr'>καὶ</span> <span class='ocrx_word' id='word_1_389' title='bbox 2604 1988 2717 2048; x_wconf 68' lang='grc' dir='ltr'>τοῖς</span> <span class='ocrx_word' id='word_1_390' title='bbox 2747 1988 2822 2055; x_wconf 77' lang='grc' dir='ltr'>μὴ</span> <span class='ocrx_word' id='word_1_391' title='bbox 2850 1984 2994 2038; x_wconf 75' lang='grc' dir='ltr'>οὕτω</span> <span class='ocrx_word' id='word_1_392' title='bbox 3020 1984 3311 2056; x_wconf 78' lang='grc' dir='ltr'>φρονοῦσιν</span> <span class='ocrx_word' id='word_1_393' title='bbox 3339 1982 3649 2053; x_wconf 63' lang='grc' dir='ltr'>ἀνάθεμα..</span> 
     </span>
    </p>
   </div>
   <div class='ocr_carea' id='block_1_51' title="bbox 2059 2073 3656 2146">
    <p class='ocr_par' dir='ltr' id='par_1_51' title="bbox 2059 2073 3656 2146">
     <span class='ocr_line' id='line_1_51' title="bbox 2059 2073 3656 2146; baseline -0.001 -17"><span class='ocrx_word' id='word_1_394' title='bbox 2059 2077 2172 2129; x_wconf 70' lang='grc' dir='ltr'><strong>Καὶ</strong></span> <span class='ocrx_word' id='word_1_395' title='bbox 2217 2075 2381 2129; x_wconf 82' lang='grc' dir='ltr'>πάλιν</span> <span class='ocrx_word' id='word_1_396' title='bbox 2437 2078 2465 2129; x_wconf 80' lang='grc' dir='ltr'>ὁ</span> <span class='ocrx_word' id='word_1_397' title='bbox 2525 2074 2817 2145; x_wconf 82' lang='grc' dir='ltr'>βασιλεύς·</span> <span class='ocrx_word' id='word_1_398' title='bbox 2853 2094 2870 2127; x_wconf 76' lang='grc' dir='ltr'><strong>ι</strong></span> <span class='ocrx_word' id='word_1_399' title='bbox 2902 2077 3038 2142; x_wconf 71' lang='grc' dir='ltr'><strong>Δόξα</strong></span> <span class='ocrx_word' id='word_1_400' title='bbox 3093 2075 3169 2129; x_wconf 82' lang='grc' dir='ltr'><strong>τῶ</strong></span> <span class='ocrx_word' id='word_1_401' title='bbox 3227 2075 3369 2146; x_wconf 80' lang='grc' dir='ltr'>ἁγίῳ</span> <span class='ocrx_word' id='word_1_402' title='bbox 3406 2075 3527 2146; x_wconf 78' lang='grc' dir='ltr'>Θεῷ</span> <span class='ocrx_word' id='word_1_403' title='bbox 3573 2073 3656 2142; x_wconf 82' lang='grc' dir='ltr'>τῷ</span> 
     </span>
    </p>
   </div>
   <div class='ocr_carea' id='block_1_52' title="bbox 2061 2164 3656 2237">
    <p class='ocr_par' dir='ltr' id='par_1_52' title="bbox 2061 2164 3656 2237">
     <span class='ocr_line' id='line_1_52' title="bbox 2061 2164 3656 2237; baseline -0.001 -19"><span class='ocrx_word' id='word_1_404' title='bbox 2061 2164 2361 2233; x_wconf 79' lang='grc' dir='ltr'>φυλάξαντι</span> <span class='ocrx_word' id='word_1_405' title='bbox 2401 2166 2549 2234; x_wconf 73' lang='grc' dir='ltr'>ἡμᾶς</span> <span class='ocrx_word' id='word_1_406' title='bbox 2583 2166 2641 2223; x_wconf 85' lang='grc' dir='ltr'><strong>ἐν</strong></span> <span class='ocrx_word' id='word_1_407' title='bbox 2673 2165 2898 2237; x_wconf 57' lang='grc' dir='ltr'><strong>ὁμονοίᾳ⁴</strong></span> <span class='ocrx_word' id='word_1_408' title='bbox 2933 2167 3027 2219; x_wconf 70' lang='grc' dir='ltr'>καὶ</span> <span class='ocrx_word' id='word_1_409' title='bbox 3060 2166 3276 2237; x_wconf 74' lang='grc' dir='ltr'>εἰρήνῃ,</span> <span class='ocrx_word' id='word_1_410' title='bbox 3312 2164 3386 2236; x_wconf 81' lang='grc' dir='ltr'>μὴ</span> <span class='ocrx_word' id='word_1_411' title='bbox 3431 2164 3573 2217; x_wconf 88' lang='grc' dir='ltr'>κατά</span> <span class='ocrx_word' id='word_1_412' title='bbox 3602 2181 3656 2216; x_wconf 87' lang='grc' dir='ltr'><strong>τι</strong></span> 
     </span>
    </p>
   </div>
   <div class='ocr_carea' id='block_1_53' title="bbox 2059 2254 3656 2325">
    <p class='ocr_par' dir='ltr' id='par_1_53' title="bbox 2059 2254 3656 2325">
     <span class='ocr_line' id='line_1_53' title="bbox 2059 2254 3656 2325; baseline -0.001 -18"><span class='ocrx_word' id='word_1_413' title='bbox 2059 2254 2505 2325; x_wconf 74' lang='grc' dir='ltr'>διασχιζομένους</span> <span class='ocrx_word' id='word_1_414' title='bbox 2554 2255 2588 2325; x_wconf 76' lang='grc' dir='ltr'>ἢ</span> <span class='ocrx_word' id='word_1_415' title='bbox 2644 2255 3267 2324; x_wconf 82' lang='grc' dir='ltr'>ἐναντιοφρονουμένους</span> <span class='ocrx_word' id='word_1_416' title='bbox 3322 2257 3433 2315; x_wconf 87' lang='grc' dir='ltr'>τοῖς</span> <span class='ocrx_word' id='word_1_417' title='bbox 3475 2254 3656 2321; x_wconf 77' lang='grc' dir='ltr'>ἁγίοις</span> 
     </span>
    </p>
   </div>
   <div class='ocr_carea' id='block_1_54' title="bbox 2062 2346 3658 2418">
    <p class='ocr_par' dir='ltr' id='par_1_54' title="bbox 2062 2346 3658 2418">
     <span class='ocr_line' id='line_1_54' title="bbox 2062 2346 3658 2418; baseline -0.003 -17"><span class='ocrx_word' id='word_1_418' title='bbox 2062 2346 2343 2417; x_wconf 83' lang='grc' dir='ltr'>Πατράσιν</span> <span class='ocrx_word' id='word_1_419' title='bbox 2373 2347 2552 2416; x_wconf 70' lang='grc' dir='ltr'>ἡμῶν.</span> <span class='ocrx_word' id='word_1_420' title='bbox 2596 2366 2614 2398; x_wconf 71' lang='grc' dir='ltr'><strong>ι</strong></span> <span class='ocrx_word' id='word_1_421' title='bbox 2664 2347 2790 2399; x_wconf 73' lang='grc' dir='ltr'><strong>Ἐπὶ</strong></span> <span class='ocrx_word' id='word_1_422' title='bbox 2819 2348 3028 2409; x_wconf 80' lang='grc' dir='ltr'><strong>τούτοις</strong></span> <span class='ocrx_word' id='word_1_423' title='bbox 3059 2348 3299 2410; x_wconf 77' lang='grc' dir='ltr'>ἅπαντες</span> <span class='ocrx_word' id='word_1_424' title='bbox 3329 2346 3658 2418; x_wconf 80' lang='grc' dir='ltr'>εὐχαριστή-</span> 
     </span>
    </p>
   </div>
   <div class='ocr_carea' id='block_1_55' title="bbox 2063 2435 3652 2509">
    <p class='ocr_par' dir='ltr' id='par_1_55' title="bbox 2063 2435 3652 2509">
     <span class='ocr_line' id='line_1_55' title="bbox 2063 2435 3652 2509; baseline -0.002 -18"><span class='ocrx_word' id='word_1_425' title='bbox 2063 2456 2278 2502; x_wconf 80' lang='grc' dir='ltr'>σαντες,</span> <span class='ocrx_word' id='word_1_426' title='bbox 2314 2437 2392 2508; x_wconf 83' lang='grc' dir='ltr'>τῷ</span> <span class='ocrx_word' id='word_1_427' title='bbox 2420 2436 2538 2507; x_wconf 78' lang='grc' dir='ltr'><strong>Θεῷ</strong></span> <span class='ocrx_word' id='word_1_428' title='bbox 2575 2438 2737 2504; x_wconf 74' lang='grc' dir='ltr'>δόξαν</span> <span class='ocrx_word' id='word_1_429' title='bbox 2784 2439 3132 2509; x_wconf 60' lang='grc' dir='ltr'>ἀνέπεμψαν,</span> <span class='ocrx_word' id='word_1_430' title='bbox 3168 2437 3265 2501; x_wconf 51' lang='grc' dir='ltr'><strong>καὶ⁵</strong></span> <span class='ocrx_word' id='word_1_431' title='bbox 3305 2438 3403 2506; x_wconf 77' lang='grc' dir='ltr'>τὴν</span> <span class='ocrx_word' id='word_1_432' title='bbox 3448 2435 3652 2507; x_wconf 75' lang='grc' dir='ltr'>συνήθη</span> 
     </span>
    </p>
   </div>
   <div class='ocr_carea' id='block_1_56' title="bbox 2061 2529 3654 2603">
    <p class='ocr_par' dir='ltr' id='par_1_56' title="bbox 2061 2529 3654 2603">
     <span class='ocr_line' id='line_1_56' title="bbox 2061 2529 3654 2603; baseline -0.001 -21"><span class='ocrx_word' id='word_1_433' title='bbox 2061 2531 2339 2603; x_wconf 75' lang='grc' dir='ltr'>εὐφημίαν</span> <span class='ocrx_word' id='word_1_434' title='bbox 2365 2529 2442 2599; x_wconf 84' lang='grc' dir='ltr'>τῷ</span> <span class='ocrx_word' id='word_1_435' title='bbox 2475 2529 2687 2600; x_wconf 85' lang='grc' dir='ltr'>βασιλεί</span> <span class='ocrx_word' id='word_1_436' title='bbox 2720 2530 3048 2601; x_wconf 86' lang='grc' dir='ltr'>ἀπένειμαν.</span> <span class='ocrx_word' id='word_1_437' title='bbox 3097 2529 3256 2584; x_wconf 78' lang='grc' dir='ltr'>Μετὰ</span> <span class='ocrx_word' id='word_1_438' title='bbox 3288 2529 3463 2583; x_wconf 82' lang='grc' dir='ltr'>ταῦτα</span> <span class='ocrx_word' id='word_1_439' title='bbox 3490 2532 3517 2583; x_wconf 85' lang='grc' dir='ltr'>ὁ</span> <span class='ocrx_word' id='word_1_440' title='bbox 3554 2529 3654 2599; x_wconf 87' lang='grc' dir='ltr'><strong>βα-</strong></span> 
     </span>
    </p>
   </div>
   <div class='ocr_carea' id='block_1_57' title="bbox 2063 2621 3656 2695">
    <p class='ocr_par' dir='ltr' id='par_1_57' title="bbox 2063 2621 3656 2695">
     <span class='ocr_line' id='line_1_57' title="bbox 2063 2621 3656 2695; baseline -0.002 -19"><span class='ocrx_word' id='word_1_441' title='bbox 2063 2624 2270 2689; x_wconf 75' lang='grc' dir='ltr'>σιλεὺς,</span> <span class='ocrx_word' id='word_1_442' title='bbox 2302 2622 2506 2695; x_wconf 70' lang='grc' dir='ltr'>τρέψας</span> <span class='ocrx_word' id='word_1_443' title='bbox 2531 2621 2625 2675; x_wconf 81' lang='grc' dir='ltr'>τὸν</span> <span class='ocrx_word' id='word_1_444' title='bbox 2663 2622 2821 2691; x_wconf 74' lang='grc' dir='ltr'>λόγον</span> <span class='ocrx_word' id='word_1_445' title='bbox 2846 2622 2983 2693; x_wconf 71' lang='grc' dir='ltr'>πρὸς</span> <span class='ocrx_word' id='word_1_446' title='bbox 3026 2623 3117 2676; x_wconf 84' lang='grc' dir='ltr'><strong>τδν</strong></span> <span class='ocrx_word' id='word_1_447' title='bbox 3148 2621 3656 2694; x_wconf 81' lang='grc' dir='ltr'>ἀρχιερατεύσαντα</span> 
     </span>
    </p>
   </div>
   <div class='ocr_carea' id='block_1_58' title="bbox 2060 2700 3655 2791">
    <p class='ocr_par' dir='ltr' id='par_1_58' title="bbox 2060 2700 3655 2791">
     <span class='ocr_line' id='line_1_58' title="bbox 2060 2700 3655 2791; baseline -0.002 -18"><span class='ocrx_word' id='word_1_448' title='bbox 2060 2723 2118 2773; x_wconf 93' lang='grc' dir='ltr'><strong>ἐν</strong></span> <span class='ocrx_word' id='word_1_449' title='bbox 2149 2719 2458 2790; x_wconf 80' lang='grc' dir='ltr'>Χαλκηδόνι</span> <span class='ocrx_word' id='word_1_450' title='bbox 2491 2720 2659 2791; x_wconf 72' lang='grc' dir='ltr'>κυρδν</span> <span class='ocrx_word' id='word_1_451' title='bbox 2693 2719 2921 2783; x_wconf 88' lang='grc' dir='ltr'>Λέοντα,</span> <span class='ocrx_word' id='word_1_452' title='bbox 2955 2700 3191 2773; x_wconf 78' lang='grc' dir='ltr'>ἐπύθετο</span> <span class='ocrx_word' id='word_1_453' title='bbox 3228 2718 3325 2772; x_wconf 70' lang='grc' dir='ltr'>καὶ</span> <span class='ocrx_word' id='word_1_454' title='bbox 3360 2717 3571 2783; x_wconf 88' lang='grc' dir='ltr'>τοῦτον,</span> <span class='ocrx_word' id='word_1_455' title='bbox 3604 2719 3655 2770; x_wconf 85' lang='grc' dir='ltr'><strong>εί</strong></span> 
     </span>
    </p>
   </div>
   <div class='ocr_carea' id='block_1_59' title="bbox 2059 2811 3655 2884">
    <p class='ocr_par' dir='ltr' id='par_1_59' title="bbox 2059 2811 3655 2884">
     <span class='ocr_line' id='line_1_59' title="bbox 2059 2811 3655 2884; baseline -0.003 -17"><span class='ocrx_word' id='word_1_456' title='bbox 2059 2814 2275 2884; x_wconf 82' lang='grc' dir='ltr'>δέχεται</span> <span class='ocrx_word' id='word_1_457' title='bbox 2315 2811 2406 2866; x_wconf 72' lang='grc' dir='ltr'><strong>τδν</strong></span> <span class='ocrx_word' id='word_1_458' title='bbox 2438 2814 2593 2882; x_wconf 80' lang='grc' dir='ltr'>ἆγιον</span> <span class='ocrx_word' id='word_1_459' title='bbox 2633 2813 2911 2884; x_wconf 79' lang='grc' dir='ltr'>Θεόδωρον</span> <span class='ocrx_word' id='word_1_460' title='bbox 2954 2813 3045 2866; x_wconf 76' lang='grc' dir='ltr'>τὸν</span> <span class='ocrx_word' id='word_1_461' title='bbox 3099 2812 3411 2881; x_wconf 75' lang='grc' dir='ltr'>Στουδίτην,</span> <span class='ocrx_word' id='word_1_462' title='bbox 3460 2811 3554 2865; x_wconf 77' lang='grc' dir='ltr'>καὶ</span> <span class='ocrx_word' id='word_1_463' title='bbox 3603 2812 3655 2863; x_wconf 76' lang='grc' dir='ltr'><strong>εί</strong></span> 
     </span>
    </p>
   </div>
   <div class='ocr_carea' id='block_1_60' title="bbox 2063 2902 3653 2976">
    <p class='ocr_par' dir='ltr' id='par_1_60' title="bbox 2063 2902 3653 2976">
     <span class='ocr_line' id='line_1_60' title="bbox 2063 2902 3653 2976; baseline -0.003 -17"><span class='ocrx_word' id='word_1_464' title='bbox 2063 2907 2347 2976; x_wconf 84' lang='grc' dir='ltr'>συμφωνεῖ</span> <span class='ocrx_word' id='word_1_465' title='bbox 2376 2906 2473 2959; x_wconf 74' lang='grc' dir='ltr'>καὶ</span> <span class='ocrx_word' id='word_1_466' title='bbox 2516 2905 2679 2968; x_wconf 80' lang='grc' dir='ltr'>αὐτὸς</span> <span class='ocrx_word' id='word_1_467' title='bbox 2719 2906 2834 2967; x_wconf 82' lang='grc' dir='ltr'>τοῖς</span> <span class='ocrx_word' id='word_1_468' title='bbox 2869 2903 3269 2972; x_wconf 84' lang='grc' dir='ltr'>ἀναγνωσθεῖσι</span> <span class='ocrx_word' id='word_1_469' title='bbox 3310 2902 3403 2956; x_wconf 74' lang='grc' dir='ltr'>καὶ</span> <span class='ocrx_word' id='word_1_470' title='bbox 3440 2903 3653 2972; x_wconf 79' lang='grc' dir='ltr'>ἐρωτη-</span> 
     </span>
    </p>
   </div>
   <div class='ocr_carea' id='block_1_61' title="bbox 2062 2992 3655 3065">
    <p class='ocr_par' dir='ltr' id='par_1_61' title="bbox 2062 2992 3655 3065">
     <span class='ocr_line' id='line_1_61' title="bbox 2062 2992 3655 3065; baseline 0 -16"><span class='ocrx_word' id='word_1_471' title='bbox 2062 2996 2199 3049; x_wconf 85' lang='grc' dir='ltr'>θεῖσι</span> <span class='ocrx_word' id='word_1_472' title='bbox 2227 2994 2325 3049; x_wconf 84' lang='grc' dir='ltr'>καὶ</span> <span class='ocrx_word' id='word_1_473' title='bbox 2363 2994 2516 3065; x_wconf 86' lang='grc' dir='ltr'><strong>παρά</strong></span> <span class='ocrx_word' id='word_1_474' title='bbox 2547 2994 2777 3048; x_wconf 66' lang='grc' dir='ltr'>πάντων</span> <span class='ocrx_word' id='word_1_475' title='bbox 2791 2994 3137 3065; x_wconf 83' lang='grc' dir='ltr'>ἀποκριθεῖσι</span> <span class='ocrx_word' id='word_1_476' title='bbox 3164 2993 3427 3063; x_wconf 81' lang='grc' dir='ltr'>τήμερον,</span> <span class='ocrx_word' id='word_1_477' title='bbox 3459 2992 3655 3049; x_wconf 72' lang='grc' dir='ltr'>κάκεί-</span> 
     </span>
    </p>
   </div>
   <div class='ocr_carea' id='block_1_62' title="bbox 372 3080 1956 3165">
    <p class='ocr_par' dir='ltr' id='par_1_62' title="bbox 372 3080 1953 3153">
     <span class='ocr_line' id='line_1_62' title="bbox 372 3080 1953 3153; baseline 0.002 -20"><span class='ocrx_word' id='word_1_478' title='bbox 372 3082 493 3151; x_wconf 87' lang='lat' dir='ltr'><strong>ipsa</strong></span> <span class='ocrx_word' id='word_1_479' title='bbox 523 3080 612 3136; x_wconf 89' lang='lat' dir='ltr'><strong>die</strong></span> <span class='ocrx_word' id='word_1_480' title='bbox 650 3082 880 3152; x_wconf 89' lang='lat' dir='ltr'><strong>prolatis</strong></span> <span class='ocrx_word' id='word_1_481' title='bbox 921 3083 1327 3153; x_wconf 87' lang='lat' dir='ltr'><strong>acquiesceret,</strong></span> <span class='ocrx_word' id='word_1_482' title='bbox 1363 3084 1419 3136; x_wconf 91' lang='lat' dir='ltr'><strong>in</strong></span> <span class='ocrx_word' id='word_1_483' title='bbox 1459 3083 1638 3153; x_wconf 85' lang='lat' dir='ltr'><strong>iisque</strong></span> <span class='ocrx_word' id='word_1_484' title='bbox 1679 3092 1953 3137; x_wconf 89' lang='lat' dir='ltr'><strong>maneret.</strong></span> 
     </span>
    </p>
   </div>
   <div class='ocr_carea' id='block_1_63' title="bbox 2060 3080 3655 3165">
    <p class='ocr_par' dir='ltr' id='par_1_63' title="bbox 2068 3082 3655 3158">
     <span class='ocr_line' id='line_1_63' title="bbox 2068 3082 3655 3158; baseline -0.002 -19"><span class='ocrx_word' id='word_1_485' title='bbox 2068 3104 2175 3150; x_wconf 85' lang='grc' dir='ltr'>νοις</span> <span class='ocrx_word' id='word_1_486' title='bbox 2217 3087 2471 3158; x_wconf 90' lang='grc' dir='ltr'>ἐμμένει.</span> <span class='ocrx_word' id='word_1_487' title='bbox 2514 3087 2572 3138; x_wconf 86' lang='lat'><strong>&#39;0</strong></span> <span class='ocrx_word' id='word_1_488' title='bbox 2603 3086 2658 3138; x_wconf 86' lang='grc' dir='ltr'><strong>δέ</strong></span> <span class='ocrx_word' id='word_1_489' title='bbox 2701 3085 3025 3156; x_wconf 75' lang='grc' dir='ltr'>ἀποκριθεὶς</span> <span class='ocrx_word' id='word_1_490' title='bbox 3062 3084 3154 3138; x_wconf 78' lang='grc' dir='ltr'>τὸν</span> <span class='ocrx_word' id='word_1_491' title='bbox 3199 3084 3297 3155; x_wconf 73' lang='grc' dir='ltr'>μὲν</span> <span class='ocrx_word' id='word_1_492' title='bbox 3328 3083 3483 3151; x_wconf 70' lang='grc' dir='ltr'>ἅγιον</span> <span class='ocrx_word' id='word_1_493' title='bbox 3522 3082 3655 3136; x_wconf 75' lang='grc' dir='ltr'><strong>Θεό-</strong></span> 
     </span>
    </p>
   </div>
   <div class='ocr_carea' id='block_1_64' title="bbox 373 3160 1958 3243">
    <p class='ocr_par' dir='ltr' id='par_1_64' title="bbox 373 3160 1958 3243">
     <span class='ocr_line' id='line_1_64' title="bbox 373 3160 1958 3243; baseline 0.001 -16"><span class='ocrx_word' id='word_1_494' title='bbox 373 3173 680 3243; x_wconf 78' lang='lat' dir='ltr'><strong>Respondit</strong></span> <span class='ocrx_word' id='word_1_495' title='bbox 712 3173 802 3228; x_wconf 90' lang='lat' dir='ltr'><strong>ille</strong></span> <span class='ocrx_word' id='word_1_496' title='bbox 839 3189 898 3229; x_wconf 90' lang='lat' dir='ltr'><strong>se</strong></span> <span class='ocrx_word' id='word_1_497' title='bbox 932 3183 1185 3228; x_wconf 88' lang='lat' dir='ltr'><strong>sanctum</strong></span> <span class='ocrx_word' id='word_1_498' title='bbox 1225 3160 1580 3229; x_wconf 86' lang='lat' dir='ltr'><strong>Theodorum</strong></span> <span class='ocrx_word' id='word_1_499' title='bbox 1618 3183 1679 3228; x_wconf 92' lang='lat' dir='ltr'><strong>ut</strong></span> <span class='ocrx_word' id='word_1_500' title='bbox 1704 3160 1958 3228; x_wconf 82' lang='lat' dir='ltr'><strong>commu-</strong></span> 
     </span>
    </p>
   </div>
   <div class='ocr_carea' id='block_1_65' title="bbox 370 3264 1959 3335">
    <p class='ocr_par' dir='ltr' id='par_1_65' title="bbox 370 3264 1959 3335">
     <span class='ocr_line' id='line_1_65' title="bbox 370 3264 1959 3335; baseline 0.001 -17"><span class='ocrx_word' id='word_1_501' title='bbox 370 3280 501 3320; x_wconf 87' lang='lat' dir='ltr'><strong>nem</strong></span> <span class='ocrx_word' id='word_1_502' title='bbox 533 3265 858 3335; x_wconf 87' lang='lat' dir='ltr'><strong>magistrum</strong></span> <span class='ocrx_word' id='word_1_503' title='bbox 890 3274 1006 3320; x_wconf 93' lang='lat' dir='ltr'><strong>toto</strong></span> <span class='ocrx_word' id='word_1_504' title='bbox 1037 3265 1236 3335; x_wconf 90' lang='lat' dir='ltr'><strong>spiritu</strong></span> <span class='ocrx_word' id='word_1_505' title='bbox 1268 3264 1589 3327; x_wconf 83' lang='lat' dir='ltr'><strong>admittere,</strong></span> <span class='ocrx_word' id='word_1_506' title='bbox 1653 3279 1716 3319; x_wconf 91' lang='lat' dir='ltr'><strong>ac</strong></span> <span class='ocrx_word' id='word_1_507' title='bbox 1764 3264 1959 3320; x_wconf 89' lang='lat' dir='ltr'><strong>lectio-</strong></span> 
     </span>
    </p>
   </div>
   <div class='ocr_carea' id='block_1_66' title="bbox 371 3356 1956 3427">
    <p class='ocr_par' dir='ltr' id='par_1_66' title="bbox 371 3356 1956 3427">
     <span class='ocr_line' id='line_1_66' title="bbox 371 3356 1956 3427; baseline 0.001 -16"><span class='ocrx_word' id='word_1_508' title='bbox 371 3372 521 3419; x_wconf 91' lang='lat' dir='ltr'><strong>nem,</strong></span> <span class='ocrx_word' id='word_1_509' title='bbox 592 3356 1082 3425; x_wconf 85' lang='lat' dir='ltr'><strong>interrogationes,</strong></span> <span class='ocrx_word' id='word_1_510' title='bbox 1149 3356 1650 3427; x_wconf 88' lang='lat' dir='ltr'><strong>rcsponsionesque</strong></span> <span class='ocrx_word' id='word_1_511' title='bbox 1706 3359 1956 3413; x_wconf 89' lang='lat' dir='ltr'><strong>omnium</strong></span> 
     </span>
    </p>
   </div>
   <div class='ocr_carea' id='block_1_67' title="bbox 370 3438 1959 3525">
    <p class='ocr_par' dir='ltr' id='par_1_67' title="bbox 370 3438 1959 3525">
     <span class='ocr_line' id='line_1_67' title="bbox 370 3438 1959 3525; baseline 0.003 -22"><span class='ocrx_word' id='word_1_512' title='bbox 370 3463 644 3504; x_wconf 88' lang='lat' dir='ltr'><strong>consensu</strong></span> <span class='ocrx_word' id='word_1_513' title='bbox 693 3448 852 3503; x_wconf 89' lang='lat' dir='ltr'><strong>datas</strong></span> <span class='ocrx_word' id='word_1_514' title='bbox 903 3438 960 3503; x_wconf 82' lang='lat' dir='ltr'><strong>se</strong></span> <span class='ocrx_word' id='word_1_515' title='bbox 996 3449 1161 3503; x_wconf 89' lang='lat' dir='ltr'><strong>etiam</strong></span> <span class='ocrx_word' id='word_1_516' title='bbox 1210 3451 1491 3525; x_wconf 83' lang='lat' dir='ltr'><strong>amplecti,</strong></span> <span class='ocrx_word' id='word_1_517' title='bbox 1535 3452 1587 3506; x_wconf 95' lang='lat' dir='ltr'><strong>in</strong></span> <span class='ocrx_word' id='word_1_518' title='bbox 1634 3452 1812 3522; x_wconf 89' lang='lat' dir='ltr'><strong>iisque</strong></span> <span class='ocrx_word' id='word_1_519' title='bbox 1845 3468 1959 3507; x_wconf 80' lang='lat' dir='ltr'><strong>rna-</strong></span> 
     </span>
    </p>
   </div>
   <div class='ocr_carea' id='block_1_68' title="bbox 372 3537 1955 3613">
    <p class='ocr_par' dir='ltr' id='par_1_68' title="bbox 372 3537 1955 3613">
     <span class='ocr_line' id='line_1_68' title="bbox 372 3537 1955 3613; baseline 0.003 -20"><span class='ocrx_word' id='word_1_520' title='bbox 372 3555 526 3593; x_wconf 83' lang='lat' dir='ltr'><strong>nere.</strong></span> <span class='ocrx_word' id='word_1_521' title='bbox 570 3537 699 3594; x_wconf 69' lang='lat' dir='ltr'><strong>Ilaec</strong></span> <span class='ocrx_word' id='word_1_522' title='bbox 730 3538 896 3593; x_wconf 86' lang='lat' dir='ltr'><strong>etiam</strong></span> <span class='ocrx_word' id='word_1_523' title='bbox 954 3539 1205 3611; x_wconf 83' lang='lat' dir='ltr'><strong>adjecit:</strong></span> <span class='ocrx_word' id='word_1_524' title='bbox 1275 3560 1292 3593; x_wconf 76' lang='grc' dir='ltr'><strong>ι</strong></span> <span class='ocrx_word' id='word_1_525' title='bbox 1348 3542 1725 3613; x_wconf 71' lang='lat' dir='ltr'><strong>Quaecumque</strong></span> <span class='ocrx_word' id='word_1_526' title='bbox 1770 3559 1867 3599; x_wconf 86' lang='lat' dir='ltr'><strong>vos</strong></span> <span class='ocrx_word' id='word_1_527' title='bbox 1904 3545 1955 3598; x_wconf 91' lang='lat' dir='ltr'><strong>in</strong></span> 
     </span>
    </p>
   </div>
   <div class='ocr_carea' id='block_1_69' title="bbox 371 3632 1957 3708">
    <p class='ocr_par' dir='ltr' id='par_1_69' title="bbox 371 3632 1957 3708">
     <span class='ocr_line' id='line_1_69' title="bbox 371 3632 1957 3708; baseline 0.004 -22"><span class='ocrx_word' id='word_1_528' title='bbox 371 3632 562 3687; x_wconf 87' lang='lat' dir='ltr'><strong>libello</strong></span> <span class='ocrx_word' id='word_1_529' title='bbox 610 3647 735 3687; x_wconf 89' lang='lat' dir='ltr'><strong>meo</strong></span> <span class='ocrx_word' id='word_1_530' title='bbox 786 3632 1112 3702; x_wconf 87' lang='lat' dir='ltr'><strong>repudiatis,</strong></span> <span class='ocrx_word' id='word_1_531' title='bbox 1168 3642 1225 3690; x_wconf 90' lang='lat' dir='ltr'><strong>et</strong></span> <span class='ocrx_word' id='word_1_532' title='bbox 1258 3649 1361 3706; x_wconf 82' lang='lat' dir='ltr'><strong>ego</strong></span> <span class='ocrx_word' id='word_1_533' title='bbox 1396 3636 1660 3706; x_wconf 86' lang='lat' dir='ltr'><strong>repudio;</strong></span> <span class='ocrx_word' id='word_1_534' title='bbox 1723 3645 1778 3693; x_wconf 90' lang='lat' dir='ltr'><strong>et</strong></span> <span class='ocrx_word' id='word_1_535' title='bbox 1808 3653 1957 3708; x_wconf 65' lang='lat' dir='ltr'><strong>qua:-</strong></span> 
     </span>
    </p>
   </div>
   <div class='ocr_carea' id='block_1_70' title="bbox 370 3722 1957 3792">
    <p class='ocr_par' dir='ltr' id='par_1_70' title="bbox 370 3722 1957 3792">
     <span class='ocr_line' id='line_1_70' title="bbox 370 3722 1957 3792; baseline 0.004 -15"><span class='ocrx_word' id='word_1_536' title='bbox 370 3738 613 3792; x_wconf 84' lang='lat' dir='ltr'><strong>eumque</strong></span> <span class='ocrx_word' id='word_1_537' title='bbox 646 3722 961 3789; x_wconf 86' lang='lat' dir='ltr'><strong>admittitis,</strong></span> <span class='ocrx_word' id='word_1_538' title='bbox 994 3723 1250 3781; x_wconf 89' lang='lat' dir='ltr'><strong>admitto.</strong></span> <span class='ocrx_word' id='word_1_539' title='bbox 1291 3746 1310 3779; x_wconf 71' lang='grc' dir='ltr'><strong><em>ο</em></strong></span> <span class='ocrx_word' id='word_1_540' title='bbox 1371 3727 1497 3782; x_wconf 70' lang='lat' dir='ltr'><strong>Haec</strong></span> <span class='ocrx_word' id='word_1_541' title='bbox 1542 3743 1667 3782; x_wconf 84' lang='lat' dir='ltr'><strong>cum</strong></span> <span class='ocrx_word' id='word_1_542' title='bbox 1726 3728 1957 3785; x_wconf 77' lang='lat' dir='ltr'><strong>dixisset</strong></span> 
     </span>
    </p>
   </div>
   <div class='ocr_carea' id='block_1_71' title="bbox 369 3806 1953 3891">
    <p class='ocr_par' dir='ltr' id='par_1_71' title="bbox 369 3806 1953 3891">
     <span class='ocr_line' id='line_1_71' title="bbox 369 3806 1953 3891; baseline 0.004 -22"><span class='ocrx_word' id='word_1_543' title='bbox 369 3806 485 3869; x_wconf 84' lang='lat' dir='ltr'><strong>Leo</strong></span> <span class='ocrx_word' id='word_1_544' title='bbox 542 3808 1032 3884; x_wconf 87' lang='lat' dir='ltr'><strong>Chalcedonensis,</strong></span> <span class='ocrx_word' id='word_1_545' title='bbox 1088 3818 1217 3888; x_wconf 89' lang='lat' dir='ltr'><strong>quia</strong></span> <span class='ocrx_word' id='word_1_546' title='bbox 1280 3820 1547 3874; x_wconf 91' lang='lat' dir='ltr'><strong>nonnulla</strong></span> <span class='ocrx_word' id='word_1_547' title='bbox 1608 3821 1664 3874; x_wconf 93' lang='lat' dir='ltr'><strong>in</strong></span> <span class='ocrx_word' id='word_1_548' title='bbox 1721 3822 1953 3891; x_wconf 88' lang='lat' dir='ltr'><strong>epistola</strong></span> 
     </span>
    </p>
   </div>
   <div class='ocr_carea' id='block_1_72' title="bbox 369 3894 1956 3982">
    <p class='ocr_par' dir='ltr' id='par_1_72' title="bbox 369 3894 1956 3982">
     <span class='ocr_line' id='line_1_72' title="bbox 369 3894 1956 3982; baseline 0.005 -24"><span class='ocrx_word' id='word_1_549' title='bbox 369 3906 509 3979; x_wconf 68' lang='lat' dir='ltr'><strong>ejus,</strong></span> <span class='ocrx_word' id='word_1_550' title='bbox 547 3907 616 3962; x_wconf 89' lang='lat' dir='ltr'><strong>iis</strong></span> <span class='ocrx_word' id='word_1_551' title='bbox 637 3923 759 3978; x_wconf 65' lang='lat' dir='ltr'><strong>quae</strong></span> <span class='ocrx_word' id='word_1_552' title='bbox 788 3907 844 3962; x_wconf 91' lang='lat' dir='ltr'><strong>in</strong></span> <span class='ocrx_word' id='word_1_553' title='bbox 873 3908 1111 3965; x_wconf 88' lang='lat' dir='ltr'><strong>amboue</strong></span> <span class='ocrx_word' id='word_1_554' title='bbox 1140 3926 1209 3965; x_wconf 84' lang='lat' dir='ltr'><strong>ex</strong></span> <span class='ocrx_word' id='word_1_555' title='bbox 1239 3896 1521 3982; x_wconf 77' lang='lat' dir='ltr'><strong>synodicis</strong></span> <span class='ocrx_word' id='word_1_556' title='bbox 1543 3913 1685 3967; x_wconf 91' lang='lat' dir='ltr'><strong>lecta</strong></span> <span class='ocrx_word' id='word_1_557' title='bbox 1733 3894 1956 3968; x_wconf 81' lang='lat' dir='ltr'><strong>fuerant</strong></span> 
     </span>
    </p>
   </div>
   <div class='ocr_carea' id='block_1_73' title="bbox 368 3998 1954 4072">
    <p class='ocr_par' dir='ltr' id='par_1_73' title="bbox 368 3998 1954 4072">
     <span class='ocr_line' id='line_1_73' title="bbox 368 3998 1954 4072; baseline 0.001 -17"><span class='ocrx_word' id='word_1_558' title='bbox 368 4014 588 4055; x_wconf 87' lang='lat' dir='ltr'><strong>necnon</strong></span> <span class='ocrx_word' id='word_1_559' title='bbox 615 3998 740 4055; x_wconf 91' lang='lat' dir='ltr'><strong>aliis</strong></span> <span class='ocrx_word' id='word_1_560' title='bbox 788 4015 911 4070; x_wconf 74' lang='lat' dir='ltr'><strong>quae</strong></span> <span class='ocrx_word' id='word_1_561' title='bbox 966 4001 1230 4071; x_wconf 87' lang='lat' dir='ltr'><strong>superius</strong></span> <span class='ocrx_word' id='word_1_562' title='bbox 1264 4012 1522 4057; x_wconf 87' lang='lat' dir='ltr'><strong>enarrata</strong></span> <span class='ocrx_word' id='word_1_563' title='bbox 1577 4011 1727 4068; x_wconf 88' lang='lat' dir='ltr'><strong>sunt,</strong></span> <span class='ocrx_word' id='word_1_564' title='bbox 1791 4019 1954 4072; x_wconf 87' lang='lat' dir='ltr'><strong>repu-</strong></span> 
     </span>
    </p>
   </div>
   <div class='ocr_carea' id='block_1_74' title="bbox 368 4092 1952 4161">
    <p class='ocr_par' dir='ltr' id='par_1_74' title="bbox 368 4092 1952 4161">
     <span class='ocr_line' id='line_1_74' title="bbox 368 4092 1952 4161; baseline 0.002 -15"><span class='ocrx_word' id='word_1_565' title='bbox 368 4106 537 4161; x_wconf 84' lang='lat' dir='ltr'><strong>gnare</strong></span> <span class='ocrx_word' id='word_1_566' title='bbox 590 4106 655 4146; x_wconf 89' lang='lat' dir='ltr'><strong>ac</strong></span> <span class='ocrx_word' id='word_1_567' title='bbox 708 4107 836 4146; x_wconf 85' lang='lat' dir='ltr'><strong>cum</strong></span> <span class='ocrx_word' id='word_1_568' title='bbox 892 4092 1145 4147; x_wconf 84' lang='lat' dir='ltr'><strong>doctrina</strong></span> <span class='ocrx_word' id='word_1_569' title='bbox 1200 4092 1517 4148; x_wconf 90' lang='lat' dir='ltr'><strong>divinorum</strong></span> <span class='ocrx_word' id='word_1_570' title='bbox 1571 4095 1796 4149; x_wconf 81' lang='lat' dir='ltr'><strong>Patrum</strong></span> <span class='ocrx_word' id='word_1_571' title='bbox 1843 4112 1952 4149; x_wconf 91' lang='lat' dir='ltr'><strong>non</strong></span> 
     </span>
    </p>
   </div>
   <div class='ocr_carea' id='block_1_75' title="bbox 369 4178 1954 4259">
    <p class='ocr_par' dir='ltr' id='par_1_75' title="bbox 369 4178 1954 4259">
     <span class='ocr_line' id='line_1_75' title="bbox 369 4178 1954 4259; baseline 0.001 -20"><span class='ocrx_word' id='word_1_572' title='bbox 369 4183 686 4239; x_wconf 81' lang='lat' dir='ltr'><strong>consentire</strong></span> <span class='ocrx_word' id='word_1_573' title='bbox 709 4181 1058 4252; x_wconf 89' lang='lat' dir='ltr'><strong>deprehensa</strong></span> <span class='ocrx_word' id='word_1_574' title='bbox 1095 4194 1248 4248; x_wconf 91' lang='lat' dir='ltr'><strong>sunt,</strong></span> <span class='ocrx_word' id='word_1_575' title='bbox 1276 4178 1563 4241; x_wconf 86' lang='lat' dir='ltr'><strong>decretum</strong></span> <span class='ocrx_word' id='word_1_576' title='bbox 1596 4198 1681 4243; x_wconf 90' lang='lat' dir='ltr'><strong>est</strong></span> <span class='ocrx_word' id='word_1_577' title='bbox 1707 4188 1822 4242; x_wconf 62' lang='lat' dir='ltr'><strong>haec</strong></span> <span class='ocrx_word' id='word_1_578' title='bbox 1855 4202 1954 4259; x_wconf 84' lang='lat' dir='ltr'><strong>pro</strong></span> 
     </span>
    </p>
   </div>
   <div class='ocr_carea' id='block_1_76' title="bbox 370 4264 1952 4346">
    <p class='ocr_par' dir='ltr' id='par_1_76' title="bbox 370 4264 1952 4346">
     <span class='ocr_line' id='line_1_76' title="bbox 370 4264 1952 4346; baseline 0.003 -16"><span class='ocrx_word' id='word_1_579' title='bbox 370 4275 677 4345; x_wconf 83' lang='lat' dir='ltr'><strong>repudiatis</strong></span> <span class='ocrx_word' id='word_1_580' title='bbox 721 4276 977 4330; x_wconf 81' lang='lat' dir='ltr'><strong>habenda</strong></span> <span class='ocrx_word' id='word_1_581' title='bbox 1025 4291 1168 4340; x_wconf 86' lang='lat' dir='ltr'><strong>esse,</strong></span> <span class='ocrx_word' id='word_1_582' title='bbox 1211 4264 1683 4346; x_wconf 85' lang='lat' dir='ltr'><strong>quemadmodum</strong></span> <span class='ocrx_word' id='word_1_583' title='bbox 1722 4289 1778 4334; x_wconf 90' lang='lat' dir='ltr'><strong>et</strong></span> <span class='ocrx_word' id='word_1_584' title='bbox 1825 4295 1952 4334; x_wconf 91' lang='lat' dir='ltr'><strong>eum</strong></span> 
     </span>
    </p>
   </div>
   <div class='ocr_carea' id='block_1_77' title="bbox 370 4364 1955 4438">
    <p class='ocr_par' dir='ltr' id='par_1_77' title="bbox 370 4364 1955 4438">
     <span class='ocr_line' id='line_1_77' title="bbox 370 4364 1955 4438; baseline 0.003 -17"><span class='ocrx_word' id='word_1_585' title='bbox 370 4367 467 4438; x_wconf 90' lang='lat' dir='ltr'><strong>qui</strong></span> <span class='ocrx_word' id='word_1_586' title='bbox 506 4366 596 4420; x_wconf 86' lang='lat' dir='ltr'><strong>his</strong></span> <span class='ocrx_word' id='word_1_587' title='bbox 625 4364 947 4422; x_wconf 40' lang='lat' dir='ltr'><strong>adbaiserit.</strong></span> <span class='ocrx_word' id='word_1_588' title='bbox 1006 4365 1170 4423; x_wconf 86' lang='lat' dir='ltr'><strong>Circa</strong></span> <span class='ocrx_word' id='word_1_589' title='bbox 1201 4378 1537 4424; x_wconf 88' lang='lat' dir='ltr'><strong>memoratas</strong></span> <span class='ocrx_word' id='word_1_590' title='bbox 1560 4377 1746 4425; x_wconf 90' lang='lat' dir='ltr'><strong>autem</strong></span> <span class='ocrx_word' id='word_1_591' title='bbox 1784 4370 1955 4425; x_wconf 90' lang='lat' dir='ltr'><strong>inter-</strong></span> 
     </span>
    </p>
   </div>
   <div class='ocr_carea' id='block_1_78' title="bbox 370 4457 1952 4537">
    <p class='ocr_par' dir='ltr' id='par_1_78' title="bbox 370 4457 1952 4537">
     <span class='ocr_line' id='line_1_78' title="bbox 370 4457 1952 4537; baseline 0.002 -25"><span class='ocrx_word' id='word_1_592' title='bbox 370 4457 710 4529; x_wconf 83' lang='lat' dir='ltr'><strong>rogationes,</strong></span> <span class='ocrx_word' id='word_1_593' title='bbox 740 4457 1139 4527; x_wconf 89' lang='lat' dir='ltr'><strong>responsiones</strong></span> <span class='ocrx_word' id='word_1_594' title='bbox 1163 4467 1220 4513; x_wconf 90' lang='lat' dir='ltr'><strong>et</strong></span> <span class='ocrx_word' id='word_1_595' title='bbox 1247 4458 1600 4515; x_wconf 82' lang='lat' dir='ltr'><strong>deﬁnitiones</strong></span> <span class='ocrx_word' id='word_1_596' title='bbox 1649 4460 1952 4537; x_wconf 88' lang='lat' dir='ltr'><strong>imperator</strong></span> 
     </span>
    </p>
   </div>
   <div class='ocr_carea' id='block_1_79' title="bbox 370 4548 1950 4624">
    <p class='ocr_par' dir='ltr' id='par_1_79' title="bbox 370 4548 1950 4624">
     <span class='ocr_line' id='line_1_79' title="bbox 370 4548 1950 4624; baseline 0.003 -22"><span class='ocrx_word' id='word_1_597' title='bbox 370 4549 633 4604; x_wconf 88' lang='lat' dir='ltr'><strong>omnibus</strong></span> <span class='ocrx_word' id='word_1_598' title='bbox 677 4548 1036 4605; x_wconf 88' lang='lat' dir='ltr'><strong>audientibus</strong></span> <span class='ocrx_word' id='word_1_599' title='bbox 1068 4548 1446 4605; x_wconf 86' lang='lat' dir='ltr'><strong>vociferatur:</strong></span> <span class='ocrx_word' id='word_1_600' title='bbox 1494 4571 1513 4605; x_wconf 80' lang='grc' dir='ltr'><strong>ι</strong></span> <span class='ocrx_word' id='word_1_601' title='bbox 1555 4552 1609 4608; x_wconf 92' lang='lat' dir='ltr'><strong>Si</strong></span> <span class='ocrx_word' id='word_1_602' title='bbox 1646 4554 1773 4624; x_wconf 91' lang='lat' dir='ltr'><strong>quis</strong></span> <span class='ocrx_word' id='word_1_603' title='bbox 1807 4552 1950 4608; x_wconf 89' lang='lat' dir='ltr'><strong>circa</strong></span> 
     </span>
    </p>
   </div>
   <div class='ocr_carea' id='block_1_80' title="bbox 373 4636 1957 4711">
    <p class='ocr_par' dir='ltr' id='par_1_80' title="bbox 373 4636 1957 4711">
     <span class='ocr_line' id='line_1_80' title="bbox 373 4636 1957 4711; baseline 0.003 -17"><span class='ocrx_word' id='word_1_604' title='bbox 373 4639 602 4695; x_wconf 86' lang='lat' dir='ltr'><strong>definita</strong></span> <span class='ocrx_word' id='word_1_605' title='bbox 640 4639 698 4695; x_wconf 92' lang='lat' dir='ltr'><strong>in</strong></span> <span class='ocrx_word' id='word_1_606' title='bbox 754 4641 1014 4711; x_wconf 84' lang='lat' dir='ltr'><strong>quopiam</strong></span> <span class='ocrx_word' id='word_1_607' title='bbox 1054 4641 1416 4711; x_wconf 89' lang='lat' dir='ltr'><strong>dubitaverit,</strong></span> <span class='ocrx_word' id='word_1_608' title='bbox 1465 4654 1621 4701; x_wconf 85' lang='lat' dir='ltr'><strong>stans</strong></span> <span class='ocrx_word' id='word_1_609' title='bbox 1666 4636 1721 4699; x_wconf 89' lang='lat' dir='ltr'><strong>in</strong></span> <span class='ocrx_word' id='word_1_610' title='bbox 1772 4640 1957 4701; x_wconf 79' lang='lat' dir='ltr'><strong>medio</strong></span> 
     </span>
    </p>
   </div>
   <div class='ocr_carea' id='block_1_81' title="bbox 370 4718 1956 4807">
    <p class='ocr_par' dir='ltr' id='par_1_81' title="bbox 370 4718 1956 4807">
     <span class='ocr_line' id='line_1_81' title="bbox 370 4718 1956 4807; baseline 0.002 -20"><span class='ocrx_word' id='word_1_611' title='bbox 370 4731 773 4787; x_wconf 84' lang='lat' dir='ltr'><strong>dubitationem</strong></span> <span class='ocrx_word' id='word_1_612' title='bbox 827 4718 1121 4804; x_wconf 83' lang='lat' dir='ltr'><strong>preponat.</strong></span> <span class='ocrx_word' id='word_1_613' title='bbox 1174 4755 1192 4786; x_wconf 74' lang='grc' dir='ltr'><strong>ι</strong></span> <span class='ocrx_word' id='word_1_614' title='bbox 1244 4736 1531 4807; x_wconf 88' lang='lat' dir='ltr'><strong>Nemoque</strong></span> <span class='ocrx_word' id='word_1_615' title='bbox 1561 4747 1839 4807; x_wconf 82' lang='lat' dir='ltr'><strong>repertus</strong></span> <span class='ocrx_word' id='word_1_616' title='bbox 1869 4746 1956 4793; x_wconf 86' lang='lat' dir='ltr'><strong>est</strong></span> 
     </span>
    </p>
   </div>
   <div class='ocr_carea' id='block_1_82' title="bbox 370 4823 1955 4901">
    <p class='ocr_par' dir='ltr' id='par_1_82' title="bbox 370 4823 1955 4901">
     <span class='ocr_line' id='line_1_82' title="bbox 370 4823 1955 4901; baseline 0.004 -23"><span class='ocrx_word' id='word_1_617' title='bbox 370 4824 466 4893; x_wconf 89' lang='lat' dir='ltr'><strong>qui</strong></span> <span class='ocrx_word' id='word_1_618' title='bbox 489 4823 791 4901; x_wconf 84' lang='lat' dir='ltr'><strong>dubitaret,</strong></span> <span class='ocrx_word' id='word_1_619' title='bbox 836 4832 934 4881; x_wconf 89' lang='lat' dir='ltr'><strong>aut</strong></span> <span class='ocrx_word' id='word_1_620' title='bbox 978 4827 1337 4884; x_wconf 83' lang='lat' dir='ltr'><strong>deﬁnitorum</strong></span> <span class='ocrx_word' id='word_1_621' title='bbox 1374 4828 1614 4901; x_wconf 90' lang='lat' dir='ltr'><strong>cuipiam</strong></span> <span class='ocrx_word' id='word_1_622' title='bbox 1668 4830 1955 4887; x_wconf 71' lang='lat' dir='ltr'><strong>contradi-o</strong></span> 
     </span>
    </p>
   </div>
   <div class='ocr_carea' id='block_1_83' title="bbox 371 4904 1953 4994">
    <p class='ocr_par' dir='ltr' id='par_1_83' title="bbox 371 4904 1953 4994">
     <span class='ocr_line' id='line_1_83' title="bbox 371 4904 1953 4994; baseline 0.006 -25"><span class='ocrx_word' id='word_1_623' title='bbox 371 4923 548 4981; x_wconf 83' lang='lat' dir='ltr'><strong>ceret,</strong></span> <span class='ocrx_word' id='word_1_624' title='bbox 590 4916 688 4973; x_wconf 88' lang='lat' dir='ltr'><strong>sed</strong></span> <span class='ocrx_word' id='word_1_625' title='bbox 726 4931 921 4975; x_wconf 87' lang='lat' dir='ltr'><strong>omnes</strong></span> <span class='ocrx_word' id='word_1_626' title='bbox 965 4935 995 4973; x_wconf 90' lang='lat' dir='ltr'><strong>a</strong></span> <span class='ocrx_word' id='word_1_627' title='bbox 1031 4921 1229 4994; x_wconf 88' lang='lat' dir='ltr'><strong>primis</strong></span> <span class='ocrx_word' id='word_1_628' title='bbox 1262 4904 1455 4993; x_wconf 84' lang='lat' dir='ltr'><strong>usque</strong></span> <span class='ocrx_word' id='word_1_629' title='bbox 1494 4920 1564 4975; x_wconf 90' lang='lat' dir='ltr'><strong>ad</strong></span> <span class='ocrx_word' id='word_1_630' title='bbox 1619 4922 1953 4979; x_wconf 87' lang='lat' dir='ltr'><strong>novissimos</strong></span> 
     </span>
    </p>
   </div>
   <div class='ocr_carea' id='block_1_84' title="bbox 371 5008 1947 5086">
    <p class='ocr_par' dir='ltr' id='par_1_84' title="bbox 371 5008 1947 5086">
     <span class='ocr_line' id='line_1_84' title="bbox 371 5008 1947 5086; baseline 0.006 -25"><span class='ocrx_word' id='word_1_631' title='bbox 371 5008 704 5078; x_wconf 82' lang='lat' dir='ltr'><strong>supradictis</strong></span> <span class='ocrx_word' id='word_1_632' title='bbox 726 5011 1147 5070; x_wconf 83' lang='lat' dir='ltr'><strong>definitionibus</strong></span> <span class='ocrx_word' id='word_1_633' title='bbox 1163 5014 1480 5070; x_wconf 89' lang='lat' dir='ltr'><strong>consentire</strong></span> <span class='ocrx_word' id='word_1_634' title='bbox 1504 5016 1775 5086; x_wconf 90' lang='lat' dir='ltr'><strong>comperti</strong></span> <span class='ocrx_word' id='word_1_635' title='bbox 1796 5027 1947 5073; x_wconf 87' lang='lat' dir='ltr'><strong>sunt.</strong></span> 
     </span>
    </p>
   </div>
   <div class='ocr_carea' id='block_1_85' title="bbox 2062 3175 3658 3249">
    <p class='ocr_par' dir='ltr' id='par_1_85' title="bbox 2062 3175 3658 3249">
     <span class='ocr_line' id='line_1_85' title="bbox 2062 3175 3658 3249; baseline -0.001 -19"><span class='ocrx_word' id='word_1_636' title='bbox 2062 3178 2236 3249; x_wconf 80' lang='grc' dir='ltr'>δωρον</span> <span class='ocrx_word' id='word_1_637' title='bbox 2283 3178 2359 3242; x_wconf 87' lang='grc' dir='ltr'><strong>ώς</strong></span> <span class='ocrx_word' id='word_1_638' title='bbox 2402 3177 2582 3232; x_wconf 83' lang='grc' dir='ltr'>κοινὸν</span> <span class='ocrx_word' id='word_1_639' title='bbox 2618 3178 2910 3231; x_wconf 86' lang='grc' dir='ltr'>ἀναπνέειν</span> <span class='ocrx_word' id='word_1_640' title='bbox 2955 3176 3296 3242; x_wconf 77' lang='grc' dir='ltr'>διδάσκαλον,</span> <span class='ocrx_word' id='word_1_641' title='bbox 3342 3176 3412 3230; x_wconf 81' lang='grc' dir='ltr'>τὰ</span> <span class='ocrx_word' id='word_1_642' title='bbox 3440 3176 3495 3230; x_wconf 76' lang='grc' dir='ltr'>δὲ</span> <span class='ocrx_word' id='word_1_643' title='bbox 3541 3175 3658 3229; x_wconf 75' lang='grc' dir='ltr'>δια-</span> 
     </span>
    </p>
   </div>
   <div class='ocr_carea' id='block_1_86' title="bbox 2062 3267 3654 3342">
    <p class='ocr_par' dir='ltr' id='par_1_86' title="bbox 2062 3267 3654 3342">
     <span class='ocr_line' id='line_1_86' title="bbox 2062 3267 3654 3342; baseline -0.001 -19"><span class='ocrx_word' id='word_1_644' title='bbox 2062 3270 2377 3340; x_wconf 82' lang='grc' dir='ltr'>γνωσθέντα</span> <span class='ocrx_word' id='word_1_645' title='bbox 2408 3269 2471 3342; x_wconf 86' lang='grc' dir='ltr'><strong>[Ι.</strong></span> <span class='ocrx_word' id='word_1_646' title='bbox 2504 3267 2948 3341; x_wconf 79' lang='grc' dir='ltr'>ἀναγνωσθέντα]</span> <span class='ocrx_word' id='word_1_647' title='bbox 2990 3268 3084 3324; x_wconf 76' lang='grc' dir='ltr'>καὶ</span> <span class='ocrx_word' id='word_1_648' title='bbox 3118 3267 3465 3341; x_wconf 78' lang='grc' dir='ltr'>ἐρωτηθέντα</span> <span class='ocrx_word' id='word_1_649' title='bbox 3500 3267 3654 3338; x_wconf 88' lang='grc' dir='ltr'>παρά</span> 
     </span>
    </p>
   </div>
   <div class='ocr_carea' id='block_1_87' title="bbox 2064 3358 3655 3431">
    <p class='ocr_par' dir='ltr' id='par_1_87' title="bbox 2064 3358 3655 3431">
     <span class='ocr_line' id='line_1_87' title="bbox 2064 3358 3655 3431; baseline -0.002 -16"><span class='ocrx_word' id='word_1_650' title='bbox 2064 3363 2282 3416; x_wconf 86' lang='grc' dir='ltr'>πάντων</span> <span class='ocrx_word' id='word_1_651' title='bbox 2309 3377 2367 3414; x_wconf 88' lang='grc' dir='ltr'><strong>τε</strong></span> <span class='ocrx_word' id='word_1_652' title='bbox 2414 3360 2727 3431; x_wconf 77' lang='grc' dir='ltr'>συμφώνως</span> <span class='ocrx_word' id='word_1_653' title='bbox 2758 3359 3132 3429; x_wconf 84' lang='grc' dir='ltr'>ἀποκριθέντα</span> <span class='ocrx_word' id='word_1_654' title='bbox 3176 3359 3522 3424; x_wconf 74' lang='grc' dir='ltr'>ἀσπάζεσθαι</span> <span class='ocrx_word' id='word_1_655' title='bbox 3557 3358 3655 3413; x_wconf 80' lang='grc' dir='ltr'>καὶ</span> 
     </span>
    </p>
   </div>
   <div class='ocr_carea' id='block_1_88' title="bbox 2063 3450 3655 3524">
    <p class='ocr_par' dir='ltr' id='par_1_88' title="bbox 2063 3450 3655 3524">
     <span class='ocr_line' id='line_1_88' title="bbox 2063 3450 3655 3524; baseline -0.003 -15"><span class='ocrx_word' id='word_1_656' title='bbox 2063 3455 2247 3518; x_wconf 75' lang='grc' dir='ltr'>αὐτὸν,</span> <span class='ocrx_word' id='word_1_657' title='bbox 2286 3456 2380 3507; x_wconf 74' lang='grc' dir='ltr'>καὶ</span> <span class='ocrx_word' id='word_1_658' title='bbox 2435 3452 2701 3524; x_wconf 86' lang='grc' dir='ltr'>ἐμμένειν</span> <span class='ocrx_word' id='word_1_659' title='bbox 2751 3452 2957 3516; x_wconf 81' lang='grc' dir='ltr'>αὐτοῖς.</span> <span class='ocrx_word' id='word_1_660' title='bbox 3014 3452 3419 3523; x_wconf 77' lang='grc' dir='ltr'>Προσεπήγαγε</span> <span class='ocrx_word' id='word_1_661' title='bbox 3461 3451 3517 3504; x_wconf 84' lang='grc' dir='ltr'><strong>δέ</strong></span> <span class='ocrx_word' id='word_1_662' title='bbox 3557 3450 3655 3505; x_wconf 74' lang='grc' dir='ltr'>καὶ</span> 
     </span>
    </p>
   </div>
   <div class='ocr_carea' id='block_1_89' title="bbox 2060 3539 3654 3612">
    <p class='ocr_par' dir='ltr' id='par_1_89' title="bbox 2060 3539 3654 3612">
     <span class='ocr_line' id='line_1_89' title="bbox 2060 3539 3654 3612; baseline -0.003 -15"><span class='ocrx_word' id='word_1_663' title='bbox 2060 3543 2272 3597; x_wconf 89' lang='grc' dir='ltr'>ταῦτα·</span> <span class='ocrx_word' id='word_1_664' title='bbox 2319 3562 2337 3593; x_wconf 75' lang='grc' dir='ltr'><strong>ι</strong></span> <span class='ocrx_word' id='word_1_665' title='bbox 2382 3543 2470 3606; x_wconf 84' lang='grc' dir='ltr'>Ὠς</span> <span class='ocrx_word' id='word_1_666' title='bbox 2526 3543 2626 3595; x_wconf 84' lang='grc' dir='ltr'>ὅσα</span> <span class='ocrx_word' id='word_1_667' title='bbox 2679 3540 2839 3596; x_wconf 79' lang='grc' dir='ltr'>αὐτοὶ</span> <span class='ocrx_word' id='word_1_668' title='bbox 2901 3539 3010 3594; x_wconf 76' lang='grc' dir='ltr'>ἀπὸ</span> <span class='ocrx_word' id='word_1_669' title='bbox 3060 3540 3155 3594; x_wconf 89' lang='grc' dir='ltr'><strong>τοῦ</strong></span> <span class='ocrx_word' id='word_1_670' title='bbox 3207 3541 3491 3612; x_wconf 79' lang='grc' dir='ltr'>ἐγγράφου</span> <span class='ocrx_word' id='word_1_671' title='bbox 3548 3557 3654 3611; x_wconf 90' lang='grc' dir='ltr'><strong>μου</strong></span> 
     </span>
    </p>
   </div>
   <div class='ocr_carea' id='block_1_90' title="bbox 2061 3632 3655 3704">
    <p class='ocr_par' dir='ltr' id='par_1_90' title="bbox 2061 3632 3655 3704">
     <span class='ocr_line' id='line_1_90' title="bbox 2061 3632 3655 3704; baseline -0.004 -14"><span class='ocrx_word' id='word_1_672' title='bbox 2061 3635 2455 3699; x_wconf 72' lang='grc' dir='ltr'>ἀποϐάλλεσθε,</span> <span class='ocrx_word' id='word_1_673' title='bbox 2509 3634 2894 3704; x_wconf 81' lang='grc' dir='ltr'>ἀποὸάλλομαι</span> <span class='ocrx_word' id='word_1_674' title='bbox 2943 3633 3119 3688; x_wconf 83' lang='grc' dir='ltr'>ταῦτα</span> <span class='ocrx_word' id='word_1_675' title='bbox 3167 3632 3353 3700; x_wconf 85' lang='grc' dir='ltr'>κάγώ·</span> <span class='ocrx_word' id='word_1_676' title='bbox 3407 3632 3501 3685; x_wconf 72' lang='grc' dir='ltr'>καὶ</span> <span class='ocrx_word' id='word_1_677' title='bbox 3554 3633 3655 3685; x_wconf 83' lang='grc' dir='ltr'>ὅσα</span> 
     </span>
    </p>
   </div>
   <div class='ocr_carea' id='block_1_91' title="bbox 2060 3718 3651 3799">
    <p class='ocr_par' dir='ltr' id='par_1_91' title="bbox 2060 3718 3651 3799">
     <span class='ocr_line' id='line_1_91' title="bbox 2060 3718 3651 3799; baseline -0.003 -18"><span class='ocrx_word' id='word_1_678' title='bbox 2060 3728 2303 3799; x_wconf 82' lang='grc' dir='ltr'>δέχεσθε,</span> <span class='ocrx_word' id='word_1_679' title='bbox 2329 3728 2557 3799; x_wconf 85' lang='grc' dir='ltr'>δέχομαι</span> <span class='ocrx_word' id='word_1_680' title='bbox 2591 3746 2608 3779; x_wconf 76' lang='grc' dir='ltr'><strong>ι</strong></span> <span class='ocrx_word' id='word_1_681' title='bbox 2642 3718 2831 3779; x_wconf 87' lang='grc' dir='ltr'>Ταῦτα</span> <span class='ocrx_word' id='word_1_682' title='bbox 2859 3722 2953 3779; x_wconf 89' lang='grc' dir='ltr'><strong>τοῦ</strong></span> <span class='ocrx_word' id='word_1_683' title='bbox 2985 3725 3093 3780; x_wconf 84' lang='grc' dir='ltr'>ἀπὸ</span> <span class='ocrx_word' id='word_1_684' title='bbox 3115 3725 3460 3796; x_wconf 78' lang='grc' dir='ltr'>Χαλκηδόνος</span> <span class='ocrx_word' id='word_1_685' title='bbox 3488 3725 3651 3779; x_wconf 81' lang='grc' dir='ltr'>Δέονο</span> 
     </span>
    </p>
   </div>
   <div class='ocr_carea' id='block_1_92' title="bbox 2058 3816 3653 3888">
    <p class='ocr_par' dir='ltr' id='par_1_92' title="bbox 2058 3816 3653 3888">
     <span class='ocr_line' id='line_1_92' title="bbox 2058 3816 3653 3888; baseline -0.004 -14"><span class='ocrx_word' id='word_1_686' title='bbox 2058 3839 2153 3884; x_wconf 91' lang='grc' dir='ltr'><strong>τος</strong></span> <span class='ocrx_word' id='word_1_687' title='bbox 2181 3820 2448 3885; x_wconf 76' lang='grc' dir='ltr'>εἰπόντος,</span> <span class='ocrx_word' id='word_1_688' title='bbox 2479 3819 2602 3872; x_wconf 81' lang='grc' dir='ltr'>ἐπεὶ</span> <span class='ocrx_word' id='word_1_689' title='bbox 2631 3817 3041 3887; x_wconf 84' lang='grc' dir='ltr'>διεγνώσθησάν</span> <span class='ocrx_word' id='word_1_690' title='bbox 3066 3834 3190 3872; x_wconf 90' lang='grc' dir='ltr'>τινα</span> <span class='ocrx_word' id='word_1_691' title='bbox 3213 3816 3324 3870; x_wconf 86' lang='grc' dir='ltr'><strong>τῶν</strong></span> <span class='ocrx_word' id='word_1_692' title='bbox 3349 3818 3408 3869; x_wconf 86' lang='grc' dir='ltr'><strong>ἐν</strong></span> <span class='ocrx_word' id='word_1_693' title='bbox 3431 3818 3496 3886; x_wconf 74' lang='grc' dir='ltr'><strong>τῇ</strong></span> <span class='ocrx_word' id='word_1_694' title='bbox 3522 3816 3653 3888; x_wconf 85' lang='grc' dir='ltr'>παρ’</span> 
     </span>
    </p>
   </div>
   <div class='ocr_carea' id='block_1_93' title="bbox 2060 3906 3656 3979">
    <p class='ocr_par' dir='ltr' id='par_1_93' title="bbox 2060 3906 3656 3979">
     <span class='ocr_line' id='line_1_93' title="bbox 2060 3906 3656 3979; baseline -0.003 -15"><span class='ocrx_word' id='word_1_695' title='bbox 2060 3909 2227 3964; x_wconf 71' lang='grc' dir='ltr'>αὑτοῦ</span> <span class='ocrx_word' id='word_1_696' title='bbox 2262 3908 2550 3979; x_wconf 83' lang='grc' dir='ltr'>ἐκτεθείσῃ</span> <span class='ocrx_word' id='word_1_697' title='bbox 2583 3906 2844 3977; x_wconf 77' lang='grc' dir='ltr'>ἐπιστολῇ</span> <span class='ocrx_word' id='word_1_698' title='bbox 2891 3907 3324 3977; x_wconf 83' lang='grc' dir='ltr'>ἐγγραφομένων</span> <span class='ocrx_word' id='word_1_699' title='bbox 3356 3908 3467 3972; x_wconf 83' lang='grc' dir='ltr'>τοῖς</span> <span class='ocrx_word' id='word_1_700' title='bbox 3499 3923 3656 3960; x_wconf 91' lang='grc' dir='ltr'>συνο-</span> 
     </span>
    </p>
   </div>
   <div class='ocr_carea' id='block_1_94' title="bbox 2060 3995 3654 4075">
    <p class='ocr_par' dir='ltr' id='par_1_94' title="bbox 2060 3995 3654 4075">
     <span class='ocr_line' id='line_1_94' title="bbox 2060 3995 3654 4075; baseline -0.003 -22"><span class='ocrx_word' id='word_1_701' title='bbox 2060 3999 2225 4063; x_wconf 79' lang='grc' dir='ltr'>ὂικῶς</span> <span class='ocrx_word' id='word_1_702' title='bbox 2257 3996 2377 4072; x_wconf 81' lang='lat' dir='ltr'><strong>(sic)</strong></span> <span class='ocrx_word' id='word_1_703' title='bbox 2416 3995 2503 4051; x_wconf 85' lang='grc' dir='ltr'><strong>ἐπ’</strong></span> <span class='ocrx_word' id='word_1_704' title='bbox 2538 3996 2794 4067; x_wconf 76' lang='grc' dir='ltr'>ἄμϐωνας</span> <span class='ocrx_word' id='word_1_705' title='bbox 2824 3997 3364 4075; x_wconf 80' lang='grc' dir='ltr'>ἀναγινωσκομένοις</span> <span class='ocrx_word' id='word_1_706' title='bbox 3409 3997 3503 4049; x_wconf 77' lang='grc' dir='ltr'>καὶ</span> <span class='ocrx_word' id='word_1_707' title='bbox 3540 3997 3654 4059; x_wconf 80' lang='grc' dir='ltr'>τοῖς</span> 
     </span>
    </p>
   </div>
   <div class='ocr_carea' id='block_1_95' title="bbox 2060 4085 3653 4158">
    <p class='ocr_par' dir='ltr' id='par_1_95' title="bbox 2060 4085 3653 4158">
     <span class='ocr_line' id='line_1_95' title="bbox 2060 4085 3653 4158; baseline -0.004 -14"><span class='ocrx_word' id='word_1_708' title='bbox 2060 4090 2266 4144; x_wconf 80' lang='grc' dir='ltr'>ἄνωθεν</span> <span class='ocrx_word' id='word_1_709' title='bbox 2294 4087 2671 4158; x_wconf 82' lang='grc' dir='ltr'>διαληφθεῖσιν</span> <span class='ocrx_word' id='word_1_710' title='bbox 2695 4086 3107 4157; x_wconf 79' lang='grc' dir='ltr'>ἐναντιούμενα,</span> <span class='ocrx_word' id='word_1_711' title='bbox 3129 4087 3222 4140; x_wconf 69' lang='grc' dir='ltr'>καὶ</span> <span class='ocrx_word' id='word_1_712' title='bbox 3247 4089 3313 4158; x_wconf 81' lang='grc' dir='ltr'>τῇ</span> <span class='ocrx_word' id='word_1_713' title='bbox 3337 4085 3653 4157; x_wconf 72' lang='grc' dir='ltr'>διδασκαλία</span> 
     </span>
    </p>
   </div>
   <div class='ocr_carea' id='block_1_96' title="bbox 2058 4176 3653 4259">
    <p class='ocr_par' dir='ltr' id='par_1_96' title="bbox 2058 4176 3653 4259">
     <span class='ocr_line' id='line_1_96' title="bbox 2058 4176 3653 4259; baseline -0.003 -24"><span class='ocrx_word' id='word_1_714' title='bbox 2058 4180 2168 4235; x_wconf 85' lang='grc' dir='ltr'><strong>τῶν</strong></span> <span class='ocrx_word' id='word_1_715' title='bbox 2223 4180 2384 4234; x_wconf 85' lang='grc' dir='ltr'>θείων</span> <span class='ocrx_word' id='word_1_716' title='bbox 2429 4179 2693 4250; x_wconf 82' lang='grc' dir='ltr'>Πατέρων</span> <span class='ocrx_word' id='word_1_717' title='bbox 2745 4178 3090 4259; x_wconf 71' lang='grc' dir='ltr'>ἀσύμφωναο</span> <span class='ocrx_word' id='word_1_718' title='bbox 3148 4176 3326 4243; x_wconf 79' lang='grc' dir='ltr'>ἔδοξεν</span> <span class='ocrx_word' id='word_1_719' title='bbox 3368 4177 3653 4251; x_wconf 79' lang='grc' dir='ltr'>ἀπόὸλητα</span> 
     </span>
    </p>
   </div>
   <div class='ocr_carea' id='block_1_97' title="bbox 2060 4268 3654 4340">
    <p class='ocr_par' dir='ltr' id='par_1_97' title="bbox 2060 4268 3654 4340">
     <span class='ocr_line' id='line_1_97' title="bbox 2060 4268 3654 4340; baseline -0.004 -10"><span class='ocrx_word' id='word_1_720' title='bbox 2060 4276 2234 4330; x_wconf 78' lang='grc' dir='ltr'>ταῦτα</span> <span class='ocrx_word' id='word_1_721' title='bbox 2280 4275 2375 4328; x_wconf 69' lang='grc' dir='ltr'>καὶ</span> <span class='ocrx_word' id='word_1_722' title='bbox 2424 4270 2564 4327; x_wconf 71' lang='grc' dir='ltr'>εἶναι</span> <span class='ocrx_word' id='word_1_723' title='bbox 2601 4271 2696 4325; x_wconf 77' lang='grc' dir='ltr'>καὶ</span> <span class='ocrx_word' id='word_1_724' title='bbox 2726 4268 3065 4340; x_wconf 79' lang='grc' dir='ltr'>λογίζεσθαι,</span> <span class='ocrx_word' id='word_1_725' title='bbox 3099 4270 3174 4333; x_wconf 87' lang='grc' dir='ltr'>ὼς</span> <span class='ocrx_word' id='word_1_726' title='bbox 3198 4271 3253 4323; x_wconf 83' lang='grc' dir='ltr'>δὲ</span> <span class='ocrx_word' id='word_1_727' title='bbox 3286 4270 3383 4325; x_wconf 76' lang='grc' dir='ltr'>καὶ</span> <span class='ocrx_word' id='word_1_728' title='bbox 3412 4271 3502 4324; x_wconf 79' lang='grc' dir='ltr'>τὸν</span> <span class='ocrx_word' id='word_1_729' title='bbox 3529 4269 3654 4325; x_wconf 84' lang='grc' dir='ltr'>τού-</span> 
     </span>
    </p>
   </div>
   <div class='ocr_carea' id='block_1_98' title="bbox 2061 4354 3653 4439">
    <p class='ocr_par' dir='ltr' id='par_1_98' title="bbox 2061 4354 3653 4439">
     <span class='ocr_line' id='line_1_98' title="bbox 2061 4354 3653 4439; baseline -0.004 -17"><span class='ocrx_word' id='word_1_730' title='bbox 2061 4386 2175 4430; x_wconf 83' lang='grc' dir='ltr'>τοις</span> <span class='ocrx_word' id='word_1_731' title='bbox 2201 4364 2619 4439; x_wconf 85' lang='grc' dir='ltr'>προσκείμενον.</span> <span class='ocrx_word' id='word_1_732' title='bbox 2666 4360 2788 4416; x_wconf 78' lang='grc' dir='ltr'><strong>Ἐπὶ</strong></span> <span class='ocrx_word' id='word_1_733' title='bbox 2822 4354 3023 4427; x_wconf 78' lang='grc' dir='ltr'>πάσαις</span> <span class='ocrx_word' id='word_1_734' title='bbox 3065 4361 3120 4415; x_wconf 87' lang='grc' dir='ltr'><strong>δέ</strong></span> <span class='ocrx_word' id='word_1_735' title='bbox 3150 4365 3269 4426; x_wconf 79' lang='grc' dir='ltr'>ταῖς</span> <span class='ocrx_word' id='word_1_736' title='bbox 3298 4362 3653 4435; x_wconf 70' lang='grc' dir='ltr'><strong>άναγεγριιμ⁴</strong></span> 
     </span>
    </p>
   </div>
   <div class='ocr_carea' id='block_1_99' title="bbox 2066 4453 3647 4532">
    <p class='ocr_par' dir='ltr' id='par_1_99' title="bbox 2066 4453 3647 4532">
     <span class='ocr_line' id='line_1_99' title="bbox 2066 4453 3647 4532; baseline -0.005 -18"><span class='ocrx_word' id='word_1_737' title='bbox 2066 4460 2256 4532; x_wconf 89' lang='grc' dir='ltr'>μέναις</span> <span class='ocrx_word' id='word_1_738' title='bbox 2281 4459 2586 4529; x_wconf 83' lang='grc' dir='ltr'>ἐρωτήσεσι</span> <span class='ocrx_word' id='word_1_739' title='bbox 2631 4453 2730 4508; x_wconf 77' lang='grc' dir='ltr'>καὶ</span> <span class='ocrx_word' id='word_1_740' title='bbox 2757 4453 3083 4526; x_wconf 82' lang='grc' dir='ltr'>ἀποκρίσεσι</span> <span class='ocrx_word' id='word_1_741' title='bbox 3126 4455 3223 4508; x_wconf 73' lang='grc' dir='ltr'>καὶ</span> <span class='ocrx_word' id='word_1_742' title='bbox 3268 4454 3647 4523; x_wconf 83' lang='grc' dir='ltr'>διαγνώσεσιν,</span> 
     </span>
    </p>
   </div>
   <div class='ocr_carea' id='block_1_100' title="bbox 2057 4545 3654 4621">
    <p class='ocr_par' dir='ltr' id='par_1_100' title="bbox 2057 4545 3654 4621">
     <span class='ocr_line' id='line_1_100' title="bbox 2057 4545 3654 4621; baseline -0.004 -15"><span class='ocrx_word' id='word_1_743' title='bbox 2057 4552 2297 4621; x_wconf 83' lang='grc' dir='ltr'>ἐκφωνεῖ</span> <span class='ocrx_word' id='word_1_744' title='bbox 2334 4553 2362 4602; x_wconf 86' lang='grc' dir='ltr'>ὀ</span> <span class='ocrx_word' id='word_1_745' title='bbox 2404 4548 2656 4620; x_wconf 81' lang='grc' dir='ltr'>βασιλεὺς</span> <span class='ocrx_word' id='word_1_746' title='bbox 2696 4547 2780 4612; x_wconf 86' lang='grc' dir='ltr'><strong>είς</strong></span> <span class='ocrx_word' id='word_1_747' title='bbox 2858 4546 3096 4616; x_wconf 77' lang='grc' dir='ltr'>ἐπήκοον</span> <span class='ocrx_word' id='word_1_748' title='bbox 3141 4546 3360 4600; x_wconf 89' lang='grc' dir='ltr'>πάντων</span> <span class='ocrx_word' id='word_1_749' title='bbox 3402 4546 3493 4598; x_wconf 82' lang='grc' dir='ltr'><strong>τόο</strong></span> <span class='ocrx_word' id='word_1_750' title='bbox 3526 4564 3546 4596; x_wconf 70' lang='grc' dir='ltr'><strong>ε</strong></span> <span class='ocrx_word' id='word_1_751' title='bbox 3586 4545 3654 4599; x_wconf 73' lang='grc' dir='ltr'>Εἴ</span> 
     </span>
    </p>
   </div>
   <div class='ocr_carea' id='block_1_101' title="bbox 2021 4637 3649 4710">
    <p class='ocr_par' dir='ltr' id='par_1_101' title="bbox 2021 4637 3649 4710">
     <span class='ocr_line' id='line_1_101' title="bbox 2021 4637 3649 4710; baseline -0.004 -13"><span class='ocrx_word' id='word_1_752' title='bbox 2021 4682 2038 4697; x_wconf 90' lang='lat'><strong>.</strong></span> <span class='ocrx_word' id='word_1_753' title='bbox 2062 4659 2146 4706; x_wconf 88' lang='grc' dir='ltr'><strong>τις</strong></span> <span class='ocrx_word' id='word_1_754' title='bbox 2174 4642 2268 4697; x_wconf 77' lang='grc' dir='ltr'>ἐπὶ</span> <span class='ocrx_word' id='word_1_755' title='bbox 2296 4642 2407 4705; x_wconf 77' lang='grc' dir='ltr'><strong>τοίς</strong></span> <span class='ocrx_word' id='word_1_756' title='bbox 2438 4639 2822 4710; x_wconf 80' lang='grc' dir='ltr'>διαγνωσθεῖσι</span> <span class='ocrx_word' id='word_1_757' title='bbox 2856 4640 2999 4692; x_wconf 86' lang='grc' dir='ltr'>κατά</span> <span class='ocrx_word' id='word_1_758' title='bbox 3028 4655 3078 4690; x_wconf 89' lang='grc' dir='ltr'><strong>τι</strong></span> <span class='ocrx_word' id='word_1_759' title='bbox 3100 4637 3453 4707; x_wconf 80' lang='grc' dir='ltr'>ἀμφισάλλει,</span> <span class='ocrx_word' id='word_1_760' title='bbox 3482 4637 3649 4708; x_wconf 83' lang='grc' dir='ltr'>μέσον</span> 
     </span>
    </p>
   </div>
   <div class='ocr_carea' id='block_1_102' title="bbox 2065 4729 3649 4804">
    <p class='ocr_par' dir='ltr' id='par_1_102' title="bbox 2065 4729 3649 4804">
     <span class='ocr_line' id='line_1_102' title="bbox 2065 4729 3649 4804; baseline -0.006 -13"><span class='ocrx_word' id='word_1_761' title='bbox 2065 4734 2198 4799; x_wconf 83' lang='grc' dir='ltr'><strong>στάς</strong></span> <span class='ocrx_word' id='word_1_762' title='bbox 2228 4732 2438 4789; x_wconf 70' lang='grc' dir='ltr'>εἰπάτω</span> <span class='ocrx_word' id='word_1_763' title='bbox 2466 4732 2527 4787; x_wconf 76' lang='grc' dir='ltr'>τὸ</span> <span class='ocrx_word' id='word_1_764' title='bbox 2563 4731 3047 4804; x_wconf 77' lang='grc' dir='ltr'>ἀμφιϐαλλὸμενον</span> <span class='ocrx_word' id='word_1_765' title='bbox 3081 4730 3209 4800; x_wconf 72' lang='grc' dir='ltr'>περὶ</span> <span class='ocrx_word' id='word_1_766' title='bbox 3242 4729 3431 4786; x_wconf 84' lang='grc' dir='ltr'>αὐτοῦ.</span> <span class='ocrx_word' id='word_1_767' title='bbox 3477 4749 3494 4782; x_wconf 79' lang='grc' dir='ltr'><strong>ι</strong></span> <span class='ocrx_word' id='word_1_768' title='bbox 3536 4730 3649 4784; x_wconf 75' lang='grc' dir='ltr'><strong>Καὶ</strong></span> 
     </span>
    </p>
   </div>
   <div class='ocr_carea' id='block_1_103' title="bbox 2062 4820 3648 4895">
    <p class='ocr_par' dir='ltr' id='par_1_103' title="bbox 2062 4820 3648 4895">
     <span class='ocr_line' id='line_1_103' title="bbox 2062 4820 3648 4895; baseline -0.005 -14"><span class='ocrx_word' id='word_1_769' title='bbox 2062 4826 2238 4890; x_wconf 64' lang='grc' dir='ltr'>οὐδεὶς</span> <span class='ocrx_word' id='word_1_770' title='bbox 2269 4820 2467 4895; x_wconf 84' lang='grc' dir='ltr'>εὑρέθη</span> <span class='ocrx_word' id='word_1_771' title='bbox 2499 4820 2858 4893; x_wconf 79' lang='grc' dir='ltr'>ἀμφιϐάλλων</span> <span class='ocrx_word' id='word_1_772' title='bbox 2886 4822 2919 4894; x_wconf 78' lang='grc' dir='ltr'>ἢ</span> <span class='ocrx_word' id='word_1_773' title='bbox 2953 4820 3251 4888; x_wconf 83' lang='grc' dir='ltr'>ἀντιλέγων</span> <span class='ocrx_word' id='word_1_774' title='bbox 3279 4822 3371 4874; x_wconf 82' lang='grc' dir='ltr'><strong>ἐπί</strong></span> <span class='ocrx_word' id='word_1_775' title='bbox 3400 4838 3507 4876; x_wconf 88' lang='grc' dir='ltr'>τινι</span> <span class='ocrx_word' id='word_1_776' title='bbox 3537 4820 3648 4874; x_wconf 83' lang='grc' dir='ltr'><strong>τῶν</strong></span> 
     </span>
    </p>
   </div>
   <div class='ocr_carea' id='block_1_104' title="bbox 2044 4912 3650 4993">
    <p class='ocr_par' dir='ltr' id='par_1_104' title="bbox 2044 4912 3650 4993">
     <span class='ocr_line' id='line_1_104' title="bbox 2044 4912 3650 4993; baseline -0.004 -20"><span class='ocrx_word' id='word_1_777' title='bbox 2044 4918 2532 4993; x_wconf 74' lang='grc' dir='ltr'>διαγνωσθέντων,</span> <span class='ocrx_word' id='word_1_778' title='bbox 2564 4912 2701 4971; x_wconf 81' lang='grc' dir='ltr'>ἀλλά</span> <span class='ocrx_word' id='word_1_779' title='bbox 2742 4916 2944 4979; x_wconf 86' lang='grc' dir='ltr'>πάντες</span> <span class='ocrx_word' id='word_1_780' title='bbox 2986 4915 3096 4970; x_wconf 73' lang='grc' dir='ltr'><strong>ἀπὸ</strong></span> <span class='ocrx_word' id='word_1_781' title='bbox 3133 4914 3253 4991; x_wconf 21' lang='grc' dir='ltr'>τῶν.</span> <span class='ocrx_word' id='word_1_782' title='bbox 3281 4913 3514 4984; x_wconf 83' lang='grc' dir='ltr'>πρώτων</span> <span class='ocrx_word' id='word_1_783' title='bbox 3543 4913 3650 4975; x_wconf 73' lang='grc' dir='ltr'>ἕως</span> 
     </span>
    </p>
   </div>
   <div class='ocr_carea' id='block_1_105' title="bbox 2063 5004 3648 5082">
    <p class='ocr_par' dir='ltr' id='par_1_105' title="bbox 2063 5004 3648 5082">
     <span class='ocr_line' id='line_1_105' title="bbox 2063 5004 3648 5082; baseline -0.006 -15"><span class='ocrx_word' id='word_1_784' title='bbox 2063 5015 2174 5067; x_wconf 82' lang='grc' dir='ltr'>τῶν</span> <span class='ocrx_word' id='word_1_785' title='bbox 2202 5011 2446 5082; x_wconf 75' lang='grc' dir='ltr'>ἐσχάτων</span> <span class='ocrx_word' id='word_1_786' title='bbox 2470 5009 2776 5081; x_wconf 85' lang='grc' dir='ltr'>εὑρέθησαν</span> <span class='ocrx_word' id='word_1_787' title='bbox 2794 5006 3223 5080; x_wconf 78' lang='grc' dir='ltr'>ὁμοφρονοῦντες</span> <span class='ocrx_word' id='word_1_788' title='bbox 3245 5007 3336 5071; x_wconf 82' lang='grc' dir='ltr'>ἐπὶ</span> <span class='ocrx_word' id='word_1_789' title='bbox 3349 5004 3476 5071; x_wconf 82' lang='grc' dir='ltr'>’ταῖς</span> <span class='ocrx_word' id='word_1_790' title='bbox 3498 5005 3648 5078; x_wconf 82' lang='grc' dir='ltr'>είρη-</span> 
     </span>
    </p>
   </div>
   <div class='ocr_carea' id='block_1_106' title="bbox 2071 5084 3295 5173">
    <p class='ocr_par' dir='ltr' id='par_1_106' title="bbox 2071 5100 3127 5173">
     <span class='ocr_line' id='line_1_106' title="bbox 2071 5100 3127 5173; baseline -0.001 -13"><span class='ocrx_word' id='word_1_791' title='bbox 2071 5104 2261 5166; x_wconf 72' lang='lat' dir='ltr'><strong>nim;</strong></span> <span class='ocrx_word' id='word_1_792' title='bbox 2287 5100 2667 5173; x_wconf 73' lang='grc' dir='ltr'>διαγνώσεσιν.</span> <span class='ocrx_word' id='word_1_793' title='bbox 3124 5100 3127 5105; x_wconf 71' lang='grc'><em>’</em></span> 
     </span>
    </p>
   </div>
  </div>
