4064 6414
559 415 665 482 987

633 531 687 582 5.
719 526 792 581 De
814 538 1030 579 numero
1056 519 1387 575 monialium.

632 623 685 677 6.
718 622 867 685 Quod
890 619 945 671 in
966 632 1073 668 una
1102 616 1258 668 domo
1289 611 1547 668 moniales
1578 627 1754 666 omnes
1787 612 2030 666 habitare
2050 610 2139 664 de-

561 718 868 867 begiuQuod
911 801 1077 871 gratis
1105 798 1382 852 tondendi:
1406 797 1512 850 sint
1546 811 1678 866 quas
1706 791 1978 847 detonderi
2011 806 2140 844 con-

444 962 447 965 ἰ
562 896 746 964 tinget.
789 892 855 945 Et
888 891 1232 962 quandonam
1276 888 1669 959 suscipiendum
1711 885 1809 939 erit
1839 882 1978 967 quod
2013 881 2138 953 οπε-

561 995 730 1038 retur.

633 1075 690 1129 8.
722 1072 873 1140 Quod
902 1088 1020 1143 quae
1066 1089 1099 1126 a
1140 1069 1482 1126 saecularibus
1517 1070 1603 1138 pio
1646 1073 1914 1137 proposito
1954 1078 2144 1116 monac

561 1169 722 1223 sterio
753 1164 1140 1236 Gratia-plena:
1167 1171 1569 1226 consecrantur,
1600 1157 1815 1214 mobilia
1844 1172 1933 1211 seu
1959 1157 2146 1210 immo-

563 1261 713 1325 bilia,
748 1259 1075 1312 admittenda
1103 1258 1233 1313 sint.

633 1352 687 1409 9.
719 1352 876 1421 Quod
906 1367 1023 1422 qua:
1051 1349 1374 1404 monasterio
1404 1346 1771 1417 assignantur,
1790 1343 1899 1400 sive
1928 1339 2144 1395 mobilia

565 1459 660 1499 seu
682 1442 993 1503 immobilia.
1021 1456 1297 1513 nunquam
1319 1442 1426 1495 sint
1449 1438 1760 1493 alienanda.

634 1535 722 1589 10.
755 1533 1107 1600 Quandonam
1146 1533 1338 1587 bonum
1362 1531 1552 1585 mobile
1577 1526 1889 1583 monasterii
1913 1523 2142 1579 alienari

561 1626 744 1697 possit.

635 1719 722 1773 H.
765 1716 1035 1783 Quomodo
1076 1714 1317 1783 eligenda
1359 1723 1406 1766 et
1435 1711 1733 1766 ordinanda
1773 1711 1841 1763 sit
1870 1708 2138 1779 prazfecta.

638 1891 722 1946 η.
759 1890 909 1957 Quod
940 1894 1073 1947 citra
1120 1894 1359 1961 aﬂectum
1410 1891 1530 1959 ﬁeri
1573 1889 1757 1944 debeat
1789 1888 2051 1960 prwfectaz
2089 1895 2140 1941 et

561 1983 861 2053 o/ﬁcialium
889 1984 1073 2038 electio
1103 1993 1152 2037 et
1182 1984 1450 2039 ordinatio

644 2162 730 2216 15.
779 2160 854 2214 De
890 2162 1158 2214 amotione
1207 2177 1322 2231 ejus
1368 2177 1485 2231 qum
1528 2175 1675 2214 secus
1725 2176 1887 2230 quant
1927 2176 2028 2229 par
2066 2170 2143 2215 est

564 2251 829 2321 prwfectae
852 2268 1041 2304 munus
1063 2252 1191 2306 obit.

638 2343 724 2395 ib.
753 2340 903 2405 Quod
932 2358 1231 2396 mconomus
1259 2344 1314 2396 in
1339 2344 1659 2398 monasterio
1701 2358 1811 2399 esse
1835 2344 2017 2398 debeat
2049 2359 2145 2397 eu-

564 2438 765 2489 nuchus
795 2444 845 2489 et
872 2439 1102 2491 honesta:
1130 2439 1271 2491 vitae.

642 2528 727 2582 15.
761 2528 839 2581 De
866 2529 1248 2584 sacerdotibus.

640 2618 728 2672 16.
763 2620 917 2684 Quod
950 2636 1130 2676 omnes
1156 2620 1413 2677 moniales
1441 2625 1534 2677 sub
1561 2639 1666 2678 uno
1691 2623 1855 2680 Patre
1876 2622 2146 2692 spirituali

563 2720 674 2761 esse
701 2706 943 2765 debeant.

637 2799 723 2855 17.
756 2799 874 2866 Qua
918 2803 1127 2856 ratione
1170 2803 1259 2873 qui
1307 2804 1379 2857 ad
1432 2805 1820 2859 monasterium
1863 2804 2143 2868 accedunt,

564 2892 824 2947 moniales
851 2893 1054 2965 alloqui
1086 2895 1332 2961 debeant,
1352 2907 1401 2950 et
1433 2899 1672 2967 quinam,
1704 2907 1752 2952 et
1778 2898 2141 2969 quandonam.

638 3073 726 3127 18.
757 3074 803 3129 Α
837 3092 1072 3147 quanam
1099 3076 1217 3146 ﬁeri
1235 3078 1419 3133 debeat
1457 3078 1758 3148 oﬁicialium
1789 3080 2071 3147 institutio,
2098 3090 2145 3132 et

563 3168 843 3238 quomodo.

638 3258 728 3312 i9.
759 3257 832 3311 De
861 3260 1309 3329 sceuophglacissa
1343 3277 1430 3315 seu
1460 3277 1709 3315 vasorum
1743 3261 1975 3315 custode.

633 3348 727 3403 20.
760 3348 835 3402 De
861 3350 1287 3410 ecclesiarchissa
1311 3368 1404 3406 seu
1439 3352 1668 3407 ecclesiae
1698 3354 2007 3424 praeposita.

635 3439 729 3491 2i.
761 3436 837 3492 De
861 3439 1069 3509 o/ﬁcioli
1105 3457 1224 3507 qua:
1254 3443 1364 3495 esui
1398 3445 1694 3497 necessaria
1721 3445 1939 3513 percipit
1979 3451 2029 3496 et
2053 3460 2147 3498 ex-

569 3531 785 3596 uendit;
836 3539 886 3584 et
916 3534 1058 3603 quod
1104 3534 1214 3587 [uec
1257 3534 1321 3588 ab
1366 3535 1483 3605 ipsa
1524 3537 1718 3607 scripto
1766 3537 2013 3591 mandari
2056 3537 2149 3590 de-

566 3622 745 3677 beant.

638 3714 731 3770 22.
779 3714 857 3770 De
887 3718 995 3771 vini
1024 3719 1255 3773 custode.

637 3806 730 3860 25.
763 3805 837 3861 De
878 3809 1179 3864 horrearia.

636 3894 728 3950 ει.
757 3894 837 3949 De
855 3897 1018 3967 ofﬁcio
1044 3899 1514 3968 depositariarum.

636 3988 729 4045 25.
770 3988 849 4044 De
888 3990 1256 4060 refectoraria,
1286 4002 1333 4047 et
1370 3994 1484 4063 ejus
1507 3995 1690 4065 oﬁicio.

637 4173 728 4229 26.
770 4173 850 4228 De
890 4176 1222 4231 institutione
1254 4179 1795 4248 epistemonarcltissa:
1842 4184 1948 4237 sive
1994 4183 2147 4237 disci-

566 4267 735 4339 plinw
756 4272 1079 4338 prtepositaz,
1113 4279 1164 4323 et
1190 4271 1305 4339 ejus
1340 4273 1526 4341 ofﬁcio.

637 4360 729 4413 27.
764 4358 841 4413 De
879 4363 1175 4431 prtvpositis
1206 4378 1444 4433 operum.

639 4450 730 4506 28.
763 4451 841 4505 De
863 4453 1196 4521 depositariis
1234 4456 1491 4511 vestiarii.

638 4543 730 4598 29.
767 4544 845 4597 De
871 4546 1112 4599 ostiaria.

636 4635 728 4691 50.
762 4636 975 4703 Quanto
1013 4649 1247 4709 tempore
1279 4643 1333 4696 in
1372 4645 1694 4697 monasterio
1720 4654 2025 4714 exspectare
2052 4646 2146 4700 de-

565 4730 687 4785 beat
715 4747 835 4786 aua:
864 4733 1186 4790 extrinsecus
1218 4734 1449 4803 advenit,
1472 4745 1530 4790 et-
1555 4736 1821 4805 tondenda
1851 4748 1950 4791 est.

635 4915 727 4970 3i.
763 4913 994 4980 Quinam
1025 4918 1097 4971 ad
1148 4919 1388 4973 curanda
1431 4920 1743 4974 monasterii
1790 4920 1993 4989 pradia
2028 4923 2150 4975 mit-

567 5008 713 5059 tendi
733 5008 861 5062 sint.

635 5098 729 5153 δε.
763 5099 843 5153 De
871 5100 1044 5171 Oﬂicio
1072 5104 1282 5174 primae,
1309 5105 1481 5157 tertia:
1513 5113 1561 5157 et
1587 5112 1750 5159 sexta:
1788 5108 1951 5161 horar.

639 5277 728 5332 3'5.
765 5277 838 5332 De
868 5283 1103 5336 mesoriis
1143 5299 1235 5337 seu
1273 5284 1454 5337 mediis
1485 5285 1627 5338 horis
1670 5286 1877 5355 primm,
1907 5287 2077 5341 tertia:
2100 5296 2149 5340 et

566 5378 732 5425 sexta:
756 5375 921 5437 horae,
947 5374 1013 5427 de
1042 5376 1249 5445 typicis,
1279 5376 1345 5430 de
1383 5392 1540 5430 sacra
1566 5377 1833 5449 Liturgia,
1856 5388 1906 5431 et
1936 5379 2001 5433 de
2023 5396 2149 5433 san-

567 5471 656 5518 cta
690 5466 1081 5520 communione.

637 5555 729 5610 54.
758 5555 898 5621 Quot
922 5574 1086 5628 panes
1111 5558 1167 5613 in
1198 5558 1434 5630 qualibet
1471 5560 1712 5633 Liturgia
1732 5562 1986 5633 afferendi
2020 5565 2147 5629 sint,

569 5650 620 5697 et
643 5660 741 5714 pro
767 5646 977 5715 quibus.

644 5740 734 5794 35.
771 5738 847 5793 De
876 5742 1005 5796 liora
1029 5759 1191 5811 nona,
1222 5748 1536 5816 vespertino,
1565 5756 1610 5801 et
1659 5750 2010 5819 pannychide,
2043 5749 2147 5804 sive

570 5832 862 5903 pervigilio.

1823 405 2109 469 IRENES
2151 402 2528 468 AUGUST/E

2315 521 2378 567 ε’.
2408 512 2546 581 Περὶ
2586 509 2695 566 τοῦ
2721 508 2971 581 ἀριθμοῦ
3006 510 3125 565 τῶν
3146 508 3561 582 μοναζουσῶν.

2312 608 2389 668 ς’.
2422 601 2561 672 Περὶ
2617 601 2724 658 τοῦ
2775 602 2847 656 ἐν
2879 601 2969 656 ἐνὶ
3012 603 3264 667 οίκίσκῳ
3306 602 3414 668 τὰς
3446 597 3835 671 μοναζοῠσας

2244 692 2449 760 πάσας
2480 692 2709 763 μένειν.

2314 784 2383 848 ζ’.
2419 786 2560 854 Περὶ
2598 785 2707 842 τοῦ
2739 785 2969 855 δωρεὰν
3005 786 3428 856 ἀποκείρεσθαι
3453 786 3561 853 τὰς
3590 787 3838 841 ἀποκεί-

2237 879 2455 946 ρεσθαι
2501 877 2878 946 μελλούσας,
2936 885 3033 931 καί
3075 878 3223 932 πότε
3271 879 3445 932 ἔσται
3490 876 3710 932 δεκτὸν
3768 880 3838 931 τὸ

2244 968 2728 1036 προσαγόμενον.

2315 1056 2386 1129 η’.
2422 1057 2561 1125 Περὶ
2585 1058 2693 1113 τοῦ
2722 1057 2795 1112 τὰ
2817 1058 2976 1127 παρὰ
2998 1059 3305 1129 κοσμικῶν
3334 1058 3601 1129 θεοφιλεῖ
3620 1058 3842 1126 σκοπῷ

2244 1151 2668 1220 ἁφιερούμενα,
2693 1151 2768 1219 τῇ
2794 1151 2957 1221 μονῇ
2984 1152 3093 1221 τῆς
3124 1152 3621 1222 κεχαριτωμένης.
3660 1170 3842 1220 κινη-

2246 1246 2319 1301 td
2347 1262 2411 1300 τε
2438 1246 2536 1300 καὶ
2557 1246 2834 1314 ἀκίνητα,
2859 1245 3073 1300 δεκτέα
3100 1241 3274 1300 εἶναι.

2316 1336 2381 1393 θ’.
2419 1337 2561 1407 Περὶ
2590 1337 2698 1393 τοῦ
2726 1337 2927 1392 πάντα
2971 1337 3045 1391 τὰ
3090 1336 3167 1406 τῇ
3206 1335 3367 1407 μονῇ
3419 1334 3839 1407 ἁφοριζόμενα.

2245 1430 2617 1493 ἀνεκποίητα
2648 1425 2825 1495 εῖναι,
2855 1429 3067 1497 κινητά
3095 1445 3157 1484 τε
3189 1428 3289 1484 και
3320 1427 3599 1493 ἀκίνητα.

2317 1529 2372 1576 ι’.
2399 1521 2540 1589 Περὶ
2569 1522 2700 1585 τοῦ,
2732 1525 2878 1577 πότε
2929 1520 3179 1590 κινητὸν
3202 1519 3314 1591 τῆς
3338 1520 3537 1592 μονῆς
3578 1521 3843 1579 ἐκποιεῖ-

2246 1616 2387 1668 σθαι
2408 1613 2682 1669 δύναται.
3255 1631 3268 1642 ·

2320 1705 2409 1760 ια’.
2442 1706 2581 1774 Περὶ
2614 1705 2721 1761 τοῦ
2751 1704 2877 1773 πῶς
2901 1704 2999 1759 δεῖ
3017 1702 3403 1773 ἐπιλέγεσθαι
3454 1708 3551 1759 καὶ
3590 1722 3843 1777 προχει-

2240 1794 2506 1865 ρίζεσθαι
2540 1796 2656 1865 τὴν
2684 1796 3050 1867 ἡγουμένην.

2323 1886 2411 1958 ιβ’.
2443 1886 2585 1955 Περὶ
2613 1887 2721 1943 τοῦ
2752 1886 2931 1957 χωρίς
2974 1886 3205 1953 πάθους
3236 1888 3510 1959 τίνεσθαι
3561 1888 3676 1957 τὴν
3711 1889 3848 1942 ἐπι-

2252 1985 2449 2055 λοτὴν
2473 1983 2584 2054 τῆς
2616 1984 2980 2055 ἡγουμένης,
3019 1982 3116 2037 καὶ
3153 1983 3551 2052 προχείρισιν,
3592 1983 3690 2037 καὶ
3720 1981 3849 2036 τῶν

2254 2076 2703 2146 διακονητριῶν.

2324 2166 2416 2237 ιγ’.
2453 2167 2592 2236 Περὶ
2619 2166 3074 2237 μετακινήσεως
3105 2163 3212 2234 τῆς
3236 2164 3322 2235 μὴ
3348 2165 3428 2232 ὡς
3457 2166 3553 2220 δεῖ
3582 2168 3849 2238 ﬁrmaue-

2250 2260 2581 2327 νευούσης.

2323 2349 2403 2405 ιδ’.
2433 2351 2571 2421 Περὶ
2613 2352 2721 2407 τοῦ
2747 2352 3071 2420 οἰκονόμον
3113 2347 3246 2403 δεῖν
3290 2344 3443 2403 εῖναι
3482 2351 3551 2403 ἐν
3577 2351 3652 2420 τῇ
3674 2351 3851 2424 μονῇ

2246 2442 2567 2512 εὐνοῦχον,
2596 2443 2693 2496 καὶ
2722 2442 2956 2512 σεμνοῦ
2983 2442 3142 2506 βίου.

2325 2540 2407 2588 ιε’.
2444 2535 2583 2602 Περὶ
2612 2534 2732 2589 τῶν
2760 2533 2984 2603 ἱερέων.

2324 2632 2422 2691 ις’.
2456 2626 2596 2695 Περὶ
2634 2625 2742 2681 τοῦ
2779 2626 2986 2693 πάσας
3020 2627 3132 2694 τὰς
3174 2626 3553 2698 μοναζούσας
3600 2629 3702 2698 ὑφ’
3729 2627 3852 2683 ἕνα

2248 2714 2405 2772 εἶναι
2433 2718 2847 2788 πνευματικὸν
2873 2718 3125 2787 Πατέρα.

2325 2809 2409 2874 ιζ’.
2447 2809 2587 2878 Περὶ
2615 2810 2722 2865 τοῦ
2761 2808 2889 2876 πῶς
2930 2813 2985 2865 οί
3029 2812 3525 2880 παραϐάλλοντες
3559 2812 3852 2882 ὀφείλου-

2249 2914 2356 2954 σιν
2386 2900 2780 2970 ἐντυγχάνειν
2815 2898 2946 2967 ταῖς
2980 2900 3298 2970 μοναχαῖς,
3347 2903 3447 2956 καὶ
3504 2904 3686 2969 τίνες,
3736 2902 3853 2956 καὶ

2250 2992 2419 3047 πότε.

2326 3089 2416 3150 ιη’.
2452 3081 2590 3148 Περὶ
2619 3081 2726 3136 τοῦ
2756 3082 2917 3151 παρὰ
2941 3084 3106 3149 τίνος
3136 3082 3229 3137 δεῖ
3253 3086 3527 3153 τίνεσθαι
3559 3085 3665 3153 τὰς
3693 3102 3855 3155 προ-

2252 3173 2540 3241 χειρίσεις
2575 3170 2693 3225 τῶν
2714 3171 3171 3242 διακονητριῶν.
3204 3176 3304 3229 καὶ
3330 3176 3480 3244 πῶς.

2324 3263 2411 3318 ιϐ’.
2437 3263 2574 3331 Περὶ
2597 3263 2708 3330 τῆς
2737 3266 3337 3335 σκευοφυλακίσσης.

2323 3352 2390 3407 κ’.
2430 3355 2569 3421 Περὶ
2595 3354 2704 3423 τῆς
2723 3356 3313 3427 ἐκκλησιαρχίσσης.

2323 3452 2431 3500 καν.
2464 3448 2604 3517 Περὶ
2635 3446 2745 3517 τῆς
2774 3448 2843 3502 τὰ
2872 3448 3129 3519 ἐδώδιμα
3155 3450 3612 3521 είσοδιαζούσης
3642 3470 3706 3508 τε
3739 3458 3853 3512 και

2249 3539 2681 3608 ἐξοδιαζούσης
2733 3540 3180 3611 διακονητρίας,
3219 3544 3317 3598 καὶ
3362 3543 3476 3611 τῆς
3515 3547 3674 3612 παρὰ
3702 3549 3858 3603 ταύ-

2252 3648 2362 3698 της
2389 3633 2759 3700 ὀφειλούσης
2793 3634 3065 3702 γίνεσθαι
3097 3634 3325 3688 τούτων
3349 3636 3730 3707 ἀπογραφῆς.

2322 3724 2429 3794 κβ’.
2458 3724 2599 3792 Περὶ
2624 3722 2734 3792 τῆς
2765 3726 3071 3795 οίνοχόης.

2322 3813 2431 3882 κγ’.
2467 3817 2606 3884 Περὶ
2646 3816 2758 3884 τῆς
2789 3818 3122 3886 ὠρειαρίας.

2321 3907 2399 3963 κδ’
2405 3948 2420 3964 .
2452 3908 2591 3978 Περὶ
2626 3910 2735 3978 τῆς
2764 3908 2885 3963 τῶν
2921 3909 3271 3980 δοχειαριῶν
3297 3911 3627 3980 διακονίας.

2322 4002 2424 4057 κε’.
2450 4002 2590 4071 Περὶ
2622 4001 2736 4072 τῆς
2768 4002 3178 4074 τραπεζαρίας,
3214 4005 3312 4059 και
3345 4003 3454 4075 τῆς
3475 4006 3699 4073 ταύτης
3726 4005 3858 4061 om.

2251 4096 2484 4161 κονίας.

2323 4187 2439 4255 κς’.
2474 4190 2611 4258 Περὶ
2685 4192 3115 4261 προχειρίσεως
3170 4192 3852 4263 ἐπιστημοναρχίσσης,

2252 4282 2352 4338 καὶ
2392 4281 2507 4352 τῆς
2533 4283 2849 4349 διακονίας
2878 4282 3094 4353 αὐτῆς.

2325 4373 2429 4439 κζ’.
2462 4374 2602 4442 Περὶ
2632 4373 2755 4427 τῶν
2784 4373 3195 4445 ἐργοδοτριῶν.

2322 4463 2429 4536 κη’.
2458 4466 2597 4534 Περὶ
2625 4464 2744 4518 τῶν
2770 4466 2841 4519 ἐν
2869 4466 2950 4532 τῷ
2974 4467 3204 4533 βεστίφ
3231 4466 3600 4538 δοχειαριῶν.

2322 4557 2428 4613 κΘ’.
2464 4558 2607 4626 Περὶ
2637 4556 2749 4626 τῆς
2774 4560 3080 4629 πυλωροῦ.

2324 4647 2390 4700 λ’.
2422 4648 2565 4715 Περὶ
2588 4647 2698 4701 τοῦ
2723 4648 2923 4701 πόσον
2945 4649 3170 4715 χρόνον
3194 4646 3289 4701 δεῖ
3305 4647 3649 4717 περιμένειν
3676 4648 3749 4701 ἐν
3769 4648 3851 4718 τῇ

2246 4738 2410 4809 μονῇ
2437 4740 2554 4807 τὴν
2578 4740 2804 4805 ἔξωθεν
2823 4742 3165 4805 εἰσιοῦσαν,
3196 4743 3292 4795 καὶ
3312 4742 3676 4807 μέλλουσαν
3702 4741 3853 4797 ἀπο-

2252 4832 2579 4899 κείρεσθαι.

2326 4923 2428 4980 λσί.
2456 4925 2595 4994 Περὶ
2635 4924 2744 4980 τοῦ
2780 4926 2951 4992 τίνας
2977 4924 3075 4978 δεῖ
3088 4924 3579 4979 ἀποστέλλεσθαι
3611 4924 3700 4990 είς
3729 4922 3852 4993 τὴν

2252 5016 2375 5072 τῶν
2398 5016 2713 5088 κτημάτων
2744 5017 2855 5085 τῆς
2878 5017 3075 5087 μονῆς
3100 5018 3410 5085 πρόνοιαν.

2324 5108 2427 5177 λβ’.
2460 5108 2599 5176 Περὶ
2655 5107 3021 5174 ἀκολουθίας
3072 5107 3331 5176 πρώτης,
3382 5108 3588 5175 τρίτης
3624 5122 3691 5161 τε
3743 5108 3848 5163 καί

2250 5199 2433 5265 ἕκτης
2467 5199 2643 5268 ὧρας-

2324 5288 2425 5358 λγ’.
2458 5290 2597 5359 Περὶ
2624 5288 2744 5343 τῶν
2767 5290 3082 5359 μεσωρίων
3106 5288 3215 5357 τῆς
3251 5288 3506 5358 πρώτης,
3536 5289 3743 5359 τρίτης
3780 5307 3850 5346 τε

2251 5383 2350 5437 καὶ
2382 5383 2562 5453 ἕκτης
2589 5383 2769 5453 ὥρας,
2786 5382 2906 5437 τῶν
2934 5380 3223 5447 τοπικῶν,
3240 5381 3352 5452 τῆς
3386 5380 3548 5452 ἱερᾶς
3575 5386 3851 5452 Λειτουρ-

2253 5478 2386 5546 τίας
2416 5476 2514 5530 και
2543 5475 2656 5543 τῆς
2678 5475 2854 5544 ἁγίας
2879 5474 3301 5544 μεταλήψεως.

2326 5566 2425 5620 λδν.
2456 5566 2599 5634 Περὶ
2626 5565 2736 5621 τοῦ
2764 5565 3002 5631 πόσους
3023 5563 3245 5633 ἄρτους
3273 5563 3373 5619 δεῖ
3389 5563 3849 5635 προσφέρεσθαι

2256 5658 2388 5714 καθ’
2409 5657 2683 5726 ἑκάστην
2718 5657 3121 5727 Λειτουργίαν,
3154 5655 3255 5710 καὶ
3280 5656 3435 5727 ὑπὲρ
3464 5658 3668 5712 τίνων.

2330 5751 2424 5803 λε’.
2453 5750 2593 5818 Περὶ
2622 5749 2735 5819 τῆς
2755 5748 3012 5820 ἐννὰτης
3039 5749 3216 5820 ὥρας,
3246 5746 3704 5820 ἐσπερινοῦ,και
3734 5743 3848 5813 τῆς

2259 5841 2653 5910 παννυχίδος.
