  <div class='ocr_page' id='page_1' title='image "/cluster/home/n/w/nwhite01/storage/ocr_20150623/127/coo.31924054870328/502.png"; bbox 0 0 4064 6502; ppageno 0'>
   <div class='ocr_carea' id='block_1_1' title="bbox 400 498 510 563">
    <p class='ocr_par' dir='ltr' id='par_1_1' title="bbox 400 498 510 563">
     <span class='ocr_line' id='line_1_1' title="bbox 400 498 510 563; baseline -0.018 0"><span class='ocrx_word' id='word_1_1' title='bbox 400 498 510 563; x_wconf 78' lang='lat'><strong><em>989</em></strong></span> 
     </span>
    </p>
   </div>
   <div class='ocr_carea' id='block_1_2' title="bbox 464 608 1336 679">
    <p class='ocr_par' dir='ltr' id='par_1_2' title="bbox 464 608 1336 679">
     <span class='ocr_line' id='line_1_2' title="bbox 464 608 1336 679; baseline 0.008 -16"><span class='ocrx_word' id='word_1_2' title='bbox 464 609 579 673; x_wconf 79' lang='grc' dir='ltr'><em>λς’.</em></span> <span class='ocrx_word' id='word_1_3' title='bbox 618 609 753 679; x_wconf 75' lang='grc' dir='ltr'><em>Περὶ</em></span> <span class='ocrx_word' id='word_1_4' title='bbox 787 608 904 663; x_wconf 85' lang='grc' dir='ltr'><strong><em>τῶν</em></strong></span> <span class='ocrx_word' id='word_1_5' title='bbox 935 611 1336 670; x_wconf 79' lang='grc' dir='ltr'><em>ἀποδείπνων.</em></span> 
     </span>
    </p>
   </div>
   <div class='ocr_carea' id='block_1_3' title="bbox 471 700 1535 775">
    <p class='ocr_par' dir='ltr' id='par_1_3' title="bbox 471 700 1535 775">
     <span class='ocr_line' id='line_1_3' title="bbox 471 700 1535 775; baseline 0.009 -22"><span class='ocrx_word' id='word_1_6' title='bbox 471 700 569 766; x_wconf 81' lang='grc' dir='ltr'><strong><em>λζ’.</em></strong></span> <span class='ocrx_word' id='word_1_7' title='bbox 603 701 739 769; x_wconf 70' lang='grc' dir='ltr'><em>Περὶ</em></span> <span class='ocrx_word' id='word_1_8' title='bbox 769 703 1127 774; x_wconf 78' lang='grc' dir='ltr'><strong><em>νυκτερινῆς</em></strong></span> <span class='ocrx_word' id='word_1_9' title='bbox 1150 706 1535 775; x_wconf 79' lang='grc' dir='ltr'><strong><em>ἀκολουθίας.</em></strong></span> 
     </span>
    </p>
   </div>
   <div class='ocr_carea' id='block_1_4' title="bbox 467 793 1712 868">
    <p class='ocr_par' dir='ltr' id='par_1_4' title="bbox 467 793 1712 868">
     <span class='ocr_line' id='line_1_4' title="bbox 467 793 1712 868; baseline 0.01 -23"><span class='ocrx_word' id='word_1_10' title='bbox 467 794 569 860; x_wconf 87' lang='grc' dir='ltr'><strong>λη’.</strong></span> <span class='ocrx_word' id='word_1_11' title='bbox 597 793 734 860; x_wconf 73' lang='grc' dir='ltr'><em>Περὶ</em></span> <span class='ocrx_word' id='word_1_12' title='bbox 764 793 867 861; x_wconf 79' lang='grc' dir='ltr'><strong><em>τῆς</em></strong></span> <span class='ocrx_word' id='word_1_13' title='bbox 899 797 1302 864; x_wconf 75' lang='grc' dir='ltr'><strong><em>μεσονυκτίου</em></strong></span> <span class='ocrx_word' id='word_1_14' title='bbox 1333 799 1712 868; x_wconf 78' lang='grc' dir='ltr'><strong><em>ἀκολουθίας.</em></strong></span> 
     </span>
    </p>
   </div>
   <div class='ocr_carea' id='block_1_5' title="bbox 478 879 1336 956">
    <p class='ocr_par' dir='ltr' id='par_1_5' title="bbox 478 879 1336 956">
     <span class='ocr_line' id='line_1_5' title="bbox 478 879 1336 956; baseline 0.01 -22"><span class='ocrx_word' id='word_1_15' title='bbox 478 879 564 935; x_wconf 59' lang='grc' dir='ltr'><strong><em>ιϐ’.</em></strong></span> <span class='ocrx_word' id='word_1_16' title='bbox 596 883 733 950; x_wconf 75' lang='grc' dir='ltr'><em>Περὶ</em></span> <span class='ocrx_word' id='word_1_17' title='bbox 761 884 1057 952; x_wconf 79' lang='grc' dir='ltr'><em>ἐνάρξεως</em></span> <span class='ocrx_word' id='word_1_18' title='bbox 1102 887 1336 956; x_wconf 74' lang='grc' dir='ltr'><em>ὄρθρου.</em></span> 
     </span>
    </p>
   </div>
   <div class='ocr_carea' id='block_1_6' title="bbox 473 973 1972 1052">
    <p class='ocr_par' dir='ltr' id='par_1_6' title="bbox 473 973 1972 1052">
     <span class='ocr_line' id='line_1_6' title="bbox 473 973 1972 1052; baseline 0.011 -27"><span class='ocrx_word' id='word_1_19' title='bbox 473 973 545 1042; x_wconf 84' lang='grc' dir='ltr'><strong><em>μ’.</em></strong></span> <span class='ocrx_word' id='word_1_20' title='bbox 570 975 708 1041; x_wconf 81' lang='grc' dir='ltr'><em>Περὶ</em></span> <span class='ocrx_word' id='word_1_21' title='bbox 745 974 857 1042; x_wconf 85' lang='grc' dir='ltr'><strong><em>τῆς</em></strong></span> <span class='ocrx_word' id='word_1_22' title='bbox 905 978 993 1042; x_wconf 78' lang='grc' dir='ltr'><em>εἷς</em></span> <span class='ocrx_word' id='word_1_23' title='bbox 1022 976 1136 1044; x_wconf 79' lang='grc' dir='ltr'><em>τὴν</em></span> <span class='ocrx_word' id='word_1_24' title='bbox 1186 978 1479 1047; x_wconf 79' lang='grc' dir='ltr'><em>τράπεζαν</em></span> <span class='ocrx_word' id='word_1_25' title='bbox 1510 984 1788 1052; x_wconf 76' lang='grc' dir='ltr'><strong><em>κλήσεως</em></strong></span> <span class='ocrx_word' id='word_1_26' title='bbox 1808 1027 1822 1050; x_wconf 86' lang='grc'><em>,</em></span> <span class='ocrx_word' id='word_1_27' title='bbox 1872 990 1972 1041; x_wconf 82' lang='grc' dir='ltr'><em>καὶ</em></span> 
     </span>
    </p>
   </div>
   <div class='ocr_carea' id='block_1_7' title="bbox 397 1063 1147 1137">
    <p class='ocr_par' dir='ltr' id='par_1_7' title="bbox 397 1063 1147 1137">
     <span class='ocr_line' id='line_1_7' title="bbox 397 1063 1147 1137; baseline 0.008 -21"><span class='ocrx_word' id='word_1_28' title='bbox 397 1063 511 1132; x_wconf 86' lang='grc' dir='ltr'><strong><em>τῆς</em></strong></span> <span class='ocrx_word' id='word_1_29' title='bbox 540 1065 611 1118; x_wconf 81' lang='grc' dir='ltr'><em>ἐν</em></span> <span class='ocrx_word' id='word_1_30' title='bbox 638 1064 795 1134; x_wconf 75' lang='grc' dir='ltr'><em>αὐτῇ</em></span> <span class='ocrx_word' id='word_1_31' title='bbox 828 1065 1147 1137; x_wconf 72' lang='grc' dir='ltr'><em>διαγωγῆς.</em></span> 
     </span>
    </p>
   </div>
   <div class='ocr_carea' id='block_1_8' title="bbox 472 1156 1910 1239">
    <p class='ocr_par' dir='ltr' id='par_1_8' title="bbox 472 1156 1910 1239">
     <span class='ocr_line' id='line_1_8' title="bbox 472 1156 1910 1239; baseline 0.01 -30"><span class='ocrx_word' id='word_1_32' title='bbox 472 1163 582 1226; x_wconf 82' lang='grc' dir='ltr'><em>μα’.</em></span> <span class='ocrx_word' id='word_1_33' title='bbox 615 1156 754 1225; x_wconf 73' lang='grc' dir='ltr'><em>Περὶ</em></span> <span class='ocrx_word' id='word_1_34' title='bbox 779 1157 885 1212; x_wconf 84' lang='grc' dir='ltr'><em>τοῦ</em></span> <span class='ocrx_word' id='word_1_35' title='bbox 914 1157 1024 1214; x_wconf 84' lang='grc' dir='ltr'><strong><em>ἐάν</em></strong></span> <span class='ocrx_word' id='word_1_36' title='bbox 1044 1178 1135 1227; x_wconf 89' lang='grc' dir='ltr'><strong><em>τις</em></strong></span> <span class='ocrx_word' id='word_1_37' title='bbox 1160 1163 1233 1217; x_wconf 82' lang='grc' dir='ltr'><em>ἐν</em></span> <span class='ocrx_word' id='word_1_38' title='bbox 1260 1163 1334 1234; x_wconf 78' lang='grc' dir='ltr'><em>τῇ</em></span> <span class='ocrx_word' id='word_1_39' title='bbox 1357 1164 1625 1221; x_wconf 77' lang='grc' dir='ltr'><strong><em>ἑστιάσει</em></strong></span> <span class='ocrx_word' id='word_1_40' title='bbox 1659 1168 1910 1239; x_wconf 81' lang='grc' dir='ltr'><em>ἀτακτῇ.</em></span> 
     </span>
    </p>
   </div>
   <div class='ocr_carea' id='block_1_9' title="bbox 476 1333 1972 1422">
    <p class='ocr_par' dir='ltr' id='par_1_9' title="bbox 476 1333 1972 1422">
     <span class='ocr_line' id='line_1_9' title="bbox 476 1333 1972 1422; baseline 0.002 -31"><span class='ocrx_word' id='word_1_41' title='bbox 476 1333 741 1407; x_wconf 78' lang='grc' dir='ltr'><strong><em>μβ’.Περὶ</em></strong></span> <span class='ocrx_word' id='word_1_42' title='bbox 764 1338 873 1394; x_wconf 89' lang='grc' dir='ltr'><em>τοῦ</em></span> <span class='ocrx_word' id='word_1_43' title='bbox 905 1339 1015 1395; x_wconf 84' lang='grc' dir='ltr'><strong><em>ἐάν</em></strong></span> <span class='ocrx_word' id='word_1_44' title='bbox 1046 1359 1135 1409; x_wconf 93' lang='grc' dir='ltr'><strong><em>τις</em></strong></span> <span class='ocrx_word' id='word_1_45' title='bbox 1171 1344 1305 1411; x_wconf 79' lang='grc' dir='ltr'><em>περὶ</em></span> <span class='ocrx_word' id='word_1_46' title='bbox 1339 1346 1770 1417; x_wconf 81' lang='grc' dir='ltr'><em>προκαθεδρίας</em></span> <span class='ocrx_word' id='word_1_47' title='bbox 1794 1350 1972 1422; x_wconf 65' lang='grc' dir='ltr'><em>ἀμφι.</em></span> 
     </span>
    </p>
   </div>
   <div class='ocr_carea' id='block_1_10' title="bbox 400 1427 619 1497">
    <p class='ocr_par' dir='ltr' id='par_1_10' title="bbox 400 1427 619 1497">
     <span class='ocr_line' id='line_1_10' title="bbox 400 1427 619 1497; baseline 0.009 -15"><span class='ocrx_word' id='word_1_48' title='bbox 400 1427 619 1497; x_wconf 79' lang='grc' dir='ltr'><em>σϐητῇ.</em></span> 
     </span>
    </p>
   </div>
   <div class='ocr_carea' id='block_1_11' title="bbox 473 1520 1828 1598">
    <p class='ocr_par' dir='ltr' id='par_1_11' title="bbox 473 1520 1828 1598">
     <span class='ocr_line' id='line_1_11' title="bbox 473 1520 1828 1598; baseline 0.01 -26"><span class='ocrx_word' id='word_1_49' title='bbox 473 1525 585 1588; x_wconf 63' lang='lat' dir='ltr'><strong><em>py’.</em></strong></span> <span class='ocrx_word' id='word_1_50' title='bbox 616 1520 755 1589; x_wconf 73' lang='grc' dir='ltr'><em>Περὶ</em></span> <span class='ocrx_word' id='word_1_51' title='bbox 780 1521 891 1574; x_wconf 84' lang='grc' dir='ltr'><em>τοῦ</em></span> <span class='ocrx_word' id='word_1_52' title='bbox 913 1523 1000 1590; x_wconf 81' lang='grc' dir='ltr'><em>μὴ</em></span> <span class='ocrx_word' id='word_1_53' title='bbox 1049 1522 1243 1592; x_wconf 78' lang='grc' dir='ltr'><strong><em>ζητεῖν</em></strong></span> <span class='ocrx_word' id='word_1_54' title='bbox 1264 1543 1320 1582; x_wconf 92' lang='grc' dir='ltr'><strong><em>τι</em></strong></span> <span class='ocrx_word' id='word_1_55' title='bbox 1351 1528 1488 1597; x_wconf 80' lang='grc' dir='ltr'><em>παρ’</em></span> <span class='ocrx_word' id='word_1_56' title='bbox 1520 1529 1828 1598; x_wconf 76' lang='grc' dir='ltr'><em>ἀλλήλων.</em></span> 
     </span>
    </p>
   </div>
   <div class='ocr_carea' id='block_1_12' title="bbox 477 1611 1975 1689">
    <p class='ocr_par' dir='ltr' id='par_1_12' title="bbox 477 1611 1975 1689">
     <span class='ocr_line' id='line_1_12' title="bbox 477 1611 1975 1689; baseline 0.009 -25"><span class='ocrx_word' id='word_1_57' title='bbox 477 1611 580 1680; x_wconf 79' lang='grc' dir='ltr'><em>μδ¹.</em></span> <span class='ocrx_word' id='word_1_58' title='bbox 611 1613 750 1680; x_wconf 80' lang='grc' dir='ltr'><em>Περὶ</em></span> <span class='ocrx_word' id='word_1_59' title='bbox 783 1613 890 1668; x_wconf 84' lang='grc' dir='ltr'><em>τοῦ</em></span> <span class='ocrx_word' id='word_1_60' title='bbox 915 1615 1321 1684; x_wconf 84' lang='grc' dir='ltr'><em>ἀπαραίτητον</em></span> <span class='ocrx_word' id='word_1_61' title='bbox 1339 1614 1493 1674; x_wconf 80' lang='grc' dir='ltr'><em>εἶναι</em></span> <span class='ocrx_word' id='word_1_62' title='bbox 1518 1620 1645 1686; x_wconf 86' lang='grc' dir='ltr'><em>ταῖς</em></span> <span class='ocrx_word' id='word_1_63' title='bbox 1671 1622 1975 1689; x_wconf 79' lang='grc' dir='ltr'><em>ὑγιαινού-</em></span> 
     </span>
    </p>
   </div>
   <div class='ocr_carea' id='block_1_13' title="bbox 401 1702 1921 1779">
    <p class='ocr_par' dir='ltr' id='par_1_13' title="bbox 401 1702 1921 1779">
     <span class='ocr_line' id='line_1_13' title="bbox 401 1702 1921 1779; baseline 0.005 -22"><span class='ocrx_word' id='word_1_64' title='bbox 401 1717 542 1768; x_wconf 84' lang='grc' dir='ltr'><em>σαις</em></span> <span class='ocrx_word' id='word_1_65' title='bbox 568 1702 682 1771; x_wconf 87' lang='grc' dir='ltr'><em>τὴν</em></span> <span class='ocrx_word' id='word_1_66' title='bbox 708 1706 925 1772; x_wconf 81' lang='grc' dir='ltr'><em>κοινὴν</em></span> <span class='ocrx_word' id='word_1_67' title='bbox 957 1705 1266 1775; x_wconf 78' lang='grc' dir='ltr'><em>τράπεζαν,</em></span> <span class='ocrx_word' id='word_1_68' title='bbox 1298 1710 1397 1763; x_wconf 72' lang='grc' dir='ltr'><em>καὶ</em></span> <span class='ocrx_word' id='word_1_69' title='bbox 1425 1710 1557 1779; x_wconf 78' lang='grc' dir='ltr'><em>περὶ</em></span> <span class='ocrx_word' id='word_1_70' title='bbox 1580 1712 1921 1766; x_wconf 87' lang='grc' dir='ltr'><em>νοσουσῶν.</em></span> 
     </span>
    </p>
   </div>
   <div class='ocr_carea' id='block_1_14' title="bbox 474 1796 1969 1870">
    <p class='ocr_par' dir='ltr' id='par_1_14' title="bbox 474 1796 1969 1870">
     <span class='ocr_line' id='line_1_14' title="bbox 474 1796 1969 1870; baseline 0.008 -22"><span class='ocrx_word' id='word_1_71' title='bbox 474 1800 576 1864; x_wconf 84' lang='grc' dir='ltr'><em>με’.</em></span> <span class='ocrx_word' id='word_1_72' title='bbox 611 1796 751 1864; x_wconf 81' lang='grc' dir='ltr'><em>Περὶ</em></span> <span class='ocrx_word' id='word_1_73' title='bbox 791 1797 898 1850; x_wconf 89' lang='grc' dir='ltr'><em>τοῦ</em></span> <span class='ocrx_word' id='word_1_74' title='bbox 926 1798 1024 1850; x_wconf 77' lang='grc' dir='ltr'><em>καὶ</em></span> <span class='ocrx_word' id='word_1_75' title='bbox 1049 1798 1337 1868; x_wconf 77' lang='grc' dir='ltr'><strong><em>δευτέραν</em></strong></span> <span class='ocrx_word' id='word_1_76' title='bbox 1360 1801 1633 1870; x_wconf 77' lang='grc' dir='ltr'><em>γίνεσθαι</em></span> <span class='ocrx_word' id='word_1_77' title='bbox 1670 1803 1969 1861; x_wconf 81' lang='grc' dir='ltr'><em>ἑστίασιν.</em></span> 
     </span>
    </p>
   </div>
   <div class='ocr_carea' id='block_1_15' title="bbox 469 1887 1773 1977">
    <p class='ocr_par' dir='ltr' id='par_1_15' title="bbox 469 1887 1773 1977">
     <span class='ocr_line' id='line_1_15' title="bbox 469 1887 1773 1977; baseline 0.005 -35"><span class='ocrx_word' id='word_1_78' title='bbox 469 1894 589 1977; x_wconf 48' lang='lat' dir='ltr'><strong><em>pg”.</em></strong></span> <span class='ocrx_word' id='word_1_79' title='bbox 619 1888 756 1956; x_wconf 74' lang='grc' dir='ltr'><em>Περὶ</em></span> <span class='ocrx_word' id='word_1_80' title='bbox 795 1887 907 1957; x_wconf 87' lang='grc' dir='ltr'><strong><em>τῆς</em></strong></span> <span class='ocrx_word' id='word_1_81' title='bbox 935 1889 1005 1942; x_wconf 80' lang='grc' dir='ltr'><em>ἐν</em></span> <span class='ocrx_word' id='word_1_82' title='bbox 1026 1890 1220 1957; x_wconf 74' lang='grc' dir='ltr'><em>λιταῖς</em></span> <span class='ocrx_word' id='word_1_83' title='bbox 1245 1891 1495 1962; x_wconf 73' lang='grc' dir='ltr'><em>ἡμέραις</em></span> <span class='ocrx_word' id='word_1_84' title='bbox 1528 1894 1773 1964; x_wconf 70' lang='grc' dir='ltr'><em>τροφῆς.</em></span> 
     </span>
    </p>
   </div>
   <div class='ocr_carea' id='block_1_16' title="bbox 471 2070 1973 2144">
    <p class='ocr_par' dir='ltr' id='par_1_16' title="bbox 471 2070 1973 2144">
     <span class='ocr_line' id='line_1_16' title="bbox 471 2070 1973 2144; baseline 0.002 -18"><span class='ocrx_word' id='word_1_85' title='bbox 471 2071 578 2138; x_wconf 62' lang='grc' dir='ltr'><strong><em>με’.</em></strong></span> <span class='ocrx_word' id='word_1_86' title='bbox 607 2070 745 2140; x_wconf 79' lang='grc' dir='ltr'><em>Περὶ</em></span> <span class='ocrx_word' id='word_1_87' title='bbox 775 2071 885 2140; x_wconf 86' lang='grc' dir='ltr'><strong><em>τῆς</em></strong></span> <span class='ocrx_word' id='word_1_88' title='bbox 910 2072 982 2126; x_wconf 85' lang='grc' dir='ltr'><em>ἐν</em></span> <span class='ocrx_word' id='word_1_89' title='bbox 1002 2071 1079 2141; x_wconf 77' lang='grc' dir='ltr'><em>τῇ</em></span> <span class='ocrx_word' id='word_1_90' title='bbox 1096 2074 1332 2143; x_wconf 77' lang='grc' dir='ltr'><em>μεγάλῃ</em></span> <span class='ocrx_word' id='word_1_91' title='bbox 1355 2073 1820 2143; x_wconf 76' lang='grc' dir='ltr'><em>Τεσσαρακοστῆ</em></span> <span class='ocrx_word' id='word_1_92' title='bbox 1840 2092 1973 2144; x_wconf 82' lang='grc' dir='ltr'><em>τρο-</em></span> 
     </span>
    </p>
   </div>
   <div class='ocr_carea' id='block_1_17' title="bbox 397 2180 539 2231">
    <p class='ocr_par' dir='ltr' id='par_1_17' title="bbox 397 2180 539 2231">
     <span class='ocr_line' id='line_1_17' title="bbox 397 2180 539 2231; baseline -0.035 1"><span class='ocrx_word' id='word_1_93' title='bbox 397 2180 539 2231; x_wconf 71' lang='grc' dir='ltr'><em>φηςι</em></span> 
     </span>
    </p>
   </div>
   <div class='ocr_carea' id='block_1_18' title="bbox 471 2252 1976 2325">
    <p class='ocr_par' dir='ltr' id='par_1_18' title="bbox 471 2252 1976 2325">
     <span class='ocr_line' id='line_1_18' title="bbox 471 2252 1976 2325; baseline 0.005 -20"><span class='ocrx_word' id='word_1_94' title='bbox 471 2252 583 2324; x_wconf 81' lang='grc' dir='ltr'><strong><em>μη’.</em></strong></span> <span class='ocrx_word' id='word_1_95' title='bbox 614 2253 752 2322; x_wconf 79' lang='grc' dir='ltr'><em>Περὶ</em></span> <span class='ocrx_word' id='word_1_96' title='bbox 811 2253 922 2321; x_wconf 86' lang='grc' dir='ltr'><strong><em>τῆς</em></strong></span> <span class='ocrx_word' id='word_1_97' title='bbox 957 2255 1028 2308; x_wconf 82' lang='grc' dir='ltr'><em>ἐν</em></span> <span class='ocrx_word' id='word_1_98' title='bbox 1078 2272 1151 2324; x_wconf 79' lang='grc' dir='ltr'><em>τῃ</em></span> <span class='ocrx_word' id='word_1_99' title='bbox 1209 2272 1329 2309; x_wconf 88' lang='grc' dir='ltr'><strong><em>των</em></strong></span> <span class='ocrx_word' id='word_1_100' title='bbox 1375 2256 1562 2325; x_wconf 80' lang='grc' dir='ltr'><em>ἁγίων</em></span> <span class='ocrx_word' id='word_1_101' title='bbox 1613 2258 1976 2312; x_wconf 81' lang='grc' dir='ltr'><em>ἀποστόλων</em></span> 
     </span>
    </p>
   </div>
   <div class='ocr_carea' id='block_1_19' title="bbox 402 2342 1975 2418">
    <p class='ocr_par' dir='ltr' id='par_1_19' title="bbox 402 2342 1975 2418">
     <span class='ocr_line' id='line_1_19' title="bbox 402 2342 1975 2418; baseline 0.004 -21"><span class='ocrx_word' id='word_1_102' title='bbox 402 2342 888 2412; x_wconf 75' lang='grc' dir='ltr'><em>Τεσσαρακοστῇ,</em></span> <span class='ocrx_word' id='word_1_103' title='bbox 920 2344 1018 2398; x_wconf 73' lang='grc' dir='ltr'><em>καὶ</em></span> <span class='ocrx_word' id='word_1_104' title='bbox 1045 2344 1168 2398; x_wconf 88' lang='grc' dir='ltr'><strong><em>τῶν</em></strong></span> <span class='ocrx_word' id='word_1_105' title='bbox 1186 2345 1446 2412; x_wconf 81' lang='grc' dir='ltr'><strong><em>Χριστοῦ</em></strong></span> <span class='ocrx_word' id='word_1_106' title='bbox 1480 2348 1821 2403; x_wconf 79' lang='grc' dir='ltr'><em>Γενεθλίων</em></span> <span class='ocrx_word' id='word_1_107' title='bbox 1846 2364 1975 2418; x_wconf 82' lang='grc' dir='ltr'><em>τρο-</em></span> 
     </span>
    </p>
   </div>
   <div class='ocr_carea' id='block_1_20' title="bbox 396 2453 539 2504">
    <p class='ocr_par' dir='ltr' id='par_1_20' title="bbox 396 2453 539 2504">
     <span class='ocr_line' id='line_1_20' title="bbox 396 2453 539 2504; baseline -0.021 0"><span class='ocrx_word' id='word_1_108' title='bbox 396 2453 539 2504; x_wconf 69' lang='grc' dir='ltr'><em>φης.</em></span> 
     </span>
    </p>
   </div>
   <div class='ocr_carea' id='block_1_21' title="bbox 468 2524 1441 2598">
    <p class='ocr_par' dir='ltr' id='par_1_21' title="bbox 468 2524 1441 2598">
     <span class='ocr_line' id='line_1_21' title="bbox 468 2524 1441 2598; baseline 0.006 -20"><span class='ocrx_word' id='word_1_109' title='bbox 468 2526 576 2596; x_wconf 84' lang='grc' dir='ltr'><strong><em>μθ’.</em></strong></span> <span class='ocrx_word' id='word_1_110' title='bbox 610 2525 750 2594; x_wconf 74' lang='grc' dir='ltr'><em>Περὶ</em></span> <span class='ocrx_word' id='word_1_111' title='bbox 782 2525 889 2580; x_wconf 87' lang='grc' dir='ltr'><em>τοῦ</em></span> <span class='ocrx_word' id='word_1_112' title='bbox 907 2524 993 2595; x_wconf 82' lang='grc' dir='ltr'><strong><em>μὴ</em></strong></span> <span class='ocrx_word' id='word_1_113' title='bbox 1017 2527 1441 2598; x_wconf 72' lang='grc' dir='ltr'><em>λαθροφαγεῒν.</em></span> 
     </span>
    </p>
   </div>
   <div class='ocr_carea' id='block_1_22' title="bbox 466 2618 1062 2687">
    <p class='ocr_par' dir='ltr' id='par_1_22' title="bbox 466 2618 1062 2687">
     <span class='ocr_line' id='line_1_22' title="bbox 466 2618 1062 2687; baseline 0.007 -17"><span class='ocrx_word' id='word_1_114' title='bbox 466 2622 529 2672; x_wconf 77' lang='grc' dir='ltr'><em>ν’.</em></span> <span class='ocrx_word' id='word_1_115' title='bbox 568 2618 710 2687; x_wconf 80' lang='grc' dir='ltr'><em>Περὶ</em></span> <span class='ocrx_word' id='word_1_116' title='bbox 744 2619 1062 2686; x_wconf 80' lang='grc' dir='ltr'><em>ἀκτησίας.</em></span> 
     </span>
    </p>
   </div>
   <div class='ocr_carea' id='block_1_23' title="bbox 466 2710 1971 2784">
    <p class='ocr_par' dir='ltr' id='par_1_23' title="bbox 466 2710 1971 2784">
     <span class='ocr_line' id='line_1_23' title="bbox 466 2710 1971 2784; baseline 0.008 -23"><span class='ocrx_word' id='word_1_117' title='bbox 466 2715 566 2762; x_wconf 83' lang='grc' dir='ltr'><em>να¹.</em></span> <span class='ocrx_word' id='word_1_118' title='bbox 600 2710 736 2777; x_wconf 74' lang='grc' dir='ltr'><em>Περὶ</em></span> <span class='ocrx_word' id='word_1_119' title='bbox 764 2712 871 2766; x_wconf 84' lang='grc' dir='ltr'><em>τοῦ</em></span> <span class='ocrx_word' id='word_1_120' title='bbox 890 2715 977 2783; x_wconf 82' lang='grc' dir='ltr'><em>μὴ</em></span> <span class='ocrx_word' id='word_1_121' title='bbox 1011 2715 1141 2770; x_wconf 84' lang='grc' dir='ltr'><em>δεῖν</em></span> <span class='ocrx_word' id='word_1_122' title='bbox 1179 2717 1287 2783; x_wconf 85' lang='grc' dir='ltr'><em>τὰς</em></span> <span class='ocrx_word' id='word_1_123' title='bbox 1311 2716 1585 2784; x_wconf 78' lang='grc' dir='ltr'><em>μοναχὰς</em></span> <span class='ocrx_word' id='word_1_124' title='bbox 1610 2716 1708 2771; x_wconf 74' lang='grc' dir='ltr'><strong><em>ἐπὶ</em></strong></span> <span class='ocrx_word' id='word_1_125' title='bbox 1733 2717 1843 2772; x_wconf 83' lang='grc' dir='ltr'><strong><em>τοῦ</em></strong></span> <span class='ocrx_word' id='word_1_126' title='bbox 1870 2735 1971 2773; x_wconf 77' lang='grc' dir='ltr'><em>τυο</em></span> 
     </span>
    </p>
   </div>
   <div class='ocr_carea' id='block_1_24' title="bbox 398 2800 1975 2879">
    <p class='ocr_par' dir='ltr' id='par_1_24' title="bbox 398 2800 1975 2879">
     <span class='ocr_line' id='line_1_24' title="bbox 398 2800 1975 2879; baseline 0.006 -27"><span class='ocrx_word' id='word_1_127' title='bbox 398 2800 576 2855; x_wconf 74' lang='grc' dir='ltr'><em>πικοῦ</em></span> <span class='ocrx_word' id='word_1_128' title='bbox 600 2801 936 2871; x_wconf 72' lang='grc' dir='ltr'><strong><em>ὑποθήκαις</em></strong></span> <span class='ocrx_word' id='word_1_129' title='bbox 965 2807 1095 2875; x_wconf 72' lang='grc' dir='ltr'><em>περὶ</em></span> <span class='ocrx_word' id='word_1_130' title='bbox 1127 2806 1240 2876; x_wconf 85' lang='grc' dir='ltr'><strong><em>τῆς</em></strong></span> <span class='ocrx_word' id='word_1_131' title='bbox 1268 2807 1650 2877; x_wconf 80' lang='grc' dir='ltr'><em>κοινοϐιακῆς</em></span> <span class='ocrx_word' id='word_1_132' title='bbox 1679 2806 1975 2879; x_wconf 76' lang='grc' dir='ltr'><em>διαγωγῆς</em></span> 
     </span>
    </p>
   </div>
   <div class='ocr_carea' id='block_1_25' title="bbox 397 2893 669 2963">
    <p class='ocr_par' dir='ltr' id='par_1_25' title="bbox 397 2893 669 2963">
     <span class='ocr_line' id='line_1_25' title="bbox 397 2893 669 2963; baseline 0.004 -16"><span class='ocrx_word' id='word_1_133' title='bbox 397 2893 669 2963; x_wconf 74' lang='grc' dir='ltr'><em>ἀθυμεῖν.</em></span> 
     </span>
    </p>
   </div>
   <div class='ocr_carea' id='block_1_26' title="bbox 469 2987 1973 3060">
    <p class='ocr_par' dir='ltr' id='par_1_26' title="bbox 469 2987 1973 3060">
     <span class='ocr_line' id='line_1_26' title="bbox 469 2987 1973 3060; baseline 0.004 -21"><span class='ocrx_word' id='word_1_134' title='bbox 469 2987 566 3058; x_wconf 84' lang='grc' dir='ltr'><em>νβ’.</em></span> <span class='ocrx_word' id='word_1_135' title='bbox 597 2990 736 3058; x_wconf 77' lang='grc' dir='ltr'><em>Περὶ</em></span> <span class='ocrx_word' id='word_1_136' title='bbox 764 2990 872 3045; x_wconf 84' lang='grc' dir='ltr'><em>τοῦ</em></span> <span class='ocrx_word' id='word_1_137' title='bbox 893 2989 1102 3047; x_wconf 79' lang='grc' dir='ltr'><em>πᾶσαν</em></span> <span class='ocrx_word' id='word_1_138' title='bbox 1132 2991 1247 3060; x_wconf 80' lang='grc' dir='ltr'><em>τὴν</em></span> <span class='ocrx_word' id='word_1_139' title='bbox 1269 2991 1572 3057; x_wconf 85' lang='grc' dir='ltr'><em>διοίκησιν</em></span> <span class='ocrx_word' id='word_1_140' title='bbox 1621 2989 1744 3045; x_wconf 88' lang='grc' dir='ltr'><strong><em>τῶν</em></strong></span> <span class='ocrx_word' id='word_1_141' title='bbox 1785 3007 1973 3060; x_wconf 72' lang='grc' dir='ltr'><em>μοναι</em></span> 
     </span>
    </p>
   </div>
   <div class='ocr_carea' id='block_1_27' title="bbox 398 3073 1889 3151">
    <p class='ocr_par' dir='ltr' id='par_1_27' title="bbox 398 3073 1889 3151">
     <span class='ocr_line' id='line_1_27' title="bbox 398 3073 1889 3151; baseline 0.004 -21"><span class='ocrx_word' id='word_1_142' title='bbox 398 3073 628 3136; x_wconf 77' lang='grc' dir='ltr'><em>ζουσῶν</em></span> <span class='ocrx_word' id='word_1_143' title='bbox 647 3080 767 3134; x_wconf 82' lang='grc' dir='ltr'><strong><em>ἀπὸ</em></strong></span> <span class='ocrx_word' id='word_1_144' title='bbox 801 3080 920 3134; x_wconf 91' lang='grc' dir='ltr'><strong><em>τῶν</em></strong></span> <span class='ocrx_word' id='word_1_145' title='bbox 943 3080 1196 3135; x_wconf 82' lang='grc' dir='ltr'><em>εἰσόδων</em></span> <span class='ocrx_word' id='word_1_146' title='bbox 1235 3082 1503 3151; x_wconf 82' lang='grc' dir='ltr'><em>γίνεσθαι</em></span> <span class='ocrx_word' id='word_1_147' title='bbox 1534 3081 1646 3148; x_wconf 84' lang='grc' dir='ltr'><strong><em>τῆς</em></strong></span> <span class='ocrx_word' id='word_1_148' title='bbox 1671 3081 1889 3150; x_wconf 81' lang='grc' dir='ltr'><em>μονῆς.</em></span> 
     </span>
    </p>
   </div>
   <div class='ocr_carea' id='block_1_28' title="bbox 467 3167 1973 3243">
    <p class='ocr_par' dir='ltr' id='par_1_28' title="bbox 467 3167 1973 3243">
     <span class='ocr_line' id='line_1_28' title="bbox 467 3167 1973 3243; baseline 0.003 -21"><span class='ocrx_word' id='word_1_149' title='bbox 467 3167 567 3238; x_wconf 84' lang='grc' dir='ltr'><em>νγ’.</em></span> <span class='ocrx_word' id='word_1_150' title='bbox 602 3172 740 3239; x_wconf 77' lang='grc' dir='ltr'><em>Περὶ</em></span> <span class='ocrx_word' id='word_1_151' title='bbox 811 3172 918 3225; x_wconf 88' lang='grc' dir='ltr'><strong><em>τοῦ</em></strong></span> <span class='ocrx_word' id='word_1_152' title='bbox 953 3173 1039 3240; x_wconf 77' lang='grc' dir='ltr'><em>μὴ</em></span> <span class='ocrx_word' id='word_1_153' title='bbox 1087 3172 1536 3241; x_wconf 77' lang='grc' dir='ltr'><em>ἐξωμονίτιδας,</em></span> <span class='ocrx_word' id='word_1_154' title='bbox 1586 3173 1625 3241; x_wconf 76' lang='grc' dir='ltr'><em>ἢ</em></span> <span class='ocrx_word' id='word_1_155' title='bbox 1681 3188 1973 3243; x_wconf 81' lang='grc' dir='ltr'><em>καταπεμ-</em></span> 
     </span>
    </p>
   </div>
   <div class='ocr_carea' id='block_1_29' title="bbox 397 3260 1440 3331">
    <p class='ocr_par' dir='ltr' id='par_1_29' title="bbox 397 3260 1440 3331">
     <span class='ocr_line' id='line_1_29' title="bbox 397 3260 1440 3331; baseline 0.004 -19"><span class='ocrx_word' id='word_1_156' title='bbox 397 3260 551 3326; x_wconf 74' lang='grc' dir='ltr'><em>πτὰς</em></span> <span class='ocrx_word' id='word_1_157' title='bbox 579 3262 1025 3329; x_wconf 78' lang='grc' dir='ltr'><em>προσδέχεσθαι</em></span> <span class='ocrx_word' id='word_1_158' title='bbox 1062 3263 1131 3316; x_wconf 76' lang='grc' dir='ltr'><em>ἐν</em></span> <span class='ocrx_word' id='word_1_159' title='bbox 1164 3261 1239 3331; x_wconf 79' lang='grc' dir='ltr'><em>τῇ</em></span> <span class='ocrx_word' id='word_1_160' title='bbox 1257 3261 1440 3331; x_wconf 76' lang='grc' dir='ltr'><em>μονῇ.</em></span> 
     </span>
    </p>
   </div>
   <div class='ocr_carea' id='block_1_30' title="bbox 469 3341 1978 3422">
    <p class='ocr_par' dir='ltr' id='par_1_30' title="bbox 469 3341 1978 3422">
     <span class='ocr_line' id='line_1_30' title="bbox 469 3341 1978 3422; baseline 0.002 -18"><span class='ocrx_word' id='word_1_161' title='bbox 469 3351 566 3406; x_wconf 72' lang='grc' dir='ltr'><em>νδν.</em></span> <span class='ocrx_word' id='word_1_162' title='bbox 598 3352 737 3420; x_wconf 71' lang='grc' dir='ltr'><em>Περὶ</em></span> <span class='ocrx_word' id='word_1_163' title='bbox 767 3352 875 3406; x_wconf 86' lang='grc' dir='ltr'><em>τοῦ</em></span> <span class='ocrx_word' id='word_1_164' title='bbox 895 3354 990 3407; x_wconf 82' lang='grc' dir='ltr'><em>καὶ</em></span> <span class='ocrx_word' id='word_1_165' title='bbox 1012 3341 1479 3421; x_wconf 81' lang='grc' dir='ltr'><em>’ἐξωκουρίτιδας</em></span> <span class='ocrx_word' id='word_1_166' title='bbox 1522 3353 1805 3422; x_wconf 85' lang='grc' dir='ltr'><em>δέχεσθαι</em></span> <span class='ocrx_word' id='word_1_167' title='bbox 1841 3354 1978 3407; x_wconf 81' lang='grc' dir='ltr'><em>ἐνα-</em></span> 
     </span>
    </p>
   </div>
   <div class='ocr_carea' id='block_1_31' title="bbox 392 3440 1976 3512">
    <p class='ocr_par' dir='ltr' id='par_1_31' title="bbox 392 3440 1976 3512">
     <span class='ocr_line' id='line_1_31' title="bbox 392 3440 1976 3512; baseline 0.001 -18"><span class='ocrx_word' id='word_1_168' title='bbox 392 3441 635 3508; x_wconf 79' lang='grc' dir='ltr'><em>ρέτους,</em></span> <span class='ocrx_word' id='word_1_169' title='bbox 668 3443 724 3495; x_wconf 81' lang='grc' dir='ltr'><em>εὶ</em></span> <span class='ocrx_word' id='word_1_170' title='bbox 764 3441 850 3510; x_wconf 77' lang='grc' dir='ltr'><strong><em>μὴ</em></strong></span> <span class='ocrx_word' id='word_1_171' title='bbox 874 3440 1174 3512; x_wconf 75' lang='grc' dir='ltr'><strong><em>βασιλικῇ</em></strong></span> <span class='ocrx_word' id='word_1_172' title='bbox 1211 3441 1251 3509; x_wconf 77' lang='grc' dir='ltr'>ἢ</span> <span class='ocrx_word' id='word_1_173' title='bbox 1284 3440 1612 3511; x_wconf 79' lang='grc' dir='ltr'><em>ἀρχοντικῇ</em></span> <span class='ocrx_word' id='word_1_174' title='bbox 1645 3441 1976 3512; x_wconf 84' lang='grc' dir='ltr'><em>χρήσαιντο</em></span> 
     </span>
    </p>
   </div>
   <div class='ocr_carea' id='block_1_32' title="bbox 398 3529 749 3600">
    <p class='ocr_par' dir='ltr' id='par_1_32' title="bbox 398 3529 749 3600">
     <span class='ocr_line' id='line_1_32' title="bbox 398 3529 749 3600; baseline 0 -16"><span class='ocrx_word' id='word_1_175' title='bbox 398 3529 749 3600; x_wconf 82' lang='grc' dir='ltr'><em>δυναστείᾳ.</em></span> 
     </span>
    </p>
   </div>
   <div class='ocr_carea' id='block_1_33' title="bbox 468 3709 1974 3780">
    <p class='ocr_par' dir='ltr' id='par_1_33' title="bbox 468 3709 1974 3780">
     <span class='ocr_line' id='line_1_33' title="bbox 468 3709 1974 3780; baseline 0.001 -17"><span class='ocrx_word' id='word_1_176' title='bbox 468 3716 562 3764; x_wconf 72' lang='grc' dir='ltr'><em>γε’.</em></span> <span class='ocrx_word' id='word_1_177' title='bbox 601 3709 742 3776; x_wconf 77' lang='grc' dir='ltr'><em>Περὶ</em></span> <span class='ocrx_word' id='word_1_178' title='bbox 773 3710 879 3765; x_wconf 86' lang='grc' dir='ltr'><em>τοῦ</em></span> <span class='ocrx_word' id='word_1_179' title='bbox 921 3728 1003 3780; x_wconf 87' lang='grc' dir='ltr'><strong><em>μη</em></strong></span> <span class='ocrx_word' id='word_1_180' title='bbox 1034 3709 1433 3765; x_wconf 70' lang='grc' dir='ltr'><em>ἀλλοιοῦσθαί</em></span> <span class='ocrx_word' id='word_1_181' title='bbox 1456 3724 1601 3764; x_wconf 80' lang='grc' dir='ltr'><em>ποτε</em></span> <span class='ocrx_word' id='word_1_182' title='bbox 1642 3709 1757 3780; x_wconf 77' lang='grc' dir='ltr'><em>τὴν</em></span> <span class='ocrx_word' id='word_1_183' title='bbox 1779 3728 1974 3766; x_wconf 81' lang='grc' dir='ltr'><em>κοινο-</em></span> 
     </span>
    </p>
   </div>
   <div class='ocr_carea' id='block_1_34' title="bbox 399 3786 1485 3873">
    <p class='ocr_par' dir='ltr' id='par_1_34' title="bbox 399 3786 1485 3873">
     <span class='ocr_line' id='line_1_34' title="bbox 399 3786 1485 3873; baseline 0.001 -17"><span class='ocrx_word' id='word_1_184' title='bbox 399 3801 618 3870; x_wconf 79' lang='grc' dir='ltr'><em>ϐιακὴν</em></span> <span class='ocrx_word' id='word_1_185' title='bbox 646 3801 969 3873; x_wconf 75' lang='grc' dir='ltr'><em>διαγωγήν.</em></span> <span class='ocrx_word' id='word_1_186' title='bbox 1479 3786 1485 3789; x_wconf 34' lang='grc'><strong>’</strong></span> 
     </span>
    </p>
   </div>
   <div class='ocr_carea' id='block_1_35' title="bbox 469 3888 1977 3963">
    <p class='ocr_par' dir='ltr' id='par_1_35' title="bbox 469 3888 1977 3963">
     <span class='ocr_line' id='line_1_35' title="bbox 469 3888 1977 3963; baseline 0.001 -18"><span class='ocrx_word' id='word_1_187' title='bbox 469 3891 579 3957; x_wconf 83' lang='grc' dir='ltr'><em>νς’.</em></span> <span class='ocrx_word' id='word_1_188' title='bbox 611 3893 747 3961; x_wconf 77' lang='grc' dir='ltr'><em>Περὶ</em></span> <span class='ocrx_word' id='word_1_189' title='bbox 772 3893 877 3947; x_wconf 85' lang='grc' dir='ltr'><em>τοῦ</em></span> <span class='ocrx_word' id='word_1_190' title='bbox 912 3893 1026 3962; x_wconf 73' lang='grc' dir='ltr'><em>τὴν</em></span> <span class='ocrx_word' id='word_1_191' title='bbox 1061 3893 1256 3962; x_wconf 75' lang='grc' dir='ltr'><em>αὐτὴν</em></span> <span class='ocrx_word' id='word_1_192' title='bbox 1286 3888 1439 3948; x_wconf 78' lang='grc' dir='ltr'><em>εἶναι</em></span> <span class='ocrx_word' id='word_1_193' title='bbox 1461 3891 1675 3947; x_wconf 80' lang='grc' dir='ltr'><em>πασῶν</em></span> <span class='ocrx_word' id='word_1_194' title='bbox 1701 3890 1820 3946; x_wconf 89' lang='grc' dir='ltr'><strong><em>τῶν</em></strong></span> <span class='ocrx_word' id='word_1_195' title='bbox 1864 3910 1977 3963; x_wconf 70' lang='grc' dir='ltr'><strong><em>μοι</em></strong></span> 
     </span>
    </p>
   </div>
   <div class='ocr_carea' id='block_1_36' title="bbox 398 3980 1974 4054">
    <p class='ocr_par' dir='ltr' id='par_1_36' title="bbox 398 3980 1974 4054">
     <span class='ocr_line' id='line_1_36' title="bbox 398 3980 1974 4054; baseline -0.001 -15"><span class='ocrx_word' id='word_1_196' title='bbox 398 3980 706 4044; x_wconf 72' lang='grc' dir='ltr'><em>ναζουσῶν</em></span> <span class='ocrx_word' id='word_1_197' title='bbox 722 3984 961 4053; x_wconf 78' lang='grc' dir='ltr'><strong><em>⁸βρῶσίν</em></strong></span> <span class='ocrx_word' id='word_1_198' title='bbox 989 4003 1053 4039; x_wconf 85' lang='grc' dir='ltr'><strong><em>τε</em></strong></span> <span class='ocrx_word' id='word_1_199' title='bbox 1083 3987 1181 4041; x_wconf 78' lang='grc' dir='ltr'><em>καὶ</em></span> <span class='ocrx_word' id='word_1_200' title='bbox 1213 3986 1419 4051; x_wconf 85' lang='grc' dir='ltr'><em>πόσιν,</em></span> <span class='ocrx_word' id='word_1_201' title='bbox 1456 3988 1555 4039; x_wconf 80' lang='grc' dir='ltr'><em>καὶ</em></span> <span class='ocrx_word' id='word_1_202' title='bbox 1577 3983 1974 4054; x_wconf 80' lang='grc' dir='ltr'><em>ἐνδυμασίαν,</em></span> 
     </span>
    </p>
   </div>
   <div class='ocr_carea' id='block_1_37' title="bbox 400 4073 1095 4141">
    <p class='ocr_par' dir='ltr' id='par_1_37' title="bbox 400 4073 1095 4141">
     <span class='ocr_line' id='line_1_37' title="bbox 400 4073 1095 4141; baseline 0.007 -17"><span class='ocrx_word' id='word_1_203' title='bbox 400 4074 579 4141; x_wconf 72' lang='grc' dir='ltr'><em>χωρὶς</em></span> <span class='ocrx_word' id='word_1_204' title='bbox 605 4073 724 4126; x_wconf 91' lang='grc' dir='ltr'><strong><em>τῶν</em></strong></span> <span class='ocrx_word' id='word_1_205' title='bbox 754 4073 1095 4141; x_wconf 74' lang='grc' dir='ltr'><em>ἀρρώστων.</em></span> 
     </span>
    </p>
   </div>
   <div class='ocr_carea' id='block_1_38' title="bbox 470 4160 1973 4233">
    <p class='ocr_par' dir='ltr' id='par_1_38' title="bbox 470 4160 1973 4233">
     <span class='ocr_line' id='line_1_38' title="bbox 470 4160 1973 4233; baseline 0.001 -17"><span class='ocrx_word' id='word_1_206' title='bbox 470 4163 567 4228; x_wconf 72' lang='grc' dir='ltr'><em>νζν.</em></span> <span class='ocrx_word' id='word_1_207' title='bbox 601 4164 738 4231; x_wconf 73' lang='grc' dir='ltr'><em>Περὶ</em></span> <span class='ocrx_word' id='word_1_208' title='bbox 771 4166 878 4219; x_wconf 87' lang='grc' dir='ltr'><em>τοῦ</em></span> <span class='ocrx_word' id='word_1_209' title='bbox 903 4164 1315 4233; x_wconf 68' lang='grc' dir='ltr'><em>παραϐάλλειν</em></span> <span class='ocrx_word' id='word_1_210' title='bbox 1338 4164 1545 4230; x_wconf 70' lang='grc' dir='ltr'><em>ἰατρὸν</em></span> <span class='ocrx_word' id='word_1_211' title='bbox 1568 4164 1640 4219; x_wconf 84' lang='grc' dir='ltr'><em>ὲν</em></span> <span class='ocrx_word' id='word_1_212' title='bbox 1687 4161 1763 4231; x_wconf 76' lang='grc' dir='ltr'><em>τῇ</em></span> <span class='ocrx_word' id='word_1_213' title='bbox 1789 4160 1973 4233; x_wconf 75' lang='grc' dir='ltr'><em>μονῇ,</em></span> 
     </span>
    </p>
   </div>
   <div class='ocr_carea' id='block_1_39' title="bbox 399 4253 1743 4324">
    <p class='ocr_par' dir='ltr' id='par_1_39' title="bbox 399 4253 1743 4324">
     <span class='ocr_line' id='line_1_39' title="bbox 399 4253 1743 4324; baseline 0.001 -17"><span class='ocrx_word' id='word_1_214' title='bbox 399 4253 497 4308; x_wconf 78' lang='grc' dir='ltr'><em>καὶ</em></span> <span class='ocrx_word' id='word_1_215' title='bbox 536 4256 668 4324; x_wconf 78' lang='grc' dir='ltr'><em>περὶ</em></span> <span class='ocrx_word' id='word_1_216' title='bbox 697 4254 804 4324; x_wconf 86' lang='grc' dir='ltr'><strong><em>τῆς</em></strong></span> <span class='ocrx_word' id='word_1_217' title='bbox 836 4254 956 4310; x_wconf 89' lang='grc' dir='ltr'><strong><em>τῶν</em></strong></span> <span class='ocrx_word' id='word_1_218' title='bbox 986 4256 1408 4311; x_wconf 83' lang='grc' dir='ltr'><em>ἀσθενούντων</em></span> <span class='ocrx_word' id='word_1_219' title='bbox 1435 4255 1743 4323; x_wconf 81' lang='grc' dir='ltr'><em>προνοίας.</em></span> 
     </span>
    </p>
   </div>
   <div class='ocr_carea' id='block_1_40' title="bbox 469 4349 1053 4420">
    <p class='ocr_par' dir='ltr' id='par_1_40' title="bbox 469 4349 1053 4420">
     <span class='ocr_line' id='line_1_40' title="bbox 469 4349 1053 4420; baseline 0.002 -17"><span class='ocrx_word' id='word_1_220' title='bbox 469 4349 571 4420; x_wconf 85' lang='grc' dir='ltr'><em>νη⁹.</em></span> <span class='ocrx_word' id='word_1_221' title='bbox 604 4350 742 4417; x_wconf 74' lang='grc' dir='ltr'><em>Περὶ</em></span> <span class='ocrx_word' id='word_1_222' title='bbox 770 4350 1053 4418; x_wconf 75' lang='grc' dir='ltr'><em>λουτροῦ.</em></span> 
     </span>
    </p>
   </div>
   <div class='ocr_carea' id='block_1_41' title="bbox 472 4434 1976 4507">
    <p class='ocr_par' dir='ltr' id='par_1_41' title="bbox 472 4434 1976 4507">
     <span class='ocr_line' id='line_1_41' title="bbox 472 4434 1976 4507; baseline -0.001 -17"><span class='ocrx_word' id='word_1_223' title='bbox 472 4437 568 4494; x_wconf 62' lang='lat' dir='ltr'><strong><em>vl)’.</em></strong></span> <span class='ocrx_word' id='word_1_224' title='bbox 604 4441 743 4506; x_wconf 77' lang='grc' dir='ltr'><em>Περὶ</em></span> <span class='ocrx_word' id='word_1_225' title='bbox 795 4438 908 4507; x_wconf 89' lang='grc' dir='ltr'><strong><em>τῆς</em></strong></span> <span class='ocrx_word' id='word_1_226' title='bbox 951 4439 1105 4494; x_wconf 85' lang='grc' dir='ltr'><em>κατὰ</em></span> <span class='ocrx_word' id='word_1_227' title='bbox 1151 4439 1267 4506; x_wconf 78' lang='grc' dir='ltr'><em>τὴν</em></span> <span class='ocrx_word' id='word_1_228' title='bbox 1313 4436 1601 4506; x_wconf 79' lang='grc' dir='ltr'><em>κοίμησιν</em></span> <span class='ocrx_word' id='word_1_229' title='bbox 1642 4435 1754 4504; x_wconf 85' lang='grc' dir='ltr'><strong><em>τῆς</em></strong></span> <span class='ocrx_word' id='word_1_230' title='bbox 1801 4434 1976 4504; x_wconf 78' lang='grc' dir='ltr'><em>ἁγίας</em></span> 
     </span>
    </p>
   </div>
   <div class='ocr_carea' id='block_1_42' title="bbox 404 4528 962 4597">
    <p class='ocr_par' dir='ltr' id='par_1_42' title="bbox 404 4528 962 4597">
     <span class='ocr_line' id='line_1_42' title="bbox 404 4528 962 4597; baseline 0.002 -14"><span class='ocrx_word' id='word_1_231' title='bbox 404 4532 694 4584; x_wconf 85' lang='grc' dir='ltr'><em>Θεοτόκου</em></span> <span class='ocrx_word' id='word_1_232' title='bbox 727 4528 962 4597; x_wconf 74' lang='grc' dir='ltr'><em>ἑορτῆς.</em></span> 
     </span>
    </p>
   </div>
   <div class='ocr_carea' id='block_1_43' title="bbox 474 4615 1975 4688">
    <p class='ocr_par' dir='ltr' id='par_1_43' title="bbox 474 4615 1975 4688">
     <span class='ocr_line' id='line_1_43' title="bbox 474 4615 1975 4688; baseline 0.001 -18"><span class='ocrx_word' id='word_1_233' title='bbox 474 4618 535 4682; x_wconf 80' lang='grc' dir='ltr'><strong><em>ξ’.</em></strong></span> <span class='ocrx_word' id='word_1_234' title='bbox 568 4619 706 4688; x_wconf 79' lang='grc' dir='ltr'><em>Περὶ</em></span> <span class='ocrx_word' id='word_1_235' title='bbox 749 4617 861 4688; x_wconf 84' lang='grc' dir='ltr'><strong><em>τῆς</em></strong></span> <span class='ocrx_word' id='word_1_236' title='bbox 912 4620 1063 4673; x_wconf 81' lang='grc' dir='ltr'><em>κατὰ</em></span> <span class='ocrx_word' id='word_1_237' title='bbox 1089 4616 1199 4687; x_wconf 78' lang='grc' dir='ltr'><em>τὴν</em></span> <span class='ocrx_word' id='word_1_238' title='bbox 1225 4616 1517 4688; x_wconf 73' lang='grc' dir='ltr'><em>γέννησιν</em></span> <span class='ocrx_word' id='word_1_239' title='bbox 1539 4615 1651 4686; x_wconf 89' lang='grc' dir='ltr'><strong><em>τῆς</em></strong></span> <span class='ocrx_word' id='word_1_240' title='bbox 1684 4616 1975 4672; x_wconf 86' lang='grc' dir='ltr'><em>Θεοτόκου</em></span> 
     </span>
    </p>
   </div>
   <div class='ocr_carea' id='block_1_44' title="bbox 400 4705 633 4777">
    <p class='ocr_par' dir='ltr' id='par_1_44' title="bbox 400 4705 633 4777">
     <span class='ocr_line' id='line_1_44' title="bbox 400 4705 633 4777; baseline 0.004 -16"><span class='ocrx_word' id='word_1_241' title='bbox 400 4705 633 4777; x_wconf 68' lang='grc' dir='ltr'><em>ἑορτῆς.</em></span> 
     </span>
    </p>
   </div>
   <div class='ocr_carea' id='block_1_45' title="bbox 473 4797 1767 4869">
    <p class='ocr_par' dir='ltr' id='par_1_45' title="bbox 473 4797 1767 4869">
     <span class='ocr_line' id='line_1_45' title="bbox 473 4797 1767 4869; baseline 0.002 -17"><span class='ocrx_word' id='word_1_242' title='bbox 473 4799 573 4863; x_wconf 81' lang='grc' dir='ltr'><em>ξα’.</em></span> <span class='ocrx_word' id='word_1_243' title='bbox 607 4799 749 4868; x_wconf 79' lang='grc' dir='ltr'><em>Περὶ</em></span> <span class='ocrx_word' id='word_1_244' title='bbox 767 4799 880 4868; x_wconf 87' lang='grc' dir='ltr'><strong><em>τῆς</em></strong></span> <span class='ocrx_word' id='word_1_245' title='bbox 905 4797 1118 4868; x_wconf 75' lang='grc' dir='ltr'><em>ἑορτῆς</em></span> <span class='ocrx_word' id='word_1_246' title='bbox 1130 4798 1250 4853; x_wconf 88' lang='grc' dir='ltr'><strong><em>τῶν</em></strong></span> <span class='ocrx_word' id='word_1_247' title='bbox 1260 4798 1767 4869; x_wconf 76' lang='grc' dir='ltr'><em>Χριστουγέννων.</em></span> 
     </span>
    </p>
   </div>
   <div class='ocr_carea' id='block_1_46' title="bbox 473 4887 1705 4959">
    <p class='ocr_par' dir='ltr' id='par_1_46' title="bbox 473 4887 1705 4959">
     <span class='ocr_line' id='line_1_46' title="bbox 473 4887 1705 4959; baseline -0.001 -15"><span class='ocrx_word' id='word_1_248' title='bbox 473 4888 570 4959; x_wconf 80' lang='grc' dir='ltr'><strong><em>ξβ’.</em></strong></span> <span class='ocrx_word' id='word_1_249' title='bbox 606 4888 747 4957; x_wconf 80' lang='grc' dir='ltr'><em>Περὶ</em></span> <span class='ocrx_word' id='word_1_250' title='bbox 778 4888 886 4958; x_wconf 84' lang='grc' dir='ltr'><strong><em>τῆς</em></strong></span> <span class='ocrx_word' id='word_1_251' title='bbox 916 4889 1129 4958; x_wconf 75' lang='grc' dir='ltr'><em>ἑορτῆς</em></span> <span class='ocrx_word' id='word_1_252' title='bbox 1154 4888 1266 4958; x_wconf 84' lang='grc' dir='ltr'><strong><em>τῆς</em></strong></span> <span class='ocrx_word' id='word_1_253' title='bbox 1307 4887 1705 4957; x_wconf 77' lang='grc' dir='ltr'><em>Ὺπαπαντῆς.</em></span> 
     </span>
    </p>
   </div>
   <div class='ocr_carea' id='block_1_47' title="bbox 471 4980 1842 5061">
    <p class='ocr_par' dir='ltr' id='par_1_47' title="bbox 471 4980 1842 5061">
     <span class='ocr_line' id='line_1_47' title="bbox 471 4980 1842 5061; baseline -0.001 -26"><span class='ocrx_word' id='word_1_254' title='bbox 471 4980 575 5049; x_wconf 82' lang='grc' dir='ltr'><strong><em>ξγ’.</em></strong></span> <span class='ocrx_word' id='word_1_255' title='bbox 607 4982 749 5050; x_wconf 76' lang='grc' dir='ltr'><em>Περὶ</em></span> <span class='ocrx_word' id='word_1_256' title='bbox 776 4980 889 5050; x_wconf 89' lang='grc' dir='ltr'><strong><em>τῆς</em></strong></span> <span class='ocrx_word' id='word_1_257' title='bbox 918 4980 1037 5034; x_wconf 88' lang='grc' dir='ltr'><strong><em>τῶν</em></strong></span> <span class='ocrx_word' id='word_1_258' title='bbox 1062 4981 1248 5061; x_wconf 74' lang='grc' dir='ltr'><em>ἁγίων</em></span> <span class='ocrx_word' id='word_1_259' title='bbox 1271 4981 1485 5035; x_wconf 87' lang='grc' dir='ltr'><em>Παθῶν</em></span> <span class='ocrx_word' id='word_1_260' title='bbox 1508 4981 1842 5051; x_wconf 42' lang='lat' dir='ltr'><strong><em>Spartan-lac.</em></strong></span> 
     </span>
    </p>
   </div>
   <div class='ocr_carea' id='block_1_48' title="bbox 474 5070 1981 5142">
    <p class='ocr_par' dir='ltr' id='par_1_48' title="bbox 474 5070 1981 5142">
     <span class='ocr_line' id='line_1_48' title="bbox 474 5070 1981 5142; baseline -0.001 -16"><span class='ocrx_word' id='word_1_261' title='bbox 474 5071 565 5137; x_wconf 82' lang='grc' dir='ltr'><em>ξδ’.</em></span> <span class='ocrx_word' id='word_1_262' title='bbox 607 5073 746 5140; x_wconf 76' lang='grc' dir='ltr'><em>Περὶ</em></span> <span class='ocrx_word' id='word_1_263' title='bbox 772 5072 879 5127; x_wconf 87' lang='grc' dir='ltr'><em>τοῦ</em></span> <span class='ocrx_word' id='word_1_264' title='bbox 911 5072 1181 5142; x_wconf 78' lang='grc' dir='ltr'><em>γίνεσθαι</em></span> <span class='ocrx_word' id='word_1_265' title='bbox 1203 5071 1532 5142; x_wconf 78' lang='grc' dir='ltr'><em>μετάδοσιν</em></span> <span class='ocrx_word' id='word_1_266' title='bbox 1558 5074 1686 5127; x_wconf 80' lang='grc' dir='ltr'><em>καθ’</em></span> <span class='ocrx_word' id='word_1_267' title='bbox 1711 5070 1981 5139; x_wconf 80' lang='grc' dir='ltr'><em>ἑκάστην</em></span> 
     </span>
    </p>
   </div>
   <div class='ocr_carea' id='block_1_49' title="bbox 403 5160 1143 5232">
    <p class='ocr_par' dir='ltr' id='par_1_49' title="bbox 403 5160 1143 5232">
     <span class='ocr_line' id='line_1_49' title="bbox 403 5160 1143 5232; baseline 0.001 -17"><span class='ocrx_word' id='word_1_268' title='bbox 403 5163 629 5232; x_wconf 79' lang='grc' dir='ltr'><em>ἡμέραν</em></span> <span class='ocrx_word' id='word_1_269' title='bbox 650 5163 721 5215; x_wconf 82' lang='grc' dir='ltr'><em>ὲν</em></span> <span class='ocrx_word' id='word_1_270' title='bbox 748 5160 830 5227; x_wconf 85' lang='grc' dir='ltr'><em>τῷ</em></span> <span class='ocrx_word' id='word_1_271' title='bbox 860 5161 1143 5216; x_wconf 51' lang='grc' dir='ltr'><em>πυλῶνα</em></span> 
     </span>
    </p>
   </div>
   <div class='ocr_carea' id='block_1_50' title="bbox 473 5250 1980 5322">
    <p class='ocr_par' dir='ltr' id='par_1_50' title="bbox 473 5250 1980 5322">
     <span class='ocr_line' id='line_1_50' title="bbox 473 5250 1980 5322; baseline -0.001 -15"><span class='ocrx_word' id='word_1_272' title='bbox 473 5252 568 5320; x_wconf 72' lang='grc' dir='ltr'><strong><em>ξέ.</em></strong></span> <span class='ocrx_word' id='word_1_273' title='bbox 602 5251 742 5322; x_wconf 74' lang='grc' dir='ltr'><em>Περὶ</em></span> <span class='ocrx_word' id='word_1_274' title='bbox 769 5251 877 5306; x_wconf 86' lang='grc' dir='ltr'><em>τοῦ</em></span> <span class='ocrx_word' id='word_1_275' title='bbox 923 5250 1445 5322; x_wconf 77' lang='grc' dir='ltr'><em>ἀναγινώσκεσθαι</em></span> <span class='ocrx_word' id='word_1_276' title='bbox 1488 5250 1555 5307; x_wconf 84' lang='grc' dir='ltr'><em>τὸ</em></span> <span class='ocrx_word' id='word_1_277' title='bbox 1591 5251 1848 5307; x_wconf 83' lang='grc' dir='ltr'><em>τυπικὸν</em></span> <span class='ocrx_word' id='word_1_278' title='bbox 1891 5253 1980 5318; x_wconf 79' lang='grc' dir='ltr'><em>εἰς</em></span> 
     </span>
    </p>
   </div>
   <div class='ocr_carea' id='block_1_51' title="bbox 401 5341 1272 5413">
    <p class='ocr_par' dir='ltr' id='par_1_51' title="bbox 401 5341 1272 5413">
     <span class='ocr_line' id='line_1_51' title="bbox 401 5341 1272 5413; baseline 0.001 -15"><span class='ocrx_word' id='word_1_279' title='bbox 401 5343 667 5406; x_wconf 66' lang='grc' dir='ltr'><em>ἐπήκοον</em></span> <span class='ocrx_word' id='word_1_280' title='bbox 689 5341 904 5398; x_wconf 73' lang='grc' dir='ltr'><em>πασῶν</em></span> <span class='ocrx_word' id='word_1_281' title='bbox 922 5345 1074 5397; x_wconf 83' lang='grc' dir='ltr'><em>κατὰ</em></span> <span class='ocrx_word' id='word_1_282' title='bbox 1089 5341 1272 5413; x_wconf 83' lang='grc' dir='ltr'><em>μῆνα.</em></span> 
     </span>
    </p>
   </div>
   <div class='ocr_carea' id='block_1_52' title="bbox 476 5432 1981 5507">
    <p class='ocr_par' dir='ltr' id='par_1_52' title="bbox 476 5432 1981 5507">
     <span class='ocr_line' id='line_1_52' title="bbox 476 5432 1981 5507; baseline 0.001 -17"><span class='ocrx_word' id='word_1_283' title='bbox 476 5434 583 5501; x_wconf 58' lang='grc' dir='ltr'><strong><em>ξςη</em></strong></span> <span class='ocrx_word' id='word_1_284' title='bbox 611 5432 881 5505; x_wconf 75' lang='grc' dir='ltr'><em>Περὶτῆς</em></span> <span class='ocrx_word' id='word_1_285' title='bbox 900 5434 1008 5490; x_wconf 87' lang='grc' dir='ltr'><em>τοῦ</em></span> <span class='ocrx_word' id='word_1_286' title='bbox 1028 5434 1192 5491; x_wconf 81' lang='grc' dir='ltr'><em>θείου</em></span> <span class='ocrx_word' id='word_1_287' title='bbox 1218 5433 1372 5491; x_wconf 82' lang='grc' dir='ltr'><em>ναοῦ</em></span> <span class='ocrx_word' id='word_1_288' title='bbox 1399 5436 1801 5507; x_wconf 76' lang='grc' dir='ltr'><em>καθημερινῆς</em></span> <span class='ocrx_word' id='word_1_289' title='bbox 1829 5452 1981 5506; x_wconf 79' lang='grc' dir='ltr'><em>φωτ-</em></span> 
     </span>
    </p>
   </div>
   <div class='ocr_carea' id='block_1_53' title="bbox 476 5619 1977 5693">
    <p class='ocr_par' dir='ltr' id='par_1_53' title="bbox 476 5619 1977 5693">
     <span class='ocr_line' id='line_1_53' title="bbox 476 5619 1977 5693; baseline -0.007 -6"><span class='ocrx_word' id='word_1_290' title='bbox 476 5619 576 5687; x_wconf 63' lang='grc' dir='ltr'><strong><em>ξξ-</em></strong></span> <span class='ocrx_word' id='word_1_291' title='bbox 609 5623 749 5690; x_wconf 73' lang='grc' dir='ltr'><em>Περὶ</em></span> <span class='ocrx_word' id='word_1_292' title='bbox 780 5624 901 5680; x_wconf 85' lang='grc' dir='ltr'><strong><em>τῶν</em></strong></span> <span class='ocrx_word' id='word_1_293' title='bbox 922 5626 1131 5692; x_wconf 70' lang='grc' dir='ltr'><em>κύκλῳ</em></span> <span class='ocrx_word' id='word_1_294' title='bbox 1178 5625 1288 5683; x_wconf 84' lang='grc' dir='ltr'><em>τοῦ</em></span> <span class='ocrx_word' id='word_1_295' title='bbox 1324 5625 1624 5693; x_wconf 64' lang='grc' dir='ltr'><em>τρούλςιου</em></span> <span class='ocrx_word' id='word_1_296' title='bbox 1686 5619 1977 5692; x_wconf 77' lang='grc' dir='ltr'><em>κρεμαμέ-</em></span> 
     </span>
    </p>
   </div>
   <div class='ocr_carea' id='block_1_54' title="bbox 406 5715 1443 5782">
    <p class='ocr_par' dir='ltr' id='par_1_54' title="bbox 406 5715 1443 5782">
     <span class='ocr_line' id='line_1_54' title="bbox 406 5715 1443 5782; baseline 0.003 -17"><span class='ocrx_word' id='word_1_297' title='bbox 406 5727 530 5765; x_wconf 86' lang='grc' dir='ltr'><strong><em>νων</em></strong></span> <span class='ocrx_word' id='word_1_298' title='bbox 556 5715 886 5782; x_wconf 75' lang='grc' dir='ltr'><em>κρατήρων,</em></span> <span class='ocrx_word' id='word_1_299' title='bbox 911 5717 1013 5772; x_wconf 75' lang='grc' dir='ltr'><em>καὶ</em></span> <span class='ocrx_word' id='word_1_300' title='bbox 1038 5718 1159 5773; x_wconf 89' lang='grc' dir='ltr'><strong><em>τῶν</em></strong></span> <span class='ocrx_word' id='word_1_301' title='bbox 1196 5716 1443 5773; x_wconf 72' lang='grc' dir='ltr'><em>λοιπῶν.</em></span> 
     </span>
    </p>
   </div>
   <div class='ocr_carea' id='block_1_55' title="bbox 480 5801 1880 5876">
    <p class='ocr_par' dir='ltr' id='par_1_55' title="bbox 480 5801 1880 5876">
     <span class='ocr_line' id='line_1_55' title="bbox 480 5801 1880 5876; baseline 0.001 -19"><span class='ocrx_word' id='word_1_302' title='bbox 480 5801 579 5872; x_wconf 65' lang='lat' dir='ltr'><strong><em>Evr.</em></strong></span> <span class='ocrx_word' id='word_1_303' title='bbox 613 5804 753 5872; x_wconf 76' lang='grc' dir='ltr'><em>Περὶ</em></span> <span class='ocrx_word' id='word_1_304' title='bbox 779 5803 899 5861; x_wconf 85' lang='grc' dir='ltr'><strong><em>τῶν</em></strong></span> <span class='ocrx_word' id='word_1_305' title='bbox 925 5807 1290 5876; x_wconf 66' lang='grc' dir='ltr'><em>ὀφειλόντων</em></span> <span class='ocrx_word' id='word_1_306' title='bbox 1310 5806 1602 5863; x_wconf 76' lang='grc' dir='ltr'><em>ἅπτεσθαι</em></span> <span class='ocrx_word' id='word_1_307' title='bbox 1638 5804 1880 5873; x_wconf 79' lang='grc' dir='ltr'><em>κηρίων.</em></span> 
     </span>
    </p>
   </div>
   <div class='ocr_carea' id='block_1_56' title="bbox 477 5891 1161 5963">
    <p class='ocr_par' dir='ltr' id='par_1_56' title="bbox 477 5891 1161 5963">
     <span class='ocr_line' id='line_1_56' title="bbox 477 5891 1161 5963; baseline 0.006 -18"><span class='ocrx_word' id='word_1_308' title='bbox 477 5891 572 5959; x_wconf 71' lang='grc' dir='ltr'><em>ξθι.</em></span> <span class='ocrx_word' id='word_1_309' title='bbox 606 5893 747 5962; x_wconf 76' lang='grc' dir='ltr'><em>Περὶ</em></span> <span class='ocrx_word' id='word_1_310' title='bbox 785 5894 889 5951; x_wconf 86' lang='grc' dir='ltr'><em>τοῦ</em></span> <span class='ocrx_word' id='word_1_311' title='bbox 922 5896 1161 5963; x_wconf 85' lang='grc' dir='ltr'><em>ὕδατος.</em></span> 
     </span>
    </p>
   </div>
   <div class='ocr_carea' id='block_1_57' title="bbox 1801 511 2164 580">
    <p class='ocr_par' dir='ltr' id='par_1_57' title="bbox 1801 511 2164 580">
     <span class='ocr_line' id='line_1_57' title="bbox 1801 511 2164 580; baseline 0.022 -8"><span class='ocrx_word' id='word_1_312' title='bbox 1801 511 2164 580; x_wconf 79' lang='lat' dir='ltr'><strong><em>TYPICUM.</em></strong></span> 
     </span>
    </p>
   </div>
   <div class='ocr_carea' id='block_1_58' title="bbox 2147 627 3194 699">
    <p class='ocr_par' dir='ltr' id='par_1_58' title="bbox 2147 627 3194 699">
     <span class='ocr_line' id='line_1_58' title="bbox 2147 627 3194 699; baseline 0.004 -16"><span class='ocrx_word' id='word_1_313' title='bbox 2147 628 2234 683; x_wconf 77' lang='grc'><em>56.</em></span> <span class='ocrx_word' id='word_1_314' title='bbox 2273 627 2350 682; x_wconf 87' lang='lat' dir='ltr'><strong><em>De</em></strong></span> <span class='ocrx_word' id='word_1_315' title='bbox 2378 629 2667 699; x_wconf 78' lang='lat' dir='ltr'><strong><em>Apodipnis</em></strong></span> <span class='ocrx_word' id='word_1_316' title='bbox 2703 647 2795 684; x_wconf 87' lang='lat' dir='ltr'><strong><em>seu</em></strong></span> <span class='ocrx_word' id='word_1_317' title='bbox 2821 629 3194 698; x_wconf 85' lang='lat' dir='ltr'><strong><em>Completorio.</em></strong></span> 
     </span>
    </p>
   </div>
   <div class='ocr_carea' id='block_1_59' title="bbox 2143 719 2854 792">
    <p class='ocr_par' dir='ltr' id='par_1_59' title="bbox 2143 719 2854 792">
     <span class='ocr_line' id='line_1_59' title="bbox 2143 719 2854 792; baseline 0.008 -21"><span class='ocrx_word' id='word_1_318' title='bbox 2143 720 2235 775; x_wconf 73' lang='lat'><strong><em>57.</em></strong></span> <span class='ocrx_word' id='word_1_319' title='bbox 2271 719 2345 774; x_wconf 91' lang='lat' dir='ltr'><strong><em>De</em></strong></span> <span class='ocrx_word' id='word_1_320' title='bbox 2373 731 2628 776; x_wconf 89' lang='lat' dir='ltr'><strong><em>nocturno</em></strong></span> <span class='ocrx_word' id='word_1_321' title='bbox 2658 720 2854 792; x_wconf 61' lang='lat' dir='ltr'><strong><em>Oﬁcio.</em></strong></span> 
     </span>
    </p>
   </div>
   <div class='ocr_carea' id='block_1_60' title="bbox 2142 809 2976 881">
    <p class='ocr_par' dir='ltr' id='par_1_60' title="bbox 2142 809 2976 881">
     <span class='ocr_line' id='line_1_60' title="bbox 2142 809 2976 881; baseline 0.005 -18"><span class='ocrx_word' id='word_1_322' title='bbox 2142 810 2230 863; x_wconf 76' lang='lat'><strong><em>&#39;58.</em></strong></span> <span class='ocrx_word' id='word_1_323' title='bbox 2277 810 2351 864; x_wconf 89' lang='lat' dir='ltr'><strong><em>De</em></strong></span> <span class='ocrx_word' id='word_1_324' title='bbox 2375 809 2548 881; x_wconf 71' lang='lat' dir='ltr'><strong><em>Oﬁ‘icio</em></strong></span> <span class='ocrx_word' id='word_1_325' title='bbox 2576 813 2762 866; x_wconf 66' lang='lat' dir='ltr'><strong><em>media:</em></strong></span> <span class='ocrx_word' id='word_1_326' title='bbox 2787 815 2976 867; x_wconf 87' lang='lat' dir='ltr'><strong><em>noctis.</em></strong></span> 
     </span>
    </p>
   </div>
   <div class='ocr_carea' id='block_1_61' title="bbox 2143 900 2845 957">
    <p class='ocr_par' dir='ltr' id='par_1_61' title="bbox 2143 900 2845 957">
     <span class='ocr_line' id='line_1_61' title="bbox 2143 900 2845 957; baseline 0.003 -2"><span class='ocrx_word' id='word_1_327' title='bbox 2143 900 2233 956; x_wconf 76' lang='grc'><strong><em>59.</em></strong></span> <span class='ocrx_word' id='word_1_328' title='bbox 2269 900 2343 956; x_wconf 85' lang='lat' dir='ltr'><strong><em>De</em></strong></span> <span class='ocrx_word' id='word_1_329' title='bbox 2378 904 2528 957; x_wconf 85' lang='lat' dir='ltr'><strong><em>initio</em></strong></span> <span class='ocrx_word' id='word_1_330' title='bbox 2569 902 2845 957; x_wconf 79' lang='lat' dir='ltr'><strong><em>Matutini.</em></strong></span> 
     </span>
    </p>
   </div>
   <div class='ocr_carea' id='block_1_62' title="bbox 2143 989 3648 1068">
    <p class='ocr_par' dir='ltr' id='par_1_62' title="bbox 2143 989 3648 1068">
     <span class='ocr_line' id='line_1_62' title="bbox 2143 989 3648 1068; baseline 0.009 -26"><span class='ocrx_word' id='word_1_331' title='bbox 2143 989 2233 1043; x_wconf 77' lang='lat'><strong><em>40.</em></strong></span> <span class='ocrx_word' id='word_1_332' title='bbox 2275 990 2349 1044; x_wconf 87' lang='lat' dir='ltr'><strong><em>De</em></strong></span> <span class='ocrx_word' id='word_1_333' title='bbox 2376 994 2644 1047; x_wconf 85' lang='lat' dir='ltr'><strong><em>vocatione</em></strong></span> <span class='ocrx_word' id='word_1_334' title='bbox 2684 992 2756 1046; x_wconf 92' lang='lat' dir='ltr'><strong><em>ad</em></strong></span> <span class='ocrx_word' id='word_1_335' title='bbox 2799 1009 3055 1057; x_wconf 86' lang='lat' dir='ltr'><strong><em>mensam.</em></strong></span> <span class='ocrx_word' id='word_1_336' title='bbox 3089 1002 3138 1048; x_wconf 87' lang='lat' dir='ltr'><strong><em>et</em></strong></span> <span class='ocrx_word' id='word_1_337' title='bbox 3167 994 3231 1049; x_wconf 88' lang='lat' dir='ltr'><strong><em>de</em></strong></span> <span class='ocrx_word' id='word_1_338' title='bbox 3261 996 3539 1068; x_wconf 70' lang='lat' dir='ltr'><strong><em>disciplina</em></strong></span> <span class='ocrx_word' id='word_1_339' title='bbox 3577 1001 3648 1054; x_wconf 97' lang='lat' dir='ltr'><strong><em>ibi</em></strong></span> 
     </span>
    </p>
   </div>
   <div class='ocr_carea' id='block_1_63' title="bbox 2073 1082 2358 1132">
    <p class='ocr_par' dir='ltr' id='par_1_63' title="bbox 2073 1082 2358 1132">
     <span class='ocr_line' id='line_1_63' title="bbox 2073 1082 2358 1132; baseline 0.004 -1"><span class='ocrx_word' id='word_1_340' title='bbox 2073 1082 2358 1132; x_wconf 83' lang='lat' dir='ltr'><strong><em>servanda.</em></strong></span> 
     </span>
    </p>
   </div>
   <div class='ocr_carea' id='block_1_64' title="bbox 2143 1170 3647 1244">
    <p class='ocr_par' dir='ltr' id='par_1_64' title="bbox 2143 1170 3647 1244">
     <span class='ocr_line' id='line_1_64' title="bbox 2143 1170 3647 1244; baseline 0.005 -19"><span class='ocrx_word' id='word_1_341' title='bbox 2143 1172 2234 1226; x_wconf 73' lang='grc' dir='ltr'><em>Η.</em></span> <span class='ocrx_word' id='word_1_342' title='bbox 2265 1170 2405 1237; x_wconf 89' lang='lat' dir='ltr'><strong><em>Quid</em></strong></span> <span class='ocrx_word' id='word_1_343' title='bbox 2437 1173 2699 1244; x_wconf 83' lang='lat' dir='ltr'><strong><em>agendum</em></strong></span> <span class='ocrx_word' id='word_1_344' title='bbox 2730 1176 2777 1228; x_wconf 91' lang='lat' dir='ltr'><strong><em>si</em></strong></span> <span class='ocrx_word' id='word_1_345' title='bbox 2810 1190 2918 1227; x_wconf 91' lang='lat' dir='ltr'><strong><em>aua</em></strong></span> <span class='ocrx_word' id='word_1_346' title='bbox 2946 1176 3000 1228; x_wconf 89' lang='lat' dir='ltr'><strong><em>in</em></strong></span> <span class='ocrx_word' id='word_1_347' title='bbox 3034 1175 3312 1244; x_wconf 77' lang='lat' dir='ltr'><strong><em>refectione</em></strong></span> <span class='ocrx_word' id='word_1_348' title='bbox 3341 1177 3647 1232; x_wconf 74' lang='lat' dir='ltr'><strong><em>immodeste</em></strong></span> 
     </span>
    </p>
   </div>
   <div class='ocr_carea' id='block_1_65' title="bbox 2072 1265 2392 1333">
    <p class='ocr_par' dir='ltr' id='par_1_65' title="bbox 2072 1265 2392 1333">
     <span class='ocr_line' id='line_1_65' title="bbox 2072 1265 2392 1333; baseline 0.009 -19"><span class='ocrx_word' id='word_1_349' title='bbox 2072 1277 2129 1314; x_wconf 91' lang='lat' dir='ltr'><strong><em>se</em></strong></span> <span class='ocrx_word' id='word_1_350' title='bbox 2158 1265 2392 1333; x_wconf 85' lang='lat' dir='ltr'><strong><em>gesserit.</em></strong></span> 
     </span>
    </p>
   </div>
   <div class='ocr_carea' id='block_1_66' title="bbox 2144 1349 3650 1425">
    <p class='ocr_par' dir='ltr' id='par_1_66' title="bbox 2144 1349 3650 1425">
     <span class='ocr_line' id='line_1_66' title="bbox 2144 1349 3650 1425; baseline 0.004 -21"><span class='ocrx_word' id='word_1_351' title='bbox 2144 1350 2232 1405; x_wconf 75' lang='lat'><strong>42.</strong></span> <span class='ocrx_word' id='word_1_352' title='bbox 2259 1349 2399 1415; x_wconf 90' lang='lat' dir='ltr'><strong><em>Quid</em></strong></span> <span class='ocrx_word' id='word_1_353' title='bbox 2422 1353 2685 1422; x_wconf 88' lang='lat' dir='ltr'><strong><em>agendum</em></strong></span> <span class='ocrx_word' id='word_1_354' title='bbox 2714 1354 2762 1407; x_wconf 90' lang='lat' dir='ltr'><strong><em>si</em></strong></span> <span class='ocrx_word' id='word_1_355' title='bbox 2788 1369 2894 1422; x_wconf 88' lang='lat' dir='ltr'><strong><em>qua</em></strong></span> <span class='ocrx_word' id='word_1_356' title='bbox 2928 1353 2992 1406; x_wconf 85' lang='lat' dir='ltr'><strong><em>de</em></strong></span> <span class='ocrx_word' id='word_1_357' title='bbox 3017 1353 3187 1424; x_wconf 82' lang='lat' dir='ltr'><strong><em>priori</em></strong></span> <span class='ocrx_word' id='word_1_358' title='bbox 3210 1370 3454 1409; x_wconf 72' lang='lat' dir='ltr'><strong><em>consessu</em></strong></span> <span class='ocrx_word' id='word_1_359' title='bbox 3478 1356 3650 1425; x_wconf 81' lang='lat' dir='ltr'><strong><em>dispu-</em></strong></span> 
     </span>
    </p>
   </div>
   <div class='ocr_carea' id='block_1_67' title="bbox 2075 1443 2226 1496">
    <p class='ocr_par' dir='ltr' id='par_1_67' title="bbox 2075 1443 2226 1496">
     <span class='ocr_line' id='line_1_67' title="bbox 2075 1443 2226 1496; baseline 0.013 -2"><span class='ocrx_word' id='word_1_360' title='bbox 2075 1443 2226 1496; x_wconf 83' lang='lat' dir='ltr'><strong><em>tarit.</em></strong></span> 
     </span>
    </p>
   </div>
   <div class='ocr_carea' id='block_1_68' title="bbox 2141 1531 3410 1606">
    <p class='ocr_par' dir='ltr' id='par_1_68' title="bbox 2141 1531 3410 1606">
     <span class='ocr_line' id='line_1_68' title="bbox 2141 1531 3410 1606; baseline 0.004 -20"><span class='ocrx_word' id='word_1_361' title='bbox 2141 1533 2233 1587; x_wconf 76' lang='lat'><strong><em>43.</em></strong></span> <span class='ocrx_word' id='word_1_362' title='bbox 2265 1531 2416 1598; x_wconf 88' lang='lat' dir='ltr'><strong><em>Quod</em></strong></span> <span class='ocrx_word' id='word_1_363' title='bbox 2443 1535 2572 1589; x_wconf 79' lang='lat' dir='ltr'><strong><em>nihil</em></strong></span> <span class='ocrx_word' id='word_1_364' title='bbox 2596 1534 2660 1589; x_wconf 91' lang='lat' dir='ltr'><strong><em>ab</em></strong></span> <span class='ocrx_word' id='word_1_365' title='bbox 2699 1535 2919 1589; x_wconf 75' lang='lat' dir='ltr'><strong><em>invicem</em></strong></span> <span class='ocrx_word' id='word_1_366' title='bbox 2948 1536 3291 1606; x_wconf 64' lang='lat' dir='ltr'><strong><em>quiet-endam</em></strong></span> <span class='ocrx_word' id='word_1_367' title='bbox 3319 1539 3410 1592; x_wconf 89' lang='lat' dir='ltr'><strong><em>sit.</em></strong></span> 
     </span>
    </p>
   </div>
   <div class='ocr_carea' id='block_1_69' title="bbox 2141 1623 3650 1694">
    <p class='ocr_par' dir='ltr' id='par_1_69' title="bbox 2141 1623 3650 1694">
     <span class='ocr_line' id='line_1_69' title="bbox 2141 1623 3650 1694; baseline 0.005 -18"><span class='ocrx_word' id='word_1_368' title='bbox 2141 1623 2233 1677; x_wconf 87' lang='lat'><strong><em>44.</em></strong></span> <span class='ocrx_word' id='word_1_369' title='bbox 2262 1624 2414 1690; x_wconf 82' lang='lat' dir='ltr'><strong><em>Quod</em></strong></span> <span class='ocrx_word' id='word_1_370' title='bbox 2438 1641 2555 1694; x_wconf 81' lang='lat' dir='ltr'><strong><em>qua:</em></strong></span> <span class='ocrx_word' id='word_1_371' title='bbox 2580 1625 2710 1680; x_wconf 85' lang='lat' dir='ltr'><strong><em>bene</em></strong></span> <span class='ocrx_word' id='word_1_372' title='bbox 2728 1627 2904 1681; x_wconf 81' lang='lat' dir='ltr'><strong><em>ualent</em></strong></span> <span class='ocrx_word' id='word_1_373' title='bbox 2931 1643 3265 1681; x_wconf 81' lang='lat' dir='ltr'><strong><em>communem</em></strong></span> <span class='ocrx_word' id='word_1_374' title='bbox 3292 1645 3530 1683; x_wconf 86' lang='lat' dir='ltr'><strong><em>mensam</em></strong></span> <span class='ocrx_word' id='word_1_375' title='bbox 3557 1631 3650 1684; x_wconf 82' lang='lat' dir='ltr'><strong><em>de-</em></strong></span> 
     </span>
    </p>
   </div>
   <div class='ocr_carea' id='block_1_70' title="bbox 2075 1718 3063 1786">
    <p class='ocr_par' dir='ltr' id='par_1_70' title="bbox 2075 1718 3063 1786">
     <span class='ocr_line' id='line_1_70' title="bbox 2075 1718 3063 1786; baseline 0.004 -20"><span class='ocrx_word' id='word_1_376' title='bbox 2075 1722 2298 1768; x_wconf 87' lang='lat' dir='ltr'><strong><em>trectare</em></strong></span> <span class='ocrx_word' id='word_1_377' title='bbox 2322 1725 2585 1785; x_wconf 85' lang='lat' dir='ltr'><strong><em>nequeant</em></strong></span> <span class='ocrx_word' id='word_1_378' title='bbox 2610 1733 2628 1770; x_wconf 91' lang='lat'><strong><em>:</em></strong></span> <span class='ocrx_word' id='word_1_379' title='bbox 2656 1727 2704 1770; x_wconf 91' lang='lat' dir='ltr'><strong><em>et</em></strong></span> <span class='ocrx_word' id='word_1_380' title='bbox 2725 1719 2787 1770; x_wconf 85' lang='lat' dir='ltr'><strong><em>de</em></strong></span> <span class='ocrx_word' id='word_1_381' title='bbox 2815 1718 3063 1786; x_wconf 83' lang='lat' dir='ltr'><strong><em>inﬁrmis.</em></strong></span> 
     </span>
    </p>
   </div>
   <div class='ocr_carea' id='block_1_71' title="bbox 2141 1805 3310 1875">
    <p class='ocr_par' dir='ltr' id='par_1_71' title="bbox 2141 1805 3310 1875">
     <span class='ocr_line' id='line_1_71' title="bbox 2141 1805 3310 1875; baseline 0.003 -16"><span class='ocrx_word' id='word_1_382' title='bbox 2141 1806 2230 1860; x_wconf 81' lang='lat'><strong>45.</strong></span> <span class='ocrx_word' id='word_1_383' title='bbox 2263 1805 2414 1871; x_wconf 88' lang='lat' dir='ltr'><strong><em>Quod</em></strong></span> <span class='ocrx_word' id='word_1_384' title='bbox 2455 1809 2686 1862; x_wconf 87' lang='lat' dir='ltr'><strong><em>secunda</em></strong></span> <span class='ocrx_word' id='word_1_385' title='bbox 2716 1807 2834 1875; x_wconf 77' lang='lat' dir='ltr'><strong><em>ﬁeri</em></strong></span> <span class='ocrx_word' id='word_1_386' title='bbox 2862 1809 3041 1862; x_wconf 84' lang='lat' dir='ltr'><strong><em>debeat</em></strong></span> <span class='ocrx_word' id='word_1_387' title='bbox 3073 1811 3310 1875; x_wconf 71' lang='lat' dir='ltr'><strong><em>refectio.</em></strong></span> 
     </span>
    </p>
   </div>
   <div class='ocr_carea' id='block_1_72' title="bbox 2143 1896 3649 1971">
    <p class='ocr_par' dir='ltr' id='par_1_72' title="bbox 2143 1896 3649 1971">
     <span class='ocr_line' id='line_1_72' title="bbox 2143 1896 3649 1971; baseline 0.003 -21"><span class='ocrx_word' id='word_1_388' title='bbox 2143 1896 2234 1950; x_wconf 91' lang='lat'><strong><em>46.</em></strong></span> <span class='ocrx_word' id='word_1_389' title='bbox 2262 1896 2340 1950; x_wconf 87' lang='lat' dir='ltr'><strong><em>De</em></strong></span> <span class='ocrx_word' id='word_1_390' title='bbox 2367 1899 2504 1952; x_wconf 82' lang='lat' dir='ltr'><strong><em>victu</em></strong></span> <span class='ocrx_word' id='word_1_391' title='bbox 2548 1899 2606 1952; x_wconf 90' lang='lat' dir='ltr'><strong><em>in</em></strong></span> <span class='ocrx_word' id='word_1_392' title='bbox 2632 1898 2813 1952; x_wconf 84' lang='lat' dir='ltr'><strong><em>diebus</em></strong></span> <span class='ocrx_word' id='word_1_393' title='bbox 2856 1898 3194 1953; x_wconf 89' lang='lat' dir='ltr'><strong><em>Litaniarum</em></strong></span> <span class='ocrx_word' id='word_1_394' title='bbox 3228 1901 3335 1954; x_wconf 81' lang='lat' dir='ltr'><strong><em>sive</em></strong></span> <span class='ocrx_word' id='word_1_395' title='bbox 3358 1902 3649 1971; x_wconf 83' lang='lat' dir='ltr'><strong><em>processio-</em></strong></span> 
     </span>
    </p>
   </div>
   <div class='ocr_carea' id='block_1_73' title="bbox 2076 2007 2221 2045">
    <p class='ocr_par' dir='ltr' id='par_1_73' title="bbox 2076 2007 2221 2045">
     <span class='ocr_line' id='line_1_73' title="bbox 2076 2007 2221 2045; baseline -0.014 0"><span class='ocrx_word' id='word_1_396' title='bbox 2076 2007 2221 2045; x_wconf 86' lang='lat' dir='ltr'><strong><em>num.</em></strong></span> 
     </span>
    </p>
   </div>
   <div class='ocr_carea' id='block_1_74' title="bbox 2144 2078 3287 2151">
    <p class='ocr_par' dir='ltr' id='par_1_74' title="bbox 2144 2078 3287 2151">
     <span class='ocr_line' id='line_1_74' title="bbox 2144 2078 3287 2151; baseline 0.002 -17"><span class='ocrx_word' id='word_1_397' title='bbox 2144 2081 2236 2136; x_wconf 80' lang='lat'><strong><em>47.</em></strong></span> <span class='ocrx_word' id='word_1_398' title='bbox 2269 2080 2346 2135; x_wconf 89' lang='lat' dir='ltr'><strong><em>De</em></strong></span> <span class='ocrx_word' id='word_1_399' title='bbox 2365 2081 2503 2135; x_wconf 76' lang='lat' dir='ltr'><strong><em>uictu</em></strong></span> <span class='ocrx_word' id='word_1_400' title='bbox 2533 2081 2590 2134; x_wconf 91' lang='lat' dir='ltr'><strong><em>in</em></strong></span> <span class='ocrx_word' id='word_1_401' title='bbox 2618 2097 2813 2151; x_wconf 89' lang='lat' dir='ltr'><strong><em>magna</em></strong></span> <span class='ocrx_word' id='word_1_402' title='bbox 2842 2078 3287 2151; x_wconf 67' lang='lat' dir='ltr'><strong><em>Quadragesﬂna.</em></strong></span> 
     </span>
    </p>
   </div>
   <div class='ocr_carea' id='block_1_75' title="bbox 2147 2255 3650 2328">
    <p class='ocr_par' dir='ltr' id='par_1_75' title="bbox 2147 2255 3650 2328">
     <span class='ocr_line' id='line_1_75' title="bbox 2147 2255 3650 2328; baseline -0.001 -15"><span class='ocrx_word' id='word_1_403' title='bbox 2147 2260 2236 2314; x_wconf 79' lang='lat'><strong>48.</strong></span> <span class='ocrx_word' id='word_1_404' title='bbox 2276 2259 2348 2313; x_wconf 88' lang='lat' dir='ltr'><strong><em>De</em></strong></span> <span class='ocrx_word' id='word_1_405' title='bbox 2387 2260 2524 2312; x_wconf 85' lang='lat' dir='ltr'><strong><em>victu</em></strong></span> <span class='ocrx_word' id='word_1_406' title='bbox 2554 2258 2609 2311; x_wconf 90' lang='lat' dir='ltr'><strong><em>in</em></strong></span> <span class='ocrx_word' id='word_1_407' title='bbox 2645 2255 3070 2326; x_wconf 86' lang='lat' dir='ltr'><strong><em>Quadragesima</em></strong></span> <span class='ocrx_word' id='word_1_408' title='bbox 3105 2265 3410 2311; x_wconf 84' lang='lat' dir='ltr'><strong><em>sanctorum</em></strong></span> <span class='ocrx_word' id='word_1_409' title='bbox 3440 2266 3650 2328; x_wconf 84' lang='lat' dir='ltr'><strong><em>aposto-</em></strong></span> 
     </span>
    </p>
   </div>
   <div class='ocr_carea' id='block_1_76' title="bbox 2078 2346 3013 2416">
    <p class='ocr_par' dir='ltr' id='par_1_76' title="bbox 2078 2346 3013 2416">
     <span class='ocr_line' id='line_1_76' title="bbox 2078 2346 3013 2416; baseline -0.006 -12"><span class='ocrx_word' id='word_1_410' title='bbox 2078 2349 2273 2416; x_wconf 85' lang='lat' dir='ltr'><strong><em>lorum,</em></strong></span> <span class='ocrx_word' id='word_1_411' title='bbox 2300 2360 2349 2402; x_wconf 89' lang='lat' dir='ltr'><strong><em>et</em></strong></span> <span class='ocrx_word' id='word_1_412' title='bbox 2382 2347 2575 2404; x_wconf 83' lang='lat' dir='ltr'><strong><em>Christi</em></strong></span> <span class='ocrx_word' id='word_1_413' title='bbox 2608 2346 3013 2401; x_wconf 85' lang='lat' dir='ltr'><strong><em>Natalitiorum.</em></strong></span> 
     </span>
    </p>
   </div>
   <div class='ocr_carea' id='block_1_77' title="bbox 2148 2527 3349 2594">
    <p class='ocr_par' dir='ltr' id='par_1_77' title="bbox 2148 2527 3349 2594">
     <span class='ocr_line' id='line_1_77' title="bbox 2148 2527 3349 2594; baseline -0.001 -9"><span class='ocrx_word' id='word_1_414' title='bbox 2148 2530 2239 2585; x_wconf 77' lang='lat'><strong><em>49.</em></strong></span> <span class='ocrx_word' id='word_1_415' title='bbox 2266 2528 2418 2594; x_wconf 85' lang='lat' dir='ltr'><strong><em>Quod</em></strong></span> <span class='ocrx_word' id='word_1_416' title='bbox 2444 2528 2586 2583; x_wconf 90' lang='lat' dir='ltr'><strong><em>clam</em></strong></span> <span class='ocrx_word' id='word_1_417' title='bbox 2607 2527 2984 2582; x_wconf 83' lang='lat' dir='ltr'><strong><em>comedendum</em></strong></span> <span class='ocrx_word' id='word_1_418' title='bbox 3016 2542 3122 2580; x_wconf 88' lang='lat' dir='ltr'><strong><em>non</em></strong></span> <span class='ocrx_word' id='word_1_419' title='bbox 3150 2529 3240 2581; x_wconf 86' lang='lat' dir='ltr'><strong><em>sit.</em></strong></span> <span class='ocrx_word' id='word_1_420' title='bbox 3333 2558 3349 2584; x_wconf 78' lang='grc' dir='ltr'><em>ι</em></span> 
     </span>
    </p>
   </div>
   <div class='ocr_carea' id='block_1_78' title="bbox 2141 2620 2712 2691">
    <p class='ocr_par' dir='ltr' id='par_1_78' title="bbox 2141 2620 2712 2691">
     <span class='ocr_line' id='line_1_78' title="bbox 2141 2620 2712 2691; baseline -0.004 -16"><span class='ocrx_word' id='word_1_421' title='bbox 2141 2620 2234 2675; x_wconf 78' lang='lat'><strong><em>&#39;50.</em></strong></span> <span class='ocrx_word' id='word_1_422' title='bbox 2269 2620 2348 2674; x_wconf 88' lang='lat' dir='ltr'><strong><em>De</em></strong></span> <span class='ocrx_word' id='word_1_423' title='bbox 2373 2629 2712 2691; x_wconf 82' lang='lat' dir='ltr'><strong><em>paupertate.</em></strong></span> 
     </span>
    </p>
   </div>
   <div class='ocr_carea' id='block_1_79' title="bbox 2148 2704 3654 2776">
    <p class='ocr_par' dir='ltr' id='par_1_79' title="bbox 2148 2704 3654 2776">
     <span class='ocr_line' id='line_1_79' title="bbox 2148 2704 3654 2776; baseline -0.003 -13"><span class='ocrx_word' id='word_1_424' title='bbox 2148 2711 2239 2764; x_wconf 79' lang='lat' dir='ltr'><strong><em>5L</em></strong></span> <span class='ocrx_word' id='word_1_425' title='bbox 2288 2708 2438 2775; x_wconf 84' lang='lat' dir='ltr'><strong><em>Quod</em></strong></span> <span class='ocrx_word' id='word_1_426' title='bbox 2472 2725 2579 2763; x_wconf 89' lang='lat' dir='ltr'><strong><em>non</em></strong></span> <span class='ocrx_word' id='word_1_427' title='bbox 2603 2709 2825 2762; x_wconf 87' lang='lat' dir='ltr'><strong><em>debeant</em></strong></span> <span class='ocrx_word' id='word_1_428' title='bbox 2866 2705 3123 2762; x_wconf 84' lang='lat' dir='ltr'><strong><em>moniales</em></strong></span> <span class='ocrx_word' id='word_1_429' title='bbox 3166 2705 3228 2759; x_wconf 92' lang='lat' dir='ltr'><strong><em>ob</em></strong></span> <span class='ocrx_word' id='word_1_430' title='bbox 3268 2706 3427 2776; x_wconf 81' lang='lat' dir='ltr'><strong><em>typici</em></strong></span> <span class='ocrx_word' id='word_1_431' title='bbox 3456 2704 3520 2758; x_wconf 85' lang='lat' dir='ltr'><strong><em>de</em></strong></span> <span class='ocrx_word' id='word_1_432' title='bbox 3551 2721 3654 2759; x_wconf 78' lang='lat' dir='ltr'><strong><em>ca:-</em></strong></span> 
     </span>
    </p>
   </div>
   <div class='ocr_carea' id='block_1_80' title="bbox 2076 2796 3344 2870">
    <p class='ocr_par' dir='ltr' id='par_1_80' title="bbox 2076 2796 3344 2870">
     <span class='ocr_line' id='line_1_80' title="bbox 2076 2796 3344 2870; baseline -0.003 -17"><span class='ocrx_word' id='word_1_433' title='bbox 2076 2799 2300 2854; x_wconf 87' lang='lat' dir='ltr'><strong><em>nobitico</em></strong></span> <span class='ocrx_word' id='word_1_434' title='bbox 2321 2801 2564 2853; x_wconf 85' lang='lat' dir='ltr'><strong><em>instituto</em></strong></span> <span class='ocrx_word' id='word_1_435' title='bbox 2596 2808 2861 2870; x_wconf 58' lang='lat' dir='ltr'><strong><em>praecepta</em></strong></span> <span class='ocrx_word' id='word_1_436' title='bbox 2894 2799 3076 2852; x_wconf 90' lang='lat' dir='ltr'><strong><em>animo</em></strong></span> <span class='ocrx_word' id='word_1_437' title='bbox 3099 2796 3344 2864; x_wconf 80' lang='lat' dir='ltr'><strong><em>deﬁcere.</em></strong></span> 
     </span>
    </p>
   </div>
   <div class='ocr_carea' id='block_1_81' title="bbox 2150 2971 3654 3046">
    <p class='ocr_par' dir='ltr' id='par_1_81' title="bbox 2150 2971 3654 3046">
     <span class='ocr_line' id='line_1_81' title="bbox 2150 2971 3654 3046; baseline -0.007 -13"><span class='ocrx_word' id='word_1_438' title='bbox 2150 2979 2238 3033; x_wconf 72' lang='lat'><strong><em>52.</em></strong></span> <span class='ocrx_word' id='word_1_439' title='bbox 2271 2977 2423 3043; x_wconf 90' lang='lat' dir='ltr'><strong><em>Quod</em></strong></span> <span class='ocrx_word' id='word_1_440' title='bbox 2449 2992 2627 3032; x_wconf 89' lang='lat' dir='ltr'><strong><em>omnes</em></strong></span> <span class='ocrx_word' id='word_1_441' title='bbox 2658 2990 2902 3046; x_wconf 67' lang='lat' dir='ltr'><strong><em>expensa</em></strong></span> <span class='ocrx_word' id='word_1_442' title='bbox 2935 2971 3251 3028; x_wconf 88' lang='lat' dir='ltr'><strong><em>monialium</em></strong></span> <span class='ocrx_word' id='word_1_443' title='bbox 3291 2984 3357 3023; x_wconf 76' lang='lat' dir='ltr'><strong><em>ea:</em></strong></span> <span class='ocrx_word' id='word_1_444' title='bbox 3390 2980 3654 3023; x_wconf 80' lang='lat' dir='ltr'><strong><em>monaste-</em></strong></span> 
     </span>
    </p>
   </div>
   <div class='ocr_carea' id='block_1_82' title="bbox 2077 3070 2848 3140">
    <p class='ocr_par' dir='ltr' id='par_1_82' title="bbox 2077 3070 2848 3140">
     <span class='ocr_line' id='line_1_82' title="bbox 2077 3070 2848 3140; baseline -0.005 -13"><span class='ocrx_word' id='word_1_445' title='bbox 2077 3075 2145 3127; x_wconf 90' lang='lat' dir='ltr'><strong><em>rii</em></strong></span> <span class='ocrx_word' id='word_1_446' title='bbox 2170 3071 2423 3126; x_wconf 87' lang='lat' dir='ltr'><strong><em>reditibus</em></strong></span> <span class='ocrx_word' id='word_1_447' title='bbox 2458 3070 2578 3140; x_wconf 80' lang='lat' dir='ltr'><strong><em>ﬁeri</em></strong></span> <span class='ocrx_word' id='word_1_448' title='bbox 2603 3071 2848 3123; x_wconf 87' lang='lat' dir='ltr'><strong><em>debeant.</em></strong></span> 
     </span>
    </p>
   </div>
   <div class='ocr_carea' id='block_1_83' title="bbox 2149 3153 3653 3227">
    <p class='ocr_par' dir='ltr' id='par_1_83' title="bbox 2149 3153 3653 3227">
     <span class='ocr_line' id='line_1_83' title="bbox 2149 3153 3653 3227; baseline -0.009 -10"><span class='ocrx_word' id='word_1_449' title='bbox 2149 3163 2237 3217; x_wconf 78' lang='lat'><strong><em>5&#39;5.</em></strong></span> <span class='ocrx_word' id='word_1_450' title='bbox 2272 3162 2423 3227; x_wconf 88' lang='lat' dir='ltr'><strong><em>Quod</em></strong></span> <span class='ocrx_word' id='word_1_451' title='bbox 2465 3160 2875 3221; x_wconf 78' lang='lat' dir='ltr'><strong><em>exomonitides,</em></strong></span> <span class='ocrx_word' id='word_1_452' title='bbox 2917 3159 3024 3212; x_wconf 78' lang='lat' dir='ltr'><strong><em>sire</em></strong></span> <span class='ocrx_word' id='word_1_453' title='bbox 3053 3161 3335 3211; x_wconf 63' lang='lat' dir='ltr'><strong><em>‘eattraneaz</em></strong></span> <span class='ocrx_word' id='word_1_454' title='bbox 3373 3153 3653 3213; x_wconf 85' lang='lat' dir='ltr'><strong><em>moniales,</em></strong></span> 
     </span>
    </p>
   </div>
   <div class='ocr_carea' id='block_1_84' title="bbox 2078 3244 3649 3311">
    <p class='ocr_par' dir='ltr' id='par_1_84' title="bbox 2078 3244 3649 3311">
     <span class='ocr_line' id='line_1_84' title="bbox 2078 3244 3649 3311; baseline -0.009 -1"><span class='ocrx_word' id='word_1_455' title='bbox 2078 3264 2171 3311; x_wconf 86' lang='lat' dir='ltr'><strong><em>aut</em></strong></span> <span class='ocrx_word' id='word_1_456' title='bbox 2206 3255 2436 3308; x_wconf 71' lang='lat' dir='ltr'><strong><em>dimissa:</em></strong></span> <span class='ocrx_word' id='word_1_457' title='bbox 2477 3254 2532 3307; x_wconf 87' lang='lat' dir='ltr'><strong><em>in</em></strong></span> <span class='ocrx_word' id='word_1_458' title='bbox 2571 3252 2950 3305; x_wconf 78' lang='lat' dir='ltr'><strong><em>monasterium</em></strong></span> <span class='ocrx_word' id='word_1_459' title='bbox 2979 3246 3325 3302; x_wconf 70' lang='lat' dir='ltr'><strong><em>admittenda:</em></strong></span> <span class='ocrx_word' id='word_1_460' title='bbox 3377 3261 3482 3297; x_wconf 89' lang='lat' dir='ltr'><strong><em>non</em></strong></span> <span class='ocrx_word' id='word_1_461' title='bbox 3523 3244 3649 3296; x_wconf 87' lang='lat' dir='ltr'><strong><em>sint.</em></strong></span> 
     </span>
    </p>
   </div>
   <div class='ocr_carea' id='block_1_85' title="bbox 2147 3334 3660 3411">
    <p class='ocr_par' dir='ltr' id='par_1_85' title="bbox 2147 3334 3660 3411">
     <span class='ocr_line' id='line_1_85' title="bbox 2147 3334 3660 3411; baseline -0.011 -9"><span class='ocrx_word' id='word_1_462' title='bbox 2147 3349 2235 3403; x_wconf 83' lang='lat'><strong>54.</strong></span> <span class='ocrx_word' id='word_1_463' title='bbox 2265 3345 2415 3411; x_wconf 90' lang='lat' dir='ltr'><strong><em>Quod</em></strong></span> <span class='ocrx_word' id='word_1_464' title='bbox 2459 3343 2828 3407; x_wconf 72' lang='lat' dir='ltr'><strong><em>exocuritides,</em></strong></span> <span class='ocrx_word' id='word_1_465' title='bbox 2857 3343 2965 3395; x_wconf 83' lang='lat' dir='ltr'><strong><em>sive</em></strong></span> <span class='ocrx_word' id='word_1_466' title='bbox 2994 3349 3145 3394; x_wconf 77' lang='lat' dir='ltr'><strong><em>extra</em></strong></span> <span class='ocrx_word' id='word_1_467' title='bbox 3168 3337 3543 3392; x_wconf 81' lang='lat' dir='ltr'><strong><em>monasterium</em></strong></span> <span class='ocrx_word' id='word_1_468' title='bbox 3566 3334 3660 3387; x_wconf 83' lang='lat' dir='ltr'><strong><em>de-</em></strong></span> 
     </span>
    </p>
   </div>
   <div class='ocr_carea' id='block_1_86' title="bbox 2079 3428 3652 3507">
    <p class='ocr_par' dir='ltr' id='par_1_86' title="bbox 2079 3428 3652 3507">
     <span class='ocr_line' id='line_1_86' title="bbox 2079 3428 3652 3507; baseline -0.01 -14"><span class='ocrx_word' id='word_1_469' title='bbox 2079 3446 2266 3503; x_wconf 69' lang='lat' dir='ltr'><strong><em>tonsaz,</em></strong></span> <span class='ocrx_word' id='word_1_470' title='bbox 2290 3440 2483 3493; x_wconf 80' lang='lat' dir='ltr'><strong><em>virtute</em></strong></span> <span class='ocrx_word' id='word_1_471' title='bbox 2517 3436 2776 3507; x_wconf 60' lang='lat' dir='ltr'><strong><em>praedita,</em></strong></span> <span class='ocrx_word' id='word_1_472' title='bbox 2803 3432 3141 3488; x_wconf 72' lang='lat' dir='ltr'><strong><em>admittenda:</em></strong></span> <span class='ocrx_word' id='word_1_473' title='bbox 3164 3432 3270 3485; x_wconf 87' lang='lat' dir='ltr'><strong><em>sint</em></strong></span> <span class='ocrx_word' id='word_1_474' title='bbox 3298 3446 3316 3484; x_wconf 89' lang='lat'><strong><em>:</em></strong></span> <span class='ocrx_word' id='word_1_475' title='bbox 3350 3429 3449 3483; x_wconf 84' lang='lat' dir='ltr'><strong><em>nisi</em></strong></span> <span class='ocrx_word' id='word_1_476' title='bbox 3485 3428 3652 3495; x_wconf 85' lang='lat' dir='ltr'><strong><em>impe-</em></strong></span> 
     </span>
    </p>
   </div>
   <div class='ocr_carea' id='block_1_87' title="bbox 2078 3520 3655 3600">
    <p class='ocr_par' dir='ltr' id='par_1_87' title="bbox 2078 3520 3655 3600">
     <span class='ocr_line' id='line_1_87' title="bbox 2078 3520 3655 3600; baseline -0.009 -15"><span class='ocrx_word' id='word_1_477' title='bbox 2078 3532 2306 3595; x_wconf 79' lang='lat' dir='ltr'><strong><em>ratoria,</em></strong></span> <span class='ocrx_word' id='word_1_478' title='bbox 2336 3536 2430 3585; x_wconf 90' lang='lat' dir='ltr'><strong><em>aut</em></strong></span> <span class='ocrx_word' id='word_1_479' title='bbox 2462 3529 2730 3600; x_wconf 83' lang='lat' dir='ltr'><strong><em>magnatis</em></strong></span> <span class='ocrx_word' id='word_1_480' title='bbox 2760 3527 3062 3597; x_wconf 80' lang='lat' dir='ltr'><strong><em>cuiuspiam</em></strong></span> <span class='ocrx_word' id='word_1_481' title='bbox 3110 3530 3365 3594; x_wconf 75' lang='lat' dir='ltr'><strong><em>potestate</em></strong></span> <span class='ocrx_word' id='word_1_482' title='bbox 3405 3534 3513 3575; x_wconf 74' lang='lat' dir='ltr'><strong><em>usa:</em></strong></span> <span class='ocrx_word' id='word_1_483' title='bbox 3544 3520 3655 3589; x_wconf 76' lang='lat' dir='ltr'><strong><em>fue-</em></strong></span> 
     </span>
    </p>
   </div>
   <div class='ocr_carea' id='block_1_88' title="bbox 2081 3623 2210 3676">
    <p class='ocr_par' dir='ltr' id='par_1_88' title="bbox 2081 3623 2210 3676">
     <span class='ocr_line' id='line_1_88' title="bbox 2081 3623 2210 3676; baseline 0 0"><span class='ocrx_word' id='word_1_484' title='bbox 2081 3623 2210 3676; x_wconf 85' lang='lat' dir='ltr'><strong><em>rint.</em></strong></span> 
     </span>
    </p>
   </div>
   <div class='ocr_carea' id='block_1_89' title="bbox 2146 3704 3660 3778">
    <p class='ocr_par' dir='ltr' id='par_1_89' title="bbox 2146 3704 3660 3778">
     <span class='ocr_line' id='line_1_89' title="bbox 2146 3704 3660 3778; baseline -0.009 -9"><span class='ocrx_word' id='word_1_485' title='bbox 2146 3715 2234 3769; x_wconf 82' lang='lat'><strong><em>55.</em></strong></span> <span class='ocrx_word' id='word_1_486' title='bbox 2265 3713 2416 3778; x_wconf 88' lang='lat' dir='ltr'><strong><em>Quod</em></strong></span> <span class='ocrx_word' id='word_1_487' title='bbox 2446 3712 2807 3768; x_wconf 71' lang='lat' dir='ltr'><strong><em>coenobiticum</em></strong></span> <span class='ocrx_word' id='word_1_488' title='bbox 2835 3709 3136 3764; x_wconf 88' lang='lat' dir='ltr'><strong><em>institutum</em></strong></span> <span class='ocrx_word' id='word_1_489' title='bbox 3170 3720 3444 3774; x_wconf 84' lang='lat' dir='ltr'><strong><em>nunquam</em></strong></span> <span class='ocrx_word' id='word_1_490' title='bbox 3471 3704 3660 3756; x_wconf 85' lang='lat' dir='ltr'><strong><em>immu-</em></strong></span> 
     </span>
    </p>
   </div>
   <div class='ocr_carea' id='block_1_90' title="bbox 2079 3806 2422 3861">
    <p class='ocr_par' dir='ltr' id='par_1_90' title="bbox 2079 3806 2422 3861">
     <span class='ocr_line' id='line_1_90' title="bbox 2079 3806 2422 3861; baseline -0.003 -3"><span class='ocrx_word' id='word_1_491' title='bbox 2079 3806 2299 3861; x_wconf 88' lang='lat' dir='ltr'><strong><em>tandum</em></strong></span> <span class='ocrx_word' id='word_1_492' title='bbox 2335 3806 2422 3858; x_wconf 87' lang='lat' dir='ltr'><strong><em>sit.</em></strong></span> 
     </span>
    </p>
   </div>
   <div class='ocr_carea' id='block_1_91' title="bbox 2152 3882 3658 3960">
    <p class='ocr_par' dir='ltr' id='par_1_91' title="bbox 2152 3882 3658 3960">
     <span class='ocr_line' id='line_1_91' title="bbox 2152 3882 3658 3960; baseline -0.011 -10"><span class='ocrx_word' id='word_1_493' title='bbox 2152 3897 2242 3951; x_wconf 84' lang='lat'><strong>56.</strong></span> <span class='ocrx_word' id='word_1_494' title='bbox 2278 3894 2428 3960; x_wconf 89' lang='lat' dir='ltr'><strong><em>Quod</em></strong></span> <span class='ocrx_word' id='word_1_495' title='bbox 2476 3893 2618 3947; x_wconf 89' lang='lat' dir='ltr'><strong><em>idem</em></strong></span> <span class='ocrx_word' id='word_1_496' title='bbox 2663 3906 2774 3945; x_wconf 87' lang='lat' dir='ltr'><strong><em>esse</em></strong></span> <span class='ocrx_word' id='word_1_497' title='bbox 2819 3888 3007 3942; x_wconf 88' lang='lat' dir='ltr'><strong><em>debeat</em></strong></span> <span class='ocrx_word' id='word_1_498' title='bbox 3061 3883 3377 3939; x_wconf 88' lang='lat' dir='ltr'><strong><em>monialium</em></strong></span> <span class='ocrx_word' id='word_1_499' title='bbox 3424 3882 3658 3936; x_wconf 89' lang='lat' dir='ltr'><strong><em>omnium</em></strong></span> 
     </span>
    </p>
   </div>
   <div class='ocr_carea' id='block_1_92' title="bbox 2076 3974 3479 4058">
    <p class='ocr_par' dir='ltr' id='par_1_92' title="bbox 2076 3974 3479 4058">
     <span class='ocr_line' id='line_1_92' title="bbox 2076 3974 3479 4058; baseline -0.013 -14"><span class='ocrx_word' id='word_1_500' title='bbox 2076 3988 2241 4054; x_wconf 89' lang='lat' dir='ltr'><strong><em>cibus,</em></strong></span> <span class='ocrx_word' id='word_1_501' title='bbox 2276 3997 2430 4058; x_wconf 84' lang='lat' dir='ltr'><strong><em>potus</em></strong></span> <span class='ocrx_word' id='word_1_502' title='bbox 2462 3994 2512 4039; x_wconf 88' lang='lat' dir='ltr'><strong><em>et</em></strong></span> <span class='ocrx_word' id='word_1_503' title='bbox 2545 3982 2906 4038; x_wconf 86' lang='lat' dir='ltr'><strong><em>indumentum</em></strong></span> <span class='ocrx_word' id='word_1_504' title='bbox 2930 4021 2946 4046; x_wconf 89' lang='lat'><strong>,</strong></span> <span class='ocrx_word' id='word_1_505' title='bbox 2975 3978 3200 4046; x_wconf 69' lang='lat' dir='ltr'><strong><em>exceptis</em></strong></span> <span class='ocrx_word' id='word_1_506' title='bbox 3226 3974 3479 4043; x_wconf 77' lang='lat' dir='ltr'><strong><em>inﬁrmis.</em></strong></span> 
     </span>
    </p>
   </div>
   <div class='ocr_carea' id='block_1_93' title="bbox 2150 4155 3656 4225">
    <p class='ocr_par' dir='ltr' id='par_1_93' title="bbox 2150 4155 3656 4225">
     <span class='ocr_line' id='line_1_93' title="bbox 2150 4155 3656 4225; baseline -0.013 0"><span class='ocrx_word' id='word_1_507' title='bbox 2150 4171 2239 4225; x_wconf 84' lang='lat'><strong><em>57.</em></strong></span> <span class='ocrx_word' id='word_1_508' title='bbox 2280 4169 2357 4224; x_wconf 88' lang='lat' dir='ltr'><strong><em>De</em></strong></span> <span class='ocrx_word' id='word_1_509' title='bbox 2390 4184 2604 4223; x_wconf 87' lang='lat' dir='ltr'><strong><em>accessu</em></strong></span> <span class='ocrx_word' id='word_1_510' title='bbox 2639 4165 2830 4221; x_wconf 87' lang='lat' dir='ltr'><strong><em>medici</em></strong></span> <span class='ocrx_word' id='word_1_511' title='bbox 2861 4163 2930 4219; x_wconf 87' lang='lat' dir='ltr'><strong><em>ad</em></strong></span> <span class='ocrx_word' id='word_1_512' title='bbox 2966 4160 3366 4220; x_wconf 85' lang='lat' dir='ltr'><strong><em>monasterium,</em></strong></span> <span class='ocrx_word' id='word_1_513' title='bbox 3398 4164 3446 4210; x_wconf 89' lang='lat' dir='ltr'><strong><em>et</em></strong></span> <span class='ocrx_word' id='word_1_514' title='bbox 3479 4155 3543 4209; x_wconf 90' lang='lat' dir='ltr'><strong><em>de</em></strong></span> <span class='ocrx_word' id='word_1_515' title='bbox 3569 4155 3656 4208; x_wconf 89' lang='lat' dir='ltr'><strong><em>in-</em></strong></span> 
     </span>
    </p>
   </div>
   <div class='ocr_carea' id='block_1_94' title="bbox 2075 4264 2549 4331">
    <p class='ocr_par' dir='ltr' id='par_1_94' title="bbox 2075 4264 2549 4331">
     <span class='ocr_line' id='line_1_94' title="bbox 2075 4264 2549 4331; baseline -0.004 -14"><span class='ocrx_word' id='word_1_516' title='bbox 2075 4264 2362 4331; x_wconf 82' lang='lat' dir='ltr'><strong><em>ﬁrmarum</em></strong></span> <span class='ocrx_word' id='word_1_517' title='bbox 2392 4278 2549 4316; x_wconf 92' lang='lat' dir='ltr'><strong><em>cura.</em></strong></span> 
     </span>
    </p>
   </div>
   <div class='ocr_carea' id='block_1_95' title="bbox 2152 4351 2579 4408">
    <p class='ocr_par' dir='ltr' id='par_1_95' title="bbox 2152 4351 2579 4408">
     <span class='ocr_line' id='line_1_95' title="bbox 2152 4351 2579 4408; baseline -0.005 0"><span class='ocrx_word' id='word_1_518' title='bbox 2152 4353 2241 4408; x_wconf 90' lang='lat'><strong><em>58.</em></strong></span> <span class='ocrx_word' id='word_1_519' title='bbox 2267 4353 2345 4406; x_wconf 88' lang='lat' dir='ltr'><strong><em>De</em></strong></span> <span class='ocrx_word' id='word_1_520' title='bbox 2368 4351 2579 4407; x_wconf 70' lang='lat' dir='ltr'><strong><em>balneo.</em></strong></span> 
     </span>
    </p>
   </div>
   <div class='ocr_carea' id='block_1_96' title="bbox 2155 4428 3649 4499">
    <p class='ocr_par' dir='ltr' id='par_1_96' title="bbox 2155 4428 3649 4499">
     <span class='ocr_line' id='line_1_96' title="bbox 2155 4428 3649 4499; baseline -0.011 0"><span class='ocrx_word' id='word_1_521' title='bbox 2155 4443 2245 4499; x_wconf 87' lang='lat'><strong><em>59.</em></strong></span> <span class='ocrx_word' id='word_1_522' title='bbox 2290 4443 2364 4498; x_wconf 91' lang='lat' dir='ltr'><strong><em>De</em></strong></span> <span class='ocrx_word' id='word_1_523' title='bbox 2407 4443 2741 4498; x_wconf 84' lang='lat' dir='ltr'><strong><em>solemnitate</em></strong></span> <span class='ocrx_word' id='word_1_524' title='bbox 2786 4442 2845 4496; x_wconf 89' lang='lat' dir='ltr'><strong><em>in</em></strong></span> <span class='ocrx_word' id='word_1_525' title='bbox 2895 4439 3226 4494; x_wconf 83' lang='lat' dir='ltr'><strong><em>Dormitione</em></strong></span> <span class='ocrx_word' id='word_1_526' title='bbox 3274 4440 3475 4489; x_wconf 77' lang='lat' dir='ltr'><strong><em>sancta:</em></strong></span> <span class='ocrx_word' id='word_1_527' title='bbox 3528 4428 3649 4483; x_wconf 88' lang='lat' dir='ltr'><strong><em>Dei-</em></strong></span> 
     </span>
    </p>
   </div>
   <div class='ocr_carea' id='block_1_97' title="bbox 2118 4552 2250 4594">
    <p class='ocr_par' dir='ltr' id='par_1_97' title="bbox 2118 4552 2250 4594">
     <span class='ocr_line' id='line_1_97' title="bbox 2118 4552 2250 4594; baseline 0 0"><span class='ocrx_word' id='word_1_528' title='bbox 2118 4552 2250 4594; x_wconf 66' lang='lat' dir='ltr'><strong><em>arae.</em></strong></span> 
     </span>
    </p>
   </div>
   <div class='ocr_carea' id='block_1_98' title="bbox 2081 4556 3427 4691">
    <p class='ocr_par' dir='ltr' id='par_1_98' title="bbox 2081 4556 3427 4691">
     <span class='ocr_line' id='line_1_98' title="bbox 2118 4556 2250 4594; baseline 0 0"><span class='ocrx_word' id='word_1_529' title='bbox 2118 4556 2250 4594; x_wconf 65' lang='lat' dir='ltr'><strong><em>arae.</em></strong></span> 
     </span>
     <span class='ocr_line' id='line_1_99' title="bbox 2081 4556 3427 4691; baseline -0.01 -5"><span class='ocrx_word' id='word_1_530' title='bbox 2081 4556 2115 4610; x_wconf 70' lang='grc' dir='ltr'><strong>Ρ</strong></span> <span class='ocrx_word' id='word_1_531' title='bbox 2158 4629 2247 4685; x_wconf 87' lang='grc'><strong><em>60.</em></strong></span> <span class='ocrx_word' id='word_1_532' title='bbox 2272 4627 2349 4687; x_wconf 80' lang='lat' dir='ltr'><strong><em>De</em></strong></span> <span class='ocrx_word' id='word_1_533' title='bbox 2376 4626 2707 4682; x_wconf 76' lang='lat' dir='ltr'><strong><em>solemnitate</em></strong></span> <span class='ocrx_word' id='word_1_534' title='bbox 2752 4626 2809 4679; x_wconf 89' lang='lat' dir='ltr'><strong><em>in</em></strong></span> <span class='ocrx_word' id='word_1_535' title='bbox 2834 4622 3130 4678; x_wconf 78' lang='lat' dir='ltr'><strong><em>Nativitate</em></strong></span> <span class='ocrx_word' id='word_1_536' title='bbox 3154 4602 3427 4691; x_wconf 78' lang='lat' dir='ltr'><strong><em>Deiparte.</em></strong></span> 
     </span>
    </p>
   </div>
   <div class='ocr_carea' id='block_1_99' title="bbox 2152 4794 3175 4870">
    <p class='ocr_par' dir='ltr' id='par_1_99' title="bbox 2152 4794 3175 4870">
     <span class='ocr_line' id='line_1_100' title="bbox 2152 4794 3175 4870; baseline -0.013 -13"><span class='ocrx_word' id='word_1_537' title='bbox 2152 4801 2243 4858; x_wconf 69' lang='grc'><em>61.</em></span> <span class='ocrx_word' id='word_1_538' title='bbox 2284 4800 2364 4855; x_wconf 85' lang='lat' dir='ltr'><strong><em>De</em></strong></span> <span class='ocrx_word' id='word_1_539' title='bbox 2388 4801 2517 4870; x_wconf 76' lang='lat' dir='ltr'><strong><em>festo</em></strong></span> <span class='ocrx_word' id='word_1_540' title='bbox 2547 4797 2744 4853; x_wconf 79' lang='lat' dir='ltr'><strong><em>Christi</em></strong></span> <span class='ocrx_word' id='word_1_541' title='bbox 2768 4794 3175 4851; x_wconf 84' lang='lat' dir='ltr'><strong><em>Natalitiorum.</em></strong></span> 
     </span>
    </p>
   </div>
   <div class='ocr_carea' id='block_1_100' title="bbox 2153 4888 2835 4960">
    <p class='ocr_par' dir='ltr' id='par_1_100' title="bbox 2153 4888 2835 4960">
     <span class='ocr_line' id='line_1_101' title="bbox 2153 4888 2835 4960; baseline -0.013 -11"><span class='ocrx_word' id='word_1_542' title='bbox 2153 4894 2244 4949; x_wconf 78' lang='grc'><em>62.</em></span> <span class='ocrx_word' id='word_1_543' title='bbox 2279 4891 2352 4945; x_wconf 85' lang='lat' dir='ltr'><strong><em>De</em></strong></span> <span class='ocrx_word' id='word_1_544' title='bbox 2381 4890 2515 4960; x_wconf 77' lang='lat' dir='ltr'><strong><em>{esto</em></strong></span> <span class='ocrx_word' id='word_1_545' title='bbox 2548 4888 2835 4944; x_wconf 87' lang='lat' dir='ltr'><strong><em>Occursus.</em></strong></span> 
     </span>
    </p>
   </div>
   <div class='ocr_carea' id='block_1_101' title="bbox 2154 4974 3315 5038">
    <p class='ocr_par' dir='ltr' id='par_1_101' title="bbox 2154 4974 3315 5038">
     <span class='ocr_line' id='line_1_102' title="bbox 2154 4974 3315 5038; baseline -0.012 1"><span class='ocrx_word' id='word_1_546' title='bbox 2154 4984 2244 5038; x_wconf 76' lang='lat'><strong><em>65.</em></strong></span> <span class='ocrx_word' id='word_1_547' title='bbox 2270 4982 2346 5036; x_wconf 87' lang='lat' dir='ltr'><strong><em>De</em></strong></span> <span class='ocrx_word' id='word_1_548' title='bbox 2382 4980 2639 5034; x_wconf 86' lang='lat' dir='ltr'><strong><em>luminari</em></strong></span> <span class='ocrx_word' id='word_1_549' title='bbox 2667 4994 2946 5033; x_wconf 84' lang='lat' dir='ltr'><strong><em>sacrarum</em></strong></span> <span class='ocrx_word' id='word_1_550' title='bbox 2973 4974 3315 5028; x_wconf 84' lang='lat' dir='ltr'><strong><em>Passionum.</em></strong></span> 
     </span>
    </p>
   </div>
   <div class='ocr_carea' id='block_1_102' title="bbox 2153 5057 3664 5141">
    <p class='ocr_par' dir='ltr' id='par_1_102' title="bbox 2153 5057 3664 5141">
     <span class='ocr_line' id='line_1_103' title="bbox 2153 5057 3664 5141; baseline -0.013 -12"><span class='ocrx_word' id='word_1_551' title='bbox 2153 5075 2246 5130; x_wconf 85' lang='lat'><strong><em>64.</em></strong></span> <span class='ocrx_word' id='word_1_552' title='bbox 2281 5072 2431 5138; x_wconf 89' lang='lat' dir='ltr'><strong><em>Quod</em></strong></span> <span class='ocrx_word' id='word_1_553' title='bbox 2480 5071 2811 5141; x_wconf 81' lang='lat' dir='ltr'><strong><em>eleemosyna</em></strong></span> <span class='ocrx_word' id='word_1_554' title='bbox 2862 5066 3092 5138; x_wconf 86' lang='lat' dir='ltr'><strong><em>quotidie</em></strong></span> <span class='ocrx_word' id='word_1_555' title='bbox 3169 5062 3291 5133; x_wconf 81' lang='lat' dir='ltr'><strong><em>ﬁeri</em></strong></span> <span class='ocrx_word' id='word_1_556' title='bbox 3354 5058 3540 5115; x_wconf 85' lang='lat' dir='ltr'><strong><em>debeat</em></strong></span> <span class='ocrx_word' id='word_1_557' title='bbox 3593 5057 3664 5111; x_wconf 89' lang='lat' dir='ltr'><strong><em>ad</em></strong></span> 
     </span>
    </p>
   </div>
   <div class='ocr_carea' id='block_1_103' title="bbox 2082 5166 2297 5221">
    <p class='ocr_par' dir='ltr' id='par_1_103' title="bbox 2082 5166 2297 5221">
     <span class='ocr_line' id='line_1_104' title="bbox 2082 5166 2297 5221; baseline -0.009 0"><span class='ocrx_word' id='word_1_558' title='bbox 2082 5166 2297 5221; x_wconf 87' lang='lat' dir='ltr'><strong><em>ostium.</em></strong></span> 
     </span>
    </p>
   </div>
   <div class='ocr_carea' id='block_1_104' title="bbox 2153 5248 3665 5326">
    <p class='ocr_par' dir='ltr' id='par_1_104' title="bbox 2153 5248 3665 5326">
     <span class='ocr_line' id='line_1_105' title="bbox 2153 5248 3665 5326; baseline -0.009 -13"><span class='ocrx_word' id='word_1_559' title='bbox 2153 5258 2242 5313; x_wconf 88' lang='lat'><strong><em>65.</em></strong></span> <span class='ocrx_word' id='word_1_560' title='bbox 2268 5257 2418 5323; x_wconf 82' lang='lat' dir='ltr'><strong><em>Quod</em></strong></span> <span class='ocrx_word' id='word_1_561' title='bbox 2453 5255 2673 5326; x_wconf 79' lang='lat' dir='ltr'><strong><em>singulis</em></strong></span> <span class='ocrx_word' id='word_1_562' title='bbox 2721 5255 2978 5310; x_wconf 85' lang='lat' dir='ltr'><strong><em>mensibus</em></strong></span> <span class='ocrx_word' id='word_1_563' title='bbox 3023 5254 3255 5325; x_wconf 76' lang='lat' dir='ltr'><strong><em>typicum</em></strong></span> <span class='ocrx_word' id='word_1_564' title='bbox 3301 5249 3404 5320; x_wconf 82' lang='lat' dir='ltr'><strong><em>legi</em></strong></span> <span class='ocrx_word' id='word_1_565' title='bbox 3455 5248 3665 5308; x_wconf 85' lang='lat' dir='ltr'><strong><em>debeat,</em></strong></span> 
     </span>
    </p>
   </div>
   <div class='ocr_carea' id='block_1_105' title="bbox 2081 5349 2706 5406">
    <p class='ocr_par' dir='ltr' id='par_1_105' title="bbox 2081 5349 2706 5406">
     <span class='ocr_line' id='line_1_106' title="bbox 2081 5349 2706 5406; baseline -0.002 -2"><span class='ocrx_word' id='word_1_566' title='bbox 2081 5352 2321 5406; x_wconf 86' lang='lat' dir='ltr'><strong><em>omnibus</em></strong></span> <span class='ocrx_word' id='word_1_567' title='bbox 2348 5349 2706 5405; x_wconf 89' lang='lat' dir='ltr'><strong><em>audientibus.</em></strong></span> 
     </span>
    </p>
   </div>
   <div class='ocr_carea' id='block_1_106' title="bbox 2154 5436 3405 5514">
    <p class='ocr_par' dir='ltr' id='par_1_106' title="bbox 2154 5436 3405 5514">
     <span class='ocr_line' id='line_1_107' title="bbox 2154 5436 3405 5514; baseline -0.005 -17"><span class='ocrx_word' id='word_1_568' title='bbox 2154 5441 2245 5498; x_wconf 85' lang='lat'><strong><em>66.</em></strong></span> <span class='ocrx_word' id='word_1_569' title='bbox 2290 5441 2368 5496; x_wconf 86' lang='lat' dir='ltr'><strong><em>De</em></strong></span> <span class='ocrx_word' id='word_1_570' title='bbox 2387 5442 2696 5514; x_wconf 83' lang='lat' dir='ltr'><strong><em>quotidiana</em></strong></span> <span class='ocrx_word' id='word_1_571' title='bbox 2723 5440 2886 5498; x_wconf 85' lang='lat' dir='ltr'><strong><em>divini</em></strong></span> <span class='ocrx_word' id='word_1_572' title='bbox 2913 5438 3096 5512; x_wconf 84' lang='lat' dir='ltr'><strong><em>templi</em></strong></span> <span class='ocrx_word' id='word_1_573' title='bbox 3127 5436 3405 5493; x_wconf 85' lang='lat' dir='ltr'><strong><em>luminari.</em></strong></span> 
     </span>
    </p>
   </div>
   <div class='ocr_carea' id='block_1_107' title="bbox 2150 5608 3662 5685">
    <p class='ocr_par' dir='ltr' id='par_1_107' title="bbox 2150 5608 3662 5685">
     <span class='ocr_line' id='line_1_108' title="bbox 2150 5608 3662 5685; baseline -0.011 -10"><span class='ocrx_word' id='word_1_574' title='bbox 2150 5620 2241 5675; x_wconf 85' lang='lat'><strong>67.</strong></span> <span class='ocrx_word' id='word_1_575' title='bbox 2269 5617 2346 5673; x_wconf 88' lang='lat' dir='ltr'><strong><em>De</em></strong></span> <span class='ocrx_word' id='word_1_576' title='bbox 2368 5618 2660 5674; x_wconf 76' lang='lat' dir='ltr'><strong><em>crateribus</em></strong></span> <span class='ocrx_word' id='word_1_577' title='bbox 2707 5618 2764 5672; x_wconf 92' lang='lat' dir='ltr'><strong><em>in</em></strong></span> <span class='ocrx_word' id='word_1_578' title='bbox 2796 5615 2991 5673; x_wconf 87' lang='lat' dir='ltr'><strong><em>circulo</em></strong></span> <span class='ocrx_word' id='word_1_579' title='bbox 3027 5613 3177 5670; x_wconf 84' lang='lat' dir='ltr'><strong><em>trulli</em></strong></span> <span class='ocrx_word' id='word_1_580' title='bbox 3195 5608 3483 5685; x_wconf 69' lang='lat' dir='ltr'><strong><em>stupensis,</em></strong></span> <span class='ocrx_word' id='word_1_581' title='bbox 3514 5617 3563 5661; x_wconf 88' lang='lat' dir='ltr'><strong><em>et</em></strong></span> <span class='ocrx_word' id='word_1_582' title='bbox 3596 5608 3662 5661; x_wconf 82' lang='lat' dir='ltr'><strong><em>de</em></strong></span> 
     </span>
    </p>
   </div>
   <div class='ocr_carea' id='block_1_108' title="bbox 2085 5712 2319 5782">
    <p class='ocr_par' dir='ltr' id='par_1_108' title="bbox 2085 5712 2319 5782">
     <span class='ocr_line' id='line_1_109' title="bbox 2085 5712 2319 5782; baseline -0.004 -16"><span class='ocrx_word' id='word_1_583' title='bbox 2085 5712 2319 5782; x_wconf 81' lang='lat' dir='ltr'><strong><em>reliquis.</em></strong></span> 
     </span>
    </p>
   </div>
   <div class='ocr_carea' id='block_1_109' title="bbox 2155 5798 2928 5855">
    <p class='ocr_par' dir='ltr' id='par_1_109' title="bbox 2155 5798 2928 5855">
     <span class='ocr_line' id='line_1_110' title="bbox 2155 5798 2928 5855; baseline 0 0"><span class='ocrx_word' id='word_1_584' title='bbox 2155 5800 2244 5855; x_wconf 89' lang='lat'><strong>68.</strong></span> <span class='ocrx_word' id='word_1_585' title='bbox 2284 5798 2359 5853; x_wconf 89' lang='lat' dir='ltr'><strong><em>De</em></strong></span> <span class='ocrx_word' id='word_1_586' title='bbox 2385 5801 2543 5853; x_wconf 84' lang='lat' dir='ltr'><strong><em>cereis</em></strong></span> <span class='ocrx_word' id='word_1_587' title='bbox 2567 5799 2928 5855; x_wconf 84' lang='lat' dir='ltr'><strong><em>accendendis.</em></strong></span> 
     </span>
    </p>
   </div>
   <div class='ocr_carea' id='block_1_110' title="bbox 2159 5889 2546 5962">
    <p class='ocr_par' dir='ltr' id='par_1_110' title="bbox 2159 5889 2546 5962">
     <span class='ocr_line' id='line_1_111' title="bbox 2159 5889 2546 5962; baseline 0 -16"><span class='ocrx_word' id='word_1_588' title='bbox 2159 5891 2247 5948; x_wconf 84' lang='lat'><strong>69.</strong></span> <span class='ocrx_word' id='word_1_589' title='bbox 2281 5889 2355 5947; x_wconf 85' lang='lat' dir='ltr'><strong><em>De</em></strong></span> <span class='ocrx_word' id='word_1_590' title='bbox 2381 5907 2546 5962; x_wconf 87' lang='lat' dir='ltr'><strong><em>aqua.</em></strong></span> 
     </span>
    </p>
   </div>
  </div>
