4064 6434
545 331 656 397 995

1806 316 2088 379 IRENES
2116 315 2494 379 AUGUSTE

3684 326 3795 392 996

550 442 660 499 bus
676 448 736 497 et
760 437 1010 495 moribus
1036 434 1207 507 (absit
1229 432 1435 489 invidia
1465 442 1524 488 et
1545 430 1825 504 iactantia:
1851 428 2122 501 molestia)

2246 431 2335 486 ὂπδ
2363 431 2672 497 καλλίστοις
2701 433 2888 503 νόμοις
2912 435 3399 507 πεπαιδαγώγηται
3420 452 3433 467 ”
3461 434 3555 492 καὶ
3594 440 3653 493 ὲν
3685 440 3802 494 10s-

548 533 691 589 nihil
723 529 979 586 dissoluti
1019 528 1106 582 vel
1131 540 1313 596 prava
1338 524 1760 581 consuetudinis
1791 537 1979 579 secum
2012 531 2123 577 tra-

551 624 815 680 hentibus
850 627 1044 676 curata
1084 626 1192 674 est.
1222 619 1291 674 Et
1316 618 1424 674 hoc
1455 618 1617 688 plane
1653 618 1774 683 Dei,
1816 626 1874 672 et
1903 615 1983 670 tui
2029 614 2126 670 Dei

552 711 743 766 Matris
770 710 997 765 donum.
1039 708 1196 775 Quod
1242 718 1429 764 autem
1467 709 1536 764 ad
1564 708 1923 778 temporalem
1949 706 2127 761 felici-

554 809 719 858 tatem
758 800 974 870 liquido
1007 800 1247 867 attinet,
1281 802 1371 857 cui
1399 802 1645 856 omnium
1678 799 1921 869 cujusvis
1944 813 2128 861 sexus,

554 902 616 946 ut
637 889 769 944 mihi
796 888 1013 943 famulae
1044 897 1172 952 tuae,
1197 889 1264 943 ad
1290 889 1538 945 feliciora
1562 903 1884 958 prosperum
1906 888 2009 942 iter
2035 902 2132 956 per

554 979 738 1034 omnia
766 981 969 1050 parasti
985 979 1008 1032 ?
1023 994 1057 1033 ο
1077 981 1281 1049 Regina
1304 979 1704 1050 spiritualibus,
1726 989 1781 1033 et
1798 994 1925 1033 vere
1954 978 2135 1032 incor-

557 1071 737 1139 ruptis
791 1072 1028 1129 [lmbriis
1085 1072 1521 1132 circumamicla,
1572 1070 1838 1125 varietate
1894 1067 2135 1123 circum-

558 1159 687 1215 data
717 1165 761 1226 ⁵,
793 1174 849 1217 et
876 1171 1030 1218 stans
1050 1180 1080 1218 a
1102 1162 1313 1217 dextris
1341 1160 1747 1231 Omnipotentis
1777 1176 1791 1213 :
1821 1175 1948 1214 cum
1986 1160 2133 1215 enim

564 1254 751 1306 omnia
778 1269 896 1309 mea
921 1254 1178 1310 secundis
1198 1253 1375 1323 quoad
1418 1253 1696 1308 hominem
1718 1252 1882 1307 rebus
1903 1252 2141 1306 circum-

560 1342 801 1409 dederis,
853 1344 939 1399 vel
985 1344 1170 1413 potius
1214 1343 1542 1414 perfuderis,
1579 1351 1637 1397 et
1680 1342 1821 1396 nihil
1876 1342 2130 1396 humana:

563 1434 940 1503 prosperitatis
963 1451 993 1489 a
1032 1435 1271 1490 circuitu
1297 1450 1421 1490 meo
1458 1434 1762 1500 amoveris;
1798 1447 1885 1487 me
1918 1432 2142 1503 insuper

561 1526 628 1578 ad
665 1525 937 1579 felicitatis
977 1527 1232 1580 humanae
1273 1525 1578 1596 fastigium,
1622 1524 1826 1593 quibus
1873 1523 2015 1577 nosti
2052 1538 2142 1577 ra-

564 1616 828 1679 tionibus,
849 1616 914 1670 ad
942 1616 1230 1685 imperium
1256 1616 1470 1671 scilicet
1485 1614 1737 1671 evexisti.
1756 1614 1829 1669 Iis
1850 1614 2143 1669 maximam

565 1714 622 1766 in
648 1727 891 1782 purpura
923 1711 1314 1766 fecunditatem
1331 1709 1612 1774 addidisti,
1638 1724 1762 1764 cum
1791 1724 1878 1764 me
1913 1718 2143 1764 matrem

565 1765 721 1870 pribs
749 1800 945 1855 factam
986 1807 1042 1855 et
1075 1810 1345 1863 vocatam,
1369 1800 1544 1854 aviam
1571 1800 1796 1869 insuper
1822 1808 2145 1863 maternam,
2178 1765 2219 1819 Β

567 1902 625 1947 et
649 1893 825 1945 aviam
860 1898 1145 1961 paternam
1173 1890 1313 1946 eﬂici
1352 1900 1410 1946 et
1439 1889 1747 1959 nuncupari
1773 1889 2041 1944 tribuisti.
2078 1888 2151 1944 lis

567 1983 817 2055 adjecisti
846 1983 1142 2037 maximum
1178 1982 1549 2052 imperatoria
1587 1980 1878 2052 potestatis
1907 1979 1975 2034 ad
2008 1981 2152 2035 lianc

566 2090 743 2145 usque
793 2074 939 2129 diem
990 2073 1429 2138 incrementum;
1469 2071 1732 2142 praeclara
1791 2078 1849 2125 et
1908 2069 2152 2125 victricia

568 2166 889 2236 imperatori
912 2166 965 2221 in
1000 2165 1190 2220 arduis
1217 2165 1438 2220 casibus
1468 2162 1907 2233 periculosisque
1943 2169 2153 2230 tempoo

570 2257 724 2311 ribus
747 2258 949 2313 auxilia
973 2274 989 2313 τ
1011 2256 1259 2326 ejusdem
1285 2269 1503 2323 magna,
1531 2254 1889 2321 Romanoque
1922 2251 2152 2322 imperio

571 2347 833 2402 salutaria
879 2358 1101 2417 trepaea,
1161 2362 1282 2417 quae
1327 2355 1381 2401 te
1426 2343 1731 2414 opitulante
1778 2343 1846 2396 de
1896 2341 2152 2397 Barbaris

574 2437 802 2492 retulit:
830 2436 1281 2493 cbarissimorum
1307 2444 1625 2490 nostrorum
1655 2433 1851 2487 morbo
1896 2432 2155 2488 laboran-

572 2529 711 2583 tium
772 2529 1085 2584 restitutam
1137 2527 1463 2589 sanitatem,
1505 2525 1623 2582 sive
1672 2524 1855 2596 potius
1901 2539 1932 2579 e
1979 2524 2154 2580 fauci-

573 2620 678 2674 bus
697 2620 963 2690 rapientis
998 2621 1176 2676 leonis
1206 2620 1609 2675 liberationem.
1649 2637 1667 2670 ι
1692 2617 1819 2673 Dies
1841 2632 2008 2687 super
2032 2616 2153 2673 dies

571 2711 725 2782 regis
749 2713 978 2782 insuper
1007 2712 1238 2782 adiicias
1254 2713 1298 2777 ',
1338 2731 1357 2765 ι
1383 2718 1441 2767 et
1465 2720 1584 2767 esto
1607 2710 1689 2766 illi
1718 2709 1924 2766 invicta
1953 2709 2153 2764 adver-

571 2812 665 2855 sus
696 2798 963 2855 Barbaros
984 2800 1112 2856 belli
1138 2801 1286 2856 socia
1319 2818 1333 2855 :
1372 2809 1433 2855 ut
1468 2799 1761 2855 hereditas
1800 2809 1891 2854 tua
1923 2808 1978 2854 et
2008 2815 2155 2855 cura:

575 2899 682 2944 tua:
704 2890 913 2946 credita
945 2906 1140 2962 magna
1172 2892 1330 2959 urbs,
1361 2891 1487 2947 fons
1506 2902 1565 2949 et
1589 2892 1742 2949 radix
1768 2892 1988 2966 pietatis
2009 2907 2154 2949 sem-

573 2992 674 3047 per
701 2979 886 3035 virens
928 2989 984 3036 et
1011 2982 1271 3051 perennis
1299 2989 1570 3038 servetur.

646 3275 977 3346 Angelorum
1005 3274 1172 3344 igitur
1199 3273 1405 3345 linguis
1442 3274 1562 3330 hac
1602 3274 1914 3341 dimittens,
1951 3276 2153 3347 quibus

576 3366 799 3435 quidem
824 3366 1143 3435 angelorum
1170 3364 1375 3434 linguis
1406 3364 1461 3419 id
1512 3374 1709 3419 natura
1751 3366 2020 3421 tributum
2047 3376 2154 3435 est,

580 3466 645 3511 ut
666 3455 1099 3525 magnitudinem
1129 3466 1302 3522 tuam,
1328 3470 1544 3511 necnon
1573 3456 2068 3513 incontaminatam
2099 3468 2157 3514 et

580 3547 993 3601 immaculatam
1031 3554 1181 3602 tuam
1213 3546 1530 3617 puritatem,
1558 3547 1708 3617 ipsos
1731 3563 2023 3618 supremos
2061 3565 2158 3605 an-

583 3636 1035 3707 tiquissimosque
1078 3637 1335 3692 Turonos
1363 3646 1418 3692 et
1440 3636 1744 3692 Cherubim
1777 3650 2155 3709 superantem,

584 3728 870 3785 celebrare
920 3730 1159 3792 valeant,
1208 3738 1266 3784 et
1313 3729 1574 3784 laudibus
1612 3743 1845 3795 ornare,
1887 3745 1952 3786 ac
1994 3733 2161 3802 spiri-

583 3820 804 3877 lt'aliter
835 3819 934 3875 tibi
965 3819 1216 3875 conﬁteri
1252 3818 1326 3874 ob
1371 3829 1518 3875 tuam
1556 3835 1687 3891 erga
1722 3835 1826 3876 nos
1863 3822 2155 3878 commise-

583 3913 858 3968 rationem
902 3921 959 3966 et
994 3912 1428 3983 benignitatem;
1459 3913 1640 3967 solum
1672 3927 1774 3983 ego
1807 3912 2157 3968 ferventissi-

583 4020 733 4059 mum
784 4018 1027 4058 amorem
1075 4003 1132 4057 in
1185 4001 1364 4057 vicem
1421 4002 1598 4058 offero
1659 4003 1784 4068 tibi,
1852 4019 1974 4072 quae
2031 4018 2159 4057 cum

584 4090 878 4160 Unigenito
933 4105 999 4144 ac
1043 4090 1417 4160 Primogenito
1470 4099 1566 4145 tuo
1609 4092 2154 4161 providentissimum

585 4182 1124 4249 saluberrimumque
1171 4196 1301 4251 erga
1359 4182 1663 4238 humanum
1701 4199 1877 4255 genus
1913 4199 2158 4240 amorem

588 4272 896 4327 nutrivisti.

661 4364 727 4418 Et
754 4364 888 4418 mibi
921 4365 1145 4435 quidem
1180 4365 1642 4437 iucundissimum
1675 4374 1782 4429 est,
1816 4365 2157 4421 tremendam

2228 539 2312 575 σιν
2344 522 2587 589 (ἀπέστω
2612 523 2831 593 φθόνος,
2861 524 2957 578 καὶ
2991 526 3210 597 κόμπου
3241 528 3432 599 βάρος)
3469 529 3623 584 οὐδὶν
3669 538 3805 586 ιτα.

2226 613 2478 682 γομένοις
2508 614 2958 685 ιπισεσυρμένον,
2990 617 3024 688 ἦ
3062 618 3473 688 δυσανάγωγον.
3508 621 3616 675 Καὶ
3644 620 3808 676 τοῦτο

2230 704 2449 767 πάντως
2479 704 2652 777 δῶρον
2686 705 2844 773 Θεοῦ,
2871 708 2967 761 καὶ
2996 709 3095 779 τῆς
3127 710 3471 782 Θεομήτορός
3496 729 3612 767 σου.
3638 713 3717 766 Τά
3745 730 3806 767 τε

2231 795 2369 866 πρὸς
2413 796 2514 864 τὴν
2571 798 2830 868 χρονικὴν
2894 799 3081 867 σαφῶς
3135 802 3474 874 τελειότητα,
3527 804 3638 858 τίνι
3695 806 3807 859 τῶν

2232 886 2509 950 ἀπάντων,
2539 887 2572 959 ἢ
2603 888 2859 955 ἀπασῶν,
2891 888 3062 954 οὕτως
3095 891 3168 955 ὡς
3199 893 3322 961 ἐμοὶ
3355 896 3421 965 τῇ
3447 896 3512 964 σῇ
3538 894 3808 964 θεραπαί.

2233 994 2323 1048 νῃ.
2348 977 2435 1030 διὰ
2464 977 2681 1032 πάντων
2720 977 3012 1044 εὑιίιδωσας
3039 980 3174 1050 πρὸς
3206 982 3265 1034 τὸ
3299 983 3741 1054 εὐμαρέστερονς
3772 988 3807 1055 ἡ

2234 1069 2346 1130 τοῖς
2393 1071 2603 1139 νοητοῖς
2638 1070 2730 1122 καὶ
2759 1071 3060 1141 ἀκηράτοις
3106 1073 3179 1135 ὡς
3211 1073 3428 1143 ἀληθῶς
3481 1078 3811 1144 κροτσωτοῖς

2236 1159 2703 1230 Μριὸεὸλημένη,
2772 1162 3167 1233 πεποικιλμένη
3228 1163 3542 1234 βασίλισσα,
3598 1165 3689 1219 καὶ
3748 1168 3811 1218 ὲκ

2237 1250 2427 1318 δεξιῶν
2456 1251 2668 1304 ἑστῶσα
2694 1251 2788 1305 τοῦ
2820 1255 3285 1326 παντοκράτορος.
3314 1257 3444 1320 Ταῖς
3470 1257 3577 1326 γὰρ
3598 1256 3663 1326 δὴ
3694 1257 3813 1309 κατ’

2240 1340 2559 1412 ἀνθρώπους
2596 1342 2930 1412 εὐετηρίαις,
2967 1344 3037 1396 τὰ
3067 1345 3186 1398 κατ’
3221 1344 3319 1414 ἐμὲ
3354 1345 3688 1415 πανταχόθεν
3722 1363 3817 1397 πε-

2245 1432 2647 1503 ρικυκλώσασα,
2681 1433 2715 1502 ἢ
2745 1434 3106 1501 ἐπικλύσασα,
3142 1435 3235 1487 καὶ
3261 1435 3411 1488 οὐδὲν
3442 1436 3522 1489 ὅτι
3548 1439 3645 1505 τῆς
3671 1438 3820 1490 κάτω

2243 1523 2590 1595 ἀνθρωπίνης
2620 1524 2837 1593 εὐροίας
2891 1524 2998 1577 τῶν
3034 1528 3161 1595 περὶ
3212 1526 3312 1594 ἐμὲ
3347 1526 3654 1596 περιϐόλων
3682 1529 3816 1595 στή-

2246 1625 2387 1661 σασα
2445 1610 2749 1681 πόρῤωθεν,
2810 1612 2891 1663 ἔτι
2921 1628 2991 1682 με
3025 1616 3118 1665 καὶ
3154 1614 3291 1684 πρὸς
3331 1614 3390 1666 τὸ
3438 1615 3537 1683 τῆς
3571 1616 3694 1667 κατ’
3725 1616 3819 1667 ἀν-

2248 1699 2500 1770 θρώπους
2556 1702 2904 1773 εὐδαιμονίας
2949 1705 3272 1774 ἀκρότατον,
3324 1699 3406 1767 οἷς
3439 1700 3585 1768 οἶδις
3617 1705 3818 1773 λόγοις,

2247 1793 2347 1862 τὴν
2381 1794 2660 1863 βασιλείαν
2703 1795 2999 1866 ἀνήγαγες.
3033 1797 3255 1860 Τούτοις
3284 1796 3345 1850 τὸ
3382 1800 3441 1851 ὲν
3468 1798 3723 1868 πορφύρᾳ
3744 1800 3819 1869 (5)

2248 1885 2501 1950 τέθεικας
2530 1887 2903 1958 γονιμώτατον
2937 1892 3002 1960 τῇ
3052 1892 3292 1960 μητρικῇ
3328 1907 3419 1959 μοι
3469 1892 3671 1959 σχέσει,
3729 1894 3825 1943 καὶ

2250 1972 2459 2043 κλήσει,
2489 1976 2589 2047 τὴν
2615 1979 3008 2050 μητρομήτορα
3060 1982 3432 2050 προσθεμένη,
3479 1982 3572 2034 καὶ
3619 1999 3825 2052 πατρο-

2254 2067 2488 2138 μήτορα.
2523 2066 2746 2133 Τούτοις
2772 2070 2835 2124 τδ
2861 2072 2963 2141 τῆς
2997 2071 3285 2143 βασιλικῆς
3311 2075 3632 2138 δυναστείας
3660 2076 3824 2146 μέχρι

2252 2161 2345 2212 καὶ
2374 2160 2613 2230 τήμερον
2641 2162 2986 2233 παρέζευξας
3015 2165 3559 2237 παρατατικὼτερον,
3577 2168 3674 2231 τὰς
3694 2169 3828 2220 καλ-

2249 2249 2486 2313 λινίκους
2528 2251 2672 2323 ὑπὲρ
2704 2253 2967 2323 βασιλέως
3022 2258 3322 2329 ἐπιμαχίας
3371 2261 3429 2313 ὲν
3460 2259 3675 2326 δεινοῖς,
3730 2264 3828 2315 καὶ

2250 2344 2464 2411 καιροῖς
2490 2344 2860 2410 κινδυνώδεσι,
2894 2349 2961 2401 τὰ
2992 2348 3181 2402 τούτου
3215 2353 3356 2403 κατά
3391 2351 3682 2423 βαρϐάρων
3720 2353 3827 2407 ὑπὸ

2252 2436 2335 2488 σοι
2362 2436 2637 2507 συμμάχῳ
2671 2439 2885 2507 μεγάλα
2917 2457 2977 2494 τε
3020 2443 3115 2496 καὶ
3142 2445 3208 2515 τῇ
3256 2443 3543 2517 Ῥωμαίων
3586 2448 3825 2517 ἐπικρα-

2251 2523 2372 2595 τείᾳ
2425 2530 2668 2598 σωτήρια
2721 2530 2998 2600 τρόπαια,
3056 2533 3156 2597 τάς
3196 2534 3305 2587 τῶν
3367 2537 3641 2605 φιλτάτων
3693 2540 3829 2609 ἡμῖν

2252 2620 2591 2692 ἀναρρὡεις
2620 2624 2678 2677 ἐν
2707 2626 2903 2693 νόσοις,
2931 2627 2964 2698 ἢ
2999 2629 3095 2682 καὶ
3141 2631 3472 2704 ἀναρρύσεις
3500 2634 3565 2687 εκ
3609 2633 3829 2705 φάρυγα

2252 2727 2347 2779 γος
2382 2712 2718 2783 ἁρπάζοντος
2750 2715 2985 2781 λέοντος.
3023 2736 3042 2770 ι
3077 2718 3416 2792 Προσθήσοις
3450 2721 3506 2774 δέ
3532 2739 3596 2791 γε
3627 2723 3720 2776 καὶ
3746 2722 3830 2776 Est

2255 2804 2468 2875 ἡμέρας
2492 2805 2587 2859 τοῦ
2631 2806 2917 2876 βασιλέως,
2957 2828 2976 2860 ι
3022 2811 3119 2864 καὶ
3159 2812 3451 2883 σύμμαχος
3481 2813 3657 2884 τούτῳ
3684 2815 3829 2868 κατά

2257 2894 2547 2967 βαρδάρων
2580 2898 2936 2971 ἀπρόσμαχος
2967 2902 3139 2970 γίνοιο
3160 2919 3174 2935 ο
3210 2903 3295 2957 ίνα
3319 2904 3384 2969 δή
3417 2921 3500 2957 σοι
3524 2904 3617 2960 καὶ
3636 2907 3671 2977 ἡ
3701 2905 3831 2976 x11;-

2261 2989 2504 3058 ρονομία,
2539 2990 2697 3063 καὶή
2732 2993 3071 3062 χειρισθεῖσά
3121 3010 3204 3049 σοι
3243 2995 3626 3065 μεγαλόπολις,
3676 3000 3831 3068 πηγὴ

2178 3089 2223 3147 c
2256 3078 2351 3132 καὶ
2398 3080 2525 3150 ῥίζα
2572 3082 2672 3151 τῆς
2707 3084 2993 3150 εὐσεϐείας
3036 3087 3293 3157 ἀειθαλὴς
3340 3087 3679 3160 διασὼζηται
3728 3094 3826 3146 καὶ

2255 3168 2499 3233 ἀένναος.

2340 3260 2613 3329 Ἀγγέλων
2642 3262 2736 3318 οὖν
2764 3264 2857 3318 επὶ
2880 3265 3092 3331 τούτοις
3121 3269 3324 3337 ἀφεῖσα
3348 3269 3647 3338 γλώσσαις,
3684 3272 3828 3326 αἱτι-

2259 3351 2348 3415 νές
2373 3370 2505 3407 ποτε
2534 3354 2781 3423 ἀγγέλων
2814 3357 3059 3427 γλῶσσαι
3088 3360 3367 3430 πεφύκασι
3397 3361 3498 3433 τὴν
3528 3363 3627 3433 σὴν
3662 3365 3838 3433 εὐφη-

2261 3446 2385 3514 μεῖν
2414 3462 2472 3499 τε
2508 3448 2602 3501 καὶ
2650 3450 2929 3521 γεραίρειν
2966 3454 3387 3525 μεγαλειότητα,
3435 3456 3531 3509 καὶ
3576 3456 3638 3509 τὺ
3688 3457 3834 3528 ὑπὲρ

2258 3537 2385 3599 τοὺς
2416 3539 2700 3605 ἀνωτάτω,
2751 3543 2849 3596 καὶ
2902 3545 3316 3615 πρεσϐυτάτους
3351 3547 3595 3619 θρόνους,
3628 3550 3723 3602 καὶ
3761 3552 3838 3603 τὰ

2259 3630 2527 3702 χερουόὶμ
2579 3633 2934 3703 ἀκηλίδωτον,
2988 3637 3085 3690 καὶ
3141 3639 3460 3707 ἀμόλυντον,
3506 3643 3601 3695 καὶ
3629 3643 3837 3713 νοερῶς

2260 3720 2743 3792 ἀνθομολογεῖσθαί
2801 3743 2907 3790 σοι,
2962 3726 3053 3782 διὰ
3085 3728 3147 3781 τὸ
3201 3730 3331 3801 περὶ
3368 3733 3516 3801 ἡμᾶς
3550 3733 3837 3801 συμπαθές

2259 3830 2320 3866 τε
2371 3816 2468 3869 καὶ
2502 3816 2888 3887 φιλάνθρωπον
2913 3838 2926 3848 ·
2964 3821 3127 3889 μόνον
3155 3821 3266 3889 ἐγὼ
3296 3823 3387 3876 τὸν
3411 3826 3839 3895 ἑπιστρεπτικδν

2259 3903 2602 3975 ἀντεισφέρω
2647 3922 2731 3959 σοι
2790 3908 2935 3976 μάλα
2968 3909 3161 3973 ζέοντα
3215 3912 3415 3982 ἔρωτα,
3470 3914 3562 3967 τὸν
3595 3932 3835 3987 προνοηο

2259 3995 2559 4051 τικὼτατόν
2587 4017 2648 4052 τε
2700 4002 2795 4053 καὶ
2828 4004 3267 4069 σωστικώτατον,
3302 4010 3441 4076 μετά
3468 4008 3563 4062 τοῦ
3593 4010 3839 4076 Μονογε-

2262 4088 2386 4151 νοῦς
2406 4105 2465 4141 τε
2495 4091 2587 4143 καὶ
2613 4093 2967 4163 Πρωτοτόκου
2998 4097 3275 4169 τρεφούοῃ
3305 4115 3367 4151 πε
3379 4100 3431 4168 pi.
3457 4089 3522 4153 τδ
3557 4100 3842 4172 ἀνθρώπι-

2263 4195 2353 4232 νον
2377 4180 2577 4251 ἔρωτα.

2332 4350 2441 4404 Καί
2470 4368 2560 4421 μοι
2615 4332 2675 4407 τὸ
2707 4359 2935 4427 φρικτόν
2962 4377 3024 4414 τε
3061 4364 3155 4416 καὶ
3187 4365 3329 4435 μέγα
3355 4365 3456 4432 τῆς
3499 4367 3601 4437 σῆς
3637 4367 3844 4423 8:010-

586 4462 645 4507 ct
667 4468 916 4523 magnam
939 4425 1119 4508 divini
1158 4425 1236 4508 tui
1263 4462 1450 4523 partus
1483 4425 1807 4529 dignitatem
1841 4453 2148 4522 decantare,

2263 4441 2388 4505 κίας
2419 4444 2656 4517 ἀξίωμα,
2711 4425 3058 4523 περιλάλημα
3086 4425 3518 4528 θυμηρέστατον,
3556 4425 3655 4514 καὶ
3688 4463 3843 4516 two.

588 4546 748 4614 cujus
793 4545 1092 4614 cogitatum
1134 4561 1400 4600 enarrare
1448 4560 1697 4615 nequeo;
1737 4546 1807 4599 ad
1846 4553 2003 4600 tuum
2033 4561 2148 4601 vert

2262 4549 2381 4602 ημα
2429 4537 2783 4609 ἀδιὰληπτον,
2841 4544 2934 4597 ἐπί
2985 4563 3043 4599 τε
3100 4548 3199 4618 τὴν
3257 4551 3357 4621 σὴν
3388 4551 3540 4621 ἱερὰν
3595 4553 3840 4622 λοχείαν,

589 4653 809 4691 sacrum
859 4638 1214 4708 puerperium
1270 4651 1491 4691 omnem
1544 4646 1788 4691 sanctam
1830 4637 2077 4692 laetitiam
2110 4652 2148 4692 ei

2264 4626 2444 4679 πᾶσαν
2494 4629 2687 4702 ἡδονὴν
2722 4634 2895 4706 εὐαγῆ
2945 4639 3037 4691 καὶ
3064 4640 3277 4712 τρυφὴν
3308 4642 3479 4697 καλῶ.
3540 4645 3653 4697 Καὶ
3682 4648 3845 4701 οὐδέν

588 4731 925 4800 voluptatem
956 4730 1183 4786 advoco.
1215 4730 1293 4784 Ac
1325 4727 1619 4783 nihilmihi
1642 4728 1787 4782 inter
1809 4730 1992 4783 omnia
2008 4718 2148 4799 arqui

2265 4731 2356 4806 μοι
2387 4716 2605 4774 πάντων
2639 4721 2781 4777 οὓτω
2808 4727 3168 4797 χαριέστατον
3196 4733 3468 4803 ἄκουσμα,
3498 4735 3530 4806 ἦ
3561 4735 3842 4806 δίηγημα,

581 4818 889 4892 jucundum
926 4822 1119 4877 auditu
1144 4822 1231 4876 vel
1265 4831 1513 4884 narratu,
1558 4829 1724 4889 atque
1756 4830 1850 4876 tua
1887 4820 2148 4876 mirabilia

2262 4805 2336 4869 ὡς
2365 4807 2432 4860 τὰ
2480 4814 2607 4881 περὶ
2634 4813 2691 4866 σὲ
2723 4814 3026 4886 Θαυμάσια,
3052 4823 3148 4874 καὶ
3187 4824 3489 4894 μυστήρια,
3521 4805 3616 4879 καὶ
3645 4827 3707 4879 τὸ
3734 4805 3844 4897 τῆς

585 4921 643 4967 et
683 4914 963 4982 mysteria,
1006 4926 1220 4967 necnon
1268 4910 1529 4981 perennis
1573 4910 1847 4965 bonorum
1896 4910 2148 4975 inﬂuxus,

2262 4897 2350 4964 ἐφ’
2379 4900 2524 4967 ἡμᾶς
2546 4903 2833 4977 ἐπιρροίας
2862 4910 2972 4965 τῶν
3000 4913 3222 4980 ἀγαθῶν
3247 4916 3312 4968 ἑκ
3333 4916 3469 4969 Θεοῦ
3493 4917 3581 4972 διὰ
3606 4918 3701 4971 σοῦ
3737 4921 3845 4989 μέ.

587 5002 682 5068 qui
742 5016 775 5054 a
829 5002 942 5054 Deo
1002 5016 1101 5070 per
1168 5010 1221 5054 te
1278 4999 1663 5054 intermediam
1714 5000 1784 5054 ad
1836 5016 1939 5056 nos
1980 5016 2148 5058 usoue

2265 5001 2362 5057 σης
2392 4990 2638 5053 ἁένναον.

585 5090 857 5147 decurrit.

660 5182 859 5237 Verum
888 5199 988 5251 pro
1010 5184 1129 5238 istis
1155 5183 1293 5236 nihil
1328 5183 1474 5253 apud
1499 5198 1599 5237 nos
1628 5197 1750 5238 esse
1776 5182 1902 5238 novi
1928 5182 2148 5252 dignum

2348 5171 2509 5227 Ἀλλὰ
2531 5174 2641 5247 γὰρ
2670 5177 2760 5230 ἐπὶ
2789 5196 3001 5243 motat;
3033 5182 3183 5249 ἄξιον
3217 5186 3315 5253 μὲν
3348 5186 3499 5239 οὐδὲν
3530 5184 3671 5242 εἶναι
3702 5203 3844 5260 παρ’

589 5285 680 5329 tua
719 5289 937 5329 omnem
987 5291 1296 5331 sermonem
1350 5285 1407 5330 et
1457 5275 1802 5331 intellectum
1857 5280 2148 5344 superante

2263 5268 2394 5337 ἡμῖν
2412 5264 2550 5332 οἷδπο
2584 5270 2682 5340 τῆς
2733 5273 2831 5342 σῆς
2866 5275 3007 5345 ὑπὲρ
3043 5275 3201 5345 λόγον
3226 5279 3319 5331 καὶ
3348 5280 3472 5333 νοῦν
3504 5280 3796 5352 ἁγιότητος
3825 5297 3844 5313 ο

715 5387 859 5444 Psal.
892 5404 1014 5442 λων
1066 5388 1153 5443 10.
1229 5389 1250 5420 ⁸
1274 5387 1417 5443 Psal.
1444 5404 1533 5453 ιχ,
1560 5389 1612 5441 7.

1838 5478 2295 5544 Montl‘auconii
2336 5490 2526 5544 notua.

665 5586 749 5667 (5)
771 5585 1072 5667 Πορφύρᾳ.
1107 5583 1207 5665 Sic.
1227 5581 2160 5667 vocabaturdonzus.Constantino-
2265 5586 2647 5667 geniti._Anna
2668 5586 2862 5643 Comn.
2881 5585 3181 5667 Alexiadis,
3209 5589 3246 5643 l.
3272 5605 3367 5657 vn,
3398 5597 3452 5645 et
3471 5590 3855 5649 alii'Historite

585 5656 716 5723 poli,
740 5660 793 5710 in
828 5664 984 5723 septo
1018 5656 1315 5728 imperialis
1367 5656 1550 5728 palatii
1592 5656 1716 5716 sita,
1747 5656 1802 5706 in
1840 5667 1947 5728 qua
1977 5656 2153 5728 impe-
2263 5656 2573 5727 Byzantina:
2599 5668 2848 5714 auctores
2881 5658 3105 5728 paSSim.

586 5722 815 5781 ratriccs
862 5722 1052 5795 parere
1098 5722 1384 5792 solebant,
1423 5725 1565 5780 unde
1611 5738 1811 5779 nomen
1840 5722 2153 5793 Porpbyro-
