4064 6418
276 363 381 431 997

1717 342 2080 405 TYPICUM.

3413 335 3522 400 998

277 471 529 538 καθάπερ
555 465 675 518 οὐδὲ
705 463 797 519 τοῦ
820 463 880 516 τὸ
921 461 1191 534 ἡμέτερον
1221 459 1287 512 ἐκ
1318 457 1412 512 σοῦ
1441 455 1856 527 πτωχεύσαντος

1987 461 2248 510 anctttate
2275 469 2288 506 :
2322 457 2379 505 ut
2409 464 2584 520 neque
2611 449 2704 504 illo
2728 448 2822 519 qui
2853 454 3093 503 nostram
3119 461 3184 502 ex
3209 457 3262 504 te
3289 460 3525 502 massam

279 563 529 634 φύραμα,
555 553 634 620 οἷς
659 557 810 610 οὐδὲν
837 555 1065 622 ἑαυτῶν,
1099 552 1233 607 ἀλλὰ
1268 550 1337 605 τὰ
1369 550 1548 603 πάντα
1571 546 1734 613 Θεοῦ,
1762 547 1858 600 καὶ

280 656 461 724 ἡμεῖς.
498 649 815 719 Γεννησάσῃ
873 647 983 716 γάρ
1017 663 1100 699 σοι
1161 643 1254 696 τὸν
1283 641 1454 709 Λόγον
1503 638 1642 708 ὑπὲρ
1674 637 1856 705 λόγον,

281 743 373 796 τὸν
408 742 594 804 ᾶῦλον,
632 739 694 792 τό
723 756 782 790 τε
816 737 1060 798 ἀνενδεὲς
1088 733 1340 787 ἐντεῦθεν
1371 728 1741 800 ἀπεκληρώθη
1765 729 1860 780 καὶ

280 834 506 893 τέλειον,
561 829 656 883 καὶ
709 830 777 881 τὰ
830 829 928 897 τῆς
981 826 1132 879 κάτω
1179 822 1412 895 ῥεούσης
1459 821 1589 890 ὕλης
1638 819 1739 871 οὐκ
1773 817 1860 869 ἐν·

282 942 440 992 τιμα.

369 1096 592 1163 Ἐπειδὴ
627 1094 682 1148 δὲ
714 1094 812 1147 καὶ
850 1094 961 1155 τοῖς
989 1092 1068 1144 ἔτι
1123 1090 1251 1161 περὶ⁵
1279 1089 1348 1142 τὰ
1374 1089 1525 1144 κάτω
1556 1084 1863 1160 στρεφομέ-

292 1218 417 1252 ut."
453 1188 545 1238 καὶ
578 1185 712 1247 ζῶσι
758 1184 880 1237 κατ’
913 1183 1220 1250 ἄνθρωπον,
1248 1181 1534 1252 ἀμήχανον
1563 1178 1865 1248 θειοτέραις

283 1281 433 1332 τισὶν
464 1277 764 1345 ἀπαρχαῖς,
820 1275 916 1328 καὶ
956 1275 1096 1343 ὑπὲρ
1130 1273 1234 1342 τὴν
1267 1270 1403 1337 ὕλην
1435 1269 1498 1323 τὸ
1520 1269 1620 1339 τῆς
1646 1269 1776 1338 περὶ
1806 1267 1866 1319 σὲ

287 1372 527 1430 πίστι-υς
581 1355 702 1430 ζέον
759 1364 1170 1419 ἐνδείκνυσθαι·
1219 1363 1302 1415 σοί
1337 1379 1396 1414 τε
1447 1364 1514 1431 τῇ
1555 1359 1649 1412 τοῦ
1691 1359 1865 1427 Λόγου

289 1466 498 1534 Μητρὶ,
518 1463 579 1515 τὸ
607 1461 700 1514 τοῦ
725 1461 897 1529 Λόγου
923 1455 1396 1527 συγκαταϐατικόν
1420 1472 1477 1507 τε
1502 1454 1596 1507 καὶ
1619 1452 1864 1523 μέτριον,

289 1557 378 1608 διὰ
422 1555 588 1624 ζήλου
623 1569 682 1604 τε
730 1553 823 1604 καὶ
865 1552 1172 1621 μιμήσεως,
1231 1549 1295 1600 ἐκ
1325 1547 1432 1599 τῶν
1488 1545 1616 1616 παρ’
1651 1547 1783 1615 ἡμῖν
1807 1559 1867 1595 τε

291 1645 388 1698 καὶ
417 1643 537 1696 καθ’
578 1643 745 1712 ἡμᾶς,
776 1641 950 1710 εὐαγῆ
988 1639 1084 1692 καὶ
1111 1638 1248 1706 α’ύτη
1283 1638 1409 1690 ναὸν
1454 1636 1758 1706 δειμαμένη
1791 1633 1870 1703 τῷ

291 1736 433 1804 ἁγίῳ
465 1740 578 1803 ναῷ
606 1751 711 1794 σοι,
736 1734 831 1786 καὶ
859 1734 916 1785 ἐν
941 1729 1278 1799 δικαιοσύνῃ,
1321 1728 1459 1782 κατὰ
1487 1728 1578 1780 τὸν
1610 1727 1700 1780 σὺν
1730 1743 1868 1797 προ-

294 1828 526 1893 πάτορα,
561 1825 653 1877 καὶ
690 1822 863 1892 μέγαν
895 1821 1077 1887 Δαὸὶδ,
1114 1820 1434 1889 θαυμαστῷ,
1473 1817 1751 1888 ὑμνῳδούς
1785 1833 1867 1869 σοι

296 1914 684 1984 μονοτρόπους,
719 1915 812 1965 καὶ
835 1915 900 1982 τῇ
935 1911 1057 1984 θείᾳ
1085 1909 1558 1982 μακαριότητιτοιῖ
1587 1909 1717 1979 παρ’
1736 1910 1870 1978 ἡμῖν

297 2006 578 2075 σώφρονος
629 2004 820 2075 θήλεος
865 2005 1080 2073 γένους,
1140 2006 1200 2057 ἐν
1248 2004 1423 2074 τούτῳ
1464 2002 1776 2074 κατῴκισαν
1805 2000 1872 2054 τὰ

295 2097 491 2167 ἐτήσιά
534 2113 594 2148 τε
641 2097 736 2148 καὶ
779 2095 1056 2164 ἡμερήσια
1096 2095 1239 2149 κατὰ
1294 2095 1450 2163 λόγον
1482 2095 1756 2160 ἀναγκαῖα
1795 2090 1874 2161 τῷ

295 2185 594 2257 ἀπορρύτῳ
622 2183 717 2238 τοῦ
745 2183 1017 2254 σώματος,
1045 2184 1153 2240 ἀπὸ
1186 2183 1294 2238 τῶν
1323 2183 1430 2236 σῶν
1465 2182 1718 2253 μεγάλων
1750 2182 1876 2251 ἐμοὶ

297 2278 517 2346 δωρεῶν
557 2277 765 2348 ἑκάστῃ
797 2274 1002 2328 τούτων
1041 2276 1458 2345 ἐπιμετρήσασα
1489 2275 1632 2328 κατὰ
1659 2275 1716 2325 τὸ
1743 2272 1874 2325 ἀνά-

296 2366 476 2434 λογον.
508 2365 720 2419 Μᾶλλον
743 2366 798 2419 δὲ
838 2365 934 2419 καὶ
960 2365 1309 2435 κοινοόιακὴν
1342 2365 1431 2419 διά
1461 2366 1678 2418 πάντων
1707 2381 1874 2416 καταο

301 2457 546 2524 στήσασα
577 2455 805 2518 ταύταις
827 2457 926 2526 τὴν
959 2455 1214 2522 ἄσκησιν,
1247 2455 1340 2508 καὶ
1377 2453 1715 2525 πανταχόθεν
1747 2454 1877 2524 περὶ

297 2546 398 2615 τὴν
428 2545 581 2615 ἱερὰν
619 2544 892 2598 πολιτείαν
942 2545 1021 2617 τῷ
1055 2546 1186 2617 θείῳ
1231 2545 1405 2616 τούτῳ
1442 2548 1782 2616 συντάγματι
1816 2547 1878 2600 τὸ

300 2636 710 2708 ἀπερίσπαστον
737 2638 1214 2708 περιποιησαμὲνη
1241 2640 1336 2691 καὶ
1371 2640 1814 2708 συγκροτήσασα.

373 2814 443 2866 Λί
468 2815 530 2884 δή
567 2831 657 2884 μοι
679 2815 772 2866 καὶ
795 2815 917 2866 κατ’
953 2812 1143 2866 ἐλπίδα
1167 2830 1224 2866 τε
1253 2814 1348 2866 καὶ
1379 2814 1565 2884 εὐχὴν,
1598 2813 1690 2867 τὸν
1715 2814 1884 2884 ἀσκη-

302 2905 456 2958 τικὸν
481 2904 754 2957 διαθέουσι
787 2904 1026 2968 δίαυλον,
1057 2902 1116 2967 ἐξ
1146 2899 1208 2956 οὗ
1237 2903 1301 2973 δὴ
1327 2903 1426 2973 τὴν
1455 2903 1628 2972 καλὴν
1660 2903 1880 2973 ἐκείνην

303 2993 597 3062 ὁμολογίαν
631 2995 760 3063 περὶ
806 2993 903 3063 τὴν
934 2993 1086 3064 ἱερὰν
1124 2994 1330 3063 ταύτην
1357 2995 1624 3065 μάνδραν,
1658 2995 1794 3047 Θεοῦ
1822 3011 1881 3047 τε

1958 543 2358 609 cmendicavit;
2393 540 2539 612 apud
2560 555 2680 602 nos,
2716 540 2960 609 inquam,
2985 539 3079 608 qui
3103 538 3240 592 nihil
3273 546 3527 592 nostrum

1961 636 2252 699 habemus,
2281 631 2376 688 sed
2406 630 2592 685 omnia
2633 629 2751 691 Dei,
2789 638 2845 682 et
2893 643 2994 681 nos
3041 627 3164 696 ipsi.
3215 627 3338 681 Tibi
3379 627 3530 682 enim

1960 738 2080 792 qua:
2100 735 2268 790 supra
2307 733 2527 794 omnem
2563 716 2832 769 rationem
2871 715 3111 769 Verbum
3145 715 3388 769 materia:
3431 730 3530 769 ex-

1961 827 2085 883 pers
2110 809 2372 880 genuisti,
2413 807 2544 860 hinc
2577 805 2846 858 tributum
2871 813 2954 858 est
2990 812 3049 857 ut
3077 804 3227 857 nullo
3261 819 3446 873 egeas,
3480 812 3535 856 et

1963 901 2204 973 perfecta
2253 900 2347 962 sis,
2394 906 2450 952 et
2505 905 2566 950 ut
2609 910 2951 965 quaecunque
2986 894 3261 950 defluente
3305 896 3535 950 materia

1964 1001 2240 1057 constant,
2275 989 2480 1043 nullius
2516 987 2663 1056 apud
2699 994 2748 1040 te
2784 987 2896 1040 sint
2924 987 3109 1055 pretii.

2033 1082 2103 1136 At
2137 1077 2582 1149 quandoquidem
2613 1075 2955 1145 impossibile
2991 1084 3097 1138 est,
3135 1083 3196 1129 ut
3226 1076 3320 1146 qui
3357 1075 3538 1131 adhuc

1967 1172 2112 1227 inter
2133 1173 2248 1225 haec
2277 1170 2464 1224 infima
2488 1176 2803 1231 versantur,
2834 1177 2892 1222 et
2918 1167 3012 1236 qui
3039 1167 3340 1222 secundum
3366 1167 3541 1220 homi-

1967 1275 2093 1315 nem
2150 1259 2319 1313 vitam
2375 1259 2604 1329 degunt,
2665 1255 3036 1310 divinioribus
3106 1255 3434 1324 quibusdam
3485 1264 3541 1308 et

1967 1353 2200 1409 materia
2246 1353 2664 1409 sublimioribus
2703 1352 2983 1420 primitiis,
3048 1351 3315 1405 ferventis
3377 1351 3432 1403 in
3489 1360 3540 1404 te

1970 1444 2096 1499 fidei
2125 1443 2259 1498 dent
2290 1442 2601 1513 specimen;
2637 1441 2736 1495 tibi
2772 1441 2932 1495 Verbi
2978 1439 3133 1493 Matri
3174 1438 3358 1505 (Verbi
3391 1437 3543 1491 scili-

1968 1543 2058 1590 cct
2101 1535 2556 1604 attemperatione
2600 1541 2656 1587 et
2696 1531 3027 1600 humilitate)
3084 1545 3183 1599 per
3248 1529 3427 1582 zelum
3484 1535 3541 1580 et

1971 1627 2359 1702 imitationem,
2387 1641 2454 1680 ex
2475 1625 2544 1680 iis
2566 1639 2687 1694 quae
2722 1623 2865 1693 apud
2899 1638 3000 1676 nos
3021 1630 3073 1676 et
3105 1620 3409 1676 secundum
3441 1632 3544 1672 nos

1972 1726 2123 1780 sunt,
2161 1717 2278 1786 ipsa
2309 1729 2529 1771 sacrum
2561 1712 2826 1783 templum
2860 1711 3148 1775 aedificavi,
3186 1710 3308 1773 tibi,
3354 1727 3372 1760 ι
3407 1722 3539 1760 san-

1970 1818 2060 1864 cto
2095 1808 2320 1878 templo,
2357 1826 2376 1860 ι
2412 1815 2468 1862 et
2495 1805 2648 1876 iuxta
2693 1803 3105 1875 progenitorem
3151 1810 3303 1856 tuum
3328 1807 3384 1854 et
3427 1814 3544 1851 ma-

1971 1914 2136 1970 gnum
2187 1897 2357 1953 David
2420 1916 2438 1950 ι
2495 1897 2551 1952 in
2595 1895 2853 1966 aequitate
2889 1892 3125 1948 mirabili
3176 1892 3244 1944 ἰ
3283 1909 3302 1943 ι
3347 1889 3403 1943 in
3434 1903 3546 1958 quo

1971 1991 2304 2046 cantatrices
2334 1989 2436 2044 tibi
2465 1999 2520 2043 et
2553 1988 2754 2043 divinae
2787 1984 3120 2041 beatitudini
3161 2001 3179 2033 ι
3224 1982 3390 2036 unius
3429 1993 3548 2032 mo-

1973 2083 2054 2136 ris
2087 2101 2105 2134 ι
2135 2097 2166 2136 e
2191 2080 2394 2151 pudico
2430 2079 2573 2150 apud
2600 2094 2700 2134 nos
2739 2078 2977 2132 femineo
3015 2091 3149 2131 sexu
3189 2094 3207 2126 ι
3235 2071 3546 2128 inhabitare

1973 2175 2079 2230 feci
2112 2174 2152 2228 ".
2193 2193 2212 2224 ι
2251 2173 2317 2226 Et
2353 2171 2666 2227 necessaria
2700 2185 2886 2224 annuo
2911 2179 2967 2224 et
2991 2167 3312 2238 quotidiano
3351 2163 3546 2218 caduci

1975 2267 2226 2336 corporis
2249 2265 2396 2328 usui,
2419 2280 2486 2319 ex
2508 2263 2722 2334 magnis
2751 2279 2781 2316 a
2810 2271 2864 2317 te
2897 2261 3030 2314 mihi
3063 2257 3341 2314 concessis
3363 2254 3547 2320 donis,

1977 2365 2190 2412 servata
2211 2355 2591 2424 proportione,
2618 2353 2848 2423 singulis
2864 2358 3230 2421 congruenter
3253 2345 3546 2416 assignavi.

1977 2447 2120 2514 Quin
2145 2461 2202 2503 et
2223 2445 2611 2502 ccenobiticam
2639 2445 2865 2498 omnino
2890 2443 3022 2512 ipsis
3039 2438 3236 2494 tradidi
3264 2438 3551 2507 Regulam,

1979 2539 2035 2594 id
2067 2539 2302 2593 maxime
2323 2547 2381 2593 et
2403 2554 2471 2593 ex
2503 2537 2654 2610 omni
2686 2543 2843 2606 parte
2871 2549 3094 2598 curans,
3123 2532 3338 2600 hocque
3363 2527 3552 2584 divino

1980 2631 2241 2686 lnstituto
2268 2630 2378 2685 illis
2409 2629 2735 2694 concilians,
2767 2636 2829 2682 ut
2859 2629 2911 2680 in
2947 2640 3102 2682 sacra
3135 2625 3226 2678 illa
3256 2634 3556 2678 conversa-

1979 2725 2130 2778 tione
2161 2723 2356 2778 alienis
2390 2722 2539 2777 curis
2566 2720 2954 2790 expediantur.

2051 2815 2163 2870 illa:
2192 2829 2324 2868 vero
2346 2814 2503 2883 juxta
2541 2826 2694 2881 spem
2725 2820 2782 2864 et
2813 2818 3004 2863 votum
3036 2822 3220 2862 meum
3254 2807 3555 2861 asceticum

1982 2906 2288 2960 decurrunt
2317 2904 2580 2968 stadium,
2608 2917 2676 2955 ex
2704 2916 2814 2970 quo
2841 2900 3128 2969 pulchram
3165 2899 3311 2952 illam
3340 2897 3557 2968 profes-

1983 2995 2195 3049 sionem
2241 2993 2385 3062 apud
2417 3008 2640 3046 sacrum
2673 2992 2778 3045 hoc
2823 2991 2990 3054 ovile,
3021 2991 3074 3042 in
3124 2996 3422 3057 conspectu
3462 2986 3558 3041 Dei

308 3085 404 3138 καὶ
447 3085 556 3136 τῶν
604 3084 876 3137 ἐκλεκτῶν
912 3084 1162 3153 ἀγγέλων
1215 3083 1448 3138 ἐνώπιον
1495 3084 1876 3155 ὡμολόγησαν.

1984 3097 2041 3141 et
2073 3086 2376 3140 electorum
2405 3084 2724 3152 angelorum
2749 3083 3005 3136 emisere.
3035 3081 3226 3149 Neque
3265 3095 3386 3133 mea
3413 3080 3470 3133 in
3503 3089 3556 3134 te

310 3177 419 3228 Καὶ
442 3176 561 3229 οὐδὲ
584 3176 820 3230 ἐνταῦθά
854 3193 942 3246 μοι
998 3177 1055 3229 αἱ
1101 3175 1194 3229 ἐπὶ
1238 3176 1345 3241 σοι,
1392 3175 1636 3244 Παρθένε
1697 3177 1886 3247 Μῆτερ

302 3267 468 3334 Θεοῦ,
497 3268 709 3332 ἐλπίδες
737 3269 1164 3339 διημαρτήκασι,
1219 3269 1312 3321 καὶ
1342 3268 1410 3321 τὰ
1435 3270 1526 3321 ἐπὶ
1555 3268 1767 3332 τούτοις
1795 3271 1887 3322 εὐ-

310 3359 641 3428 χαριστήρια
663 3358 814 3428 χοροί
841 3375 925 3410 σοι
955 3358 1171 3421 πάντως
1188 3359 1434 3426 ἀγγέλων
1451 3359 1778 3422 ἀνοίσουσιν,
1797 3359 1888 3422 οὓς

312 3453 407 3501 ἐπὶ
434 3449 675 3519 σωτηρίᾳ
706 3449 920 3520 χαίρειν
948 3449 1260 3519 ἀνθρώπου,
1291 3452 1386 3501 καὶ
1415 3451 1627 3519 μεγάλα
1663 3453 1890 3522 σκιρτᾷν

312 3539 622 3611 διαγορεύει
647 3541 716 3593 τὰ
744 3541 1074 3608 Εὑαγγέλια.

399 3631 537 3682 Ἀλλ’
567 3630 678 3698 ἐγὼ
708 3631 806 3701 μὲν
846 3631 988 3684 οὕτω
1021 3632 1083 3702 δή
1138 3650 1220 3686 σοι
1265 3636 1332 3705 τῇ
1373 3633 1609 3703 τεκούσῃ
1651 3633 1744 3684 τὸν
1770 3649 1891 3683 ποι·

319 3723 460 3791 μένα
488 3722 597 3774 τῶν
627 3723 915 3794 προϐάτων
943 3724 1033 3778 τὸν
1089 3725 1282 3793 μέγαν,
1320 3727 1377 3778 ἐν
1410 3724 1546 3777 Θεοῦ
1599 3723 1766 3776 πόθου
1796 3739 1892 3774 πε-

322 3813 535 3884 ριουσίᾳ
561 3816 662 3884 τὴν
716 3812 866 3884 ἱεράν
895 3816 1196 3886 ἐδειμάμην
1237 3817 1503 3887 μάνδραν,
1557 3815 1650 3868 καὶ
1688 3814 1892 3883 ἀγέλην

316 3904 462 3970 λόγῳ
488 3905 880 3974 τετιμημένην,
924 3907 990 3975 τῇ
1015 3904 1109 3958 τοῦ
1145 3906 1384 3976 πρώτου,
1411 3906 1443 3972 ἢ
1481 3906 1577 3959 καὶ
1620 3906 1738 3969 ἐνὸς
1768 3922 1890 3958 ποι-

324 3994 508 4062 μένος,
543 3992 688 4047 κατὰ
715 3994 809 4046 τὸν
847 3994 1010 4063 σοφὸν
1040 3995 1364 4065 Σολομῶντα
1401 3997 1568 4067 μητρί
1607 4013 1690 4048 σοι
1721 4013 1892 4067 προσ-

319 4086 546 4154 ήγαγον.
600 4085 672 4138 Σὺ
720 4086 777 4138 δέ
813 4101 904 4154 μοι
957 4087 1042 4156 (ὣ,
1091 4087 1144 4139 τί
1184 4087 1250 4140 ἄν
1280 4087 1340 4139 σέ
1387 4105 1471 4150 τις
1500 4087 1669 4140 εἰπὼν
1716 4086 1893 4158 ὀρθῶς

321 4178 643 4245 προσείποι;
673 4178 774 4249 τὴν
803 4179 1248 4250 κεχαριτωμένην
1281 4179 1430 4248 παρᾶ
1457 4179 1596 4249 Θεῷ,
1629 4179 1728 4248 τὴν
1751 4179 1894 4248 ὑπὲρ

321 4272 392 4323 τὰ
419 4271 692 4339 ὁρώμενα,
719 4272 820 4342 τὴν
854 4271 996 4340 ὑπὲρ
1026 4270 1091 4323 τὰ
1123 4270 1408 4340 νοούμενα,
1439 4270 1538 4340 τὴν
1559 4272 1684 4334 τοὺς
1734 4271 1894 4340 ὄρους

325 4363 640 4432 ὑπερϐᾶσαν
699 4361 799 4432 τῆς
829 4361 1065 4430 φύσεως,
1120 4363 1221 4432 τὴν
1270 4360 1407 4414 Θεοῦ
1455 4362 1549 4414 καὶ
1591 4360 1892 4432 ἀνθρώπων

1989 3193 2106 3248 spe,
2138 3193 2170 3231 ο
2194 3177 2356 3246 Virgo
2380 3175 2548 3229 Mater
2578 3174 2694 3237 Dei,
2722 3174 2825 3228 hac
2862 3174 2915 3226 in
2944 3183 3099 3243 parte
3121 3173 3271 3240 lapsa
3299 3186 3450 3235 sum;
3492 3185 3558 3225 ae

1991 3286 2089 3340 pro
2125 3269 2192 3322 iis
2224 3269 2428 3336 gratias
2462 3266 2561 3321 tibi
2591 3281 2725 3320 sane
2755 3265 2997 3320 referent
3031 3265 3348 3334 angelorum
3379 3263 3557 3328 chori,

1990 3375 2131 3430 quos
2187 3362 2254 3414 de
2311 3359 2488 3412 salute
2545 3357 2789 3411 hominis
2842 3357 3082 3428 gaudere
3134 3365 3190 3411 et
3228 3368 3564 3426 magnopere

1991 3453 2266 3508 exsultare
2296 3451 2489 3506 dicunt
2523 3448 2842 3520 Evangelia.

2062 3633 2154 3687 Sic
2195 3631 2418 3701 quidem
2463 3631 2588 3694 tibi,
2623 3646 2744 3701 quae
2779 3645 3036 3699 magnum
3067 3630 3250 3683 ovium
3285 3629 3565 3683 Pastorem

1994 3723 2275 3792 peperisti,
2339 3722 2394 3774 in
2459 3719 2634 3773 divini
2701 3721 2905 3772 amoris
2970 3717 3307 3772 abundantia
3353 3732 3566 3772 sacram

1994 3814 2138 3866 illam
2171 3809 2411 3866 exstruxi
2444 3810 2686 3873 caulam;
2718 3819 2774 3862 et
2807 3823 3024 3877 gregem
3060 3809 3270 3861 ratione
3314 3807 3556 3860 honora-

1995 3914 2132 3969 tum,
2160 3903 2258 3956 tibi
2284 3901 2467 3971 primi,
2492 3901 2604 3954 imo
2623 3899 2770 3953 unici
2795 3899 3228 3967 Pastoris,juxta
3261 3897 3566 3965 sapientem

1994 3995 2362 4058 Salomonem,
2417 3992 2572 4047 Matri
2604 3991 2796 4046 obtuli.
2849 3991 2931 4044 Tu
2965 4006 3116 4053 vero,
3147 3989 3200 4059 (0
3230 3989 3360 4057 quid
3397 3998 3447 4041 te
3479 3987 3567 4040 di-

1994 4086 2170 4143 cendo
2221 4085 2349 4153 quis
2393 4091 2544 4138 recte
2597 4081 3052 4152 compellaverit?
3119 4080 3292 4150 gratia
3345 4080 3567 4148 plenam

1996 4177 2138 4248 apud
2169 4177 2362 4238 Deum,
2385 4190 2507 4244 qua:
2532 4189 2593 4229 es
2615 4189 2780 4243 super
2811 4172 2995 4227 omnia
3027 4172 3286 4237 visibilia,
3321 4181 3374 4225 et
3404 4186 3571 4238 super

1995 4269 2177 4323 omnia
2202 4283 2322 4337 qua:
2358 4267 2641 4320 intellectu
2669 4265 3183 4334 apprehenduntur,
3216 4278 3336 4331 qua!
3358 4273 3570 4316 natura:

1999 4363 2262 4416 terminos
2291 4359 2596 4430 superasti;
2636 4359 2730 4413 Dei
2751 4369 2807 4413 et
2832 4358 3118 4412 hominum
3146 4358 3410 4412 mediaml
3435 4357 3570 4426 quid

327 4453 605 4521 μεσίτιδα’
653 4452 706 4504 τί
749 4453 818 4506 τὰ
873 4452 1044 4506 πολλὰ
1080 4453 1344 4523 μηκύνω;
1387 4454 1486 4524 τὴν
1527 4453 1740 4524 ἀληθῶς
1789 4453 1883 4506 ὑπί

2000 4453 2187 4507 multis
2218 4451 2438 4505 moror?
2468 4451 2617 4505 salva
2651 4465 2844 4504 revera
2879 4449 3192 4518 virginitate
3235 4456 3290 4502 et
3321 4449 3574 4503 castitate

325 4543 594 4614 παρθενίᾳ
649 4543 744 4596 καὶ
770 4543 1028 4610 ἁγνότητι
1059 4543 1424 4616 Θεομήτορα),
1479 4546 1543 4598 σὺ
1571 4544 1629 4597 δέ
1662 4561 1757 4614 μοι
1795 4545 1897 4616 τὴν

325 4634 613 4704 ἐγκάρδιον
640 4635 824 4692 πίστιν
847 4635 1105 4698 ἐπιεικῶς
1127 4635 1580 4700 διαὸασανίσασα,
1609 4635 1760 4702 δέξαι
1796 4637 1897 4706 τὴν

327 4725 580 4796 ἀπαρχὴν
607 4725 873 4796 εὐμενῶς,
912 4727 1007 4779 καὶ
1031 4726 1106 4797 μὴ
1129 4727 1326 4800 άπῶσῃ
1369 4746 1457 4800 μοι
1486 4730 1584 4800 τὴν
1609 4747 1898 4800 προσαγω-

327 4817 454 4886 γὴν,
491 4815 626 4885 μηδέ
650 4815 1000 4888 ἀποστρέψεις
1030 4816 1137 4868 ἀπὸ
1166 4817 1267 4887 τῆς
1299 4819 1488 4882 παιδός
1516 4836 1609 4872 σου
1643 4821 1704 4873 τὸ
1726 4821 1899 4890 πρόσ·

330 4910 477 4961 ωπόν
508 4925 600 4961 σου
637 4925 650 4938 ’
683 4908 820 4962 ἀλλὰ
844 4909 920 4979 τῷ
944 4907 1102 4978 δεξιῷ
1127 4909 1227 4977 τῆς
1258 4911 1432 4981 ἀρχῆς
1455 4911 1690 4980 πρόσθες
1725 4913 1902 4967 καὶτὸ

330 5001 423 5055 τοῦ
463 5003 700 5070 πέρατος
732 5003 928 5066 αἶσιον,
960 5001 1057 5064 τὰς
1087 5003 1198 5064 τοῖς
1226 5002 1320 5054 τοῦ
1364 5003 1634 5070 παναγίου
1665 5020 1900 5074 περιηρ-

330 5095 656 5162 γυρωμένας
689 5092 992 5163 χαρίσμασι
1050 5091 1386 5162 Πνεύματος,
1441 5095 1533 5146 καὶ
1571 5092 1708 5164 αὕτη
1757 5096 1901 5148 κατὰ

329 5187 424 5237 τὸν
461 5186 699 5238 Μωῦσέα
737 5185 932 5244 διείσα,
993 5183 1394 5253 παναμώμητε,
1447 5186 1748 5256 πτέρυγας,
1805 5184 1902 5236 καὶ

330 5277 432 5346 τὴν
451 5276 620 5346 καλὴν
633 5276 834 5345 ταύτην
861 5276 1104 5347 μάνδραν
1123 5276 1267 5328 οὕτω
1283 5276 1792 5348 περιθριγκώσασα,
1810 5275 1906 5330 καὶ

334 5368 415 5434 τῷ
443 5368 727 5437 περιιόντι,
766 5368 860 5420 καὶ
890 5368 1014 5420 τίνα
1062 5367 1321 5420 καταπίοι
1367 5367 1639 5434 ζητοῦντι,
1669 5370 1908 5432 καὶτοὺς

338 5460 516 5529 ἱεροὺς
539 5458 856 5524 περιϐόλους
883 5457 986 5512 ὑπὸ
1010 5457 1154 5527 λιμῷ
1176 5475 1234 5510 τε
1258 5458 1352 5511 καὶ
1375 5457 1513 5528 δόλῳ
1535 5477 1599 5511 πε
1608 5458 1909 5530 ριοδεύοντι

338 5552 534 5615 λέοντι,
595 5551 695 5621 τὴν
717 5550 1068 5604 ἁνατεθεῖσαν
1090 5550 1294 5620 ταύτην
1325 5550 1528 5621 ἀγέλην
1557 5553 1622 5621 τῇ
1649 5555 1738 5621 σῇ,
1766 5551 1914 5619 Παρ-

410 5735 428 5762 ⁶
458 5735 596 5790 Psal.
633 5750 772 5788 ωιιγ.
806 5735 858 5788 6.

2002 4543 2097 4598 Dei
2129 4543 2417 4612 Matrem!)
2449 4549 2529 4605 tu,
2581 4539 2825 4607 inquam,
2881 4541 3098 4592 interna
3145 4539 3252 4592 fide
3281 4554 3400 4592 mea
3439 4539 3574 4592 satis

1999 4637 2304 4706 explorata,
2343 4635 2442 4689 has
2472 4632 2749 4703 primitias
2775 4629 3040 4685 benevolo
3075 4631 3260 4682 animo
3282 4627 3572 4696 suscipias,

2000 4737 2055 4783 et
2079 4743 2282 4782 munus
2320 4725 2467 4781 istud
2498 4740 2528 4779 a
2566 4739 2654 4778 me
2683 4723 2928 4777 oblatum
2959 4734 3028 4775 ne
3064 4719 3362 4789 respueris,
3392 4735 3575 4787 neque

2000 4827 2216 4873 avertas
2243 4817 2436 4871 faciem
2475 4823 2623 4868 tuam
2668 4828 2698 4865 a
2729 4812 2836 4865 lilia
2875 4819 2965 4865 tua
3001 4826 3014 4863 :
3048 4809 3142 4863 sed
3184 4808 3363 4862 fausto
3411 4809 3576 4862 initio

2009 4924 2332 4980 prosperum
2369 4907 2532 4960 finem
2585 4905 2888 4974 adjungas,
2944 4901 3373 4972 expandensque
3417 4905 3576 4972 juxta

2007 5002 2226 5072 Moysen
2243 5000 2264 5031 ⁸
2289 5010 2409 5053 tuas
2426 4997 2754 5052 sanctissimi
2779 4995 2997 5065 Spritus
3019 4993 3180 5048 donis
3197 4994 3428 5062 deargen
3439 5002 3580 5048 tatas

2007 5093 2143 5155 alas,
2171 5106 2203 5143 ο
2225 5087 2599 5149 immaculata,
2629 5086 2702 5138 ita
2743 5085 3024 5155 pulchram
3061 5084 3331 5155 ejusmodi
3362 5085 3577 5137 caulam

2007 5180 2454 5244 circummunias,
2478 5192 2805 5248 gregemque
2835 5179 2998 5232 istum
3030 5187 3135 5230 tua:
3157 5175 3578 5246 magnificentia:

2004 5282 2410 5336 consecratum,
2442 5289 2475 5327 o
2518 5271 2683 5340 Virgo
2720 5278 2774 5324 et
2808 5270 3000 5336 Mater,
3029 5284 3306 5338 nunquam
3335 5283 3577 5322 circum-

2007 5364 2186 5419 veniri
2246 5366 2396 5420 sinas
2445 5378 2542 5432 per
2599 5361 2827 5416 insidias
2872 5360 3266 5416 circumeuntis
3312 5367 3367 5412 et
3415 5372 3578 5426 quem

2011 5458 2240 5511 devoret
2261 5454 2558 5524 quaerentis
2582 5453 2777 5516 leonis,
2808 5454 3051 5521 quicum
3077 5450 3218 5504 fame
3251 5461 3306 5503 et
3328 5449 3454 5501 dolo
3486 5463 3578 5500 sa-

2014 5564 2168 5604 crum
2203 5558 2418 5616 septum
2452 5545 2648 5600 circuit
2679 5563 2689 5598 :
2728 5544 3139 5613 femineumque
3170 5552 3418 5597 sororum
3459 5538 3578 5588 ani-

955 5735 972 5764 '
1003 5735 1140 5789 Psal.
1172 5750 1332 5801 van,
1359 5735 1409 5788 6.
1491 5733 1511 5764 ⁸
1545 5733 1702 5787 Deut.
1745 5746 1913 5799 xxx",
1950 5732 2033 5785 il.
