  <div class='ocr_page' id='page_1' title='image "/cluster/home/n/w/nwhite01/storage/ocr_20150623/127/coo.31924054870328/507.png"; bbox 0 0 4064 6418; ppageno 0'>
   <div class='ocr_carea' id='block_1_1' title="bbox 498 378 607 444">
    <p class='ocr_par' dir='ltr' id='par_1_1' title="bbox 498 378 607 444">
     <span class='ocr_line' id='line_1_1' title="bbox 498 378 607 444; baseline -0.018 0"><span class='ocrx_word' id='word_1_1' title='bbox 498 378 607 444; x_wconf 82' lang='lat'>999</span> 
     </span>
    </p>
   </div>
   <div class='ocr_carea' id='block_1_2' title="bbox 1764 371 2465 434">
    <p class='ocr_par' dir='ltr' id='par_1_2' title="bbox 1764 371 2465 434">
     <span class='ocr_line' id='line_1_2' title="bbox 1764 371 2465 434; baseline 0 -2"><span class='ocrx_word' id='word_1_2' title='bbox 1764 372 2050 432; x_wconf 81' lang='lat' dir='ltr'><strong>IRENES</strong></span> <span class='ocrx_word' id='word_1_3' title='bbox 2086 371 2465 434; x_wconf 69' lang='lat' dir='ltr'>AUGUST/E</span> 
     </span>
    </p>
   </div>
   <div class='ocr_carea' id='block_1_3' title="bbox 3618 376 3757 443">
    <p class='ocr_par' dir='ltr' id='par_1_3' title="bbox 3618 376 3757 443">
     <span class='ocr_line' id='line_1_3' title="bbox 3618 376 3757 443; baseline 0.014 -1"><span class='ocrx_word' id='word_1_4' title='bbox 3618 376 3757 443; x_wconf 83' lang='lat'>1000</span> 
     </span>
    </p>
   </div>
   <div class='ocr_carea' id='block_1_4' title="bbox 502 476 2067 560">
    <p class='ocr_par' dir='ltr' id='par_1_4' title="bbox 502 484 2067 547">
     <span class='ocr_line' id='line_1_4' title="bbox 502 484 2067 547; baseline -0.006 -1"><span class='ocrx_word' id='word_1_5' title='bbox 502 506 653 547; x_wconf 92' lang='lat' dir='ltr'><strong>mum</strong></span> <span class='ocrx_word' id='word_1_6' title='bbox 699 489 755 544; x_wconf 91' lang='lat' dir='ltr'><strong>in</strong></span> <span class='ocrx_word' id='word_1_7' title='bbox 802 488 1013 544; x_wconf 81' lang='lat' dir='ltr'>virilem</span> <span class='ocrx_word' id='word_1_8' title='bbox 1053 489 1117 544; x_wconf 89' lang='lat' dir='ltr'>ad</span> <span class='ocrx_word' id='word_1_9' title='bbox 1146 486 1407 543; x_wconf 74' lang='lat' dir='ltr'>virtutem</span> <span class='ocrx_word' id='word_1_10' title='bbox 1435 486 1694 541; x_wconf 89' lang='lat' dir='ltr'><strong>immutes</strong></span> <span class='ocrx_word' id='word_1_11' title='bbox 1730 502 1742 537; x_wconf 96' lang='lat'>:</span> <span class='ocrx_word' id='word_1_12' title='bbox 1776 484 2067 540; x_wconf 80' lang='lat' dir='ltr'><strong>fortissima</strong></span> 
     </span>
    </p>
   </div>
   <div class='ocr_carea' id='block_1_5' title="bbox 2170 476 3770 560">
    <p class='ocr_par' dir='ltr' id='par_1_5' title="bbox 2180 476 3770 560">
     <span class='ocr_line' id='line_1_5' title="bbox 2180 476 3770 560; baseline 0.008 -25"><span class='ocrx_word' id='word_1_13' title='bbox 2180 483 2299 537; x_wconf 80' lang='grc' dir='ltr'>θένε</span> <span class='ocrx_word' id='word_1_14' title='bbox 2331 486 2428 539; x_wconf 73' lang='grc' dir='ltr'>καὶ</span> <span class='ocrx_word' id='word_1_15' title='bbox 2459 484 2660 558; x_wconf 79' lang='grc' dir='ltr'>μῆτερ,</span> <span class='ocrx_word' id='word_1_16' title='bbox 2722 485 3103 559; x_wconf 74' lang='grc' dir='ltr'>μεγαλειότητι</span> <span class='ocrx_word' id='word_1_17' title='bbox 3136 486 3476 560; x_wconf 83' lang='grc' dir='ltr'>συντηροῦσα</span> <span class='ocrx_word' id='word_1_18' title='bbox 3509 476 3770 557; x_wconf 68' lang='grc' dir='ltr'>καθάπαξ</span> 
     </span>
    </p>
   </div>
   <div class='ocr_carea' id='block_1_6' title="bbox 500 576 2076 651">
    <p class='ocr_par' dir='ltr' id='par_1_6' title="bbox 500 576 2076 651">
     <span class='ocr_line' id='line_1_6' title="bbox 500 576 2076 651; baseline -0.004 -14"><span class='ocrx_word' id='word_1_19' title='bbox 500 583 724 639; x_wconf 78' lang='lat' dir='ltr'><strong>dextera</strong></span> <span class='ocrx_word' id='word_1_20' title='bbox 756 593 847 637; x_wconf 89' lang='lat' dir='ltr'>tua</span> <span class='ocrx_word' id='word_1_21' title='bbox 875 582 1197 651; x_wconf 64' lang='lat' dir='ltr'><strong>praeclarum</strong></span> <span class='ocrx_word' id='word_1_22' title='bbox 1232 581 1382 635; x_wconf 89' lang='lat' dir='ltr'><strong>hunc</strong></span> <span class='ocrx_word' id='word_1_23' title='bbox 1407 592 1628 650; x_wconf 88' lang='lat' dir='ltr'><strong>gregem</strong></span> <span class='ocrx_word' id='word_1_24' title='bbox 1648 576 1867 632; x_wconf 91' lang='lat' dir='ltr'><strong>assidue</strong></span> <span class='ocrx_word' id='word_1_25' title='bbox 1892 587 2076 648; x_wconf 81' lang='lat' dir='ltr'><strong>prote-</strong></span> 
     </span>
    </p>
   </div>
   <div class='ocr_carea' id='block_1_7' title="bbox 500 654 2073 743">
    <p class='ocr_par' dir='ltr' id='par_1_7' title="bbox 500 654 2073 743">
     <span class='ocr_line' id='line_1_7' title="bbox 500 654 2073 743; baseline -0.004 -16"><span class='ocrx_word' id='word_1_26' title='bbox 500 690 626 743; x_wconf 86' lang='lat' dir='ltr'><strong>gas,</strong></span> <span class='ocrx_word' id='word_1_27' title='bbox 679 654 739 727; x_wconf 87' lang='lat' dir='ltr'>ut</span> <span class='ocrx_word' id='word_1_28' title='bbox 788 672 1050 739; x_wconf 89' lang='lat' dir='ltr'><strong>antiquus</strong></span> <span class='ocrx_word' id='word_1_29' title='bbox 1095 671 1483 741; x_wconf 87' lang='lat' dir='ltr'><strong>supplantator</strong></span> <span class='ocrx_word' id='word_1_30' title='bbox 1534 679 1590 725; x_wconf 92' lang='lat' dir='ltr'><strong>et</strong></span> <span class='ocrx_word' id='word_1_31' title='bbox 1642 669 1812 723; x_wconf 81' lang='lat' dir='ltr'><strong>draco</strong></span> <span class='ocrx_word' id='word_1_32' title='bbox 1870 667 2073 722; x_wconf 89' lang='lat' dir='ltr'><strong>nullam</strong></span> 
     </span>
    </p>
   </div>
   <div class='ocr_carea' id='block_1_8' title="bbox 499 758 2078 834">
    <p class='ocr_par' dir='ltr' id='par_1_8' title="bbox 499 758 2078 834">
     <span class='ocr_line' id='line_1_8' title="bbox 499 758 2078 834; baseline -0.004 -17"><span class='ocrx_word' id='word_1_33' title='bbox 499 762 643 834; x_wconf 61' lang='lat' dir='ltr'><strong>apud</strong></span> <span class='ocrx_word' id='word_1_34' title='bbox 686 763 834 833; x_wconf 82' lang='lat' dir='ltr'><strong>ipsas</strong></span> <span class='ocrx_word' id='word_1_35' title='bbox 882 762 1051 815; x_wconf 88' lang='lat' dir='ltr'><strong>Evam</strong></span> <span class='ocrx_word' id='word_1_36' title='bbox 1109 777 1305 816; x_wconf 83' lang='lat' dir='ltr'>rursus</span> <span class='ocrx_word' id='word_1_37' title='bbox 1346 759 1612 823; x_wconf 84' lang='lat' dir='ltr'><strong>inveniat,</strong></span> <span class='ocrx_word' id='word_1_38' title='bbox 1649 759 1805 829; x_wconf 85' lang='lat' dir='ltr'><strong>cujus</strong></span> <span class='ocrx_word' id='word_1_39' title='bbox 1847 758 2078 813; x_wconf 87' lang='lat' dir='ltr'><strong>auribus</strong></span> 
     </span>
    </p>
   </div>
   <div class='ocr_carea' id='block_1_9' title="bbox 495 850 2079 921">
    <p class='ocr_par' dir='ltr' id='par_1_9' title="bbox 495 850 2079 921">
     <span class='ocr_line' id='line_1_9' title="bbox 495 850 2079 921; baseline -0.003 -14"><span class='ocrx_word' id='word_1_40' title='bbox 495 854 744 908; x_wconf 72' lang='lat' dir='ltr'>exitiales</span> <span class='ocrx_word' id='word_1_41' title='bbox 782 862 837 907; x_wconf 90' lang='lat' dir='ltr'>et</span> <span class='ocrx_word' id='word_1_42' title='bbox 867 853 937 906; x_wconf 91' lang='lat' dir='ltr'>ad</span> <span class='ocrx_word' id='word_1_43' title='bbox 980 853 1180 907; x_wconf 82' lang='lat' dir='ltr'><strong>inferni</strong></span> <span class='ocrx_word' id='word_1_44' title='bbox 1205 853 1458 921; x_wconf 79' lang='lat' dir='ltr'>laqueum</span> <span class='ocrx_word' id='word_1_45' title='bbox 1488 850 1825 905; x_wconf 90' lang='lat' dir='ltr'><strong>deducenles</strong></span> <span class='ocrx_word' id='word_1_46' title='bbox 1856 850 2079 905; x_wconf 89' lang='lat' dir='ltr'><strong>cavilla-</strong></span> 
     </span>
    </p>
   </div>
   <div class='ocr_carea' id='block_1_10' title="bbox 500 944 2078 1001">
    <p class='ocr_par' dir='ltr' id='par_1_10' title="bbox 500 944 2078 1001">
     <span class='ocr_line' id='line_1_10' title="bbox 500 944 2078 1001; baseline -0.001 -2"><span class='ocrx_word' id='word_1_47' title='bbox 500 948 679 1000; x_wconf 89' lang='lat' dir='ltr'><strong>tiones</strong></span> <span class='ocrx_word' id='word_1_48' title='bbox 702 955 980 999; x_wconf 90' lang='lat' dir='ltr'><strong>susurret.</strong></span> <span class='ocrx_word' id='word_1_49' title='bbox 1016 944 1122 998; x_wconf 88' lang='lat' dir='ltr'><strong>Sed</strong></span> <span class='ocrx_word' id='word_1_50' title='bbox 1153 946 1315 998; x_wconf 87' lang='lat' dir='ltr'><strong>simul</strong></span> <span class='ocrx_word' id='word_1_51' title='bbox 1347 960 1541 1000; x_wconf 90' lang='lat' dir='ltr'><strong>omnes</strong></span> <span class='ocrx_word' id='word_1_52' title='bbox 1559 945 1662 999; x_wconf 87' lang='lat' dir='ltr'>sub</span> <span class='ocrx_word' id='word_1_53' title='bbox 1685 954 1778 999; x_wconf 91' lang='lat' dir='ltr'>tuo</span> <span class='ocrx_word' id='word_1_54' title='bbox 1804 945 2078 1001; x_wconf 88' lang='lat' dir='ltr'><strong>validissi-</strong></span> 
     </span>
    </p>
   </div>
   <div class='ocr_carea' id='block_1_11' title="bbox 497 1038 2077 1109">
    <p class='ocr_par' dir='ltr' id='par_1_11' title="bbox 497 1038 2077 1109">
     <span class='ocr_line' id='line_1_11' title="bbox 497 1038 2077 1109; baseline 0.001 -17"><span class='ocrx_word' id='word_1_55' title='bbox 497 1054 585 1092; x_wconf 85' lang='lat' dir='ltr'><strong>mo</strong></span> <span class='ocrx_word' id='word_1_56' title='bbox 634 1039 945 1107; x_wconf 87' lang='lat' dir='ltr'><strong>patrocinio</strong></span> <span class='ocrx_word' id='word_1_57' title='bbox 1016 1038 1315 1091; x_wconf 90' lang='lat' dir='ltr'><strong>stationem</strong></span> <span class='ocrx_word' id='word_1_58' title='bbox 1388 1038 1677 1102; x_wconf 79' lang='lat' dir='ltr'><strong>habentes,</strong></span> <span class='ocrx_word' id='word_1_59' title='bbox 1740 1038 2077 1109; x_wconf 89' lang='lat' dir='ltr'><strong>diversoque</strong></span> 
     </span>
    </p>
   </div>
   <div class='ocr_carea' id='block_1_12' title="bbox 495 1129 2077 1193">
    <p class='ocr_par' dir='ltr' id='par_1_12' title="bbox 495 1129 2077 1193">
     <span class='ocr_line' id='line_1_12' title="bbox 495 1129 2077 1193; baseline 0.001 -10"><span class='ocrx_word' id='word_1_60' title='bbox 495 1129 681 1183; x_wconf 86' lang='lat' dir='ltr'><strong>studio</strong></span> <span class='ocrx_word' id='word_1_61' title='bbox 713 1129 1115 1193; x_wconf 88' lang='lat' dir='ltr'>incumbentes,</span> <span class='ocrx_word' id='word_1_62' title='bbox 1142 1129 1289 1183; x_wconf 90' lang='lat' dir='ltr'><strong>circa</strong></span> <span class='ocrx_word' id='word_1_63' title='bbox 1323 1144 1539 1183; x_wconf 87' lang='lat' dir='ltr'><strong>sacrum</strong></span> <span class='ocrx_word' id='word_1_64' title='bbox 1569 1129 1674 1184; x_wconf 90' lang='lat' dir='ltr'>hoc</span> <span class='ocrx_word' id='word_1_65' title='bbox 1703 1129 1919 1186; x_wconf 92' lang='lat' dir='ltr'><strong>alveare</strong></span> <span class='ocrx_word' id='word_1_66' title='bbox 1950 1146 2077 1185; x_wconf 90' lang='lat' dir='ltr'>cum</span> 
     </span>
    </p>
   </div>
   <div class='ocr_carea' id='block_1_13' title="bbox 497 1221 2078 1277">
    <p class='ocr_par' dir='ltr' id='par_1_13' title="bbox 497 1221 2078 1277">
     <span class='ocr_line' id='line_1_13' title="bbox 497 1221 2078 1277; baseline 0.002 -4"><span class='ocrx_word' id='word_1_67' title='bbox 497 1221 823 1276; x_wconf 89' lang='lat' dir='ltr'><strong>suavissima</strong></span> <span class='ocrx_word' id='word_1_68' title='bbox 876 1221 1252 1276; x_wconf 81' lang='lat' dir='ltr'><strong>modulatione</strong></span> <span class='ocrx_word' id='word_1_69' title='bbox 1285 1221 1591 1276; x_wconf 86' lang='lat' dir='ltr'><strong>bombilent</strong></span> <span class='ocrx_word' id='word_1_70' title='bbox 1625 1239 1640 1275; x_wconf 87' lang='lat'><strong>:</strong></span> <span class='ocrx_word' id='word_1_71' title='bbox 1674 1222 1897 1277; x_wconf 90' lang='lat' dir='ltr'><strong>virtutis</strong></span> <span class='ocrx_word' id='word_1_72' title='bbox 1960 1221 2078 1276; x_wconf 83' lang='lat' dir='ltr'><strong>fru-</strong></span> 
     </span>
    </p>
   </div>
   <div class='ocr_carea' id='block_1_14' title="bbox 497 1313 2078 1381">
    <p class='ocr_par' dir='ltr' id='par_1_14' title="bbox 497 1313 2078 1381">
     <span class='ocr_line' id='line_1_14' title="bbox 497 1313 2078 1381; baseline 0.002 -14"><span class='ocrx_word' id='word_1_73' title='bbox 497 1322 648 1367; x_wconf 87' lang='lat' dir='ltr'><strong>ctum</strong></span> <span class='ocrx_word' id='word_1_74' title='bbox 678 1328 844 1381; x_wconf 89' lang='lat' dir='ltr'><strong>super</strong></span> <span class='ocrx_word' id='word_1_75' title='bbox 874 1314 980 1367; x_wconf 90' lang='lat' dir='ltr'>mel</span> <span class='ocrx_word' id='word_1_76' title='bbox 1007 1313 1223 1367; x_wconf 90' lang='lat' dir='ltr'><strong>dulcem</strong></span> <span class='ocrx_word' id='word_1_77' title='bbox 1246 1322 1540 1381; x_wconf 86' lang='lat' dir='ltr'><strong>operantes</strong></span> <span class='ocrx_word' id='word_1_78' title='bbox 1582 1330 1595 1366; x_wconf 92' lang='lat'><strong>:</strong></span> <span class='ocrx_word' id='word_1_79' title='bbox 1630 1313 1687 1367; x_wconf 92' lang='lat' dir='ltr'><strong>in</strong></span> <span class='ocrx_word' id='word_1_80' title='bbox 1720 1314 1846 1367; x_wconf 89' lang='lat' dir='ltr'><strong>aula</strong></span> <span class='ocrx_word' id='word_1_81' title='bbox 1883 1323 2078 1370; x_wconf 84' lang='lat' dir='ltr'><strong>sancta</strong></span> 
     </span>
    </p>
   </div>
   <div class='ocr_carea' id='block_1_15' title="bbox 496 1400 2079 1471">
    <p class='ocr_par' dir='ltr' id='par_1_15' title="bbox 496 1400 2079 1471">
     <span class='ocr_line' id='line_1_15' title="bbox 496 1400 2079 1471; baseline 0.003 -18"><span class='ocrx_word' id='word_1_82' title='bbox 496 1400 596 1454; x_wconf 87' lang='lat' dir='ltr'><strong>Dei</strong></span> <span class='ocrx_word' id='word_1_83' title='bbox 623 1401 922 1456; x_wconf 87' lang='lat' dir='ltr'><strong>adorantes</strong></span> <span class='ocrx_word' id='word_1_84' title='bbox 952 1404 972 1433; x_wconf 80' lang='grc'><strong>⁹</strong></span> <span class='ocrx_word' id='word_1_85' title='bbox 1008 1402 1304 1471; x_wconf 83' lang='lat' dir='ltr'><strong>purissime</strong></span> <span class='ocrx_word' id='word_1_86' title='bbox 1332 1403 1623 1457; x_wconf 86' lang='lat' dir='ltr'><strong>Dominum</strong></span> <span class='ocrx_word' id='word_1_87' title='bbox 1681 1422 1693 1455; x_wconf 93' lang='lat'><strong>:</strong></span> <span class='ocrx_word' id='word_1_88' title='bbox 1736 1404 1847 1458; x_wconf 92' lang='lat' dir='ltr'>Deo</span> <span class='ocrx_word' id='word_1_89' title='bbox 1878 1405 2079 1459; x_wconf 81' lang='lat' dir='ltr'><strong>sacriﬁ-</strong></span> 
     </span>
    </p>
   </div>
   <div class='ocr_carea' id='block_1_16' title="bbox 502 1492 2078 1562">
    <p class='ocr_par' dir='ltr' id='par_1_16' title="bbox 502 1492 2078 1562">
     <span class='ocr_line' id='line_1_16' title="bbox 502 1492 2078 1562; baseline 0.005 -17"><span class='ocrx_word' id='word_1_90' title='bbox 502 1499 692 1546; x_wconf 88' lang='lat' dir='ltr'><strong>cantes</strong></span> <span class='ocrx_word' id='word_1_91' title='bbox 742 1492 977 1547; x_wconf 84' lang='lat' dir='ltr'><strong>hostiam</strong></span> <span class='ocrx_word' id='word_1_92' title='bbox 1021 1493 1200 1549; x_wconf 87' lang='lat' dir='ltr'><strong>laudis</strong></span> <span class='ocrx_word' id='word_1_93' title='bbox 1241 1495 1284 1524; x_wconf 85' lang='grc'>¹⁶</span> <span class='ocrx_word' id='word_1_94' title='bbox 1332 1510 1347 1547; x_wconf 79' lang='lat' dir='ltr'>z</span> <span class='ocrx_word' id='word_1_95' title='bbox 1390 1494 1596 1562; x_wconf 86' lang='lat' dir='ltr'><strong>septies</strong></span> <span class='ocrx_word' id='word_1_96' title='bbox 1643 1494 1697 1547; x_wconf 94' lang='lat' dir='ltr'><strong>in</strong></span> <span class='ocrx_word' id='word_1_97' title='bbox 1732 1494 1821 1549; x_wconf 92' lang='lat' dir='ltr'><strong>die</strong></span> <span class='ocrx_word' id='word_1_98' title='bbox 1857 1495 2078 1553; x_wconf 82' lang='lat' dir='ltr'><strong>laudem</strong></span> 
     </span>
    </p>
   </div>
   <div class='ocr_carea' id='block_1_17' title="bbox 493 1580 2078 1655">
    <p class='ocr_par' dir='ltr' id='par_1_17' title="bbox 493 1580 2078 1655">
     <span class='ocr_line' id='line_1_17' title="bbox 493 1580 2078 1655; baseline 0.004 -20"><span class='ocrx_word' id='word_1_99' title='bbox 493 1580 742 1638; x_wconf 86' lang='lat' dir='ltr'><strong>dicentes</strong></span> <span class='ocrx_word' id='word_1_100' title='bbox 771 1598 937 1653; x_wconf 86' lang='lat' dir='ltr'><strong>super</strong></span> <span class='ocrx_word' id='word_1_101' title='bbox 971 1585 1286 1639; x_wconf 90' lang='lat' dir='ltr'><strong>testimonia</strong></span> <span class='ocrx_word' id='word_1_102' title='bbox 1323 1585 1554 1655; x_wconf 69' lang='lat' dir='ltr'><strong>justitite</strong></span> <span class='ocrx_word' id='word_1_103' title='bbox 1583 1586 1782 1640; x_wconf 65' lang='lat' dir='ltr'><strong>divinae</strong></span> <span class='ocrx_word' id='word_1_104' title='bbox 1814 1588 1855 1618; x_wconf 83' lang='lat'>“</span> <span class='ocrx_word' id='word_1_105' title='bbox 1897 1604 1910 1640; x_wconf 89' lang='lat'><strong>:</strong></span> <span class='ocrx_word' id='word_1_106' title='bbox 1938 1588 2078 1642; x_wconf 84' lang='lat' dir='ltr'><strong>divi-</strong></span> 
     </span>
    </p>
   </div>
   <div class='ocr_carea' id='block_1_18' title="bbox 494 1660 2076 1745">
    <p class='ocr_par' dir='ltr' id='par_1_18' title="bbox 494 1660 2076 1745">
     <span class='ocr_line' id='line_1_18' title="bbox 494 1660 2076 1745; baseline 0.006 -22"><span class='ocrx_word' id='word_1_107' title='bbox 494 1686 620 1724; x_wconf 91' lang='lat' dir='ltr'>nam</span> <span class='ocrx_word' id='word_1_108' title='bbox 688 1672 1088 1727; x_wconf 79' lang='lat' dir='ltr'><strong>beatitudinem</strong></span> <span class='ocrx_word' id='word_1_109' title='bbox 1137 1683 1398 1743; x_wconf 93' lang='lat' dir='ltr'><strong>tuamque</strong></span> <span class='ocrx_word' id='word_1_110' title='bbox 1442 1675 1877 1745; x_wconf 77' lang='lat' dir='ltr'><strong>magnitudinem</strong></span> <span class='ocrx_word' id='word_1_111' title='bbox 1929 1660 2076 1732; x_wconf 44' lang='lat' dir='ltr'><strong>celeQ</strong></span> 
     </span>
    </p>
   </div>
   <div class='ocr_carea' id='block_1_19' title="bbox 496 1762 2078 1838">
    <p class='ocr_par' dir='ltr' id='par_1_19' title="bbox 496 1762 2078 1838">
     <span class='ocr_line' id='line_1_19' title="bbox 496 1762 2078 1838; baseline 0.006 -22"><span class='ocrx_word' id='word_1_112' title='bbox 496 1762 720 1818; x_wconf 88' lang='lat' dir='ltr'><strong>brantes</strong></span> <span class='ocrx_word' id='word_1_113' title='bbox 745 1766 785 1794; x_wconf 82' lang='lat'>&quot;</span> <span class='ocrx_word' id='word_1_114' title='bbox 820 1782 833 1817; x_wconf 90' lang='lat'><strong>:</strong></span> <span class='ocrx_word' id='word_1_115' title='bbox 862 1764 930 1818; x_wconf 88' lang='lat' dir='ltr'>ad</span> <span class='ocrx_word' id='word_1_116' title='bbox 954 1764 1330 1819; x_wconf 80' lang='lat' dir='ltr'><strong>conﬁtendum</strong></span> <span class='ocrx_word' id='word_1_117' title='bbox 1357 1781 1523 1837; x_wconf 91' lang='lat' dir='ltr'><strong>super</strong></span> <span class='ocrx_word' id='word_1_118' title='bbox 1541 1767 1751 1837; x_wconf 91' lang='lat' dir='ltr'><strong>judicia</strong></span> <span class='ocrx_word' id='word_1_119' title='bbox 1783 1770 2078 1838; x_wconf 86' lang='lat' dir='ltr'><strong>supersub-</strong></span> 
     </span>
    </p>
   </div>
   <div class='ocr_carea' id='block_1_20' title="bbox 494 1843 2144 1928">
    <p class='ocr_par' dir='ltr' id='par_1_20' title="bbox 494 1843 2144 1928">
     <span class='ocr_line' id='line_1_20' title="bbox 494 1843 2144 1928; baseline 0.005 -19"><span class='ocrx_word' id='word_1_120' title='bbox 494 1855 768 1911; x_wconf 83' lang='lat' dir='ltr'><strong>stantialis</strong></span> <span class='ocrx_word' id='word_1_121' title='bbox 814 1856 1043 1912; x_wconf 87' lang='lat' dir='ltr'><strong>Deitatis</strong></span> <span class='ocrx_word' id='word_1_122' title='bbox 1078 1844 1414 1928; x_wconf 75' lang='lat' dir='ltr'><strong>surgentes:</strong></span> <span class='ocrx_word' id='word_1_123' title='bbox 1464 1874 1589 1914; x_wconf 92' lang='lat' dir='ltr'><strong>cum</strong></span> <span class='ocrx_word' id='word_1_124' title='bbox 1639 1861 1844 1917; x_wconf 89' lang='lat' dir='ltr'><strong>Davide</strong></span> <span class='ocrx_word' id='word_1_125' title='bbox 1889 1862 2069 1917; x_wconf 87' lang='lat' dir='ltr'><strong>media</strong></span> <span class='ocrx_word' id='word_1_126' title='bbox 2104 1843 2144 1899; x_wconf 72' lang='grc' dir='ltr'>θ</span> 
     </span>
    </p>
   </div>
   <div class='ocr_carea' id='block_1_21' title="bbox 494 1947 2067 2015">
    <p class='ocr_par' dir='ltr' id='par_1_21' title="bbox 494 1947 2067 2015">
     <span class='ocr_line' id='line_1_21' title="bbox 494 1947 2067 2015; baseline 0.004 -16"><span class='ocrx_word' id='word_1_127' title='bbox 494 1956 657 2001; x_wconf 89' lang='lat' dir='ltr'><strong>nocte</strong></span> <span class='ocrx_word' id='word_1_128' title='bbox 682 1947 1010 2003; x_wconf 83' lang='lat' dir='ltr'><strong>extollentes</strong></span> <span class='ocrx_word' id='word_1_129' title='bbox 1053 1957 1271 2004; x_wconf 89' lang='lat' dir='ltr'><strong>sanctas</strong></span> <span class='ocrx_word' id='word_1_130' title='bbox 1301 1964 1497 2004; x_wconf 88' lang='lat' dir='ltr'><strong>manus</strong></span> <span class='ocrx_word' id='word_1_131' title='bbox 1532 1950 1594 2012; x_wconf 83' lang='lat'><strong>&quot;,</strong></span> <span class='ocrx_word' id='word_1_132' title='bbox 1641 1950 1761 2005; x_wconf 88' lang='lat' dir='ltr'><strong>sine</strong></span> <span class='ocrx_word' id='word_1_133' title='bbox 1801 1950 2067 2015; x_wconf 79' lang='lat' dir='ltr'><strong>sermoci-</strong></span> 
     </span>
    </p>
   </div>
   <div class='ocr_carea' id='block_1_22' title="bbox 492 2038 2072 2107">
    <p class='ocr_par' dir='ltr' id='par_1_22' title="bbox 492 2038 2072 2107">
     <span class='ocr_line' id='line_1_22' title="bbox 492 2038 2072 2107; baseline 0.003 -14"><span class='ocrx_word' id='word_1_134' title='bbox 492 2038 831 2107; x_wconf 82' lang='lat' dir='ltr'><strong>nationibus,</strong></span> <span class='ocrx_word' id='word_1_135' title='bbox 880 2041 937 2095; x_wconf 91' lang='lat' dir='ltr'><strong>in</strong></span> <span class='ocrx_word' id='word_1_136' title='bbox 984 2052 1214 2096; x_wconf 89' lang='lat' dir='ltr'><strong>sancta:</strong></span> <span class='ocrx_word' id='word_1_137' title='bbox 1263 2042 1320 2096; x_wconf 91' lang='lat' dir='ltr'>in</span> <span class='ocrx_word' id='word_1_138' title='bbox 1370 2041 1631 2097; x_wconf 89' lang='lat' dir='ltr'><strong>Ecelesiis</strong></span> <span class='ocrx_word' id='word_1_139' title='bbox 1680 2041 2072 2098; x_wconf 88' lang='lat' dir='ltr'><strong>benedicentes</strong></span> 
     </span>
    </p>
   </div>
   <div class='ocr_carea' id='block_1_23' title="bbox 492 2129 2071 2188">
    <p class='ocr_par' dir='ltr' id='par_1_23' title="bbox 492 2129 2071 2188">
     <span class='ocr_line' id='line_1_23' title="bbox 492 2129 2071 2188; baseline 0.003 -4"><span class='ocrx_word' id='word_1_140' title='bbox 492 2129 603 2185; x_wconf 91' lang='lat' dir='ltr'>Deo</span> <span class='ocrx_word' id='word_1_141' title='bbox 625 2130 856 2186; x_wconf 92' lang='lat' dir='ltr'><strong>Domino</strong></span> <span class='ocrx_word' id='word_1_142' title='bbox 877 2132 945 2187; x_wconf 90' lang='lat' dir='ltr'>de</span> <span class='ocrx_word' id='word_1_143' title='bbox 977 2132 1222 2188; x_wconf 82' lang='lat' dir='ltr'><strong>fontibus</strong></span> <span class='ocrx_word' id='word_1_144' title='bbox 1243 2132 1408 2188; x_wconf 86' lang='lat' dir='ltr'><strong>Israel</strong></span> <span class='ocrx_word' id='word_1_145' title='bbox 1435 2132 1478 2163; x_wconf 77' lang='lat'>“</span> <span class='ocrx_word' id='word_1_146' title='bbox 1506 2154 1518 2186; x_wconf 88' lang='lat'><strong>:</strong></span> <span class='ocrx_word' id='word_1_147' title='bbox 1553 2140 1756 2187; x_wconf 90' lang='lat' dir='ltr'><strong>terram</strong></span> <span class='ocrx_word' id='word_1_148' title='bbox 1787 2148 2071 2188; x_wconf 86' lang='lat' dir='ltr'><strong>evacuan-</strong></span> 
     </span>
    </p>
   </div>
   <div class='ocr_carea' id='block_1_24' title="bbox 493 2225 2072 2293">
    <p class='ocr_par' dir='ltr' id='par_1_24' title="bbox 493 2225 2072 2293">
     <span class='ocr_line' id='line_1_24' title="bbox 493 2225 2072 2293; baseline 0.004 -19"><span class='ocrx_word' id='word_1_149' title='bbox 493 2228 595 2283; x_wconf 87' lang='lat' dir='ltr'><strong>tes,</strong></span> <span class='ocrx_word' id='word_1_150' title='bbox 680 2231 920 2278; x_wconf 86' lang='lat' dir='ltr'><strong>mentem</strong></span> <span class='ocrx_word' id='word_1_151' title='bbox 988 2225 1144 2293; x_wconf 90' lang='lat' dir='ltr'><strong>quasi</strong></span> <span class='ocrx_word' id='word_1_152' title='bbox 1216 2225 1319 2279; x_wconf 89' lang='lat' dir='ltr'><strong>alis</strong></span> <span class='ocrx_word' id='word_1_153' title='bbox 1379 2225 1790 2280; x_wconf 89' lang='lat' dir='ltr'><strong>sublevantes:</strong></span> <span class='ocrx_word' id='word_1_154' title='bbox 1840 2225 2072 2281; x_wconf 90' lang='lat' dir='ltr'><strong>Domino</strong></span> 
     </span>
    </p>
   </div>
   <div class='ocr_carea' id='block_1_25' title="bbox 492 2310 2073 2381">
    <p class='ocr_par' dir='ltr' id='par_1_25' title="bbox 492 2310 2073 2381">
     <span class='ocr_line' id='line_1_25' title="bbox 492 2310 2073 2381; baseline 0.008 -20"><span class='ocrx_word' id='word_1_155' title='bbox 492 2310 843 2376; x_wconf 88' lang='lat' dir='ltr'><strong>servientes,</strong></span> <span class='ocrx_word' id='word_1_156' title='bbox 903 2312 1099 2381; x_wconf 88' lang='lat' dir='ltr'><strong>spiritu</strong></span> <span class='ocrx_word' id='word_1_157' title='bbox 1146 2312 1424 2368; x_wconf 82' lang='lat' dir='ltr'><strong>ferventes</strong></span> <span class='ocrx_word' id='word_1_158' title='bbox 1479 2313 1521 2343; x_wconf 83' lang='grc'>¹⁸</span> <span class='ocrx_word' id='word_1_159' title='bbox 1581 2330 1596 2366; x_wconf 88' lang='lat'><strong>:</strong></span> <span class='ocrx_word' id='word_1_160' title='bbox 1657 2315 2073 2373; x_wconf 85' lang='lat' dir='ltr'><strong>considerantes</strong></span> 
     </span>
    </p>
   </div>
   <div class='ocr_carea' id='block_1_26' title="bbox 493 2400 2071 2470">
    <p class='ocr_par' dir='ltr' id='par_1_26' title="bbox 493 2400 2071 2470">
     <span class='ocr_line' id='line_1_26' title="bbox 493 2400 2071 2470; baseline 0.007 -17"><span class='ocrx_word' id='word_1_161' title='bbox 493 2400 730 2455; x_wconf 88' lang='lat' dir='ltr'><strong>invicem</strong></span> <span class='ocrx_word' id='word_1_162' title='bbox 786 2401 841 2454; x_wconf 92' lang='lat' dir='ltr'>in</span> <span class='ocrx_word' id='word_1_163' title='bbox 873 2401 1322 2470; x_wconf 86' lang='lat' dir='ltr'><strong>provocationem</strong></span> <span class='ocrx_word' id='word_1_164' title='bbox 1374 2402 1666 2459; x_wconf 86' lang='lat' dir='ltr'><strong>charitatis</strong></span> <span class='ocrx_word' id='word_1_165' title='bbox 1705 2412 1761 2459; x_wconf 90' lang='lat' dir='ltr'>et</span> <span class='ocrx_word' id='word_1_166' title='bbox 1800 2406 2071 2463; x_wconf 90' lang='lat' dir='ltr'><strong>bonorum</strong></span> 
     </span>
    </p>
   </div>
   <div class='ocr_carea' id='block_1_27' title="bbox 494 2491 1649 2564">
    <p class='ocr_par' dir='ltr' id='par_1_27' title="bbox 494 2491 1649 2564">
     <span class='ocr_line' id='line_1_27' title="bbox 494 2491 1649 2564; baseline 0.004 -21"><span class='ocrx_word' id='word_1_167' title='bbox 494 2504 727 2559; x_wconf 90' lang='lat' dir='ltr'><strong>operum</strong></span> <span class='ocrx_word' id='word_1_168' title='bbox 756 2491 819 2557; x_wconf 81' lang='lat'><strong>&quot;,</strong></span> <span class='ocrx_word' id='word_1_169' title='bbox 844 2491 1003 2560; x_wconf 81' lang='lat' dir='ltr'><strong>juxta</strong></span> <span class='ocrx_word' id='word_1_170' title='bbox 1030 2502 1282 2547; x_wconf 88' lang='lat' dir='ltr'><strong>sanctum</strong></span> <span class='ocrx_word' id='word_1_171' title='bbox 1303 2492 1649 2564; x_wconf 86' lang='lat' dir='ltr'><strong>Apostolum.</strong></span> 
     </span>
    </p>
   </div>
   <div class='ocr_carea' id='block_1_28' title="bbox 562 2771 2067 2844">
    <p class='ocr_par' dir='ltr' id='par_1_28' title="bbox 562 2771 2067 2844">
     <span class='ocr_line' id='line_1_28' title="bbox 562 2771 2067 2844; baseline 0.003 -17"><span class='ocrx_word' id='word_1_172' title='bbox 562 2771 622 2827; x_wconf 87' lang='lat' dir='ltr'><strong>lu</strong></span> <span class='ocrx_word' id='word_1_173' title='bbox 664 2773 959 2842; x_wconf 88' lang='lat' dir='ltr'><strong>hisitaque</strong></span> <span class='ocrx_word' id='word_1_174' title='bbox 986 2772 1143 2836; x_wconf 92' lang='lat' dir='ltr'><strong>mihi,</strong></span> <span class='ocrx_word' id='word_1_175' title='bbox 1177 2773 1407 2843; x_wconf 88' lang='lat' dir='ltr'><strong>ogratia</strong></span> <span class='ocrx_word' id='word_1_176' title='bbox 1456 2774 1614 2842; x_wconf 86' lang='lat' dir='ltr'><strong>plena</strong></span> <span class='ocrx_word' id='word_1_177' title='bbox 1660 2775 1823 2831; x_wconf 82' lang='lat' dir='ltr'><strong>Verbi</strong></span> <span class='ocrx_word' id='word_1_178' title='bbox 1871 2777 2067 2844; x_wconf 84' lang='lat' dir='ltr'><strong>Mater,</strong></span> 
     </span>
    </p>
   </div>
   <div class='ocr_carea' id='block_1_29' title="bbox 488 2864 2069 2937">
    <p class='ocr_par' dir='ltr' id='par_1_29' title="bbox 488 2864 2069 2937">
     <span class='ocr_line' id='line_1_29' title="bbox 488 2864 2069 2937; baseline 0.006 -18"><span class='ocrx_word' id='word_1_179' title='bbox 488 2871 548 2919; x_wconf 87' lang='lat' dir='ltr'>ct</span> <span class='ocrx_word' id='word_1_180' title='bbox 601 2864 845 2918; x_wconf 89' lang='lat' dir='ltr'><strong>omnium</strong></span> <span class='ocrx_word' id='word_1_181' title='bbox 906 2865 1134 2935; x_wconf 82' lang='lat' dir='ltr'><strong>Regina,</strong></span> <span class='ocrx_word' id='word_1_182' title='bbox 1187 2882 1405 2937; x_wconf 90' lang='lat' dir='ltr'><strong>gregem</strong></span> <span class='ocrx_word' id='word_1_183' title='bbox 1467 2868 1614 2923; x_wconf 89' lang='lat' dir='ltr'><strong>hunc</strong></span> <span class='ocrx_word' id='word_1_184' title='bbox 1668 2886 1965 2926; x_wconf 79' lang='lat' dir='ltr'><strong>conserves</strong></span> <span class='ocrx_word' id='word_1_185' title='bbox 2013 2882 2069 2928; x_wconf 92' lang='lat' dir='ltr'><strong>et</strong></span> 
     </span>
    </p>
   </div>
   <div class='ocr_carea' id='block_1_30' title="bbox 2179 577 3772 653">
    <p class='ocr_par' dir='ltr' id='par_1_30' title="bbox 2179 577 3772 653">
     <span class='ocr_line' id='line_1_30' title="bbox 2179 577 3772 653; baseline 0.004 -24"><span class='ocrx_word' id='word_1_186' title='bbox 2179 577 2272 629; x_wconf 82' lang='grc' dir='ltr'>ἅνε</span> <span class='ocrx_word' id='word_1_187' title='bbox 2285 578 2653 645; x_wconf 74' lang='grc' dir='ltr'>πιϐούλευτον,</span> <span class='ocrx_word' id='word_1_188' title='bbox 2689 579 2781 632; x_wconf 75' lang='grc' dir='ltr'>καὶ</span> <span class='ocrx_word' id='word_1_189' title='bbox 2812 580 2871 633; x_wconf 82' lang='grc' dir='ltr'>τὸ</span> <span class='ocrx_word' id='word_1_190' title='bbox 2900 579 3034 648; x_wconf 79' lang='grc' dir='ltr'>θῆλυ</span> <span class='ocrx_word' id='word_1_191' title='bbox 3076 580 3210 652; x_wconf 75' lang='grc' dir='ltr'>πρὸς</span> <span class='ocrx_word' id='word_1_192' title='bbox 3270 580 3474 652; x_wconf 79' lang='grc' dir='ltr'>ἀρετὴν</span> <span class='ocrx_word' id='word_1_193' title='bbox 3505 582 3772 653; x_wconf 80' lang='grc' dir='ltr'>ἀῤῥενοῦ-</span> 
     </span>
    </p>
   </div>
   <div class='ocr_carea' id='block_1_31' title="bbox 2181 668 3771 742">
    <p class='ocr_par' dir='ltr' id='par_1_31' title="bbox 2181 668 3771 742">
     <span class='ocr_line' id='line_1_31' title="bbox 2181 668 3771 742; baseline 0.003 -22"><span class='ocrx_word' id='word_1_194' title='bbox 2181 683 2251 722; x_wconf 87' lang='grc' dir='ltr'>σα</span> <span class='ocrx_word' id='word_1_195' title='bbox 2297 670 2363 740; x_wconf 77' lang='grc' dir='ltr'>τῇ</span> <span class='ocrx_word' id='word_1_196' title='bbox 2417 668 2763 740; x_wconf 77' lang='grc' dir='ltr'>ἀδελφότητι,</span> <span class='ocrx_word' id='word_1_197' title='bbox 2828 670 2922 723; x_wconf 77' lang='grc' dir='ltr'>καὶ</span> <span class='ocrx_word' id='word_1_198' title='bbox 2967 669 3067 741; x_wconf 77' lang='grc' dir='ltr'>τὴν</span> <span class='ocrx_word' id='word_1_199' title='bbox 3126 669 3401 742; x_wconf 82' lang='grc' dir='ltr'>πανσθενῆ</span> <span class='ocrx_word' id='word_1_200' title='bbox 3456 688 3541 725; x_wconf 84' lang='grc' dir='ltr'>σοι</span> <span class='ocrx_word' id='word_1_201' title='bbox 3585 671 3771 739; x_wconf 73' lang='grc' dir='ltr'>δεξιὰν</span> 
     </span>
    </p>
   </div>
   <div class='ocr_carea' id='block_1_32' title="bbox 2178 760 3771 834">
    <p class='ocr_par' dir='ltr' id='par_1_32' title="bbox 2178 760 3771 834">
     <span class='ocr_line' id='line_1_32' title="bbox 2178 760 3771 834; baseline 0.002 -21"><span class='ocrx_word' id='word_1_202' title='bbox 2178 761 2526 830; x_wconf 80' lang='grc' dir='ltr'>ὑπερέχουσα</span> <span class='ocrx_word' id='word_1_203' title='bbox 2555 761 2651 815; x_wconf 85' lang='grc' dir='ltr'>τοῦ</span> <span class='ocrx_word' id='word_1_204' title='bbox 2684 761 2851 815; x_wconf 89' lang='grc' dir='ltr'>καλοῦ</span> <span class='ocrx_word' id='word_1_205' title='bbox 2878 760 3028 814; x_wconf 85' lang='grc' dir='ltr'>τοῦδε</span> <span class='ocrx_word' id='word_1_206' title='bbox 3061 763 3316 833; x_wconf 77' lang='grc' dir='ltr'>ποιμνίου</span> <span class='ocrx_word' id='word_1_207' title='bbox 3339 762 3481 816; x_wconf 72' lang='grc' dir='ltr'>κατα</span> <span class='ocrx_word' id='word_1_208' title='bbox 3516 762 3616 833; x_wconf 84' lang='grc' dir='ltr'>τὴν</span> <span class='ocrx_word' id='word_1_209' title='bbox 3650 763 3771 834; x_wconf 78' lang='grc' dir='ltr'>διη-</span> 
     </span>
    </p>
   </div>
   <div class='ocr_carea' id='block_1_33' title="bbox 2178 852 3769 930">
    <p class='ocr_par' dir='ltr' id='par_1_33' title="bbox 2178 852 3769 930">
     <span class='ocr_line' id='line_1_33' title="bbox 2178 852 3769 930; baseline 0.003 -27"><span class='ocrx_word' id='word_1_210' title='bbox 2178 852 2395 906; x_wconf 87' lang='grc' dir='ltr'>νέκειαν</span> <span class='ocrx_word' id='word_1_211' title='bbox 2419 869 2432 883; x_wconf 86' lang='grc'><strong>·</strong></span> <span class='ocrx_word' id='word_1_212' title='bbox 2485 852 2558 914; x_wconf 85' lang='grc' dir='ltr'>ὡς</span> <span class='ocrx_word' id='word_1_213' title='bbox 2594 852 2867 922; x_wconf 82' lang='grc' dir='ltr'>μηδεμίαν</span> <span class='ocrx_word' id='word_1_214' title='bbox 2917 853 3014 905; x_wconf 80' lang='grc' dir='ltr'>καὶ</span> <span class='ocrx_word' id='word_1_215' title='bbox 3048 853 3210 906; x_wconf 79' lang='grc' dir='ltr'>πάλιν</span> <span class='ocrx_word' id='word_1_216' title='bbox 3253 855 3311 907; x_wconf 83' lang='grc' dir='ltr'>ἐν</span> <span class='ocrx_word' id='word_1_217' title='bbox 3338 853 3583 930; x_wconf 33' lang='grc' dir='ltr'>,ταύταις</span> <span class='ocrx_word' id='word_1_218' title='bbox 3621 853 3769 907; x_wconf 75' lang='grc' dir='ltr'>Εὕαν</span> 
     </span>
    </p>
   </div>
   <div class='ocr_carea' id='block_1_34' title="bbox 2177 942 3766 1016">
    <p class='ocr_par' dir='ltr' id='par_1_34' title="bbox 2177 942 3766 1016">
     <span class='ocr_line' id='line_1_34' title="bbox 2177 942 3766 1016; baseline 0.004 -22"><span class='ocrx_word' id='word_1_219' title='bbox 2177 942 2363 1013; x_wconf 70' lang='grc' dir='ltr'>εὑρεῖν</span> <span class='ocrx_word' id='word_1_220' title='bbox 2391 943 2483 996; x_wconf 82' lang='grc' dir='ltr'>τὸν</span> <span class='ocrx_word' id='word_1_221' title='bbox 2517 944 2743 1014; x_wconf 82' lang='grc' dir='ltr'>ἀρχαῖον</span> <span class='ocrx_word' id='word_1_222' title='bbox 2787 947 3117 1014; x_wconf 82' lang='grc' dir='ltr'>πτερνιστήν</span> <span class='ocrx_word' id='word_1_223' title='bbox 3166 962 3227 998; x_wconf 84' lang='grc' dir='ltr'>τε</span> <span class='ocrx_word' id='word_1_224' title='bbox 3265 946 3358 999; x_wconf 70' lang='grc' dir='ltr'>καὶ</span> <span class='ocrx_word' id='word_1_225' title='bbox 3389 944 3683 1016; x_wconf 82' lang='grc' dir='ltr'>δράκοντα,</span> <span class='ocrx_word' id='word_1_226' title='bbox 3731 946 3766 1012; x_wconf 78' lang='grc' dir='ltr'>ἢ</span> 
     </span>
    </p>
   </div>
   <div class='ocr_carea' id='block_1_35' title="bbox 2177 1029 3764 1107">
    <p class='ocr_par' dir='ltr' id='par_1_35' title="bbox 2177 1029 3764 1107">
     <span class='ocr_line' id='line_1_35' title="bbox 2177 1029 3764 1107; baseline 0.004 -22"><span class='ocrx_word' id='word_1_227' title='bbox 2177 1032 2461 1102; x_wconf 78' lang='grc' dir='ltr'>ψιθυρίσαι</span> <span class='ocrx_word' id='word_1_228' title='bbox 2495 1036 2700 1104; x_wconf 81' lang='grc' dir='ltr'>ταύτης</span> <span class='ocrx_word' id='word_1_229' title='bbox 2734 1035 2870 1104; x_wconf 80' lang='grc' dir='ltr'>πρὸς</span> <span class='ocrx_word' id='word_1_230' title='bbox 2895 1029 3012 1088; x_wconf 80' lang='grc' dir='ltr'>ὦτα</span> <span class='ocrx_word' id='word_1_231' title='bbox 3039 1035 3393 1107; x_wconf 78' lang='grc' dir='ltr'>θανατηφόρα</span> <span class='ocrx_word' id='word_1_232' title='bbox 3429 1035 3764 1107; x_wconf 84' lang='grc' dir='ltr'>σοφίσματα,</span> 
     </span>
    </p>
   </div>
   <div class='ocr_carea' id='block_1_36' title="bbox 2181 1125 3775 1197">
    <p class='ocr_par' dir='ltr' id='par_1_36' title="bbox 2181 1125 3775 1197">
     <span class='ocr_line' id='line_1_36' title="bbox 2181 1125 3775 1197; baseline 0.004 -20"><span class='ocrx_word' id='word_1_233' title='bbox 2181 1125 2275 1177; x_wconf 77' lang='grc' dir='ltr'>καὶ</span> <span class='ocrx_word' id='word_1_234' title='bbox 2310 1127 2443 1195; x_wconf 75' lang='grc' dir='ltr'>πρὸς</span> <span class='ocrx_word' id='word_1_235' title='bbox 2489 1125 2618 1196; x_wconf 71' lang='grc' dir='ltr'>ᾅδου</span> <span class='ocrx_word' id='word_1_236' title='bbox 2656 1126 2968 1192; x_wconf 81' lang='grc' dir='ltr'>κατάγοντα</span> <span class='ocrx_word' id='word_1_237' title='bbox 3001 1126 3294 1197; x_wconf 83' lang='grc' dir='ltr'>πέταυρον.</span> <span class='ocrx_word' id='word_1_238' title='bbox 3337 1126 3479 1179; x_wconf 78' lang='grc' dir='ltr'>Ἀλλ’</span> <span class='ocrx_word' id='word_1_239' title='bbox 3516 1129 3631 1197; x_wconf 74' lang='grc' dir='ltr'>ἅμα</span> <span class='ocrx_word' id='word_1_240' title='bbox 3661 1131 3775 1184; x_wconf 81' lang='grc' dir='ltr'>πά·-</span> 
     </span>
    </p>
   </div>
   <div class='ocr_carea' id='block_1_37' title="bbox 2182 1217 3773 1293">
    <p class='ocr_par' dir='ltr' id='par_1_37' title="bbox 2182 1217 3773 1293">
     <span class='ocr_line' id='line_1_37' title="bbox 2182 1217 3773 1293; baseline 0.003 -25"><span class='ocrx_word' id='word_1_241' title='bbox 2182 1232 2282 1279; x_wconf 90' lang='grc' dir='ltr'>σας</span> <span class='ocrx_word' id='word_1_242' title='bbox 2316 1217 2419 1269; x_wconf 81' lang='grc' dir='ltr'>ὐπὸ</span> <span class='ocrx_word' id='word_1_243' title='bbox 2445 1218 2544 1285; x_wconf 76' lang='grc' dir='ltr'>τὴν</span> <span class='ocrx_word' id='word_1_244' title='bbox 2586 1217 2683 1288; x_wconf 82' lang='grc' dir='ltr'>σὴν</span> <span class='ocrx_word' id='word_1_245' title='bbox 2716 1218 3121 1290; x_wconf 81' lang='grc' dir='ltr'>κραταιοτάτην</span> <span class='ocrx_word' id='word_1_246' title='bbox 3151 1219 3515 1289; x_wconf 78' lang='grc' dir='ltr'>αὐλιζομένας</span> <span class='ocrx_word' id='word_1_247' title='bbox 3542 1221 3736 1293; x_wconf 82' lang='grc' dir='ltr'>ἀντίλη</span> <span class='ocrx_word' id='word_1_248' title='bbox 3758 1252 3773 1265; x_wconf 84' lang='lat'><strong>-</strong></span> 
     </span>
    </p>
   </div>
   <div class='ocr_carea' id='block_1_38' title="bbox 2178 1305 3770 1381">
    <p class='ocr_par' dir='ltr' id='par_1_38' title="bbox 2178 1305 3770 1381">
     <span class='ocr_line' id='line_1_38' title="bbox 2178 1305 3770 1381; baseline 0.006 -24"><span class='ocrx_word' id='word_1_249' title='bbox 2178 1305 2292 1373; x_wconf 75' lang='grc' dir='ltr'>ψιν,</span> <span class='ocrx_word' id='word_1_250' title='bbox 2349 1306 2440 1359; x_wconf 83' lang='grc' dir='ltr'>τὸν</span> <span class='ocrx_word' id='word_1_251' title='bbox 2495 1308 2658 1378; x_wconf 78' lang='grc' dir='ltr'>ἱερὸν,</span> <span class='ocrx_word' id='word_1_252' title='bbox 2711 1308 2835 1361; x_wconf 82' lang='grc' dir='ltr'>καθ’</span> <span class='ocrx_word' id='word_1_253' title='bbox 2868 1309 3064 1379; x_wconf 82' lang='grc' dir='ltr'>ἑτέραν</span> <span class='ocrx_word' id='word_1_254' title='bbox 3114 1309 3393 1380; x_wconf 79' lang='grc' dir='ltr'>ἐπιϐολὴν,</span> <span class='ocrx_word' id='word_1_255' title='bbox 3456 1311 3770 1381; x_wconf 84' lang='grc' dir='ltr'>μελισσῶνα</span> 
     </span>
    </p>
   </div>
   <div class='ocr_carea' id='block_1_39' title="bbox 2178 1396 3770 1473">
    <p class='ocr_par' dir='ltr' id='par_1_39' title="bbox 2178 1396 3770 1473">
     <span class='ocr_line' id='line_1_39' title="bbox 2178 1396 3770 1473; baseline 0.006 -25"><span class='ocrx_word' id='word_1_256' title='bbox 2178 1396 2367 1450; x_wconf 87' lang='grc' dir='ltr'>τοῦτον</span> <span class='ocrx_word' id='word_1_257' title='bbox 2419 1397 2779 1468; x_wconf 84' lang='grc' dir='ltr'>περιϐομϐεῖν</span> <span class='ocrx_word' id='word_1_258' title='bbox 2824 1399 3231 1469; x_wconf 80' lang='grc' dir='ltr'>ἐμμελέστατα,</span> <span class='ocrx_word' id='word_1_259' title='bbox 3282 1402 3373 1454; x_wconf 79' lang='grc' dir='ltr'>τὸν</span> <span class='ocrx_word' id='word_1_260' title='bbox 3425 1404 3533 1472; x_wconf 74' lang='grc' dir='ltr'>τῆς</span> <span class='ocrx_word' id='word_1_261' title='bbox 3566 1402 3770 1473; x_wconf 74' lang='grc' dir='ltr'>ἀρετῆς</span> 
     </span>
    </p>
   </div>
   <div class='ocr_carea' id='block_1_40' title="bbox 2179 1489 3766 1565">
    <p class='ocr_par' dir='ltr' id='par_1_40' title="bbox 2179 1489 3766 1565">
     <span class='ocr_line' id='line_1_40' title="bbox 2179 1489 3766 1565; baseline 0.003 -25"><span class='ocrx_word' id='word_1_262' title='bbox 2179 1489 2558 1558; x_wconf 77' lang='grc' dir='ltr'>ἐργαζομένας</span> <span class='ocrx_word' id='word_1_263' title='bbox 2592 1489 2805 1562; x_wconf 74' lang='grc' dir='ltr'>καρπὸν</span> <span class='ocrx_word' id='word_1_264' title='bbox 2825 1491 2965 1560; x_wconf 74' lang='grc' dir='ltr'>ὑπὲρ</span> <span class='ocrx_word' id='word_1_265' title='bbox 2992 1492 3114 1561; x_wconf 80' lang='grc' dir='ltr'>μέλι</span> <span class='ocrx_word' id='word_1_266' title='bbox 3149 1493 3515 1561; x_wconf 73' lang='grc' dir='ltr'>γλυκάζοντα,</span> <span class='ocrx_word' id='word_1_267' title='bbox 3546 1496 3603 1546; x_wconf 83' lang='grc' dir='ltr'>ἐν</span> <span class='ocrx_word' id='word_1_268' title='bbox 3629 1495 3766 1565; x_wconf 76' lang='grc' dir='ltr'>αὐλῇ</span> 
     </span>
    </p>
   </div>
   <div class='ocr_carea' id='block_1_41' title="bbox 2179 1582 3767 1656">
    <p class='ocr_par' dir='ltr' id='par_1_41' title="bbox 2179 1582 3767 1656">
     <span class='ocr_line' id='line_1_41' title="bbox 2179 1582 3767 1656; baseline 0.003 -20"><span class='ocrx_word' id='word_1_269' title='bbox 2179 1582 2313 1653; x_wconf 79' lang='grc' dir='ltr'>ἁγίᾳ</span> <span class='ocrx_word' id='word_1_270' title='bbox 2363 1583 2497 1635; x_wconf 83' lang='grc' dir='ltr'>Θεοῦ</span> <span class='ocrx_word' id='word_1_271' title='bbox 2533 1583 2943 1655; x_wconf 83' lang='grc' dir='ltr'>προσκυνούσας</span> <span class='ocrx_word' id='word_1_272' title='bbox 2989 1585 3278 1655; x_wconf 81' lang='grc' dir='ltr'>ἀχράντως</span> <span class='ocrx_word' id='word_1_273' title='bbox 3329 1584 3407 1655; x_wconf 83' lang='grc' dir='ltr'>τῷ</span> <span class='ocrx_word' id='word_1_274' title='bbox 3461 1586 3767 1656; x_wconf 63' lang='grc' dir='ltr'>κρείττονυ</span> 
     </span>
    </p>
   </div>
   <div class='ocr_carea' id='block_1_42' title="bbox 2178 1674 3768 1748">
    <p class='ocr_par' dir='ltr' id='par_1_42' title="bbox 2178 1674 3768 1748">
     <span class='ocr_line' id='line_1_42' title="bbox 2178 1674 3768 1748; baseline 0.003 -22"><span class='ocrx_word' id='word_1_275' title='bbox 2178 1674 2301 1745; x_wconf 87' lang='grc' dir='ltr'>Θεῴ</span> <span class='ocrx_word' id='word_1_276' title='bbox 2329 1675 2520 1728; x_wconf 80' lang='grc' dir='ltr'>θυσίαν</span> <span class='ocrx_word' id='word_1_277' title='bbox 2562 1675 2794 1737; x_wconf 83' lang='grc' dir='ltr'>θυούσας</span> <span class='ocrx_word' id='word_1_278' title='bbox 2829 1676 3124 1740; x_wconf 76' lang='grc' dir='ltr'>αἱνέσεωςο</span> <span class='ocrx_word' id='word_1_279' title='bbox 3165 1678 3262 1746; x_wconf 83' lang='grc' dir='ltr'>τῆς</span> <span class='ocrx_word' id='word_1_280' title='bbox 3298 1679 3509 1748; x_wconf 77' lang='grc' dir='ltr'>ἡμέρας</span> <span class='ocrx_word' id='word_1_281' title='bbox 3534 1680 3768 1743; x_wconf 80' lang='grc' dir='ltr'>ἑπτάκις</span> 
     </span>
    </p>
   </div>
   <div class='ocr_carea' id='block_1_43' title="bbox 2177 1766 3762 1843">
    <p class='ocr_par' dir='ltr' id='par_1_43' title="bbox 2177 1766 3762 1843">
     <span class='ocr_line' id='line_1_43' title="bbox 2177 1766 3762 1843; baseline 0.005 -25"><span class='ocrx_word' id='word_1_282' title='bbox 2177 1766 2272 1819; x_wconf 78' lang='grc' dir='ltr'>ἐπὶ</span> <span class='ocrx_word' id='word_1_283' title='bbox 2300 1766 2369 1819; x_wconf 73' lang='grc' dir='ltr'>τὰ</span> <span class='ocrx_word' id='word_1_284' title='bbox 2400 1769 2500 1838; x_wconf 83' lang='grc' dir='ltr'>τῆς</span> <span class='ocrx_word' id='word_1_285' title='bbox 2534 1767 2683 1830; x_wconf 81' lang='grc' dir='ltr'>θείας</span> <span class='ocrx_word' id='word_1_286' title='bbox 2733 1767 3087 1836; x_wconf 74' lang='grc' dir='ltr'>δικαιοσύνης</span> <span class='ocrx_word' id='word_1_287' title='bbox 3127 1770 3390 1827; x_wconf 86' lang='grc' dir='ltr'>αίνούσα;</span> <span class='ocrx_word' id='word_1_288' title='bbox 3442 1773 3724 1843; x_wconf 85' lang='grc' dir='ltr'>μαρτύρια</span> <span class='ocrx_word' id='word_1_289' title='bbox 3748 1786 3762 1799; x_wconf 96' lang='grc'><strong>·</strong></span> 
     </span>
    </p>
   </div>
   <div class='ocr_carea' id='block_1_44' title="bbox 2175 1858 3767 1934">
    <p class='ocr_par' dir='ltr' id='par_1_44' title="bbox 2175 1858 3767 1934">
     <span class='ocr_line' id='line_1_44' title="bbox 2175 1858 3767 1934; baseline 0.004 -24"><span class='ocrx_word' id='word_1_290' title='bbox 2175 1859 2268 1911; x_wconf 76' lang='grc' dir='ltr'>καὶ</span> <span class='ocrx_word' id='word_1_291' title='bbox 2301 1860 2401 1929; x_wconf 88' lang='grc' dir='ltr'>τήν</span> <span class='ocrx_word' id='word_1_292' title='bbox 2428 1876 2486 1912; x_wconf 87' lang='grc' dir='ltr'>τε</span> <span class='ocrx_word' id='word_1_293' title='bbox 2517 1858 2669 1912; x_wconf 81' lang='grc' dir='ltr'>θείαν</span> <span class='ocrx_word' id='word_1_294' title='bbox 2698 1861 3108 1931; x_wconf 72' lang='grc' dir='ltr'>μακαριότητα,</span> <span class='ocrx_word' id='word_1_295' title='bbox 3136 1862 3238 1930; x_wconf 82' lang='grc' dir='ltr'>τήν</span> <span class='ocrx_word' id='word_1_296' title='bbox 3264 1878 3322 1913; x_wconf 89' lang='grc' dir='ltr'>τε</span> <span class='ocrx_word' id='word_1_297' title='bbox 3361 1862 3459 1931; x_wconf 80' lang='grc' dir='ltr'>σήν</span> <span class='ocrx_word' id='word_1_298' title='bbox 3490 1864 3733 1934; x_wconf 81' lang='grc' dir='ltr'>ἁνυμνού</span> <span class='ocrx_word' id='word_1_299' title='bbox 3752 1894 3767 1905; x_wconf 86' lang='lat'><strong>-</strong></span> 
     </span>
    </p>
   </div>
   <div class='ocr_carea' id='block_1_45' title="bbox 2175 1950 3768 2025">
    <p class='ocr_par' dir='ltr' id='par_1_45' title="bbox 2175 1950 3768 2025">
     <span class='ocr_line' id='line_1_45' title="bbox 2175 1950 3768 2025; baseline 0.004 -23"><span class='ocrx_word' id='word_1_300' title='bbox 2175 1966 2274 2012; x_wconf 88' lang='grc' dir='ltr'>σας</span> <span class='ocrx_word' id='word_1_301' title='bbox 2300 1950 2699 2019; x_wconf 75' lang='grc' dir='ltr'>μεγαλειότητα</span> <span class='ocrx_word' id='word_1_302' title='bbox 2720 1968 2735 1981; x_wconf 91' lang='grc'><strong>·</strong></span> <span class='ocrx_word' id='word_1_303' title='bbox 2771 1951 2866 2005; x_wconf 79' lang='grc' dir='ltr'>ἐπὶ</span> <span class='ocrx_word' id='word_1_304' title='bbox 2899 1951 2967 2004; x_wconf 79' lang='grc' dir='ltr'>τὰ</span> <span class='ocrx_word' id='word_1_305' title='bbox 3002 1955 3101 2023; x_wconf 84' lang='grc' dir='ltr'>τῆς</span> <span class='ocrx_word' id='word_1_306' title='bbox 3135 1952 3463 2022; x_wconf 84' lang='grc' dir='ltr'>ὑπερουσίου</span> <span class='ocrx_word' id='word_1_307' title='bbox 3495 1954 3768 2025; x_wconf 84' lang='grc' dir='ltr'>Θεότητος</span> 
     </span>
    </p>
   </div>
   <div class='ocr_carea' id='block_1_46' title="bbox 2175 2036 3765 2113">
    <p class='ocr_par' dir='ltr' id='par_1_46' title="bbox 2175 2036 3765 2113">
     <span class='ocr_line' id='line_1_46' title="bbox 2175 2036 3765 2113; baseline 0.004 -22"><span class='ocrx_word' id='word_1_308' title='bbox 2175 2038 2421 2109; x_wconf 88' lang='grc' dir='ltr'>κρίματα</span> <span class='ocrx_word' id='word_1_309' title='bbox 2445 2036 2893 2109; x_wconf 79' lang='grc' dir='ltr'>ἐξεγειρομέναςο</span> <span class='ocrx_word' id='word_1_310' title='bbox 2923 2041 3062 2109; x_wconf 75' lang='grc' dir='ltr'>μετὰ</span> <span class='ocrx_word' id='word_1_311' title='bbox 3086 2038 3179 2094; x_wconf 85' lang='grc' dir='ltr'>τοῦ</span> <span class='ocrx_word' id='word_1_312' title='bbox 3212 2040 3377 2095; x_wconf 78' lang='grc' dir='ltr'>Δαϐὶδ</span> <span class='ocrx_word' id='word_1_313' title='bbox 3407 2044 3765 2113; x_wconf 75' lang='grc' dir='ltr'>μεσονύκτιον</span> 
     </span>
    </p>
   </div>
   <div class='ocr_carea' id='block_1_47' title="bbox 2174 2128 3765 2203">
    <p class='ocr_par' dir='ltr' id='par_1_47' title="bbox 2174 2128 3765 2203">
     <span class='ocr_line' id='line_1_47' title="bbox 2174 2128 3765 2203; baseline 0.004 -22"><span class='ocrx_word' id='word_1_314' title='bbox 2174 2130 2232 2182; x_wconf 86' lang='grc' dir='ltr'>ἐν</span> <span class='ocrx_word' id='word_1_315' title='bbox 2261 2131 2383 2192; x_wconf 85' lang='grc' dir='ltr'>ταῖς</span> <span class='ocrx_word' id='word_1_316' title='bbox 2415 2129 2564 2195; x_wconf 78' lang='grc' dir='ltr'>νυξὶν</span> <span class='ocrx_word' id='word_1_317' title='bbox 2596 2128 2936 2198; x_wconf 78' lang='grc' dir='ltr'>ἐπαιρούσας</span> <span class='ocrx_word' id='word_1_318' title='bbox 2956 2131 3108 2194; x_wconf 82' lang='grc' dir='ltr'>ὁσίας</span> <span class='ocrx_word' id='word_1_319' title='bbox 3142 2133 3357 2203; x_wconf 83' lang='grc' dir='ltr'>χεῖρας,</span> <span class='ocrx_word' id='word_1_320' title='bbox 3380 2136 3549 2203; x_wconf 71' lang='grc' dir='ltr'>χωρὶς</span> <span class='ocrx_word' id='word_1_321' title='bbox 3579 2133 3765 2188; x_wconf 69' lang='grc' dir='ltr'>διαλο·</span> 
     </span>
    </p>
   </div>
   <div class='ocr_carea' id='block_1_48' title="bbox 2173 2218 3763 2292">
    <p class='ocr_par' dir='ltr' id='par_1_48' title="bbox 2173 2218 3763 2292">
     <span class='ocr_line' id='line_1_48' title="bbox 2173 2218 3763 2292; baseline 0.006 -22"><span class='ocrx_word' id='word_1_322' title='bbox 2173 2218 2410 2287; x_wconf 82' lang='grc' dir='ltr'>γισμῶν,</span> <span class='ocrx_word' id='word_1_323' title='bbox 2433 2218 2514 2281; x_wconf 88' lang='grc' dir='ltr'>είς</span> <span class='ocrx_word' id='word_1_324' title='bbox 2546 2218 2612 2271; x_wconf 72' lang='grc' dir='ltr'>τὰ</span> <span class='ocrx_word' id='word_1_325' title='bbox 2648 2219 2779 2287; x_wconf 83' lang='grc' dir='ltr'>ἆγια</span> <span class='ocrx_word' id='word_1_326' title='bbox 2805 2236 2818 2249; x_wconf 89' lang='grc'><strong>·</strong></span> <span class='ocrx_word' id='word_1_327' title='bbox 2854 2223 2913 2275; x_wconf 79' lang='grc' dir='ltr'>ἐν</span> <span class='ocrx_word' id='word_1_328' title='bbox 2957 2221 3277 2292; x_wconf 74' lang='grc' dir='ltr'>ἐκκλησίαις</span> <span class='ocrx_word' id='word_1_329' title='bbox 3311 2224 3402 2278; x_wconf 83' lang='grc' dir='ltr'>τὸν</span> <span class='ocrx_word' id='word_1_330' title='bbox 3434 2225 3567 2278; x_wconf 78' lang='grc' dir='ltr'>Θεὸν</span> <span class='ocrx_word' id='word_1_331' title='bbox 3604 2228 3763 2280; x_wconf 88' lang='grc' dir='ltr'>εὐλο-</span> 
     </span>
    </p>
   </div>
   <div class='ocr_carea' id='block_1_49' title="bbox 2173 2299 3765 2386">
    <p class='ocr_par' dir='ltr' id='par_1_49' title="bbox 2173 2299 3765 2386">
     <span class='ocr_line' id='line_1_49' title="bbox 2173 2299 3765 2386; baseline 0.009 -27"><span class='ocrx_word' id='word_1_332' title='bbox 2173 2308 2374 2375; x_wconf 85' lang='grc' dir='ltr'>γούσας</span> <span class='ocrx_word' id='word_1_333' title='bbox 2411 2309 2617 2380; x_wconf 82' lang='grc' dir='ltr'>Κύριον</span> <span class='ocrx_word' id='word_1_334' title='bbox 2647 2312 2711 2363; x_wconf 85' lang='grc' dir='ltr'>ἐκ</span> <span class='ocrx_word' id='word_1_335' title='bbox 2742 2311 2934 2381; x_wconf 83' lang='grc' dir='ltr'>πηγῶν</span> <span class='ocrx_word' id='word_1_336' title='bbox 2971 2299 3223 2383; x_wconf 77' lang='grc' dir='ltr'>Ἰσραήλ·</span> <span class='ocrx_word' id='word_1_337' title='bbox 3258 2313 3350 2367; x_wconf 75' lang='grc' dir='ltr'>τὸν</span> <span class='ocrx_word' id='word_1_338' title='bbox 3397 2316 3527 2386; x_wconf 84' lang='grc' dir='ltr'>χοῦν</span> <span class='ocrx_word' id='word_1_339' title='bbox 3569 2318 3765 2373; x_wconf 85' lang='grc' dir='ltr'>κενού-</span> 
     </span>
    </p>
   </div>
   <div class='ocr_carea' id='block_1_50' title="bbox 2175 2401 3761 2483">
    <p class='ocr_par' dir='ltr' id='par_1_50' title="bbox 2175 2401 3761 2483">
     <span class='ocr_line' id='line_1_50' title="bbox 2175 2401 3761 2483; baseline 0.006 -29"><span class='ocrx_word' id='word_1_340' title='bbox 2175 2418 2295 2466; x_wconf 89' lang='grc' dir='ltr'>σας,</span> <span class='ocrx_word' id='word_1_341' title='bbox 2324 2402 2416 2455; x_wconf 73' lang='grc' dir='ltr'>τὸν</span> <span class='ocrx_word' id='word_1_342' title='bbox 2463 2401 2585 2455; x_wconf 82' lang='grc' dir='ltr'>νοῦν</span> <span class='ocrx_word' id='word_1_343' title='bbox 2620 2404 2964 2474; x_wconf 80' lang='grc' dir='ltr'>πτερούσας’</span> <span class='ocrx_word' id='word_1_344' title='bbox 3014 2405 3372 2470; x_wconf 82' lang='grc' dir='ltr'>δουλευούσας</span> <span class='ocrx_word' id='word_1_345' title='bbox 3406 2409 3483 2480; x_wconf 83' lang='grc' dir='ltr'>τῷ</span> <span class='ocrx_word' id='word_1_346' title='bbox 3534 2412 3761 2483; x_wconf 80' lang='grc' dir='ltr'>Κυρίῳ·</span> 
     </span>
    </p>
   </div>
   <div class='ocr_carea' id='block_1_51' title="bbox 2173 2495 3761 2570">
    <p class='ocr_par' dir='ltr' id='par_1_51' title="bbox 2173 2495 3761 2570">
     <span class='ocr_line' id='line_1_51' title="bbox 2173 2495 3761 2570; baseline 0.007 -22"><span class='ocrx_word' id='word_1_347' title='bbox 2173 2495 2403 2561; x_wconf 78' lang='grc' dir='ltr'>ζεούσας</span> <span class='ocrx_word' id='word_1_348' title='bbox 2460 2497 2539 2568; x_wconf 79' lang='grc' dir='ltr'>τῷ</span> <span class='ocrx_word' id='word_1_349' title='bbox 2594 2496 2906 2568; x_wconf 78' lang='grc' dir='ltr'>πνεύματι’</span> <span class='ocrx_word' id='word_1_350' title='bbox 2965 2498 3203 2570; x_wconf 80' lang='grc' dir='ltr'>ἀλλήλας</span> <span class='ocrx_word' id='word_1_351' title='bbox 3255 2503 3630 2569; x_wconf 85' lang='grc' dir='ltr'>κατανοούσας</span> <span class='ocrx_word' id='word_1_352' title='bbox 3680 2508 3761 2569; x_wconf 85' lang='grc' dir='ltr'>είς</span> 
     </span>
    </p>
   </div>
   <div class='ocr_carea' id='block_1_52' title="bbox 2176 2588 3764 2671">
    <p class='ocr_par' dir='ltr' id='par_1_52' title="bbox 2176 2588 3764 2671">
     <span class='ocr_line' id='line_1_52' title="bbox 2176 2588 3764 2671; baseline 0.008 -31"><span class='ocrx_word' id='word_1_353' title='bbox 2176 2588 2529 2671; x_wconf 76' lang='grc' dir='ltr'>παροξυσμὸν</span> <span class='ocrx_word' id='word_1_354' title='bbox 2565 2591 2811 2671; x_wconf 73' lang='grc' dir='ltr'>ἁγᾴπης,</span> <span class='ocrx_word' id='word_1_355' title='bbox 2869 2592 2965 2646; x_wconf 77' lang='grc' dir='ltr'>καὶ</span> <span class='ocrx_word' id='word_1_356' title='bbox 3018 2592 3201 2647; x_wconf 87' lang='grc' dir='ltr'>καλῶν</span> <span class='ocrx_word' id='word_1_357' title='bbox 3249 2594 3427 2667; x_wconf 80' lang='grc' dir='ltr'>ἐργων</span> <span class='ocrx_word' id='word_1_358' title='bbox 3480 2598 3622 2653; x_wconf 78' lang='grc' dir='ltr'>κατὰ</span> <span class='ocrx_word' id='word_1_359' title='bbox 3670 2599 3764 2653; x_wconf 74' lang='grc' dir='ltr'>τὸν</span> 
     </span>
    </p>
   </div>
   <div class='ocr_carea' id='block_1_53' title="bbox 2173 2678 2705 2734">
    <p class='ocr_par' dir='ltr' id='par_1_53' title="bbox 2173 2678 2705 2734">
     <span class='ocr_line' id='line_1_53' title="bbox 2173 2678 2705 2734; baseline 0.006 -3"><span class='ocrx_word' id='word_1_360' title='bbox 2173 2678 2315 2731; x_wconf 78' lang='grc' dir='ltr'>θεῖον</span> <span class='ocrx_word' id='word_1_361' title='bbox 2359 2679 2705 2734; x_wconf 79' lang='grc' dir='ltr'>Ἀπόστολον.</span> 
     </span>
    </p>
   </div>
   <div class='ocr_carea' id='block_1_54' title="bbox 2258 2769 3765 2851">
    <p class='ocr_par' dir='ltr' id='par_1_54' title="bbox 2258 2769 3765 2851">
     <span class='ocr_line' id='line_1_54' title="bbox 2258 2769 3765 2851; baseline 0.01 -30"><span class='ocrx_word' id='word_1_362' title='bbox 2258 2770 2345 2822; x_wconf 86' lang='grc' dir='ltr'>Ἔν</span> <span class='ocrx_word' id='word_1_363' title='bbox 2384 2769 2597 2834; x_wconf 84' lang='grc' dir='ltr'>τούτοις</span> <span class='ocrx_word' id='word_1_364' title='bbox 2633 2771 2698 2842; x_wconf 87' lang='grc' dir='ltr'>δή</span> <span class='ocrx_word' id='word_1_365' title='bbox 2737 2789 2827 2843; x_wconf 90' lang='grc' dir='ltr'>μοι</span> <span class='ocrx_word' id='word_1_366' title='bbox 2861 2772 2962 2844; x_wconf 76' lang='grc' dir='ltr'>τήν</span> <span class='ocrx_word' id='word_1_367' title='bbox 2988 2774 3228 2846; x_wconf 87' lang='grc' dir='ltr'>ποίμνην</span> <span class='ocrx_word' id='word_1_368' title='bbox 3270 2776 3496 2847; x_wconf 87' lang='grc' dir='ltr'>ταύτην,</span> <span class='ocrx_word' id='word_1_369' title='bbox 3522 2772 3569 2832; x_wconf 82' lang='grc' dir='ltr'>ὧ</span> <span class='ocrx_word' id='word_1_370' title='bbox 3597 2797 3765 2851; x_wconf 79' lang='grc' dir='ltr'>κεχα-</span> 
     </span>
    </p>
   </div>
   <div class='ocr_carea' id='block_1_55' title="bbox 2173 2861 3760 2937">
    <p class='ocr_par' dir='ltr' id='par_1_55' title="bbox 2173 2861 3760 2937">
     <span class='ocr_line' id='line_1_55' title="bbox 2173 2861 3760 2937; baseline 0.009 -24"><span class='ocrx_word' id='word_1_371' title='bbox 2173 2861 2453 2932; x_wconf 80' lang='grc' dir='ltr'>ριτωμένη</span> <span class='ocrx_word' id='word_1_372' title='bbox 2477 2861 2569 2915; x_wconf 85' lang='grc' dir='ltr'>τοῦ</span> <span class='ocrx_word' id='word_1_373' title='bbox 2601 2862 2775 2931; x_wconf 86' lang='grc' dir='ltr'>Λόγου</span> <span class='ocrx_word' id='word_1_374' title='bbox 2803 2866 3016 2937; x_wconf 81' lang='grc' dir='ltr'>Μῆτερ,</span> <span class='ocrx_word' id='word_1_375' title='bbox 3042 2868 3133 2920; x_wconf 71' lang='grc' dir='ltr'>καὶ</span> <span class='ocrx_word' id='word_1_376' title='bbox 3162 2868 3271 2921; x_wconf 84' lang='grc' dir='ltr'>τῶν</span> <span class='ocrx_word' id='word_1_377' title='bbox 3304 2870 3558 2924; x_wconf 76' lang='grc' dir='ltr'>ἁπάντων</span> <span class='ocrx_word' id='word_1_378' title='bbox 3589 2873 3760 2926; x_wconf 78' lang='grc' dir='ltr'>Βασί-</span> 
     </span>
    </p>
   </div>
   <div class='ocr_carea' id='block_1_56' title="bbox 490 2951 2067 3027">
    <p class='ocr_par' dir='ltr' id='par_1_56' title="bbox 490 2954 2067 3027">
     <span class='ocr_line' id='line_1_56' title="bbox 490 2954 2067 3027; baseline 0.003 -17"><span class='ocrx_word' id='word_1_379' title='bbox 490 2954 790 3018; x_wconf 86' lang='lat' dir='ltr'><strong>eustodias,</strong></span> <span class='ocrx_word' id='word_1_380' title='bbox 832 2964 893 3009; x_wconf 93' lang='lat' dir='ltr'><strong>ut</strong></span> <span class='ocrx_word' id='word_1_381' title='bbox 939 2954 1067 3009; x_wconf 88' lang='lat' dir='ltr'><strong>hinc</strong></span> <span class='ocrx_word' id='word_1_382' title='bbox 1108 2956 1288 3010; x_wconf 90' lang='lat' dir='ltr'><strong>omnis</strong></span> <span class='ocrx_word' id='word_1_383' title='bbox 1335 2957 1540 3011; x_wconf 88' lang='lat' dir='ltr'><strong>malitia</strong></span> <span class='ocrx_word' id='word_1_384' title='bbox 1573 2966 1628 3012; x_wconf 85' lang='lat' dir='ltr'>et</span> <span class='ocrx_word' id='word_1_385' title='bbox 1664 2958 1970 3027; x_wconf 85' lang='lat' dir='ltr'><strong>ignorantia</strong></span> <span class='ocrx_word' id='word_1_386' title='bbox 1998 2959 2067 3014; x_wconf 88' lang='lat' dir='ltr'>ab</span> 
     </span>
    </p>
   </div>
   <div class='ocr_carea' id='block_1_57' title="bbox 2170 2951 3759 3027">
    <p class='ocr_par' dir='ltr' id='par_1_57' title="bbox 2170 2951 3759 3023">
     <span class='ocr_line' id='line_1_57' title="bbox 2170 2951 3759 3023; baseline 0.008 -19"><span class='ocrx_word' id='word_1_387' title='bbox 2170 2951 2350 3018; x_wconf 90' lang='grc' dir='ltr'>λισσα,</span> <span class='ocrx_word' id='word_1_388' title='bbox 2401 2953 2650 3023; x_wconf 87' lang='grc' dir='ltr'>διατήρει</span> <span class='ocrx_word' id='word_1_389' title='bbox 2682 2970 2739 3006; x_wconf 89' lang='grc' dir='ltr'>τε</span> <span class='ocrx_word' id='word_1_390' title='bbox 2774 2955 2867 3008; x_wconf 74' lang='grc' dir='ltr'>καὶ</span> <span class='ocrx_word' id='word_1_391' title='bbox 2891 2955 3145 3020; x_wconf 75' lang='grc' dir='ltr'>διὰσωζε,</span> <span class='ocrx_word' id='word_1_392' title='bbox 3174 2957 3248 3021; x_wconf 85' lang='grc' dir='ltr'>ὡς</span> <span class='ocrx_word' id='word_1_393' title='bbox 3277 2958 3532 3014; x_wconf 75' lang='grc' dir='ltr'>ἐντεῦθεν</span> <span class='ocrx_word' id='word_1_394' title='bbox 3559 2963 3759 3017; x_wconf 85' lang='grc' dir='ltr'>κακίαν</span> 
     </span>
    </p>
   </div>
   <div class='ocr_carea' id='block_1_58' title="bbox 490 3044 2067 3118">
    <p class='ocr_par' dir='ltr' id='par_1_58' title="bbox 490 3045 2067 3118">
     <span class='ocr_line' id='line_1_58' title="bbox 490 3045 2067 3118; baseline 0.004 -19"><span class='ocrx_word' id='word_1_395' title='bbox 490 3045 559 3100; x_wconf 89' lang='lat' dir='ltr'><strong>iis</strong></span> <span class='ocrx_word' id='word_1_396' title='bbox 581 3046 907 3115; x_wconf 78' lang='lat' dir='ltr'><strong>expellatur,</strong></span> <span class='ocrx_word' id='word_1_397' title='bbox 938 3056 993 3100; x_wconf 90' lang='lat' dir='ltr'>et</span> <span class='ocrx_word' id='word_1_398' title='bbox 1015 3062 1110 3115; x_wconf 89' lang='lat' dir='ltr'><strong>pcr</strong></span> <span class='ocrx_word' id='word_1_399' title='bbox 1134 3048 1516 3118; x_wconf 86' lang='lat' dir='ltr'><strong>purgationem</strong></span> <span class='ocrx_word' id='word_1_400' title='bbox 1552 3064 1771 3118; x_wconf 87' lang='lat' dir='ltr'><strong>semper</strong></span> <span class='ocrx_word' id='word_1_401' title='bbox 1802 3050 2067 3105; x_wconf 89' lang='lat' dir='ltr'><strong>accedant</strong></span> 
     </span>
    </p>
   </div>
   <div class='ocr_carea' id='block_1_59' title="bbox 2170 3044 3760 3118">
    <p class='ocr_par' dir='ltr' id='par_1_59' title="bbox 2170 3044 3760 3116">
     <span class='ocr_line' id='line_1_59' title="bbox 2170 3044 3760 3116; baseline 0.009 -20"><span class='ocrx_word' id='word_1_402' title='bbox 2170 3062 2226 3096; x_wconf 87' lang='grc' dir='ltr'>τε</span> <span class='ocrx_word' id='word_1_403' title='bbox 2259 3044 2464 3097; x_wconf 87' lang='grc' dir='ltr'>τούτων</span> <span class='ocrx_word' id='word_1_404' title='bbox 2499 3047 2678 3098; x_wconf 81' lang='grc' dir='ltr'>πᾶσαν</span> <span class='ocrx_word' id='word_1_405' title='bbox 2707 3048 2801 3098; x_wconf 76' lang='grc' dir='ltr'>καὶ</span> <span class='ocrx_word' id='word_1_406' title='bbox 2834 3045 3060 3114; x_wconf 81' lang='grc' dir='ltr'>ἄγνοιαν</span> <span class='ocrx_word' id='word_1_407' title='bbox 3093 3048 3500 3116; x_wconf 77' lang='grc' dir='ltr'>ἐξελαύνεσθαι,</span> <span class='ocrx_word' id='word_1_408' title='bbox 3548 3057 3644 3108; x_wconf 68' lang='grc' dir='ltr'>καὶ.</span> <span class='ocrx_word' id='word_1_409' title='bbox 3669 3055 3760 3110; x_wconf 79' lang='grc' dir='ltr'>διὰ</span> 
     </span>
    </p>
   </div>
   <div class='ocr_carea' id='block_1_60' title="bbox 489 3133 2067 3217">
    <p class='ocr_par' dir='ltr' id='par_1_60' title="bbox 489 3136 2067 3207">
     <span class='ocr_line' id='line_1_60' title="bbox 489 3136 2067 3207; baseline 0.004 -17"><span class='ocrx_word' id='word_1_410' title='bbox 489 3136 557 3190; x_wconf 90' lang='lat' dir='ltr'>ad</span> <span class='ocrx_word' id='word_1_411' title='bbox 607 3139 934 3206; x_wconf 83' lang='lat' dir='ltr'><strong>puritatem;</strong></span> <span class='ocrx_word' id='word_1_412' title='bbox 963 3152 1266 3206; x_wconf 83' lang='lat' dir='ltr'><strong>earumque</strong></span> <span class='ocrx_word' id='word_1_413' title='bbox 1302 3139 1734 3207; x_wconf 86' lang='lat' dir='ltr'><strong>supplicationes</strong></span> <span class='ocrx_word' id='word_1_414' title='bbox 1782 3140 1850 3195; x_wconf 91' lang='lat' dir='ltr'>ad</span> <span class='ocrx_word' id='word_1_415' title='bbox 1904 3156 2067 3196; x_wconf 86' lang='lat' dir='ltr'><strong>aures</strong></span> 
     </span>
    </p>
   </div>
   <div class='ocr_carea' id='block_1_61' title="bbox 2170 3133 3757 3217">
    <p class='ocr_par' dir='ltr' id='par_1_61' title="bbox 2170 3133 3757 3217">
     <span class='ocr_line' id='line_1_61' title="bbox 2170 3133 3757 3217; baseline 0.009 -30"><span class='ocrx_word' id='word_1_416' title='bbox 2170 3133 2270 3204; x_wconf 80' lang='grc' dir='ltr'>τῆς</span> <span class='ocrx_word' id='word_1_417' title='bbox 2292 3133 2610 3206; x_wconf 78' lang='grc' dir='ltr'>καθάρσεως</span> <span class='ocrx_word' id='word_1_418' title='bbox 2632 3135 2719 3188; x_wconf 66' lang='grc' dir='ltr'>ἀεὶ</span> <span class='ocrx_word' id='word_1_419' title='bbox 2740 3135 2977 3204; x_wconf 76' lang='grc' dir='ltr'>βαδίζειν</span> <span class='ocrx_word' id='word_1_420' title='bbox 3002 3139 3205 3209; x_wconf 83' lang='grc' dir='ltr'>ταύτας</span> <span class='ocrx_word' id='word_1_421' title='bbox 3225 3140 3358 3211; x_wconf 81' lang='grc' dir='ltr'>πρὸς</span> <span class='ocrx_word' id='word_1_422' title='bbox 3382 3142 3757 3217; x_wconf 83' lang='grc' dir='ltr'>καθαρότητα,</span> 
     </span>
    </p>
   </div>
   <div class='ocr_carea' id='block_1_62' title="bbox 488 3201 2067 3308">
    <p class='ocr_par' dir='ltr' id='par_1_62' title="bbox 488 3230 2064 3303">
     <span class='ocr_line' id='line_1_62' title="bbox 488 3230 2064 3303; baseline 0.003 -19"><span class='ocrx_word' id='word_1_423' title='bbox 488 3230 706 3284; x_wconf 88' lang='lat' dir='ltr'><strong>Domini</strong></span> <span class='ocrx_word' id='word_1_424' title='bbox 752 3230 991 3284; x_wconf 90' lang='lat' dir='ltr'><strong>Sabaoth</strong></span> <span class='ocrx_word' id='word_1_425' title='bbox 1030 3232 1355 3286; x_wconf 88' lang='lat' dir='ltr'><strong>attollantur</strong></span> <span class='ocrx_word' id='word_1_426' title='bbox 1396 3242 1453 3286; x_wconf 92' lang='lat' dir='ltr'>et</span> <span class='ocrx_word' id='word_1_427' title='bbox 1481 3232 1847 3299; x_wconf 91' lang='lat' dir='ltr'><strong>inducantur;</strong></span> <span class='ocrx_word' id='word_1_428' title='bbox 1886 3248 2064 3303; x_wconf 88' lang='lat' dir='ltr'><strong>eoque</strong></span> 
     </span>
    </p>
   </div>
   <div class='ocr_carea' id='block_1_63' title="bbox 2170 3201 3756 3308">
    <p class='ocr_par' dir='ltr' id='par_1_63' title="bbox 2173 3225 3756 3308">
     <span class='ocr_line' id='line_1_63' title="bbox 2173 3225 3756 3308; baseline 0.01 -30"><span class='ocrx_word' id='word_1_429' title='bbox 2173 3226 2385 3288; x_wconf 73' lang='grc' dir='ltr'>καὶτὰς</span> <span class='ocrx_word' id='word_1_430' title='bbox 2411 3226 2618 3281; x_wconf 85' lang='grc' dir='ltr'>τούτων</span> <span class='ocrx_word' id='word_1_431' title='bbox 2655 3228 2936 3299; x_wconf 73' lang='grc' dir='ltr'>ἱκετηρίας</span> <span class='ocrx_word' id='word_1_432' title='bbox 2972 3231 3053 3305; x_wconf 74' lang='grc' dir='ltr'>είς</span> <span class='ocrx_word' id='word_1_433' title='bbox 3109 3225 3227 3289; x_wconf 79' lang='grc' dir='ltr'>ὦτα</span> <span class='ocrx_word' id='word_1_434' title='bbox 3262 3235 3476 3308; x_wconf 81' lang='grc' dir='ltr'>Κυρίου</span> <span class='ocrx_word' id='word_1_435' title='bbox 3520 3238 3756 3294; x_wconf 83' lang='grc' dir='ltr'>Σαϐαὼθ</span> 
     </span>
    </p>
   </div>
   <div class='ocr_carea' id='block_1_64' title="bbox 493 3319 2063 3391">
    <p class='ocr_par' dir='ltr' id='par_1_64' title="bbox 493 3319 2063 3391">
     <span class='ocr_line' id='line_1_64' title="bbox 493 3319 2063 3391; baseline 0.003 -17"><span class='ocrx_word' id='word_1_436' title='bbox 493 3329 651 3389; x_wconf 88' lang='lat' dir='ltr'><strong>pacto</strong></span> <span class='ocrx_word' id='word_1_437' title='bbox 683 3320 843 3374; x_wconf 86' lang='lat' dir='ltr'><strong>nobis</strong></span> <span class='ocrx_word' id='word_1_438' title='bbox 899 3320 1027 3374; x_wconf 89' lang='lat' dir='ltr'><strong>inde</strong></span> <span class='ocrx_word' id='word_1_439' title='bbox 1080 3319 1336 3375; x_wconf 86' lang='lat' dir='ltr'><strong>adveniat</strong></span> <span class='ocrx_word' id='word_1_440' title='bbox 1384 3319 1753 3391; x_wconf 88' lang='lat' dir='ltr'><strong>quodcunque</strong></span> <span class='ocrx_word' id='word_1_441' title='bbox 1791 3323 2063 3391; x_wconf 82' lang='lat' dir='ltr'><strong>salutare,</strong></span> 
     </span>
    </p>
   </div>
   <div class='ocr_carea' id='block_1_65' title="bbox 490 3412 2067 3485">
    <p class='ocr_par' dir='ltr' id='par_1_65' title="bbox 490 3412 2067 3485">
     <span class='ocr_line' id='line_1_65' title="bbox 490 3412 2067 3485; baseline 0.004 -20"><span class='ocrx_word' id='word_1_442' title='bbox 490 3412 801 3465; x_wconf 88' lang='lat' dir='ltr'><strong>sacerdotio</strong></span> <span class='ocrx_word' id='word_1_443' title='bbox 833 3412 1116 3477; x_wconf 90' lang='lat' dir='ltr'><strong>videlicet,</strong></span> <span class='ocrx_word' id='word_1_444' title='bbox 1172 3414 1425 3485; x_wconf 86' lang='lat' dir='ltr'><strong>imperio,</strong></span> <span class='ocrx_word' id='word_1_445' title='bbox 1465 3422 1520 3469; x_wconf 92' lang='lat' dir='ltr'>et</span> <span class='ocrx_word' id='word_1_446' title='bbox 1562 3415 1875 3485; x_wconf 63' lang='lat' dir='ltr'><strong>reipublicae</strong></span> <span class='ocrx_word' id='word_1_447' title='bbox 1907 3416 2067 3473; x_wconf 89' lang='lat' dir='ltr'><strong>Chri-</strong></span> 
     </span>
    </p>
   </div>
   <div class='ocr_carea' id='block_1_66' title="bbox 490 3501 2061 3575">
    <p class='ocr_par' dir='ltr' id='par_1_66' title="bbox 490 3501 2061 3575">
     <span class='ocr_line' id='line_1_66' title="bbox 490 3501 2061 3575; baseline 0.004 -19"><span class='ocrx_word' id='word_1_448' title='bbox 490 3502 717 3566; x_wconf 53' lang='lat' dir='ltr'><strong>stianas;</strong></span> <span class='ocrx_word' id='word_1_449' title='bbox 756 3509 829 3560; x_wconf 82' lang='lat' dir='ltr'>ut.</span> <span class='ocrx_word' id='word_1_450' title='bbox 850 3501 980 3556; x_wconf 92' lang='lat' dir='ltr'><strong>hinc</strong></span> <span class='ocrx_word' id='word_1_451' title='bbox 1006 3504 1098 3571; x_wconf 94' lang='lat' dir='ltr'><strong>qui</strong></span> <span class='ocrx_word' id='word_1_452' title='bbox 1133 3502 1336 3556; x_wconf 87' lang='lat' dir='ltr'><strong>Christi</strong></span> <span class='ocrx_word' id='word_1_453' title='bbox 1369 3503 1659 3573; x_wconf 91' lang='lat' dir='ltr'><strong>imperium</strong></span> <span class='ocrx_word' id='word_1_454' title='bbox 1688 3506 2061 3575; x_wconf 87' lang='lat' dir='ltr'><strong>administrat,</strong></span> 
     </span>
    </p>
   </div>
   <div class='ocr_carea' id='block_1_67' title="bbox 492 3593 2065 3666">
    <p class='ocr_par' dir='ltr' id='par_1_67' title="bbox 492 3593 2065 3666">
     <span class='ocr_line' id='line_1_67' title="bbox 492 3593 2065 3666; baseline 0.004 -19"><span class='ocrx_word' id='word_1_455' title='bbox 492 3593 548 3647; x_wconf 91' lang='lat' dir='ltr'>in</span> <span class='ocrx_word' id='word_1_456' title='bbox 575 3593 798 3663; x_wconf 84' lang='lat' dir='ltr'><strong>pietatis</strong></span> <span class='ocrx_word' id='word_1_457' title='bbox 820 3594 1134 3664; x_wconf 86' lang='lat' dir='ltr'><strong>integritate</strong></span> <span class='ocrx_word' id='word_1_458' title='bbox 1169 3594 1417 3648; x_wconf 89' lang='lat' dir='ltr'><strong>subditos</strong></span> <span class='ocrx_word' id='word_1_459' title='bbox 1441 3605 1624 3665; x_wconf 78' lang='lat' dir='ltr'><strong>regat;</strong></span> <span class='ocrx_word' id='word_1_460' title='bbox 1650 3612 1838 3666; x_wconf 88' lang='lat' dir='ltr'><strong>pacem</strong></span> <span class='ocrx_word' id='word_1_461' title='bbox 1857 3599 2065 3653; x_wconf 88' lang='lat' dir='ltr'><strong>mundo</strong></span> 
     </span>
    </p>
   </div>
   <div class='ocr_carea' id='block_1_68' title="bbox 485 3685 2065 3758">
    <p class='ocr_par' dir='ltr' id='par_1_68' title="bbox 485 3685 2065 3758">
     <span class='ocr_line' id='line_1_68' title="bbox 485 3685 2065 3758; baseline 0.004 -19"><span class='ocrx_word' id='word_1_462' title='bbox 485 3692 545 3740; x_wconf 86' lang='lat' dir='ltr'>et</span> <span class='ocrx_word' id='word_1_463' title='bbox 568 3685 1019 3754; x_wconf 85' lang='lat' dir='ltr'><strong>tranquillitatem</strong></span> <span class='ocrx_word' id='word_1_464' title='bbox 1053 3686 1334 3742; x_wconf 87' lang='lat' dir='ltr'><strong>conciliet.</strong></span> <span class='ocrx_word' id='word_1_465' title='bbox 1368 3687 1421 3739; x_wconf 92' lang='lat' dir='ltr'>in</span> <span class='ocrx_word' id='word_1_466' title='bbox 1453 3686 1612 3741; x_wconf 87' lang='lat' dir='ltr'><strong>bonis</strong></span> <span class='ocrx_word' id='word_1_467' title='bbox 1640 3689 1820 3742; x_wconf 91' lang='lat' dir='ltr'><strong>omnis</strong></span> <span class='ocrx_word' id='word_1_468' title='bbox 1847 3690 2065 3758; x_wconf 87' lang='lat' dir='ltr'><strong>generis</strong></span> 
     </span>
    </p>
   </div>
   <div class='ocr_carea' id='block_1_69' title="bbox 484 3770 2063 3841">
    <p class='ocr_par' dir='ltr' id='par_1_69' title="bbox 484 3770 2063 3841">
     <span class='ocr_line' id='line_1_69' title="bbox 484 3770 2063 3841; baseline 0.003 -16"><span class='ocrx_word' id='word_1_469' title='bbox 484 3781 764 3832; x_wconf 76' lang='lat' dir='ltr'><strong>servetur;</strong></span> <span class='ocrx_word' id='word_1_470' title='bbox 788 3770 1167 3840; x_wconf 86' lang='lat' dir='ltr'><strong>Barbarosque</strong></span> <span class='ocrx_word' id='word_1_471' title='bbox 1198 3771 1253 3825; x_wconf 88' lang='lat' dir='ltr'><strong>in</strong></span> <span class='ocrx_word' id='word_1_472' title='bbox 1273 3771 1454 3841; x_wconf 83' lang='lat' dir='ltr'><strong>fugam</strong></span> <span class='ocrx_word' id='word_1_473' title='bbox 1481 3779 1679 3835; x_wconf 88' lang='lat' dir='ltr'><strong>vertat,</strong></span> <span class='ocrx_word' id='word_1_474' title='bbox 1700 3787 1795 3827; x_wconf 90' lang='lat' dir='ltr'>seu</span> <span class='ocrx_word' id='word_1_475' title='bbox 1817 3772 2063 3829; x_wconf 90' lang='lat' dir='ltr'><strong>visibiles</strong></span> 
     </span>
    </p>
   </div>
   <div class='ocr_carea' id='block_1_70' title="bbox 483 3858 2057 3929">
    <p class='ocr_par' dir='ltr' id='par_1_70' title="bbox 483 3858 2057 3929">
     <span class='ocr_line' id='line_1_70' title="bbox 483 3858 2057 3929; baseline 0.003 -16"><span class='ocrx_word' id='word_1_476' title='bbox 483 3858 599 3913; x_wconf 82' lang='lat' dir='ltr'><strong>sive</strong></span> <span class='ocrx_word' id='word_1_477' title='bbox 620 3858 955 3924; x_wconf 86' lang='lat' dir='ltr'><strong>invisibiles;</strong></span> <span class='ocrx_word' id='word_1_478' title='bbox 975 3874 1099 3914; x_wconf 91' lang='lat' dir='ltr'>cum</span> <span class='ocrx_word' id='word_1_479' title='bbox 1118 3873 1213 3913; x_wconf 87' lang='lat' dir='ltr'><strong>eos</strong></span> <span class='ocrx_word' id='word_1_480' title='bbox 1232 3860 1324 3927; x_wconf 85' lang='lat' dir='ltr'><strong>qui</strong></span> <span class='ocrx_word' id='word_1_481' title='bbox 1356 3859 1577 3913; x_wconf 88' lang='lat' dir='ltr'><strong>dorsum</strong></span> <span class='ocrx_word' id='word_1_482' title='bbox 1601 3860 1722 3928; x_wconf 89' lang='lat' dir='ltr'><strong>ejus</strong></span> <span class='ocrx_word' id='word_1_483' title='bbox 1743 3860 2057 3929; x_wconf 90' lang='lat' dir='ltr'><strong>observant,</strong></span> 
     </span>
    </p>
   </div>
   <div class='ocr_carea' id='block_1_71' title="bbox 484 3948 2059 4020">
    <p class='ocr_par' dir='ltr' id='par_1_71' title="bbox 484 3948 2059 4020">
     <span class='ocr_line' id='line_1_71' title="bbox 484 3948 2059 4020; baseline 0.003 -17"><span class='ocrx_word' id='word_1_484' title='bbox 484 3957 600 4003; x_wconf 91' lang='lat' dir='ltr'>tum</span> <span class='ocrx_word' id='word_1_485' title='bbox 652 3963 749 4003; x_wconf 90' lang='lat' dir='ltr'>eos</span> <span class='ocrx_word' id='word_1_486' title='bbox 796 3950 893 4020; x_wconf 88' lang='lat' dir='ltr'><strong>qui</strong></span> <span class='ocrx_word' id='word_1_487' title='bbox 949 3959 1141 4019; x_wconf 91' lang='lat' dir='ltr'><strong>pectus</strong></span> <span class='ocrx_word' id='word_1_488' title='bbox 1195 3951 1315 4020; x_wconf 90' lang='lat' dir='ltr'><strong>ejus</strong></span> <span class='ocrx_word' id='word_1_489' title='bbox 1364 3948 1529 4005; x_wconf 82' lang='lat' dir='ltr'><strong>ferire</strong></span> <span class='ocrx_word' id='word_1_490' title='bbox 1589 3960 1893 4017; x_wconf 90' lang='lat' dir='ltr'><strong>conantur;</strong></span> <span class='ocrx_word' id='word_1_491' title='bbox 1942 3953 2059 4008; x_wconf 88' lang='lat' dir='ltr'><strong>sive</strong></span> 
     </span>
    </p>
   </div>
   <div class='ocr_carea' id='block_1_72' title="bbox 480 4040 2057 4113">
    <p class='ocr_par' dir='ltr' id='par_1_72' title="bbox 480 4040 2057 4113">
     <span class='ocr_line' id='line_1_72' title="bbox 480 4040 2057 4113; baseline 0.002 -18"><span class='ocrx_word' id='word_1_492' title='bbox 480 4050 719 4107; x_wconf 83' lang='lat' dir='ltr'><strong>exteros,</strong></span> <span class='ocrx_word' id='word_1_493' title='bbox 760 4041 876 4096; x_wconf 85' lang='lat' dir='ltr'><strong>sive</strong></span> <span class='ocrx_word' id='word_1_494' title='bbox 924 4040 1229 4111; x_wconf 85' lang='lat' dir='ltr'><strong>indigenas,</strong></span> <span class='ocrx_word' id='word_1_495' title='bbox 1265 4057 1358 4095; x_wconf 86' lang='lat' dir='ltr'>seu</span> <span class='ocrx_word' id='word_1_496' title='bbox 1392 4041 1665 4096; x_wconf 86' lang='lat' dir='ltr'><strong>dracones</strong></span> <span class='ocrx_word' id='word_1_497' title='bbox 1697 4043 1748 4095; x_wconf 89' lang='lat' dir='ltr'>in</span> <span class='ocrx_word' id='word_1_498' title='bbox 1782 4044 1902 4113; x_wconf 90' lang='lat' dir='ltr'><strong>ejus</strong></span> <span class='ocrx_word' id='word_1_499' title='bbox 1930 4044 2057 4098; x_wconf 90' lang='lat' dir='ltr'><strong>sinu</strong></span> 
     </span>
    </p>
   </div>
   <div class='ocr_carea' id='block_1_73' title="bbox 483 4128 2056 4198">
    <p class='ocr_par' dir='ltr' id='par_1_73' title="bbox 483 4128 2056 4198">
     <span class='ocr_line' id='line_1_73' title="bbox 483 4128 2056 4198; baseline 0.003 -13"><span class='ocrx_word' id='word_1_500' title='bbox 483 4128 791 4198; x_wconf 80' lang='lat' dir='ltr'><strong>versantes,</strong></span> <span class='ocrx_word' id='word_1_501' title='bbox 836 4133 1238 4187; x_wconf 78' lang='lat' dir='ltr'><strong>exsecrandum</strong></span> <span class='ocrx_word' id='word_1_502' title='bbox 1280 4130 1335 4187; x_wconf 86' lang='lat' dir='ltr'>et</span> <span class='ocrx_word' id='word_1_503' title='bbox 1366 4132 1795 4188; x_wconf 89' lang='lat' dir='ltr'><strong>abominandum</strong></span> <span class='ocrx_word' id='word_1_504' title='bbox 1828 4136 2056 4191; x_wconf 89' lang='lat' dir='ltr'><strong>malum.</strong></span> 
     </span>
    </p>
   </div>
   <div class='ocr_carea' id='block_1_74' title="bbox 549 4388 2054 4477">
    <p class='ocr_par' dir='ltr' id='par_1_74' title="bbox 549 4388 2054 4477">
     <span class='ocr_line' id='line_1_74' title="bbox 549 4388 2054 4477; baseline 0.009 -24"><span class='ocrx_word' id='word_1_505' title='bbox 549 4388 829 4469; x_wconf 84' lang='lat' dir='ltr'><strong>Ejusmodi</strong></span> <span class='ocrx_word' id='word_1_506' title='bbox 884 4401 1067 4472; x_wconf 88' lang='lat' dir='ltr'><strong>itaque</strong></span> <span class='ocrx_word' id='word_1_507' title='bbox 1129 4394 1516 4474; x_wconf 75' lang='lat' dir='ltr'><strong>imperatorem</strong></span> <span class='ocrx_word' id='word_1_508' title='bbox 1573 4424 1695 4463; x_wconf 88' lang='lat' dir='ltr'>cum</span> <span class='ocrx_word' id='word_1_509' title='bbox 1727 4410 1862 4477; x_wconf 90' lang='lat' dir='ltr'><strong>suis,</strong></span> <span class='ocrx_word' id='word_1_510' title='bbox 1911 4411 2054 4466; x_wconf 90' lang='lat' dir='ltr'><strong>utin</strong></span> 
     </span>
    </p>
   </div>
   <div class='ocr_carea' id='block_1_75' title="bbox 2170 3318 3756 3403">
    <p class='ocr_par' dir='ltr' id='par_1_75' title="bbox 2170 3318 3756 3403">
     <span class='ocr_line' id='line_1_75' title="bbox 2170 3318 3756 3403; baseline 0.011 -32"><span class='ocrx_word' id='word_1_511' title='bbox 2170 3318 2549 3372; x_wconf 82' lang='grc' dir='ltr'>ἀνατείνεσθαι</span> <span class='ocrx_word' id='word_1_512' title='bbox 2602 3335 2660 3370; x_wconf 87' lang='grc' dir='ltr'>τε</span> <span class='ocrx_word' id='word_1_513' title='bbox 2700 3320 2795 3372; x_wconf 73' lang='grc' dir='ltr'>καὶ</span> <span class='ocrx_word' id='word_1_514' title='bbox 2845 3322 3269 3386; x_wconf 71' lang='grc' dir='ltr'>είσοικίξεσθαιο</span> <span class='ocrx_word' id='word_1_515' title='bbox 3304 3329 3399 3381; x_wconf 79' lang='grc' dir='ltr'>καὶ</span> <span class='ocrx_word' id='word_1_516' title='bbox 3426 3328 3598 3393; x_wconf 75' lang='grc' dir='ltr'>οὕτως</span> <span class='ocrx_word' id='word_1_517' title='bbox 3622 3333 3756 3403; x_wconf 74' lang='grc' dir='ltr'>ἡμῖν</span> 
     </span>
    </p>
   </div>
   <div class='ocr_carea' id='block_1_76' title="bbox 2171 3413 3752 3495">
    <p class='ocr_par' dir='ltr' id='par_1_76' title="bbox 2171 3413 3752 3495">
     <span class='ocr_line' id='line_1_76' title="bbox 2171 3413 3752 3495; baseline 0.008 -30"><span class='ocrx_word' id='word_1_518' title='bbox 2171 3413 2381 3467; x_wconf 77' lang='grc' dir='ltr'>ἐκεῖθεν</span> <span class='ocrx_word' id='word_1_519' title='bbox 2418 3413 2646 3483; x_wconf 70' lang='grc' dir='ltr'>ἐφήκειν</span> <span class='ocrx_word' id='word_1_520' title='bbox 2686 3414 2833 3469; x_wconf 70' lang='grc' dir='ltr'>ἅπαν</span> <span class='ocrx_word' id='word_1_521' title='bbox 2881 3415 2910 3469; x_wconf 84' lang='grc' dir='ltr'><strong>ὃ</strong></span> <span class='ocrx_word' id='word_1_522' title='bbox 2941 3434 2996 3469; x_wconf 89' lang='grc' dir='ltr'>τι</span> <span class='ocrx_word' id='word_1_523' title='bbox 3026 3419 3329 3489; x_wconf 73' lang='grc' dir='ltr'>σωτήριονο</span> <span class='ocrx_word' id='word_1_524' title='bbox 3363 3425 3431 3491; x_wconf 75' lang='grc' dir='ltr'>τῇ</span> <span class='ocrx_word' id='word_1_525' title='bbox 3484 3424 3752 3495; x_wconf 80' lang='grc' dir='ltr'>ίερατείᾳ,</span> 
     </span>
    </p>
   </div>
   <div class='ocr_carea' id='block_1_77' title="bbox 2167 3504 3754 3582">
    <p class='ocr_par' dir='ltr' id='par_1_77' title="bbox 2167 3504 3754 3582">
     <span class='ocr_line' id='line_1_77' title="bbox 2167 3504 3754 3582; baseline 0.009 -27"><span class='ocrx_word' id='word_1_526' title='bbox 2167 3508 2231 3575; x_wconf 81' lang='grc' dir='ltr'>τῇ</span> <span class='ocrx_word' id='word_1_527' title='bbox 2267 3504 2535 3577; x_wconf 69' lang='grc' dir='ltr'>βασιλεία,</span> <span class='ocrx_word' id='word_1_528' title='bbox 2569 3508 2648 3578; x_wconf 86' lang='grc' dir='ltr'>τῷ</span> <span class='ocrx_word' id='word_1_529' title='bbox 2682 3508 2823 3562; x_wconf 67' lang='grc' dir='ltr'>κατὰ</span> <span class='ocrx_word' id='word_1_530' title='bbox 2855 3509 3091 3579; x_wconf 76' lang='grc' dir='ltr'>Χριστὸν</span> <span class='ocrx_word' id='word_1_531' title='bbox 3125 3510 3526 3582; x_wconf 80' lang='grc' dir='ltr'>πολιτεύματι·</span> <span class='ocrx_word' id='word_1_532' title='bbox 3559 3516 3636 3579; x_wconf 85' lang='grc' dir='ltr'>ὡς</span> <span class='ocrx_word' id='word_1_533' title='bbox 3665 3518 3754 3569; x_wconf 80' lang='grc' dir='ltr'>ἐν·</span> 
     </span>
    </p>
   </div>
   <div class='ocr_carea' id='block_1_78' title="bbox 2167 3595 3754 3673">
    <p class='ocr_par' dir='ltr' id='par_1_78' title="bbox 2167 3595 3754 3673">
     <span class='ocr_line' id='line_1_78' title="bbox 2167 3595 3754 3673; baseline 0.009 -25"><span class='ocrx_word' id='word_1_534' title='bbox 2167 3595 2359 3649; x_wconf 87' lang='grc' dir='ltr'>τεῦθεν</span> <span class='ocrx_word' id='word_1_535' title='bbox 2397 3599 2492 3651; x_wconf 72' lang='grc' dir='ltr'>καὶ</span> <span class='ocrx_word' id='word_1_536' title='bbox 2536 3599 2627 3653; x_wconf 78' lang='grc' dir='ltr'>τὸν</span> <span class='ocrx_word' id='word_1_537' title='bbox 2660 3599 2752 3653; x_wconf 84' lang='grc' dir='ltr'>τοῦ</span> <span class='ocrx_word' id='word_1_538' title='bbox 2788 3600 3033 3669; x_wconf 80' lang='grc' dir='ltr'>Χριστοῦ</span> <span class='ocrx_word' id='word_1_539' title='bbox 3082 3601 3361 3671; x_wconf 83' lang='grc' dir='ltr'>βασιλειαν</span> <span class='ocrx_word' id='word_1_540' title='bbox 3388 3605 3664 3673; x_wconf 84' lang='grc' dir='ltr'>δίεποντα,</span> <span class='ocrx_word' id='word_1_541' title='bbox 3694 3610 3754 3663; x_wconf 79' lang='grc' dir='ltr'>ἐν</span> 
     </span>
    </p>
   </div>
   <div class='ocr_carea' id='block_1_79' title="bbox 2165 3687 3753 3766">
    <p class='ocr_par' dir='ltr' id='par_1_79' title="bbox 2165 3687 3753 3766">
     <span class='ocr_line' id='line_1_79' title="bbox 2165 3687 3753 3766; baseline 0.01 -27"><span class='ocrx_word' id='word_1_542' title='bbox 2165 3687 2523 3759; x_wconf 84' lang='grc' dir='ltr'>ἁκεραιότητι</span> <span class='ocrx_word' id='word_1_543' title='bbox 2549 3689 2835 3754; x_wconf 86' lang='grc' dir='ltr'>εὐσεϐείας</span> <span class='ocrx_word' id='word_1_544' title='bbox 2874 3691 3087 3746; x_wconf 81' lang='grc' dir='ltr'>διέπειν</span> <span class='ocrx_word' id='word_1_545' title='bbox 3128 3709 3191 3747; x_wconf 83' lang='grc' dir='ltr'>τε</span> <span class='ocrx_word' id='word_1_546' title='bbox 3227 3694 3290 3746; x_wconf 76' lang='grc' dir='ltr'>τὸ</span> <span class='ocrx_word' id='word_1_547' title='bbox 3328 3694 3601 3766; x_wconf 80' lang='grc' dir='ltr'>ὑπήκοον,</span> <span class='ocrx_word' id='word_1_548' title='bbox 3656 3701 3753 3755; x_wconf 78' lang='grc' dir='ltr'>καὶ</span> 
     </span>
    </p>
   </div>
   <div class='ocr_carea' id='block_1_80' title="bbox 2165 3778 3750 3861">
    <p class='ocr_par' dir='ltr' id='par_1_80' title="bbox 2165 3778 3750 3861">
     <span class='ocr_line' id='line_1_80' title="bbox 2165 3778 3750 3861; baseline 0.01 -32"><span class='ocrx_word' id='word_1_549' title='bbox 2165 3778 2393 3850; x_wconf 71' lang='grc' dir='ltr'>εἰρήνην</span> <span class='ocrx_word' id='word_1_550' title='bbox 2429 3781 2508 3850; x_wconf 79' lang='grc' dir='ltr'>τῷ</span> <span class='ocrx_word' id='word_1_551' title='bbox 2542 3782 2733 3852; x_wconf 82' lang='grc' dir='ltr'>κόσμῳ</span> <span class='ocrx_word' id='word_1_552' title='bbox 2760 3782 2858 3836; x_wconf 81' lang='grc' dir='ltr'>καὶ</span> <span class='ocrx_word' id='word_1_553' title='bbox 2883 3783 3206 3838; x_wconf 81' lang='grc' dir='ltr'>εὐστάθειαν</span> <span class='ocrx_word' id='word_1_554' title='bbox 3232 3790 3750 3861; x_wconf 82' lang='grc' dir='ltr'>πραγματεύεσθαι,</span> 
     </span>
    </p>
   </div>
   <div class='ocr_carea' id='block_1_81' title="bbox 2164 3868 3753 3951">
    <p class='ocr_par' dir='ltr' id='par_1_81' title="bbox 2164 3868 3753 3951">
     <span class='ocr_line' id='line_1_81' title="bbox 2164 3868 3753 3951; baseline 0.011 -31"><span class='ocrx_word' id='word_1_555' title='bbox 2164 3868 2221 3920; x_wconf 74' lang='grc' dir='ltr'>ἐν</span> <span class='ocrx_word' id='word_1_556' title='bbox 2251 3869 2437 3933; x_wconf 80' lang='grc' dir='ltr'>καλοῖς</span> <span class='ocrx_word' id='word_1_557' title='bbox 2479 3873 2729 3943; x_wconf 88' lang='grc' dir='ltr'>παγγενῆ</span> <span class='ocrx_word' id='word_1_558' title='bbox 2757 3871 2958 3945; x_wconf 59' lang='lat' dir='ltr'>[ll-vei]</span> <span class='ocrx_word' id='word_1_559' title='bbox 2983 3875 3443 3946; x_wconf 78' lang='grc' dir='ltr'>συντηρούμενον,</span> <span class='ocrx_word' id='word_1_560' title='bbox 3475 3879 3571 3934; x_wconf 81' lang='grc' dir='ltr'>καὶ</span> <span class='ocrx_word' id='word_1_561' title='bbox 3613 3880 3753 3951; x_wconf 81' lang='grc' dir='ltr'>βαρ-</span> 
     </span>
    </p>
   </div>
   <div class='ocr_carea' id='block_1_82' title="bbox 2167 3959 3748 4045">
    <p class='ocr_par' dir='ltr' id='par_1_82' title="bbox 2167 3959 3748 4045">
     <span class='ocr_line' id='line_1_82' title="bbox 2167 3959 3748 4045; baseline 0.011 -32"><span class='ocrx_word' id='word_1_562' title='bbox 2167 3959 2370 4031; x_wconf 79' lang='grc' dir='ltr'>ϐάρους</span> <span class='ocrx_word' id='word_1_563' title='bbox 2400 3964 2798 4033; x_wconf 87' lang='grc' dir='ltr'>τροπούμενον,</span> <span class='ocrx_word' id='word_1_564' title='bbox 2828 3966 2945 4020; x_wconf 85' lang='grc' dir='ltr'>ὅσοι</span> <span class='ocrx_word' id='word_1_565' title='bbox 2976 3983 3036 4020; x_wconf 86' lang='grc' dir='ltr'>τε</span> <span class='ocrx_word' id='word_1_566' title='bbox 3059 3970 3266 4038; x_wconf 63' lang='lat' dir='ltr'><strong>opacet,</strong></span> <span class='ocrx_word' id='word_1_567' title='bbox 3300 3969 3397 4024; x_wconf 78' lang='grc' dir='ltr'>καὶ</span> <span class='ocrx_word' id='word_1_568' title='bbox 3425 3972 3543 4026; x_wconf 81' lang='grc' dir='ltr'>ὅσοι</span> <span class='ocrx_word' id='word_1_569' title='bbox 3574 3975 3748 4045; x_wconf 72' lang='grc' dir='ltr'>ἀόρα-</span> 
     </span>
    </p>
   </div>
   <div class='ocr_carea' id='block_1_83' title="bbox 2162 4055 3749 4131">
    <p class='ocr_par' dir='ltr' id='par_1_83' title="bbox 2162 4055 3749 4131">
     <span class='ocr_line' id='line_1_83' title="bbox 2162 4055 3749 4131; baseline 0.009 -25"><span class='ocrx_word' id='word_1_570' title='bbox 2162 4069 2282 4106; x_wconf 66' lang='grc' dir='ltr'>τον</span> <span class='ocrx_word' id='word_1_571' title='bbox 2317 4055 2430 4109; x_wconf 82' lang='grc' dir='ltr'>ὅσοι</span> <span class='ocrx_word' id='word_1_572' title='bbox 2484 4073 2543 4110; x_wconf 84' lang='grc' dir='ltr'>τε</span> <span class='ocrx_word' id='word_1_573' title='bbox 2591 4058 2659 4111; x_wconf 79' lang='grc' dir='ltr'>τὰ</span> <span class='ocrx_word' id='word_1_574' title='bbox 2695 4058 2841 4112; x_wconf 85' lang='grc' dir='ltr'>νῶτα</span> <span class='ocrx_word' id='word_1_575' title='bbox 2898 4058 3076 4131; x_wconf 82' lang='grc' dir='ltr'>τούτῳ</span> <span class='ocrx_word' id='word_1_576' title='bbox 3119 4060 3405 4131; x_wconf 79' lang='grc' dir='ltr'>τηροῦσιν,</span> <span class='ocrx_word' id='word_1_577' title='bbox 3451 4065 3567 4118; x_wconf 79' lang='grc' dir='ltr'>ὅσοι</span> <span class='ocrx_word' id='word_1_578' title='bbox 3601 4068 3749 4121; x_wconf 81' lang='grc' dir='ltr'>κατὰ</span> 
     </span>
    </p>
   </div>
   <div class='ocr_carea' id='block_1_84' title="bbox 2162 4144 3750 4228">
    <p class='ocr_par' dir='ltr' id='par_1_84' title="bbox 2162 4144 3750 4228">
     <span class='ocr_line' id='line_1_84' title="bbox 2162 4144 3750 4228; baseline 0.009 -31"><span class='ocrx_word' id='word_1_579' title='bbox 2162 4144 2400 4216; x_wconf 79' lang='grc' dir='ltr'>στέρνων</span> <span class='ocrx_word' id='word_1_580' title='bbox 2428 4148 2616 4202; x_wconf 86' lang='grc' dir='ltr'>τοῦτον</span> <span class='ocrx_word' id='word_1_581' title='bbox 2650 4150 2952 4219; x_wconf 85' lang='grc' dir='ltr'>πειρῶνται</span> <span class='ocrx_word' id='word_1_582' title='bbox 3001 4152 3188 4207; x_wconf 81' lang='grc' dir='ltr'>παίειν</span> <span class='ocrx_word' id='word_1_583' title='bbox 3211 4167 3225 4185; x_wconf 80' lang='grc' dir='ltr'><strong><em>ο</em></strong></span> <span class='ocrx_word' id='word_1_584' title='bbox 3263 4153 3382 4207; x_wconf 82' lang='grc' dir='ltr'>ὅσοι</span> <span class='ocrx_word' id='word_1_585' title='bbox 3430 4169 3492 4208; x_wconf 80' lang='grc' dir='ltr'>τε</span> <span class='ocrx_word' id='word_1_586' title='bbox 3541 4156 3750 4228; x_wconf 79' lang='grc' dir='ltr'>ὑπερό-</span> 
     </span>
    </p>
   </div>
   <div class='ocr_carea' id='block_1_85' title="bbox 2164 4236 3747 4316">
    <p class='ocr_par' dir='ltr' id='par_1_85' title="bbox 2164 4236 3747 4316">
     <span class='ocr_line' id='line_1_85' title="bbox 2164 4236 3747 4316; baseline 0.009 -29"><span class='ocrx_word' id='word_1_587' title='bbox 2164 4251 2291 4305; x_wconf 91' lang='grc' dir='ltr'>ριοι,</span> <span class='ocrx_word' id='word_1_588' title='bbox 2325 4236 2420 4290; x_wconf 78' lang='grc' dir='ltr'>καὶ</span> <span class='ocrx_word' id='word_1_589' title='bbox 2450 4238 2567 4291; x_wconf 78' lang='grc' dir='ltr'>ὅσοι</span> <span class='ocrx_word' id='word_1_590' title='bbox 2590 4238 2923 4307; x_wconf 77' lang='grc' dir='ltr'>αὐθιγενεῖς,</span> <span class='ocrx_word' id='word_1_591' title='bbox 2945 4240 2980 4311; x_wconf 77' lang='grc' dir='ltr'>ἢ</span> <span class='ocrx_word' id='word_1_592' title='bbox 3004 4241 3285 4308; x_wconf 84' lang='grc' dir='ltr'>ἐγκόλπιοι</span> <span class='ocrx_word' id='word_1_593' title='bbox 3314 4242 3492 4315; x_wconf 84' lang='grc' dir='ltr'>τούτῳ</span> <span class='ocrx_word' id='word_1_594' title='bbox 3510 4244 3747 4316; x_wconf 74' lang='grc' dir='ltr'>δράκον-</span> 
     </span>
    </p>
   </div>
   <div class='ocr_carea' id='block_1_86' title="bbox 2159 4330 3276 4403">
    <p class='ocr_par' dir='ltr' id='par_1_86' title="bbox 2159 4330 3276 4403">
     <span class='ocr_line' id='line_1_86' title="bbox 2159 4330 3276 4403; baseline 0.005 -21"><span class='ocrx_word' id='word_1_595' title='bbox 2159 4344 2272 4392; x_wconf 82' lang='grc' dir='ltr'>τες,</span> <span class='ocrx_word' id='word_1_596' title='bbox 2306 4330 2367 4382; x_wconf 82' lang='grc' dir='ltr'>τὸ</span> <span class='ocrx_word' id='word_1_597' title='bbox 2394 4331 2729 4385; x_wconf 83' lang='grc' dir='ltr'>ἀπευκταῐόν</span> <span class='ocrx_word' id='word_1_598' title='bbox 2756 4348 2817 4385; x_wconf 81' lang='grc' dir='ltr'>τε</span> <span class='ocrx_word' id='word_1_599' title='bbox 2843 4335 2939 4386; x_wconf 79' lang='grc' dir='ltr'>καὶ</span> <span class='ocrx_word' id='word_1_600' title='bbox 2960 4333 3276 4403; x_wconf 79' lang='grc' dir='ltr'>ἀπώμοτον.</span> 
     </span>
    </p>
   </div>
   <div class='ocr_carea' id='block_1_87' title="bbox 2231 4421 3741 4496">
    <p class='ocr_par' dir='ltr' id='par_1_87' title="bbox 2231 4421 3741 4496">
     <span class='ocr_line' id='line_1_87' title="bbox 2231 4421 3741 4496; baseline 0.009 -23"><span class='ocrx_word' id='word_1_601' title='bbox 2231 4421 2488 4476; x_wconf 86' lang='grc' dir='ltr'>Τοιοῦτον</span> <span class='ocrx_word' id='word_1_602' title='bbox 2532 4423 2597 4493; x_wconf 84' lang='grc' dir='ltr'>δή</span> <span class='ocrx_word' id='word_1_603' title='bbox 2628 4439 2714 4476; x_wconf 91' lang='grc' dir='ltr'>σοι</span> <span class='ocrx_word' id='word_1_604' title='bbox 2754 4424 2846 4478; x_wconf 82' lang='grc' dir='ltr'>τὸν</span> <span class='ocrx_word' id='word_1_605' title='bbox 2886 4424 3114 4493; x_wconf 79' lang='grc' dir='ltr'>βασιλέα</span> <span class='ocrx_word' id='word_1_606' title='bbox 3144 4426 3283 4496; x_wconf 80' lang='grc' dir='ltr'>μετὰ</span> <span class='ocrx_word' id='word_1_607' title='bbox 3311 4426 3420 4480; x_wconf 81' lang='grc' dir='ltr'>τῶν</span> <span class='ocrx_word' id='word_1_608' title='bbox 3461 4428 3521 4493; x_wconf 78' lang='grc' dir='ltr'>ἐξ</span> <span class='ocrx_word' id='word_1_609' title='bbox 3545 4431 3741 4494; x_wconf 81' lang='grc' dir='ltr'>αὐτοῦ.</span> 
     </span>
    </p>
   </div>
   <div class='ocr_carea' id='block_1_88' title="bbox 478 4491 2067 4593">
    <p class='ocr_par' dir='ltr' id='par_1_88' title="bbox 478 4491 2054 4568">
     <span class='ocr_line' id='line_1_88' title="bbox 478 4491 2054 4568; baseline 0.007 -22"><span class='ocrx_word' id='word_1_610' title='bbox 478 4491 622 4557; x_wconf 81' lang='lat' dir='ltr'><strong>aliis,</strong></span> <span class='ocrx_word' id='word_1_611' title='bbox 683 4492 738 4546; x_wconf 91' lang='lat' dir='ltr'><strong>in</strong></span> <span class='ocrx_word' id='word_1_612' title='bbox 796 4493 917 4549; x_wconf 85' lang='lat' dir='ltr'><strong>istis</strong></span> <span class='ocrx_word' id='word_1_613' title='bbox 979 4512 1199 4567; x_wconf 88' lang='lat' dir='ltr'><strong>quoque</strong></span> <span class='ocrx_word' id='word_1_614' title='bbox 1250 4500 1510 4568; x_wconf 89' lang='lat' dir='ltr'><strong>primitiis</strong></span> <span class='ocrx_word' id='word_1_615' title='bbox 1566 4502 1865 4557; x_wconf 84' lang='lat' dir='ltr'><strong>oﬂ&#39;erendis</strong></span> <span class='ocrx_word' id='word_1_616' title='bbox 1916 4503 2054 4558; x_wconf 86' lang='lat' dir='ltr'><strong>mihi</strong></span> 
     </span>
    </p>
   </div>
   <div class='ocr_carea' id='block_1_89' title="bbox 2170 4491 3743 4593">
    <p class='ocr_par' dir='ltr' id='par_1_89' title="bbox 2170 4491 3743 4593">
     <span class='ocr_line' id='line_1_89' title="bbox 2170 4491 3743 4593; baseline 0.008 -28"><span class='ocrx_word' id='word_1_617' title='bbox 2170 4512 2252 4593; x_wconf 65' lang='grc' dir='ltr'>τον</span> <span class='ocrx_word' id='word_1_618' title='bbox 2280 4514 2350 4566; x_wconf 73' lang='grc' dir='ltr'>τά</span> <span class='ocrx_word' id='word_1_619' title='bbox 2386 4530 2447 4565; x_wconf 83' lang='grc' dir='ltr'>τε</span> <span class='ocrx_word' id='word_1_620' title='bbox 2500 4491 2659 4579; x_wconf 73' lang='grc' dir='ltr'>ἄλλα,</span> <span class='ocrx_word' id='word_1_621' title='bbox 2692 4516 2787 4568; x_wconf 80' lang='grc' dir='ltr'>καὶ</span> <span class='ocrx_word' id='word_1_622' title='bbox 2817 4491 2949 4586; x_wconf 80' lang='grc' dir='ltr'>περὶ</span> <span class='ocrx_word' id='word_1_623' title='bbox 2985 4515 3087 4587; x_wconf 79' lang='grc' dir='ltr'>τήν</span> <span class='ocrx_word' id='word_1_624' title='bbox 3117 4491 3376 4589; x_wconf 56' lang='grc' dir='ltr'>ἀπαρχήν</span> <span class='ocrx_word' id='word_1_625' title='bbox 3408 4491 3515 4589; x_wconf 39' lang='grc' dir='ltr'>μοι-</span> <span class='ocrx_word' id='word_1_626' title='bbox 3531 4491 3743 4593; x_wconf 82' lang='grc' dir='ltr'>ταύτην</span> 
     </span>
    </p>
   </div>
   <div class='ocr_carea' id='block_1_90' title="bbox 478 4583 2049 4659">
    <p class='ocr_par' dir='ltr' id='par_1_90' title="bbox 478 4583 2049 4659">
     <span class='ocr_line' id='line_1_90' title="bbox 478 4583 2049 4659; baseline 0.008 -23"><span class='ocrx_word' id='word_1_627' title='bbox 478 4583 836 4646; x_wconf 87' lang='lat' dir='ltr'><strong>concordem,</strong></span> <span class='ocrx_word' id='word_1_628' title='bbox 916 4587 1126 4641; x_wconf 89' lang='lat' dir='ltr'><strong>socium</strong></span> <span class='ocrx_word' id='word_1_629' title='bbox 1195 4589 1546 4659; x_wconf 89' lang='lat' dir='ltr'><strong>benevolum,</strong></span> <span class='ocrx_word' id='word_1_630' title='bbox 1600 4604 1657 4647; x_wconf 90' lang='lat' dir='ltr'>et</span> <span class='ocrx_word' id='word_1_631' title='bbox 1723 4608 2049 4650; x_wconf 87' lang='lat' dir='ltr'><strong>conservum</strong></span> 
     </span>
    </p>
   </div>
   <div class='ocr_carea' id='block_1_91' title="bbox 477 4678 2049 4760">
    <p class='ocr_par' dir='ltr' id='par_1_91' title="bbox 477 4678 2049 4760">
     <span class='ocr_line' id='line_1_91' title="bbox 477 4678 2049 4760; baseline 0.01 -33"><span class='ocrx_word' id='word_1_632' title='bbox 477 4689 683 4739; x_wconf 87' lang='lat' dir='ltr'><strong>meum,</strong></span> <span class='ocrx_word' id='word_1_633' title='bbox 705 4678 959 4759; x_wconf 77' lang='lat' dir='ltr'><strong>egregius</strong></span> <span class='ocrx_word' id='word_1_634' title='bbox 979 4680 1141 4752; x_wconf 89' lang='lat' dir='ltr'><strong>hujus</strong></span> <span class='ocrx_word' id='word_1_635' title='bbox 1168 4682 1331 4738; x_wconf 90' lang='lat' dir='ltr'><strong>ovilis</strong></span> <span class='ocrx_word' id='word_1_636' title='bbox 1350 4694 1526 4760; x_wconf 69' lang='lat' dir='ltr'><strong>emtus</strong></span> <span class='ocrx_word' id='word_1_637' title='bbox 1553 4695 1705 4755; x_wconf 88' lang='lat' dir='ltr'><strong>rogat</strong></span> <span class='ocrx_word' id='word_1_638' title='bbox 1724 4684 2049 4743; x_wconf 67' lang='lat' dir='ltr'><strong>Christiana:</strong></span> 
     </span>
    </p>
   </div>
   <div class='ocr_carea' id='block_1_92' title="bbox 474 4767 2045 4849">
    <p class='ocr_par' dir='ltr' id='par_1_92' title="bbox 474 4767 2045 4849">
     <span class='ocr_line' id='line_1_92' title="bbox 474 4767 2045 4849; baseline 0.01 -29"><span class='ocrx_word' id='word_1_639' title='bbox 474 4767 791 4837; x_wconf 67' lang='lat' dir='ltr'><strong>reipublicae</strong></span> <span class='ocrx_word' id='word_1_640' title='bbox 848 4772 1183 4829; x_wconf 90' lang='lat' dir='ltr'><strong>incolumem</strong></span> <span class='ocrx_word' id='word_1_641' title='bbox 1234 4776 1448 4832; x_wconf 91' lang='lat' dir='ltr'><strong>diutius</strong></span> <span class='ocrx_word' id='word_1_642' title='bbox 1501 4778 1752 4839; x_wconf 86' lang='lat' dir='ltr'><strong>servari;</strong></span> <span class='ocrx_word' id='word_1_643' title='bbox 1782 4779 2045 4849; x_wconf 90' lang='lat' dir='ltr'><strong>omnique</strong></span> 
     </span>
    </p>
   </div>
   <div class='ocr_carea' id='block_1_93' title="bbox 473 4861 2043 4941">
    <p class='ocr_par' dir='ltr' id='par_1_93' title="bbox 473 4861 2043 4941">
     <span class='ocr_line' id='line_1_93' title="bbox 473 4861 2043 4941; baseline 0.01 -30"><span class='ocrx_word' id='word_1_644' title='bbox 473 4868 634 4928; x_wconf 86' lang='lat' dir='ltr'><strong>pacto</strong></span> <span class='ocrx_word' id='word_1_645' title='bbox 667 4861 734 4913; x_wconf 87' lang='lat' dir='ltr'>ad</span> <span class='ocrx_word' id='word_1_646' title='bbox 768 4861 910 4917; x_wconf 88' lang='lat' dir='ltr'><strong>hanc</strong></span> <span class='ocrx_word' id='word_1_647' title='bbox 960 4866 1253 4920; x_wconf 76' lang='lat' dir='ltr'><strong>maximam</strong></span> <span class='ocrx_word' id='word_1_648' title='bbox 1293 4868 1526 4938; x_wconf 88' lang='lat' dir='ltr'><strong>orbique</strong></span> <span class='ocrx_word' id='word_1_649' title='bbox 1571 4870 1866 4925; x_wconf 88' lang='lat' dir='ltr'><strong>salutarem</strong></span> <span class='ocrx_word' id='word_1_650' title='bbox 1898 4872 2043 4941; x_wconf 83' lang='lat' dir='ltr'><strong>peti-</strong></span> 
     </span>
    </p>
   </div>
   <div class='ocr_carea' id='block_1_94' title="bbox 476 4951 2049 5035">
    <p class='ocr_par' dir='ltr' id='par_1_94' title="bbox 476 4951 2049 5035">
     <span class='ocr_line' id='line_1_94' title="bbox 476 4951 2049 5035; baseline 0.01 -32"><span class='ocrx_word' id='word_1_651' title='bbox 476 4951 681 5005; x_wconf 91' lang='lat' dir='ltr'><strong>tionem</strong></span> <span class='ocrx_word' id='word_1_652' title='bbox 710 4951 1247 5022; x_wconf 89' lang='lat' dir='ltr'><strong>impetrandam,tuo</strong></span> <span class='ocrx_word' id='word_1_653' title='bbox 1275 4962 1500 5026; x_wconf 81' lang='lat' dir='ltr'><strong>auxilio,</strong></span> <span class='ocrx_word' id='word_1_654' title='bbox 1524 4962 1815 5032; x_wconf 91' lang='lat' dir='ltr'><strong>validoque</strong></span> <span class='ocrx_word' id='word_1_655' title='bbox 1848 4972 1943 5018; x_wconf 90' lang='lat' dir='ltr'>tuo</span> <span class='ocrx_word' id='word_1_656' title='bbox 1966 4966 2049 5035; x_wconf 88' lang='lat' dir='ltr'>(ut</span> 
     </span>
    </p>
   </div>
   <div class='ocr_carea' id='block_1_95' title="bbox 471 5052 2048 5125">
    <p class='ocr_par' dir='ltr' id='par_1_95' title="bbox 471 5052 2048 5125">
     <span class='ocr_line' id='line_1_95' title="bbox 471 5052 2048 5125; baseline 0.011 -32"><span class='ocrx_word' id='word_1_657' title='bbox 471 5057 602 5121; x_wconf 85' lang='lat' dir='ltr'><strong>vero</strong></span> <span class='ocrx_word' id='word_1_658' title='bbox 627 5054 1056 5101; x_wconf 88' lang='lat' dir='ltr'><strong>consentaneum</strong></span> <span class='ocrx_word' id='word_1_659' title='bbox 1079 5052 1184 5118; x_wconf 86' lang='lat' dir='ltr'><strong>est)</strong></span> <span class='ocrx_word' id='word_1_660' title='bbox 1211 5054 1524 5120; x_wconf 88' lang='lat' dir='ltr'><strong>patrocinio</strong></span> <span class='ocrx_word' id='word_1_661' title='bbox 1550 5070 1690 5124; x_wconf 90' lang='lat' dir='ltr'><strong>opus</strong></span> <span class='ocrx_word' id='word_1_662' title='bbox 1709 5055 1875 5110; x_wconf 89' lang='lat' dir='ltr'><strong>habet</strong></span> <span class='ocrx_word' id='word_1_663' title='bbox 1900 5073 1913 5108; x_wconf 86' lang='lat'><strong>:</strong></span> <span class='ocrx_word' id='word_1_664' title='bbox 1937 5072 2048 5125; x_wconf 91' lang='lat' dir='ltr'>quo</span> 
     </span>
    </p>
   </div>
   <div class='ocr_carea' id='block_1_96' title="bbox 471 5135 2043 5218">
    <p class='ocr_par' dir='ltr' id='par_1_96' title="bbox 471 5135 2043 5218">
     <span class='ocr_line' id='line_1_96' title="bbox 471 5135 2043 5218; baseline 0.01 -30"><span class='ocrx_word' id='word_1_665' title='bbox 471 5135 782 5201; x_wconf 82' lang='lat' dir='ltr'><strong>deﬁciente,</strong></span> <span class='ocrx_word' id='word_1_666' title='bbox 808 5146 971 5207; x_wconf 85' lang='lat' dir='ltr'><strong>atque</strong></span> <span class='ocrx_word' id='word_1_667' title='bbox 997 5141 1135 5196; x_wconf 89' lang='lat' dir='ltr'><strong>adeo</strong></span> <span class='ocrx_word' id='word_1_668' title='bbox 1163 5143 1353 5199; x_wconf 90' lang='lat' dir='ltr'><strong>divino</strong></span> <span class='ocrx_word' id='word_1_669' title='bbox 1374 5162 1483 5200; x_wconf 89' lang='lat' dir='ltr'>non</span> <span class='ocrx_word' id='word_1_670' title='bbox 1506 5147 1762 5202; x_wconf 87' lang='lat' dir='ltr'><strong>adstante</strong></span> <span class='ocrx_word' id='word_1_671' title='bbox 1783 5148 2043 5218; x_wconf 87' lang='lat' dir='ltr'><strong>impulsu,</strong></span> 
     </span>
    </p>
   </div>
   <div class='ocr_carea' id='block_1_97' title="bbox 471 5229 2042 5311">
    <p class='ocr_par' dir='ltr' id='par_1_97' title="bbox 471 5229 2042 5311">
     <span class='ocr_line' id='line_1_97' title="bbox 471 5229 2042 5311; baseline 0.014 -31"><span class='ocrx_word' id='word_1_672' title='bbox 471 5229 606 5283; x_wconf 86' lang='lat' dir='ltr'><strong>nulli</strong></span> <span class='ocrx_word' id='word_1_673' title='bbox 622 5231 869 5285; x_wconf 91' lang='lat' dir='ltr'><strong>omnium</strong></span> <span class='ocrx_word' id='word_1_674' title='bbox 885 5230 1090 5289; x_wconf 89' lang='lat' dir='ltr'><strong>bonum</strong></span> <span class='ocrx_word' id='word_1_675' title='bbox 1107 5236 1331 5305; x_wconf 89' lang='lat' dir='ltr'><strong>aliquod</strong></span> <span class='ocrx_word' id='word_1_676' title='bbox 1351 5241 1568 5310; x_wconf 89' lang='lat' dir='ltr'><strong>operari</strong></span> <span class='ocrx_word' id='word_1_677' title='bbox 1588 5240 1641 5295; x_wconf 92' lang='lat' dir='ltr'>in</span> <span class='ocrx_word' id='word_1_678' title='bbox 1662 5250 1917 5311; x_wconf 86' lang='lat' dir='ltr'><strong>promptu</strong></span> <span class='ocrx_word' id='word_1_679' title='bbox 1936 5255 2042 5301; x_wconf 85' lang='lat' dir='ltr'><strong>est.</strong></span> 
     </span>
    </p>
   </div>
   <div class='ocr_carea' id='block_1_98' title="bbox 540 5402 2044 5489">
    <p class='ocr_par' dir='ltr' id='par_1_98' title="bbox 540 5402 2044 5489">
     <span class='ocr_line' id='line_1_98' title="bbox 540 5402 2044 5489; baseline 0.015 -31"><span class='ocrx_word' id='word_1_680' title='bbox 540 5405 825 5476; x_wconf 88' lang='lat' dir='ltr'><strong>Ejusmodi</strong></span> <span class='ocrx_word' id='word_1_681' title='bbox 878 5412 1032 5468; x_wconf 90' lang='lat' dir='ltr'><strong>tibia</strong></span> <span class='ocrx_word' id='word_1_682' title='bbox 1080 5414 1242 5470; x_wconf 91' lang='lat' dir='ltr'><strong>nobis</strong></span> <span class='ocrx_word' id='word_1_683' title='bbox 1288 5418 1585 5487; x_wconf 83' lang='lat' dir='ltr'><strong>prodeunt,</strong></span> <span class='ocrx_word' id='word_1_684' title='bbox 1638 5436 1672 5474; x_wconf 91' lang='grc' dir='ltr'>ο</span> <span class='ocrx_word' id='word_1_685' title='bbox 1725 5402 1821 5478; x_wconf 82' lang='lat' dir='ltr'>Dei</span> <span class='ocrx_word' id='word_1_686' title='bbox 1847 5424 2044 5489; x_wconf 78' lang='lat' dir='ltr'><strong>Mater,</strong></span> 
     </span>
    </p>
   </div>
   <div class='ocr_carea' id='block_1_99' title="bbox 2156 4590 3743 4681">
    <p class='ocr_par' dir='ltr' id='par_1_99' title="bbox 2156 4590 3743 4681">
     <span class='ocr_line' id='line_1_99' title="bbox 2156 4590 3743 4681; baseline 0.008 -26"><span class='ocrx_word' id='word_1_687' title='bbox 2156 4590 2538 4673; x_wconf 80' lang='grc' dir='ltr'>ὁμογνώμονα,</span> <span class='ocrx_word' id='word_1_688' title='bbox 2572 4610 2667 4659; x_wconf 71' lang='grc' dir='ltr'>καὶ</span> <span class='ocrx_word' id='word_1_689' title='bbox 2703 4606 2983 4677; x_wconf 73' lang='grc' dir='ltr'>συνέριθον</span> <span class='ocrx_word' id='word_1_690' title='bbox 3003 4607 3345 4679; x_wconf 85' lang='grc' dir='ltr'>εὐγνώμονα,</span> <span class='ocrx_word' id='word_1_691' title='bbox 3383 4613 3479 4664; x_wconf 82' lang='grc' dir='ltr'>καὶ</span> <span class='ocrx_word' id='word_1_692' title='bbox 3505 4590 3743 4681; x_wconf 79' lang='grc' dir='ltr'>ὁμόδου-</span> 
     </span>
    </p>
   </div>
   <div class='ocr_carea' id='block_1_100' title="bbox 2156 4692 3741 4779">
    <p class='ocr_par' dir='ltr' id='par_1_100' title="bbox 2156 4692 3741 4779">
     <span class='ocr_line' id='line_1_100' title="bbox 2156 4692 3741 4779; baseline 0.008 -32"><span class='ocrx_word' id='word_1_693' title='bbox 2156 4695 2246 4750; x_wconf 90' lang='grc' dir='ltr'>λον</span> <span class='ocrx_word' id='word_1_694' title='bbox 2266 4712 2279 4725; x_wconf 87' lang='grc'><strong>·</strong></span> <span class='ocrx_word' id='word_1_695' title='bbox 2311 4700 2340 4749; x_wconf 87' lang='grc' dir='ltr'>ὀ</span> <span class='ocrx_word' id='word_1_696' title='bbox 2372 4698 2537 4760; x_wconf 74' lang='grc' dir='ltr'>καλὸς</span> <span class='ocrx_word' id='word_1_697' title='bbox 2562 4692 2719 4762; x_wconf 69' lang='grc' dir='ltr'>οὗτος</span> <span class='ocrx_word' id='word_1_698' title='bbox 2738 4700 2834 4769; x_wconf 83' lang='grc' dir='ltr'>τῆς</span> <span class='ocrx_word' id='word_1_699' title='bbox 2855 4700 3090 4771; x_wconf 80' lang='grc' dir='ltr'>ποίμνης</span> <span class='ocrx_word' id='word_1_700' title='bbox 3110 4701 3403 4772; x_wconf 85' lang='grc' dir='ltr'>εὐχόμενος</span> <span class='ocrx_word' id='word_1_701' title='bbox 3424 4703 3633 4773; x_wconf 83' lang='grc' dir='ltr'>ὅμιλος,</span> <span class='ocrx_word' id='word_1_702' title='bbox 3659 4707 3741 4779; x_wconf 83' lang='grc' dir='ltr'>τῷ</span> 
     </span>
    </p>
   </div>
   <div class='ocr_carea' id='block_1_101' title="bbox 2155 4788 3739 4866">
    <p class='ocr_par' dir='ltr' id='par_1_101' title="bbox 2155 4788 3739 4866">
     <span class='ocr_line' id='line_1_101' title="bbox 2155 4788 3739 4866; baseline 0.006 -25"><span class='ocrx_word' id='word_1_703' title='bbox 2155 4789 2299 4842; x_wconf 80' lang='grc' dir='ltr'>κατὰ</span> <span class='ocrx_word' id='word_1_704' title='bbox 2335 4788 2570 4860; x_wconf 78' lang='grc' dir='ltr'>Χριστὸν</span> <span class='ocrx_word' id='word_1_705' title='bbox 2616 4793 2980 4860; x_wconf 84' lang='grc' dir='ltr'>ἐπιμήκιστσν</span> <span class='ocrx_word' id='word_1_706' title='bbox 3032 4792 3439 4866; x_wconf 80' lang='grc' dir='ltr'>περισώζεσθαι</span> <span class='ocrx_word' id='word_1_707' title='bbox 3481 4796 3739 4851; x_wconf 69' lang='grc' dir='ltr'>πολιτεύ-</span> 
     </span>
    </p>
   </div>
   <div class='ocr_carea' id='block_1_102' title="bbox 2155 4882 3743 4958">
    <p class='ocr_par' dir='ltr' id='par_1_102' title="bbox 2155 4882 3743 4958">
     <span class='ocr_line' id='line_1_102' title="bbox 2155 4882 3743 4958; baseline 0.006 -26"><span class='ocrx_word' id='word_1_708' title='bbox 2155 4897 2287 4949; x_wconf 88' lang='grc' dir='ltr'>ματι</span> <span class='ocrx_word' id='word_1_709' title='bbox 2306 4895 2320 4909; x_wconf 75' lang='grc'><strong>⁸</strong></span> <span class='ocrx_word' id='word_1_710' title='bbox 2351 4884 2493 4935; x_wconf 83' lang='grc' dir='ltr'>κατὰ</span> <span class='ocrx_word' id='word_1_711' title='bbox 2536 4882 2692 4947; x_wconf 80' lang='grc' dir='ltr'>λόγον</span> <span class='ocrx_word' id='word_1_712' title='bbox 2715 4883 2889 4952; x_wconf 71' lang='grc' dir='ltr'>δήπου</span> <span class='ocrx_word' id='word_1_713' title='bbox 2916 4884 3134 4948; x_wconf 76' lang='grc' dir='ltr'>πάντως</span> <span class='ocrx_word' id='word_1_714' title='bbox 3154 4886 3255 4955; x_wconf 85' lang='grc' dir='ltr'>τῆς</span> <span class='ocrx_word' id='word_1_715' title='bbox 3286 4887 3388 4955; x_wconf 83' lang='grc' dir='ltr'>σῆς</span> <span class='ocrx_word' id='word_1_716' title='bbox 3413 4887 3743 4958; x_wconf 72' lang='grc' dir='ltr'>ἐπικουρίας</span> 
     </span>
    </p>
   </div>
   <div class='ocr_carea' id='block_1_103' title="bbox 2157 4967 3742 5051">
    <p class='ocr_par' dir='ltr' id='par_1_103' title="bbox 2157 4967 3742 5051">
     <span class='ocr_line' id='line_1_103' title="bbox 2157 4967 3742 5051; baseline 0.009 -32"><span class='ocrx_word' id='word_1_717' title='bbox 2157 4967 2328 5022; x_wconf 85' lang='grc' dir='ltr'>δεῖται</span> <span class='ocrx_word' id='word_1_718' title='bbox 2359 4970 2454 5022; x_wconf 79' lang='grc' dir='ltr'>καὶ</span> <span class='ocrx_word' id='word_1_719' title='bbox 2486 4975 2775 5040; x_wconf 82' lang='grc' dir='ltr'>κραταιᾶς,</span> <span class='ocrx_word' id='word_1_720' title='bbox 2834 4974 2910 5039; x_wconf 83' lang='grc' dir='ltr'>ὡς</span> <span class='ocrx_word' id='word_1_721' title='bbox 2937 4975 3105 5040; x_wconf 75' lang='grc' dir='ltr'>εἰκὸς,</span> <span class='ocrx_word' id='word_1_722' title='bbox 3145 4976 3484 5047; x_wconf 81' lang='grc' dir='ltr'>ἀντιλήψεως</span> <span class='ocrx_word' id='word_1_723' title='bbox 3515 4981 3645 5051; x_wconf 80' lang='grc' dir='ltr'>περὶ</span> <span class='ocrx_word' id='word_1_724' title='bbox 3674 4981 3742 5034; x_wconf 79' lang='grc' dir='ltr'>τὸ</span> 
     </span>
    </p>
   </div>
   <div class='ocr_carea' id='block_1_104' title="bbox 2159 5058 3740 5142">
    <p class='ocr_par' dir='ltr' id='par_1_104' title="bbox 2159 5058 3740 5142">
     <span class='ocr_line' id='line_1_104' title="bbox 2159 5058 3740 5142; baseline 0.008 -30"><span class='ocrx_word' id='word_1_725' title='bbox 2159 5058 2302 5130; x_wconf 87' lang='grc' dir='ltr'>μέγα</span> <span class='ocrx_word' id='word_1_726' title='bbox 2330 5060 2450 5116; x_wconf 84' lang='grc' dir='ltr'>λίαν</span> <span class='ocrx_word' id='word_1_727' title='bbox 2503 5062 2713 5134; x_wconf 85' lang='grc' dir='ltr'>αῐτημα</span> <span class='ocrx_word' id='word_1_728' title='bbox 2757 5065 2938 5128; x_wconf 84' lang='grc' dir='ltr'>τοῦτο,</span> <span class='ocrx_word' id='word_1_729' title='bbox 2990 5068 3086 5119; x_wconf 73' lang='grc' dir='ltr'>καὶ</span> <span class='ocrx_word' id='word_1_730' title='bbox 3119 5069 3189 5138; x_wconf 74' lang='grc' dir='ltr'>τῇ</span> <span class='ocrx_word' id='word_1_731' title='bbox 3220 5070 3521 5141; x_wconf 71' lang='grc' dir='ltr'>οἰκουμένῃ</span> <span class='ocrx_word' id='word_1_732' title='bbox 3557 5072 3740 5142; x_wconf 86' lang='grc' dir='ltr'>σωτή-</span> 
     </span>
    </p>
   </div>
   <div class='ocr_carea' id='block_1_105' title="bbox 2158 5143 3738 5231">
    <p class='ocr_par' dir='ltr' id='par_1_105' title="bbox 2158 5143 3738 5231">
     <span class='ocr_line' id='line_1_105' title="bbox 2158 5143 3738 5231; baseline 0.01 -31"><span class='ocrx_word' id='word_1_733' title='bbox 2158 5164 2273 5219; x_wconf 88' lang='grc' dir='ltr'>ριον</span> <span class='ocrx_word' id='word_1_734' title='bbox 2293 5164 2306 5178; x_wconf 91' lang='grc'><strong>·</strong></span> <span class='ocrx_word' id='word_1_735' title='bbox 2339 5143 2403 5220; x_wconf 84' lang='grc' dir='ltr'>ἧς</span> <span class='ocrx_word' id='word_1_736' title='bbox 2437 5151 2707 5222; x_wconf 78' lang='grc' dir='ltr'>ἀπούσης,</span> <span class='ocrx_word' id='word_1_737' title='bbox 2727 5155 2822 5208; x_wconf 77' lang='grc' dir='ltr'>καὶ</span> <span class='ocrx_word' id='word_1_738' title='bbox 2852 5154 2990 5224; x_wconf 83' lang='grc' dir='ltr'>μηδέ</span> <span class='ocrx_word' id='word_1_739' title='bbox 3018 5156 3117 5227; x_wconf 82' lang='grc' dir='ltr'>τῆς</span> <span class='ocrx_word' id='word_1_740' title='bbox 3141 5157 3292 5221; x_wconf 86' lang='grc' dir='ltr'>θείας</span> <span class='ocrx_word' id='word_1_741' title='bbox 3325 5158 3501 5229; x_wconf 77' lang='grc' dir='ltr'>ῥοπῆς</span> <span class='ocrx_word' id='word_1_742' title='bbox 3522 5163 3738 5231; x_wconf 77' lang='grc' dir='ltr'>παρού-</span> 
     </span>
    </p>
   </div>
   <div class='ocr_carea' id='block_1_106' title="bbox 2156 5242 3735 5321">
    <p class='ocr_par' dir='ltr' id='par_1_106' title="bbox 2156 5242 3735 5321">
     <span class='ocr_line' id='line_1_106' title="bbox 2156 5242 3735 5321; baseline 0.009 -29"><span class='ocrx_word' id='word_1_743' title='bbox 2156 5256 2278 5312; x_wconf 87' lang='grc' dir='ltr'>σης,</span> <span class='ocrx_word' id='word_1_744' title='bbox 2306 5242 2457 5295; x_wconf 85' lang='grc' dir='ltr'>οὐδὲν</span> <span class='ocrx_word' id='word_1_745' title='bbox 2484 5243 2648 5299; x_wconf 83' lang='grc' dir='ltr'>καλὸν</span> <span class='ocrx_word' id='word_1_746' title='bbox 2673 5244 2851 5299; x_wconf 77' lang='grc' dir='ltr'>οὐδενὶ</span> <span class='ocrx_word' id='word_1_747' title='bbox 2886 5246 2996 5300; x_wconf 85' lang='grc' dir='ltr'>τῶν</span> <span class='ocrx_word' id='word_1_748' title='bbox 3029 5249 3286 5304; x_wconf 82' lang='grc' dir='ltr'>ἁπάντων</span> <span class='ocrx_word' id='word_1_749' title='bbox 3309 5249 3608 5321; x_wconf 79' lang='grc' dir='ltr'>κατορθοῦν</span> <span class='ocrx_word' id='word_1_750' title='bbox 3637 5253 3735 5307; x_wconf 83' lang='grc' dir='ltr'>εὐ-</span> 
     </span>
    </p>
   </div>
   <div class='ocr_carea' id='block_1_107' title="bbox 2150 5333 2334 5396">
    <p class='ocr_par' dir='ltr' id='par_1_107' title="bbox 2150 5333 2334 5396">
     <span class='ocr_line' id='line_1_107' title="bbox 2150 5333 2334 5396; baseline 0.016 -11"><span class='ocrx_word' id='word_1_751' title='bbox 2150 5333 2334 5396; x_wconf 81' lang='grc' dir='ltr'>πετές.</span> 
     </span>
    </p>
   </div>
   <div class='ocr_carea' id='block_1_108' title="bbox 2217 5426 3732 5510">
    <p class='ocr_par' dir='ltr' id='par_1_108' title="bbox 2217 5426 3732 5510">
     <span class='ocr_line' id='line_1_108' title="bbox 2217 5426 3732 5510; baseline 0.009 -31"><span class='ocrx_word' id='word_1_752' title='bbox 2217 5426 2457 5482; x_wconf 83' lang='grc' dir='ltr'>Τοιαῦτά</span> <span class='ocrx_word' id='word_1_753' title='bbox 2487 5444 2577 5510; x_wconf 24' lang='grc' dir='ltr'>σοι.</span> <span class='ocrx_word' id='word_1_754' title='bbox 2606 5428 2677 5483; x_wconf 78' lang='grc' dir='ltr'>τὰ</span> <span class='ocrx_word' id='word_1_755' title='bbox 2710 5429 2840 5501; x_wconf 84' lang='grc' dir='ltr'>παρ’</span> <span class='ocrx_word' id='word_1_756' title='bbox 2873 5430 3054 5501; x_wconf 78' lang='grc' dir='ltr'>ἡμῶν,</span> <span class='ocrx_word' id='word_1_757' title='bbox 3085 5427 3131 5486; x_wconf 80' lang='grc' dir='ltr'><strong>ὦ</strong></span> <span class='ocrx_word' id='word_1_758' title='bbox 3167 5433 3475 5509; x_wconf 83' lang='grc' dir='ltr'>Θεομῆτορ,</span> <span class='ocrx_word' id='word_1_759' title='bbox 3506 5437 3732 5507; x_wconf 80' lang='grc' dir='ltr'>ἁπάσης</span> 
     </span>
    </p>
   </div>
   <div class='ocr_carea' id='block_1_109' title="bbox 469 5502 2067 5599">
    <p class='ocr_par' dir='ltr' id='par_1_109' title="bbox 469 5502 2045 5586">
     <span class='ocr_line' id='line_1_109' title="bbox 469 5502 2045 5586; baseline 0.015 -36"><span class='ocrx_word' id='word_1_760' title='bbox 469 5502 652 5553; x_wconf 85' lang='lat' dir='ltr'><strong>omnis</strong></span> <span class='ocrx_word' id='word_1_761' title='bbox 679 5511 948 5558; x_wconf 69' lang='lat' dir='ltr'><strong>creatura:</strong></span> <span class='ocrx_word' id='word_1_762' title='bbox 976 5506 1225 5570; x_wconf 90' lang='lat' dir='ltr'><strong>Domina,</strong></span> <span class='ocrx_word' id='word_1_763' title='bbox 1273 5523 1372 5577; x_wconf 90' lang='lat' dir='ltr'><strong>pro</strong></span> <span class='ocrx_word' id='word_1_764' title='bbox 1412 5512 1712 5580; x_wconf 70' lang='lat' dir='ltr'><strong>praeteritis</strong></span> <span class='ocrx_word' id='word_1_765' title='bbox 1737 5517 2045 5586; x_wconf 84' lang='lat' dir='ltr'><strong>gratiarum</strong></span> 
     </span>
    </p>
   </div>
   <div class='ocr_carea' id='block_1_110' title="bbox 2170 5502 3733 5599">
    <p class='ocr_par' dir='ltr' id='par_1_110' title="bbox 2170 5502 3733 5599">
     <span class='ocr_line' id='line_1_110' title="bbox 2170 5502 3733 5599; baseline 0.008 -29"><span class='ocrx_word' id='word_1_766' title='bbox 2170 5518 2381 5581; x_wconf 79' lang='grc' dir='ltr'>ιτίσιως</span> <span class='ocrx_word' id='word_1_767' title='bbox 2411 5504 2709 5587; x_wconf 75' lang='grc' dir='ltr'>Δέσποινα,</span> <span class='ocrx_word' id='word_1_768' title='bbox 2750 5521 2843 5575; x_wconf 78' lang='grc' dir='ltr'>ἐπί</span> <span class='ocrx_word' id='word_1_769' title='bbox 2878 5538 2935 5576; x_wconf 88' lang='grc' dir='ltr'>τε</span> <span class='ocrx_word' id='word_1_770' title='bbox 2971 5525 3088 5587; x_wconf 81' lang='grc' dir='ltr'>τοῖς</span> <span class='ocrx_word' id='word_1_771' title='bbox 3110 5502 3543 5596; x_wconf 63' lang='grc' dir='ltr'>παρεληλυθύσιν</span> <span class='ocrx_word' id='word_1_772' title='bbox 3566 5502 3733 5599; x_wconf 78' lang='grc' dir='ltr'>εὐχα-</span> 
     </span>
    </p>
   </div>
   <div class='ocr_carea' id='block_1_111' title="bbox 469 5591 2067 5695">
    <p class='ocr_par' dir='ltr' id='par_1_111' title="bbox 469 5591 2045 5679">
     <span class='ocr_line' id='line_1_111' title="bbox 469 5591 2045 5679; baseline 0.014 -38"><span class='ocrx_word' id='word_1_773' title='bbox 469 5591 733 5655; x_wconf 87' lang='lat' dir='ltr'><strong>actiones.</strong></span> <span class='ocrx_word' id='word_1_774' title='bbox 761 5610 863 5664; x_wconf 91' lang='lat' dir='ltr'><strong>pro</strong></span> <span class='ocrx_word' id='word_1_775' title='bbox 912 5596 1116 5652; x_wconf 81' lang='lat' dir='ltr'><strong>futuris</strong></span> <span class='ocrx_word' id='word_1_776' title='bbox 1164 5599 1618 5669; x_wconf 86' lang='lat' dir='ltr'><strong>supplicationes.</strong></span> <span class='ocrx_word' id='word_1_777' title='bbox 1649 5603 1717 5659; x_wconf 89' lang='lat' dir='ltr'>Et</span> <span class='ocrx_word' id='word_1_778' title='bbox 1760 5608 2045 5679; x_wconf 85' lang='lat' dir='ltr'><strong>contingat</strong></span> 
     </span>
    </p>
   </div>
   <div class='ocr_carea' id='block_1_112' title="bbox 2170 5591 3730 5695">
    <p class='ocr_par' dir='ltr' id='par_1_112' title="bbox 2170 5591 3730 5695">
     <span class='ocr_line' id='line_1_112' title="bbox 2170 5591 3730 5695; baseline 0.009 -33"><span class='ocrx_word' id='word_1_779' title='bbox 2170 5610 2431 5681; x_wconf 75' lang='grc' dir='ltr'>ιιστήρια,</span> <span class='ocrx_word' id='word_1_780' title='bbox 2489 5612 2579 5666; x_wconf 82' lang='grc' dir='ltr'>ἐπί</span> <span class='ocrx_word' id='word_1_781' title='bbox 2640 5631 2702 5667; x_wconf 87' lang='grc' dir='ltr'>τε</span> <span class='ocrx_word' id='word_1_782' title='bbox 2761 5616 2874 5678; x_wconf 81' lang='grc' dir='ltr'>τοῖς</span> <span class='ocrx_word' id='word_1_783' title='bbox 2940 5591 3226 5687; x_wconf 73' lang='grc' dir='ltr'>μέλλουσιν</span> <span class='ocrx_word' id='word_1_784' title='bbox 3284 5591 3553 5695; x_wconf 72' lang='grc' dir='ltr'>ἱκετήρια.</span> <span class='ocrx_word' id='word_1_785' title='bbox 3613 5591 3730 5677; x_wconf 44' lang='lat' dir='ltr'><strong>laci.</strong></span> 
     </span>
    </p>
   </div>
   <div class='ocr_carea' id='block_1_113' title="bbox 540 5707 3715 5803">
    <p class='ocr_par' dir='ltr' id='par_1_113' title="bbox 540 5707 3715 5803">
     <span class='ocr_line' id='line_1_113' title="bbox 540 5707 3715 5803; baseline 0.012 -45"><span class='ocrx_word' id='word_1_786' title='bbox 540 5707 735 5803; x_wconf 43' lang='lat' dir='ltr'>:li‘sgl;</span> <span class='ocrx_word' id='word_1_787' title='bbox 766 5723 956 5803; x_wconf 53' lang='grc' dir='ltr'>χρηιιό</span> <span class='ocrx_word' id='word_1_788' title='bbox 1120 5710 1343 5803; x_wconf 43' lang='lat' dir='ltr'>:Ps‘all.</span> <span class='ocrx_word' id='word_1_789' title='bbox 1378 5713 1643 5803; x_wconf 35' lang='lat' dir='ltr'><strong>Caunii:</strong></span> <span class='ocrx_word' id='word_1_790' title='bbox 1694 5715 1738 5803; x_wconf 44' lang='grc' dir='ltr'><em>Υ</em></span> <span class='ocrx_word' id='word_1_791' title='bbox 1767 5715 1910 5803; x_wconf 58' lang='grc' dir='ltr'>ζεοὶ.</span> <span class='ocrx_word' id='word_1_792' title='bbox 1949 5734 2133 5789; x_wconf 84' lang='lat' dir='ltr'><strong>cxvm,</strong></span> <span class='ocrx_word' id='word_1_793' title='bbox 2170 5721 2292 5779; x_wconf 76' lang='grc' dir='ltr'>ισι.</span> <span class='ocrx_word' id='word_1_794' title='bbox 2370 5725 2582 5785; x_wconf 81' lang='lat' dir='ltr'><strong>&quot;Psal.</strong></span> <span class='ocrx_word' id='word_1_795' title='bbox 2625 5740 2749 5795; x_wconf 75' lang='lat' dir='ltr'>tu,</span> <span class='ocrx_word' id='word_1_796' title='bbox 2773 5726 2825 5783; x_wconf 89' lang='lat'>8.</span> <span class='ocrx_word' id='word_1_797' title='bbox 2905 5731 2951 5763; x_wconf 77' lang='grc' dir='ltr'>ι’</span> <span class='ocrx_word' id='word_1_798' title='bbox 2983 5731 3129 5789; x_wconf 87' lang='lat' dir='ltr'><strong>Psal.</strong></span> <span class='ocrx_word' id='word_1_799' title='bbox 3167 5736 3446 5803; x_wconf 73' lang='lat' dir='ltr'>cxxxu,2.</span> <span class='ocrx_word' id='word_1_800' title='bbox 3491 5736 3535 5769; x_wconf 76' lang='lat'>“</span> <span class='ocrx_word' id='word_1_801' title='bbox 3565 5737 3715 5796; x_wconf 86' lang='lat' dir='ltr'><strong>Psal.</strong></span> 
     </span>
    </p>
   </div>
   <div class='ocr_carea' id='block_1_114' title="bbox 470 5776 1868 5851">
    <p class='ocr_par' dir='ltr' id='par_1_114' title="bbox 470 5776 1868 5851">
     <span class='ocr_line' id='line_1_114' title="bbox 470 5776 1868 5851; baseline 0.011 -25"><span class='ocrx_word' id='word_1_802' title='bbox 470 5787 636 5840; x_wconf 79' lang='lat' dir='ltr'>vau,</span> <span class='ocrx_word' id='word_1_803' title='bbox 666 5777 756 5833; x_wconf 74' lang='lat'>27.</span> <span class='ocrx_word' id='word_1_804' title='bbox 838 5779 884 5811; x_wconf 79' lang='lat'><strong>&quot;</strong></span> <span class='ocrx_word' id='word_1_805' title='bbox 917 5776 1079 5835; x_wconf 78' lang='lat' dir='ltr'><strong>Rom.</strong></span> <span class='ocrx_word' id='word_1_806' title='bbox 1119 5798 1218 5846; x_wconf 78' lang='lat' dir='ltr'><strong>xu,</strong></span> <span class='ocrx_word' id='word_1_807' title='bbox 1251 5783 1341 5836; x_wconf 86' lang='grc' dir='ltr'>Η.</span> <span class='ocrx_word' id='word_1_808' title='bbox 1421 5786 1465 5816; x_wconf 76' lang='grc'>⁸⁸</span> <span class='ocrx_word' id='word_1_809' title='bbox 1493 5783 1661 5838; x_wconf 87' lang='lat' dir='ltr'><strong>llebr.</strong></span> <span class='ocrx_word' id='word_1_810' title='bbox 1693 5800 1747 5851; x_wconf 73' lang='grc' dir='ltr'>ι,</span> <span class='ocrx_word' id='word_1_811' title='bbox 1778 5786 1868 5841; x_wconf 68' lang='grc' dir='ltr'>ει.</span> 
     </span>
    </p>
   </div>
  </div>
