4064 6454
392 436 522 503 ιοθι

1841 427 2197 489 TYl‘lCUM.

3511 431 3651 495 1062

388 558 598 622 γένοιτο
631 553 694 621 δὴ
723 551 854 620 ἡμῖν
880 548 1020 602 κατά
1037 565 1094 599 τε
1122 545 1268 622 τόνδε
1297 545 1384 597 τὸν
1409 545 1520 614 βίον
1554 543 1644 598 τὸν
1679 544 1965 616 ταραχώδη

2075 544 2297 614 quidem
2328 544 2490 598 nobis
2543 545 2596 598 in
2634 544 2736 599 hac
2794 545 3110 600 turbulenta
3156 546 3522 617 ﬂuctibusque
3565 552 3653 621 ja-

391 645 485 700 καὶ
512 643 881 712 πολυκύμονα,
922 639 1026 693 ὑπὸ
1047 638 1143 700 τὰς
1174 637 1270 699 σὰς
1304 634 1619 700 αὐλίζεσθαι
1651 635 1933 705 πτέρυγας
1956 651 1968 668 ·

392 737 469 798 ὡς
502 736 594 788 τόν
617 751 673 787 τε
701 735 776 803 μὴ
798 732 904 785 ὑπὸ
927 730 1151 792 ταύταις
1175 729 1532 797 σκεπόμενον,
1566 726 1700 779 ἀλλὰ
1727 727 1820 780 καὶ
1842 727 1975 796 περὶ

392 827 454 881 τὸ
491 826 583 879 τοῦ
625 826 834 895 κόσμου
867 823 1053 894 μέσον,
1095 821 1129 893 ἢ
1171 820 1230 873 τὸ
1254 819 1364 871 τῶν
1403 818 1686 889 κοσμικῶν
1711 819 1974 889 πραγμά-

392 935 502 971 των
546 917 773 987 κέντρον
812 913 1201 983 στρεφόμενον,
1241 911 1543 981 ἀμήχανον,
1578 911 1611 981 ἢ
1647 912 1738 963 καὶ
1776 911 1974 973 τελέως

394 1008 657 1062 ἀδύνατον
688 1006 763 1078 μὴ
811 1003 1109 1075 φλέγεσθαι
1143 1003 1231 1056 ἐπ’
1259 1002 1548 1073 ἀνθράκων
1595 1000 1905 1072 βαδίζοντα,
1938 1000 1972 1070 ἢ

394 1102 481 1153 ἐπ’
514 1099 765 1154 ἀκανθῶν
799 1097 875 1168 μὴ
898 1095 1258 1166 άμύττεσθαι,
1287 1096 1319 1168 ἢ
1348 1095 1442 1147 ἐπὶ
1467 1092 1639 1162 ξιφῶν
1673 1093 1747 1164 μὴ
1774 1093 1974 1164 αἱμάτ-

393 1191 600 1245 τεσθαι.
902 1197 904 1202 ’

468 1283 626 1337 Κατά
653 1299 711 1336 τε
740 1282 872 1350 γοῦν
898 1282 989 1337 τὸν
1019 1282 1264 1352 παρόντα
1305 1281 1422 1351 βίον
1470 1281 1564 1334 τὸν
1595 1279 1972 1351 πολυκίνητον,

363 1357 490 1430 ⁸ικαὶ
521 1374 968 1445 φιλομετάϐολον,
995 1373 1138 1427 οὕτω
1163 1374 1226 1444 δή
1259 1390 1318 1426 σε
1339 1372 1438 1442 τὴν
1473 1370 1734 1443 καλλονὴν
1781 1370 1974 1424 Ἰακὼϐ

395 1465 714 1537 ὑπερμαχον
743 1465 889 1534 ἔχειν
913 1465 1044 1534 ἡμῖν
1071 1466 1128 1517 ὲν
1155 1465 1323 1516 πᾶσιν
1356 1462 1713 1534 ἀπρόσμαχον
1739 1461 1970 1529 γένοιτο,

393 1554 492 1616 τὰς
525 1555 633 1606 τῶν
665 1554 942 1623 σφετέρων
989 1551 1221 1606 ἐλπίδων
1265 1550 1516 1622 ἀγκύρας
1558 1553 1686 1614 ὅλας
1734 1551 1836 1622 τῆς
1875 1552 1974 1622 σῆς

393 1645 761 1716 χρηστότητος
786 1646 1118 1716 ἐξαρτήσασι
1135 1661 1150 1677 ο
1188 1645 1330 1699 κατά
1350 1663 1408 1699 τε
1433 1644 1589 1716 λῆξιν
1616 1645 1715 1716 τὴν
1747 1645 1971 1716 μέλλον»

395 1753 518 1804 σαν,
557 1738 740 1808 εὑρεῖν
769 1753 829 1790 σε
861 1738 1022 1791 πάλιν
1050 1738 1384 1808 προστάτιδα
1415 1738 1545 1808 περὶ
1567 1737 1627 1790 τὸ
1654 1737 1881 1808 φρικτόν
1909 1754 1969 1790 τε

392 1831 489 1883 καὶ
522 1829 780 1900 μέγα-τοῦ
812 1831 945 1884 Υίοῦ
971 1848 1066 1885 σου
1102 1833 1200 1885 καὶ
1228 1831 1500 1894 Βασιλέως
1534 1832 1820 1902 κριτήριον
1841 1847 1854 1860 ⁸
1879 1832 1966 1884 ὅτε

386 1924 452 1991 δὴ
475 1924 720 1986 καὶτοὺς
743 1923 937 1993 λόγους
960 1924 1070 1976 τῶν
1097 1925 1154 1975 ἐν
1181 1925 1246 1993 τῇ
1275 1922 1412 1994 καλῇ
1435 1921 1690 1993 Ναζαρὲτ
1724 1923 1975 1993 μεγάλων

388 2015 720 2084 εὐαγγελίων
746 2019 845 2086 τῆς
888 2019 946 2070 ὲν
987 2016 1070 2068 σοὶ
1100 2016 1454 2086 παναρῤήτου
1489 2013 1584 2067 τοῦ
1625 2014 1798 2082 Λόγου
1839 2032 1974 2085 σαρο

389 2103 634 2170 κώσεως,
659 2105 876 2159 καὶτῶν
895 2105 1033 2158 κατὰ
1059 2105 1159 2175 τὴν
1187 2106 1336 2176 ἱερὰν
1359 2104 1610 2175 Βηθλεὲμ
1633 2108 1691 2159 ἐν
1709 2108 1772 2175 τῇ
1800 2105 1974 2177 φάτνῃ

390 2197 740 2268 σπαργάνων,
769 2198 819 2251 oi
842 2197 943 2266 τῆς
971 2198 1170 2269 ἀρετῆς
1199 2197 1430 2268 ἐργάται
1463 2199 1757 2266 συνήσουσι
1790 2197 1976 2265 τρανό-

387 2301 442 2339 τε
452 2286 544 2356 ρόν
577 2303 638 2340 τε
688 2287 785 2340 καὶ
812 2285 1220 2359 καθαρώτερον.
1251 2286 1413 2341 Ἀλλὰ
1434 2285 1659 2340 τοιαῦτα
1688 2285 1786 2356 μὲν
1814 2285 1878 2355 δὴ
1906 2287 1972 2357 τῇ

387 2378 770 2448 ὑπερλάμπρῳ
817 2382 913 2434 καὶ
935 2379 1058 2450 θείᾳ
1095 2378 1316 2450 κιϐωτῷ
1345 2395 1428 2433 σοι
1458 2378 1554 2433 τοῦ
1605 2379 1970 2450 ἁγιάσματος,

385 2469 455 2523 τὰ
481 2471 612 2541 παρ’
647 2470 803 2540 ἡμῶν
829 2471 1228 2542 εύχαριστήριά
1271 2488 1330 2524 τε
1355 2471 1450 2525 καὶ
1485 2473 1764 2544 ίκετήρια.
1815 2473 1884 2525 Ἀ
1916 2472 1974 2526 δὲ

388 2561 453 2630 δὴ
493 2561 624 2632 περί
648 2579 709 2615 τε
743 2563 842 2633 τῆς
867 2563 1016 2632 ἱερᾶς
1049 2579 1134 2616 σοι
1171 2563 1436 2635 μάνδρας,
1465 2567 1559 2618 καὶ
1581 2565 1679 2636 τῆς
1707 2565 1814 2618 τῶν
1846 2563 1972 2618 κατ’

385 2653 558 2726 αὐτὴν
617 2653 752 2724 ἡμῖν
812 2652 1216 2710 διατετύπωται
1287 2656 1682 2720 καταστάσεως
1705 2697 1722 2724 ,
1798 2654 1972 2711 ταῦτά

383 2744 554 2802 ἐστιν.

789 2856 1190 2912 ΚΕΦΑΛΑΙΟΝ
1245 2857 1545 2914 ΠΡΩΤΟΝ.

385 2947 533 3028 Περὶ
558 2947 669 3004 τοῦ
700 2949 1030 3028 ἐλευθέραν
1059 2950 1160 3004 καὶ
1199 2952 1652 3028 ᾳύτοδέσποτον
1679 2950 1833 3028 εἶναι
1854 2951 1970 3023 τὴν

451 3021 574 3159 123$
593 3021 1089 3158 ῗίχαριτωμένης,
1117 3022 1216 3076 καὶ
1244 3023 1561 3086 «ardre-av
1598 3021 1969 3094 Θεομήτορος

580 3109 598 3143 ι
661 3130 675 3144 .

2077 648 2221 692 ctata
2251 637 2386 703 vita,
2418 637 2521 692 sub
2544 639 2644 693 alis
2673 640 2781 694 tuis
2819 640 3110 694 stationem
3136 640 3361 696 habere.
3395 642 3658 697 Diliicilli-

2076 744 2226 783 mum
2255 745 2492 799 namque
2516 738 2621 794 est,
2650 729 2760 783 imo
2793 730 2977 800 potius
3005 731 3230 785 omnino
3276 730 3395 785 ﬁeri
3437 733 3656 801 nequit,

2075 833 2202 872 eum
2236 817 2332 888 qui
2365 818 2474 874 illis
2498 834 2607 873 non
2636 818 2860 888 tegitur,
2881 821 2978 874 sed
3012 820 3161 874 circa
3188 819 3380 874 mundi
3410 821 3647 876 medium

2077 912 2163 967 vel
2193 919 2446 967 centrum
2505 927 2692 966 rerum
2743 912 3149 968 mundanarum
3200 923 3490 979 versatur,
3542 929 3646 968 nor:

2077 1005 2329 1059 comburi
2383 1019 2552 1074 super
2599 1005 2870 1060 carbones
2916 1007 3311 1072 ambulantem,
3344 1015 3441 1060 aut
3486 1021 3656 1075 super

2078 1097 2265 1166 spinas
2311 1112 2423 1151 non
2456 1097 2713 1164 lacerari,
2751 1099 2835 1151 vel
2865 1112 3032 1168 super
3063 1098 3269 1170 gladios
3314 1113 3426 1152 non
3452 1113 3657 1153 cruen-

2079 1189 2205 1242 tari.

2149 1282 2206 1336 ln
2241 1282 2343 1337 hac
2390 1283 2560 1354 igitur
2591 1284 2704 1339 vita
2734 1283 2987 1354 plurimis
3016 1283 3259 1340 motibus
3293 1293 3349 1340 et
3393 1285 3657 1339 mutatio-

2079 1373 2243 1429 nibus
2283 1375 2546 1439 obnoxia,
2578 1385 2632 1432 te
2673 1395 2692 1429 ι
2734 1376 2976 1446 speciem
3013 1373 3183 1431 Jacob
3212 1376 3278 1442 ιτ,
3319 1395 3338 1429 ›
3394 1375 3652 1430 invictam

2081 1464 2134 1520 in
2182 1468 2446 1522 omnibus
2487 1470 2971 1539 propugnatricem
3026 1468 3351 1533 habeamus,
3407 1469 3500 1538 qui
3537 1469 3652 1537 spei

2078 1569 2282 1616 nostra:
2340 1561 2611 1615 anchoras
2658 1560 2946 1616 universas
2988 1560 3044 1614 in
3097 1569 3187 1615 tua
3229 1561 3654 1616 mansuetudine

2079 1652 2318 1707 fiximus.
2356 1652 2416 1706 In
2460 1652 2645 1707 futura
2669 1667 2802 1708 vero
2847 1661 3017 1717 sorte,
3053 1660 3106 1707 te
3138 1668 3330 1707 rursus
3359 1653 3651 1708 Patronam

2080 1744 2426 1798 inveniamus
2460 1743 2529 1798 ad
2559 1742 2898 1798 horrendum
2941 1758 3312 1814 magnumque
3338 1744 3456 1798 Filii
3494 1744 3572 1797 tui
3600 1754 3653 1797 ct

2084 1836 2246 1906 Regis
2284 1835 2548 1898 tribunal,
2578 1835 2801 1905 quando
2839 1836 3061 1889 virtutis
3094 1837 3351 1906 operarii,
3385 1846 3497 1891 tum
3533 1854 3652 1891 ma-

2079 1943 2313 2000 gnorum
2335 1938 2500 1998 atque
2521 1927 2828 1982 faustorum
2852 1928 2906 1982 in
2929 1929 3194 1998 praeclara
3219 1929 3486 1984 Nazareth
3514 1946 3652 1983 nun-

2080 2022 2306 2086 tiorum,
2348 2021 2416 2074 de
2471 2019 2738 2074 ineffabili
2793 2019 2958 2074 Verbi
3017 2021 3074 2074 iu
3135 2030 3187 2075 te
3238 2021 3651 2084 incarnatione,

2079 2121 2194 2168 tum
2224 2127 2528 2182 pannorum
2561 2126 2734 2167 sacrae
2761 2111 3043 2166 Bethleem
3077 2113 3349 2181 prresepii,
3385 2114 3649 2166 rationem

2077 2205 2326 2275 apertius
2375 2214 2431 2260 et
2481 2204 2676 2274 purius
2713 2204 3046 2274 intelligent.
3101 2203 3208 2259 Sed
3262 2203 3378 2258 haec
3426 2203 3652 2274 quidem

2078 2298 2177 2354 tibi
2202 2296 2660 2368 splendidissima:
2675 2295 2984 2366 divinisque
3002 2311 3145 2350 arca:
3174 2295 3650 2356 sanctiﬁcationis.

2075 2405 2106 2445 a
2149 2389 2314 2445 nobis
2346 2388 2616 2459 prodeant
2661 2386 2964 2457 gratiarum
3011 2386 3255 2443 actiones
3294 2395 3351 2441 et
3376 2385 3647 2455 supplica-

2077 2483 2278 2539 tiones.
2299 2481 2430 2548 Qua:
2458 2496 2591 2536 vero
2614 2480 2681 2535 de
2700 2479 2798 2534 tibi
2825 2494 2982 2535 sacro
3016 2480 3168 2544 ovili,
3191 2479 3368 2548 deque
3399 2478 3652 2533 instituto

2075 2575 2131 2630 in
2171 2592 2238 2631 eo
2266 2575 2604 2631 versantium
2652 2589 2682 2629 a
2717 2573 2880 2630 nobis
2929 2573 3139 2628 sancita
3170 2582 3320 2639 sunt,
3364 2573 3478 2627 haec
3500 2582 3648 2626 sunt.

2569 2862 2794 2919 CAPUT
2858 2861 2970 2919 PR]
2983 2862 3149 2919 llUM.

2072 2956 2224 3025 Quod
2240 2957 2460 3013 liberum
2483 2958 2667 3028 suique
2687 2956 2829 3028 juris
2858 2972 2968 3010 esse
2994 2955 3177 3010 debeat
3211 2957 3383 3028 gratia
3409 2953 3576 3024 plena'
3597 2963 3649 3007 et

2309 3027 2615 3083 castissima:
2647 3028 2742 3081 Dei
2776 3027 2966 3080 Matris
3012 3027 3412 3079 monasterium.

458 3203 733 3275 Βούλομαι
773 3204 874 3276 τὴν
900 3205 994 3260 ὑπ’
1024 3203 1159 3276 ἐμοῦ
1208 3209 1486 3261 συστᾶσαν
1525 3209 1624 3280 τῆς
1664 3227 1967 3282 κεχαριτω-

2144 3207 2286 3262 Volo
2314 3222 2345 3263 a
2369 3221 2457 3263 me
2507 3205 2794 3261 conditum
2827 3205 3002 3275 gratia
3034 3205 3209 3276 plenae
3244 3205 3485 3260 Dominae
3513 3221 3648 3260 meae

391 3293 562 3365 μένης
587 3296 886 3366 Δεσποίνης
923 3313 1024 3365 μου
1056 3296 1323 3350 Θεοτόκου
1361 3297 1548 3369 μονὴν,
1584 3301 1748 3371 μέχρι
1781 3302 1880 3372 μὲν
1905 3303 1970 3356 ἂν

2076 3299 2320 3368 Deiparae
2348 3297 2743 3354 monasterium
2765 3337 2782 3364 ,
2806 3296 2986 3367 quoad
3013 3297 3236 3367 quidem
3277 3311 3378 3366 ego
3427 3296 3647 3351 assidua

387 3385 504 3454 ἐγὼ
529 3387 596 3457 τῇ
645 3386 816 3456 αὐτῆς
863 3388 1076 3440 ὲκτενεῖ
1123 3387 1395 3458 πρεσϐείᾳ
1438 3390 1534 3443 καὶ
1577 3391 1762 3463 χάριτι
1811 3395 1870 3446 ὲν
1902 3394 1968 3464 τῇ

386 3478 639 3550 παρούσῃ
689 3479 1040 3549 διατηρῶμαι
1085 3479 1222 3551 ζωῇ,
1277 3481 1402 3533 καθ’
1433 3481 1493 3534 ὃν
1522 3482 1588 3536 ἂν
1639 3484 1777 3555 αὑτὴ
1831 3483 1972 3539 θέλω

383 3570 592 3639 τρόπον
637 3570 954 3624 διοικεῖσθαι
1011 3571 1104 3624 καὶ
1151 3571 1506 3641 διεξάγεσθαι
1545 3589 1561 3604 ·
1594 3576 1734 3644 μετὰ
1783 3576 1838 3629 δὲ
1872 3577 1969 3650 τὴν

391 3663 536 3734 ἐμὴν
565 3664 870 3718 άποόίωσιν
903 3663 1213 3736 (ἄνθρωπος
1238 3666 1347 3736 γὰρ
1379 3665 1537 3733 οὖσα,
1575 3665 1760 3722 θανεῖν
1796 3671 1972 3724 ἁπεκ-

383 3756 641 3827 δέχομαι,
665 3756 844 3810 καὶτὸ
873 3756 1051 3811 κοινὸν
1072 3757 1376 3827 ἐπιγνῶναι
1405 3757 1566 3830 χρέος
1590 3759 1691 3830 τῆς
1709 3759 1969 3834 φύσεως),

370 3848 684 3918 ,ἐλευθέραν
714 3846 873 3913 εἶναι,
904 3850 999 3904 καὶ
1036 3850 1458 3917 αὑτοδέσποτον,
1498 3853 1596 3906 καὶ
1628 3854 1812 3925 πάσης
1849 3873 1967 3926 χειν

391 3942 488 4013 ρὸς
517 3947 613 3996 καὶ
656 3941 974 4006 δεσποτείας
1013 3942 1470 4014 ἀπεξενωμένηνο
1509 3944 1604 3998 καὶ
1642 3945 1833 4016 μηδενὶ
1859 3947 1970 4002 τῶν

384 4035 652 4090 ἁπάντων
699 4033 786 4088 ἐπ’
812 4035 949 4104 αὐτῇ
987 4037 1267 4106 προσεῖναι
1298 4035 1476 4088 ὁτιοῦν
1509 4035 1738 4101 δίκαιον,
1769 4037 1800 4109 η
1829 4055 1968 4108 προο

383 4127 611 4196 νόμιον·
645 4125 782 4180 ἀλλὰ
836 4127 1189 4180 παντάπασιν
1235 4124 1404 4178 οὖσαν
1446 4125 1743 4196 ἐλευθέραν
1785 4125 1968 4197 μένειν

384 4218 516 4272 καθ’
539 4217 761 4290 ἑαυτὴν,
825 4217 918 4272 καὶ
973 4219 1057 4287 ἐφ’
1107 4219 1309 4290 ἑαυτῆς
1356 4217 1678 4273 διοικεῖσθαι
1722 4220 1864 4274 κατὰ
1900 4221 1968 4274 τὰ

386 4313 523 4382 παρ’
554 4310 690 4381 ἐμοῦ
724 4309 906 4380 ῥητῶς
936 4309 1175 4365 ἐνταῦθα
1215 4308 1780 4382 διατυπωθησόμενα·
1831 4313 1968 4381 μήτε

388 4403 779 4474 βασιλικοῖ;,ἢ
812 4403 1315 4474 ἐκκλησιαστικοῖς,
1347 4403 1380 4473 ἢ
1430 4405 1810 4475 προσωπικσίς
1851 4408 1970 4458 ὅτε·

378 4497 588 4565 δήποτε
621 4495 1020 4565 ὑποτιθεμένην
1069 4495 1324 4559 δικαίοις,
1367 4497 1506 4567 μήτε
1548 4495 1692 4549 κατὰ
1734 4495 1966 4567 δωρεὰν,

2073 3393 2195 3463 ejus
2223 3391 2620 3447 intercessione
2652 3397 2710 3445 et
2739 3390 2914 3460 gratia
2945 3390 3000 3443 in
3032 3389 3288 3458 praesenti
3319 3388 3431 3442 vita
3455 3403 3652 3458 super-

2073 3491 2186 3538 stes
2213 3497 2331 3546 ero,
2355 3496 2462 3552 qua
2509 3480 2740 3535 voluero
2772 3481 2986 3534 ratione
3019 3479 3392 3535 administrari
3421 3489 3476 3534 et
3511 3481 3647 3550 regi.

2073 3575 2143 3631 At
2188 3583 2313 3646 post
2360 3574 2573 3630 obitum
2625 3589 2811 3628 meum
2848 3573 2932 3643 (ut
2977 3572 3124 3628 enim
3156 3572 3322 3628 homo
3370 3588 3513 3638 sum,
3563 3590 3648 3628 me

2074 3667 2402 3723 morituram
2435 3674 2698 3734 exspecto
2725 3671 2782 3719 et
2814 3677 3107 3718 commune
3141 3672 3349 3717 naturae
3399 3663 3648 3718 debitum

2073 3756 2407 3830 agnituram)
2461 3756 2700 3810 liberum
2752 3770 2874 3811 esse
2933 3763 2992 3811 et
3053 3755 3138 3809 sui
3182 3755 3344 3824 juris,
3385 3755 3650 3825 omnique

2073 3866 2239 3907 manu
2309 3861 2366 3906 et
2408 3850 2655 3905 dominio
2707 3850 2973 3904 solutum.
3031 3847 3228 3901 Nullus
3266 3848 3510 3902 omnium
3562 3849 3654 3917 jus

2073 3944 2379 4016 quodlibet,
2410 3943 2498 3998 vel
2560 3941 2907 4012 privilegium
2943 3940 2999 3994 in
3051 3938 3185 3993 illud
3237 3939 3520 4001 obtineat;
3551 3942 3648 3996 sed

2073 4039 2299 4093 omnino
2327 4037 2566 4092 liberum
2614 4034 2758 4104 apud
2787 4049 2846 4089 se
2899 4041 3136 4095 maneat,
3175 4040 3231 4086 et
3263 4047 3359 4101 per
3404 4033 3648 4102 seipsum

2074 4130 2517 4190 administretur,
2541 4128 2694 4197 juxta
2728 4140 2792 4180 ea
2814 4139 2935 4194 quae
2961 4123 3052 4178 hic
3074 4139 3104 4177 a
3132 4137 3219 4176 me
3241 4137 3498 4193 expresse
3521 4138 3649 4178 san-

2073 4223 2268 4278 cienda
2296 4229 2447 4287 sunt,
2504 4235 2685 4290 neque
2712 4216 3087 4288 imperatorio,
3119 4223 3215 4269 aut
3250 4215 3646 4281 ecclesiastico,

2071 4325 2168 4371 aut
2223 4328 2474 4385 persona:
2514 4313 2894 4382 cujuscunque
2941 4309 3048 4379 juri
3088 4322 3328 4376 unquam
3389 4307 3650 4376 subjicia-

2075 4415 2197 4459 tur:
2219 4405 2368 4458 nulla
2390 4417 2576 4467 causa,
2600 4415 2798 4470 nempe
2824 4399 2976 4462 doni,
3004 4399 3092 4453 vel
3115 4398 3270 4454 factae
3295 4400 3648 4462 accessionis,

2071 4507 2168 4552 aut
2199 4495 2576 4566 inspectionis,
2610 4503 2704 4548 aut
2742 4491 3084 4557 mconomite,
3113 4492 3199 4546 vel
3223 4491 3646 4552 observationis.

383 4587 424 4657 ἢ
459 4586 722 4650 ἐπίδοσιν,
745 4585 779 4654 ἢ
810 4585 1057 4654 ἐφορίαν,
1097 4584 1132 4654 ἢ
1177 4585 1511 4654 οἰκονομίαν,
1544 4585 1579 4657 ἢ
1613 4585 1960 4656 ὲπιτήρησιν,

2075 4605 2177 4646 nec
2227 4589 2477 4660 quolibet
2531 4587 2641 4642 alio
2697 4595 2964 4656 pratextu
2996 4600 3012 4649 ;
3045 4583 3190 4638 nulli
3249 4599 3519 4654 personae,
3554 4595 3650 4638 aut

383 4679 425 4751 ἤ
480 4677 674 4748 ἑτέραν
729 4678 853 4730 τινὰ
908 4678 1204 4746 πρόφασιν,
1260 4676 1542 4747 προσώπῳ
1599 4676 1891 4748 οίῳδήτινι,
1929 4677 1964 4747 ἢ

385 4771 552 4841 μονῇ,
582 4768 616 4840 ἢ
648 4768 838 4836 εὐαγεί
865 4767 1022 4838 οἴκῳ,
1059 4767 1094 4838 ἦ
1123 4767 1201 4837 τῷ
1229 4768 1695 4839 ὁρφανοτροφείῳ,
1720 4769 1753 4840 ἢ
1794 4769 1968 4839 ἑτέρῳ

386 4861 637 4932 σεκρέτῳ
676 4861 776 4934 (ι),
811 4861 843 4932 ἦ
879 4859 1075 4926 ξενῶνί
1107 4877 1214 4914 τινι
1247 4861 1682 4932 ἀνατιθεμὲνην·
1715 4861 1830 4916 ἀλλ’
1864 4862 1970 4913 ὑπὸ

385 4952 488 5023 τὴν
514 4951 764 5016 ἐξουσίαν
795 4951 966 5022 μόνης
995 4951 1095 5019 τῆς
1128 4951 1578 5021 κεχαριτωμένης
1609 4949 1966 5021 Παρθενομή-

383 5039 634 5117 τορος,ᾖ
673 5044 738 5114 δὴ
778 5043 877 5097 καὶ
911 5042 1280 5107 ἁνατόθειται,
1323 5040 1536 5095 κεῖσθαι
1576 5041 1844 5111 μένουσαν
1877 5041 1968 5092 ὲσο

387 5137 505 5202 αεὶ,
537 5137 633 5190 καὶ
671 5136 824 5207 παρὰ
856 5135 954 5205 τῆς
1001 5135 1142 5188 κατὰ
1177 5135 1277 5204 τὴν
1308 5134 1521 5205 ἡμέραν
1554 5131 1966 5203 ήγουμενούσης

387 5230 454 5280 ἐν
501 5229 661 5296 αὐτῇ,
702 5226 1070 5297 κυϐερνᾶσθαι
1110 5242 1170 5278 τε
1206 5225 1300 5278 καὶ
1349 5224 1692 5294 διεξάγεσθαι
1730 5224 1871 5276 κατὰ
1901 5225 1966 5277 τά

389 5318 642 5387 παρόντα
669 5316 826 5388 ήμῶν
859 5317 1224 5388 διατάγματα.

470 5436 515 5466 ¹⁷
549 5435 693 5491 l’sal.
720 5449 864 5500 τινι,
893 5431 944 5484 5.

2075 4679 2435 4743 monasterio,
2459 4691 2628 4731 sacrm
2657 4675 2866 4740 domui,
2896 4681 2990 4727 aut
3038 4671 3533 4740 orphanotmphio,
3563 4673 3649 4722 vel

2076 4774 2169 4828 alii
2226 4778 2462 4835 secreto,
2505 4777 2601 4824 aut
2647 4767 2886 4836 hospitio
2936 4764 3216 4819 addictum
3269 4763 3360 4816 sit.
3396 4761 3503 4816 Sed
3544 4763 3648 4815 sub

2072 4873 2347 4938 potestate
2377 4861 2550 4917 solius
2597 4859 2772 4930 gratia
2826 4857 3001 4927 plena:
3033 4855 3272 4925 Virginis
3315 4853 3523 4920 Matris,
3559 4857 3648 4909 cui

2069 4958 2314 5012 dicatum
2349 4963 2453 5018 est,
2507 4965 2722 5019 semper
2780 4955 3020 5010 maneat,
3055 4955 3112 5001 et
3150 4946 3220 5000 ab
3257 4960 3322 5000 ea
3364 4961 3487 5014 quae
3542 4945 3650 5000 illis

2077 5044 2274 5098 diebus
2291 5041 2561 5112 praefectus
2589 5052 2793 5092 munus
2823 5038 2876 5090 in
2904 5037 3021 5105 ipso
3055 5033 3279 5103 abierit,
3313 5035 3654 5105 gubernetur

2077 5145 2134 5188 et
2177 5130 2631 5191 administretur,
2695 5127 2848 5199 juxta
2886 5133 3187 5196 praesentes
3251 5135 3466 5180 nostras
3522 5142 3652 5191 san-

2077 5227 2311 5282 ctiones.

3595 5313 3658 5342 κ

1663 5517 2128 5581 Montfauconii
2175 5523 2363 5578 noue.

468 5652 544 5723 (i)
570 5648 856 5719 Σεκρέτῳ.
890 5648 1154 5723 Tribunal
1179 5647 1516 5723 juridicum,
1565 5645 1620 5723 in
1671 5659 1782 5713 quo
1807 5643 1968 5723 etiam

385 5715 640 5779 arc'h'ivia
681 5715 1143 5774 'asservabautur.
1178 5715 1346 5771 Erant
1397 5721 1550 5786 plura
1577 5715 1968 5786 Constantino-

388 5797 504 5865 poli
569 5801 778 5845 secreta
825 5790 988 5865 variis
1041 5791 1272 5865 negotiis
1339 5784 1623 5865 deputata,
1668 5784 1972 5865 (le-quibus

389 5854 514 5917 i’use
562 5877 789 5917 summa:
849 5860 932 5911 vir
958 5854 1283 5911 eruditionis
1338 5854 1576 5927 tlangius
1614 5855 1666 5907 in
1701 5854 1968 5908 (ilossario

631 5957 900 6018 PATRUL.
931 5954 1044 6009 Gn.
1089 5952 1400 6013 CXXV“.

2081 5639 2304 5701 Graeco;
2343 5635 2518 5691 fusius
2547 5644 2728 5690 autem
2759 5635 2812 5688 in
2856 5649 2952 5689 sua
3006 5633 3464 5702 (ἷοηειαηιὶηοροιὶ
3493 5632 3646 5684 Chri-

2078 5712 2279 5768 stiana,
2306 5708 2398 5760 uhi
2430 5711 2487 5760 :‘c
2505 5706 2733 5760 secretis
2751 5704 3010 5759 oumibus
3032 5705 3652 5772 Constantinopolitans

2081 5780 2302 5832 videsis.

2081 5793 2302 5833 νιαεεις.

3231 5927 3304 5989 32
