4064 6438
505 406 644 472 1Ἷο5

1899 405 2261 467 TYPICUM.

3604 407 3741 474 1006

498 518 1085 589 παραχαραττόμενον,
1143 518 1176 587 ἢ
1212 517 1617 588 εὐλοιούμενον,
1658 517 1790 584 μηδὲ
1834 533 2069 585 παρακι-

2178 512 2340 565 modo
2393 510 2759 575 adulteretur,
2814 512 2897 565 vel
2941 520 3205 579 mutetur,
3232 521 3325 567 aut
3376 524 3742 585 pcrvertatur,

500 614 759 679 νούμενον
787 610 853 663 δι’
886 611 1169 680 ἡντιναοῦν
1207 612 1411 673 αἰτίαν,
1469 612 1502 679 ἢ
1538 610 1837 681 πρόφασιν·
1876 611 1951 678 μὴ
1981 610 2068 661 διὰ

498 702 747 762 πλοῦτον,
780 700 855 772 μὴ
892 702 978 755 διὰ
1010 700 1220 766 πενίαν,
1256 700 1328 770 μὴ
1357 699 1424 753 δι’
1452 699 1685 769 ἀφορίαν
1714 699 1749 766 ἢ
1781 698 2066 768 εὐφορίαν,

501 790 577 859 μὴ
611 790 679 842 δι’
708 790 876 861 ἄλλην
905 788 1194 842 ὁποιανοῦν
1228 787 1566 856 εύλογοφανῆ
1596 785 1797 846 αἰτίαν,
1834 783 1867 853 ἦ
1900 785 2070 850 ἀφορ-

501 884 638 949 μήν·
671 881 808 933 ἀλλὰ
848 882 1025 951 πάντη
1068 897 1127 933 τε
1174 882 1267 933 καὶ
1321 880 1541 941 πάντως
1578 880 1678 946 τὴν
1721 873 2070 943 κοινοὸιακὴν

500 970 864 1041 φυλάττεσθαι
896 971 1173 1040 διαγωγὴν
1204 971 1297 1023 καὶ
1317 968 1653 1023 κατάστασιν
1673 966 1839 1037 μέχρι
1870 964 2071 1026 παντὸς

498 1066 990 1136 ἀπαράθραυστον’
1052 1063 1254 1125 κᾶνείς
1283 1061 1377 1115 δύο
1409 1059 1758 1131 μοναζουσῶν
1789 1056 2070 1126 διάρκειαν

503 1157 822 1227 περιστῆναι
870 1156 1053 1226 συμϐῇ
1094 1154 1192 1223 τὴν
1235 1152 1365 1223 ὃλην
1417 1152 1701 1222 πρόσοδον
1732 1150 1829 1218 τῆς
1878 1147 2067 1217 μονῆς,

500 1252 595 1302 καὶ
633 1248 805 1311 αὑτὰς
853 1246 1212 1308 κοινοϐιακῶς
1244 1244 1549 1315 βουλόμεθα
1582 1241 1703 1313 ζῇν,
1739 1241 1834 1294 καὶ
1863 1238 1940 1308 τῷ
1972 1240 2071 1307 τῆς

497 1339 775 1408 διαγωγῆς
823 1337 1025 1407 ταύτης
1092 1336 1277 1393 κανόνι
1333 1336 1585 1405 στοιχεῖν.
1646 1332 1764 1389 Κᾶν
1814 1331 1912 1402 μὲν
1962 1329 2069 1381 τῶν

498 1430 817 1499 ἡγουμένων
840 1447 923 1492 τις
949 1426 1193 1482 ἐναντίον
1230 1426 1486 1497 βουληθῇ,
1518 1424 1616 1486 τὰς
1650 1421 1859 1494 μοναχά
1870 1441 1887 1484 ;
1922 1421 2070 1475 ἀντι-

497 1522 676 1589 )έγειν
699 1539 711 1552 ο
739 1523 787 1575 εἰ
810 1522 855 1575 δ’
885 1522 941 1575 αἰ
968 1520 1219 1589 μοναχαὶ,
1244 1519 1340 1589 τὴν
1364 1518 1674 1588 ἡγουμένην
1701 1513 2065 1569 ἀντιπίπτειν*

498 1616 548 1668 εἰ
572 1616 630 1668 δὲ
663 1615 759 1669 καὶ
790 1613 1076 1683 σύμπασαι
1110 1612 1573 1682 συμφρονήσαιεν,
1618 1609 1715 1677 τὴν
1758 1607 1853 1676 τῆς
1901 1607 2071 1675 μονῆς

497 1704 1044 1776 ἀντιλαμϐανομένην
1094 1704 1166 1756 τὰ
1239 1703 1370 1774 παρ’
1442 1703 1600 1773 ἡμῶν
1668 1699 2070 1767 διατεταγμένα

495 1798 806 1852 διεκδικεῖν.
862 1797 924 1849 Εἰ
971 1796 1027 1849 δὲ
1070 1797 1165 1849 καὶ
1209 1794 1350 1864 αὕτη
1399 1792 1636 1854 ἐκείναις
1670 1788 2064 1859 συναπαχθειη,

2174 605 2246 659 ob
2280 617 2667 675 quamcunque
2700 619 2919 659 causam
2949 606 3031 659 vel
3064 614 3390 674 praetextum
3425 626 3437 669 ;
3476 623 3577 663 nec
3604 610 3745 663 divi-

2176 697 2374 749 tiarum
2416 710 2518 750 nec
2556 696 2896 764 paupertatis
2929 712 3113 763 causa,
3150 712 3251 753 nec
3278 709 3503 768 prOpter
3546 701 3745 754 sterili-

2175 793 2366 851 tatem,
2392 801 2497 841 nec
2522 797 2754 857 propter
2790 786 3151 852 fertilitatem,
3189 803 3289 843 nee
3342 790 3412 845 ob
3446 792 3750 860 quamlibet

2173 878 2335 933 aliam
2363 878 2546 947 specie
2570 879 2946 934 rationabilem
2985 894 3207 934 causam
3248 881 3331 935 vel
3360 882 3702 937 occasionem
3731 900 3745 948 ;

2173 970 2269 1024 sed
2319 971 2706 1026 coanobiticam
2738 972 2982 1041 regulam
3013 980 3067 1025 et
3096 974 3497 1028 institutionem
3524 973 3747 1043 penitus

2175 1061 2558 1118 inconcussam
2637 1066 2973 1119 custodiant.
3021 1065 3138 1119 Etsi
3211 1075 3357 1121 totus
3420 1068 3743 1122 monasterii

2175 1164 2477 1225 proventus
2501 1172 2569 1211 eo
2596 1156 2901 1221 deveniret,
2934 1168 2993 1211 ut
3026 1158 3241 1212 duabus
3280 1165 3490 1212 tantum
3533 1158 3746 1213 monia-

2174 1247 2318 1303 libus
2340 1247 2651 1316 sufﬁceret;
2686 1249 2938 1303 voluntas
2958 1250 3314 1303 nihilominus
3345 1260 3404 1304 ut
3433 1251 3535 1305 ilhc
3559 1266 3744 1306 cumo-

2174 1338 2341 1394 bitice
2371 1340 2577 1402 vivant,
2608 1349 2663 1395 et
2698 1343 3137 1397 conversationis
3168 1343 3333 1413 huius
3358 1344 3599 1414 regulam
3653 1358 3743 1397 se»

2173 1440 2416 1484 ctentur.
2447 1430 2504 1485 Si
2536 1445 2665 1485 vero
2702 1433 3085 1501 praefectarum
3113 1436 3381 1503 quaepiam
3431 1437 3742 1505 oppositum

2174 1522 2431 1587 voluerit,
2450 1525 2825 1580 contrudit-ant
2844 1527 3141 1593 moniales;
3168 1528 3211 1581 si
3237 1527 3519 1591 moniales,
3543 1527 3745 1581 renita-

2176 1624 2265 1667 tur
2286 1613 2558 1682 pnefecta.
2585 1615 2642 1668 Si
2663 1632 2854 1670 omnes
2881 1627 3067 1671 autem
3089 1618 3231 1671 inter
3256 1634 3315 1672 se
3336 1618 3741 1679 consenserint.

2174 1700 2490 1763 monasterii
2513 1714 2764 1775 patrona,
2795 1723 2917 1777 quae
2946 1724 2974 1762 ο
3011 1709 3174 1764 nobis
3192 1719 3397 1764 statuta
3419 1722 3569 1774 sunt,
3596 1718 3746 1763 tuea~

2174 1806 2283 1850 tur.
2319 1797 2375 1851 Si
2404 1812 2535 1853 vero
2565 1799 2681 1868 ipsa
2720 1815 2939 1869 quoque
2965 1800 3019 1854 in
3057 1816 3248 1855 earum
3284 1802 3610 1856 sententiam
3643 1801 3742 1856 ab-

495 1892 681 1947 ἇδειαν
715 1891 1065 1962 ἐκχωροῦμεν
1116 1890 1280 1947 παντὶ
1318 1889 1396 1960 τῷ
1441 1888 1771 1959 βουλομένῳ,
1807 1885 1949 1957 ὑπὲρ
1980 1885 2066 1939 εὐ·

2174 1887 2429 1952 dueatur,
2508 1890 2737 1945 cuilibet
2800 1891 3003 1946 volenti
3076 1892 3304 1947 liberam
3387 1894 3743 1948 concedimus

498 1987 691 2049 σεὸοῦς
732 1984 1094 2053 ἀγωνίζεσθαι
1128 1985 1469 2057 πράγματος,
1500 1985 1548 2036 εἰ
1581 1983 1657 2053 μή
1688 1998 1749 2050 γε
1781 1983 1930 2051 παρὰ
1962 1979 2069 2033 τῶν

498 2074 778 2143 συγγενῶν
833 2074 992 2144 ἡμῶν
1051 2072 1207 2127 τοῦτο
1259 2072 1508 2142 γένηται,
1584 2068 1678 2123 καὶ
1733 2064 2071 2134 δικαστηρίῳ

497 2165 778 2238 προσιέναι
826 2165 893 2217 δι’
924 2165 1059 2219 αὐτὸ
1088 2165 1151 2218 τὸ
1202 2163 1389 2227 καλὸν,
1433 2160 1651 2216 καὶτὸν
1693 2158 1833 2229 ὑπὲρ
1877 2157 2069 2211 τούτου

498 2257 710 2330 μισθὸν,
767 2257 964 2312 καὶτὰ
1018 2257 1147 2327 παρ’
1202 2255 1361 2325 ἡμῶν
1407 2252 1831 2323 διατεταγμένα,
1885 2250 2070 2319 ζητεῖν

495 2350 641 2421 ἔχειν
678 2350 738 2403 τὸ
783 2348 1036 2420 ἐνεργόν·
1091 2347 1188 2404 καὶ
1237 2347 1337 2409 τὰς
1394 2345 1764 2416 πρωταιτίους
1818 2341 1917 2411 τῆς
1976 2338 2069 2392 τοῦ

496 2439 857 2502 κοινοόιακῶς
907 2440 1007 2509 ζῇν
1054 2436 1426 2500 καταλύσεως,
1481 2432 1704 2499 ἐξωθεῖν
1737 2434 1836 2503 τῆς
1876 2430 2068 2501 μονῆς,

496 2534 592 2587 καὶ
642 2535 719 2604 μὴ
769 2532 1015 2603 νομίζειν
1053 2531 1210 2585 τοῦτο
1258 2528 1458 2600 μικρὸν
1516 2522 1657 2579 εἶναι
1712 2520 2067 2592 κατόρθωμα,

496 2621 633 2679 ἀλλὰ
662 2626 758 2677 καὶ
794 2623 938 2678 πάνυ
979 2622 1126 2690 μέγα
1155 2617 1251 2674 καὶ
1288 2617 1575 2688 σωτήριον.

1093 2838 1349 2894 ΚΕΦΔΛ.
1384 2835 1459 2891 I".

493 2957 635 3027 Περί
664 2955 782 3010 τῶν
808 2957 896 3020 εἰς
936 2954 1268 3036 artant;er
1297 2950 1404 3019 τῆς
1418 2948 1636 3074 ὅμονῆς
1672 2947 2066 3029 τεξαγμένων,

566 3027 666 3074 καὶ
697 3026 831 3074 περὶ
857 3040 965 3074 του
1010 3040 1251 3074 κοατειν
1288 3024 1382 3074 καὶ
1453 3036 1536 3074 σα
1578 3020 1648 3072 ἐν
1693 3036 1765 3074 τυ
1812 3016 2066 3074 διαθήκη

566 3016 666 3082 καί
697 3026 831 3095 περί
857 3016 965 3095 τοῦ
1010 3016 1251 3091 κρατεῖν
1276 3016 1391 3095 ’καί
1418 3016 1536 3095 ὅσα
1578 3016 1648 3072 ἐν
1687 3017 1769 3095 τῇ
1812 3016 2067 3095 διαθήκῃ

561 3115 682 3169 μου
723 3086 853 3164 περὶ
879 3094 991 3169 τῆς
1034 3086 1233 3169 λέον-ἦς
1264 3091 1637 3169 διατάξομαι,
1686 3090 1793 3141 ισα
1832 3086 1923 3169 ,τῷ
1960 3102 2071 3169 παι

555 3158 729 3238 ῥόντι
755 3158 1006 3238 temeti},
1035 3158 1085 3217 ’ὃ
1140 3158 1238 3217 καὶ
1297 3158 1525 3238 {ipsaet
1572 3160 1739 3227 ἔχειν
1782 3158 1850 3211 τὸ
1881 3158 2067 3213 ἀναλ-

564 3233 819 3292 αοίωτον
845 3235 941 3289 καί
971 3234 1267 3302 ἄτρεπτον
1292 3233 1483 3285 ἐσαεί.

577 3349 731 3405 Ἐπεὶ
771 3349 825 3415 δὲ
874 3347 983 3401 τῶν
1014 3346 1332 3414 ἀναγκαίων
1365 3341 1434 3416 ἦν
1465 3344 1748 3415 φροντίσαι
1778 3342 1878 3413 τὴν
1910 3341 2068 3411 βασι-

494 3442 646 3497 λείαν
672 3456 799 3510 μου,
825 3440 975 3503 ὅπως
1003 3440 1095 3492 καὶ
1121 3439 1260 3508 μετὰ
1283 3436 1385 3507 τὴν
1420 3438 1746 3507 ἀμφοτέρων
1777 3434 1932 3504 ἡμῶν
1962 3433 2071 3486 ἀπὸ

493 3530 604 3583 τῶν
632 3529 845 3583 ἐνθένδε
887 3527 1240 3598 μετάστασιν,
1276 3527 1310 3597 ἡ
1341 3527 1437 3595 τῆς
1486 3525 1933 3595 κεχαριτωμένης
1968 3540 2070 3592 μου

493 3622 758 3676 Θεοτόκου
804 3620 940 3690 μονὴ
993 3618 1251 3688 εύποροίη
1301 3616 1408 3669 τῶν
1456 3614 1939 3685 ἀντιληψομένων,
1984 3614 2073 3666 ἶνα

498 3715 573 3784 μὴ
604 3716 699 3767 καὶ
724 3714 836 3775 τοῖς
860 3712 928 3764 τὰ
955 3710 1215 3781 ἀλλότρια
1236 3707 1441 3761 συλῶσι
1466 3707 1794 3778 διάρπαγμα
1824 3707 2067 3775 γένηται,

492 3800 584 3858 οἷα
611 3804 687 3874 μὴ
727 3801 833 3856 ὑπὸ
874 3802 1084 3871 σκέπην
1118 3801 1242 3855 τινὰ
1292 3800 1388 3853 καὶ
1443 3799 1745 3869 ἀσφάλειαν
1801 3813 2069 3868 φρουρου-

498 3899 655 3969 μένη,
696 3896 854 3951 τοῦτο
883 3896 949 3966 δὴ
974 3895 1070 3948 κοιλ⁵
1099 3895 1399 3965 πεποίηκα,
1443 3893 1537 3947 καὶ
1568 3891 1711 3946 κατὰ
1756 3890 1914 3958 λόγον
1946 3889 2068 3960 ἀρί-

498 4004 628 4058 στης
658 3984 974 4056 οἰκονομίας
1004 3983 1267 4054 βούλομαι
1297 3984 1397 4052 τὴν
1433 3980 1803 4052 περιπόθητον
1832 3997 1935 4049 μου
1973 3979 2068 4031 θυ-

496 4078 724 4147 γατέρα,
755 4078 850 4129 καὶ
889 4076 1397 4145 πορφυρογέννητον
1428 4073 1673 4144 μοναχὴν
1699 4072 1874 4143 κυρέιν
1902 4071 2068 4125 E060-

496 4171 620 4224 κίαν
651 4168 935 4239 περιέπειν
973 4169 1165 4238 αὐτὴν,
1199 4168 1294 4221 καὶ
1336 4166 1681 4236 συγκροτεῖν,
1728 4168 1822 4217 καὶ
1867 4163 2068 4218 διεκδι-

496 4262 632 4325 κεῖν,
665 4260 759 4314 καὶ
812 4258 1147 4329 ἀποτρέπειν
1193 4255 1465 4316 παντοίως
1510 4256 1637 4317 τοὺς
1694 4253 2069 4324 πειρωμένους

495 4353 633 4423 αὑτῇ
665 4350 1023 4421 ἐπηρεάζειν·
1058 4351 1149 4403 καὶ
1172 4350 1260 4403 ὅτε
1289 4366 1342 4401 τι
1370 4349 1500 4411 ἴσως
1529 4346 1638 4400 τῶν
1660 4347 1717 4400 ὲν
1734 4346 1813 4417 τῷ
1836 4346 2067 4418 παρόντι

494 4446 709 4515 τυπικῷ
765 4441 1213 4515 παραθραύεσθαι
1267 4438 1599 4503 κινδυνεύει,
1660 4439 1913 4505 κωλύειν,
1969 4440 2064 4493 ἆτε

495 4537 736 4609 μοναχὴν
794 4536 981 4599 οὖσαν,
1039 4536 1133 4590 καὶ
1185 4533 1487 4605 μέλλουσαν
1531 4534 1599 4601 τῇ
1650 4530 1876 4602 τοιαύτῃ
1929 4534 2064 4603 μονῇ
2100 4559 2144 4613 D

494 4631 872 4701 ἐγκαρτερεῖν.

563 4723 721 4778 Μετὰ
770 4722 956 4791 μέντοι
990 4722 1085 4791 τὴν
1116 4719 1320 4788 ταύτης
1366 4720 1500 4789 πρδς
1533 4718 1602 4773 τὰ
1652 4718 1859 4773 ἐκεῖθεν
1897 4719 2064 4787 μετά-

496 4833 710 4880 στασιν,
740 4817 946 4868 ἐκεῖναι
988 4815 1068 4876 εἰς
1100 4814 1198 4884 τὴν
1228 4813 1323 4882 τῆς
1358 4813 1526 4883 μονῆς
1559 4810 1813 4882 ἐφορείαν
1843 4810 1937 4867 καὶ
1969 4811 2067 4865 ἀν-

490 4908 710 4979 τίληψιν
740 4907 1194 4974 καταστήσονται,
1225 4898 1310 4968 αἷς
1343 4904 1376 4974 ἠ
1402 4903 1648 4972 βασιλεία
1682 4919 1784 4972 μου
1809 4901 1869 4954 τὸ
1889 4900 2064 4954 τοιοῦ-

492 5016 584 5052 τον
613 4999 819 5053 δίκαιον
846 4998 1029 5062 δώσει,
1062 4996 1095 5067 ἢ
1140 4996 1228 5049 δια
1277 4995 1594 5066 προσθήκης
1644 4993 1703 5046 ὲν
1724 4993 1804 5065 τῷ
1836 4993 2066 5062 παρόντι

492 5089 709 5159 τυπικῷ
739 5089 1055 5159 γινομένης,
1084 5087 1117 5157 ἢ
1148 5088 1241 5140 καὶ
1272 5086 1359 5138 διά
1399 5100 1544 5146 τινος
1567 5083 1847 5153 ἐγγράφου
1878 5082 2066 5136 τελευ-

492 5184 651 5247 ταίας
684 5182 1015 5252 βουλήσεως.
1054 5180 1165 5232 Kal
1210 5176 1467 5247 ὃσα,γὰρ
1513 5176 1580 5229 ἂν
1628 5177 1686 5229 ὲν
1730 5176 1850 5236 ταῖς
1879 5175 2065 5229 τελευ-

491 5276 674 5339 ταίαις
711 5292 811 5345 μου
836 5273 1125 5345 βουλήσεσι
1156 5271 1587 5341 διατυπώσωμαι
1612 5270 1739 5338 περί
1769 5268 1868 5340 τῆς
1899 5270 2066 5339 μονῆς

492 5369 720 5438 ταύτης,
750 5366 847 5421 καὶ
890 5366 1108 5420 πάντων
1137 5365 1244 5419 τῶν
1277 5364 1368 5417 ὑπ’
1412 5363 1602 5433 αὐτὴν,
1633 5361 1773 5417 οὕτω
1804 5361 2065 5431 βούλομαι

492 5459 719 5513 κάκεῖνα
751 5458 993 5526 κρατεῖν,
1022 5455 1212 5523 ὥσπερ
1240 5452 1306 5508 ἂν
1336 5454 1385 5507 εἰ
1429 5452 1508 5522 τῷ
1554 5452 1785 5522 παρόντι
1826 5469 1929 5521 μου
1968 5469 2063 5504 τυ-

494 5549 641 5618 πικῷ
668 5548 1078 5617 ἐνεγράφησαν·
1114 5546 1208 5599 καὶ
1237 5545 1378 5598 οὕτω
1404 5544 1499 5599 καὶ
1531 5542 1703 5597 ταῦτα
1730 5543 2064 5600 ἀναλλοίωτα

491 5641 643 5693 ἐσαεὶ
671 5638 965 5706 διαμένειν,
988 5636 1046 5689 ὂν
1071 5636 1269 5706 τρόπον
1300 5636 1395 5689 καὶ
1416 5636 1483 5687 τὰ
1502 5634 1834 5702 διωρισμένα
1869 5636 2061 5686 ἐνταυ-

496 5732 610 5781 θοῖ·
641 5730 778 5783 ἀλλὰ
808 5730 897 5781 καί
929 5746 1047 5781 τινα
1081 5730 1188 5780 τῶν
1233 5729 1290 5779 ὲν
1334 5725 1508 5793 τούτῳ
1548 5725 1865 5792 γραφέντων
1898 5744 1986 5795 μοι
2016 5730 2064 5780 εἰ

497 5820 743 5892 βουληθώ
776 5819 1067 5873 ἀλλοιῶσαι
1115 5817 1469 5887 ἐνδιαθήκως,
1516 5818 1730 5879 πάντως
1783 5817 2063 5871 καὶτοῦτο

2172 1979 2512 2043 facultatem,
2544 1990 2601 2035 ut
2626 1982 2702 2051 pii
2732 1984 2915 2053 operis
2938 1999 3100 2039 causa
3135 1985 3433 2039 contendat
3486 1985 3612 2054 (nisi
3644 2002 3738 2040 co-

2172 2074 2322 2143 gnati
2386 2076 2559 2129 nostri
2615 2076 2668 2129 id
2736 2078 2997 2147 egerint),
3062 2088 3117 2132 et
3150 2080 3215 2132 ad
3251 2078 3510 2149 iudiciale
3561 2078 3739 2133 forum

2172 2163 2397 2218 accedat
2429 2164 2603 2233 ipsius
2648 2166 2775 2220 boni
2802 2176 2857 2221 et
2896 2167 3112 2223 honesti
3164 2169 3368 2232 studio,
3417 2184 3481 2223 ac
3526 2184 3739 2222 nterce-

2173 2253 2261 2307 dis
2289 2267 2389 2323 pro
2413 2268 2481 2309 eo
2521 2255 2853 2325 recipiendae
2910 2273 3076 2313 causa
3109 2276 3123 2326 ;
3160 2260 3485 2328 studeatque
3515 2269 3575 2325 ut
3622 2275 3742 2328 qua:

2171 2343 2387 2399 anobis
2418 2354 2623 2402 statuta
2669 2356 2799 2403 sunt
2855 2349 3196 2405 exsecutioni
3253 2350 3603 2404 mandentur.
3640 2351 3744 2403 Eas

2171 2448 2305 2489 vero
2335 2452 2457 2505 qua:
2508 2438 2855 2494 cmnobiticae
2905 2441 3029 2495 vitae
3064 2441 3423 2497 dissolvendae
3449 2442 3503 2495 in
3554 2442 3745 2511 primis

2172 2540 2351 2580 causa:
2384 2527 2612 2595 fuerint,
2641 2545 2672 2584 e
2726 2533 3060 2587 monasterio
3110 2534 3299 2603 pellat.
3350 2533 3746 2603 Existimetque

2172 2631 2281 2670 non
2306 2619 2459 2687 parvi
2504 2621 2767 2675 momenti
2806 2637 2928 2678 esse
2957 2622 3013 2679 id
3058 2625 3262 2694 operis,
3300 2625 3394 2681 sed
3445 2626 3601 2680 valde
3630 2640 3745 2679 ma-

2169 2721 2335 2776 gnum
2363 2718 2421 2764 et
2440 2710 2697 2767 salutare.

2769 2849 2995 2907 CAPUT
3054 2850 3143 2906 Ill.

2170 2960 2429 3027 Quaenam
2482 2965 2544 3017 de
2594 2966 2902 3019 monasterii
2934 2967 3230 3033 patrocinio
3279 2967 3485 3021 sancito
3525 2969 3743 3032 sint;et

2240 3035 2377 3102 quod
2423 3034 2654 3087 obtinere
2712 3036 2933 3088 debeant
2982 3053 3299 3106 quwcunque
3327 3038 3380 3090 in
3435 3045 3744 3094 testamento

2241 3119 2353 3156 meo
2377 3106 2438 3156 de
2464 3107 2781 3188 monasterio
2810 3112 3068 3171 statuant,
3092 3122 3237 3175 aeque
3267 3124 3579 3188 aoprtesens
3609 3110 3743 3188 typi-

2243 3188 2380 3296 Zum,
2415 3175 2552 3244 quod
2592 3175 2771 3228 itidem
2802 3189 3074 3245 nunquam
3101 3175 3415 3230 mutandum
3442 3188 3489 3231 et
3529 3175 3744 3232 variam

2281 3261 2367 3296 um
2396 3254 2491 3296 est.

2281 3261 2367 3296 um
2396 3254 2491 3298 εει.

2241 3358 2698 3430 Quandoquidem
2734 3376 2961 3417 necesse
3007 3370 3128 3417 erat
3174 3364 3514 3434 maiestatem
3565 3376 3742 3418 meam

2174 3469 2391 3521 curare,
2420 3466 2479 3508 ut
2516 3465 2640 3524 post
2664 3456 2954 3510 amborum
2988 3465 3233 3511 nostrum
3264 3457 3393 3511 hinc
3443 3457 3744 3512 discessum

2172 3545 2552 3613 gratia-plenae
2614 3546 2860 3616 Dciparae
2916 3562 3051 3603 mea:
3112 3550 3446 3604 monasterio
3499 3557 3744 3620 patrona:

2172 3655 2389 3705 semper
2417 3649 2795 3708 suppeterent,
2844 3656 2913 3695 ne
2952 3642 3130 3696 aliena
3179 3640 3506 3709 rapientium
3562 3640 3743 3709 praeda

2173 3730 2287 3795 fiat,
2322 3731 2364 3783 si
2396 3731 2543 3784 nulla
2572 3732 2914 3801 protectione
2940 3742 2996 3787 et
3051 3734 3305 3803 praesidio
3334 3734 3650 3799 muniatur;
3687 3732 3741 3787 id

2171 3839 2389 3893 quoque
2424 3822 2605 3878 eﬂeci.
2661 3823 2797 3878 Volo
2845 3824 2993 3878 enim
3040 3832 3101 3878 ut
3143 3826 3341 3880 dilecta
3383 3825 3494 3879 lilia
3540 3839 3661 3880 mea
3689 3835 3744 3880 et

2170 3914 2627 3984 porphyrogenita
2658 3914 2909 3969 monialis
2959 3914 3158 3968 domna
3215 3916 3480 3983 Eudocia,
3512 3916 3578 3970 ad
3608 3931 3741 3970 nor-

2172 4022 2315 4061 mam
2348 4006 2571 4076 optimae
2601 4008 2920 4061 (nconomia:
2968 4007 3145 4077 ipsum
3207 4007 3575 4073 administret,
3605 4023 3740 4062 con-

2169 4109 2353 4155 servet
2398 4109 2455 4154 et
2487 4107 2728 4163 tueatur,
2775 4099 3111 4169 omninoque
3163 4100 3469 4154 absterreat
3520 4114 3617 4154 eos
3646 4101 3739 4169 qui
3802 4094 3805 4097 ’

2170 4193 2431 4247 damnum
2459 4191 2560 4261 ipsi
2597 4192 2802 4248 inferre
2836 4191 3011 4245 moliti
3044 4192 3267 4246 fuerint.
3322 4192 3386 4246 Et
3415 4192 3460 4247 si
3488 4192 3621 4261 quid
3646 4206 3741 4246 eo-

2170 4301 2291 4340 rum
2322 4300 2442 4354 quaa
2465 4286 2516 4340 in
2550 4285 2654 4339 hoc
2689 4286 2869 4356 typico
2895 4285 3169 4341 habentur
3208 4285 3401 4341 violari
3446 4286 3741 4357 aliquando

2168 4378 2534 4445 periclitetur.
2588 4385 2777 4445 utpote
2832 4377 3119 4443 monacba,
3175 4386 3232 4432 et
3297 4379 3353 4433 in
3406 4377 3512 4432 hoc
3552 4392 3743 4431 mona-

2168 4467 2514 4521 steriovitam
2544 4475 2821 4531 exactura,
2856 4466 2908 4520 id
2934 4467 3245 4537 prohibeat.

2240 4719 2370 4774 Post
2398 4720 2517 4789 ejus
2563 4734 2694 4773 vero
2716 4718 2783 4772 ad
2810 4734 3040 4787 superos
3078 4718 3509 4783 translationem,
3553 4721 3654 4776 illa:
3687 4725 3740 4776 in

2168 4812 2493 4867 monasterii
2557 4811 2952 4879 inspectioucm
3001 4818 3053 4864 et
3108 4810 3475 4879 patrocinium
3529 4813 3739 4866 consti-

2170 4910 2416 4967 tuentur,
2435 4901 2637 4970 quibus
2651 4901 2936 4968 impcrium
2961 4915 3140 4955 meum
3161 4899 3212 4952 id
3227 4900 3366 4970 juris
3383 4906 3737 4969 concesserit,

2166 4994 2251 5049 vel
2286 5008 2385 5062 per
2442 4992 2873 5048 additamentum
2909 4992 2965 5046 in
2998 4992 3100 5048 hoc
3150 4994 3328 5064 typico
3376 4995 3604 5059 factum,
3656 4998 3740 5049 vel

2166 5102 2266 5156 per
2288 5085 2509 5156 aliquod
2542 5086 2867 5155 rescriptum
2916 5101 3189 5157 supremae
3241 5089 3559 5143 voluntatis.
3607 5091 3741 5144 Volo

2167 5179 2316 5235 enim
2363 5187 2423 5233 ut
2454 5193 2795 5248 quaecunque
2862 5194 3119 5248 suprema
3166 5196 3283 5235 mea
3338 5183 3621 5237 voluntate
3686 5194 3742 5237 et

2165 5270 2439 5326 sententia
2497 5269 2567 5325 de
2626 5270 2731 5324 hoc
2772 5272 3128 5335 monasterio,
3175 5271 3353 5341 deque
3399 5273 3468 5328 iis
3511 5289 3632 5342 qua:
3674 5274 3739 5327 ad

2162 5361 2341 5429 ipsum
2375 5368 2642 5429 spectant.
2673 5359 2989 5424 decrevere,
3022 5361 3246 5429 perinde
3276 5362 3578 5425 obtineant,
3605 5379 3665 5416 ac
3692 5362 3737 5416 si

2164 5452 2223 5507 in
2253 5452 2359 5506 hoc
2385 5453 2565 5521 typico
2590 5467 2712 5505 meo
2733 5452 3009 5521 descripta
3035 5464 3253 5516 essent,
3283 5463 3339 5508 et
3369 5470 3522 5522 teque
3543 5455 3740 5506 immn-

2166 5550 2275 5598 tata
2298 5557 2514 5611 semper
2537 5552 2811 5608 maneant,
2841 5554 3006 5613 atque
3029 5560 3093 5600 ea
3128 5560 3248 5613 quae
3274 5545 3361 5599 hic
3391 5545 3509 5613 lege
3531 5546 3739 5599 sancita

2166 5641 2313 5689 sunt.
2346 5632 2461 5687 lmo
2489 5633 2533 5687 si
2582 5634 2715 5703 quid
2750 5649 2943 5689 eorum
2998 5650 3122 5704 quae
3153 5636 3241 5689 hic
3274 5650 3303 5687 a
3334 5648 3416 5687 me
3462 5634 3738 5703 descripta

2168 5734 2295 5779 sunt
2338 5734 2665 5779 testamento
2698 5740 2819 5779 meo
2865 5736 3073 5781 mutare
3126 5727 3375 5787 voluero,
3421 5725 3475 5778 id
3514 5728 3740 5780 omnino

2166 5832 2335 5886 portes
2358 5832 2443 5872 me
2466 5817 2605 5872 erit:
2637 5825 2693 5871 et
2737 5816 2943 5872 nullum
2974 5815 3269 5871 discrimen
3301 5825 3530 5871 eatenus
3577 5834 3736 5886 repu-
