4064 6410
310 387 459 454 ι1007

1586 373 1873 434 IRENES
1909 356 2286 435 AUGUSTIE

3440 373 3576 439 1008

314 501 522 557 labitur
575 507 716 554 Inter
765 508 1004 567 prtesens
1061 493 1298 563 typicum
1340 505 1546 553 meum,
1596 497 1652 543 et
1694 502 1890 558 supre-

2013 487 2214 550 aEéout
2250 505 2364 558 μοι,
2417 487 2510 540 καὶ
2538 487 2766 557 οὐδεμία
2811 489 3046 561 διαιρορᾶ
3081 489 3464 560 λογισθήσεται
3501 494 3577 558 τῷ

315 609 459 646 mam
510 606 684 645 meam
736 590 1094 646 voluntatem,
1153 592 1426 652 quatenus
1466 596 1621 650 teque
1661 579 1889 634 ﬁrmiter

314 695 460 740 stent
518 698 639 752 quae
667 696 764 750 per
811 677 970 732 ambo
1019 677 1108 730 illa
1139 676 1206 729 de
1263 674 1431 728 rebus
1472 671 1791 726 monasterii
1820 669 1888 723 ab

312 773 551 842 imperio
576 786 697 825 meo
755 770 974 823 decreta
1031 765 1277 820 fuerint:
1313 765 1417 820 nisi
1448 765 1588 818 forte
1639 762 1888 832 quaedam

316 879 506 917 eor-nm
545 875 664 930 qua:
689 859 780 914 hic
806 859 1080 927 descripta
1112 867 1262 921 sunt,
1295 865 1356 911 ut
1397 855 1608 910 dictum
1644 865 1747 918 est,
1791 869 1890 925 per

318 964 702 1010 testamentum
745 968 926 1006 mctun
956 951 1113 1004 irrita
1146 949 1358 1005 ﬁerent.

387 1136 501 1190 Hoc
530 1145 708 1190 tamen
749 1140 1014 1202 praetextu
1052 1146 1160 1186 non
1189 1129 1352 1184 debet
1375 1129 1642 1198 quaepiam
1676 1142 1892 1192 earum,

315 1226 516 1299 quibus
545 1245 575 1282 a
615 1227 899 1296 majestate
955 1239 1074 1278 mea
1127 1235 1451 1277 concessum
1492 1219 1661 1274 fuerit
1702 1235 1894 1273 mona-

307 1306 943 1388 ‘steriipatrociniumﬁn
974 1314 1210 1384 aliquam
1242 1311 1560 1366 monasterii
1587 1326 1701 1365 rem
1733 1322 1892 1378 pote-

319 1423 516 1468 statem
547 1411 650 1467 sibi
675 1424 954 1479 arrogare,
984 1407 1067 1462 vel
1104 1404 1405 1476 quidquam
1466 1397 1524 1458 in
1554 1403 1660 1458 hoc
1713 1405 1894 1474 typico

317 1504 603 1560 deﬁnitum
628 1499 965 1563 adulterare,
1020 1503 1117 1550 aut
1155 1494 1469 1566 prafcctam
1500 1507 1777 1555 amovere,
1808 1491 1892 1545 vel

319 1596 583 1652 moniales
625 1593 937 1655 admittere,
961 1604 1056 1644 seu
1080 1603 1178 1658 pro
1217 1587 1376 1642 libito
1431 1585 1780 1640 introducere
1809 1585 1896 1640 vel

317 1691 541 1760 ejicere,
585 1697 681 1742 aut
717 1701 786 1740 ex
833 1683 1164 1753 quibusdam
1210 1680 1460 1736 consiliis
1506 1679 1678 1748 ipsam
1713 1677 1898 1748 praefe-

321 1789 486 1840 ctam,
519 1777 635 1832 sive
667 1787 1038 1836 (economum,
1071 1770 1186 1825 sive
1222 1769 1460 1838 aliquam
1497 1782 1528 1822 e
1568 1767 1896 1820 monialibus

320 1872 376 1925 in
411 1870 479 1924 iis
515 1883 749 1938 quarum
804 1879 992 1920 curam
1021 1871 1077 1918 et
1109 1861 1648 1916 administrationem
1678 1867 1899 1930 gerunt,

321 1963 426 2018 sibi
459 1959 733 2029 subjicere
759 1997 774 2022 ,
809 1965 907 2011 aut
941 1957 1214 2009 redituum
1260 1963 1316 2009 et
1345 1953 1714 2023 impensarum
1756 1951 1901 2006 noti-

325 2056 454 2109 tiam
512 2052 831 2123 postulare:
873 2065 978 2105 nec
1023 2048 1347 2120 quidlibete
1401 2047 1735 2102 monasterio
1793 2046 1900 2101 sibi

323 2159 543 2200 sumere
571 2142 882 2207 conabitur,
915 2157 1018 2197 uec
1039 2139 1340 2211 quidquam
1373 2138 1426 2192 in
1449 2152 1537 2193 res
1560 2152 1688 2192 suas
1717 2145 1901 2192 trans-

321 2237 492 2301 ferre,
528 2235 613 2289 vel
645 2233 713 2288 de
743 2248 812 2288 eo
859 2233 1157 2303 disponere
1188 2229 1555 2301 aggredielur.
1607 2229 1742 2284 Nam
1786 2243 1905 2282 mo-

328 2328 555 2382 nasterii
587 2327 943 2394 omniumque
988 2338 1172 2378 rerum
1206 2324 1326 2392 ejus
1368 2321 1903 2377 administrationem

327 2419 431 2489 ipsi
462 2417 731 2488 praetecta:
762 2425 817 2472 et
850 2414 1182 2469 monialibus
1235 2413 1690 2482 imperturbatum
1747 2427 1903 2466 com-

330 2508 624 2571 mittimus,
657 2506 799 2561 utin
829 2505 1008 2577 typico
1043 2502 1376 2558 declaratur.
1398 2501 1511 2556 Hac
1544 2500 1693 2556 enim
1725 2501 1904 2556 solum

329 2600 398 2655 de
451 2614 615 2654 causa
666 2597 957 2668 praedictas
1009 2595 1346 2650 monasterio
1428 2594 1786 2664 imponimus,
1847 2601 1907 2647 ut

332 2696 510 2766 ipsum
561 2708 686 2749 cum
733 2691 894 2748 bonis
953 2691 1068 2745 suis
1121 2697 1453 2745 conservent
1496 2696 1552 2743 et
1599 2696 1906 2758 protegant,

330 2789 660 2842 altercantes
691 2783 956 2839 moniales
977 2781 1029 2835 in
1058 2794 1248 2851 pacem
1297 2787 1478 2850 agant,
1508 2778 1738 2848 illosque
1779 2778 1905 2831 abs—

335 2886 578 2934 terreant
622 2877 716 2948 qui
749 2879 876 2946 jura
924 2871 1245 2928 monasterii
1299 2886 1589 2941 usurpare,
1624 2879 1719 2925 aut
1751 2869 1910 2938 quid-

327 2970 477 3040 piam
509 2971 612 3024 hoc
651 2969 832 3040 typico
877 2965 1148 3022 sancitum
1192 2962 1512 3018 rescindere
1548 2960 1767 3014 vellent.
1801 2957 1909 3013 Sed

333 3062 468 3117 satis
501 3061 708 3116 habere
741 3059 965 3124 debent,
1022 3057 1152 3112 dum
1199 3055 1447 3126 quotidie
1498 3053 1553 3107 in
1580 3051 1912 3107 monasterio

337 3153 600 3210 memoria
625 3152 814 3208 earum
848 3152 961 3216 ﬁat,
998 3159 1054 3204 et
1074 3155 1200 3219 post
1233 3147 1446 3202 obitum
1490 3146 1546 3199 in
1593 3144 1768 3200 sacris
1788 3141 1911 3212 dip-
1939 3195 1986 3256 Β

335 3246 514 3316 tychis
559 3243 968 3299 describantur.

404 3338 673 3393 Volumus
697 3337 846 3391 enim
881 3349 1124 3404 praesens
1165 3330 1406 3402 typicum
1441 3327 1666 3382 omnino
1691 3325 1910 3380 ﬁrmum

335 3430 770 3496 inviolatumque
818 3439 1034 3494 semper
1081 3423 1283 3492 vigere,
1339 3429 1395 3474 et
1451 3433 1634 3488 neque
1702 3416 1914 3472 addita-

335 3530 604 3582 mentum,
629 3519 712 3572 vel
747 3515 1141 3571 detractionem
1167 3521 1262 3567 aut
1289 3510 1646 3566 mutationem
1709 3509 1914 3563 admit-

339 3622 477 3666 tere.
533 3610 823 3679 Nunquam
881 3606 1026 3661 enim
1081 3603 1360 3675 quidpiam
1393 3602 1450 3656 in
1480 3617 1546 3656 eo
1577 3600 1910 3656 declaratum

341 3710 438 3758 aut
465 3701 854 3757 declarandum
899 3698 1263 3762 rescindetur,
1299 3711 1402 3751 nec
1431 3694 1594 3750 modo
1618 3705 1714 3748 aut
1739 3693 1915 3748 varie-

341 3805 452 3852 tate
483 3795 676 3866 quavis
705 3810 734 3848 a
765 3805 1116 3864 quocunque,
1149 3789 1235 3844 vel
1271 3788 1435 3843 unico
1488 3787 1751 3856 temporis
1793 3801 1915 3841 mo-

341 3899 546 3954 mento,
605 3885 914 3948 atlicietur,
970 3882 1184 3938 etiamsi
1243 3881 1417 3934 multo
1478 3877 1738 3933 meliores
1789 3891 1915 3931 san-

341 3981 572 4048 ctiones,
607 3988 663 4034 et
691 3976 1006 4033 domesticae
1041 3974 1124 4030 rei
1167 3971 1420 4045 gerendae
1464 3969 1913 4034 constitutiones,

339 4073 454 4126 sive
477 4071 543 4126 ab
584 4071 699 4138 ipsa
728 4069 1003 4139 praetecta,
1031 4064 1146 4122 sive
1176 4061 1540 4118 amonasterii
1577 4071 1809 4131 patrona
1851 4061 1908 4115 in

344 4162 734 4234 monasterium
754 4161 1166 4220 inducerentur,
1193 4155 1397 4227 quibus
1421 4156 1588 4208 etiam
1617 4153 1915 4207 maximum

341 4257 461 4326 ejus
505 4255 886 4320 bonorumque
940 4249 1114 4319 ipsius
1166 4253 1549 4317 augmentum,
1611 4253 1669 4300 et
1720 4244 1918 4300 melior

346 4362 528 4400 rerum
560 4353 735 4400 status
787 4347 1222 4413 exspectaretur.

934 4473 1166 4530 CAPUT
1223 4473 1313 4529 IV.

343 4597 614 4664 Quomodo
633 4593 684 4644 in
715 4591 1032 4664 monasterio
1047 4591 1247 4644 versari
1270 4588 1489 4664 debeant
1515 4595 1690 4664 neptes
1710 4600 1910 4643 nostra:

411 4681 544 4738 quas
590 4662 858 4738 detonderi
888 4663 1173 4730 continget,
1206 4656 1919 4738 quibusque.initio-degere

412 4726 738 4795 concedetur,
789 4746 989 4785 necnon
1019 4726 1136 4802 qua:
1176 4726 1238 4784 ei:
1287 4728 1524 4802 clariori-
1551 4726 1918 4802 coeptam—lida

411 4810 519 4861 vita
565 4806 638 4858 ad
677 4803 770 4856 hoc
813 4798 1188 4857 monasterium
1227 4799 1553 4862 accedentes,
1606 4798 1660 4849 in
1707 4813 1773 4852 eo
1807 4809 1924 4854 ton-

411 4879 623 4931 dentur.

415 4993 470 5048 Si
499 5005 622 5060 quae
659 5005 724 5044 ex
768 4988 985 5043 ﬁliabus
1018 4986 1236 5040 dilecta:
1269 5000 1402 5038 meae
1438 4981 1921 5055 porphyrogenita:

345 5087 562 5141 domnae
605 5084 796 5146 Annae,
833 5089 930 5134 aut
981 5078 1196 5134 dilectae
1257 5091 1392 5131 mea!
1442 5074 1922 5146 porpiiyrogenitae

343 5179 556 5232 domnae
588 5173 789 5235 Mari-ag,
829 5171 884 5224 in
917 5170 1022 5223 hoc
1050 5171 1383 5222 monasterio
1413 5168 1722 5221 mundanos
1745 5165 1920 5233 capil-

343 5272 426 5326 los
463 5282 594 5324 suos
643 5261 931 5318 dctomleri
964 5259 1240 5326 voluerit,
1273 5261 1358 5313 vel
1401 5259 1566 5314 etiam
1603 5258 1672 5311 ab
1728 5257 1797 5313 iis
1829 5255 1921 5324 qui

344 5363 479 5418 foris
521 5365 650 5414 sunt
699 5355 927 5408 detonsa
961 5352 1274 5414 accesserit,
1317 5350 1655 5404 admittenda
1688 5349 1814 5402 erit.
1855 5348 1924 5401 Et

347 5457 390 5510 si
417 5452 643 5524 quidem
672 5446 854 5502 eidem
891 5442 1109 5498 vivendi
1171 5444 1362 5496 formae
1420 5453 1476 5496 et
1525 5442 1724 5512 regula:
1777 5451 1924 5495 stare

347 5544 602 5607 voluerit,
631 5543 702 5596 ita
736 5547 797 5592 ut
831 5538 885 5591 in
935 5534 1247 5603 disciplina,
1277 5534 1329 5587 in
1379 5535 1556 5588 victus
1591 5535 1824 5597 ratione,
1868 5532 1922 5585 in

347 5636 706 5697 habitatione,
740 5632 794 5684 in
831 5628 1089 5684 universo
1121 5625 1357 5695 denique
1391 5625 1500 5680 alio
1531 5625 1921 5679 monacharum

348 5730 402 5782 in
433 5741 499 5781 eo
542 5722 878 5779 versantium
933 5716 1208 5780 instituto,
1269 5717 1408 5770 nihil.
1465 5718 1764 5779 diversum,
1800 5726 1854 5769 et
1887 5730 1914 5765 a

328 5832 669 5880 ett-terarum
709 5815 1025 5871 tnonialium
1061 5809 1474 5867 conversatione
1501 5810 1737 5864 alienum
1770 5808 1924 5864 exhi-

1949 4542 1995 4596 ῐ)

1999 579 2232 650 παρόντι
2261 596 2364 648 μου
2394 579 2611 646 τυπικῷ
2644 581 2779 649 πρὸς
2811 580 2909 649 τὴν
2950 581 3265 634 τελευταίαν
3301 599 3401 648 μου
3452 582 3566 650 βού-

1997 674 2172 744 λησιν,
2203 675 2327 726 ὅσον
2359 675 2438 737 είς
2469 675 2529 726 τὸ
2563 676 2758 744 ἐπίσης
2785 680 3010 746 κρατεῖν
3043 679 3280 746 ίσχυρῶς
3302 679 3474 730 πάντα
3511 677 3578 729 τὰ

1997 765 2064 817 δι’
2100 766 2428 834 ἀμφοτέρων
2460 767 2552 818 ἐπὶ
2582 769 2696 829 τοῖς
2743 767 2837 835 τῆς
2869 769 3038 837 μονῆς
3086 772 3152 838 τῇ
3188 767 3436 839 βασιλείᾳ
3476 787 3577 837 μου

1998 858 2260 924 δόξαντα·
2307 861 2358 911 εί
2389 860 2462 928 μή
2501 859 2603 911 πού
2642 876 2761 911 τινα
2810 860 2917 910 τῶν
2963 860 3214 913 ἐνταυθοῖ
3255 864 3578 929 γεγραμμέ-

1999 969 2127 1015 νων,
2162 951 2238 1014 ὡς
2267 951 2507 1022 εἴρηται,
2537 951 2732 1021 σχολὴν
2763 952 2871 1004 ἀπὺ
2905 954 3004 1022 τῆς
3046 951 3312 1023 διαθήκης
3349 970 3452 1022 μου
3485 954 3578 1005 δέ-

2001 1043 2200 1108 ξονται.

2071 1134 2150 1202 Τῇ
2188 1133 2458 1203 προφάσει
2489 1133 2544 1186 δὲ
2577 1133 2751 1206 ταύτῃ
2794 1136 2896 1189 οὐκ
2945 1135 3148 1205 ὀφείλει
3197 1155 3282 1200 τις
3331 1139 3442 1191 τῶν
3493 1133 3582 1202 αίς

2001 1226 2500 1295 ἀντιλαμϐάνεσθαι
2525 1227 2623 1296 τῆς
2659 1227 2828 1296 μονῆς
2862 1229 3012 1298 παρὰ
3043 1229 3141 1298 τῆς
3176 1228 3450 1297 βασιλείας
3477 1249 3580 1298 μου

2001 1316 2402 1387 ὲγκεχώρηται,
2452 1318 2792 1384 ἐξουσιάζειν
2847 1321 2992 1382 τινος
3047 1319 3158 1373 τῶν
3206 1324 3264 1374 ἐν
3315 1323 3475 1392 αὐτῇ,
3518 1325 3580 1374 οὗ

2004 1415 2453 1482 παραχαράττειν
2475 1431 2526 1466 τι
2555 1411 2664 1466 τῶν
2696 1415 2754 1465 ὲν
2788 1411 2865 1483 τῷ
2896 1414 3126 1480 παρόντι
3157 1416 3372 1484 τυπικῷ
3395 1417 3581 1486 διωρι-

2006 1504 2236 1574 σμένων,
2270 1504 2332 1556 οὐ
2387 1503 2484 1574 τὴδ
2535 1505 2849 1574 ἡγουμένην
2884 1504 3169 1573 μεθιστᾷν,
3227 1507 3287 1557 οὐ
3342 1510 3584 1577 μοναχας

2005 1599 2391 1659 κατατάττειν,
2439 1598 2539 1650 οὐκ
2569 1598 2834 1665 εἰσάγειν,
2867 1600 2966 1652 οὐκ
3013 1599 3250 1666 ἐξάγειν,
3290 1601 3391 1652 οὐκ
3430 1602 3587 1656 ἐκλο-

2005 1692 2223 1759 γισμοῖς
2243 1707 2383 1742 τισιν
2419 1689 2754 1752 ὑποτιθέναι,
2793 1691 2825 1760 ἢ
2856 1690 3024 1760 αὐτὴν
3054 1692 3152 1762 τὴν
3183 1694 3514 1763 ἡγουμένην,
3547 1693 3582 1764 ἢ

2003 1782 2096 1833 τὸν
2149 1782 2455 1852 οἰκονόμον,
2504 1784 2537 1853 ἦ
2591 1800 2715 1836 τινα
2764 1801 2870 1834 των
2931 1785 3306 1850 μοναζουσῶν,
3363 1785 3450 1851 ἐφ’
3504 1780 3584 1848 οἷς

1936 1863 1976 1918 Β
2005 1870 2267 1924 διοικοῦσί
2293 1888 2352 1925 τε
2385 1874 2477 1925 καὶ
2505 1873 2888 1943 προνοοῦνται,
2920 1875 2980 1926 οὐ
2999 1876 3108 1927 τῶν
3138 1873 3587 1945 είσοδιαζομένων

2004 1981 2063 2016 τε
2099 1965 2190 2016 καὶ
2224 1962 2654 2033 ὲξοδιαζομὲνων
2679 1966 2886 2034 εἴδησιν
2916 1968 3190 2028 ἀπαιτεῖν,
3219 1967 3251 2037 ἢ
3284 1968 3587 2038 λαμϐάνειν

2003 2073 2055 2109 τι
2085 2057 2194 2110 ἀπὸ
2231 2057 2330 2126 τῆς
2383 2057 2553 2128 μονῆς
2587 2058 2648 2110 τὸ
2679 2057 2904 2112 σύνολον
2953 2061 3275 2129 ἐπιχειρεῖν,
3329 2063 3360 2130 ἢ
3403 2063 3590 2128 νοσφίο

2006 2148 2198 2212 ζεσθαι
2225 2149 2284 2202 τὸ
2327 2149 2556 2215 οίονοῦν,
2609 2150 2641 2220 ἢ
2687 2150 3071 2206 διατάττεσθαι
3111 2155 3432 2224 ἐπιχειρεῖν.
3478 2153 3589 2224 Τὴν

2005 2237 2116 2307 γὰρ
2149 2238 2417 2309 διοίκησιν
2449 2238 2550 2308 τῆς
2583 2243 2772 2310 μονῆς,
2829 2241 2923 2294 καί⁸
2963 2242 3072 2295 τῶν
3105 2243 3198 2295 ὑπ’
3243 2246 3415 2314 αὐτὴν
3453 2245 3590 2297 πάν-

2005 2344 2133 2394 των,
2160 2329 2588 2400 άπερικλόνητον
2621 2329 2987 2401 ἀνατιοέαμεν
3010 2333 3148 2401 αὐτῇ
3172 2335 3237 2402 τῇ
3265 2333 3592 2406 προεστώσῃ

2011 2421 2109 2474 καὶ
2139 2422 2259 2484 ταῖς
2282 2425 2569 2492 μοναχαῖς,
2596 2425 2736 2476 κατὰ
2761 2423 2860 2492 τὴν
2883 2422 2978 2476 τοῦ
3004 2423 3240 2476 τυπικοῦ
3275 2424 3589 2492 περίληψιν.

2020 2513 2146 2566 Ἐπὶ
2199 2513 2254 2566 δὲ
2313 2513 2490 2582 τούτῳ
2539 2515 2683 2584 μόνῳ
2725 2516 2822 2577 τὰς
2880 2515 3138 2586 ῥηθείσας
3182 2517 3496 2584 ὲφιστὼμεν
3525 2521 3590 2586 τῇ

2012 2607 2170 2675 μονῇ,
2206 2604 2300 2656 ἐπὶ
2330 2604 2408 2674 τῷ
2449 2609 2772 2674 συγκροτεῖν
2801 2622 2860 2657 τε
2896 2606 2990 2658 καὶ
3023 2605 3308 2676 περιέπειν
3335 2608 3504 2675 αὑτήν
3536 2624 3594 2658 τε

2010 2697 2106 2749 καὶ
2136 2695 2204 2749 τὰ
2255 2695 2346 2750 ὑπ’
2386 2695 2590 2766 αὐτήν·
2636 2697 2729 2748 καὶ
2779 2698 3279 2767 σκανδιλιζομὲνας
3315 2701 3446 2762 ἴσως
3496 2701 3596 2760 τὰς

2013 2786 2253 2856 μοναχόις
2284 2787 2608 2858 εἰρηνεύειν,
2669 2790 2765 2842 καὶ
2800 2790 3098 2842 ἀποσοϐεῖν
3149 2791 3273 2852 τοὺς
3310 2791 3595 2854 ἐθέλοντας

2011 2880 2123 2940 τοῖς
2147 2881 2245 2946 τῆς
2273 2882 2438 2948 μονῆς
2471 2879 2832 2949 ἐπεμϐαίνειν
2860 2880 3090 2943 δικαίοις
3111 2896 3126 2912 ο
3162 2881 3194 2951 ἢ
3220 2881 3598 2951 παραθραύειν

2011 2984 2064 3021 τι
2095 2967 2206 3020 τῶν
2238 2970 2296 3020 ὲν
2323 2969 2399 3038 τῷ
2437 2971 2664 3040 παρ’ἑντι
2700 2970 2919 3040 τυπικῷ
2965 2969 3426 3041 διηγορευμένων.
3469 2973 3522 3026 Ἀ
3537 2991 3587 3041 ρο

2013 3061 2164 3114 διέσει
2203 3059 2261 3112 δὲ
2309 3061 2501 3123 αὐταῖς
2532 3061 2594 3113 τὸ
2649 3060 3089 3131 μνημονεύεσθαι
3142 3061 3304 3130 μόνον
3356 3063 3590 3116 καθεκά-

2018 3167 2151 3221 στην
2205 3152 2263 3204 ὲν
2311 3154 2379 3220 τῇ
2427 3154 2588 3222 μονῇ,
2641 3152 2735 3204 καὶ
2789 3153 2929 3222 μετὰ
2981 3153 3213 3206 θάνατον
3265 3157 3376 3217 τοῖς
3429 3156 3594 3226 ίεροῖς

2018 3240 2298 3311 διπτύχοις
2332 3242 2661 3312 γράφεσθαι.

2081 3319 2162 3385 To
2194 3331 2304 3403 γὰρ
2337 3333 2509 3402 παρὸν
2540 3331 2698 3402 ἡμῶν
2745 3332 2979 3387 τυπικδν
3011 3332 3321 3404 βουλόμεθα
3363 3333 3507 3404 ἔχειν
3538 3336 3600 3389 τὸ

2020 3424 2221 3493 κράτος
2245 3425 2540 3495 ὰκλόνητόν
2563 3441 2621 3478 τε
2640 3425 2733 3479 καὶ
2756 3425 2974 3496 ἀπαράτ
2986 3443 3155 3497 ρωτον
3177 3427 3340 3498 μέχρι
3375 3427 3597 3494 παντὸς,

2023 3518 2099 3588 μὴ
2129 3517 2451 3588 προσθήκην
2503 3519 2626 3571 τινὰ
2675 3517 2986 3588 δεχόμενον,
3037 3519 3112 3588 μὴ
3161 3519 3477 3589 ἀφαίρεσιν,
3519 3522 3595 3588 μὴ

2024 3614 2403 3680 μεταποίησιν.
2436 3609 2704 3662 Οὐδέποτε
2751 3611 2859 3680 γάρ
2894 3627 2944 3662 τι
2981 3611 3088 3662 τῶν
3116 3611 3173 3662 ὲν
3205 3610 3378 3680 τούτῳ
3409 3611 3599 3681 διηγο-

2024 3702 2306 3774 ρευμένων
2347 3703 2444 3755 καὶ
2493 3700 3078 3772 διαγορευθησομένων
3115 3700 3598 3772 παραδαθήσεται,

2023 3795 2057 3864 ἦ
2091 3811 2214 3849 τινα
2252 3796 2475 3864 τρόπον,
2516 3794 2548 3864 ἢ
2599 3793 2962 3863 μεταποίησιν
3008 3791 3218 3856 δέξεται
3263 3793 3392 3862 παρ’
3451 3793 3602 3845 οὑτι-

2023 3886 2235 3950 νοσοῦν,
2267 3886 2388 3938 οὺδὲ
2421 3889 2480 3939 ὲν
2512 3887 2610 3956 μιᾷ
2641 3884 2838 3956 καιροῦ
2874 3887 3042 3956 ῥοπῇ,
3063 3885 3166 3938 κᾶν
3203 3884 3380 3954 πολλῷ
3419 3885 3605 3954 κρείτ-

2023 3996 2152 4032 τονα
2177 3978 2526 4048 διατάγματα
2557 3977 2650 4028 καὶ
2671 3977 2931 4047 οίκονομή
2942 3993 3108 4047 ματα,
3134 3976 3242 4029 εῖτε
3269 3975 3400 4047 παρ’
3431 3977 3602 4047 αὐτῆς

2024 4071 2127 4140 τῆς
2159 4069 2494 4142 ἡγουμένης,
2534 4069 2645 4121 εἴτε
2688 4068 2841 4138 παρὰ
2875 4071 2973 4137 τῆς
3001 4067 3098 4136 τῆς
3132 4066 3297 4136 μονῆς
3335 4067 3604 4133 ἀντιλαμ-

2025 4163 2330 4233 ϐανομένης
2381 4161 2655 4228 εἰσάγοιτο
2699 4161 2765 4230 τῇ
2820 4162 2976 4230 μονῇ,
3011 4159 3076 4223 ἐξ
3115 4151 3191 4212 ὧν
3237 4157 3604 4228 προσδοκᾶται

2026 4253 2199 4322 αὑτήν
2229 4268 2310 4316 τε,
2347 4251 2534 4304 καὶτὰ
2563 4250 2654 4303 ὑπ’
2689 4250 2881 4320 αὐτὴν,
2927 4250 3168 4304 ἐπίδοσιν
3195 4250 3461 4320 μεγίστην
3508 4249 3605 4303 λαο

2025 4343 2163 4408 δεῖν,
2187 4345 2280 4398 καὶ
2301 4345 2639 4398 κατάστασιν
2663 4343 2968 4414 κρείττοναδ

2629 4478 2883 4533 ΚΕΦΑΛ.
2929 4475 3002 4532 Δ’.

2028 4589 2165 4659 Περὶ
2193 4588 2298 4642 τοῦ
2324 4587 2450 4654 πῶς
2489 4587 2566 4642 ἂν
2593 4587 2858 4657 διάγοιεν
2887 4588 2957 4641 ἐν
2984 4587 3060 4657 τῇ
3099 4587 3260 4659 μονῇ
3289 4591 3348 4642 αἱ
3379 4590 3449 4643 ἐκ
3486 4587 3603 4641 τῶν

2095 4660 2360 4729 ἐγγόνων
2395 4659 2561 4729 ἠμῷν
2603 4659 3086 4729 ἀποκειρόμεναι,
3128 4661 3226 4714 καὶ
3283 4660 3352 4712 ἐν
3413 4660 3601 4726 ταύτῃ

2095 4728 2614 4796 παραχωρηθεῖσαι
2645 4728 2892 4797 διάγειν,
2926 4730 3027 4782 καὶ
3071 4733 3130 4783 at
3171 4731 3240 4782 ἐκ
3285 4729 3402 4782 τῶν
3435 4746 3593 4793 περι-

2096 4800 2474 4879 φανεστερου
2519 4799 2664 4878 ,βίον
2701 4801 2799 4879 καί
2837 4799 3068 4879 σεμνοῦ
3097 4801 3603 4879 ,προσερχόμεναι

2098 4867 2170 4937 τῇ
2199 4870 2442 4936 τοιαύτῃ
2471 4867 2653 4936 μονῇ,
2691 4871 2786 4922 καί
2821 4867 3284 4939 ἀπὸκειρόμεναι
3314 4867 3384 4921 ἐν
3423 4868 3602 4936 αὐτῇ.

2111 4983 2238 5038 Ἐὰν
2268 4983 2323 5035 δέ
2359 5000 2437 5044 τις
2471 4983 2579 5034 τῶν
2610 4982 2925 5053 θυγατέρων
2963 4985 3054 5053 τῆς
3087 4983 3457 5052 περιποθήτου
3501 5001 3604 5052 μου

2026 5075 2542 5144 πορφυρογεννήτου
2575 5075 2746 5143 κυρᾶς
2773 5075 2996 5144 Ἀννης,
3031 5077 3064 5148 ἢ
3101 5075 3194 5143 τῆς
3231 5076 3600 5145 περιποθήτου

2031 5183 2132 5235 μου
2167 5166 2676 5235 ποριρυρογεννήτου
2714 5168 2886 5234 κυρᾶς
2917 5165 3153 5234 Μαρίας,
3185 5168 3241 5217 ἐν
3280 5171 3344 5234 τῇ
3380 5169 3600 5235 τιιαύτῃ

2030 5260 2163 5327 μονῇ
2194 5256 2288 5324 τὴν
2315 5255 2586 5325 κωμικὴν
2632 5256 2794 5325 τρίχα
2826 5256 3071 5325 θελήσειε
3103 5257 3411 5326 κείρασθαι,
3445 5258 3477 5328 ἢ
3512 5261 3601 5308 καί

2028 5349 2136 5400 ἀπὸ
2186 5345 2296 5398 τῶν
2360 5343 2466 5408 ἔξω
2524 5345 2871 5414 ἀποκαρείσα
2930 5344 3201 5410 εἰσέλθοι,
3258 5345 3604 5415 παραδεκτέα

2029 5438 2202 5492 ἔδται.
2243 5438 2354 5490 Καὶ
2379 5439 2428 5488 εἰ
2459 5435 2558 5506 μὲν
2587 5436 2665 5506 τῷ
2696 5435 2840 5506 αὐτῷ
2869 5435 3026 5505 τύπῳ
3055 5452 3113 5488 τε
3156 5439 3247 5490 καὶ
3276 5439 3460 5488 κανόνι
3505 5439 3605 5504 ὲμ-

2033 5534 2218 5601 μένειν
2249 5529 2490 5598 βούλοιτο
2518 5528 2575 5582 ἐν
2620 5545 2681 5580 τε
2723 5531 2791 5599 τῇ
2835 5528 3102 5598 διαγωγῇ,
3144 5529 3239 5580 καὶ
3272 5528 3472 5597 διαίτῃ,
3513 5527 3606 5578 καὶ

2033 5623 2301 5691 κατοικία,
2342 5622 2437 5673 καὶ
2491 5620 2640 5688 πάσῃ
2687 5617 2822 5688 ἄλλῃ
2856 5619 2962 5670 τῶν
3009 5621 3068 5671 ἐν
3103 5619 3278 5690 ταύτῃ
3319 5621 3604 5670 ἀπουσῶν

2033 5715 2384 5779 καταστάσει,
2425 5715 2590 5783 μηδὲν
2620 5730 2669 5764 τι
2716 5711 3192 5780 παρηλλαγμένον,
3227 5714 3320 5762 καὶ
3365 5716 3460 5779 τῆς
3498 5713 3604 5760 τῶν

2031 5807 2233 5861 λοιπῶν
2268 5805 2615 5876 μοναζουσών
2666 5806 2938 5866 πολιτείας
2987 5805 3260 5874 ἀλλότριον
3303 5806 3605 5854 tuon/.m-
