4064 6418
486 415 632 478 Ῑθθθ

1892 409 2254 471 TYPICUM.

3603 413 3746 479 1010

484 528 643 594 μένη.
671 523 1034 587 εύαπόδεκτος
1055 522 1195 593 αὐτὴ
1221 521 1314 576 καὶ
1335 519 1455 590 Θεῷ
1490 521 1584 574 καὶ
1615 519 1759 589 ἐμοὶ,
1796 519 1935 589 ὑπὲρ
1964 521 2064 589 τῆς

2180 519 2373 586 buerit,
2424 530 2646 592 accepta
2700 523 2806 578 erit
2861 523 2977 580 bzec
3027 525 3136 580 Deo
3191 533 3246 580 et
3296 524 3452 589 milii,
3517 536 3738 595 propter

481 617 711 686 ἀρίστης
748 617 1074 687 μεταϐολῆς,
1112 615 1207 668 καὶ
1238 614 1416 682 δεξιᾶς
1446 612 1807 676 ἀλλοιώσεως.

553 794 616 847 Εἰ
645 793 692 847 δ’
726 795 791 846 ἐκ
819 793 916 862 τῆς
953 791 1216 863 συνήθους
1247 792 1378 856 ῖσως
1414 789 1719 864 ἁϐροτέρας
1761 785 2056 856 διαγωγῆς,

484 887 564 949 είς
607 887 708 957 τὴν
737 887 878 954 ἄγαν
907 886 1152 956 σκληρὰν
1196 887 1525 956 μεταπεσεῖν
1556 883 1632 954 μὴ
1666 881 1903 945 δύναιτο,
1932 878 2060 940 τοὺς

485 977 587 1047 μὲν
631 977 926 1048 λογισμοὺς
965 977 1186 1046 ἑαυτῆς,
1240 978 1336 1030 καὶ
1387 976 1488 1039 τάς
1533 975 1762 1045 πράξεις
1795 970 2060 1042 ἀναθήσει

483 1071 578 1123 καὶ
603 1071 742 1139 αὕτη
773 1070 851 1140 τῷ
890 1069 1056 1140 κοινῷ
1099 1069 1276 1141 Πατρὶ
1305 1068 1414 1122 τῶν
1465 1065 1838 1136 μοναζουσῶν,
1871 1063 2062 1130 ἐξαγο-

487 1161 758 1231 ρευομένη
791 1159 941 1230 αὐτῷ
980 1161 1177 1230 ἐπίσης
1225 1162 1320 1213 καὶ
1359 1162 1481 1222 ταῖς
1512 1158 1760 1220 λοιπαῖς·
1795 1156 1974 1227 διαίτῃ
2004 1155 2059 1208 δὲ

485 1253 579 1305 καὶ
610 1251 898 1323 ψαλμῳδίᾳ
933 1254 1196 1323 χρήσεται
1224 1255 1290 1322 τῇ
1325 1251 1468 1304 κατὰ
1493 1250 1724 1320 δύναμιν
1751 1249 1972 1318 ἑαυτῆς,
2001 1247 2061 1298 ἐν

483 1343 562 1412 τῷ
593 1343 938 1415 δοθησομένῳ
970 1345 1104 1414 αὐτῇ
1147 1343 1370 1413 κελλίῳ,
1411 1344 1580 1412 ἤγουν
1617 1344 1684 1412 τῇ
1715 1341 1936 1394 ὄπισθεν
1964 1339 2058 1392 τοῦ

489 1436 698 1506 μύακος
719 1437 818 1505 τῆς
845 1433 1126 1507 τραπέζης
1154 1434 1265 1488 τῶν
1294 1433 1642 1504 μοναζουσῶν
1673 1432 1752 1503 (5)
1788 1431 2063 1502 ἐχομένως

484 1527 580 1580 τοῦ
613 1529 901 1600 περιϐόλου
933 1527 1113 1582 αὐτῶν
1136 1527 1496 1600 ἀνεγερθείσῃ
1530 1528 1702 1599 μικρᾷ
1719 1526 1952 1598 τροπικῇ
1982 1525 2063 1596 (6)

489 1619 630 1688 μετὰ
690 1618 784 1672 τοῦ
833 1619 1225 1690 παρακελλίου,
1281 1621 1376 1673 καὶ
1432 1621 1532 1688 τῆς
1564 1616 1857 1689 χρειώδους
1893 1617 2062 1687 ἄλλης

487 1709 810 1772 ἀκολουθίας
849 1709 944 1763 τοῦ
985 1709 1230 1765 τοιούτου
1258 1711 1560 1782 οἰκήματος
1603 1709 1910 1773 ἰδιαζόντως
1941 1706 2060 1760 διὰ-

488 1817 682 1867 γουσα,
713 1803 808 1855 καὶ
832 1803 1137 1874 ἑστιωμένη
1162 1803 1419 1856 ἐπέκεινα
1442 1801 1541 1870 τῆς
1565 1802 1674 1857 τῶν
1699 1801 1874 1855 ἄλλων
1896 1817 2061 1869 μονα-

2169 613 2432 682 optimam
2491 616 2638 670 illam
2686 617 3043 672 mutationem
3122 629 3178 674 et
3233 618 3448 674 felicem
3513 634 3742 673 conver-

2169 721 2406 761 sronem.

2241 798 2299 853 Si
2328 814 2462 855 vero
2489 816 2555 855 ex
2580 811 2800 858 assueta
2841 801 2978 856 forte
3005 801 3241 856 molliori
3266 801 3392 856 vilae
3431 801 3642 856 ratione
3673 801 3744 856 ad

2169 889 2325 944 valde
2356 891 2551 945 duram
2591 899 2643 947 et
2685 907 2936 962 asperam
2977 892 3214 948 transire
3255 891 3613 962 nequiverit,
3645 907 3743 946 co-

2169 981 2468 1052 gitationes
2496 983 2721 1052 quidem
2753 993 2811 1038 et
2845 999 3012 1053 opera
3037 999 3134 1038 sua
3175 983 3482 1039 declarabit
3527 991 3583 1037 et
3623 983 3740 1052 ipsa

2167 1071 2449 1126 communi
2478 1073 2627 1128 Patri
2657 1074 3000 1137 monialium,
3029 1082 3084 1129 et
3115 1082 3176 1128 ut
3230 1081 3444 1128 σείει-αξ
3473 1072 3575 1142 ipsi
3608 1087 3740 1126 con-

2167 1155 2415 1212 ﬁtebitur
2442 1176 2456 1213 :
2487 1160 2666 1215 vietus
2713 1177 2846 1216 vero
2881 1162 3092 1216 ratione
3131 1171 3186 1216 et
3223 1160 3524 1231 psalmodia
3558 1169 3744 1214 utetur

2163 1251 2320 1321 juxta
2349 1250 2493 1307 vires
2513 1266 2642 1306 snas
2675 1252 2731 1307 in
2781 1253 3107 1323 assignanda
3150 1253 3254 1307 sibi
3287 1253 3443 1316 cella,
3480 1249 3742 1305 nimirum

2169 1343 2222 1398 in
2241 1343 2476 1400 excitata
2494 1360 2637 1414 pone
2659 1347 2924 1417 mytulum
2945 1362 3148 1401 mensa:
3165 1345 3506 1408 monialium,
3526 1358 3747 1399 earum-

2169 1449 2276 1504 que
2299 1434 2530 1490 arnbitui
2563 1437 2844 1508 adjacente
2866 1453 3032 1508 parva
3064 1437 3296 1506 tropica,
3329 1450 3456 1490 cum
3487 1433 3744 1504 adjuncta

2169 1527 2274 1582 sibi
2336 1529 2533 1584 cellula
2575 1537 2631 1584 et
2688 1530 2917 1600 reliquis
2948 1528 3220 1600 ejusmodi
3275 1525 3557 1583 domicilio
3609 1541 3744 1582 con-

2169 1621 2532 1692 gruentibus;
2593 1621 2813 1692 illicque
2859 1621 3018 1692 degat
3061 1629 3116 1677 et
3149 1621 3403 1677 comedat
3453 1617 3745 1689 peculiari,

2170 1721 2226 1766 et
2250 1727 2282 1767 a
2318 1722 2579 1767 consueta
2611 1713 2945 1784 reliquarum
2975 1712 3294 1769 monialium
3327 1713 3541 1766 diversa
3567 1710 3748 1764 victus

2172 1803 2406 1868 ratione,
2432 1814 2598 1873 prout
2623 1803 2870 1859 detonsa:
2900 1803 3046 1858 vires
3103 1802 3457 1872 postularint,
3483 1810 3537 1856 et
3561 1801 3751 1866 νεωτε-

489 1892 701 1956 ζουσῶν
730 1893 993 1963 συνήθους
1019 1893 1253 1965 διαίτης,
1281 1891 1462 1957 καθὼς
1493 1894 1559 1946 ἂν
1579 1893 1614 1963 ἥ
1643 1909 1701 1945 τε
1732 1892 2064 1954 κατάστασις

2180 1903 2270 1951 sta:
2299 1897 2560 1952 discretio
2596 1896 2966 1952 constituerit.
2991 1897 3059 1951 Et
3091 1910 3261 1966 penes
3291 1894 3583 1965 ipsamferit
3611 1891 3750 1947 duas

489 1986 585 2054 τῆς
617 1985 1064 2056 ἀποκειραμένης
1094 1986 1321 2056 ἀπαιτῇ,
1351 1987 1446 2039 καὶ
1470 1987 1502 2056 ή
1524 1985 1622 2056 τῆς
1647 1984 2068 2055 καθηγουμένης

488 2077 766 2147 διάκρισις
815 2078 1169 2150 οἰκονομήσῃ.
1227 2079 1344 2131 Ἐπ’
1381 2078 1568 2140 ἀδείας
1617 2095 1676 2130 τε
1721 2076 1875 2130 ἔσται
1929 2077 2068 2147 αὐτῇ

490 2167 636 2248 ἔχειν
690 2170 786 2222 καὶ
833 2169 928 2222 δύο
979 2173 1248 2238 γυναῖκας
1303 2169 1403 2234 τὰς
1452 2169 1878 2232 ὲκδουλευούσας
1929 2170 2068 2241 αὐτῇ

492 2259 810 2330 ἐλευθέρας,
835 2262 944 2314 εῖτε
969 2263 1064 2315 καὶ
1079 2261 1291 2329 δούλας,
1315 2261 1636 2331 ὀφειλούσας
1652 2261 1972 2316 διοικεῖσθαι
1990 2261 2068 2332 (7)

493 2354 601 2407 ἀπὺ
628 2355 737 2407 τῶν
761 2357 858 2425 τῆς
899 2355 1094 2426 μονῆςε

575 2447 828 2517 Ἀνδράσι
861 2447 1046 2516 μέντοι
1083 2447 1286 2503 ἀϐάτου
1315 2449 1624 2520 ὁρισθέντος
1659 2448 1801 2505 εἶναι
1832 2450 1928 2504 τοῦ
1967 2468 2068 2520 μο-

494 2539 815 2609 ναστηρίου,
841 2541 1002 2610 εἴπερ
1047 2543 1154 2612 ἄρα
1188 2540 1431 2610 βούλοιτό
1459 2559 1568 2596 τισι
1610 2545 1894 2614 συντυχεῖν
1930 2543 2070 2616 αὐτὴ

496 2632 604 2683 τῶν
632 2632 850 2684 οἰκείων
888 2633 1080 2703 αὐτῆς,
1120 2634 1230 2686 εἴτε
1264 2634 1542 2702 ἀναγκαία
1580 2633 1736 2704 χρεία
1769 2635 1940 2700 καλεῖ,
1969 2635 2072 2688 οὐκ

495 2722 710 2784 ἐξέσται
740 2722 879 2793 αὐτῇ
926 2723 1076 2786 ὲνιδς
1121 2723 1222 2790 τῆς
1255 2723 1424 2794 μονῆς
1469 2723 1692 2787 τούτους
1727 2725 2068 2793 εἰσαγαγεῖνο

495 2813 612 2866 ἀλλ’
642 2812 982 2880 ἐξελεύσεται
1040 2812 1179 2884 αὕτη
1211 2814 1348 2883 μετὰ
1407 2815 1496 2867 καὶ¹
1545 2814 1742 2885 βουλῆς
1814 2817 1912 2887 τῆς
1944 2816 2075 2870 καθ-

495 2905 812 2976 ηγουμένης
856 2908 938 2969 είς
966 2907 1026 2959 τὸ
1050 2907 1184 2974 πρὸς
1215 2908 1306 2960 τὸν
1342 2905 1562 2959 πυλῶνα
1602 2907 1794 2976 ὲξάγον
1828 2909 2072 2962 διαϐατι-

497 2997 628 3060 κὺν,
683 2998 909 3051 κάκεῖσε
965 2999 1178 3062 τούτοις
1231 2999 1672 3071 συνομιλήσασα,
1705 3001 2071 3057 είσελεύσεται

497 3080 654 3146 αὖθις
687 3086 766 3146 είς
791 3084 890 3154 τὴν
919 3091 1112 3155 μονὴν,
1144 3087 1344 3141 ἇόατον
1367 3088 1559 3159 αὐτὴν,
1591 3087 1669 3152 ὡς
1701 3089 1939 3160 εἴρηται,
1975 3094 2074 3147 ἀν-

496 3175 654 3245 δράσι
687 3178 1141 3246 διαφυλάττουσα.

570 3269 632 3322 Εί
658 3270 716 3323 δέ
761 3288 844 3334 τις
877 3272 986 3324 τῶν
1017 3272 1274 3327 τοιούτων
1300 3273 1362 3328 οὐ
1403 3274 1630 3330 δύναται
1674 3277 1754 3343 τῷ
1800 3277 1930 3349 περὶ
1973 3278 2076 3348 τῆς

498 3359 828 3426 ἐξελεύσεως
874 3363 974 3432 τῆς
1028 3366 1198 3435 μονῆς
1245 3365 1519 3435 ὁρισθέντι
1565 3369 1660 3422 ἐπὶ
1705 3371 1826 3434 ταῖς
1858 3369 2077 3433 λοιπαῖς

504 3454 866 3522 μοναζούσαις
904 3457 961 3508 ἐν
995 3456 1072 3526 τῷ
1111 3458 1342 3528 παρόντι
1373 3459 1534 3529 ἡμῶν
1567 3461 1782 3532 τυπικῷ
1816 3463 2078 3533 ἐμμένειν

499 3545 680 3615 τύπῳ,
730 3547 1273 3619 παραχωρηθήσεται
1321 3550 1472 3621 παρά
1503 3552 1600 3622 τῆς
1631 3553 2074 3626 καθηγουμένης,

500 3640 893 3711 περιστατικοῦ
924 3658 1069 3704 τινος
1098 3642 1235 3713 αὐτῇ
1269 3645 1600 3712 συμόάντος,
1631 3646 1953 3716 ὲξέρχεσθαι
1979 3649 2078 3718 τῆς

503 3732 670 3801 μονῆς
704 3733 843 3801 μετά
875 3734 1004 3802 μιᾶς
1037 3733 1146 3786 τῶν
1191 3736 1566 3807 γηραιοτέρων
1602 3738 1699 3791 καὶ
1733 3739 2080 3811 σεμνοτέρων

499 3825 764 3894 ἀδελφῶν,
793 3825 862 3896 ἢν
888 3825 954 3879 ἂν
993 3828 1026 3897 ἡ
1057 3827 1446 3900 κσθηγουμένη
1476 3830 1742 3900 βούλοιτο.
1774 3833 1882 3886 Καὶ
1912 3835 1943 3902 ἡ
1981 3833 2080 3902 μὲν

443 3952 445 3954 -
505 3917 713 3988 μοναχῆ
745 3918 906 3981 εὐθὺς
941 3919 1310 3990 ὑποστρέψει-
1342 3922 1521 3993 ἐκείνη
1557 3923 1613 3975 δὲ
1643 3925 1954 3995 θεασαμένη
1989 3927 2080 3978 τὸν

501 4009 839 4065 ἁσθενοῦντα
867 4012 1104 4081 συγγενῆ
1131 4013 1300 4082 αὐτῆς
1323 4014 1416 4066 δύο
1439 4016 1548 4068 εἴτε
1568 4017 1822 4086 καὶτρεῖς
1845 4018 2080 4088 ἡμέρας,

502 4102 832 4174 ὑποστρέφει
881 4106 1016 4173 πρὸς
1045 4105 1143 4174 τὴν
1178 4106 1368 4174 μονήν.
1416 4107 1477 4158 Ei
1526 4108 1582 4159 δὲ
1629 4107 1722 4160 καὶ
1778 4111 1844 4162 τὰ
1879 4109 2082 4178 ἔσχατα

503 4195 627 4246 πνεῖ
660 4195 688 4245 ό
717 4194 961 4247 ἀσθενῶν
995 4194 1269 4265 συγγενὴς
1295 4197 1490 4264 αὐτῆς,
1534 4199 1863 4268 καρτερήσει
1900 4203 2080 4254 ὲκεῖσε

507 4287 700 4357 μέχρις
733 4286 799 4339 ἂν
851 4287 1062 4350 ἐκεῖνος
1117 4286 1260 4339 τέλει
1303 4287 1397 4338 τοῦ
1457 4287 1570 4356 βίου
1613 4290 1910 4360 χρήσηται.
1952 4293 2082 4361 Εῖγε

504 4380 598 4433 καὶ
628 4381 660 4449 ἡ
688 4377 880 4433 τούτου
918 4378 1167 4449 τελευτὴ,
1199 4379 1335 4450 πρὸς
1374 4379 1563 4450 μίανῆ
1603 4382 1697 4434 καὶ
1737 4381 1831 4434 δύο
1869 4384 2083 4454 ἡμέρας

505 4473 902 4536 ἐπεκτείνεται,
955 4473 988 4544 ἢ
1026 4472 1120 4526 καὶ
1167 4472 1374 4535 πλεῖον,
1406 4472 1502 4524 καὶ⁹
1538 4474 1601 4525 ὲκ
1633 4473 1754 4526 τότε
1807 4477 1941 4546 πρὸς
1984 4479 2085 4546 τὴν

507 4565 676 4634 μονὴν
707 4564 1065 4634 ὑποστρέφει.

591 4654 753 4708 Ἀλλὰ
807 4655 904 4708 καὶ
938 4655 992 4708 εῖ
1026 4673 1110 4716 τις
1157 4656 1319 4727 ἑτέρα
1341 4655 1450 4710 τῶν
1499 4657 1565 4709 ὲκ
1622 4657 2086 4729 περιφανεστέρου

508 4744 624 4814 βίου
680 4745 773 4798 καὶ
827 4747 1221 4811 καταστάσεως
1290 4749 1517 4817 σεμνῆς.
1573 4746 1864 4818 βουληθείη
1918 4748 1976 4801 έν
2019 4752 2086 4820 τῇ

507 4836 736 4910 τοιαύτῃ
765 4841 899 4910 μονῇ
932 4839 1032 4909 τὴν
1066 4841 1338 4910 κοσμικὴν
1370 4839 1666 4893 ἀποθέσθαι
1701 4839 1883 4911 τρίχα,
1926 4841 1958 4912 ἢ
1993 4843 2088 4894 καὶ

506 4930 613 4982 ἀπὸ
636 4929 745 4983 τῶν
776 4929 882 4996 ἔξω
905 4933 1248 5000 ἀποκαρεῖσα
1272 4932 1527 4995 εἰσέλθοι,
1561 4932 1910 5001 παραδεκτέα
1935 4933 2088 4988 ἔσται

2172 1989 2379 2043 habere
2412 1989 2692 2054 mulieres,
2721 1989 2837 2044 sive
2861 1989 3067 2044 liberas
3094 1987 3210 2042 sive
3263 2000 3472 2049 servas,
3502 1983 3607 2038 sibi
3643 1983 3749 2036 mi-

2171 2081 2488 2144 nistrantes,
2523 2095 2646 2152 qua:
2695 2080 2929 2137 seorsim
2984 2095 3014 2135 a
3071 2075 3393 2134 monasterii
3440 2073 3753 2131 famulabus

2172 2174 2521 2231 habitabunt.

2244 2446 2382 2502 Cum
2411 2455 2594 2501 autem
2633 2440 3032 2499 monasterium
3061 2439 3194 2494 viris
3232 2439 3572 2493 inaccessum
3630 2449 3754 2489 esse

2173 2537 2462 2594 deﬁnitum
2515 2537 2622 2599 sit,
2655 2536 2700 2590 si
2746 2533 2969 2604 quidem
3020 2531 3134 2602 ipsa
3181 2529 3446 2600 quosdam
3513 2528 3617 2582 sibi
3671 2526 3753 2580 fa-

2173 2629 2472 2684 miliarium
2535 2625 2742 2694 alloqui
2791 2623 3047 2687 voluerit,
3084 2622 3412 2676 necessitate
3461 2619 3513 2672 id
3564 2629 3753 2688 postu-

2173 2724 2353 2785 lante,
2382 2735 2492 2774 non
2525 2718 2714 2773 licebit
2736 2717 2815 2770 illi
2839 2731 2936 2772 eos
2965 2716 3018 2769 in
3046 2713 3442 2769 monasterium
3473 2711 3754 2764 intromit-

2176 2823 2290 2869 tere
2318 2830 2332 2868 :
2361 2813 2459 2869 sed
2489 2812 2603 2882 ipsa
2633 2827 2664 2866 e
2695 2809 2967 2865 sententia
2996 2807 3264 2877 praelecta:
3307 2805 3482 2859 exibit
3535 2804 3602 2858 ad
3636 2819 3759 2873 per-

2172 2907 2324 2962 vium
2359 2905 2650 2961 transitum
2679 2903 2773 2974 qui
2827 2913 2913 2958 est
2964 2901 3032 2956 ad
3087 2900 3312 2963 atrium,
3345 2909 3401 2952 et
3465 2907 3753 2967 postquam

2174 3001 2249 3059 ibi
2283 3015 2408 3055 cum
2440 2999 2550 3054 illis
2595 3005 2918 3053 conversala
2949 2993 3134 3056 fuerit,
3168 2980 3509 3062 ingredietur
3566 3005 3760 3044 rursus

2175 3095 2230 3150 in
2266 3091 2690 3157 monasterium,
2742 3088 3071 3156 curabitque
3107 3093 3167 3140 ut
3221 3083 3356 3138 viris
3414 3083 3753 3136 inaccessum

2101 3217 2146 3275 ο
2178 3191 2272 3252 sit,
2302 3197 2362 3244 ut
2391 3189 2599 3242 dictum
2628 3191 2734 3240 est.

2251 3282 2307 3338 Si
2343 3295 2477 3336 vero
2510 3295 2702 3334 earum
2731 3276 2981 3348 quaedam
3007 3270 3235 3342 obsequi
3267 3274 3505 3339 nequeat
3555 3265 3757 3335 regula:

2183 3376 2250 3432 de
2281 3390 2508 3444 egressu
2542 3388 2573 3426 e
2629 3368 2986 3429 monasterio.
3022 3381 3124 3437 pro
3160 3362 3381 3420 exteris
3429 3358 3762 3415 monialibus

2183 3470 2238 3524 in
2267 3467 2522 3538 praesenti
2553 3465 2735 3536 typico
2783 3462 3019 3524 tradita,
3068 3455 3405 3513 concedatur
3461 3453 3510 3508 ei
3559 3468 3589 3506 a
3620 3465 3762 3520 prae-

2181 3563 2324 3618 lecta
2349 3562 2496 3630 (casu
2531 3558 2789 3629 quopiam
2823 3556 2924 3625 ipsi
2956 3549 3287 3621 accidente),
3323 3557 3384 3602 ut
3421 3561 3451 3601 e
3487 3553 3764 3600 monaste-

2183 3655 2266 3708 rio
2290 3651 2518 3708 excedat
2547 3665 2671 3704 cum
2701 3663 2808 3703 una
2831 3661 2862 3701 e
2913 3643 3200 3700 sororibus
3237 3648 3397 3695 aetate
3457 3635 3763 3706 grandiori-

2183 3748 2288 3802 bus
2325 3754 2379 3800 et
2409 3742 2844 3806 bonestioribus,
2869 3750 3254 3809 quamcunque
3297 3731 3552 3804 praefecta
3578 3729 3767 3782 volue-

2185 3841 2274 3896 rit.
2326 3840 2395 3894 Et
2450 3837 2706 3892 monialis
2766 3831 2989 3902 quidem
3038 3829 3224 3884 statim
3262 3832 3624 3880 revertatur:
3671 3823 3762 3875 iila

2183 3949 2317 3989 vero
2369 3940 2653 4002 postquam
2704 3941 2908 3997 aegrum
2939 3928 3232 3992 cognatum
3263 3917 3454 3972 viserit
3494 3915 3635 3970 duos
3679 3915 3764 3968 vel

2187 4035 2299 4079 tres
2325 4024 2460 4081 dies.
2503 4017 2784 4074 redibitad
2821 4012 3240 4069 monasterium.
3275 4009 3329 4064 Si
3360 4022 3490 4062 vero
3513 4006 3768 4060 inﬁrmus

2185 4114 2630 4185 consanguineus
2658 4120 2935 4166 extremos
2960 4106 3106 4162 elIlet
3140 4101 3388 4173 spiritus,
3423 4101 3533 4154 illic
3575 4115 3768 4153 mane-

2185 4209 2266 4264 bit
2297 4207 2474 4261 donec
2506 4207 2614 4258 vita
2649 4204 2870 4258 functus
2898 4200 2990 4255 sit.
3015 4196 3170 4265 Quod
3199 4195 3244 4249 si
3293 4195 3412 4265 ejus
3462 4191 3644 4246 obitus
3697 4191 3767 4244 ad

2187 4316 2358 4357 unum
2391 4300 2475 4354 vel
2502 4300 2641 4353 duos
2683 4296 2821 4361 dies,
2862 4302 2957 4349 aut
2985 4293 3108 4363 plus
3131 4289 3501 4360 protrahatur,
3541 4302 3607 4340 ex
3633 4294 3772 4338 tunc

2187 4395 2255 4450 ad
2287 4394 2694 4460 monasterium
2713 4396 3041 4445 revertetur.

2261 4663 2367 4720 Sed
2389 4671 2445 4718 et
2469 4663 2514 4716 si
2545 4661 2650 4716 alia
2685 4657 2953 4729 qumpiam
2977 4671 3044 4710 ex
3080 4653 3310 4709 clariore
3352 4651 3463 4704 vita
3489 4657 3545 4703 et
3583 4647 3770 4716 splen—

2193 4757 2326 4813 dido
2353 4763 2519 4818 statu,
2564 4751 2804 4806 voluerit
2857 4749 2913 4802 in
2963 4750 3067 4802 hoc
3103 4742 3439 4799 monasterio
3481 4739 3772 4796 saeculares

2194 4849 2474 4918 deponere
2509 4844 2738 4913 capillos
2769 4859 2783 4895 :
2828 4841 2912 4895 vel
2944 4842 2988 4892 si
3036 4838 3105 4892 ab
3137 4835 3381 4891 externis
3418 4833 3647 4888 detonsa
3677 4845 3772 4884 ac»

2196 4939 2445 5004 cesserit,
2510 4939 2626 5005 ipsa
2678 4947 2899 5004 quoque
2954 4930 3297 4986 admittetur.
3333 4928 3401 4982 Et
3436 4926 3482 4980 si
3547 4923 3772 4995 quidem

1787 5102 2244 5167 Montl‘auconii
2301 5109 2490 5166 notua.

581 5221 658 5292 (5)
684 5221 860 5293 Μύαε
885 5221 996 5290 τῆς
1012 5222 1298 5291 τραπέζης
1331 5223 1449 5276 τῶν
1462 5223 1876 5292 μοναζουσῶν,
1915 5228 1964 5282 id
1985 5239 2090 5293 est,

508 5293 666 5374 locus
688 5292 773 5372 .ad
832 5293 1208 5374 collocandam
1245 5309 1456 5348 sacram
1475 5310 1729 5374 prensam
1763 5296 1936 5374 instar
1972 5292 2091 5368 my?

511 5363 609 5417 tuli
655 5363 771 5420 sive
818 5363 1044 5420 concha:
1095 5373 1429 5418 exstructus.
1469 5364 1706 5420 Consule
1768 5363 2091 5422 Glossarium

512 5435 700 5486 media:
725 5433 1007 5509 etin/imre
1067 5433 1365 5490 Graecitatis
1399 5436 1469 5490 ab
1487 5436 1866 5491 eruditissimo
1885 5437 2089 5509 Cangio

510 5518 688 5572 nuper
712 5505 940 5558 editum.
1869 5527 1886 5541 ο

585 5573 659 5640 (6)
698 5572 976 5648 Τροπικῇ..
1049 5573 1202 5628 Hanc
1259 5576 1695 5648 vocem_senreli
1749 5577 1972 5630 invenio
2033 5577 2088 5632 in

508 5641 866 5712 TheOpbanis
892 5644 1359 5716 ACltronogtfaphia,
1387 5660 1439 5715 p.
1471 5645 1596 5711 373,
1628 5641 1766 5700 'edit.
1820 5648 1954 5716 Reg.
1987 5648 2085 5701 Νι-

511 5719 804 5792 κήσας.....
834 5714 942 5792 ,τὰς
999 5718 1070 5792 έν.
1095 5714 1174 5786 τῷ
1209 5714 1587 5792 πατριαρχείιρ
1626 5719 1842 5792 εἰκόνας
1873 5714 1966 5769 τοῦ
2001 5735 2088 5786 μι-

511 5783 966 5854 γρούλσεκρέτου,
995 5785 1083 5838 διὰ
1114 5783 1373 5854 μουσαίου
1414 5783 1582 5847 οὔσας
1624 5786 1828 5852 ἔξεσεν,
1871 5790 1962 5839 καὶ
1993 5783 2086 5840 τοῦ

515 5852 753 5923 μεγάλου
782 5852 1038 5925 σεκρέτου
1063 5852 1164 5924 τῆς
1187 5856 1454 5927 τροπικῆς
1478 5857 1536 5921 ἐξ
1557 5857 1894 5927 ύλογραφίας
1919 5857 2084 5928 οὔσης

2201 5232 2558 5300 κατήνεγκεν.
2599 5220 2917 5300 G_oaru_s.ibi
2946 5221 3235 5293 τροπικὴν.
3284 5216 3772 5300 vertitnainbitum,

2202 5317 2309 5355 non
2330 5289 2689 5355 incommode
2723 5289 2994 5356 arbitror,
3035 5289 3351 5362 quanquam
3387 5289 3522 5344 milii
3551 5291 3786 5345 omniuo’

2202 5373 2427 5441 planum
2461 5373 2691 5441 nonest
2719 5363 2852 5441 quid
2881 5363 3013 5441 illud
3045 5365 3138 5418 sit.

2275 5442 2352 5564 S7)
2387 5431 2768 5493 Διοικεῖσθαὶ.
2800 5433 3011 5503 Duplici
3069 5435 3279 5488 ratione
3321 5431 3410 5486 hic
3447 5440 3502 5485 et
3524 5431 3664 5484 infra
3695 5431 3778 5484 in-

2303 5511 2370 5564 iei
2425 5516 2602 5564 potest
2631 5525 2643 5560 :
2682 5521 2720 5559 ι.
2756 5511 2819 5556 ιιι
2845 5520 3040 5559 sensus
3075 5505 3144 5557 sit
3193 5504 3311 5557 illas
3342 5502 3572 5556 famulas
3601 5515 3630 5552 a
3656 5514 3776 5553 mo-

2204 5502 2370 5580 telligi
2423 5516 2643 5580 potest;
2682 5521 2720 5559 ι.
2756 5511 2819 5556 ut
2845 5502 3040 5580 sensus
3075 5505 3144 5557 sit
3167 5504 3311 5580 “illas
3342 5502 3572 5556 famulas
3601 5515 3630 5552 a
3656 5514 3776 5580 mo:

2203 5571 2437 5636 nastErii
2458 5576 2677 5633 ancillis
2695 5575 2962 5644 regendas
2985 5590 3136 5638 esse;
3163 5577 3216 5628 ‘2.
3243 5576 3385 5644 ipsas
3405 5571 3775 5644 a_monastcrii

2203 5650 2513 5706 l'anrulabus
2569 5642 2880 5716 segregatas
2938 5654 3211 5714 oportere.
3246 5643 3396 5696 lianc
3447 5642 3777 5716 interpreta-

2201 5723 2406 5776 tionem
2459 5728 2520 5775 ut
2571 5709 2756 5785 magis
2813 5709 3104 5785 genuinam
3167 5723 3222 5768 et
3269 5727 3398 5764 vero
3453 5709 3775 5765 similiorem

2199 5790 2434 5863 amplexi
2471 5803 2682 5846 sumus.
