4064 6430
247 356 382 426 1011

1513 371 1804 434 IRENES
1838 373 2216 436 AUGUST/E

3342 375 3482 442 1012

244 472 424 527 eidem
453 471 642 530 forma:
672 476 892 532 vivendi
921 487 976 533 et
1021 480 1220 551 regulae
1250 490 1394 542 stare
1460 487 1715 556 voluerit,
1756 504 1820 546 ac

1929 493 2018 545 καὶ
2046 493 2210 563 αὕτη.
2245 493 2357 548 Καὶ
2383 494 2433 548 εί
2463 493 2561 564 μὲν
2587 493 2664 562 τῷ
2699 491 2849 564 αὐτῷ
2877 491 3032 566 τύπῳ
3058 511 3115 548 τε
3164 494 3259 549 καὶ
3302 498 3490 549 κανόνι

244 566 302 618 in
342 565 657 635 disciplina,
688 567 741 620 in
770 569 948 624 victus
999 572 1234 637 ratione,
1261 573 1315 628 in
1370 575 1706 647 habitaculo,
1764 589 1821 634 et

253 655 470 725 reliquo
522 658 670 712 omni
717 659 1038 714 monialium
1102 662 1266 734 hujus
1320 671 1638 724 monasterii
1675 680 1821 726 statu

246 749 476 812 versari,
507 759 728 818 accepta
759 751 867 805 erit
896 753 1010 807 Deo
1037 763 1092 807 et
1129 756 1284 811 mihi.
1322 757 1377 814 Si
1429 774 1559 814 vero
1590 761 1642 814 in
1667 777 1820 816 com-

248 839 398 892 muni
426 839 740 893 habitacnlo
789 841 993 912 degere
1056 847 1328 912 renueril,
1367 849 1421 904 in
1476 851 1580 905 hoc
1613 861 1821 908 tantum

248 928 318 981 ab
346 929 595 985 universa
614 934 1005 987 monaeharum
1038 936 1324 1009 disciplina
1353 951 1410 995 et
1428 943 1820 998 constitutione

250 1017 616 1088 discrepabit;
655 1037 850 1094 nempe
884 1027 1163 1094 privatum
1213 1029 1552 1086 domicilium
1597 1034 1824 1088 inhabi-

251 1111 411 1172 tabit,
445 1099 804 1169 memoratam
831 1118 1043 1174 scilicet
1070 1121 1333 1190 tropicam
1388 1139 1486 1178 seu
1534 1126 1821 1180 ambitum.

247 1203 705 1276 Concedaturque
736 1209 784 1263 ei
819 1220 878 1265 ut
934 1212 1138 1268 habeat
1191 1215 1447 1269 ancillam
1507 1232 1666 1272 unam
1717 1217 1821 1272 sibi

246 1293 671 1358 ministrantem,
706 1314 735 1352 a
786 1304 1102 1357 monasterii
1170 1304 1484 1363 famulabtts
1528 1317 1822 1363 semotam.

250 1383 345 1438 His
373 1400 506 1442 vero
533 1390 778 1459 exceptis
797 1407 919 1461 qua:
945 1393 1035 1448 hic
1055 1395 1198 1451 circa
1228 1397 1346 1453 illas
1376 1399 1649 1454 declarata
1675 1409 1825 1464 sunt,

245 1473 304 1528 in
342 1475 463 1531 aliis
495 1479 916 1552 quibuscunqne
962 1486 1217 1555 praetecta
1236 1490 1375 1546 nihil
1417 1490 1612 1558 rigoris
1642 1506 1829 1546 emno-

248 1564 430 1621 biticae
456 1567 758 1640 disciplina:
807 1575 940 1645 ipsis
970 1579 1255 1634 relavahit.
1289 1582 1401 1637 Nec
1422 1584 1570 1638 enim
1607 1584 1663 1638 in
1714 1584 1827 1639 exi-

245 1657 380 1712 tium
398 1668 452 1714 et
483 1663 952 1730 perturbationem
978 1671 1323 1728 cmnobitica:
1344 1673 1649 1745 disciplinae
1681 1676 1830 1748 ipsas

247 1747 536 1806 admittere
576 1755 872 1825 iussimus;
909 1759 1107 1815 suﬁicit
1141 1778 1374 1834 namque
1425 1776 1686 1822 statutum
1705 1747 1828 1824 illis

247 1841 564 1900 discrimen.

319 1956 375 2011 Si
409 1975 532 2027 quae
561 1971 742 2018 autem
774 1981 840 2019 ex
888 1967 976 2023 his
1023 1971 1281 2028 omnibus
1313 1976 1705 2030 monasterium
1766 1977 1820 2032 in

247 2049 432 2119 aliquo
457 2053 654 2110 laedere
711 2058 897 2114 molita
955 2060 1124 2117 fuerit
1169 2066 1254 2134 (ut
1308 2067 1631 2134 plerumque
1683 2069 1824 2125 solet

246 2144 530 2212 amentia),
567 2150 946 2218 autquasdam
973 2155 1290 2209 monialium
1324 2157 1377 2210 in
1415 2164 1637 2228 propria
1684 2160 1820 2214 cella

246 2239 575 2304 susceperit,
606 2250 662 2294 et
685 2257 792 2296 una
817 2244 1167 2301 confabulata
1193 2248 1382 2314 fuerit,
1409 2265 1534 2304 cum
1562 2251 1821 2305 seandalo

247 2333 301 2378 et
351 2326 582 2383 dissidio
638 2331 1019 2390 universarum
1083 2352 1360 2402 sororum,
1415 2357 1597 2411 neque
1648 2345 1823 2412 possit

245 2433 366 2472 eam
398 2422 654 2489 praetecta
700 2425 994 2483 emendare
1028 2447 1040 2481 :
1073 2431 1390 2487 remittetur
1422 2434 1590 2491 etiam
1650 2435 1822 2491 invita

247 2511 315 2566 ab
343 2527 407 2568 ea
437 2528 559 2583 quae
591 2523 723 2572 tunc
755 2518 863 2573 erit
892 2523 1210 2578 monasterii
1247 2532 1499 2593 patrona.

871 2745 1099 2802 CAPUT
1145 2749 1208 2803 ν.

686 2855 764 2913 De
799 2875 1019 2914 numero
1055 2861 1388 2918 monialium.

314 2965 690 3038 Eruntitaque
719 2972 984 3029 moniales
1005 2975 1182 3044 gratia
1226 2977 1403 3047 plena:
1443 2989 1499 3034 et
1553 2979 1820 3035 immacu-

245 3055 368 3114 lata:
396 3059 638 3116 Domina:
665 3062 912 3132 Deiparm
931 3081 1164 3121 numero
1195 3067 1385 3139 viginti
1411 3079 1668 3140 quatuor,
1701 3088 1821 3141 qua:

1853 1828 1902 1888 Β

1923 585 2185 654 ἐμμένειν
2229 585 2492 656 βούλοιτο,
2539 585 2598 639 ἓν
2631 602 2690 639 τε
2735 585 2978 656 διαγωγῇ
3028 587 3124 640 καὶ
3159 587 3338 658 διαίτῃ
3389 588 3486 640 καὶ

1925 680 2198 748 κατοικία,
2250 681 2348 733 καὶ
2401 681 2550 751 πάσῃ
2604 680 2738 751 ἄλλῃ
2769 680 2880 734 τῶν
2931 682 2989 732 ὲν
3019 678 3191 750 ταύτῃ
3242 679 3494 749 μοναχῶν

1925 770 2280 832 καταστάσει,
2315 769 2675 832 εὐαπύδεκτος
2706 770 2828 838 Θεῷ
2857 770 2952 824 καὶ
2987 769 3130 840 ἐμοί.
3180 770 3242 822 Εἰ
3273 769 3317 822 δ’
3360 771 3492 831 ἴσως

1925 861 2063 931 πρὸς
2112 861 2213 929 τὴν
2262 862 2450 932 κοινὴν
2499 862 2785 915 κατοικίαν
2832 862 3086 916 ἀποκνέοι
3127 859 3493 932 [ἀπονεύοιη,

1926 954 2067 1006 κατὰ
2093 953 2251 1005 τοῦτο
2281 954 2444 1022 μόνον
2478 953 2634 1007 ἔσται
2663 954 3056 1008 διαλλάττουσα
3084 953 3220 1022 πρὸς
3255 952 3358 1022 τὴν
3388 953 3495 1004 πᾶ·-

1928 1061 2026 1098 σαν
2081 1044 2358 1112 διαγωγὴν
2425 1043 2521 1098 καὶ
2571 1045 2908 1098 κατάστασιν
2961 1043 3069 1096 τῶν
3127 1041 3496 1112 μοναζουσῶν,

1925 1135 2072 1189 κατᾶ
2110 1137 2172 1189 τὸ
2200 1135 2349 1206 ἔχειν
2376 1136 2580 1207 δηλαδὴ
2610 1139 2690 1199 τίς
2723 1136 2864 1189 ίδίαν
2887 1136 3170 1189 κατοικίαν
3198 1135 3298 1202 τὴν
3326 1133 3500 1202 δηλω-

1928 1227 2114 1281 θιῖσαν
2143 1227 2430 1298 τροπικὴν,
2464 1228 2855 1297 ἑκχωρουμένη
2903 1227 3050 1295 ἔχειν
3082 1227 3160 1288 είς
3190 1225 3500 1294 ὑπηρεσίαν

1929 1320 2026 1372 καὶ
2089 1319 2218 1390 μίαν
2265 1319 2638 1388 ὑπούρτιασαν
2667 1318 3054 1389 διοικουμένην
3103 1317 3215 1370 ἀπὸ
3263 1316 3372 1368 τῶν
3401 1316 3500 1384 τῆς

1931 1411 2122 1483 μονῆς.
2165 1412 2252 1464 Ἐν
2283 1411 2459 1474 ἄλλοις
2514 1411 2573 1465 δέ
2613 1427 2724 1464 τισι
2761 1411 2916 1480 παρὰ
2939 1408 3010 1461 τὰ
3047 1407 3281 1462 ἐνταῦθα
3319 1407 3501 1477 διηγο-

1932 1499 2170 1569 ρευμένα
2196 1499 2326 1568 περὶ
2349 1499 2550 1564 αὐτῶν,
2582 1499 2614 1568 ἡ
2646 1497 2740 1551 τοῦ
2772 1497 3042 1552 κοινοδίου
3072 1497 3326 1568 ἀκρίϐεια
3349 1496 3502 1566 παρὰ

1927 1591 2026 1659 τῆς
2047 1587 2464 1658 καθηγουμένης
2486 1589 2572 1641 ἐπ’
2591 1588 2783 1650 αὑταῖς
2813 1588 2874 1641 οὐ
2906 1585 3499 1658 παραθεωρηθήσεται.

1929 1681 2002 1734 Οὐ
2033 1679 2143 1750 γὰρ
2171 1680 2265 1732 ἐπὶ
2289 1682 2644 1750 καταστροφῇ
2675 1680 2770 1733 καὶ
2797 1677 2994 1748 ἀταξίᾳ
3021 1681 3122 1748 τῆς
3149 1675 3502 1746 κοινοδιακῆς

1930 1771 2322 1832 καταστάσεως
2383 1769 2785 1842 παραδέχεσθαι
2843 1769 3048 1834 ταύτας
3089 1767 3502 1840 διωρισάμεθα*

1929 1864 2092 1934 ἀρκεῖ
2119 1865 2226 1934 γὰρ
2267 1863 2358 1918 καὶ
2391 1865 2423 1933 ἠ
2458 1865 2738 1933 ὁρισθεεσα
2769 1866 2826 1918 ὲν
2855 1865 3046 1928 αὑταῖς
3080 1861 3432 1932 παραλλαγή.

2001 1973 2065 2025 Et
2096 1971 2140 2024 δ’
2191 1973 2319 2034 tam;
2367 1972 2511 2026 κατά
2554 1987 2607 2023 τι
2646 1972 2746 2042 τὴν
2795 1971 2962 2041 μονὴν
2994 1969 3415 2040 πραόλὰπτειν
3443 1967 3504 2033 ἐξ

1931 2064 2158 2119 ἁπασῶν
2209 2063 2418 2118 τούτων
2465 2062 2753 2134 πειραθείη
2801 2080 2906 2126 τις,
2942 2057 3032 2116 οἷα
3083 2061 3254 2114 πολλὰ
3300 2059 3371 2114 τὰ
3402 2059 3504 2127 τῆς

1929 2155 2208 2218 ἀϐουλίας,
2239 2156 2272 2225 ἧ
2303 2172 2456 2218 τινας
2491 2154 2600 2208 τῶν
2645 2154 2995 2225 μοναξουσῶν
3026 2155 3083 2206 ὲν
3121 2152 3200 2223 τῷ
3237 2153 3350 2222 ἰδεῳ
3378 2153 3504 2204 κελ-

1930 2247 2033 2317 λῐῳ
2074 2246 2505 2317 παραδέχεσθαι,
2551 2248 2648 2300 καὶ
2697 2246 3028 2314 συνομιλεῖν,
3084 2246 3178 2300 ἐπὶ
3223 2243 3505 2311 σκανδάλῳ

1933 2340 2025 2395 καὶ
2051 2338 2356 2408 διασχισμῷ
2389 2339 2488 2408 τῆς
2529 2338 2659 2408 ὅλης
2691 2337 3075 2407 ἀδελφότητος,
3108 2337 3170 2389 οὐ
3194 2335 3419 2389 δύναται
3447 2333 3504 2387 δὲ

1930 2431 2329 2503 διορθώσασθαι
2349 2430 2556 2501 ταύτην
2581 2434 2614 2500 ὴ
2638 2429 3047 2500 καθηγουμένη,
3075 2427 3506 2496 ἁνασταλήσεται

1930 2527 2028 2588 καὶ
2060 2525 2267 2577 ἄκουσα
2321 2523 2471 2593 παρὰ
2523 2523 2623 2592 τῆς
2657 2522 2962 2592 τηνικαῦτα
3001 2520 3099 2590 τῆς
3142 2519 3310 2590 μονῆς
3359 2519 3507 2571 ἀντι-

1929 2618 1996 2672 λα
2005 2616 2373 2688 μϐανομένης.

2527 2747 2778 2801 ΚΕΦΑΛ.
2813 2747 2890 2801 Ε’.

2161 2861 2296 2931 Περὶ
2321 2861 2426 2916 τοῦ
2456 2859 2708 2932 ἀριθμοῦ
2734 2859 2854 2914 τῶν
2871 2858 3287 2930 μοναζουσῶν.

2004 2982 2264 3035 Ἔσονται
2301 2979 2400 3048 μὲν
2432 2976 2527 3030 οὖν
2554 2977 2609 3028 αί
2656 2976 2892 3044 μοναχαὶ
2923 2973 3022 3042 τῆς
3057 2969 3509 3043 κεχαριτωμένης

1932 3075 2026 3128 καὶ
2051 3070 2467 3142 ὕπεραχρὰντου
2504 3067 2803 3135 Δεσποίνης
2825 3065 3091 3118 Θεοτόκου
3134 3065 3507 3116 εἱκοσιτὲσσα·

247 3151 492 3206 ecclesiae
519 3152 850 3222 ministerio,
883 3159 1200 3227 psalmodiis
1257 3169 1310 3215 et
1343 3165 1662 3220 monasterii
1705 3165 1822 3219 olli-

1933 3181 2026 3235 ρες
2063 3163 2156 3214 τὸν
2193 3159 2448 3231 ἀριθμὸν,
2482 3160 2538 3211 αί
2566 3160 2632 3226 τῇ
2668 3157 2765 3224 τῆς
2789 3155 3083 3226 ἐκκλησίας
3111 3153 3386 3224 ὑπηρεσία
3411 3153 3508 3204 καὶ

245 3243 349 3298 ciis
398 3245 617 3302 assidue
640 3263 868 3317 operam
908 3249 1038 3306 dare
1073 3253 1299 3308 debent.
1339 3254 1394 3308 Si
1455 3271 1587 3310 vero
1647 3258 1821 3327 gratia

245 3337 421 3406 plena:
449 3339 694 3410 Deiparae
718 3342 1108 3402 benevolentia,
1136 3347 1530 3401 monasterium
1583 3349 1686 3418 ipsi
1742 3351 1824 3404 di-

249 3440 434 3484 catum
472 3447 581 3485 non
651 3435 1022 3503 spernendum
1079 3437 1482 3494 incrementum
1539 3441 1825 3496 undecun-

245 3537 352 3590 que
374 3524 670 3593 acceperit,
694 3534 755 3580 ut
788 3527 1042 3596 pluribus
1064 3530 1276 3584 alendis
1307 3532 1614 3587 necessaria
1660 3550 1791 3604 repe

246 3613 498 3678 riantur,
532 3617 853 3673 monialium
896 3621 1168 3677 terminus
1213 3624 1278 3678 ad
1324 3623 1546 3693 triginta
1593 3641 1826 3680 numero

247 3705 761 3776 circumscribatur,
790 3711 879 3766 vel
908 3711 1072 3767 etiam
1107 3715 1392 3783 paululum
1450 3717 1602 3772 illum
1659 3734 1825 3772 exce-

245 3798 360 3863 dat,
393 3806 450 3853 et
478 3800 546 3854 ad
593 3803 954 3876 quadraginta
1009 3807 1354 3864 terminatur.
1393 3810 1586 3865 Plures
1636 3819 1820 3865 autem

247 3889 301 3942 in
340 3894 674 3950 monasterio
703 3895 902 3967 degere
934 3899 1204 3956 monialcs
1256 3901 1640 3970 prohibemus,
1688 3919 1822 3972 pra:-

245 3977 387 4036 fecta
425 3983 481 4037 in
515 3983 622 4040 hoc
661 4002 892 4043 numero
927 4004 1036 4044 non
1064 3991 1462 4060 comprehensa
1489 4031 1503 4053 ,
1553 4002 1612 4046 ut
1649 4010 1828 4063 neque

246 4075 459 4132 duabus
481 4079 738 4147 puellulis
755 4081 913 4150 (duas
935 4098 1170 4154 namque
1197 4085 1465 4154 puellulas
1520 4086 1572 4140 in
1635 4103 1828 4142 mona-

247 4170 415 4223 sterio
443 4169 536 4236 ali,
562 4171 747 4237 educi,
771 4173 979 4239 doceri,
1006 4178 1246 4244 perfecte
1277 4177 1488 4232 institui
1517 4195 1580 4233 ac
1606 4178 1826 4234 demum

247 4277 492 4332 congruo
557 4271 806 4332 tempore
865 4266 1149 4321 dctonderi
1215 4269 1570 4338 statuimus),
1647 4286 1826 4340 neque

246 4370 338 4405 sex
399 4354 616 4408 ancillis
681 4369 819 4424 quas
853 4357 906 4410 in
951 4371 1202 4414 sororum
1233 4360 1595 4415 ministerium
1632 4363 1828 4418 delini-

247 4459 374 4498 mus
397 4458 520 4499 esse
555 4445 611 4499 in
645 4447 985 4503 monasterio
1015 4465 1029 4502 :
1063 4450 1264 4518 quibus
1329 4445 1438 4506 ιιοη
1507 4453 1828 4510 sufﬁcienti-

246 4536 375 4603 bus,
395 4553 501 4592 una
523 4537 607 4592 vel
636 4537 757 4593 duae
779 4547 1040 4609 przeterea
1063 4541 1440 4598 adsumentur.

316 4822 422 4880 Sed
455 4831 511 4876 ct
558 4838 732 4893 usque
763 4823 831 4878 ad
873 4824 1249 4895 quadraginta
1289 4826 1681 4882 monacbarum
1717 4842 1822 4881 nu-

246 4930 458 4972 merum
490 4916 677 4985 augeri
718 4917 1095 4982 concedimus,
1125 4919 1169 4973 si
1211 4929 1400 4974 tamen.
1426 4919 1694 4974 monialcs
1743 4936 1826 4975 re-

247 5008 429 5075 gulam
457 5017 507 5061 et
545 5008 718 5078 legem
742 5025 905 5078 quam
938 5009 1007 5064 de
1033 5011 1367 5064 ccenobitico
1403 5010 1655 5064 instituto
1697 5026 1827 5064 san-

248 5099 502 5164 civimus,
567 5101 852 5155 infractam
913 5103 1286 5166 servaverint,
1333 5111 1389 5155 et
1434 5101 1538 5156 nisi
1563 5117 1830 5155 numerus

251 5191 340 5244 ille
373 5206 561 5245 earum
601 5192 880 5248 sedulitati
935 5195 1330 5263 impedimento
1360 5193 1544 5248 fuerit.
1580 5192 1636 5247 Si
1700 5209 1831 5247 vero

249 5285 580 5339 monialium.
607 5294 964 5356 augmentum
994 5285 1442 5354 perturbationis
1460 5286 1680 5340 occasio
1701 5301 1829 5340 eva-

248 5379 364 5444 dat,
396 5377 689 5432 delinimus
719 5386 778 5432 ut
807 5377 899 5432 ille
937 5393 1202 5433 numerus
1233 5379 1460 5433 omnino
1508 5377 1743 5432 desinat.
1770 5375 1826 5431 Id

249 5469 396 5523 cnim
432 5469 486 5523 in
522 5469 713 5539 primis
735 5469 897 5524 nobis
942 5483 1090 5524 cura:
1137 5480 1244 5534 est,
1276 5471 1596 5526 monialium
1658 5471 1827 5525 disci-

250 5561 399 5629 plina
429 5571 484 5615 et
523 5561 919 5617 coenohiticum
951 5560 1289 5627 institutum,
1324 5577 1434 5618 non
1472 5579 1604 5619 vero
1626 5564 1830 5620 multas

248 5665 480 5708 numero
507 5667 626 5708 esse
653 5654 935 5709 monialcs.

1927 3254 2241 3325 ψαλμῳῑίᾳ.
2276 3251 2372 3305 καὶ
2393 3253 2514 3312 ταῖς
2554 3251 2652 3317 τῆς
2702 3249 2870 3318 μονῆς
2898 3246 3195 3308 διακονίαις
3241 3245 3507 3315 προσανέ-

1928 3364 2046 3419 χειν
2075 3345 2386 3414 ὀφείλουσαι
2419 3343 2699 3413 διηνεκῶς.
2753 3341 2812 3393 Et
2841 3341 2899 3394 δέ
2949 3357 3012 3408 γε
3041 3342 3108 3410 τῇ
3153 3339 3250 3408 τῆς
3282 3353 3509 3407 κεχαρι-

1930 3439 2182 3507 τωμένης
2226 3435 2488 3491 Θεοτόκου
2535 3432 2816 3502 εὐμενείᾳ,
2842 3433 2911 3485 τὰ
2953 3432 3052 3502 τῆς
3091 3431 3182 3484 ὑπ’
3209 3427 3379 3500 αὐτὴν
3413 3445 3508 3498 μο-

1930 3533 2028 3602 νῆς
2061 3531 2306 3585 ἐπίδοσιν
2338 3528 2618 3593 ἀξιόλογον
2639 3527 2963 3597 ὁθενδήποτε
2987 3525 3162 3582 λάϐοι,
3192 3524 3268 3585 ὡς
3303 3522 3397 3573 καὶ
3421 3521 3501 3582 είς

1932 3625 2193 3678 πλειόνων
2243 3622 2578 3692 αὐτάρκειαν
2636 3619 2976 3687 ἐξαρκοῦντα
3044 3613 3421 3684 εὑρίσκεσθαι,
3481 3613 3512 3665 ὁ

1929 3719 2037 3771 τῶν
2090 3714 2436 3781 μοναζουσῶν
2469 3714 2593 3782 ὅρος
2632 3713 2709 3782 τῷ
2739 3712 3034 3781 τριάκοντα
3081 3705 3510 3778 πριγραφέσθω

1930 3808 2172 3880 ἀριθμῷ,
2199 3807 2233 3877 ἢ
2272 3807 2364 3859 καὶ
2395 3803 2591 3874 μικρόν
2623 3819 2678 3856 τι
2723 3801 2910 3854 τοῦτον
2965 3798 3366 3870 ὑπερϐαινέτω,
3414 3798 3510 3848 καὶ

1930 3900 2198 3971 ὀριζέσθω
2231 3899 2393 3967 μέχρι
2422 3898 2530 3949 τῶν
2558 3895 2989 3965 τεσσαράκοντα,
3026 3885 3100 3946 ὧν
3123 3890 3341 3952 πλείους
3369 3885 3508 3942 εἶναι

1929 3992 2028 4054 τὰς
2085 3990 2143 4042 ἐν
2197 3991 2262 4058 τῇ
2320 3989 2456 4057 μονῇ
2504 3984 2850 4054 ἁσκουμένας
2908 3981 3350 4052 ἀπαγορεύομεν,
3408 3981 3507 4048 τῆς

1929 4079 2244 4152 ἡγουμένης
2298 4076 2377 4146 τῷ
2437 4074 2658 4146 ἀριθμῷ
2715 4073 2892 4142 τούτῳ
2945 4071 3022 4141 μὴ
3089 4069 3506 4140 περιεχομένης,

1935 4173 2072 4242 μήτε
2109 4169 2218 4238 μὴν
2265 4167 2373 4220 τῶν
2402 4167 2498 4220 δύο
2531 4164 2762 4220 παιδίων
2803 4161 3227 4234 (ἁνατρέφεσθαι
3273 4161 3382 4228 γὰρ
3416 4159 3512 4212 καὶ

1931 4263 2026 4316 δύο
2062 4261 2252 4315 παιδία
2292 4260 2350 4312 ὲν
2378 4260 2455 4327 ’τῇ¹
2485 4260 2620 4327 μονῇ
2652 4254 3028 4326 διοριζόμεθα,
3065 4254 3162 4306 καὶ
3189 4251 3509 4318 ἀνάγεσθαι,

1935 4351 2028 4405 καὶ
2051 4346 2430 4410 παιδεύεσθαι,
2462 4347 2555 4400 καὶ
2600 4343 3047 4413 καταρτίζεσοαι,
3094 4344 3188 4395 καὶ
3219 4341 3512 4411 ἀποκείρε-

1938 4443 2063 4497 σθαι
2102 4445 2159 4496 ὲν
2193 4440 2372 4511 καιρῷ
2401 4439 2489 4508 τῷ·
2511 4437 3052 4509 πρασήκοντι),.μήτε
3082 4435 3190 4487 τῶν
3218 4433 3277 4499 ἐξ
3307 4434 3515 4503 ὑπουρ-

1865 4524 1908 4579 D
1946 4534 2171 4603 γισσῶν,
2207 4533 2274 4596 ἃς
2305 4531 2585 4600 τυποῦμεν
2618 4527 2756 4583 εἶναι
2804 4533 2862 4582 ἐν
2900 4534 2964 4600 τῇ
3017 4533 3152 4601 μονῇ
3191 4531 3272 4593 εἰς
3303 4531 3515 4599 ὑπηρε-

1937 4628 2058 4680 σίαν
2087 4627 2187 4695 τῆς
2213 4625 2581 4694 ἀδελφότητος
2604 4638 2615 4650 ·
2660 4615 2736 4677 ὧν
2770 4621 2844 4692 μὴ
2873 4623 3184 4692 ἀρχουσῶν,
3222 4622 3314 4674 καὶ
3349 4621 3515 4689 ἑτέρα

1935 4719 2054 4788 μία,
2091 4719 2201 4770 εἴτε
2242 4715 2457 4772 καὶδύο
2490 4715 3039 4786 παραληφθήσονται.

2012 4832 2175 4886 Ἀλλὰ
2203 4833 2298 4885 καὶ
2323 4830 2426 4901 τὴν
2455 4828 2619 4898 μέχρι
2643 4827 2750 4879 τῶν
2771 4826 3182 4894 τεσσαράκοντα
3209 4824 3319 4876 τῶν
3344 4840 3512 4892 μονα-

1934 4924 2145 4989 ζουσῶν
2178 4923 2422 4977 ἐπίδοσιν
2453 4921 2824 4989 ἐπιτρέπομεν
2846 4933 2859 4945 ·
2894 4918 2946 4969 εἴ
2976 4933 3038 4984 γε
3076 4917 3170 4968 τὸν
3199 4917 3398 4967 κανόνα
3421 4913 3517 4966 καὶ

1938 5018 2030 5070 τὸν
2070 5019 2195 5086 ὅρον
2215 5014 2315 5082 τῆς
2347 5012 2695 5077 κοινοὸιακῆς
2727 5009 3137 5070 καταστάσεως,
3178 5008 3236 5060 ὃν
3270 5005 3516 5058 τετυπὼ-

1941 5125 2118 5176 καμεν
2185 5105 2502 5174 φυλάττοιεν
2555 5103 2612 5154 αἱ
2669 5101 3000 5172 μονάζουσαι
3031 5099 3514 5168 ἁπαράθραυστον,

1943 5200 2040 5252 καὶ
2077 5199 2138 5250 οὗ
2170 5197 2230 5249 τὸ
2273 5194 2482 5263 πλῆθος
2513 5193 2793 5262 ἐμποδίζει
2825 5193 2922 5261 τήν
2960 5191 3166 5244 τούτων
3205 5190 3512 5258 ἀκρίϐειαν.

1943 5290 2004 5342 Εἰ
2033 5289 2088 5341 δέ
2123 5304 2208 5350 τις
2241 5283 2656 5346 ἀκαταστασίας
2685 5281 2910 5353 ἀφορμὴ
2949 5282 2983 5350 ή
3028 5279 3254 5346 αὔξησις
3281 5278 3385 5330 τῶν
3415 5295 3514 5345 μο-

1937 5376 2218 5440 ναζουσῶν
2247 5377 2492 5446 γένηται,
2520 5372 2804 5443 σχολάζειν
2829 5372 3146 5424 παντάπασι
3167 5369 3255 5421 τὸν
3281 5366 3516 5438 ἀριθμὸν

1935 5468 2124 5522 τοῦτον
2152 5466 2522 5539 διοριζόμεθα.
2552 5464 2988 5535 Προηγουμένως
3017 5464 3124 5531 γὰρ
3145 5463 3281 5530 ἡμῖν
3294 5461 3516 5530 φροντὶς

1943 5561 2040 5630 τῆς
2073 5561 2182 5613 τῶν
2215 5558 2587 5628 μοναζουσῶν,
2615 5556 2829 5625 καὶτῆς
2864 5551 3209 5622 κοινοσιακῆς
3240 5553 3515 5604 καταστά-

1944 5669 2101 5715 σεως,
2137 5651 2255 5721 οὐχὶ
2289 5649 2486 5714 πολλὰς
2515 5647 2653 5704 εἶναι
2685 5648 2794 5712 τὰς⁷
2813 5647 3171 5719 μοναζοὺσας,
3203 5646 3366 5699 ἔστιν.
