4064 6432
418 356 557 418 1013
1714 356 1724 362 ’
1887 362 2238 423 TYPICUM.

669 548 672 552 Ι
998 467 1246 520 ΚΕΦΑΛ.
1289 469 1379 536 ς’.

2703 474 2930 533 CAPUT
2959 477 3045 534 Vl.

414 557 549 627 Περὶ
580 553 684 611 τοῦ
711 556 779 609 ἐν
808 557 899 610 ἑνί
937 558 1185 632 οἰκίσκῳ
1219 560 1322 626 τὰς
1365 559 1742 630 ιιοναζούσας
1785 561 1988 629 πάσας

2105 568 2242 632 Quod
2261 572 2317 623 in
2349 585 2456 624 una
2485 570 2639 624 domo
2671 571 2926 626 moniales
2947 587 3125 626 omnes
3158 574 3398 629 habitare
3430 574 3672 632 debeant.

3541 365 3678 436 1014

1085 630 1316 697 μένειν.

486 737 661 798 Αῧται
696 745 794 814 μὲν
830 739 925 798 οὖν
956 745 1166 798 ἀπασαι
1217 746 1274 797 ὲν
1324 746 1406 800 ἐνὶ
1454 747 1792 818 κοιτωνίσκῳ
1841 747 1992 816 ὀφεί-

413 838 600 892 λουσιν
640 836 865 901 ὑπνοῦν,
891 836 967 906 τῷ
997 838 1148 908 παρά
1168 837 1265 907 τῆς
1298 838 1574 907 βασιλείας
1605 859 1705 911 μου
1736 840 1822 893 ἐπ’
1845 839 1994 909 αὐτῷ

417 931 592 998 τούτῳ
621 926 1024 998 νεουργηθέντι,
1057 928 1153 982 καὶ
1182 927 1530 997 ἀφορισθέντι
1553 945 1568 961 '
1593 931 1761 984 πᾶσαι
1790 930 1995 995 πάσαις

419 1017 714 1088 κατάδηλοι
735 1034 748 1048 ο
779 1017 868 1071 ἵνα
899 1017 964 1086 δὴ
1008 1017 1106 1081 τὰς
1139 1017 1454 1086 φιλοπόνους
1487 1021 1765 1090 μιμῶνται
1803 1025 1856 1075 αἱ
1896 1023 1996 1094 ρᾳ-

418 1108 758 1178 θυμότεραι,
815 1108 952 1178 πρὸς
1009 1108 1360 1180 παροξυσμὸν
1395 1111 1621 1182 ἀρετῆς,
1673 1113 1766 1166 καὶ
1815 1113 1996 1168 καλῶν

417 1201 621 1271 ἔργων.
661 1201 722 1254 Εί
749 1199 806 1253 δὲ
831 1199 892 1253 τὸ
919 1200 1122 1270 πλῆθος
1141 1201 1249 1255 τῶν
1287 1201 1636 1272 μοναζουσῶν
1681 1205 1997 1276 ὑπερϐαίνει

417 1293 517 1364 τὴν
548 1292 640 1346 τοῦ
673 1291 918 1345 οἰκίσκον
941 1290 1206 1363 χώρησιν,
1243 1293 1414 1365 μέρος
1443 1312 1496 1348 τι
1525 1295 1619 1350 τοῦ
1653 1297 1998 1369 παρακειμέ-

419 1402 512 1438 νου
563 1384 810 1437 οίκίσκου
862 1384 1176 1455 οἰκήσουσιν
1218 1387 1275 1440 αί
1331 1386 1407 1456 μὴ
1434 1387 1778 1460 χωρούμεναι
1831 1393 1889 1444 ὲν
1922 1390 2000 1462 τῷ

423 1475 771 1546 ἀφορισθέντι
805 1476 1144 1547 κοιτωνίσκῳ
1164 1494 1180 1509 ·
1222 1477 1282 1531 τὸ
1309 1478 1355 1531 δ’
1383 1479 1512 1534 ἄλλο
1537 1482 1704 1552 μέρος
1733 1483 2002 1554 χρήσιμον

421 1565 574 1618 ἔσται
607 1566 819 1634 αὑταζς,
855 1567 944 1619 ὅτε
981 1569 1093 1630 τοῖς
1123 1569 1466 1639 ὲργοχείροις
1516 1572 1870 1641 σχολάζουσιν
1909 1575 2002 1628 ὑπ’

420 1657 546 1720 δψιν
600 1656 703 1728 τῆς
753 1658 1092 1728 ἡγουμένης,
1147 1659 1292 1729 ᾇπερ
1364 1662 1430 1716 ἂν
1500 1663 1643 1734 αὐτὴ
1695 1666 2005 1732 ὲπιτάξειεν

421 1747 635 1819 ἑκάστῃ
663 1747 890 1812 τούτων,
931 1749 1061 1817 μιᾶς
1112 1749 1170 1816 ἐξ
1216 1751 1400 1805 αὐτῶν
1420 1752 1906 1828 ἀναγινωσκούσης
1946 1775 2000 1811 τι

421 1838 532 1890 τῶν
565 1814 662 1909 “cii;
689 1837 840 1902 θείας
871 1814 1112 1910 Γραφῆς,
1144 1814 1282 1912 όπερ
1329 1840 1395 1897 ἂν
1435 1814 1564 1916 δόξῇ
1598 1847 1667 1917 τῇ
1721 1814 1998 1920 ἡγουμένῃ
2031 1814 2074 1873 Β

423 1926 569 1982 εἶναι
599 1929 956 1999 κατάλληλον,
994 1931 1092 1984 καὶ
1123 1932 1387 2002 μεθέλκον
1420 1935 1556 2005 πρὸς
1590 1935 1741 1992 θείαν
1781 1939 1998 2010 ἡδονὴν,

423 2022 519 2075 καὶ
549 2020 641 2075 τὸν
667 2022 731 2075 ὲκ
760 2021 861 2088 τῆς
901 2023 1166 2092 ἐργασίας
1204 2024 1366 2078 πόνον
1397 2025 1613 2083 ὲκλύον.

493 2108 557 2164 οι
590 2111 772 2181 μέντοι
834 2111 1264 2182 νεουργηθέντες
1321 2116 1666 2172 κοιτωνίσκοι
1722 2121 1874 2188 παρὰ
1901 2121 2002 2190 τῆς

422 2201 702 2272 βασιλείας
751 2218 877 2270 μου,
912 2203 1006 2255 καὶ
1039 2203 1431 2274 ἀφορισθέντες
1475 2207 1598 2271 ταῖς
1632 2210 2000 2279 μοναςούσαις

420 2295 505 2356 είς
539 2291 872 2364 καταμονὴν,
919 2293 1014 2348 καὶ
1061 2296 1116 2346 αἱ
1158 2295 1346 2350 λοιπαὶ
1389 2297 1576 2351 κέλλαι
1621 2302 1678 2353 αἱ
1719 2303 1871 2366 ἐντὸς
1900 2304 1998 2374 τῆς

429 2382 602 2452 μονῆς
647 2381 785 2452 πρὸς
841 2383 1154 2453 οίανδήτινα
1210 2385 1399 2457 χρείαν
1438 2391 1828 2460 ἀφορισθείσαι
1877 2398 1999 2458 ταῖς

429 2475 813 2548 μοναζούσαις,
851 2479 946 2533 ἐπὶ
974 2480 1068 2534 τοῦ
1103 2482 1268 2536 αὑτοῦ
1312 2480 1534 2554 μενοῦσι
1577 2488 1877 2556 σχήματος,
1905 2492 2001 2544 καὶ

425 2569 526 2638 τῆς
560 2567 730 2642 αὐτῆς
788 2573 1198 2638 καταστάσεως,
1248 2577 1392 2646 μήτε
1441 2575 1682 2649 διώροφα
1716 2581 1997 2650 γινόμενα,

429 2661 567 2732 μήτε
595 2661 822 2728 ἀλλοίως
855 2667 1469 2737 μετασχηματιζόμενα.

1029 2783 1279 2838 ΚΕΦΑΛ.
1316 2787 1392 2840 Z'.

425 2871 565 2939 Περὶ
594 2871 956 2946 τοῦ-δωρεὰν
985 2874 1409 2946 ἀποκείρεσθαι
1442 2876 1550 2942 τὰς
1577 2877 2002 2946 ἀποκείρεσθαι

493 2944 870 3019 μελλούσας,
908 2943 1006 2998 καὶ
1039 2945 1184 2998 πότε
1246 2945 1418 2998 ἔσται
1459 2946 1675 3002 δεκτόν
1702 2951 1766 3002 τὸ
1792 2943 1997 3019 ’προσ-

497 3013 816 3081 ἀγόμενον.

503 3124 724 3194 Δωρεάν
749 3124 805 3178 δὲ
826 3125 1342 3198 προσλαμϐάνεσθαι
1373 3130 1468 3183 καὶ
1485 3131 1874 3202 ἀποκείρεσθαι
1901 3133 2001 3197 τὰς
2031 3153 2077 3214 ο

2168 750 2306 819 Ipsae
2361 749 2587 818 quidem
2649 758 2842 804 ontnes
2905 740 3150 805 dormire
3197 749 3404 806 debent
3455 752 3510 806 in
3567 770 3676 808 uno

2101 842 2380 910 cubiculo,
2415 857 2446 897 a
2470 853 2590 898 mea
2618 845 2902 914 majestate
2933 858 2996 898 ea
3030 843 3098 898 de
3123 841 3288 898 causa
3320 859 3518 901 recens
3577 861 3677 900 ex-

2095 943 2328 996 structo,
2358 941 2414 988 et
2441 933 2508 988 ad
2537 934 2590 989 id
2635 934 2943 1006 designato,
2984 937 3200 992 cunctis
3229 944 3444 992 cunctae
3495 938 3676 992 mani-

2097 1030 2273 1094 festae,
2322 1038 2382 1084 ut
2415 1029 2700 1101 segniores
2726 1032 3000 1087 studiosas
3038 1031 3347 1097 imitentur,
3372 1031 3442 1087 ad
3481 1047 3678 1103 provo-

2097 1121 2370 1177 cationem
2430 1123 2651 1177 virtutis
2699 1132 2756 1178 et
2807 1123 3075 1178 bonorum
3138 1139 3390 1194 operum.
3439 1123 3495 1180 Si
3543 1139 3678 1179 vero

2101 1213 2396 1268 multitudo
2426 1213 2750 1270 monialium
2800 1215 3063 1270 domicilii
3123 1215 3484 1285 capacitatem
3518 1229 3678 1270 exrc-

2099 1302 2214 1366 dat,
2247 1313 2456 1373 partem
2494 1305 2792 1374 quamdam
2832 1305 3140 1377 adiacentis
3169 1306 3435 1362 domicilii
3478 1323 3558 1362 eat
3586 1322 3680 1361 oc-

2101 1395 2401 1464 cupabunt,
2425 1411 2548 1466 quae
2577 1397 2631 1452 in
2671 1396 2958 1468 designato
2986 1397 3245 1454 cubiculo
3273 1397 3550 1454 contineri
3584 1413 3680 1454 ne-

2101 1498 2332 1560 queunt.
2363 1489 2603 1545 Residua
2623 1506 2756 1546 vero
2791 1505 2917 1560 pars
2943 1491 3067 1546 usui
3093 1492 3200 1546 erit
3237 1493 3338 1556 eis,
3372 1508 3499 1548 cum
3558 1507 3678 1546 ma-

2102 1597 2274 1636 nuum
2302 1581 2562 1652 operibus
2603 1581 2924 1638 incumbent
2971 1584 3023 1637 in
3051 1592 3348 1652 conspectu
3388 1583 3677 1654 praefectae,

2103 1688 2227 1744 quae
2256 1673 2490 1743 singulis
2538 1675 2632 1729 illa
2693 1675 2918 1746 jusserit
2971 1684 3287 1744 operantes,
3325 1691 3433 1730 una
3486 1692 3676 1730 earum

2106 1763 2314 1834 aliquid
2362 1781 2430 1821 ex
2496 1765 2689 1820 divina
2733 1766 3017 1837 Scriptura
3056 1771 3292 1840 legente,
3342 1768 3488 1840 quod
3543 1782 3678 1838 pra»

2101 1857 2254 1913 lectae
2287 1868 2716 1914 consentaneum
2745 1862 2919 1916 visum
2951 1862 3139 1928 fuerit,
3167 1861 3426 1932 quodque
3481 1861 3550 1917 ad
3596 1859 3680 1916 di-

2098 1948 2280 2004 vinam
2305 1950 2554 2005 laetitiam
2582 1952 2786 2017 trahat,
2811 1963 2869 2008 et
2916 1953 3161 2010 laborem
3184 1955 3370 2025 operis
3400 1953 3680 2010 dissolvat.

2169 2126 2435 2182 Cubicula
2463 2143 2593 2182 vero
2621 2143 2815 2184 recens
2865 2129 3100 2184 excitata
3135 2145 3165 2185 a
3195 2131 3481 2200 majestate
3535 2145 3680 2198 mea,

2099 2218 2547 2287 monialibusque
2600 2220 2654 2273 in
2714 2220 3055 2275 domicilium
3108 2221 3409 2292 assignata,
3464 2237 3680 2278 necnon
3739 2280 3745 2285 _

2098 2309 2325 2378 reliquae
2351 2309 2504 2364 cella:
2534 2310 2677 2364 intra
2709 2311 3108 2366 monasterium
3138 2313 3277 2377 siue,
3313 2313 3382 2367 ad
3428 2313 3685 2383 quemvis

2100 2416 2260 2456 usum
2319 2401 2652 2458 monialibus
2710 2401 3023 2473 adscriptae,
3065 2403 3118 2458 in
3149 2405 3343 2460 eadem
3398 2405 3579 2460 forma
3624 2415 3683 2460 et

2100 2500 2245 2547 statu
2271 2493 2590 2558 manebunt,
2629 2509 2810 2563 neque
2871 2493 3077 2564 duplici
3121 2497 3535 2565 contignatione
3595 2495 3685 2552 in-

2099 2592 2404 2649 struentur,
2425 2599 2528 2641 nec
2559 2585 2872 2655 inaliquam
2893 2587 3127 2642 formam
3159 2588 3540 2649 traducentur.

2705 2782 2933 2838 CAPUT
2964 2785 3074 2838 VII.

2104 2872 2259 2939 Quod
2281 2875 2457 2947 gratis
2483 2874 2760 2928 (audenda:
2774 2876 2903 2947 sint,
2933 2890 3066 2947 quas
3097 2876 3368 2947 detonderi
3395 2877 3681 2947 continget,

2175 2953 2224 2996 et
2275 2943 2619 3013 quandonam
2647 2943 3036 3014 suscipiendum
3081 2953 3158 2998 est
3199 2945 3340 3015 quod
3373 2943 3610 3017 offertur.

2177 3117 2518 3173 Accedentes
2541 3117 2710 3188 gratis
2740 3117 2982 3178 admitti.
3029 3118 3340 3185 detonderi,
3367 3131 3423 3176 et
3471 3138 3680 3176 memo-

426 3215 757 3284 προσιούσας
783 3215 1109 3287 βουλόμεθα,
1140 3220 1234 3272 καὶ
1263 3222 1329 3291 τῇ
1357 3220 1586 3293 ῥηθείσῃ
1617 3223 1725 3276 τῶν
1757 3224 2002 3292 ἀδελφῶν

2110 3219 2227 3264 rato
2251 3225 2501 3264 sororum
2553 3224 2784 3265 numero
2823 3209 2958 3265 citra
2993 3209 3200 3264 donum
3251 3212 3538 3281 quodlibet
3582 3213 3682 3266 ad-

429 3305 890 3376 καταριθμεῖσθαι
941 3309 1222 3379 ποσότητι,
1253 3309 1454 3374 δόσεως
1487 3311 1618 3366 ἄνευ
1653 3314 1796 3377 τινός
1819 3331 1833 3344 °
1879 3313 2004 3368 οὔτε

428 3400 539 3469 γὰρ
585 3398 871 3469 ἀποταγὴν
911 3401 1139 3470 παρέξει
1184 3419 1290 3466 τις,
1336 3402 1460 3456 οὔτε
1513 3407 1826 3474 συνήθειαν,
1879 3406 2004 3460 οὕτε

431 3490 746 3559 προσένεξιν
764 3492 839 3562 (8)
867 3493 1330 3566 ἐπιξητηθήσεται
1358 3495 1418 3567 [ί.
1443 3499 1783 3572 ἐπιζηθήσ.],
1801 3500 1924 3554 οὔτε
1943 3502 2003 3554 τὸ

429 3581 728 3649 λεγόμενον
750 3583 1173 3653 τραπεζιατικδν
1204 3585 1300 3653 (9),
1334 3584 1446 3638 οὔτ’
1491 3586 1618 3640 ἄλλο
1648 3606 1700 3641 τι
1738 3590 2002 3660 ὁποιῳδή-

428 3689 560 3726 ποτε
613 3674 839 3743 ὀνόματι
889 3675 1420 3744 κατονομαζόμενον.
1468 3677 1552 3730 Τὰ
1616 3679 1844 3732 τοιαῦτα
1895 3681 2006 3751 γὰρ

429 3767 794 3832 ἀνυποταξίας
828 3767 1072 3840 ἀφορμὴ,
1102 3768 1413 3834 ἀντιλογίας
1442 3786 1524 3833 τε,
1555 3775 1646 3822 καὶ
1689 3771 2003 3838 ἀπειθείας,

428 3860 552 3921 ταῖς
579 3857 952 3930 παρεχούσαις
990 3859 1266 3928 γίνονται·
1301 3861 1394 3914 καὶ
1429 3863 1529 3914 οὐκ
1558 3863 1723 3917 αὐταὶ
1755 3865 1915 3934 μόνον
1939 3866 2006 3919 τά

434 3950 671 4019 μέγιστα
717 3949 1192 4004 καταϐλάπτονται
1229 3945 1502 4017 ἐντεῦθεν,
1554 3954 1693 4007 ἀλλά
1726 3956 1821 4008 καὶ
1854 3957 1911 4009 ἐν
1938 3959 2004 4027 τῇ

431 4042 594 4113 λοιπῇ
625 4041 950 4113 ἀδελφότητι
985 4043 1154 4096 κακὸν
1187 4045 1491 4112 ὑπόδειγμα
1525 4047 1786 4112 γίνονται.

504 4135 603 4188 Διά
635 4133 807 4186 ταῦτα
857 4132 988 4201 γοῦν
1023 4133 1289 4204 βούλομαί
1330 4152 1388 4188 τε
1439 4138 1534 4190 καὶ
1564 4137 1869 4206 διορίζομαι
1903 4140 2008 4192 δω-

435 4226 590 4298 ρεὰν,
651 4223 745 4278 καὶ
802 4224 1002 4287 δόσεως
1055 4225 1186 4278 ἄνευ
1246 4225 1527 4289 παντοίας,
1570 4226 1906 4296 εἰσδέχεσθαι
1942 4231 2005 4300 τῇ

441 4320 578 4390 μονῇ
611 4318 711 4380 τὰς
734 4317 1128 4386 ἀποκείρεσθαι
1162 4316 1484 4387 μελλούσας,
1524 4319 1692 4388 μηδὲν
1721 4321 2009 4390 ἐπιζητου-

439 4411 608 4479 μένας
647 4409 708 4462 τὸ
739 4408 978 4463 σύνολον.
1013 4409 1081 4461 Εἴ
1113 4426 1197 4472 τις
1244 4409 1301 4462 δὲ
1351 4409 1412 4474 ἐξ
1441 4409 1621 4463 αὐτῶν
1661 4411 2011 4476 οἱκειοθελῶς

2107 3302 2273 3359 scribi
2298 3301 2573 3357 volumus.
2609 3301 2797 3373 Neque
2817 3303 2964 3357 enim
2996 3305 3460 3360 renuntiationem
3490 3307 3682 3364 all‘cret

2108 3396 2401 3465 quaepiam,
2434 3411 2613 3466 neque
2640 3403 2967 3451 consuetum
3001 3395 3230 3462 donum,
3257 3411 3361 3452 nec
3383 3398 3451 3453 ab
3486 3414 3548 3453 ea
3597 3415 3686 3454 re»

2109 3487 2364 3556 quiretur
2395 3487 2662 3552 accessio,
2691 3487 2775 3542 vel
2802 3488 2950 3556 quod
3009 3487 3214 3542 dicitur
3275 3489 3683 3558 trapeziaticum

2109 3562 2207 3634 seu
2276 3582 2649 3646 mensarium,
2690 3579 3060 3650 aut'quidvis
3140 3579 3288 3634 aliud
3354 3596 3686 3651 quocunque

2109 3673 2334 3728 nomine
2357 3683 2632 3728 vocatum.
2655 3673 2809 3729 Talia
2839 3676 2986 3729 enim
3009 3676 3420 3743 inobedientiaa,
3467 3687 3688 3732 contra-

2108 3767 2386 3831 dictionis,
2438 3779 2492 3821 et
2543 3769 2902 3823 contumacia:
2961 3778 3090 3824 sunt
3140 3770 3357 3825 occasio
3417 3771 3508 3825 illa
3556 3769 3687 3827 all‘e-

2113 3859 2360 3914 rentibus
2392 3876 2406 3913 :
2453 3875 2514 3914 ac
2547 3875 2657 3913 non
2686 3860 2864 3915 solum
2889 3861 3020 3931 ipsae
3075 3877 3272 3931 magno
3300 3862 3432 3917 hinc
3487 3862 3688 3918 damno

2111 3949 2450 4013 adiciuntur,
2498 3949 2591 4004 sed
2639 3959 2694 4005 et
2766 3950 2980 4005 caeteris
3023 3950 3309 4006 sororibus
3357 3952 3499 4007 malo
3559 3964 3690 4008 sunt

2111 4039 2381 4109 exemplo.

2184 4131 2450 4197 Quocirca
2477 4131 2599 4184 volo
2625 4138 2682 4186 et
2715 4138 2922 4195 statuo,
2955 4139 3016 4185 ut
3045 4145 3166 4200 qua:
3185 4131 3476 4186 tendentia:
3501 4145 3686 4199 erunt,

2113 4225 2282 4293 gratis
2309 4230 2363 4277 et
2387 4223 2523 4276 citra
2553 4222 2760 4277 donum
2805 4222 3176 4292 quodcunque
3209 4223 3262 4276 in
3291 4224 3688 4278 monasterium

2114 4313 2499 4375 admittuntur,
2537 4328 2638 4367 uec
2670 4313 2975 4383 quidquam
3022 4313 3090 4367 ab
3119 4313 3226 4368 illis
3253 4315 3582 4383 postuletur.
3631 4315 3688 4372 Si

2114 4409 2237 4474 qua:
2271 4420 2399 4458 vero
2438 4404 2677 4470 illarum,
2705 4419 2802 4458 sua
2831 4415 3028 4473 sponte
3062 4420 3127 4458 ex
3154 4405 3312 4459 bOIIIS
3333 4405 3448 4460 suis
3483 4406 3689 4475 aliquid

435 4505 809 4572 προσαγαγεῖν
843 4499 1130 4570 βουληθείη
1179 4516 1230 4553 τι
1273 4501 1380 4552 τῶν
1415 4501 1638 4569 ἑαυτῆς,
1672 4501 1783 4553 εἴτε
1813 4503 2005 4574 ἀκίνη-

2114 4497 2314 4552 oll'erre
2341 4496 2599 4559 voluerit,
2627 4496 2746 4550 sive
2787 4496 3028 4562 mobilis,
3061 4498 3175 4552 sive
3208 4496 3505 4552 immobilis
3527 4498 3693 4553 fuerit

434 4610 526 4645 τον
559 4591 621 4644 τὸ
669 4592 1103 4661 προσαγόμενον,
1148 4592 1632 4663 προσδεχθήσεται.
1681 4593 1755 4646 Τὸ
1787 4595 1896 4664 γὰρ
1929 4595 2005 4660 ὡς

434 4681 692 4753 ἀνάθημα
739 4685 806 4752 τῇ
861 4683 1296 4752 κεχαριτωμὲνῃ,
1339 4684 1433 4734 καὶ
1485 4682 1852 4754 παναχράντῳ
1906 4685 2008 4738 Δε-

439 4774 634 4846 σποίνῃ
672 4773 831 4844 ἡμῶν
890 4775 954 4826 ὲκ
1005 4773 1242 4836 πίστεως
1291 4774 1725 4844 προσαγόμενον,
1777 4777 1872 4829 καὶ
1926 4778 2007 4841 είς

438 4866 700 4921 σύστασιν
756 4866 855 4936 μὲν
904 4867 1003 4937 τῆς
1058 4866 1249 4935 μονῆῖ,
1308 4867 1534 4936 μνήμην
1579 4868 1635 4920 δὲ
1683 4869 1779 4922 καὶ
1828 4871 2006 4940 ψυχῆς

436 4956 708 5026 ὠφέλειαν
751 4958 821 5027 τῇ
850 4955 1068 5028 διδούσῃ
1105 4955 1383 5026 ἐσόμενον,
1428 4957 1528 5009 οὐκ
1576 4957 2006 5028 ἀποπέμπεσθαι

436 5049 682 5209 χρὲλὴν,
721 5138 794 5210 μὴ
841 5139 1130 5210 πρόκρισίν
1178 5156 1299 5193 τινα
1347 5139 1438 5192 διὰ
1467 5138 1627 5192 τοῦτο
1655 5139 1766 5194 τῶν
1803 5142 2008 5196 λοιπῶν

2115 4605 2206 4645 res
2232 4590 2437 4654 oblata,
2464 4590 2788 4658 recipietur.
2826 4590 2983 4655 Quod
3018 4592 3168 4646 enim
3206 4601 3266 4646 ut
3304 4591 3512 4645 donum
3572 4607 3692 4662 gra-

2116 4684 2190 4740 tia
2219 4685 2393 4753 plena:
2421 4692 2478 4736 et
2505 4683 2868 4737 immaculata;
2917 4682 3161 4736 Dominae
3216 4689 3415 4738 nostrae
3469 4698 3536 4737 ex
3585 4683 3692 4739 ﬁde

2115 4775 2368 4838 oll‘ertur,
2389 4774 2525 4829 etad
2556 4789 2670 4828 rem
2688 4773 2908 4842 quidem
2941 4773 3258 4828 monasterii
3282 4773 3690 4838 stabiliendum,

2115 4865 2184 4920 ad
2209 4866 2525 4920 memoriam
2551 4881 2683 4918 vero
2719 4863 3025 4932 animaque
3077 4865 3370 4920 utilitatem
3404 4865 3558 4919 danti
3607 4867 3691 4920 l‘u-

2119 4967 2301 5013 turum
2333 4965 2433 5022 est,
2463 4970 2810 5026 nequaquam
2837 4954 3241 5025 repudiandum
3268 4964 3373 5010 est.

2186 5137 2480 5198 Craterum,
2527 5150 2649 5204 qua:
2707 5134 2916 5204 aliquid
2970 5133 3143 5199 dedit,
3172 5150 3242 5190 ne
3285 5143 3573 5205 propterea
3633 5151 3694 5192 se

439 5231 688 5300 ἀδελφῶν
736 5234 769 5302 ὴ
824 5231 1041 5284 διδοῦσα
1073 5230 1218 5302 ἔχειν
1249 5231 1705 5300 ὑπολαμϐανέτω,
1733 5234 1849 5288 ἀλλ’
1880 5234 2006 5289 ἴστω

2117 5230 2348 5300 reiiquis
2367 5229 2649 5284 sororibus
2681 5228 2736 5283 in
2760 5229 2944 5298 aliquo
2976 5229 3400 5299 praeponendam
3422 5238 3691 5294 autumet,

442 5321 519 5374 di:
551 5322 749 5394 ἐπίσης
797 5323 950 5378 ἔσται
988 5325 1110 5385 ταῖς
1163 5323 1388 5389 πάσαις,
1442 5323 1647 5394 καὶτῷ
1694 5325 1798 5395 τῆς
1844 5326 2006 5396 μονῆς

2119 5323 2216 5378 sed
2259 5322 2398 5378 sciat
2428 5334 2615 5392 parem
2645 5320 2749 5375 sibi
2775 5321 2893 5376 fore
2937 5335 3064 5376 cum
3111 5319 3371 5376 omnibus
3416 5317 3693 5374 conditio-

1709 5439 2171 5502 Montfauconii
2199 5445 2390 5500 notae.

516 5537 592 5610 (8)
617 5539 1002 5609 Προσένεξιν.
1029 5539 1207 5594 Semel
1236 5547 1446 5594 tantum
1478 5539 1620 5610 hanc
1638 5554 1828 5594 vocem
1859 5557 2006 5610 repe-

2121 5539 2414 5610 dit‘ione_m,
2447 5537 2564 5610 sive
2594 5539 2990 5594 accessionem.

447 5606 894 5687 rimusfnempe
944 5610 1152 5687 _Nicet:e
1213 5610 1504 5687 Clioniata;
1561 5609 1659 5663 lib.
1706 5625 1816 5687 an,
1882 5606 2006 5687 ᾤετι

2195 5611 2272 5680 (9)
2309 5606 2787 5687 Τρᾳπεζὶατιξιόν.
2844 5611 3073 5687 \ﬁdetur
3105 5609 3288 5687 _l_‘uisse
3321 5606 3555 5687 _do.num
3592 5619 3694 5686 pro

415 5681 768 5751 ’προσενεξιν
818 5679 1130 5751 ἀφαίρεσιν,
1190 5683 1282 5732 καὶ
1339 5679 1632 5751 πρόσθεσιν
1665 5680 1764 5750 τὴν
1788 5679 2006 5750 μετάθε-

2123 5679 2332 5742 mensa,
2369 5679 2482 5751 sive
2500 5693 2596 5751 pro
2619 5679 2766 5751 victu
2821 5680 3005 5734 all‘erri
3042 5681 3260 5738 solitum
3283 5679 3352 5733 ab
3387 5679 3454 5730 iis
3480 5690 3601 5745 quae
3633 5679 3695 5732 in

448 5749 553 5817 σιν,
606 5750 698 5807 ubi
747 5767 814 5806 ex
871 5749 1131 5806 autitltcsi
1178 5759 1346 5820 putet,
1381 5749 1886 5820 προσένεξινεέδε,
1919 5753 2006 5806 ειιιε

2123 5749 2458 5806 monasteria
2498 5749 2970 5820 ingrediebantur.
