4064 6472
308 357 451 427 1015

1578 366 1868 428 IRENES
1908 367 2294 433 AUGUSTrE

3427 376 3564 445 1016

298 481 536 539 ucm,et
593 476 914 531 monasterii
962 474 1164 548 regula:
1204 477 1521 532 necessario
1562 478 1667 533 sibi
1720 480 1879 536 obse-

1988 482 2141 555 τύπῳ
2166 484 2304 556 πρὶς
2332 484 2580 557 ἀνάγκης
2611 485 2723 552 ἕξει
2750 484 3087 543 ἀκολουθεῖν.
3120 489 3220 542 Ἂν
3253 488 3310 542 δέ
3335 488 3399 558 γέ
3434 508 3565 545 ποτε

300 564 586 636 quendum
616 564 758 621 fore.
800 565 856 621 Si
906 580 1095 621 veroa
1163 567 1507 624 daemonibus
1550 577 1759 624 tentata
1792 570 1882 629 {ut

300 668 445 724 saepe
475 654 616 709 solet
645 654 931 719 amentia).
948 653 1098 710 exire
1116 653 1343 725 quidem
1375 671 1407 710 e
1433 657 1769 711 monasterio
1791 670 1882 711 eoo

300 753 428 801 nata
453 744 641 809 fuerit,
674 744 1019 815 volueritque
1068 745 1278 802 donum
1317 762 1623 813 resumere,
1673 762 1881 817 nequa-

299 851 464 905 quam
516 835 760 891 dandum
787 848 873 892 est
930 837 1032 902 illi,
1086 838 1460 911 quodcunque
1506 838 1640 895 illud
1691 839 1878 894 fuerit.

299 926 454 994 Quod
481 927 627 981 enim
657 928 833 983 semel
858 928 971 985 Deo
999 942 1385 987 consecratum
1418 938 1524 997 est,
1556 931 1769 987 resumi
1782 944 1882 985 ne-

298 1015 442 1086 quit,
469 1024 526 1071 et
577 1017 672 1087 qui
719 1016 853 1073 illud
920 1020 1174 1082 resumit,
1219 1020 1520 1091 sacrilegus
1565 1028 1673 1077 est.
1721 1018 1881 1088 Quali

297 1122 431 1163 vero
457 1122 619 1177 pmna
668 1108 941 1178 plectatur
996 1110 1371 1184 sacrilegium,
1407 1126 1600 1168 omnes
1650 1096 1879 1175 norunt,

295 1197 430 1254 licet
452 1198 506 1255 id
531 1216 633 1257 nos
666 1202 895 1258 minime
952 1202 1280 1261 dixerimus.
1328 1204 1521 1275 itaque
1573 1218 1696 1275 qua
1747 1218 1880 1274 pro-

297 1290 488 1362 prium
535 1292 744 1348 bonum
778 1310 873 1351 seu
903 1295 1105 1352 mobile
1133 1296 1248 1352 sive
1279 1296 1558 1352 immobile
1593 1295 1880 1362 obtulerit,

299 1384 445 1455 legat
476 1386 633 1456 prius
664 1387 780 1443 haec
809 1388 978 1443 verba
1012 1396 1108 1443 :et
1142 1389 1186 1444 si
1218 1388 1445 1460 quidem
1474 1388 1655 1444 libero
1709 1397 1765 1442 et
1790 1387 1882 1457 pio

297 1478 585 1549 proposito
624 1479 830 1535 donum
863 1480 1156 1547 obtulerit,
1183 1489 1243 1537 ut
1274 1495 1560 1552 nunquam
1596 1496 1631 1535 a
1685 1493 1745 1535 se
1780 1479 1885 1534 im-

297 1577 581 1639 posterum
609 1572 1033 1639 resumendum,
1065 1588 1245 1644 neque
1290 1574 1421 1629 hinc
1450 1571 1626 1643 pluris
1651 1572 1884 1628 aliisso-

296 1661 519 1717 roribus
547 1663 738 1720 haberi
773 1666 1088 1735 postularit,
1117 1677 1251 1723 tunc
1292 1667 1619 1723 admittatur
1674 1665 1880 1721 donum

296 1752 438 1823 ejus,
463 1760 519 1808 et
551 1754 729 1824 gratia
772 1756 949 1825 plenae
992 1767 1313 1828 reponatur,
1340 1774 1369 1813 a
1417 1771 1526 1828 qua
1576 1754 1701 1811 ﬁdei
1768 1769 1883 1812 suae

299 1843 612 1901 mercedem
639 1847 889 1917 recipiet.

894 1962 1120 2019 CAPUT
1143 1964 1278 2020 Vlll.

300 2072 453 2150 Quod
471 2091 590 2150 qua:
640 2093 683 2150 _a
714 2076 1054 2132 stu-alaribus
1080 2080 1166 2147 pio
1207 2083 1502 2150 proposito,
1563 2088 1885 2141 monasterio

371 2145 791 2219 gratiayplenar
818 2145 1217 2215 consecrantur,
1244 2145 1495 2219 mobilia,
1519 2169 1611 2208 seu
1645 2157 1886 2211 immobi-

371 2214 470 2281 lia,
500 2214 828 2272 admittenda
856 2219 986 2275 sint.

374 2325 481 2383 Sed
504 2336 559 2383 et
580 2327 625 2383 si
654 2331 781 2398 quis
813 2345 846 2385 e
874 2330 1258 2399 saecularibus,
1291 2332 1378 2388 vel
1398 2333 1592 2390 liberis
1654 2338 1881 2405 nostris,

301 2427 399 2473 aut
425 2419 533 2474 alia
553 2419 767 2477 ratione
801 2422 1071 2491 cognatis,
1099 2423 1215 2478 sive
1234 2422 1465 2479 omnino
1503 2425 1722 2493 alienis,
1773 2428 1885 2485 Deo

299 2510 501 2567 dilecta
533 2512 805 2569 sententia
829 2522 885 2569 et
942 2513 1227 2585 proposito
1272 2523 1479 2582 motus,
1514 2518 1739 2574 mobilia
1789 2530 1886 2577 aut

301 2603 604 2659 immobilia
635 2604 885 2675 quaedam
907 2606 1242 2662 monasterio
1265 2622 1589 2665 consecrare
1603 2611 1880 2678 voluerit;

302 2694 453 2749 hunc
484 2692 707 2764 quidem
745 2695 1127 2753 lubentissime
1164 2696 1501 2768 suscipimus
1538 2700 1610 2755 ob
1632 2701 1787 2771 pium
1814 2703 1882 2759 'rl-

298 2785 393 2840 lud
427 2786 792 2857 propositum,
825 2788 1066 2843 scientes
1091 2788 1271 2859 ipsum
1316 2803 1347 2843 ιι
1370 2788 1483 2846 Deo
1507 2792 1682 2849 multo
1703 2794 1886 2867 copio-

299 2881 446 2934 siore
485 2880 739 2936 mercede
759 2881 1099 2939 donandum.

370 2972 636 3029 Volumus
672 2989 823 3040 vero,
850 2986 910 3032 ut
944 2977 1309 3035 immobilium
1334 2981 1404 3037 ab
1444 2980 1566 3053 ipso
1597 2997 1885 3040 consecra-

298 3072 482 3120 torqu
505 3077 826 3137 proventus,
842 3084 950 3124 non
971 3069 1040 3125 ad
1063 3070 1242 3127 victus
1260 3073 1655 3131 monacbarum
1679 3075 1885 3131 redun-

1910 1819 1959 1880 B

1985 576 2349 645 πειρασθείσα
2393 579 2458 631 ἐκ
2499 578 2795 648 δαιμόνων,
2841 572 2932 632 οτα
2972 578 3143 633 πολλά
3172 578 3240 633 τά
3270 579 3371 649 τῆς
3400 579 3565 634 ἀδου-

1984 665 2127 731 λιας,
2168 668 2430 739 ἐκστῆναι
2462 670 2563 739 μὲν
2596 669 2697 739 τῆς
2734 670 2905 739 μονῆς
2939 670 3198 742 πειραθῇ,
3231 669 3475 740 βούλοιτο
3505 670 3564 724 δι

1984 760 2079 814 καὶ
2105 760 2169 813 τδ
2193 761 2399 830 δεδωρη
2410 761 2571 831 μένον
2596 761 2908 826 ἀναλαϐεῖν,
2929 763 2987 815 οὐ
3019 763 3203 816 δοτέον
3223 763 3359 834 αὑτῇ
3384 762 3564 829 τοῦτο,

1984 852 2090 907 κᾶν
2119 851 2149 906 ὅ
2180 870 2235 907 τι
2286 854 2431 927 τύχῃ
2474 855 2565 908 δν·
2608 855 2669 908 τὸ
2717 855 2826 924 γὰρ
2879 853 3029 920 ἀπαξ
3079 854 3199 924 Θεῷ
3258 855 3566 925 ἀφιερωθὲν

1982 945 2372 1016 ἀναφαίρετον,
2402 947 2498 1001 καὶ
2526 946 2557 998 ό
2579 946 2984 1018 ἀφαιρούμενος
3018 946 3317 1017 ἱερόσυλος.
3346 948 3565 1002 ὐποῖον

1984 1035 2042 1090 δὲ
2070 1035 2132 1090 τὸ
2162 1038 2464 1108 ἱεροσυλεῐν
2492 1037 2608 1108 ἔχει
2633 1039 2694 1092 τὸ
2717 1039 2996 1107 ἐπιτίμιον
3029 1040 3234 1102 πάντες
3261 1038 3431 1098 ἴσασι,
3458 1037 3564 1092 κᾶν

1985 1129 2148 1198 ἡμεῖς
2183 1129 2257 1201 μὴ
2287 1130 2559 1200 λέγωμεν.
2598 1131 2764 1183 Ὥστε
2789 1132 2825 1200 ἢ
2872 1131 2937 1183 ἂν
2970 1131 3226 1201 προσάγσς⁸
3259 1130 3318 1182 τὸ
3361 1132 3561 1184 οἰκεῖον

1984 1220 2265 1291 ἀκίνητον,
2294 1221 2327 1294 ἢ
2349 1220 2590 1293 κινητὸν,
2610 1221 3032 1290 ἀναγινωσκέτω
3052 1223 3229 1274 ταῦτα
3247 1221 3319 1274 τὰ
3341 1221 3563 1291 ῥήματα

1985 1311 2274 1383 πρότερον.
2312 1313 2420 1368 Καὶ
2455 1313 2617 1385 εἴπερ
2643 1313 2918 1383 ἐλευθέρῳ
2952 1311 3140 1384 σκοπῷ
3183 1312 3281 1365 καὶ
3327 1311 3568 1378 θεοφιλεῖ

1984 1406 2221 1459 ποιεῖται
2271 1405 2372 1477 τὴν
2424 1406 2816 1477 προσαγωγὴν,
2869 1406 2946 1467 ὡς
2984 1409 3121 1477 μήτε
3173 1404 3564 1475 ἀναληψομένη

1986 1495 2233 1566 ὕστερον,
2261 1496 2401 1567 μήτε
2434 1496 2770 1568 προτιμησω
2795 1513 2921 1551 τινα
2957 1495 3210 1550 ἐντεῦθεν
3240 1496 3352 1551 τῶν
3388 1496 3567 1552 ἀλλων

1981 1586 2229 1655 ἀδελφῶν
2275 1586 2539 1657 ζητοῦσα,
2593 1588 2716 1643 τότε
2763 1587 2828 1658 δὴ
2880 1586 3266 1657 πῳσδεχὲσθω
3295 1587 3355 1641 τδ
3387 1587 3563 1659 δῶρον

1982 1675 2175 1747 αὐτῆς,
2206 1677 2301 1730 καὶ
2337 1681 2407 1750 τῇ
2446 1678 2880 1751 Κεχαριτωμὲνῃ
2908 1675 3304 1744 ἀνατεθεισθω,
3334 1676 3467 1752 παρ’
3497 1673 3569 1752 ἧς

1986 1768 2082 1824 καὶ
2110 1770 2143 1823 ὁ
2182 1768 2377 1841 μισθὸς
2406 1770 2546 1842 αὐτῇ
2582 1770 2683 1841 τῆς
2712 1768 2949 1836 πίστεως
2979 1769 3407 1842 ἀποδοθήσεται.

2590 1972 2816 2027 ΚΕΦΑΛ
2828 2010 2842 2027 .
2879 1971 2964 2026 ιν.

1985 2085 2124 2153 Περὶ
2148 2083 2272 2165 ,τοῦ
2306 2081 2469 2165 παρὰ
2500 2080 3118 2165 κωμικῶν-,θεοφιλεῖ
3143 2080 3356 2165 σκοπῷ
3397 2082 3568 2165 dgna:

2049 2150 2321 2223 ῥούμενα
2348 2150 2423 2221 τῇ
2461 2150 2629 2222 μονῆ
2653 2151 2761 2223 τῆς
2801 2150 3311 2223 Κξχάριτωμένης,
3353 2150 3571 2220 κινητά

2057 2218 2123 2278 τε
2146 2218 2246 2278 και
2277 2218 2553 2292 ἀχθητα,
2584 2218 2799 2277 δεκτέα
2827 2218 3002 2277 εῖν-αὶ.

2070 2335 2233 2390 Ἀλλά
2262 2337 2360 2391 καὶ
2403 2336 2458 2390 at
2484 2353 2567 2400 τις
2617 2334 2727 2391 τῶν
2773 2335 3081 2407 κοσμικῶν,
3131 2336 3167 2408 ἢ
3216 2334 3324 2390 τῶν
3360 2333 3567 2389 παξδων

1986 2429 2168 2500 ἡμῶν,
2191 2428 2225 2501 ἦ
2252 2427 2362 2481 τῶν
2409 2427 2584 2491 ἄλλως
2624 2428 2925 2497 συγγενῶν,
2975 2427 3009 2499 ἢ
3056 2427 3153 2480 καὶ
3192 2428 3369 2497 πάντη
3413 2425 3572 2480 ano.

1986 2520 2155 2593 τριων
2187 2518 2428 2588 θεοφιλεῖ
2458 2517 2675 2592 γνώμῃ.
2726 2520 2822 2574 καὶ
2868 2518 3188 2590 προαιρέσει
3227 2516 3570 2589 κινοῦμενος,

1987 2616 2185 2685 κινητὰ
2234 2611 2268 2683 ἢ
2313 2612 2550 2683 ἀκινητά
2596 2629 2719 2666 τινα
2769 2614 2837 2684 τῇ
2893 2612 3031 2684 μονῇ
3066 2611 3372 2682 ἀφιερῶσαι
3405 2609 3571 2681 προέ-

1986 2704 2152 2769 λοιτο,
2198 2701 2725 2774 ὐπεραποδεχόμεθα
2781 2702 2882 2773 μὲν
2911 2700 3109 2757 τοῦτον
3134 2701 3234 2772 τῆς
3283 2700 3571 2773 θεοφιλοῦς

1987 2795 2387 2868 προαιρέσεως,
2417 2794 2620 2859 ειδότες
2648 2796 2732 2849 δτι
2773 2794 2867 2849 καὶ
2906 2796 3058 2868 παρὰ
3089 2793 3228 2849 Θεοῦ
3264 2794 3570 2849 πολλαπλα-

1990 2888 2141 2943 σίονα
2169 2886 2271 2959 τὴν
2304 2887 2732 2959 μισταποδοσιαν
2762 2886 3073 2958 κομεζεται.

2060 2978 2374 3051 Βουλόμεθα
2398 2979 2455 3033 δὲ
2484 2979 2584 3051 τὴν
2633 2978 2741 3033 τῶν
2779 2979 2912 3050 παρ’
2956 2979 3121 3035 αὑτοῦ
3152 2976 3569 3050 ἀφιερωθέντων

1987 3072 2263 3143 ἀκινήτων
2304 3071 2587 3144 πρόσοδον,
2647 3069 2723 3143 μὴ
2770 3073 2849 3134 εἰς
2912 3070 3255 3142 πλεονασμὸν
3304 3068 3404 3140 τῆς
3461 3067 3571 3121 τῶν

303 3157 571 3223 dantiam,
595 3174 699 3215 nec
734 3159 801 3214 ad
816 3162 1067 3231 quamvis
1091 3163 1254 3218 aliam
1284 3173 1622 3221 statutorum
1660 3175 1880 3222 nostro-

1991 3164 2241 3235 μοναχῶν
2269 3160 2705 3218 κατακενοῦσθαι
2728 3163 2964 3234 διαίτης,
2992 3163 3026 3234 ἦ
3059 3179 3181 3217 τινα
3214 3161 3381 3232 ἄλλην
3410 3159 3570 3214 ὲναλ-

300 3265 425 3306 rum
456 3251 897 3309 immutationem
934 3254 1259 3310 absumatur
1296 3274 1311 3311 :
1348 3256 1447 3313 sed
1497 3258 1566 3313 ad
1627 3272 1886 3330 augmen-

300 3358 417 3399 tum
456 3346 777 3402 monialium
803 3346 997 3402 eadem
1034 3349 1223 3417 regula
1246 3349 1542 3414 utentium,
1569 3359 1624 3405 et
1658 3351 1725 3404 ad
1776 3350 1885 3405 lar:-

298 3436 536 3507 gitioues
589 3437 928 3508 pauperibus
975 3437 1290 3505 faciendas,
1350 3448 1427 3494 ιιι·
1468 3440 1572 3512 ipsi
1613 3441 1883 3496 libuerit:

299 3539 516 3581 necnon
540 3526 607 3580 ad
629 3534 880 3598 sumptus
896 3542 996 3597 pro
1019 3527 1461 3584 solemnitatibus
1481 3537 1536 3585 ct
1555 3545 1885 3587 commemo-

302 3618 636 3673 ratiouibus.
672 3619 861 3689 Neque
894 3620 1041 3675 enim
1067 3619 1255 3676 licebit
1284 3621 1669 3690 otl'erentibus,
1710 3623 1884 3680 dono-

304 3727 427 3766 rum
453 3712 741 3768 occasione
765 3711 913 3782 leges
934 3712 1198 3783 quasdam
1235 3714 1522 3779 innovare,
1551 3726 1646 3772 aut
1679 3725 1883 3772 statuta

303 3803 511 3860 nostris
580 3806 959 3861 sanctionibus
1016 3807 1386 3862 adversantia.
1448 3809 1555 3865 Sed
1618 3810 1886 3865 monialcs

305 3898 449 3953 dona
480 3897 702 3966 quidem
751 3898 844 3968 pio
890 3899 1177 3969 proposito
1228 3900 1415 3955 oblata
1474 3901 1886 3971 suscipicut,et

305 4004 650 4060 quaecunque
720 3990 1009 4060 largitores
1041 3990 1110 4046 de
1159 3991 1778 4047 commemorationibus
1830 3999 1886 4045 ct

302 4083 712 4153 erogationibus
741 4092 1002 4146 statuent,
1036 4092 1441 4155 exsequemur;
1472 4084 1597 4156 plus
1650 4099 1779 4140 vero
1818 4083 1885 4139 iis

304 4173 463 4240 nihil,
493 4181 554 4228 ut
580 4173 786 4229 dictum
818 4183 922 4230 est.

914 4312 1139 4369 CAPUT
1174 4315 1266 4369 IX.

304 4425 455 4492 Quod
480 4439 597 4495 qua:
629 4425 949 4495 monasterio
982 4426 1343 4494 assignantur,
1384 4428 1494 4495 sive
1547 4426 1759 4480 mobilia
1783 4428 1888 4481 sive

541 4493 853 4560 immobilia,
895 4493 1167 4563 nunquam
1195 4497 1298 4549 sint
1332 4494 1642 4551 alienanda.

374 4607 511 4663 Volo
542 4616 603 4662 ut
630 4606 814 4660 omnia
861 4606 1193 4661 monasterio
1251 4609 1545 4678 assignata,
1598 4616 1693 4663 aut
1745 4609 1884 4663 assi—

305 4700 542 4770 gnanda,
576 4700 662 4754 vel
697 4699 893 4769 quovis
933 4702 1097 4755 modo
1145 4701 1535 4771 comparanda,
1562 4717 1671 4755 non
1709 4702 1886 4756 solum

301 4790 622 4852 immobilia,
660 4788 758 4845 sed
775 4799 831 4845 ct
857 4789 1101 4851 mobilia,
1122 4790 1344 4846 immota
1365 4799 1603 4860 semper,
1633 4797 1691 4843 et
1748 4806 1890 4844 nun-

305 4901 468 4954 quam
500 4885 734 4939 alienata
764 4885 907 4955 apud
934 4885 1113 4955 ipsum
1144 4894 1423 4953 maneant,
1461 4894 1518 4939 et
1540 4899 1718 4954 neque
1744 4884 1885 4939 den~

313 4988 421 5041 tur,
449 4988 543 5033 aut
566 4988 1000 5043 eommutenlur,
1027 4987 1122 5033 aut
1154 4979 1488 5039 vendantur,
1519 4993 1615 5033 seu
1651 4992 1885 5048 quomo-

307 5073 597 5141 docunque
630 5071 1198 5125 distrahantur:licet
1223 5072 1412 5141 duplo,
1450 5078 1545 5125 aut
1577 5070 1761 5139 triplo,
1799 5070 1886 5124 vel

303 5163 539 5233 tlecuplo
566 5164 741 5234 majus
778 5162 945 5216 fuerit
978 5162 1127 5233 quod
1168 5162 1223 5217 in
1280 5163 1455 5218 vicem
1513 5160 1887 5217 distrahendaa

301 5254 384 5310 rei
413 5254 610 5319 datur;
646 5268 773 5308 nam
828 5254 1176 5324 sacrilegium
1214 5254 1377 5325 plane
1423 5262 1508 5309 est
1566 5252 1886 5324 huiusmodi

302 5345 586 5418 quidpiam
642 5344 847 5409 facere,
901 5354 997 5400 aut
1055 5346 1260 5399 factum
1322 5346 1635 5401 admittere.
1671 5345 1741 5400 Et
1789 5344 1883 5416 qui

306 5441 413 5495 tale
436 5439 567 5509 quid
603 5440 800 5494 fecerit
829 5448 924 5493 aut
984 5439 1291 5503 admiserit,
1316 5439 1362 5494 is
1404 5440 1535 5494 licet
1586 5439 1886 5509 imperator

302 5529 493 5594 fuerit,
552 5529 633 5583 vel
678 5528 1011 5600 patriarcha,
1046 5527 1130 5583 vel
1169 5528 1538 5599 magistratus,
1567 5537 1662 5582 aut
1712 5528 1887 5598 priva-

304 5630 419 5687 tus,
459 5631 555 5675 aut
610 5621 864 5693 praelecta
921 5620 1267 5684 monasterii,
1305 5619 1387 5674 vel
1413 5620 1577 5674 etiam
1632 5619 1882 5690 quaedam

305 5716 358 5768 in
390 5730 457 5769 eo
489 5715 805 5784 degentium
830 5715 1191 5780 monialium;
1228 5713 1317 5767 ille
1345 5712 1567 5783 quidem
1600 5712 1886 5789 tremendo

308 5814 361 5858 ct
395 5807 542 5877 justo
577 5807 754 5862 Judici
782 5807 1050 5864 rationem
1109 5806 1333 5872 reddet;
1371 5803 1556 5859 saucio
1590 5814 1773 5860 autem
1826 5812 1885 5860 ut

1912 4498 1967 4559 D

1991 3256 2166 3327 λαγὴν
2193 3254 2304 3309 τῶν
2346 3254 2477 3325 παρ’
2520 3254 2683 3325 ἡμῶν
2731 3246 3208 3323 διατεταγμένων·
3255 3252 3370 3308 ἀλλ’
3405 3251 3483 3315 εἷς
3510 3268 3569 3303 τε

1991 3346 2309 3419 προσθήκην
2339 3346 2597 3418 μοναχῶν
2624 3347 2700 3417 τῷ
2734 3345 2884 3415 αὐτῷ
2914 3346 3101 3401 κανόνι
3134 3345 3452 3417 χρωμένων,
3489 3345 3569 3406 εἷς

1988 3459 2048 3495 τε
2083 3441 2353 3505 διαδόσεις
2393 3442 2669 3512 πενήτων,
2694 3442 2770 3505 ὡς
2804 3442 2912 3513 ἀρα
2945 3442 3150 3503 ἑκείνος
3175 3439 3442 3510 βούλοιτο,
3478 3440 3572 3492 καὶ

1990 3537 2067 3599 εἰς
2102 3534 2307 3605 ἑορτῶν
2354 3535 2454 3588 καὶ
2494 3534 2858 3605 μνημοσύνων
2891 3533 3253 3604 ἀναλώματα.
3303 3532 3419 3585 Οὐκ
3452 3529 3572 3595 ἑξέ-

1992 3644 2117 3681 σται
2147 3626 2257 3696 γὰρ
2286 3629 2398 3690 τοῖς
2433 3626 2775 3696 προσάγουσι
2805 3629 2871 3696 τῇ
2903 3626 3127 3695 ἀφορμῇ
3158 3624 3268 3677 τῶν
3298 3638 3574 3694 προσαγο-

1993 3718 2170 3789 μένων
2193 3716 2397 3779 τύπους
2426 3716 2578 3780 τινὰς
2608 3716 2892 3783 καινίζειν,
2923 3716 2955 3787 ἢ
2979 3716 3327 3785 διατάγματα
3355 3712 3575 3768 ἐναντία

1989 3812 2102 3874 τοῖς
2128 3808 2420 3879 ἡμετέροις
2474 3809 2889 3878 διατυπώμασιν
2911 3824 2925 3839 ·
2962 3807 3099 3862 ἀλλά
3138 3807 3205 3861 τά
3272 3806 3371 3876 μὲν
3405 3821 3574 3875 προσ-

1990 3899 2288 3971 ενεχθέντα
2311 3899 2550 3967 θεοφιλεῖ
2580 3898 2791 3969 σκοπῷ,
2818 3899 3082 3971 λήψονται
3108 3900 3165 3952 αἱ
3199 3896 3534 3968 μονάζουσαι
3554 3910 3567 3923 ·

1991 3989 2086 4041 καὶ
2115 3989 2216 4042 ὃσα
2264 3989 2393 4059 περὶ
2428 3990 2797 4059 μνημοσὺνων
2837 3990 2932 4042 καὶ
2977 3988 3266 4043 διαδῦσεων
3296 3984 3569 4041 διατυπώ-

1993 4098 2179 4137 σονται
2218 4083 2267 4135 οἱ
2301 4082 2693 4153 προσάγοντες,
2727 4083 3109 4153 ὲνεργήσουσι,
3145 4081 3309 4135 πλέον
3357 4079 3415 4134 δὲ
3446 4084 3572 4134 τού-

1991 4192 2097 4227 των
2130 4175 2301 4241 οὐδὲν,
2340 4174 2414 4238 ὡς
2448 4175 2794 4245 προείρηται.

2608 4310 2858 4365 ΚΕΦΑΛ.
2890 4309 2970 4364 Θ’.

1994 4426 2132 4493 Περὶ
2181 4426 2288 4479 τοῦ
2349 4424 2549 4493 πάντα
2579 4422 2653 4477 τὰ
2694 4421 2772 4490 τῇ
2809 4421 2971 4492 μονῇ
3019 4421 3432 4492 ἁρομζόμενα,
3463 4422 3574 4479 dr-

2133 4496 2425 4563 εκποίητα
2456 4491 2633 4560 εἶναι,
2660 4491 2873 4561 κινητά
2912 4509 2973 4547 τε
3005 4494 3107 4547 καὶ
3132 4491 3410 4561 ἀκίνητα.

2060 4606 2214 4659 Θέλω
2241 4605 2418 4659 δὲκαὶ
2452 4606 2633 4660 πάντα
2678 4604 2747 4658 τά
2796 4608 2860 4676 τῇ
2902 4608 3037 4676 μονῇ
3088 4603 3484 4675 ἀφορισθέντα,
3533 4604 3568 4675 ἢ

1994 4698 2504 4769 ἀφορισθησόμενα,
2539 4698 2572 4768 ἢ
2615 4698 2865 4753 ὁπωσοῦν
2912 4697 3421 4769 προσγενησόμενα,
3474 4697 3577 4751 οὐκ

1994 4792 2227 4862 ἀκίνητα
2282 4791 2464 4860 μόνον,
2514 4791 2650 4845 ἀλλά
2682 4792 2777 4844 καὶ
2822 4792 3039 4861 κινητὰ,
3083 4790 3318 4859 ἀκίνητα
3367 4790 3573 4859 μένειν,

1992 4885 2086 4938 καὶ
2122 4884 2457 4952 ἀνεκποεητα
2507 4882 2638 4953 παρ’
2667 4883 2829 4953 αὐτῇ,
2864 4882 2938 4953 μὴ
2964 4882 3309 4953 δωρούμενα,
3338 4883 3412 4953 μὴ
3443 4883 3573 4935 ἀντ-

1995 4975 2397 5045 αλλαττόμενα,
2453 4977 2526 5045 μὴ
2585 4974 2946 5044 πωλούμενα,
3028 4973 3103 5045 μὴ
3152 4973 3576 5043 όπωσδηποτοῦν

1991 5066 2399 5137 ἀποκτώμενασ
2435 5064 2538 5118 κᾶν
2574 5065 2944 5136 διπλάσιον,·ἢ
2976 5064 3317 5136 τριπλάσιον,
3349 5064 3380 5133 ἢ
3407 5063 3575 5117 δεκα-

1991 5156 2221 5211 πλάσιον
2272 5159 2357 5228 εῐη
2411 5157 2472 5210 τὸ
2517 5158 2639 5212 ἀντὶ
2687 5156 2783 5211 τοῦ
2834 5157 3228 5228 ὲκποιουμένου
3275 5156 3569 5227 διδόμενον.

2002 5248 2302 5319 ’Ῑεροσυλία
2334 5249 2444 5320 γάρ
2480 5249 2741 5319 ἄντικρυς
2775 5250 2835 5302 τὸ
2880 5249 3108 5319 ποιῆσαι
3136 5265 3187 5301 τι
3236 5248 3499 5312 τοιοῦτον,
3536 5247 3571 5312 ἦ

1990 5345 2088 5397 καὶ
2137 5342 2435 5412 γενόμενον
2497 5341 2920 5408 καταδέξασθαι,
2985 5342 3080 5395 καὶ
3140 5341 3169 5394 ό
3229 5340 3472 5394 τοιοῦτόν
3518 5357 3574 5394 τι

1991 5436 2251 5505 ποιήσας,
2290 5435 2324 5507 ἢ
2374 5435 2803 5505 ἀναδεχόμενος,
2862 5433 2964 5487 κᾶν
3012 5432 3261 5503 βασιλεὺς
3308 5435 3431 5503 εῐη,
3470 5432 3573 5487 κᾶν

1991 5527 2361 5598 πατριάρχης,
2395 5526 2497 5580 κᾶν
2528 5528 2734 5598 ἄρχων,
2767 5526 2870 5581 κάν
2901 5525 3137 5595 ἰδιώτης,
3172 5524 3204 5596 ἢ
3233 5527 3266 5596 ὴ
3293 5528 3570 5597 ἡγουμένη

1988 5620 2092 5690 τῆς
2119 5620 2309 5690 μονῆς,
2344 5621 2376 5689 ἢ
2418 5622 2511 5674 καί
2538 5639 2623 5685 τις
2653 5623 2763 5675 τῶν
2792 5623 2850 5674 ἒν
2880 5621 3016 5691 αὐτῇ
3058 5620 3331 5691 μοναχῶν,
3365 5623 3572 5682 ἐκεῖνος
3635 5674 3647 5685 _

1994 5712 2094 5784 μὲν
2141 5712 2332 5781 λόγους
2364 5712 2549 5782 ὑφέξει
2589 5712 2667 5783 τῷ
2718 5711 2935 5782 (ροσερῷ
2984 5714 3078 5764 καὶ
3112 5712 3305 5781 δικαίῳ
3356 5713 3568 5782 Κριτῇ·

1992 5806 2048 5858 τὸ
2087 5804 2132 5859 δ’
2167 5805 2456 5878 ὲκποιηθὲν
2496 5806 2774 5879 ἀκίνητον,
2806 5802 3273 5859 ἀποκαθίστασθαι
3308 5802 3469 5859 πάλιν
3502 5804 3571 5874 τῇ
