4064 6478
318 452 452 517 illi"!

1776 456 2137 521 TYPICUM.

3444 465 3581 532 1018

316 567 453 637 μονῇ
475 562 810 635 διορίζομαι,
842 563 1048 634 σπουδῇ
1076 561 1169 617 τοῦ
1195 560 1502 629 ἀγιωτάτου
1526 560 1894 633 πατριάρχου,

2012 568 2147 640 quod
2178 568 2477 627 alienatum
2501 579 2608 635 est,
2638 569 2975 628 monasterio
3027 572 3372 642 restituatur,
3397 577 3582 633 studio

310 656 374 709 ἐκ
405 655 517 709 τῶν
567 655 750 725 νόμων
797 654 1039 709 καὶτῶν
1091 652 1337 708 κανόνων
1385 654 1486 723 τὴν
1518 652 1651 725 περὶ⁵
1702 655 1897 708 τούτου

313 745 576 817 φροντίδα
611 745 851 816 ἔχοντος,
872 743 976 814 τῆς
999 743 1099 813 τῆς
1130 742 1301 815 μονῆς
1327 743 1393 796 ἀν
1406 743 1895 814 ιιλαμὸανομένης,

309 838 404 891 καὶ
459 836 571 890 τῶν
626 836 831 891 λοιπῶν
890 836 1145 906 μοναχῶν
1197 835 1766 906 ὐπομιμνησκουσῶν,
1803 836 1898 889 καὶ

311 925 777 996 ἀνακαλουμένων
813 927 946 982 αὐτό
966 943 980 957 ·
1013 928 1106 980 καὶ
1138 926 1341 990 παντὸς
1363 927 1553 999 ἐτέρου
1584 927 1680 981 τοῦ
1712 926 1901 997 βουλο-

314 1022 479 1093 μένου
506 1022 607 1091 τὴν
635 1019 919 1091 ἐκδίκησιν
949 1018 1276 1082 σπεύδοντος
1314 1017 1382 1071 δι’
1419 1017 1726 1072 εὐσέϐειαν.

935 1130 1195 1185 ΚΕΦΔΛ.
1231 1129 1294 1185 1'.

314 1225 461 1294 Περὶ
497 1223 603 1280 τοῦ
654 1223 802 1277 πότε
848 1222 1098 1294 κινητρν
1137 1210 1250 1289 τῆς
1287 1220 1487 1292 μονῆς
1529 1220 1900 1277 ἐκποιεῖσθαι

964 1290 1240 1347 δύναται.

400 1412 464 1465 Ἦ
494 1411 593 1481 μέν
637 1403 732 1463 οὖν
756 1405 868 1461 τῶν
905 1409 1184 1478 ἀκινήτων
1213 1404 1504 1477 ἐκποίησις
1536 1404 1708 1468 οὕτως
1747 1403 1901 1458 ἔσται

316 1498 679 1569 κεκωλυμένη
734 1496 1092 1551 παντάπασι*
1127 1495 1238 1549 τῶν
1282 1494 1340 1549 δέ
1386 1495 1627 1565 κινητῶν
1675 1497 1740 1549 ἐκ
1771 1495 1901 1564 μιᾶς

316 1592 413 1646 καὶ
438 1591 607 1660 μόνης
628 1588 806 1652 αἰτίας
829 1587 1053 1656 εὔλογον
1080 1588 1300 1659 ἡγεῖται
1333 1587 1366 1657 ἡ
1395 1587 1647 1657 βασιλεία
1681 1603 1784 1658 μου
1806 1585 1903 1657 τὴν

314 1685 603 1754 ἐκποίησιν
625 1697 642 1714 ⁸
677 1682 918 1750 ὁπηνίκα
949 1698 1037 1744 τις
1077 1678 1249 1751 βλάὅη
1285 1680 1498 1751 μεγάλη
1531 1678 1902 1750 προσγένηται

318 1779 384 1846 τῇ
417 1778 575 1845 μονῇ.
620 1773 655 1845 ἢ
685 1775 796 1835 τοῖς
829 1771 922 1826 ὑπ’
950 1773 1124 1842 αὐτὴν
1175 1773 1455 1843 κτήμασιν
1493 1769 1553 1837 ἐξ
1596 1769 1903 1842 ἐπιδρομῆς

317 1868 509 1935 ἐθνῶν,
562 1866 596 1938 ἢ
645 1864 1004 1937 ἐμπρησμοῦ,
1039 1865 1074 1936 ἡ
1130 1864 1380 1937 σεισμοῦ,
1431 1865 1668 1936 ἀποροίη
1732 1865 1790 1918 δὲ
1835 1864 1899 1916 τὸ

319 1958 683 2030 μοναστήριον
730 1958 1055 2029 χρημάτων,
1097 1956 1180 2019 τίς
1221 1955 1596 2026 ἐπανόρθωσιν
1636 1955 1732 2008 τοῦ
1765 1955 1896 2026 βλα-

317 2052 525 2114 ϐέντος.
559 2050 880 2120 Τηνικαῦτα
904 2053 1014 2120 γὰρ
1041 2048 1236 2126 ἐφίημι
1267 2048 1610 2103 ἐκποιεῖσθαί
1632 2065 1758 2100 τινα
1789 2047 1898 2100 τῶν

317 2141 559 2210 κινητῶν
604 2143 683 2204 είς
717 2139 1098 2208 ἐπανόρθωσιν
1138 2139 1249 2194 τῶν
1294 2139 1592 2211 ἀκινήτων.
1624 2138 1735 2193 Καὶ
1774 2138 1900 2192 τότε

317 2233 397 2299 δέ,
437 2234 526 2287 ἶνα
567 2234 706 2303 πρὸς
737 2230 900 2300 ἀγίας
934 2229 1258 2302 ἐκκλησίας,
1307 2230 1403 2284 καὶ
1444 2229 1623 2292 θείους
1673 2228 1837 2294 ναοὺς
1866 2229 1902 2295 ἡ

320 2325 611 2394 ἐκποίησις
634 2323 871 2393 γίνεται,
902 2321 1050 2377 ὥστε
1085 2323 1269 2393 μεῖναι
1301 2321 1371 2375 τὰ
1408 2320 1529 2392 ίερά
1559 2320 1726 2377 πάλιν
1756 2320 1901 2389 ίερά,

320 2421 413 2470 καὶ
453 2415 530 2487 μὴ
564 2413 898 2484 κοινωθῆναι
926 2414 997 2466 τὰ
1027 2411 1182 2480 ἀγια.
1216 2410 1298 2465 Τὰ
1330 2412 1443 2482 γὰρ
1476 2410 1627 2476 ἅπαξ
1662 2412 1906 2481 ἀφιερω-

320 2510 506 2574 θεντα,
572 2507 648 2577 μὴ
700 2506 813 2560 δεῖν
863 2503 1203 2570 κοινοῦσθαι,
1249 2505 1363 2567 τοῖς
1408 2503 1545 2557 πᾶσι
1596 2502 1905 2575 καθέστηκε

327 2600 635 2670 γνώριμον.

396 2692 821 2765 Προαιροὸμεθα
849 2690 908 2745 δέ
933 2690 1036 2763 τὴν
1067 2689 1178 2745 τῶν
1200 2687 1440 2761 κινητῶν
1493 2688 1784 2760 ἐκποίησιν
1815 2686 1908 2742 διὰ

319 2789 421 2859 τὴν
450 2788 562 2840 τῶν
609 2785 886 2855 ἀκινήτων
917 2781 1315 2853 ἐπανόρθωσιν,
1346 2781 1446 2853 οὐχ
1473 2782 1659 2844 ἁπλῶς
1686 2779 1783 2834 καὶ
1829 2779 1909 2840 ὡς

322 2882 537 2950 ἔτυχεν,
585 2879 661 2941 ὡς
694 2876 760 2932 ἂν
794 2876 1007 2948 οἰηθείη
1040 2892 1127 2940 τις
1147 2889 1164 2905 ·
1198 2872 1317 2929 ἀλλ’
1345 2874 1429 2927 ὅτι
1478 2872 1661 2945 πολλῷ
1706 2870 1910 2941 μᾶλλον

319 2966 463 3024 οἶδεν
491 2967 727 3036 ὠφελεῖν
759 2967 858 3038 τὴν
888 2966 1058 3038 μονὴν
1086 2968 1119 3037 ἡ
1154 2965 1265 3020 τῶν
1303 2965 1580 3036 ἀκινήτων
1611 2963 1905 3035 πρόσοδος⁸

321 3062 417 3117 καὶ
448 3062 531 3115 ὅτι
559 3062 626 3114 ἐκ
658 3058 760 3131 μὲν
787 3060 886 3129 τῆς
907 3059 1015 3112 τῶν
1050 3058 1326 3128 ἀκινήτων
1358 3056 1647 3126 ὠφελείας,
1682 3056 1911 3111 δυνατόν

322 3157 472 3208 ἐστιν
501 3153 592 3208 ὅτε
623 3149 824 3222 κινητά
850 3148 1261 3221 ἐπικτήσασθαι
1282 3166 1298 3183 θ
1332 3148 1394 3202 τὸ
1426 3147 1472 3201 δ’
1514 3148 1759 3201 ἐναντίον
1793 3146 1912 3200 ἐστὶ

321 3244 602 3316 δυσχερές.

395 3339 505 3392 Καὶ
533 3335 739 3407 ταύτην
766 3334 825 3389 δὲ
876 3333 978 3406 τὴν
1026 3332 1314 3404 ἐκποίησιν
1377 3334 1479 3387 οὐκ
1536 3331 1911 3398 ἀνεξετάστως

324 3428 496 3492 οὕτως
535 3425 953 3497 συγχωροῦμεν,
1005 3424 1115 3480 οὐδ’
1166 3428 1226 3479 ἐν
1276 3424 1637 3496 παραϐύστῳ,
1692 3421 1803 3477 οὐδ’
1855 3424 1914 3475 ἐν

325 3517 499 3589 γωνίᾳ
545 3516 814 3586 γίνεσθαι,
867 3516 988 3569 οὐδὲ
1029 3516 1189 3585 μέρει
1243 3517 1351 3569 τινὶ
1409 3515 1518 3569 τῶν
1555 3517 1614 3567 ἐν
1657 3516 1724 3583 τῇ
1779 3513 1912 3583 μονῇ

326 3610 761 3683 γινωσκομένην,
812 3609 1191 3679 ἀγνοουμένην
1237 3608 1296 3662 δὲ
1339 3610 1461 3671 ταῖς
1492 3609 1742 3671 λοιπαίςο
1777 3605 1916 3660 ἀλλὰ

321 3704 423 3775 τῆς
458 3700 836 3773 προεστώσης,
870 3699 968 3753 τοῦ
1004 3702 1317 3768 οἰκονόμου,
1351 3699 1452 3770 τῆς
1483 3698 1914 3769 ἐκκλησιαρχίσ-

325 3814 426 3867 σης
480 3796 616 3868 (10),
674 3795 778 3862 τῆς
839 3792 1375 3863 σκευοφυλαχίσσης,
1426 3794 1523 3846 καὶ
1568 3794 1678 3847 τῶν
1708 3791 1915 3845 λοιπῶν

328 3890 641 3961 προκρίτων
671 3885 1090 3958 διακονητριῶν,
1119 3886 1213 3937 καὶ
1252 3883 1361 3937 τῶν
1395 3885 1588 3954 ἱερέων
1616 3884 1714 3955 τῆς
1747 3884 1916 3954 μονῆς

327 3983 422 4034 ἐπὶ
453 3980 515 4033 τὸ
565 3978 696 4033 αὐτὸ
736 3979 1054 4041 συνιόντων,
1104 3979 1199 4030 καὶ
1239 3977 1370 4046 περὶ
1409 3975 1509 4045 τῆς
1545 3977 1917 4046 προκειμένης

327 4075 510 4142 ἐξόδου
543 4073 1036 4142 δια-γινωσκόντων,
1065 4072 1163 4125 καὶ
1192 4073 1321 4141 περὶ
1345 4072 1439 4124 τοῦ
1471 4070 1915 4140 ἐκποιηθησομέο

324 4183 421 4218 νου
442 4165 612 4227 εἴδους
645 4163 1151 4233 διασκοπουμένων,
1169 4161 1363 4216 ἔπειτά
1384 4178 1547 4214 τινων
1580 4161 1918 4231 μετακαλου-

332 4253 515 4322 μένων
544 4252 748 4321 είδησιν
790 4252 1026 4322 ἐχόντων
1061 4251 1287 4322 ἀκριϐῆ,
1326 4249 1423 4304 τοῦ
1454 4251 1919 4321 ἀπεμποληοησο-

335 4347 525 4414 μένου,
551 4343 857 4416 πρακτικὸν
906 4345 963 4397 δὲ
1006 4343 1379 4413 διατιμήσεως
1416 4342 1807 4412 ἐκτιθεμένων,
1859 4341 1919 4396 τὸ

334 4441 432 4492 σὺν
474 4442 589 4504 τοῖς
622 4439 868 4510 χαρτίοις
897 4439 995 4508 τῆς
1039 4439 1206 4509 μονῆς
1239 4437 1574 4508 ἀποτεθῆναι
1604 4438 1700 4491 καὶ
1732 4440 1915 4508 διατηο

334 4531 548 4603 ρεῑσθαι
591 4530 832 4601 ὀφεῖλον,
869 4530 1092 4584 πάντων
1118 4529 1176 4584 δέ
1226 4528 1432 4583 τούτων
1481 4529 1620 4599 μετὰ
1656 4528 1918 4599 είδήσεως

330 4623 429 4695 τῆς
467 4624 635 4695 μονῆς
665 4622 1212 4695 ἀντιλαμϐανομένης
1241 4621 1566 4693 γινομένων.

919 4737 1174 4791 ΚΕΦΛΛ.
1219 4736 1327 4792 lA'.

333 4829 474 4899 Περὶ
507 4830 614 4886 τοῦ
641 4826 767 4896 πῶς
785 4828 878 4883 δεῖ
900 4827 1420 4897 ἐπιλέγεσθαι,καὶ
1449 4826 1921 4897 προχειρίζεσθαι

781 4899 898 4968 τὴν
934 4900 1418 4967 καθηγουμένην.

403 5011 539 5082 Περὶ
590 5009 648 5063 δὲ
705 5007 969 5079 ἐπιλογῆς
1015 5007 1109 5060 καὶ
1146 5007 1544 5078 προχειρίσεως
1585 5007 1920 5077 ἡγουμένης,

333 5101 433 5172 ⁴ἤδη
459 5100 782 5172 διαληπτέον
802 5116 817 5131 ο
851 5098 947 5154 νῦν
977 5099 1077 5170 μὲν
1099 5098 1209 5169 γὰρ
1244 5100 1467 5168 ἐποίησε
1499 5097 1921 5168 καθηγουμένην

335 5194 369 5263 ἡ
398 5194 645 5263 βασιλεία
701 5210 825 5262 μου,
881 5191 951 5262 ἡν
993 5193 1251 5259 ἐποίησεν
1302 5192 1398 5243 καὶ
1438 5189 1596 5254 αὖθις
1643 5193 1692 5243 εί
1738 5190 1919 5260 δεήσει

335 5286 668 5357 ἡγουμένης,
695 5285 798 5347 ἓως
826 5284 891 5338 ἂν
906 5282 1002 5349 ζῶ,
1021 5280 1152 5353 παρ’
1177 5282 1312 5351 ἐμοῦ
1337 5283 1651 5354 γενήσεται.
1678 5283 1833 5336 Mati
1862 5282 1918 5335 δὲ

333 5380 433 5450 τὴν
472 5379 613 5449 ἐμὴν
668 5378 1003 5449 μετάστασιν
1063 5375 1328 5447 κρατήσει
1386 5374 1453 5426 τὰ
1483 5373 1583 5448 τῆς
1633 5373 1918 5443 παρούσης

338 5486 439 5538 μου
466 5469 782 5537 διατάξεως.
819 5467 1135 5539 Διορίζομαι
1161 5466 1292 5535 γὰρ,
1327 5466 1375 5518 εί
1409 5463 1508 5534 μὲν
1541 5464 1913 5535 προσδόκιμος

336 5563 429 5615 καὶ
458 5563 943 5634 προεγνωσμένηή
977 5563 1077 5632 τῆς
1108 5558 1251 5613 κατά
1283 5558 1382 5630 τὴν
1415 5559 1628 5630 ἡμέραν
1669 5558 1913 5628 ἡγουμέ-

335 5667 432 5724 νης
469 5655 697 5726 γένηται
721 5653 966 5724 τελευτὴ,
998 5649 1402 5723 προσέρχεσθαι
1423 5651 1562 5722 αὐτῇ
1604 5650 1785 5703 πᾶσαν
1813 5649 1915 5721 τὴν

410 5873 521 5947 (l0)
554 5876 629 5933 De
661 5875 781 5932 istis
811 5874 1009 5933 ol'ﬁciis
1038 5875 1178 5933 intra
1217 5890 1320 5934 suo
1353 5875 1496 5932 loco.

1999 660 2332 717 sanctissimi
2362 662 2709 731 patriarchae,
2756 665 2845 718 cui
2879 664 3184 720 secundum
3214 665 3365 738 leges
3391 676 3450 724 et
3484 684 3581 724 ca-

1997 764 2174 808 nones
2227 755 2305 808 rei
2338 752 2568 822 hujusce
2621 770 2753 810 cura
2792 754 3084 822 incumbit,
3114 765 3341 825 patrona
3388 774 3582 813 mona-

1999 842 2179 907 sterii,
2203 845 2528 915 exterisque
2551 846 2885 902 monialibus
2913 846 3091 916 ipsum
3115 847 3490 907 monentibus.
3516 848 3585 902 il-

1997 935 2207 1005 ludque
2224 937 2635 1002 revocantibus,
2661 947 2719 992 et
2737 953 3068 1008 quocunque
3085 939 3215 1006 alio,
3230 939 3318 995 cui
3333 939 3584 1007 libuerit,

2000 1028 2222 1101 pietatis
2248 1046 2400 1103 ergo,
2438 1031 2846 1089 restitutionem
2865 1042 3120 1104 urgente.

2614 1140 2842 1198 CAPUT
2887 1142 2959 1198 Χ.

2108 1229 2463 1298 Quandonam
2491 1232 2683 1288 bonum
2717 1233 2908 1291 mobile
2933 1238 3484 1294 monasteriialienari

2711 1308 2896 1377 possit.

2071 1416 2555 1487 Alienatioitaque
2584 1417 2950 1474 immobilium
2980 1420 3061 1475 sic
3113 1421 3339 1477 omnino
3391 1422 3584 1494 prohi-

2001 1509 2117 1566 bita
2142 1510 2251 1566 erit
2278 1527 2291 1564 :
2313 1509 2600 1565 mobilium
2620 1526 2753 1566 vero
2771 1511 3156 1569 alienationem
3184 1530 3249 1570 ex
3268 1530 3373 1570 una
3394 1524 3450 1570 et
3471 1515 3587 1570 sola

2003 1616 2167 1658 causa
2201 1601 2402 1657 rationi
2427 1610 2852 1659 eonsentaneam
2901 1604 3181 1662 existimat
3231 1606 3587 1677 imperatoria

2003 1708 2124 1748 mea
2145 1694 2400 1765 majestas
2430 1711 2445 1762 ;
2484 1695 2707 1765 quando
2737 1695 2945 1751 scilicet
2971 1697 3162 1767 ingens
3201 1698 3424 1768 aliquod
3486 1698 3588 1755 da-

2004 1800 2192 1841 mnum
2240 1787 2598 1852 monasterio,
2624 1796 2718 1843 aut
2749 1789 2912 1844 rebus
2939 1789 3059 1860 ejus
3078 1791 3375 1845 accesserit
3399 1805 3466 1844 ex
3502 1790 3586 1844 in-

2005 1892 2174 1933 cursu
2195 1877 2458 1934 videlicet
2488 1880 2757 1950 gentium,
2784 1880 2869 1935 vel
2898 1897 2964 1937 ex
3001 1880 3278 1946 incendio,
3308 1888 3407 1935 aut
3429 1890 3589 1935 terrae

1997 1981 2149 2027 metu
2170 1989 2185 2037 ;
2205 1971 2710 2042 monasteriumque
2729 1973 3052 2029 destitutum
3071 1972 3235 2028 fuerit
3251 1971 3502 2042 pecuniis
3518 1970 3586 2027 ad

1999 2061 2457 2118 restaurationem
2482 2062 2652 2127 illius,
2667 2064 2814 2133 quod
2837 2063 3171 2118 detrimento
3194 2061 3454 2117 all‘ectum
3477 2069 3587 2116 est.

2002 2154 2081 2209 Eo
2103 2153 2250 2208 enim
2301 2168 2432 2209 casu
2472 2153 2717 2211 concedo
2760 2164 2820 2209 ut
2844 2155 3122 2210 alienetur
3149 2152 3357 2224 aliquid
3409 2152 3590 2206 mobi-

2003 2245 2162 2310 lium,
2212 2243 2280 2301 ad
2308 2246 2669 2301 restauranda
2712 2246 3015 2301 immobilia
3051 2263 3066 2300 :
3098 2254 3156 2301 et
3192 2256 3323 2300 tunc
3350 2261 3415 2301 ea
3448 2245 3591 2313 lege,

2007 2347 2069 2393 ut
2102 2337 2169 2393 ad
2198 2347 2416 2394 sanctas
2458 2338 2724 2394 ecclesias
2763 2346 2816 2393 et
2849 2337 3036 2394 divina
3079 2339 3282 2410 templa
3335 2337 3594 2400 alienatio

2010 2431 2123 2495 liat,
2149 2439 2354 2501 utquae
2387 2446 2541 2487 sacra
2583 2439 2733 2497 sunt,
2772 2448 2964 2487 rursus
3020 2446 3176 2487 sacra
3224 2438 3502 2494 maneant,
3538 2438 3597 2485 et

2009 2532 2197 2578 sancta
2223 2538 2333 2577 non
2369 2525 2711 2592 polluantur.
2735 2522 2868 2589 Quae
2889 2523 3038 2579 enim
3072 2524 3243 2579 semel
3273 2530 3596 2579 consecrata

2010 2621 2159 2676 sunt,
2185 2624 2296 2667 non
2320 2609 2626 2681 polluenda
2650 2626 2793 2677 esse,
2823 2612 3082 2666 omnibus
3117 2621 3309 2665 notum
3341 2619 3448 2665 est.

2085 2701 2455 2772 Praenptamus
2489 2710 2674 2756 autem
2707 2700 2994 2754 mobilium
3019 2700 3432 2762 alienationem,
3464 2713 3599 2768 pro-

2010 2804 2134 2866 pter
2186 2793 2551 2849 immobilium
2591 2792 2647 2846 in
2696 2792 2970 2862 integrann
3022 2790 3587 2855 restitutionem,non

2012 2897 2219 2943 temere
2270 2894 2327 2939 et
2355 2900 2419 2940 ex
2444 2884 2550 2939 levi
2573 2898 2758 2950 causa,
2809 2892 2868 2936 ut
2893 2883 3018 2953 quis
3054 2882 3195 2937 forte
3222 2882 3463 2952 putarit;
3495 2879 3593 2936 sed

2012 2977 2160 3049 quod
2182 2976 2543 3032 immobilium
2568 2985 2869 3044 proventus
2895 2974 3067 3029 multo
3085 2973 3310 3044 majoris
3331 2972 3595 3028 utilitatis

2013 3069 2351 3125 monasterio
2407 3083 2531 3123 esse
2583 3068 2788 3133 soleat;
2841 3075 2899 3124 ct
2948 3066 3080 3137 quia
3109 3083 3177 3121 ex
3230 3065 3595 3121 immobilium

2015 3161 2196 3217 fructu
2227 3169 2459 3231 possunt
2505 3158 2839 3231 quandoque
2863 3158 3089 3214 mobilia
3120 3158 3457 3228 comparari;
3492 3173 3596 3228 op-

1939 3248 1983 3305 C
2015 3253 2256 3325 positum
2290 3266 2422 3306 vero
2456 3249 2677 3306 dillicile
2700 3258 2805 3306 est.

2088 3345 2241 3400 lianc
2296 3353 2481 3399 autem
2527 3343 2917 3398 alienationem
2969 3357 3082 3397 non
3137 3341 3343 3412 absque
3395 3338 3600 3410 praevio

2016 3435 2287 3500 examine,
2328 3449 2507 3504 neque
2531 3433 2586 3488 in
2615 3434 2833 3489 occulto
2866 3433 2950 3488 vel
2986 3432 3042 3487 in
3080 3432 3278 3503 angulo
3313 3431 3433 3486 ﬁeri
3463 3446 3599 3486 con-

2014 3527 2301 3591 cedimus;
2325 3542 2506 3596 neque
2527 3524 2858 3596 quibusdam
2886 3524 2942 3579 in
2976 3522 3313 3580 monasterio
3343 3521 3395 3576 id
3420 3522 3597 3577 scien-

2017 3618 2184 3683 tibus,
2239 3617 2462 3686 reliquis
2534 3632 2665 3672 vero
2699 3616 3102 3688 ignorantibus,
3161 3613 3258 3670 sed
3316 3613 3596 3684 praelecta,

2015 3725 2324 3772 meonomo,
2360 3710 2607 3765 ecclesiae
2634 3709 2947 3779 praeposita,
2984 3705 3460 3777 seevophylacissa
3502 3718 3604 3759 seu

2017 3817 2272 3857 vasorum
2305 3801 2554 3867 cuSiode,
2574 3801 2898 3869 exterisque
2925 3798 3222 3868 praecipuis
3245 3795 3600 3860 ollieialzbus,

2016 3902 2074 3949 et
2096 3891 2414 3948 monasterii
2439 3890 2824 3945 sacerdotibus
2846 3889 2899 3942 in
2923 3903 3092 3942 unum
3117 3885 3601 3949 convenientibus,

2019 4002 2083 4043 ac
2112 3986 2180 4040 de
2213 3985 2463 4057 prazsenti
2494 3992 2714 4052 sumptu
2737 3979 3190 4052 dijudicantibus.
3215 3977 3393 4047 deque
3417 3977 3603 4045 specie

2017 4080 2305 4134 alienanda
2358 4075 2812 4130 deliberantibus.
2864 4071 3069 4128 Deinde
3100 4070 3324 4141 quidam
3367 4068 3604 4123 advoca-

2019 4172 2250 4235 buntur,
2309 4169 2515 4238 quibus
2550 4184 2638 4222 res
2673 4164 2959 4221 vendenda
3001 4161 3171 4235 probe
3222 4171 3350 4216 nota
3380 4158 3600 4235 sit,,qui

2022 4273 2205 4318 actum
2239 4259 2624 4317 aestimationis
2660 4258 2847 4321 edent,
2883 4271 3009 4311 cum
3041 4252 3250 4308 chartis
3283 4249 3605 4306 monasterii

2022 4355 2401 4427 reponendum
2424 4363 2477 4408 et
2512 4350 2928 4407 asservandum.
2957 4347 3081 4404 llaec
3110 4345 3295 4402 omnia
3320 4357 3450 4398 vero
3473 4340 3608 4396 lient

2023 4450 2231 4505 sciente
2264 4445 2580 4501 monasterii
2612 4454 2864 4515 patrona.

2608 4734 2837 4792 CAPUT
2909 4732 3007 4790 XI.

2134 4828 2405 4896 Quomodo
2452 4826 2690 4898 eligenda
2723 4835 2771 4881 et
2802 4822 3102 4877 ordinanda
3132 4824 3199 4876 sit
3232 4820 3501 4905 pra’fecta.

2105 5009 2182 5063 De
2212 5006 2483 5062 electione
2517 5013 2572 5059 et
2597 5003 2946 5058 ordinatione
2982 5002 3254 5071 praelecta:
3280 5001 3392 5068 jam
3425 4998 3608 5054 disse-

2029 5101 2261 5155 rendum
2285 5109 2403 5164 est;
2434 5107 2490 5153 et
2519 5112 2665 5151 nunc
2701 5095 2924 5167 quidem
2954 5110 3074 5150 eam
3105 5094 3418 5165 prmfectattt
3476 5107 3611 5146 con-

2026 5192 2209 5248 stituit
2235 5192 2494 5261 majestas
2523 5205 2667 5254 mea,
2693 5203 2856 5258 quam
2888 5186 3231 5242 constituere
3257 5185 3440 5239 libuit.
3464 5184 3530 5237 Et
3559 5182 3606 5238 si

2027 5300 2223 5340 rursus
2260 5282 2518 5354 praelecta
2563 5298 2704 5352 opus
2736 5279 2924 5343 fuerit,
2960 5279 3139 5334 donec
3168 5279 3227 5332 in
3252 5277 3390 5333 vivis
3419 5291 3515 5332 ero
3535 5315 3551 5340 ,
3576 5289 3608 5328 a

2026 5390 2114 5429 me
2162 5373 2504 5428 instituetur.
2546 5371 2679 5427 Post
2725 5370 3030 5425 discessum
3078 5382 3210 5424 vero
3239 5379 3612 5434 menm,pr:e-

2029 5482 2157 5524 sens
2186 5473 2452 5522 statutum
2489 5480 2670 5520 meum
2703 5463 2998 5519 obtinebit.
3045 5461 3246 5519 Saneio
3271 5460 3444 5519 enim,
3476 5465 3533 5510 ut
3561 5455 3606 5509 si
3637 5502 3649 5517 ,

2029 5560 2253 5629 quidem
2302 5569 2657 5630 exspectatus
2689 5567 2746 5614 et
2796 5557 3088 5628 praescitus
3124 5555 3289 5610 fuerit
3335 5548 3608 5622 praelecta:

2030 5651 2204 5706 illitus
2229 5653 2472 5722 emporis
2495 5650 2701 5717 obitus,
2728 5664 2951 5711 sorores
2975 5662 3168 5705 omnes
3186 5645 3356 5715 ipsam
3380 5639 3607 5703 adeant,

1611 5763 2069 5829 Montfauconii
2131 5776 2320 5829 notae.
2416 5811 2427 5821 .
