4064 6422
497 442 641 513 ιοει

1755 426 2042 491 lliENES
2083 426 2122 479 Α
2136 422 2232 481 UG
2245 421 2458 482 USTJE

3602 408 3737 472 1021

493 571 553 616 e‘.
581 572 705 613 cum
735 571 765 609 a
812 551 1064 623 praetecta
1101 550 1194 605 ﬁat
1232 547 1549 604 oﬂicialium
1605 545 1871 605 deiectus,
1919 537 2065 592 absit

2175 535 2365 604 λούσης
2395 532 2662 602 γίνεσθαι,
2691 529 2786 585 καὶ
2829 531 2930 600 τῆς
2972 528 3082 581 τῶν
3112 525 3317 580 λοιπῶν
3345 524 3746 592 διακονητριῶν

494 645 958 710 contentio,'absit
975 642 1200 704 invidia,
1227 641 1370 695 absit
1393 655 1528 694 vana
1551 637 1792 696 aﬂ'ectio.
1815 645 1870 690 et
1891 633 2064 704 gratia

496 740 922 797 inconsiderata.
985 735 1093 792 Sed
1129 742 1280 789 recto
1311 732 1543 804 judicio,
1579 731 1728 802 justo
1775 742 1961 796 scopo,
2009 734 2065 777 et

491 851 616 890 cum
675 833 932 892 veritate,
993 829 1151 900 quasi
1200 827 1532 881 observante
1601 823 1694 877 illo
1757 819 1918 875 oculo
1968 817 2064 886 qui

491 927 674 981 omnia
700 924 944 994 respicit,
971 924 1052 978 sic
1076 938 1105 975 a
1139 920 1295 976 vobis
1310 917 1580 990 judicium
1606 924 1660 972 et
1685 928 1912 968 examen
1947 911 2062 965 ﬁat.

491 1019 570 1073 Ne
598 1018 909 1087 procedatis
931 1015 1099 1085 igitur
1121 1013 1188 1068 ad
1215 1027 1424 1082 pugnas
1439 1019 1493 1065 et
1519 1008 1892 1064 dissensiones
1923 1005 2067 1058 inter

491 1108 840 1176 eligendum;
882 1106 976 1161 sed
1013 1120 1138 1160 cum
1185 1118 1481 1166 consensu,
1528 1115 1662 1172 pace
1699 1107 1757 1155 et
1794 1096 2068 1154 cbaritato

491 1202 722 1255 eiectam
759 1198 1150 1270 promoveatis.

566 1453 844 1510 Electione
873 1470 1004 1509 vero
1051 1464 1108 1510 et
1145 1453 1494 1524 promotione
1524 1451 1688 1510 facta.
1736 1449 1884 1505 nulla
1922 1449 2064 1504 indi-

493 1561 598 1614 gne
637 1546 842 1601 insiliat
875 1545 942 1600 ad
977 1545 1384 1615 praefecturam,
1420 1551 1518 1598 aut
1545 1542 1690 1596 aliud
1720 1541 1914 1611 quovis
1948 1539 2067 1594 olli-

490 1638 636 1690 cium
662 1637 1036 1700 ambiendum,
1083 1652 1257 1691 annos
1293 1635 1435 1690 forte
1479 1635 1846 1705 prmtendens.
1892 1634 1975 1689 vel
2010 1633 2066 1688 in

493 1727 706 1797 agendo
757 1728 1063 1791 solertiam,
1095 1728 1178 1783 vel
1225 1728 1591 1792 nobilitatem,
1627 1735 1722 1781 aut
1751 1725 1907 1780 datas
1936 1740 2065 1794 pos-

492 1818 788 1884 sessiones,
842 1819 924 1874 vel
974 1821 1256 1889 pecunias.
1285 1819 1390 1875 Sed
1429 1820 1517 1874 illa
1546 1820 1689 1874 inter
1711 1834 1808 1872 vos
1833 1828 2063 1887 antepo-

492 1911 672 1965 nenda
698 1912 826 1976 erit,
855 1928 976 1981 qua:
1002 1912 1125 1967 talis
1149 1911 1334 1974 fuerit,
1361 1911 1576 1980 qualem
1601 1909 1853 1978 superior
1882 1925 2064 1964 sermo

489 2004 810 2073 descripsit;
843 2004 1092 2073 quamvis
1121 2020 1298 2074 nuper
1334 2004 1561 2058 detonsa
1593 2002 1776 2067 fuerit,
1817 2001 2068 2070 quamvis

489 2110 556 2149 ex
587 2095 796 2165 privata
829 2097 1050 2150 fortuna
1077 2095 1145 2150 ad
1177 2096 1574 2150 monasterium
1610 2092 1931 2148 accesserit.

562 2267 792 2322 Omnem
830 2267 997 2338 igitur
1042 2267 1504 2332 benevolentiam,
1555 2281 1770 2321 omnem
1805 2265 2072 2320 obedien-

495 2356 650 2421 tiam,
697 2372 860 2411 omne
897 2356 1228 2425 obsequium
1271 2357 1541 2426 praelecta
1587 2367 1778 2410 vestra:
1808 2371 2065 2410 servave-

495 2447 644 2511 ritis,
694 2457 750 2501 ut
775 2465 805 2503 a
837 2450 1075 2519 quodam
1115 2449 1428 2503 divinorum
1457 2449 1676 2504 Patrum
1701 2449 1908 2503 dictum
1939 2458 2023 2501 est
2051 2463 2065 2500 :

502 2555 523 2588 ε
557 2537 613 2593 Si
670 2540 819 2592 enim
852 2555 951 2608 pro
977 2540 1138 2594 nobis
1189 2541 1457 2594 rationem
1509 2540 1776 2594 reddituri
1805 2548 1934 2594 sunt
1971 2537 2066 2607 qui

494 2632 671 2684 nostri
703 2648 888 2686 curam
917 2641 1135 2702 gerunt,
1163 2633 1439 2702 quomodo
1462 2648 1570 2686 non
1597 2633 1822 2686 omnino
1853 2632 1919 2686 iis
1937 2631 2068 2685 sub-

495 2721 596 2774 diti
633 2721 864 2787 erimus,
895 2732 951 2776 et
984 2732 1041 2776 ut
1091 2723 1255 2792 capiti
1297 2723 1503 2792 reliqua
1555 2722 1800 2777 membra
1822 2721 2068 2791 corporis

496 2813 840 2881 obedicmus,
873 2824 930 2868 et
960 2815 1414 2879 ministrabimus,
1449 2836 1467 2868 ι
1495 2825 1555 2869 ιιι
1577 2815 1712 2870 dicit
1764 2824 1820 2870 et
1849 2816 2068 2870 divinus

493 2905 778 2976 apostolus
803 2923 816 2960 :
857 2925 874 2957 ι
899 2905 1134 2962 Obedite
1174 2908 1482 2978 praepositis
1497 2908 1694 2964 vestris
1715 2917 1768 2962 ct
1789 2907 2066 2978 subjaccte

494 2999 605 3059 o-is;
649 2994 749 3064 ipsi
783 2995 928 3049 enim
955 2996 1302 3067 pervigilant,
1334 2997 1488 3066 quasi
1523 2999 1788 3053 rationem
1814 3013 1914 3067 pro
1946 2998 2066 3052 ani-

495 3085 689 3141 mabus
727 3087 927 3141 vestris
952 3087 1219 3142 reddituri
1249 3089 1310 3139 ³⁸.
1341 3107 1361 3140 ε

561 3179 666 3232 Sed
699 3190 755 3234 et
785 3179 852 3233 ad
887 3181 1121 3234 invicem
1159 3181 1506 3246 charitatem,
1538 3196 1724 3249 pacem
1755 3188 1810 3234 et
1839 3194 2063 3234 roncnr-
2096 3197 2140 3254 ο

495 3271 644 3326 diam
703 3275 1079 3340 servaveritis,
1136 3291 1235 3344 pro
1269 3275 1394 3330 aliis
1446 3287 1638 3330 mutuo
1687 3275 2070 3338 ardentes,in-

494 3366 669 3419 vicem
695 3365 1090 3430 suﬂ‘ulcientes,
1119 3368 1500 3428 admonentes.
1540 3368 1906 3431 consolantes,
1941 3383 2066 3421 sus-

503 3456 765 3516 tinentes,
824 3456 1090 3524 quidquid
1122 3458 1274 3523 utile,
1302 3458 1568 3526 quidquid
1603 3459 1860 3522 salutare,
1891 3458 1934 3511 si
1959 3473 2067 3527 qua

497 3547 696 3610 virtus,
723 3549 765 3602 si
789 3548 1048 3618 qualaus,
1070 3549 1122 3603 id
1155 3566 1254 3619 pro
1285 3550 1495 3604 viribus
1517 3550 1732 3620 operari
1764 3551 2066 3605 studentes.

500 3638 644 3692 Dicit
679 3640 824 3694 enim
854 3641 1120 3696 Dominus
1151 3651 1338 3697 noster
1359 3642 1519 3698 Iesus
1539 3643 1791 3697 Christus
1830 3662 1842 3696 :
1885 3664 1902 3694 ι
1946 3643 2071 3697 ll:ec

501 3731 703 3784 mando
724 3731 880 3787 vobis
910 3743 968 3786 ut
992 3735 1232 3802 diligatis
1255 3735 1513 3796 invicem,
1539 3735 1683 3789 sicut
1704 3744 1759 3789 et
1783 3749 1882 3802 ego
1905 3733 2069 3787 dilexi

502 3838 600 3877 vos
631 3824 713 3887 ¹⁹;
753 3842 771 3876 ι
805 3833 898 3879 et:
931 3843 948 3874 ι
988 3825 1045 3879 1η
1084 3826 1186 3880 hoc
1205 3838 1542 3897 cognoscent
1571 3843 1762 3882 omnes
1814 3827 1960 3897 quod
1982 3827 2070 3880 di-

499 3913 696 3984 scipuli
724 3917 830 3971 mei
859 3917 1013 3984 estis,
1047 3920 1091 3973 si
1127 3917 1430 3973 dilexeritis
1458 3919 1693 3973 invicem
1730 3920 1792 3972 ’⁸.
1833 3938 1853 3972 ι

573 4091 654 4145 Tu
695 4107 934 4161 quoque,
957 4108 989 4147 ο
1019 4093 1188 4148 Mater
1223 4093 1522 4162 spiritualis
1554 4095 1697 4148 sacri
1748 4094 1912 4165 hujus
1951 4095 2069 4147 ovi-

503 4184 589 4248 iis,
619 4193 675 4237 et
703 4184 804 4238 vim
846 4185 978 4248 dux,
1027 4187 1303 4240 moderata
1337 4197 1455 4241 esto
1487 4188 1772 4243 sororibus
1804 4188 2070 4255 curatrix,

506 4285 808 4328 maternam
853 4275 988 4344 ipsis
1042 4278 1267 4330 omnino
1313 4294 1542 4334 servans
1588 4280 2070 4335 benevolentiam:

504 4365 668 4419 etiam
701 4365 754 4420 id
797 4382 1072 4434 rogamus,
1109 4383 1302 4422 omnes
1349 4381 1561 4434 curato,
1591 4372 1836 4425 omnium
1869 4372 2074 4425 sollici-

508 4455 752 4509 tudinem
814 4473 989 4528 geras,
1037 4459 1330 4522 monendo,
1392 4461 1754 4527 adhortando,
1805 4464 2072 4528 nocent-lo,

506 4548 768 4616 rogando,
787 4563 956 4617 a'gras
990 4550 1254 4612 sanando,
1278 4551 1522 4606 inlirmas
1547 4554 1924 4615 sustentando,
1950 4554 2068 4608 aui-
2108 4547 2149 4601 ί)

502 4661 593 4699 mo
613 4641 932 4697 deﬁcientes
975 4642 1330 4704 consolando,
1350 4655 1640 4712 peccantes
1668 4647 2072 4711 convertenda;

502 4746 553 4790 et
602 4744 660 4788 ut
693 4735 822 4788 dicit
871 4740 1094 4785 sanctus
1147 4734 1417 4789 Basilius:
1453 4735 1630 4804 «ipse
1685 4737 1971 4805 praefectus
2018 4746 2076 4791 ut

505 4839 660 4897 pater
704 4829 976 4898 genuinos
1011 4829 1151 4882 ﬁlios
1213 4843 1434 4891 curans,
1464 4826 1804 4898 singulorqu
1841 4830 2080 4883 necessi-

505 4926 642 4971 tates
675 4917 1011 4982 observabit,
1069 4929 1125 4973 et
1155 4934 1254 4987 pro
1303 4918 1559 4972 facultate
1602 4935 1906 4989 congruum
1943 4919 2077 4974 alie-

502 5018 590 5063 ret
640 5012 940 5064 remedium
969 5021 1024 5064 et
1050 5010 1677 5081 sollicitudinem;quod
1732 5027 1862 5068 vero
1909 5029 2076 5068 mem-

505 5100 664 5153 brum
700 5117 890 5156 revera
923 5101 1252 5166 iniirrnatnr,
1281 5103 1397 5158 sive
1419 5106 1784 5174 corporaliter
1821 5107 1936 5161 sive
1967 5109 2075 5176 spi-

507 5190 798 5255 ritualitt-r,
823 5209 948 5246 cum
979 5193 1246 5249 charitate
1274 5203 1330 5249 et
1363 5196 1642 5265 spirituali
1689 5198 2074 5256 benevolentia

505 5282 764 5352 portabit.
795 5302 814 5335 ι

1091 5483 1317 5539 CAPUT
1352 5483 1492 5539 XIII.

505 5576 584 5630 De
613 5578 873 5631 amotione
897 5575 1010 5645 ejus
1037 5591 1153 5645 quae
1202 5591 1348 5628 secus
1383 5594 1557 5698 bquam
1589 5595 1688 5648 par
1719 5589 1792 5633 est
1820 5580 2080 5650 prwfecta:

1136 5663 1325 5698 ntunus
1351 5663 1379 5698 ο
1416 5655 1476 5698 ιι.

1136 5663 1325 5699 ιιιιιιιιιε
1351 5655 1476 5700 obit.

576 5739 645 5794 Et
675 5740 792 5796 haec
823 5739 1047 5810 quidem
1082 5737 1154 5793 ita
1181 5753 1238 5792 se
1263 5737 1518 5792 habeant.
1545 5737 1674 5803 Qum
1695 5755 1830 5796 vero
1851 5743 2080 5810 posthac

2167 628 2508 697 προκρίσεως
2533 624 2683 694 παρά
2703 623 2799 692 τῆς
2823 619 3241 690 καθηγουμένης
3264 617 3578 686 γινομένης,
3635 619 3744 668 ἀπ-

2168 719 2312 771 έςτω
2340 719 2476 787 ιρις,
2513 717 2734 770 ἀπέστω
2764 712 2978 782 φθόνος,
3000 713 3222 765 ἀπέστω
3246 709 3454 777 ματαία
3488 708 3744 776 προσπα-

2169 807 2310 868 θεια.
2347 808 2441 860 καὶ
2472 809 2628 876 χάρις
2674 805 2960 873 ἀλόγιστος
2983 817 2998 831 ·
3031 801 3209 870 κρίσει
3250 801 3307 854 δέ
3333 816 3416 851 τοι
3456 798 3615 866 ὀρθῇ,
3647 797 3748 848 καὶ

2170 896 2462 966 στοχασμῷ
2494 896 2734 964 ἀκρισετ,
2772 894 2869 947 καὶ
2909 891 3161 961 ἀληθεία,
3192 889 3268 951 ὼς
3305 887 3613 957 ἑφορῶντος
3643 885 3748 938 τοῦ

2170 990 2234 1043 τά
2258 989 2435 1042 πάντα
2466 987 2756 1058 βλέποντος
2786 982 3094 1053 ὀφθαλμοῦ,
3136 981 3270 1052 παρ’
3306 981 3460 1050 ὑμῶν
3487 982 3521 1048 ή
3559 978 3746 1048 κρίσις

2167 1099 2224 1134 τε
2250 1083 2343 1134 καὶ
2367 1080 2659 1148 δοκιμασία
2691 1077 2944 1147 γινέσθω.
2993 1075 3084 1146 Μὴ
3111 1076 3402 1145 χωρήσητε
3439 1073 3620 1126 τοίνυν
3659 1073 3743 1134 εἰς

2167 1173 2440 1242 διαμάχας
2485 1171 2579 1224 καὶ
2613 1169 3114 1240 ἀμφιγνωμοσύνας
3159 1166 3586 1236 προκρίνουσαι·
3623 1164 3744 1216 ἀλλ’

2169 1263 2227 1314 ὲν
2248 1261 2699 1334 ὀμογνωμοσύνῃ,
2734 1263 2828 1315 καὶ
2865 1259 3080 1330 εἰρήνῃ,
3109 1260 3200 1311 καὶ
3232 1256 3421 1326 ἀγάπη
3457 1255 3556 1326 τὴν
3592 1253 3750 1308 ἐκλε-

2168 1353 2439 1424 λεγμένην
2467 1352 2800 1422 έκλέγοισθε.

2242 1448 2483 1518 Οὐδεμία
2529 1448 2586 1502 δὲ
2632 1448 2808 1511 ἔσται,
2843 1448 2942 1516 τῆς
2990 1446 3223 1515 ἐκλογῆς
3265 1446 3358 1498 καὶ
3399 1443 3752 1514 προκρὶσεως

2169 1540 2480 1610 γινομένης,
2525 1541 2558 1610 ή
2609 1540 2746 1610 πρὸς
2787 1540 2848 1592 τὸ
2873 1537 3288 1609 ήγουμενεύειν,
3325 1537 3356 1606 ἢ
3388 1537 3587 1606 ἑτέραν
3616 1535 3745 1590 τινὰ

2168 1631 2446 1685 διακονίαν
2477 1631 2838 1702 μετέρχεσθαι
2869 1629 3104 1694 ἀναξίως
3132 1631 3476 1696 ἑπιπηδῶσα,
3517 1630 3752 1698 χρόνους

2168 1719 2329 1789 τυχὸν
2371 1720 2810 1792 προϐαλλομένη,
2854 1721 2887 1789 ή
2934 1721 3236 1789 ἐνέργειαν,
3281 1721 3315 1792 ἢ
3372 1720 3672 1787 εὐγένειαν,
3711 1718 3748 1788 ἦ

2171 1813 2538 1884 προσαγωγὴν
2591 1813 2890 1883 κτημάτων
2940 1813 3124 1878 τινῶν,
3174 1813 3206 1882 ἢ
3245 1815 3574 1882 χρημάτων·
3628 1810 3754 1864 ἀλλ’

2169 1905 2354 1974 ὲκείνη
2378 1904 2531 1958 ἔσται
2559 1905 2903 1974 προτιμητέα
2933 1905 2992 1956 ὲν
3016 1905 3166 1973 ὑμῖν,
3192 1905 3314 1974 ητις
3352 1903 3418 1956 ἂν
3447 1903 3534 1973 εἴη
3558 1901 3752 1957 τοιαύ-

2169 2014 2259 2066 τη,
2290 1997 2410 2048 οἵαν
2445 1997 2474 2048 δ
2519 1996 2675 2064 λόγος
2715 1997 2974 2066 ἀνωτέρω
3014 1995 3300 2065 ὑπέγραψε
3325 2011 3340 2028 ο
3379 1994 3484 2048 κᾶν
3526 1997 3590 2048 ὲκ
3621 1994 3756 2048 νέου

2168 2090 2307 2159 τύχῃ
2336 2091 2706 2158 ἀποκαρείσα,
2743 2087 2844 2142 κάν
2886 2087 2946 2153 ἑξ
2987 2088 3259 2158 ἰδιωτικῆς
3301 2085 3470 2156 τύχης
3496 2089 3562 2157 τῇ
3609 2087 3749 2156 μονῇ

2169 2179 2565 2251 προσελήλυθε.

2243 2272 2434 2324 Πᾶσαν
2462 2271 2558 2325 οὖν
2591 2270 2826 2336 εὔνοιαν,
2876 2273 3056 2326 πᾶσαν
3095 2270 3397 2340 ὑποταγὴν,
3449 2271 3628 2322 πᾶσαν
3654 2268 3756 2323 εύ-

2173 2363 2418 2416 πείθειαν
2464 2366 2531 2434 τῇ
2559 2365 2844 2434 ἡγουμένῃ
2891 2363 3044 2432 ὑμῶν
3080 2361 3438 2428 ἀποσώζοιτε,
3493 2361 3754 2431 καθάπερ

2167 2456 2273 2508 τινὶ
2301 2456 2409 2507 τῶν
2442 2455 2601 2508 θείων
2628 2455 2889 2524 Πατέρων
2936 2455 3149 2525 εἴρηται
3201 2453 3414 2522 λέγοντι
3440 2471 3455 2486 ο
3490 2471 3508 2503 ι
3544 2454 3605 2505 Εἰ
3638 2452 3756 2522 γὰρ

2169 2547 2313 2617 ὑπὲρ
2346 2547 2502 2618 ήμῶν
2532 2548 2689 2615 λόγον
2713 2545 3008 2600 ἀποδοῦναι
3048 2545 3334 2616 μέλλουσιν
3362 2547 3411 2598 οἰ
3435 2548 3465 2615 ή
3477 2544 3593 2613 μῶν
3625 2545 3756 2596 έπι-

2171 2638 2484 2708 μελόμενοι,
2521 2638 2635 2700 πῶς
2666 2638 2789 2708 ούχί
2825 2638 2966 2690 κατά
2996 2637 3174 2692 πάντα
3213 2636 3428 2698 τούτοις
3467 2638 3757 2704 ὑποταγη-

2171 2732 2402 2803 σόμεθα,
2430 2733 2524 2786 καὶ
2549 2733 2627 2796 ὡς
2654 2733 2865 2803 κεφαλῇ
2889 2732 2958 2786 τὰ
2987 2733 3150 2786 λοιπά
3191 2733 3331 2803 μέρη
3367 2732 3462 2784 τοῦ
3497 2732 3755 2800 σώματος

2171 2821 2559 2892 ύπακούσομέν
2609 2839 2668 2875 τε
2719 2825 2812 2875 καὶ
2853 2823 3372 2893 ὲξυπηρετήσομενς
3401 2820 3584 2880 καθώς
3615 2837 3756 2888 φησι

2171 2912 2264 2963 καὶ
2295 2913 2322 2964 ὁ
2362 2911 2505 2974 Θεῖος
2548 2911 2846 2975 ἀπόστολος
2870 2928 2883 2941 ·
2930 2929 2949 2962 ι
2986 2909 3248 2964 Πείθεσθε
3279 2915 3391 2972 τοίς
3422 2911 3753 2981 ἡγουμένοις

2169 3001 2344 3070 ὑμῶν.
2383 3003 2476 3055 καὶ
2503 3002 2758 3054 ὑπείκετε
2781 3019 2794 3030 ο
2856 3002 3014 3056 αὐτοὶ
3053 3002 3162 3070 γάρ
3192 3001 3568 3072 ἀγρυπνοῦσιν
3605 3001 3758 3072 ὑπὲρ

2169 3093 2280 3144 τῶν
2299 3092 2486 3162 ψυχῶν
2523 3093 2551 3146 ύ
2562 3092 2703 3162 μῶν,
2731 3091 2806 3154 ὡς
2829 3093 2987 3159 λόγον
3018 3091 3415 3156 ἀποδώσοντες.
3453 3112 3474 3145 ε

2259 3185 2422 3239 Ἀλλὰ
2452 3186 2546 3238 καὶ
2583 3185 2716 3254 πρὸς
2766 3183 3005 3255 ἀλλήλας
3037 3185 3294 3252 ἀγάπην,
3331 3186 3579 3256 εἰρήνην,
3624 3186 3758 3256 ὀμό-

2178 3291 2327 3328 νοιαν
2362 3275 2724 3342 φυλάττουσαι
2753 3275 2900 3345 είητέ
2935 3291 3045 3343 μοι,
3098 3274 3348 3344 ἀλλήλων
3377 3277 3757 3346 ὑπερκαιόμε-

2176 3385 2288 3428 ναι,
2348 3367 2584 3436 ἀλλήλας
2637 3368 3123 3436 ύποστηρίζουσαι,
3177 3368 3545 3431 νουθετοῦσαι,
3584 3387 3761 3440 παρα-

2179 3456 2467 3521 καλοῦσαι,
2503 3458 2860 3528 ἀνεχόμεναι·
2896 3459 3004 3510 πᾶν
3031 3457 3086 3510 εἰ
3113 3475 3166 3510 τι
3191 3460 3451 3530 χρηστὸν,
3485 3461 3539 3511 εἴ
3570 3477 3623 3514 τι
3659 3478 3762 3515 σω-

2177 3553 2383 3622 τήριον,
2418 3552 2473 3605 εί
2495 3568 2578 3614 τις
2608 3551 2804 3622 ἀρετὴ,
2835 3552 2929 3602 καὶ
2957 3551 3009 3603 εἰ
3030 3568 3112 3612 τις
3137 3549 3379 3613 ιπαινος.
3427 3550 3758 3604 σπεύδουσαι

2177 3645 2256 3704 εἰς
2277 3641 2507 3710 δύναμιν
2541 3640 2842 3710 κατορθοῦν
2859 3654 2872 3667 ·
2909 3640 3046 3709 φησί
3074 3640 3182 3710 γὰρ
3203 3639 3297 3692 καὶ
3323 3641 3352 3692 ὁ
3373 3638 3576 3710 Κύριος
3598 3640 3760 3709 ήμῶν

2192 3733 2394 3802 Ἰησοῦς
2422 3733 2657 3800 Χριστός
2685 3749 2697 3761 ο
2730 3750 2748 3782 ι
2771 3730 2957 3784 Ταῦτα
2987 3731 3302 3799 ἐντέλλομαι
3324 3730 3473 3799 ὑμῖν,
3511 3730 3596 3783 ἵνα
3628 3733 3761 3799 ἀγα-

2179 3827 2319 3878 πᾶτε
2353 3824 2641 3892 ἀλλήλους,
2675 3822 2858 3886 καθὼς
2887 3821 3042 3890 κάγὼ
3068 3823 3210 3890 ὑμᾶς
3237 3822 3504 3890 ⁴ηγὰπησα
3529 3838 3543 3853 ·
3582 3841 3600 3874 ι
3640 3825 3758 3886 καὶ,

2186 3933 2203 3966 ι
2254 3915 2341 3967 Ἑν
2388 3915 2562 3982 τούτῳ
2599 3911 2900 3980 γνώσονται
2959 3912 3158 3973 πάντες
3214 3911 3297 3964 ὅτι
3342 3911 3468 3981 ἐμοὶ
3517 3911 3764 3980 μαθηταί.

2180 4008 2322 4068 ἐστε,
2345 4005 2442 4059 ἐὰν
2465 4005 2716 4071 ἀγαπᾶτε
2751 4003 3038 4072 ἀλλήλους.
3077 4021 3094 4054 ι

2252 4099 2363 4152 Καὶ
2393 4099 2458 4150 σὺ
2489 4098 2566 4162 δὲ,
2595 4091 2640 4148 ὦ
2672 4096 2844 4165 μῆτερ
2874 4093 3222 4162 πνευματικὴ
3246 4093 3341 4162 τῆς
3376 4094 3528 4164 ἱερᾶς
3553 4094 3762 4164 ταύτης

2183 4191 2438 4262 ποίμνης,
2472 4189 2564 4241 καὶ
2597 4187 2782 4255 ὁδηγὲ,
2815 4185 3012 4255 μετρία
3043 4184 3133 4236 ἔσο
3165 4186 3283 4246 ταῖς
3307 4183 3567 4253 ἀδελφαῖς
3598 4184 3761 4253 κηδε.

2185 4283 2402 4352 μονικὴ.
2452 4280 2545 4333 καὶ
2592 4279 2655 4331 τὸ
2688 4278 2809 4331 ὅλον
2858 4277 3131 4347 μητρικήν
3162 4277 3355 4338 αὑταῖς
3400 4275 3762 4340 ἀποσώζουσα

2181 4375 2277 4445 τήν
2301 4373 2532 4425 εύνοεαν.
2573 4371 2680 4423 Ναὶ
2713 4366 3165 4438 παρακαλοῦμεν,
3201 4366 3391 4419 πασῶν
3443 4368 3630 4434 κήδου,
3664 4371 3763 4419 καὶ

2184 4467 2373 4520 πασῶν
2400 4463 2650 4532 ἀντέχου,
2678 4459 3028 4524 νουθετοῦσα,
3079 4457 3446 4529 παραινοῦσα,
3473 4458 3760 4512 διδάσκου-

2181 4575 2270 4623 σα,
2308 4553 2721 4626 παρακαλοῦσα,
2757 4552 3022 4615 νοσούσας
3069 4549 3394 4620 ύγιάζουσα,
3425 4551 3763 4614 ἀσθενούσας

2179 4645 2620 4716 ύποστηρίζουσα
2649 4685 2664 4710 ,
2730 4641 3161 4712 ὀλιγοψυχούσας
3231 4641 3712 4712 παραμυθουμένη
3747 4683 3762 4703 ,

2179 4737 2600 4811 ἁμαρτανούσας
2658 4735 3097 4804 ἐπιστρέφουσαν
3157 4736 3254 4787 καὶ
3302 4735 3487 4796 καθώς
3535 4750 3701 4802 φησιν
3736 4735 3765 4785 ὁ

2180 4832 2334 4900 ᾶγιος
2363 4830 2642 4891 Βασίλειος
2671 4828 2844 4896 λέγων
2867 4841 2880 4856 ⁸
2916 4845 2935 4877 ι
2972 4825 3144 4890 Δύτδς
3176 4827 3204 4878 ὁ
3229 4825 3659 4894 καθηγούμενος,
3688 4825 3766 4888 ὡς

2182 4922 2365 4992 πατὴρ
2399 4920 2602 4972 παίδων
2643 4918 2884 4986 γνησίων
2933 4918 3352 4987 ἐπιμελόμενος.
3407 4917 3766 4984 ἐπισκέψεται

2185 5013 2282 5083 τὴν
2311 5010 2430 5064 καθ’
2462 5011 2579 5072 ἑνὸς
2628 5010 2860 5062 ἑκάστου
2903 5008 3115 5079 χρείαν,
3147 5008 3243 5062 καὶ
3275 5009 3376 5078 τήν
3415 5008 3768 5078 ἁρμόζουσαν

2186 5103 2390 5167 εἰσάξει
2417 5103 2556 5156 κατά
2589 5102 2650 5155 τὸ
2670 5101 2894 5155 δυνατὸν
2925 5101 3246 5171 θεραπείαν,
3278 5101 3372 5152 καὶ
3424 5100 3766 5169 ἐπιμέλειαν,

2187 5197 2280 5250 καὶ
2311 5197 2370 5248 τὸ
2421 5196 2540 5249 κατ’
2573 5195 2830 5264 ἀλήθειαν
2865 5193 3128 5247 ἀσθενοῦν
3169 5193 3350 5260 μέλος,
3383 5193 3492 5243 εῐτε
3525 5207 3769 5259 σωματι-

2189 5289 2322 5351 κῶς,
2347 5288 2454 5340 εἴτε
2484 5287 2754 5357 ψυχικῶς,
2791 5285 2930 5356 μετά
2962 5285 3184 5354 ἀγάπης
3208 5286 3304 5336 καὶ
3332 5284 3434 5354 τῆς
3467 5299 3768 5352 πνευματι-

2190 5380 2291 5450 κῆς
2321 5379 2532 5442 εὐνοίας
2559 5377 2932 5432 διαϐαστάσει.
2969 5393 2988 5426 ι

2769 5487 3020 5541 ΚΕΦΑΛ.
3063 5487 3161 5540 ll".

2187 5585 2322 5653 Περὶ
2334 5582 2780 5653 μετακινήσεως
2797 5597 2825 5632 τ
2837 5578 2998 5648 ἦςμὶι
3012 5580 3090 5646 ὡς
3109 5578 3198 5632 δεῖ
3218 5576 3766 5647 ήγουμενευούσης.

2257 5743 2364 5799 Καὶ
2407 5741 2580 5798 ταῦτα
2627 5739 2726 5812 μὲν
2753 5736 2949 5803 οὕτως.
2987 5737 3067 5793 Τά
3115 5736 3171 5792 δὲ
3201 5735 3328 5808 ἑξῆς
3361 5735 3597 5808 ῥηθῆναι
3628 5734 3768 5808 μὲλ-

582 5862 624 5894 ¹⁸
655 5861 821 5918 llebr.
861 5878 975 5929 vnn,
1000 5862 1085 5918 17.
1167 5864 1208 5896 ¹⁹
1239 5864 1394 5922 Joan.
1424 5879 1551 5930 xvr,
1589 5864 1670 5920 15.
1755 5866 1798 5897 ¹⁰
1833 5866 1988 5924 Joa’n.
2028 5885 2146 5936 xt't,
2178 5869 2267 5925 55.
