4064 6444
263 390 401 457 1025

1702 391 2064 455 TYPlCUM.
2170 394 2177 399 ’

3371 373 3507 468 i026

257 505 418 558 λοντα
475 503 602 574 περὶ
631 501 731 571 τῆς
781 501 922 572 μετά
970 501 1068 573 τὴν
1104 501 1261 574 ἡμῶν
1303 503 1627 576 παρέλευσιν
1667 505 1833 576 ἡγου-

1937 504 2168 560 dicenda
2196 514 2344 573 sunt,
2363 504 2433 561 de
2460 520 2523 561 ca
2556 523 2678 578 quae
2704 519 2826 578 post
2856 510 3067 565 obitum
3092 506 3340 569 nostrum
3370 531 3513 587 pra:-

261 593 610 665 μενευούσης,
649 593 744 645 καὶ
769 593 876 646 τῶν
916 594 1033 663 μετ’
1058 593 1275 664 ἐκείνην
1306 596 1819 665 ἡγουμενευουσῶν,

255 686 354 738 οὒκ
375 685 675 754 ἐὸουλόμην
699 685 884 755 γραφῇ
919 683 1256 754 παραδοῦναι
1280 701 1293 715 ⁸
1320 685 1441 740 οὐδὲ
1472 688 1581 759 γὰρ
1600 686 1709 740 ἔδει
1730 687 1831 756 τὴν

253 776 399 843 ἅπαξ
430 778 509 841 είς
536 775 696 829 τοῦτο
741 776 1101 846 κεκριμένην,
1147 776 1247 844 τῆς
1291 777 1550 848 τοιαύτης
1585 778 1832 841 στᾶσεώς

253 886 312 922 τε
342 869 436 922 καὶ
466 867 675 934 τάξεως
699 867 978 938 meum.
1010 867 1152 921 Ἀλλ’
1178 864 1248 940 ἦν
1275 869 1375 939 μὲν
1392 870 1623 941 ἀρεστὸν
1646 869 1829 936 τοῦτο,

252 963 346 1014 καὶ
375 959 721 1024 ἀποδεκτέον,
779 959 939 1029 εἴπερ
996 960 1031 1029 ἡ
1063 959 1226 1027 φύσις
1270 961 1431 1031 ἡμῶν
1467 962 1736 1032 ἅτρεπτός
1770 980 1828 1016 τε

251 1054 346 1107 καὶ
375 1051 732 1115 ἀναλλοίωτος
772 1047 840 1122 ἦν
864 1066 879 1080 °
916 1053 1038 1105 ἐπεὶ
1067 1053 1122 1105 δὲ
1151 1052 1310 1106 τοῦτο
1334 1053 1436 1106 οὐκ
1464 1052 1582 1107 ἔστι
1605 1055 1828 1125 (τρεπό-

252 1142 393 1213 μεθα
421 1143 528 1214 γάρ
555 1141 711 1205 αὖθις
735 1182 750 1207 ,
790 1143 885 1195 καὶ
909 1142 1288 1213 ἀλλοιούμεθα,
1325 1139 1417 1198 οἷα
1454 1144 1522 1198 τὰ
1551 1144 1829 1215 ἀνθρώπι-

250 1252 340 1297 να,
367 1236 461 1289 καὶ
490 1235 658 1305 τιμῆς
685 1232 1017 1305 ἀξιούμενοι,
1054 1238 1189 1307 πρὸς
1209 1238 1307 1307 τὴν
1328 1237 1438 1291 τῶν
1463 1238 1645 1293 καλῶν
1669 1242 1829 1311 ἐργα-

252 1327 376 1382 σίαν
407 1328 605 1397 μᾶλλον
628 1327 997 1398 χαυνούμεθα,
1025 1327 1266 1399 ῥᾳθυμίᾳ
1288 1327 1524 1393 εἴκοντες
1549 1331 1617 1385 τὲ
1638 1331 1824 1396 πολλὰ,

250 1419 327 1482 ὡς
357 1418 616 1488 φιλούσης
646 1419 745 1488 τῆς
775 1419 951 1489 ἀρχῆς
977 1420 1104 1483 τοὺς
1150 1423 1229 1485 είς
1265 1420 1434 1491 αὐτὴν
1485 1423 1829 1492 ἀνηγμένους

248 1510 611 1580 ὑποχαυνοῦν,
625 1510 783 1563 ὁπότε
806 1510 976 1564 πλείω
992 1510 1083 1564 τὸν
1102 1511 1288 1581 ἀγῶνα
1306 1514 1401 1565 καὶ
1427 1513 1528 1584 τὴν
1553 1515 1830 1585 προσοχὴν

246 1600 654 1655 ἐπιδείκνυσθαι
692 1599 856 1671 ἔδει),
897 1599 987 1653 διά
1014 1600 1189 1654 ταῦτα
1240 1602 1337 1654 καὶ
1364 1606 1550 1674 γραφῇ
1588 1606 1830 1676 παραδο.

241 1695 367 1747 τέον
410 1693 469 1745 τὸ
502 1692 756 1763 πρᾶγμα,
789 1691 883 1745 καὶ
918 1691 1212 1746 κολαστέον
1240 1695 1321 1757 είς
1365 1695 1616 1766 δύναμιν.

316 1785 379 1836 El
414 1783 515 1853 μὲν
541 1779 633 1837 οὖν
683 1783 953 1854 ἄτρεπτος
1005 1784 1155 1851 μένοι
1186 1787 1218 1848 ἡ
1266 1784 1677 1860 καθηγουμένη,
1729 1789 1827 1862 τῆς

239 1875 442 1945 ἀρετῆς
474 1873 734 1934 ἐπιεικῶς
773 1875 1134 1945 ἀντεχομένη,
1158 1874 1225 1928 δι’
1253 1877 1319 1947 ἦν
1344 1876 1673 1949 καΥταύτης
1702 1878 1822 1949 ἠξιο

240 1967 358 2035 ὡθη
392 1968 490 2036 τῆς
514 1965 744 2030 τάξεως,
771 1965 1170 2039 ἀμετακίνητος
1195 1966 1351 2021 ἔσται
1375 1969 1473 2038 τῆς
1493 1970 1665 2039 ἀρχῆς
1693 1970 1821 2024 ταύ-

239 2075 343 2129 της
368 2057 460 2110 καὶ
494 2058 865 2122 ἀδιάπτωτος’
895 2060 944 2111 εί
970 2058 1025 2113 δὲ
1052 2059 1316 2130 ἀδόκιμόν
1339 2077 1398 2115 τε
1449 2061 1542 2114 καὶ
1577 2062 1827 2133 ἀσύμφο-

243 2165 338 2218 ρον
372 2151 402 2201 ὁ
439 2149 631 2219 χρόνος
670 2149 844 2218 αὐτὴν
871 2150 1186 2219 ἀπελέγξει,
1239 2152 1337 2216 ὡς,
1389 2154 1502 2207 εἴτε
1557 2155 1658 2224 τῆς
1688 2172 1827 2227 προ-

241 2240 471 2306 στασίας
501 2241 610 2295 τῶν
634 2242 880 2310 ἀδελφῶν
901 2242 1120 2313 ἀμελῶν
1136 2260 1196 2298 τε
1217 2245 1313 2298 καὶ
1335 2247 1827 2318 καταφρονητικῶς

239 2336 534 2404 ἐχομένην,
561 2334 671 2389 είτε
702 2337 814 2398 τοῖς
860 2335 1061 2407 ἑαυτῆς
1109 2336 1400 2406 συγγενέσι
1434 2339 1824 2409 χαριζομένην,

239 2426 357 2478 εἴτε
407 2442 462 2479 τι
509 2426 619 2479 τῶν
646 2426 745 2495 τῆς
781 2427 970 2497 μονῆς,
1029 2426 1270 2500 ἢαύτὴν
1321 2430 1740 2500 νοσφιζομένην,
1789 2430 1824 2502 ἢ

243 2516 421 2589 ἑτέρῳ
447 2518 553 2572 τινὶ
577 2518 924 2571 ὑποτιθεῖσαν
953 2520 1048 2572 κα)⁸
1071 2518 1598 2591 καταπρώιδοῦσαν,
1628 2520 1740 2574 εἴτε
1772 2538 1828 2576 τι

238 2610 355 2663 τῶν
384 2607 478 2662 τοῦ
499 2608 732 2662 τυπικοῦ
764 2607 1153 2678 διαταγμάτων
1179 2606 1645 2682 παραθραύουσαν
1668 2613 1825 2677 ὅλως,

240 2719 343 2755 και
366 2703 475 2766 τοῖς
507 2700 709 2771 ἑαυτῆς
737 2700 1061 2773 στοιχοῦσαν
1093 2701 1384 2771 θελήμασι,
1410 2704 1506 2757 καὶ
1535 2703 1624 2757 δῖά
1653 2704 1828 2759 ταῦτα

243 2789 390 2861 πρὸς
419 2788 748 2860 κυὸέρνησιν
774 2788 960 2861 ψυχῶν
990 2792 1368 2863 ἀνεπιτήδειον
1415 2793 1786 2867 ἐλεγχομένην
1811 2811 1826 2825 ·

242 2883 296 2936 εἰ
331 2879 434 2952 μὲν
465 2880 636 2942 οὕτως
660 2881 847 2947 κακῶς
891 2880 1042 2946 ζῶσα
1067 2884 1267 2954 ἑαυτῆς
1300 2901 1431 2939 ποτε
1465 2885 1699 2954 γένοιτο,
1733 2887 1828 2940 καὶ

241 2972 357 3027 τῶν
388 2971 574 3026 κακῶν
605 2972 919 3043 ἀπόσχοιτο,
961 2975 1062 3044 τῆς
1095 2992 1154 3027 τε
1181 2974 1318 3045 πρὸς
1351 2975 1422 3030 τὰ
1454 2977 1689 3047 κρείττω
1738 2979 1830 3032 καὶ

243 3065 573 3134 σωτηριώδη
596 3065 870 3135 φερούσης
898 3064 1145 3119 ἅπτοιτο·
1162 3065 1324 3132 ἔστω,
1355 3067 1449 3121 καὶ
1473 3068 1824 3139 ήγουμενευὲο

240 3173 345 3210 τω.
378 3155 440 3210 Et
462 3156 518 3209 δὲ
545 3156 682 3226 αὐτὴ
709 3155 861 3226 μένοι
892 3158 967 3226 μὴ
995 3157 1104 3210 τῶν
1136 3158 1322 3213 κακῶν
1369 3158 1750 3229 ἀποσχομένη,
1777 3160 1826 3212 εἰ
1857 3192 1900 3249 c

246 3249 329 3320 μὴ
358 3248 454 3302 καὶ
484 3248 690 3318 μᾶλλον
729 3249 914 3313 αὐτοῖς
963 3250 1398 3321 έπεκτεινομένη
1422 3265 1436 3280 ’
1474 3251 1691 3321 ἐκείνην
1731 3252 1830 3320 μὲν

242 3341 348 3413 τὴν
378 3339 637 3411 ἀδόκιμον
686 3337 1079 3407 μετατίθεσθαι
1131 3339 1232 3411 τῆς
1278 3340 1621 3412 προστασίας
1657 3343 1832 3412 ὑμῶν,

234 3432 407 3507 ’παρά
465 3435 566 3505 τῆς
629 3434 796 3506 μονῆς
853 3431 1396 3505 ἀντιλαμϐανομένης
1460 3435 1833 3508 διοριζόμεθα,

240 3525 486 3596 ἐκλογὴν
519 3526 574 3579 δὲ
602 3525 785 3590 πάλιν,
835 3525 931 3577 καὶ⁵
978 3525 1158 3595 ψῆφον
1199 3526 1394 3598 ἑτέραν
1427 3527 1696 3596 γίνεσθαι,
1741 3529 1838 3581 καὶ

247 3618 600 3692 προχειρισιν
659 3616 854 3686 ἑτέρας
904 3615 1241 3688 ἡγουμένης,
1287 3618 1431 3672 κατά
1461 3618 1530 3674 τὰ
1576 3617 1836 3690 ἀνωτέρω

245 3712 677 3782 διατεταγμένα.

333 3800 403 3855 Ἡ
434 3802 492 3856 δὲ
543 3803 917 3876 ἀποϐληθεῖσα
945 3805 1045 3875 τῆς
1093 3802 1480 3874 ἡγουμενείας,
1515 3803 1564 3856 εί
1596 3802 1698 3874 μὲν
1747 3802 1835 3857 διὰ

246 3894 457 3967 γῆρας,
503 3895 538 3965 ἢ
583 3895 680 3949 καὶ
713 3897 975 3965 ἀφέλειαν
1031 3895 1237 3967 ταύτης
1288 3895 1702 3968 μετακινηθείη,
1740 3897 1836 3951 καὶ

251 3987 504 4058 βούλοιτο
534 3983 689 4052 αὖθις
714 3988 1006 4058 καθῆσθαι,
1043 3992 1140 4044 καὶ
1159 3989 1563 4061 προσμένεινέν
1583 3991 1650 4061 τῇ
1674 3991 1834 4060 μονῇ,

245 4078 337 4143 ὡς·
371 4078 471 4147 μία
494 4079 601 4132 τῶν
636 4080 903 4148 ἀδελφῶν,
934 4080 1026 4134 καὶ
1052 4082 1119 4151 τῇ
1154 4080 1479 4151 προεστώση
1512 4078 1598 4149 ἐφ’
1631 4078 1836 4133 ἅπασιν

249 4169 689 4238 ὑποτάσσεσθαι,
726 4170 800 4243 μὴ
831 4172 974 4226 κατά
1003 4187 1056 4225 τι
1087 4170 1463 4244 λυμαινομένη
1503 4172 1567 4242 τῇ
1602 4170 1701 4240 τῆς
1737 4186 1835 4240 μου

246 4269 356 4337 νῆς
409 4267 657 4339 εὐταξίᾳ,
715 4268 857 4338 μηδὲ
912 4267 1280 4340 ταράττουσα,
1332 4264 1366 4339 ἦ
1426 4265 1834 4338 ταραττομένη,

254 4362 411 4415 ἔστω
459 4363 553 4413 καὶ
580 4360 751 4424 οὕτως
779 4363 838 4414 ὲν
864 4360 1025 4433 αὐτῇ.
1069 4361 1136 4415 'H
1173 4361 1231 4415 δὲ
1259 4361 1334 4424 ὡς
1367 4361 1504 4431 πρὸς
1528 4359 1707 4431 λύμην
1738 4360 1837 4429 τῆς

257 4453 437 4524 μονῆς
466 4452 778 4517 συστάσεως
813 4453 1098 4522 γεγονέναι
1140 4455 1535 4522 καταφανεῖσα,
1589 4453 1686 4506 καὶ
1738 4451 1838 4520 τῆς

1933 595 2075 651 lecta
2110 596 2239 658 erit,
2263 612 2478 652 necnon
2511 598 2580 654 de
2606 599 2675 653 iis
2702 615 2826 669 qua:
2860 601 2964 670 ipsi
2987 603 3306 668 succedent,
3350 607 3506 663 nole-

1930 685 2059 741 bam
2086 686 2292 757 scripto
2318 687 2533 743 tradere
2560 705 2774 760 :neque
2795 692 2943 746 enim
2968 693 3222 758 decebat,
3246 697 3413 751 semel
3439 698 3506 751 ad

1934 777 2040 833 hoc
2061 793 2263 834 munus
2278 780 2531 845 eiectam,
2556 780 2626 835 ab
2644 781 2747 835 hoc
2763 791 2908 836 statu
2932 791 2990 838 et
3010 783 3206 837 ordine
3225 800 3505 841 amovere.

1933 864 2039 920 Sed
2085 866 2223 922 illud
2262 865 2486 936 quidem
2523 878 2740 938 gratum
2786 880 2843 924 et
2885 872 3326 939 amplectendam
3368 874 3509 930 fuis-

1932 965 2037 1022 set,
2087 957 2132 1013 si
2185 967 2385 1013 natura
2440 968 2633 1013 nostra
2686 961 3050 1017 immutabilis
3108 974 3165 1018 et
3208 966 3507 1022 immobilis

1932 1057 2080 1102 esset
2114 1066 2128 1103 :
2161 1064 2285 1104 cum
2327 1065 2460 1106 vero
2491 1052 2543 1105 id
2571 1066 2683 1107 non
2711 1063 2797 1107 est
2824 1054 3116 1123 (vertimur
3143 1057 3289 1110 enim
3323 1059 3508 1114 denuo

1933 1147 1990 1192 et
2017 1139 2398 1207 immutamur,
2431 1152 2493 1198 ut
2521 1144 2703 1198 solent
2732 1144 3009 1211 humana;
3043 1154 3099 1200 ct
3140 1162 3263 1201 cum
3300 1148 3506 1203 honore

1932 1226 2199 1284 atlieimur
2222 1230 2291 1285 ad
2321 1231 2463 1288 bona
2502 1247 2669 1302 Opera
2698 1233 2978 1290 molliores
3002 1236 3306 1302 evadimus,
3329 1239 3510 1309 segni-

1935 1319 2028 1374 tiei
2070 1329 2130 1375 ut
2159 1322 2458 1391 plurimum
2504 1324 2765 1380 cedentes
2796 1342 2811 1380 :
2841 1327 2983 1382 solet
3008 1328 3213 1397 quippe
3258 1329 3509 1385 domina-

1935 1417 2023 1464 tus
2052 1413 2332 1482 segniores
2364 1411 2581 1469 efﬁcere
2607 1416 2704 1485 qui
2755 1417 2823 1471 ad
2855 1418 3008 1472 illum
3051 1419 3388 1483 evehuntur,
3414 1421 3506 1475 ubi

1932 1502 2055 1571 plus
2075 1503 2394 1559 certaminis
2407 1516 2465 1559 et
2485 1506 2806 1562 attentionis
2819 1508 3082 1564 exhibere
3104 1524 3244 1580 Opus
3267 1511 3507 1581 fuisset),

1934 1595 2140 1651 idcirco
2168 1608 2224 1651 et
2263 1611 2351 1652 res
2381 1604 2467 1654 est
2509 1597 2717 1667 scripto
2765 1599 3051 1665 tradenda,
3078 1609 3135 1655 et
3163 1615 3265 1671 pro
3297 1602 3509 1657 viribus

1931 1687 2275 1758 corrigenda.

2006 1778 2062 1835 Si
2092 1779 2278 1850 itaque
2299 1779 2556 1850 praelecta
2582 1795 2695 1835 non
2718 1788 2983 1847 mutetur,
3007 1789 3064 1836 et
3085 1780 3305 1847 virtuti,
3325 1794 3382 1837 ut
3411 1800 3510 1852 par

1932 1879 2042 1937 est,
2074 1871 2372 1936 adhaereat,
2396 1874 2557 1945 cujus
2581 1873 2755 1944 gratia
2792 1874 2883 1929 tali
2936 1875 3108 1946 gradu
3141 1873 3343 1931 donata
3387 1887 3512 1944 est,

1933 1964 2004 2018 ab
2059 1964 2164 2019 hac
2229 1964 2553 2034 praefectura
2610 1981 2958 2037 nequaquam
3009 1966 3375 2033 amovcbitur,
3424 1974 3510 2025 vel

1932 2055 2169 2117 excidet.
2193 2055 2252 2111 Si
2280 2071 2410 2112 vero
2456 2057 2764 2127 improbam
2793 2068 2849 2113 et
2877 2059 3200 2116 damnosam
3233 2075 3354 2115 eam
3389 2075 3510 2115 esse

1934 2153 2150 2217 tempus
2181 2149 2443 2218 arguerit,
2468 2150 2585 2204 sive
2610 2164 2757 2204 cura:
2787 2165 3040 2204 sororum
3070 2151 3411 2221 negligenter
3454 2160 3513 2205 et

1935 2254 2063 2295 cum
2096 2249 2420 2310 contemptu
2452 2256 2679 2310 operam
2712 2241 2951 2307 dederit,
2977 2243 3092 2298 sive
3122 2242 3370 2314 cognatis
3398 2244 3514 2298 suis

1933 2330 2239 2402 gratiﬁcata
2264 2330 2453 2397 fuerit,
2479 2333 2565 2387 vel
2598 2333 2808 2403 aliquid
2835 2335 3159 2390 monasterii
3189 2333 3296 2389 sibi
3326 2333 3510 2388 vindi-

1934 2425 2171 2485 caverit,
2196 2425 2284 2479 vel
2313 2424 2405 2480 alii
2458 2425 2698 2495 cuipiam
2730 2424 3056 2481 subduxerit
3101 2435 3159 2481 et
3189 2425 3511 2488 tradiderit;

1933 2514 2050 2570 sive
2079 2516 2449 2586 quodcunque
2471 2516 2636 2585 hujus
2656 2516 2819 2586 typici
2844 2528 3174 2587 praeceptum
3199 2516 3512 2579 violaverit,

1934 2616 1989 2661 et
2021 2607 2090 2662 ad
2122 2622 2280 2662 suam
2315 2608 2654 2665 voluntatem
2687 2609 3002 2673 incesserit,
3029 2624 3096 2663 ac
3118 2617 3410 2678 propterea
3442 2609 3513 2662 ad

1934 2697 2385 2767 gubernationem
2416 2701 2723 2754 animarum
2771 2716 2893 2755 non
2933 2701 3132 2756 idonea
3185 2701 3512 2762 evineatur;

1933 2787 1982 2841 si
2013 2788 2234 2857 quidem
2261 2791 2343 2865 sic
2371 2790 2621 2860 improbe
2640 2791 2835 2847 vivens
2865 2792 2934 2847 ad
2985 2808 3047 2848 se
3081 2788 3380 2861 aliquando
3429 2804 3515 2843 rc-

1935 2880 2082 2943 deat,
2113 2887 2170 2933 et
2200 2896 2231 2934 a
2262 2881 2421 2936 malis
2469 2882 2787 2947 abstineat,
2837 2884 3050 2953 viaeque
3079 2882 3147 2937 ad
3184 2881 3416 2936 meliora
3459 2891 3517 2935 et

1934 2971 2197 3025 salutaria
2237 2972 2436 3028 ferenti
2485 2972 2707 3029 insistat
2737 2990 2753 3028 :
2782 2983 2925 3039 esto,
2951 2974 3333 3045 praefecturam
3384 2973 3516 3027 reti-

1936 3071 2083 3117 neat.
2108 3062 2164 3118 Si
2201 3078 2331 3118 vero
2359 3064 2551 3119 eadem
2578 3072 2820 3130 t‘uaneat,
2845 3080 2949 3121 nec
2974 3079 3005 3118 a
3032 3064 3190 3119 malis
3217 3063 3513 3126 abstineat,
3561 3087 3574 3101 -

1938 3151 2046 3205 imo
2075 3152 2379 3222 impensius
2413 3153 2485 3209 iis
2513 3153 2815 3220 incumbat,
2854 3153 3153 3207 statuimus
3192 3152 3341 3207 illam
3386 3167 3516 3221 qui-

1937 3240 2062 3296 dem
2120 3242 2429 3312 improbam
2476 3244 2720 3299 amoveri
2750 3259 2782 3298 a
2812 3244 3134 3314 praefectura
3187 3251 3369 3315 vestra
3420 3258 3517 3312 per

1936 3334 2255 3389 monasterii
2298 3343 2611 3405 patronam,
2658 3344 2718 3392 et
2766 3351 2959 3391 rursus
3015 3335 3136 3391 ﬁeri
3190 3334 3517 3391 electionem

1933 3425 2192 3495 aliudque
2226 3427 2551 3498 sun‘ragium
2578 3437 2636 3484 et
2674 3428 3084 3487 ordinationem
3115 3428 3346 3483 alterius
3373 3443 3516 3497 pne-

1932 3516 2110 3584 l'ectw,
2128 3518 2285 3590 juxta
2316 3533 2382 3575 ea
2413 3533 2536 3591 quae
2563 3519 2821 3591 superius
2849 3518 3060 3576 sancita
3082 3528 3235 3575 sunt.

2007 3809 2140 3878 Quae
2162 3824 2292 3866 vero
2321 3824 2352 3865 a
2378 3809 2706 3878 praefectura
2734 3812 2911 3883 ejecta
2938 3822 3044 3877 est,
3066 3814 3113 3868 si
3141 3816 3365 3885 quidem
3391 3835 3520 3890 pro-

1937 3910 2058 3972 pter
2120 3910 2465 3958 senectutem
2522 3911 2580 3957 et
2640 3903 2812 3957 animi
2870 3903 3306 3964 imbecillitatem
3336 3920 3519 3967 amota

1937 3996 2126 4063 fuerit,
2178 4002 2237 4051 et
2279 3995 2516 4050 voluerit
2562 4010 2758 4051 rursus
2819 3995 3065 4053 residere
3093 4006 3152 4054 et
3189 4015 3519 4069 permanere

1937 4090 1996 4144 in
2027 4088 2383 4151 monasterio,
2424 4095 2486 4141 ut
2529 4102 2637 4149 una
2665 4102 2697 4141 e
2727 4087 3038 4152 sororibus,
3086 4101 3144 4145 et
3175 4090 3232 4144 in
3258 4094 3517 4149 omnibus

1939 4179 2207 4252 praefectus
2230 4180 2451 4252 subjici,
2476 4178 2615 4234 nihil
2645 4180 2908 4249 perniciei
2940 4180 3182 4237 aﬂerens
3209 4182 3357 4238 bono
3406 4199 3547 4239 mo-.

1940 4272 2168 4328 nasterii
2199 4271 2403 4333 ordini,
2443 4287 2624 4341 neque
2659 4274 2850 4326 turbas
2903 4287 3152 4338 movens,
3176 4289 3357 4345 neque
3389 4291 3520 4345 per-

1938 4366 2178 4432 turbata,
2202 4367 2286 4422 sic
2311 4365 2369 4421 in
2402 4365 2497 4421 illo
2524 4375 2763 4420 maneat.
2786 4366 2919 4432 Quae
2970 4380 3102 4422 vero
3128 4368 3185 4421 in
3216 4368 3517 4437 perniciem

1941 4456 2362 4514 constitutionis
2394 4455 2740 4522 monasterii,
2764 4472 2978 4511 necnon
3006 4457 3173 4528 hujus
3207 4458 3425 4514 ordinis
3464 4470 3524 4515 ct

246 4543 693 4616 τάξεωςιταύτης
717 4544 816 4599 καὶ
848 4545 1259 4609 καταστάσεως,
1287 4546 1383 4599 καὶ
1414 4544 1547 4616 πρὸς
1578 4543 1833 4613 ἀθέτησιν

1944 4559 2142 4613 status,
2171 4563 2296 4604 esse
2353 4548 2594 4613 videtur,
2628 4559 2687 4605 et
2737 4563 2860 4621 quae
2892 4550 2949 4603 in
2983 4549 3087 4605 hoc
3122 4550 3304 4620 typieo
3333 4565 3363 4604 a
3400 4566 3521 4606 mea

248 4636 371 4689 τῶν
399 4638 457 4688 ἐν
485 4636 563 4707 τῷ
605 4636 837 4707 παρόντι
878 4636 1098 4708 τυπικῷ
1125 4638 1224 4708 τῆς
1259 4637 1540 4706 βασιλείας
1581 4652 1683 4707 μου
1719 4635 1838 4689 δια-

247 4729 631 4795 τεταγμένων,
668 4726 1351 4794 ὲκδιώκεσθαιπαντελῶς,
1379 4727 1467 4782 ἵνα
1499 4726 1576 4798 μὴ
1605 4726 1840 4780 σκανδά-

247 4816 356 4870 λου
385 4817 536 4869 αἰτία
566 4818 658 4870 καὶ
683 4819 803 4881 ταῖς
833 4817 1053 4880 λοιπαῖς
1076 4817 1325 4885 γένηται.

857 4928 1111 4983 ΚΕΦΑΛ.
1152 4925 1249 4982 lA'.

247 5019 401 5089 Περὶ
432 4992 537 5073 τοῦ
559 5021 880 5090 οἰκονόμον
892 5020 1021 5074 δεῖν
1046 5016 1198 5075 εἶναι
1226 5021 1297 5074 ἐν
1321 5018 1395 5088 τῇ
1419 5019 1605 5089 μονῇ,
1630 5019 1840 5075 εὐνοῦ-

710 5108 827 5160 χον
861 5092 960 5143 καὶ
988 5090 1217 5158 σεμνοῦ
1251 5091 1418 5153 βίου.

333 5179 447 5234 Καὶ
471 5179 753 5250 οἰκονόμον
795 5179 1168 5251 δὲνδιορίζεται
1215 5181 1248 5250 η
1279 5179 1528 5250 βασιλεία
1569 5195 1672 5250 μου
1701 5173 1843 5233 εἶναι

250 5274 323 5325 ὲν
353 5273 419 5341 τῇ
457 5274 615 5343 μονῇ,
639 5271 944 5325 διοικοῦντα
975 5270 1044 5326 τὰ
1068 5270 1238 5344 ταύτῃ
1275 5272 1548 5341 ἀνήκοντα
1573 5271 1692 5325 κατ’
1723 5273 1847 5324 ὲπι-

250 5362 474 5435 τροπὴν
494 5365 592 5434 τῆς
618 5364 956 5436 ἡγουμένης,
983 5363 1080 5417 καὶ
1104 5362 1172 5416 τά
1202 5365 1260 5416 ὲν
1285 5362 1494 5428 τούτοις
1522 5363 1844 5430 οἰκονομού-

253 5467 434 5523 μενον
465 5454 606 5507 κατά
626 5455 725 5525 τὴν
757 5455 972 5523 ἐκείνης
1004 5454 1280 5525 βούλησιν.
1318 5456 1427 5508 Καὶ
1454 5454 1549 5508 νῦν
1575 5454 1674 5524 μέν
1694 5457 1842 5507 ἐστιν

248 5546 283 5597 ὁ
315 5540 419 5607 ῶν,
448 5544 600 5614 παρά
629 5545 728 5615 τῆς
760 5543 1037 5614 βασιλείας
1072 5563 1175 5615 μου
1224 5543 1484 5614 γεγονὼς,
1519 5545 1623 5598 κᾶν
1652 5544 1840 5614 ἐτέρου

249 5634 459 5706 δεήσῃ,
483 5635 634 5706 παρά
652 5635 750 5705 τῆς
786 5635 1065 5705 βασιλείας
1091 5654 1192 5705 μου
1218 5637 1405 5707 ἔτερος
1432 5639 1839 5707 εἰσαχοήσετατ.

266 5725 449 5778 Ἐπάν
482 5726 538 5778 δὲ
571 5726 681 5779 τῶν
714 5729 842 5797 τῇδε
897 5728 1169 5796 μεταστῶ,
1209 5728 1359 5797 παρὰ
1384 5728 1483 5797 τῆς
1531 5728 1841 5799 ἡγουμένης

253 5813 581 5881 γενήσεται,
619 5816 729 5868 εἴτε
783 5820 845 5868 ὲκ
892 5815 1000 5868 τῶν
1032 5817 1460 5886 ἱερουργούντων
1490 5822 1547 5870 ἐν
1575 5823 1638 5892 τῇ
1677 5826 1836 5893 μονῇ,

1944 4642 2231 4713 majestate
2256 4650 2461 4698 statuta
2482 4650 2613 4701 sunt
2629 4643 2967 4712 contemptui
2986 4641 3241 4698 habitura
3262 4651 3522 4712 putatur,

1945 4734 2204 4804 ejiciatur
2229 4733 2478 4801 omaino,
2510 4749 2580 4790 ne
2604 4733 2848 4790 scandali
2867 4749 3031 4790 causa
3054 4732 3270 4789 caeteris
3301 4733 3521 4788 evadat.

2541 4928 2769 4986 CAPUT
2811 4929 2952 4987 XIV.

1945 5021 2096 5089 Quod
2133 5036 2427 5077 (scenomate
2480 5022 2535 5074 in
2581 5022 2904 5075 monasterio
2957 5037 3065 5075 esse
3112 5021 3300 5079 debeat
3353 5041 3529 5080 eunu-

2431 5092 2555 5145 chus
2585 5101 2635 5144 et
2659 5094 2892 5145 honesta:
2923 5093 3063 5146 vitae.

2016 5181 2224 5239 Statuit
2253 5196 2479 5253 quoque
2541 5181 2835 5252 imperium
2880 5196 3087 5250 meum,
3115 5192 3178 5238 ut
3205 5200 3528 5245 oeconomus

1944 5277 2018 5332 sit
2058 5277 2113 5331 in
2150 5276 2505 5338 monasterio,
2530 5289 2654 5345 quae
2696 5273 2767 5328 ad
2797 5274 2935 5329 illud
2982 5285 3236 5345 spectant
3270 5294 3340 5345 ex
3370 5297 3528 5335 man-

1942 5374 2073 5425 dato
2089 5368 2356 5439 prafecue
2367 5368 2780 5431 administrans,
2798 5376 2855 5421 et
2873 5382 2998 5436 qua:
3018 5368 3074 5422 in
3092 5368 3226 5437 ipsis
3247 5374 3526 5428 continen-

1945 5468 2036 5515 tur
2064 5459 2135 5515 ad
2169 5460 2293 5530 ejus
2308 5468 2506 5514 nutum
2527 5460 2878 5528 dispensans.
2900 5462 2969 5517 Et
2996 5462 3091 5531 qui
3114 5478 3263 5517 nunc
3300 5467 3527 5533 quidem

1942 5560 2049 5614 est,
2073 5567 2103 5605 a
2130 5567 2250 5606 mea
2276 5550 2556 5620 majestate
2573 5559 2791 5609 creatus
2807 5565 2890 5610 est
2910 5572 2925 5621 ;
2945 5571 3010 5612 ac
3048 5556 3094 5611 si
3130 5556 3355 5611 alterius
3385 5570 3526 5624 opus

1943 5642 2222 5707 fuerit,ab
2244 5641 2473 5706 imperio
2512 5656 2634 5695 meo
2665 5642 2982 5701 inducetur.
3019 5648 3122 5705 Ubi
3162 5657 3344 5702 autem
3398 5650 3526 5705 hinc

1946 5735 2243 5789 translatus
2262 5731 2435 5796 fuero,
2454 5748 2483 5786 a
2505 5733 2753 5802 praelecta
2774 5737 3115 5806 instituetur,
3139 5741 3253 5797 sive
3265 5758 3330 5798 ex
3346 5760 3530 5800 sacer-

1944 5826 2169 5882 dotibus
2227 5826 2573 5891 monasterii,
2616 5829 2660 5881 si
2707 5829 2979 5901 quispiam
3028 5850 3219 5889 eorum
3262 5846 3528 5894 strenuus
