4064 6410
456 335 472 351 ’
569 359 707 428 1021

1836 348 2123 412 IRENES
2161 345 2548 410 AUGUSTE

3690 341 3836 411 1028

565 485 753 549 fuerit,
775 481 973 549 dignus
997 472 1205 529 scilicet
1239 469 1658 526 administrandi
1685 488 1702 535 ;
1731 468 1846 524 sive
1869 470 2034 523 etiam
2059 485 2143 524 ex-

2257 466 2311 520 εῑ
2331 483 2416 530 τις
2437 466 2642 519 τούτων
2667 460 2895 534 ἐνεργὴς
2925 461 3101 526 ἔσται,
3123 463 3215 516 καὶ
3234 460 3330 517 τοῦ
3357 463 3660 533 οἰκονομεῖν
3685 465 3838 532 ἄξιος

568 579 839 634 trinsecus
855 569 1212 641 approbatus,
1229 575 1285 620 et
1307 573 1594 634 cooptatus
1613 563 1800 626 fuerit,
1815 563 1925 617 hoc
1942 573 2104 632 pacto
2133 580 2148 616 ς

567 669 860 735 Postquam
909 659 1113 732 praevio
1138 656 1392 713 examine
1415 655 1626 709 electus
1651 653 1844 718 fuerit,
1865 669 1932 708 ac
1958 653 2027 707 de
2062 668 2149 707 re-

566 760 669 813 bus
689 754 914 827 agendis
935 753 1258 813 instruct-us,
1277 758 1333 803 et
1353 747 1411 800 in
1425 756 1782 816 conspectum
1809 745 2152 816 veneritejus

561 863 684 918 qua:
731 843 1176 900 observationem
1210 840 1374 894 habet
1413 838 1836 902 monasterii.ut
1859 838 1960 906 ipsi
1988 844 2152 891 notus

559 938 633 992 sit
664 954 678 991 :
718 937 1003 1006 ingressus
1023 934 1077 987 in
1103 931 1365 1000 templum
1393 928 1733 992 monasterii,
1756 943 1948 998 parum
1971 928 2149 992 sistet,

561 1031 820 1097 dictoque
859 1041 890 1081 a
925 1024 1207 1081 sororibus
1257 1021 1503 1092 trisagio,
1555 1021 1850 1090 procidens
1898 1019 2150 1074 adorabit

559 1139 686 1178 cum
722 1121 857 1176 alias
890 1119 1110 1173 divinas
1141 1126 1461 1171 sanctorum
1509 1115 1794 1184 imagines,
1824 1121 1940 1167 tum
1973 1128 2145 1168 vene-

563 1216 792 1270 randam
825 1212 1369 1279 saeratissimamque
1426 1209 1601 1279 gratia
1647 1208 1824 1278 piem:
1869 1207 2145 1276 Deiparaa.

563 1309 772 1364 Dehinc
801 1307 942 1362 facta
967 1305 1318 1366 salutatione.
1347 1311 1636 1373 postquam
1668 1299 1928 1355 sacerdos
1955 1297 2151 1353 dimis-

562 1401 736 1457 sionis
769 1400 1074 1454 orationem
1137 1396 1362 1460 dixerit,
1399 1394 1722 1466 egredietur
1769 1406 1801 1446 e
1845 1390 2152 1460 templo,et

561 1493 632 1547 ab
663 1508 730 1545 eo
763 1501 1011 1560 tempore
1051 1502 1375 1545 meonomus
1422 1485 1548 1548 erit,
1582 1492 1641 1538 et
1669 1482 1884 1537 curabit
1915 1496 2004 1536 res
2032 1495 2151 1534 mo-

560 1582 822 1637 nasterii:
855 1583 1073 1650 hocque
1101 1589 1267 1648 caput
1311 1591 1433 1646 qua:
1458 1575 1524 1629 ad
1557 1575 1736 1644 ipsum
1769 1580 2019 1644 spectant
2053 1571 2150 1627 de-

557 1676 777 1730 clarans
806 1672 1200 1742 transcriptum
1232 1685 1420 1726 scemn
1451 1668 1706 1738 accipiet.

631 1852 882 1908 Ofﬁcium
914 1852 1034 1922 ejus
1056 1850 1143 1910 cui
1173 1849 1334 1904 enixe
1362 1862 1586 1918 operam
1611 1845 1782 1908 dabit,
1807 1845 1935 1910 erit,
1955 1844 2148 1900 obser-

556 1945 707 1999 vatio
763 1942 1121 1998 immobilium
1149 1940 1396 2000 omnium
1434 1953 1556 2008 qua:
1598 1937 1936 1994 monasterio
1955 1936 2144 2007 subia-

549 2049 704 2101 cent,
730 2039 846 2094 sive
877 2048 1056 2102 extra,
1082 2036 1200 2090 sive
1239 2035 1383 2089 intra
1427 2047 1678 2102 magnam
1719 2031 1912 2086 urbem
1947 2047 1961 2083 :
1995 2043 2149 2084 com-

555 2131 872 2200 putationes
899 2136 1320 2200 procuratorum
1354 2135 1414 2180 et
1443 2125 1805 2180 collectorum
1834 2140 1848 2177 :
1873 2120 2148 2192 reparatio

557 2235 829 2279 tectorum
887 2221 1231 2283 monasterii,
1261 2233 1478 2274 necnon
1511 2231 1712 2271 eorum
1742 2228 1866 2284 quis
1888 2213 1990 2284 ipsi
2016 2212 2149 2268 sub-

552 2323 709 2376 sunt.
743 2329 865 2382 quae
895 2327 1138 2382 congrua
1167 2307 1545 2365 sollicitudine
1568 2305 1870 2376 quotannis
1892 2303 2146 2360 facienda

557 2416 688 2460 est:
734 2403 1062 2458 instauratio
1106 2402 1391 2457 ruinarum
1433 2414 1560 2470 quas
1615 2397 1755 2453 forte
1814 2395 2149 2452 monasterio

554 2495 877 2564 ol.tigerint,
900 2493 1130 2566 iubente
1183 2491 1477 2563 przefecta;
1507 2491 1554 2545 is
1588 2489 1735 2546 enim
1766 2488 1834 2544 ad
1856 2487 1909 2543 id
1937 2487 2146 2560 negotii

559 2587 794 2640 maxime
825 2584 1181 2648 Contendere,
1207 2582 1425 2654 ipsique
1467 2595 1656 2636 curam
1695 2579 2012 2650 impendere
2043 2578 2144 2634 de-

557 2678 647 2732 bet
685 2697 700 2731 :
740 2677 808 2732 ad
847 2677 965 2732 haec
996 2691 1131 2732 cura
1165 2683 1556 2746 proventuum,
1582 2687 1648 2727 ex
1678 2671 1936 2743 legitimis
1961 2684 2147 2726 acces-

555 2768 808 2825 sionibus
864 2767 1308 2838 procedentium.
1337 2764 1570 2820 Curabit
1606 2777 1828 2834 quoque
1864 2769 1926 2816 ut
1957 2761 2145 2816 omnia

555 2876 677 2928 quae
711 2859 763 2912 in
797 2857 1039 2929 praediis,
1073 2857 1190 2920 sive
1219 2857 1276 2912 in
1309 2855 1568 2911 domibus
1597 2864 1748 2920 sunt,
1772 2853 1841 2908 ad
1874 2854 2141 2924 majorem

554 2949 850 3003 utilitatem
885 2947 1363 3004 administrentur.
1389 2947 1579 3017 Neque
1604 2945 1893 3011 concedat,
1937 2955 1999 3001 ut
2044 2945 2139 3016 qui

551 3051 688 3096 tunc
719 3041 983 3110 temporis
1012 3040 1081 3095 iis
1111 3041 1482 3112 prospiciunt,
1504 3039 1589 3096 vel
1615 3055 1809 3095 eorum
1841 3053 2140 3094 conserva-

2251 557 2496 627 δηλονότι
2524 575 2538 588 ο
2569 557 2688 611 εἴτε
2725 558 2819 610 καὶ
2855 555 3054 622 ἔξωθεν
3094 556 3545 628 δοκιμαζόμενος,
3580 558 3674 611 καὶ
3705 577 3843 630 προ-

2253 651 2650 721 χειριζόμενος,
2707 649 2849 702 κατὰ
2874 648 3025 701 τόνδε
3070 649 3162 701 τὸν
3188 650 3388 719 τρόπον
3413 665 3430 681 ο
3463 649 3619 703 Μετὰ
3643 650 3742 722 τὴν
3775 653 3839 717 ἐξ

2251 740 2482 811 ἐρεύνης
2510 737 2703 793 τούτου
2744 740 3028 810 ὲπιλογνὴν,
3059 741 3154 793 καὶ
3182 739 3283 810 τὴν
3315 740 3425 793 τῶν
3451 742 3725 811 ποιητέων
3761 743 3844 796 εἷς

2251 831 2410 900 δησιν
2433 829 2621 894 αὐτοῦ,
2649 830 3006 900 ἐμφανισθεὶς
3039 831 3133 884 καὶ
3155 833 3223 900 τῇ
3255 831 3354 900 τὴν
3386 832 3621 900 ὲπιτὴρη
3633 849 3713 883 σιν
3736 835 3840 901 τῆς

2255 921 2425 991 μονῆς
2455 920 2674 990 ἐχούσῃ,
2707 921 2781 984 ὡς
2802 920 2868 975 ἂν
2894 919 3220 992 γνωρίζοιτο
3245 920 3378 990 παρ’
3410 921 3580 990 αὐτῆς
3607 937 3624 951 ο
3661 922 3838 974 εἰσελ-

2251 1013 2360 1067 θὼν
2389 1013 2469 1076 εἰς
2499 1013 2590 1066 τὸν
2620 1013 2746 1066 ναὸν
2771 1013 2870 1082 τῆς
2915 1013 3110 1082 μονῆς,
3146 1012 3241 1064 καὶ
3279 1011 3478 1082 μικρὸν
3521 1011 3836 1082 ἐπιμείνας,

2250 1123 2280 1158 τ
2289 1106 2538 1177 ρισαγίου
2558 1105 2852 1174 γενομένου
2868 1105 3020 1178 παρὰ
3030 1103 3138 1158 τῶν
3154 1104 3422 1172 ἁδελρῶν,
3448 1103 3631 1158 πεσὼν
3665 1123 3840 1175 προσ-

2251 1199 2477 1269 κυνήσει
2507 1198 2602 1262 τάς
2650 1215 2710 1251 τε
2753 1198 2919 1262 ἄλλας
2951 1199 3061 1250 τῶν
3096 1197 3267 1267 ἁγίων
3293 1197 3449 1262 θείας
3482 1197 3717 1262 εἰκόνας,
3742 1201 3840 1252 καὶ

2250 1294 2350 1367 τὴν
2372 1297 2581 1365 σεπτὴν
2613 1295 2710 1348 καὶ
2745 1295 3003 1364 πανίερον
3038 1294 3136 1362 τῆς
3161 1293 3618 1363 κεχαριτωμένης
3641 1292 3836 1345 Θεοτό-

2251 1404 2371 1442 κου.
2399 1383 2533 1441 Εἶτα
2563 1386 2978 1456 ἀσπασάμενος,
3009 1386 3314 1456 εὐξαμένου
3344 1385 3442 1439 τοῦ
3496 1385 3687 1456 ἱερέως
3738 1387 3838 1456 τὴν

2248 1481 2349 1552 τῆς
2395 1481 2713 1543 ἀπολύσεως
2752 1480 2941 1549 εὐχὴν,
2993 1479 3340 1546 ἐξελεύσεται
3392 1478 3486 1532 τοῦ
3537 1478 3692 1544 ναοῦ,
3742 1481 3838 1532 καὶ

2246 1573 2404 1627 lavat
2423 1575 2484 1628 τδ
2514 1573 2624 1628 άπὸ
2653 1571 2808 1626 τοῦδε
2841 1572 3148 1640 οἰκονόμος,
3187 1574 3283 1624 καὶ
3314 1573 3562 1639 φροντιεῖ
3589 1571 3696 1624 τῶν
3738 1573 3838 1640 τῆς

2252 1667 2446 1740 μονῆς,
2487 1664 3013 1737 μιταγεγραμμένον
3044 1664 3151 1734 ἰδίᾳ
3188 1663 3486 1734 λαμϐάνων
3513 1665 3607 1718 καί
3637 1664 3698 1716 τὸ
3730 1681 3837 1717 πα-

2253 1758 2347 1828 ρὸν
2385 1757 2683 1828 κεφάλαιον
2712 1756 2782 1809 τὰ
2815 1754 2943 1825 περί
2972 1754 3138 1808 αὐτοῦ
3171 1754 3389 1823 δηλοῦν.

2325 1851 2524 1904 Ἔσται
2577 1827 2672 1903 καὶ
2717 1848 2868 1919 αὐτῷ
2913 1848 3080 1919 ἔργον
3116 1847 3607 1918 περισπούδαστον,
3656 1850 3690 1918 ἠ
3726 1848 3837 1900 τῶν

2250 1941 2626 2012 ὑποκειμένων
2658 1942 2724 2012 τῇ
2759 1945 2895 2012 μονῇ
2926 1940 3204 2010 ἀκινήτων
3245 1939 3485 2004 πάντων,
3535 1938 3645 1991 τῶν
3677 1940 3838 2002 ἐκτός

2247 2050 2307 2087 τε
2341 2033 2436 2087 καὶ
2465 2033 2618 2098 me;
2645 2033 2745 2103 τῆς
2799 2032 3218 2102 μεγαλοπόλεως
3265 2033 3614 2102 έπιτήρησις,
3659 2033 3755 2085 καὶ
3786 2033 3838 2087 οι

2247 2124 2355 2178 τῶν
2386 2125 2725 2195 προνοητῶν,
2756 2125 2852 2178 καὶ
2879 2125 2928 2176 οί
2944 2122 3055 2176 τῶν
3079 2123 3372 2190 οἰκολόγων
3395 2124 3778 2193 λογαριασμοί,
3801 2125 3835 2194 ἡ

2245 2214 2676 2284 άνακεράμωσις
2706 2213 2806 2284 τῆς
2848 2215 3038 2285 μονῆς,
3099 2215 3195 2266 κοιλ⁸
3226 2213 3335 2268 τῶν
3363 2215 3458 2268 ὑπ’
3504 2214 3676 2285 αὐτὴν
3713 2215 3837 2286 μετ’

2249 2306 2566 2378 ἐπιμελείας
2597 2306 2946 2378 ἁρμοζούσης
2975 2307 3236 2378 γινομένη
3288 2309 3410 2361 κατ’
3458 2307 3601 2372 ἔτος,
3636 2309 3668 2378 ὴ
3721 2307 3835 2359 τῶν

2248 2399 2379 2460 ἴσως
2403 2397 2707 2466 γινομένων
2736 2399 2794 2450 ὲν
2839 2400 2906 2468 τῇ
2939 2400 3078 2469 μονῇ
3124 2399 3553 2467 συμπτωμάτων
3584 2399 3835 2470 ἀνόρθω-

2249 2508 2356 2556 σις,
2408 2491 2498 2546 διὰ
2532 2491 2886 2564 προστάξεως
2931 2493 3034 2562 τῆς
3079 2491 3526 2563 καθηγουμένης,
3563 2492 3838 2560 ἀγωνίζε-

2248 2586 2372 2638 σθαι
2400 2585 2536 2656 πρὸς
2564 2585 2743 2649 τοῦτο,
2798 2585 2892 2638 καὶ
2925 2584 3309 2655 ἐπιμελεῖσθαι
3343 2585 3650 2654 ὀφείλοντιο
3694 2585 3837 2655 πρὸς

2243 2676 2455 2740 τούτοις
2483 2677 2516 2746 ἡ
2547 2676 2769 2747 φροντὶς
2799 2676 2930 2741 τῶν,
2963 2676 3021 2743 ἐξ
3056 2677 3296 2744 εὐλόγων
3330 2678 3647 2741 ἐπιδόσεων,
3715 2679 3836 2732 εἰσ-

2251 2766 2409 2832 όδων,
2442 2766 2539 2819 καὶ
2565 2766 2660 2820 τοῦ
2698 2766 2875 2821 πάντα
2897 2767 2966 2820 τά
3016 2769 3076 2821 ὲν
3107 2771 3219 2832 τοῖς
3263 2770 3529 2840 κτήμασι,
3585 2771 3681 2824 καὶ
3717 2773 3833 2834 τοῖς

2244 2859 2542 2930 οἰκήμασιν
2568 2857 2978 2930 οἰκονομεῖσθαι
3008 2860 3144 2931 πρὸς
3170 2861 3231 2912 τὸ
3247 2860 3714 2931 λυσιτελέστερον,
3740 2864 3839 2916 καὶ

2249 2953 2326 3024 μὴ
2362 2953 2768 3024 συγχωρεῖσθαι
2806 2954 2933 3016 τοὺς
2973 2954 3116 3006 κατὰ
3147 2954 3340 3025 καιρὸν
3396 2956 3838 3026 προνοουμένους

2245 3045 2353 3097 τῶν
2397 3043 2680 3111 τοιούτων,
2715 3043 2747 3114 ἢ
2779 3042 2998 3114 ἀμελῶς
3053 3043 3360 3099 διακεῖσθαι
3398 3045 3528 3115 περὶ
3557 3045 3656 3115 τὴν
3685 3047 3838 3098 ἀντί-

551 3137 761 3190 tionem
797 3143 854 3190 et
884 3135 937 3190 itt
969 3135 1169 3190 melius
1204 3149 1526 3205 processum
1565 3133 1838 3205 neglectui
1880 3133 2141 3201 habeant,

2246 3136 2410 3206 ληψιν
2447 3135 2677 3200 τούτων,
2737 3136 2830 3189 καὶ
2883 3135 3020 3206 πρὸς
3080 3136 3141 3187 τὸ
3182 3136 3429 3206 κρεῖττον
3482 3135 3760 3190 ὲπίδοσιν’
3801 3139 3836 3208 ἢ

550 3225 638 3281 νεὶ
669 3225 876 3296 aliquid
909 3235 1278 3296 proventnum
1305 3226 1643 3289 subducant,
1669 3233 1726 3280 et
1759 3226 1816 3280 in
1853 3225 2139 3296 proprium

551 3317 770 3372 lucrum
799 3326 1087 3388 seponam.
1111 3317 1221 3373 Sed
1253 3327 1414 3373 curet
1444 3326 1505 3372 ut
1551 3316 1620 3372 iis
1669 3316 1902 3372 sollicite
1928 3315 2143 3386 prospi-

549 3408 727 3473 ciant,
752 3424 818 3463 ac
851 3408 991 3463 nihil
1027 3406 1342 3463 innovando
1367 3407 1582 3462 reditus
1626 3408 1696 3462 ad
1743 3408 2142 3462 monasterium

548 3499 900 3565 aﬂ'erant,-ut
947 3500 1136 3572 fruges
1181 3509 1520 3571 ceterasque
1569 3500 1780 3572 species
1831 3510 2142 3570 opportuno

551 3601 806 3662 tempore
829 3590 1074 3657 mittant,
1109 3591 1338 3662 navigiis
1362 3605 1457 3646 eas
1490 3590 1887 3647 transvecturis
1934 3601 2141 3661 tempe-

555 3681 698 3736 stive
724 3681 942 3736 missis:
979 3689 1148 3752 utque
1174 3681 1626 3752 computationes
1649 3679 1714 3734 ad
1742 3681 2138 3734 monasterium

548 3772 827 3835 deferant,
854 3783 911 3830 et
948 3780 1219 3844 praesente
1263 3771 1862 3842 (economo,praefectaa
1887 3780 1942 3828 et
1966 3771 2139 3842 depo-

546 3865 758 3922 sitariae
799 3865 921 3920 illas
953 3864 1174 3924 tradant
1206 3879 1304 3935 per
1353 3863 1790 3920 declarationem
1844 3877 2038 3918 eorum
2069 3862 2140 3920 ab

548 3957 689 4030 ipsis
746 3958 1144 4029 subsigaatam,
1184 3972 1307 4026 qua:
1361 3967 1553 4027 postea
1595 3957 1894 4012 inserenda
1944 3957 2054 4014 erit
2080 3955 2137 4010 in

547 4049 924 4114 reditibus,et
953 4049 1271 4120 sumptibus
1325 4049 1682 4120 receptaculi.
1727 4047 1786 4104 Si
1814 4063 1948 4118 vero
1990 4062 2140 4104 meo.

549 4157 753 4198 nonius
788 4142 933 4200 absit
959 4143 1202 4213 forisque
1247 4141 1430 4214 degat,
1451 4154 1722 4214 praesente
1745 4155 2137 4213 parweonomo

547 4235 718 4289 allata
743 4245 1005 4304 computa
1053 4235 1305 4305 ipsismet
1357 4234 1668 4294 tradentur.
1699 4234 1759 4290 Si
1806 4248 2136 4306 μοι-σιωπα-

554 4339 678 4376 mus
707 4310 930 4394 quoque
960 4323 1162 4382 absens
1205 4332 1359 4380 extra
1407 4324 1807 4381 monasterium
1858 4333 2134 4391 versetur,

554 4414 824 4486 przei‘ectae
851 4425 908 4472 et
942 4415 1293 4487 depositaritn
1318 4416 1451 4472 solis
1476 4417 1594 4474 haec
1623 4417 1951 4482 altercator,
1979 4425 2034 4472 et
2061 4415 2135 4472 ab

555 4505 709 4576 ipsis,
741 4516 803 4562 ut
835 4506 1044 4562 dictum
1070 4518 1176 4571 est.
1206 4508 1340 4564 ﬂent
1366 4508 1795 4565 declarationes.

2253 3226 2602 3296 νοσφίζεσθαί
2631 3242 2779 3290 τινας
2811 3226 2920 3280 τῶν
2949 3226 3189 3287 εἰσόδων.
3231 3229 3325 3283 καὶ
3363 3227 3494 3283 ῖδιον
3533 3229 3724 3300 κέρδος
3751 3247 3839 3282 τι-

2252 3320 2423 3375 θέναι.
2478 3319 2643 3374 Ἀλλά
2696 3321 2790 3374 καὶ
2845 3319 3125 3386 ἐπιμελῶς
3174 3320 3272 3390 τὴν
3317 3321 3574 3390 πρόνοιαν
3625 3321 3836 3374 τούτων

2252 3409 2549 3475 ποιεῖσθαι,
2579 3410 2671 3462 καὶ
2723 3408 2823 3472 τὰς
2872 3408 3110 3470 εἰσόδους
3154 3408 3621 3477 ἀκαινοτομήτους
3661 3424 3837 3476 προσ·

2250 3503 2406 3570 άγειν
2432 3505 2498 3574 τῇ
2533 3506 2692 3574 μονῇ,
2725 3504 2818 3556 καὶ
2848 3502 2917 3555 τὰ
2949 3501 3048 3572 μὲν
3090 3501 3398 3570 γενήματα,
3451 3502 3548 3554 καὶ
3578 3503 3643 3554 τὰ
3669 3499 3836 3554 λοιπὰ

2247 3595 2386 3665 εἴδη,
2417 3598 2559 3648 κατὰ
2588 3596 2678 3648 τον
2699 3593 3010 3662 ἐπιτήδειον
3033 3593 3230 3662 καιρὸν
3258 3591 3836 3656 άποστέλλεσθαι,τῶν

2245 3688 2585 3759 διακομίζειν
2617 3688 2788 3742 ταῦτα
2815 3686 3142 3756 ὀφειλόντων
3168 3686 3370 3739 πλοίων
3397 3686 3672 3755 ὲγκαίρως
3699 3686 3838 3738 ἀπο-

2248 3780 2638 3849 στελλομένων,
2674 3781 2742 3833 τά
2766 3780 2822 3833 δὲ
2863 3779 3093 3850 λογάρια
3120 3778 3535 3848 εἰσκομίζεσθαι
3565 3782 3631 3848 τῇ
3671 3781 3834 3849 μονῇ,

2246 3875 2341 3924 καὶ
2363 3871 2638 3943 παρουσίᾳ
2681 3870 2779 3925 τοῦ
2806 3871 3093 3940 οἰκονόμου
3128 3871 3301 3924 ταῦτα
3338 3870 3729 3942 παραδίδοσθαι
3761 3873 3831 3941 τῇ

2244 3965 2658 4036 καθηγουμένῃ,
2697 3966 2792 4018 καὶ
2823 3965 2889 4035 τῇ
2917 3963 3221 4036 δογειαρίᾳ,
3261 3964 3330 4017 δι’
3356 3962 3682 4027 ἀποδείξεως
3726 3965 3831 4016 αύ-

2243 4054 2354 4108 τῶν
2385 4057 2792 4126 σημειουμένης
2819 4054 2950 4126 παρ’
2973 4054 3178 4119 αὐτῶν,
3213 4051 3333 4109 εἶτα
3359 4057 3452 4108 καὶ
3476 4071 3835 4126 καταστρων-

2243 4147 2512 4215 νυομένης
2543 4147 2656 4217 (ll)
2706 4150 2784 4210 εἰς
2814 4146 2916 4217 τὴν
2947 4145 3302 4210 εἰσοδοέξοδον
3354 4144 3448 4200 τοῦ
3495 4146 3726 4216 δοχείου.
3765 4145 3832 4199 Εἰ

2243 4237 2290 4291 δ’
2319 4239 2450 4302 ίσως
2481 4241 2510 4291 ό
2557 4239 2845 4310 οἰκονόμος
2888 4241 3164 4310 ἀποδημεῖ
3207 4243 3266 4292 ὲν
3318 4242 3433 4302 τοῖς
3461 4239 3566 4304 ἔξω
3598 4239 3831 4306 διάγων,

2245 4330 2521 4403 παρουσίᾳ
2542 4330 2639 4384 τοῦ
2672 4331 3096 4402 παροικονόμου,
3126 4331 3224 4403 τὴν
3245 4332 3353 4384 τῶν
3378 4329 3834 4399 είσοδιαζομένων

2243 4421 2516 4493 λογαρίων
2552 4423 2852 4493 παράδοσιν
2876 4423 3125 4492 γίνεσθαι
3149 4422 3285 4494 πρὸς
3320 4422 3512 4485 αὐτάς.
3548 4422 3610 4474 Εἰ
3644 4420 3701 4472 δὲ
3731 4419 3832 4473 καὶ

2169 4503 2224 4566 Β
2250 4515 2278 4567 ὁ
2310 4513 2710 4584 παροικονόμος
2743 4516 2802 4568 έν
2835 4516 2948 4576 τοῖς
2981 4512 3087 4578 ἔξω
3145 4514 3439 4583 ἀποδημεῖ,
3493 4512 3602 4566 καῖ’
3637 4511 3831 4581 μόναις

550 4603 620 4672 τῇ
654 4616 713 4653 τε
747 4601 1136 4675 καθηγουμένῃ
1169 4604 1263 4654 καὶ
1291 4603 1359 4673 τῇ
1401 4599 1710 4671 δοχειιρίᾳ,
1739 4599 1918 4656 ταῦτα
1952 4602 2390 4674 εἰσκομίζεσθαι,
2423 4607 2518 4659 καὶ
2570 4606 2704 4676 παρ’
2769 4605 2974 4674 αὐτῶν,
3043 4606 3118 4670 ὡς
3157 4605 3397 4678 εἴρηται,
3454 4605 3552 4669 τὰς
3607 4602 3830 4657 ἀποδεί-

555 4689 666 4760 ξεις
693 4692 960 4760 γίνεσθαι.

623 4785 961 4855 Studeatque
1013 4799 1357 4850 (nconomus,
1381 4793 1441 4840 ut
1469 4800 1714 4856 congruo
1738 4794 1986 4854 tempore
2013 4802 2138 4856 pro-

548 4880 868 4926 curatorum
907 4882 1166 4944 computa
1199 4874 1386 4937 faciat,
1414 4889 1591 4944 neque
1627 4873 1717 4929 illa
1747 4874 2004 4942 ditl‘crat;
2038 4875 2134 4929 sed

552 4961 756 5033 ubique
790 4965 1120 5033 praediorum
1149 4966 1430 5037 pervadat.
1455 4975 1510 5021 et
1542 4965 1799 5022 observet
1847 4981 1971 5022 cum
2003 4981 2136 5036 pro-

551 5063 858 5118 curatores,
893 5063 1008 5108 tum
1041 5055 1159 5125 ipsa
1182 5057 1390 5127 praedia
1423 5075 1436 5110 :
1469 5073 1807 5128 operamque
1857 5067 2023 5114 navet
2072 5071 2136 5113 ut

552 5144 609 5200 in
644 5147 840 5202 melius
869 5149 1188 5216 procedant.
1223 5149 1480 5221 laspiciet
1501 5166 1725 5221 quoque
1775 5167 1896 5220 qua:
1923 5167 2023 5221 per
2057 5167 2148 5206 ur-

552 5235 677 5291 bem
711 5237 778 5292 ad
805 5241 1201 5297 monasterium
1233 5244 1495 5304 attinent,
1523 5250 1706 5313 quoad
1763 5243 1880 5299 ﬁeri
1915 5244 2142 5314 poterit,

551 5338 720 5399 atque
752 5330 883 5386 hinc
917 5349 985 5390 ex
1015 5333 1154 5403 ipsis
1202 5335 1467 5404 operibus
1499 5335 1822 5391 oeconomiae
1870 5352 1983 5390 suae
2018 5334 2144 5390 oili-

552 5421 702 5478 cium
725 5424 1034 5480 exhibebit.
1061 5425 1325 5481 Rationes
1351 5443 1574 5497 quoque
1603 5443 1818 5484 annuas
1855 5443 2126 5498 procura-

555 5521 762 5581 torum,
785 5529 842 5572 ct
884 5517 1240 5574 collectorum
1267 5533 1297 5573 a
1325 5534 1384 5574 se
1413 5519 1585 5575 factas
1630 5522 1684 5576 in
1739 5522 2135 5577 monasterium

2327 4788 2642 4857 Ἀκρίὸειαν
2678 4788 2735 4842 δὲ
2767 4789 3043 4843 ποιεῖσθαι
3076 4790 3165 4844 τόν
3189 4785 3494 4861 οἰκονδμον,
3535 4791 3678 4846 ὥστε
3698 4794 3832 4860 τοὺς

2241 4879 2348 4934 τῶν
2375 4881 2692 4951 προνοητιῖΝ
2720 4880 3124 4952 λογαριασμοὺς
3156 4883 3331 4935 ποιεῖν
3355 4883 3496 4936 κατὰ
3520 4883 3613 4937 τὸν
3633 4886 3832 4956 καιρὸν

2241 4971 2334 5025 τὸν
2368 4972 2739 5042 προσήκοντα,
2762 4975 2856 5026 καὶ
2893 4973 2969 5044 μὴ
2997 4973 3384 5044 ὑπερτίθεσθαι
3405 4977 3654 5041 τούτους,
3683 4977 3827 5032 ἀλλὰ

2245 5063 2449 5134 μᾶλλον
2494 5064 2808 5135 διέρχεσθαι
2839 5063 3160 5135 ἁπανταχοῦ
3212 5066 3322 5120 τῶν
3350 5067 3671 5139 κτημάτων,
3728 5070 3830 5124 καὶ

2239 5156 2444 5226 ἑφορᾷν
2470 5155 2668 5219 αὐτούς
2701 5172 2760 5208 τε
2790 5157 2915 5217 τοὺς
2948 5156 3275 5224 προνοητὰς,
3306 5157 3404 5208 καὶ
3432 5156 3502 5210 τά
3539 5157 3825 5227 κτήματα,

2237 5247 2334 5298 καὶ
2383 5243 2706 5309 σπουδάζειν
2753 5245 3014 5316 ἔρχεσθαι
3051 5246 3227 5298 ταῦτα
3279 5249 3361 5310 εἰς
3393 5248 3658 5311 ἐπίδοσιν,
3700 5250 3830 5302 ἑπι-

2237 5337 2574 5390 σκέπτεσθαι
2603 5337 2659 5390 δὲ
2685 5339 2780 5391 καὶ
2811 5339 2880 5391 τὰ
2916 5337 3005 5391 διὰ
3030 5337 3236 5401 πόλεως
3260 5341 3327 5409 τῇ
3353 5342 3487 5410 μονῇ
3527 5339 3825 5410 διαφέρον.

2233 5446 2320 5492 τα,
2351 5429 2424 5492 ὡς
2453 5429 2749 5501 ἐνδέχεται,
2782 5429 3082 5484 κάντεῦθεν
3107 5431 3166 5497 ἐξ
3195 5431 3374 5500 ἔργων
3419 5433 3620 5496 αὐτῶν,
3678 5450 3825 5503 παρ-

2239 5524 2394 5593 ιστᾷν
2417 5527 2479 5575 τὸ
2508 5521 2611 5592 τῆς
2652 5522 2966 5594 οἰκονομίας
2999 5522 3165 5576 αὐτοῦ
3198 5522 3380 5595 ἔργον,
3406 5525 3500 5580 καὶ
3533 5525 3658 5589 τοὺς
3689 5525 3826 5598 παρ’

1823 5640 2284 5703 Montfauconii
2359 5654 2550 5702 ιιοτω.

627 5762 675 5831 (ι
694 5761 740 5828 l)
768 5761 1322 5829 Καταστρωννύειν,
1349 5761 1658 5820 ϐιωεὶερει
1678 5767 1942 5833 inserere,
1969 5761 2143 5835 vulgo,

2245 5767 2416 5833 :sérer,
2442 5765 2779 5836 enrogistrer.
