4064 6416
428 378 563 446 1031

1698 367 1882 427 IREN
1891 362 1980 426 ES
2013 353 2390 425 AUGUSTE

3544 354 3684 422 1032

427 501 555 538 nem
578 498 746 554 super
778 491 976 538 terram
1006 499 1019 534 :
1045 489 1288 535 attamen
1325 480 1397 534 ob
1427 481 1722 534 humanam
1773 476 2003 532 infirmi-

2110 474 2382 545 μηδεμίαν
2428 468 2566 526 εἶναι
2597 470 2689 523 ἐπὶ
2716 471 2816 540 γῆς
2843 488 2856 500 ·
2902 469 3035 523 ἀλλά
3069 469 3158 523 διὰ
3197 467 3296 540 τὴν
3337 468 3686 541 ἀνθρωπίνην

429 585 597 632 tatem
616 576 893 646 iubemus,
928 583 988 627 ut
1027 573 1071 625 si
1099 573 1325 642 quidem
1380 573 1582 626 mulier
1626 571 1692 624 ad
1723 579 2002 624 monaste-

430 668 575 721 rium
605 666 921 727 accesserit,
971 672 1147 717 mater
1182 662 1324 718 forte
1371 663 1660 734 cujusdam
1721 659 2002 721 monialis,

429 768 522 814 ant
555 773 729 820 soror,
762 767 853 812 aut
906 757 1094 811 fratris
1128 772 1290 821 uxor,
1327 757 1670 826 ingrediatur
1702 755 1756 808 in
1807 768 2001 806 mona-

430 851 660 905 sterium
710 850 1052 904 concedente
1102 850 1388 918 prmfecta;
1444 859 1499 904 et
1551 859 1838 919 postquam
1875 863 2000 902 cum

430 941 762 995 monialibus
793 940 1105 1010 appositum
1133 941 1317 996 cibum
1342 943 1659 1011 sumpserit,
1684 941 1906 996 recedet
1934 940 1998 992 ad

429 1047 738 1100 vesperam,
777 1031 821 1085 si
877 1031 1101 1100 quidem
1152 1031 1425 1086 valentem
1477 1041 1764 1100 cognatam
1821 1031 2001 1084 visum

432 1121 728 1177 accesserit
763 1140 775 1174 :
811 1122 976 1190 idque
1007 1121 1170 1175 faciet
1203 1122 1372 1175 semel
1398 1131 1496 1174 aut
1538 1120 1624 1175 bis
1663 1121 1717 1174 in
1747 1135 1912 1174 anno.
1943 1118 2001 1173 Si

431 1231 563 1270 vero
599 1215 894 1278 inﬁrmam,
935 1223 990 1269 et
1019 1215 1170 1284 gravi
1222 1215 1417 1268 morbo
1441 1213 1721 1267 detentam
1759 1229 1772 1265 :
1800 1212 1844 1266 si
1875 1212 2002 1280 qui-

430 1311 553 1363 dem
585 1320 760 1363 mater
790 1308 975 1370 fuerit,
1003 1309 1056 1361 in
1087 1306 1428 1361 monasterio
1458 1307 1726 1370 manebit,
1752 1315 1807 1359 et
1830 1318 2004 1374 aegro-

432 1401 570 1454 tanti
605 1400 727 1454 filiae
754 1400 1038 1455 assidehit.
1066 1400 1322 1455 Secundo
1346 1411 1529 1454 autem
1561 1399 1671 1458 die.
1722 1397 1816 1451 ubi
1847 1396 1998 1451 simi-

431 1493 558 1548 liter
581 1507 706 1546 cum
732 1493 1059 1546 monialibus
1077 1493 1262 1547 cibum
1283 1493 1602 1562 sumpserit,
1629 1490 1696 1544 ad
1722 1504 2002 1559 vesperam

433 1585 672 1642 recedet.
708 1585 764 1639 Si
798 1601 928 1639 vero
954 1600 1114 1638 soror
1145 1584 1334 1649 fuerit,
1369 1594 1467 1638 aut
1501 1583 1686 1638 fratris
1720 1596 1877 1644 uxor,
1910 1588 2005 1634 aut

429 1695 496 1732 ex
530 1693 723 1732 sorore
771 1677 859 1732 vel
913 1676 1084 1730 fratre
1137 1677 1342 1745 neptis,
1391 1691 1514 1745 qua:
1558 1673 1772 1728 visendi
1827 1672 2002 1744 gratia

429 1773 684 1836 accessit,
716 1771 943 1826 omnino
968 1786 1076 1840 qua
1106 1770 1196 1825 die
1238 1771 1453 1826 venerit
1475 1770 1540 1824 ad
1571 1782 1858 1838 vesperam
1886 1767 2002 1821 dis-

429 1866 612 1920 cedet.

503 1957 559 2012 Si
614 1965 796 2010 antem
832 1957 916 2010 vir
969 1957 1138 2011 fuerit
1186 1957 1282 2026 qui
1337 1955 1510 2010 visum
1557 1954 1790 2018 accedit,
1849 1963 2006 2022 pater

428 2050 592 2114 forte,
628 2049 712 2102 vel
746 2049 936 2113 frater,
971 2058 1066 2102 aut
1101 2048 1320 2104 sororis
1370 2049 1593 2117 coniux,
1628 2047 1683 2100 in
1727 2053 2006 2099 monaste-

429 2141 574 2195 rium
602 2141 825 2210 quidem
852 2141 1166 2194 nullatenus
1201 2139 1576 2209 ingredietur;
1604 2136 1739 2191 illud
1769 2150 2006 2204 namque

430 2233 566 2286 viris
590 2247 818 2300 prorsus
847 2231 1214 2295 inaccessum,
1241 2247 1303 2284 ac
1324 2240 1589 2300 perpetuo
1610 2229 1855 2284 clausum
1884 2242 2007 2282 esse

431 2321 624 2376 statuit
659 2321 952 2389 imperium
979 2334 1184 2374 meum.
1213 2317 1336 2388 Ipso
1368 2335 1397 2372 a
1427 2318 1562 2372 foris
1585 2318 2006 2388 pulsante,'mo-

430 2414 657 2480 nitaque
688 2410 958 2480 pratfecta.
992 2425 1115 2479 quae
1146 2409 1320 2464 videri
1347 2409 1699 2464 desideratur
1729 2408 2002 2474 monialis,

356 2524 369 2536 -
428 2505 585 2574 jussu
620 2504 741 2573 ejus
777 2501 843 2556 ad
890 2503 1094 2556 ostium
1141 2502 1393 2564 accedet,
1438 2517 1544 2556 una
1572 2509 1757 2556 autem
1802 2500 1904 2555 ibit
1949 2512 2006 2555 et

433 2599 706 2668 praefecta,
742 2596 787 2650 si
823 2594 1064 2650 voluerit
1109 2603 1165 2649 et.
1195 2594 1460 2664 potuerit,
1508 2593 1592 2648 vel
1622 2592 1738 2663 ipsa
1778 2593 2005 2664 iubente

433 2707 539 2746 una
559 2703 627 2743 ex
667 2687 990 2742 senioribus
1015 2696 1072 2741 et
1101 2685 1606 2740 vcnerabilioribus
1646 2683 2001 2739 monialibus.

431 2781 605 2834 Janua
638 2795 768 2834 vero
802 2787 1010 2848 aperta,
1043 2788 1194 2833 stans
1219 2777 1336 2848 ipse
1367 2777 1434 2832 ad
1469 2778 1696 2842 ostium,
1725 2785 1782 2832 et
1813 2777 2005 2847 paucis

433 2874 725 2928 monialem
755 2873 1046 2934 allocutus.
1081 2872 1361 2926 abscedet.
1415 2869 1471 2924 Si
1507 2879 1690 2925 autem
1737 2869 2005 2924 monacha

434 2969 500 3022 ad
541 2982 703 3037 quam
754 2964 1040 3020 visendam
1077 2973 1258 3033 pater,
1288 2963 1373 3018 vel
1421 2963 1610 3026 frater,
1666 2970 1762 3018 aut
1797 2961 2006 3017 sororis

431 3061 662 3112 maritus
700 3057 952 3120 accessit,
984 3055 1355 3127 :egrotaverit,
1398 3056 1590 3125 sicque
1633 3071 1690 3111 se
1725 3055 2002 3122 habuerit,

2105 567 2390 618 ἀσθένειαν
2418 563 2712 632 κελεύομεν
2733 603 2746 629 ,
2789 563 2876 616 τνα
2903 564 3063 632 είπερ
3095 563 3420 634 παραϐάλλῃ
3449 566 3514 632 τῇ
3545 566 3682 633 μονῇ

2105 659 2265 728 γυνὴ,
2297 659 2481 727 μήτηρ
2513 656 2675 726 τυχὸν
2713 654 3074 724 μοναξούσης,
3107 654 3140 726 ἢ
3173 654 3395 723 ἀδελφή,
3427 654 3458 724 ἢ
3496 653 3684 725 νύμφη

2106 749 2193 802 ἐπ’
2220 747 2456 817 ἀδελφῷ,
2510 746 2880 801 εἰσελεύσεται
2936 749 3016 810 εἰς
3046 747 3108 799 τὸ
3153 747 3535 816 μοναστήριον,
3584 744 3702 815 τῆξ

2107 839 2422 910 ἡγουμένης
2474 837 2900 908 ἐπιτρεπούσης,
2947 836 3042 891 καὶ
3095 839 3506 891 συνεστιαθεῖσα
3560 841 3683 902 ταῖς

2109 931 2372 1000 μοναχαῖς
2438 929 2537 1000 τὴν
2603 928 3003 998 παρατεθεῖσαν
3050 927 3297 999 τροφήν,
3353 929 3687 1000 ὑποχωρήσῃ

2108 1023 2244 1092 πρὸς
2298 1021 2578 1089 ἑσπέραν,
2633 1021 2794 1091 είπερ
2863 1020 3214 1088 ὑγιαίνουσαν
3267 1020 3396 1072 ἰδεῖν
3448 1021 3685 1088 συγγενῆ

2106 1113 2441 1184 παρεγένετο
2467 1130 2479 1141 ·
2509 1113 2605 1166 καί⁵
2629 1112 2786 1165 τοῦτο
2807 1112 2994 1182 δράσει
3025 1111 3225 1182 ἅπαξῆ
3254 1111 3332 1175 δὶς
3367 1111 3461 1164 τοῦ
3497 1115 3679 1164 ἑνιαυε

2104 1206 2230 1258 τοῦθ
2265 1205 2387 1258 εἰδὲ
2417 1205 2676 1258 νοσοῦσαν
2700 1204 2794 1257 καὶ
2823 1205 2977 1257 νόσον
3017 1203 3262 1274 βαρεῖαν,
3293 1205 3342 1256 εἰ
3377 1203 3476 1273 μὲν
3503 1205 3688 1274 μήτηρ

2106 1298 2217 1367 εἴη,
2251 1298 2621 1366 ὲγκαταμενεῖ
2659 1299 2727 1366 τῇ
2765 1297 2920 1365 μονῇ,
2976 1297 3070 1347 καὶ
3106 1293 3472 1365 παρεδρεύσει
3501 1298 3567 1364 τῇ
3610 1312 3688 1346 vo-

2109 1388 2276 1460 σούσῃ
2301 1387 2560 1459 θυγατρί·
2595 1388 2691 1441 καὶ
2724 1389 2865 1440 κατά
2894 1387 2994 1457 τὴν
3029 1387 3290 1456 δευτέραν
3325 1386 3536 1458 ἡμέραν
3567 1389 3690 1450 ταῖς

2108 1483 2370 1551 μοναχαῖς
2397 1479 2598 1551 ὁμοίως
2632 1479 3067 1541 συνεστιαθεῖσα,
3099 1481 3234 1550 πρὸς
3269 1481 3511 1548 ἑσπέραν
3555 1481 3690 1531 ὑπο·

2106 1573 2368 1642 χωρήσει.
2399 1572 2462 1624 Εἰ
2492 1571 2548 1624 δὲ
2579 1569 2787 1641 ἀδελφὴ
2821 1572 3099 1639 τυγχάνει,
3131 1571 3377 1641 ῆνύμφη
3407 1571 3496 1623 ἐπ’
3531 1571 3686 1624 ciris}.-

2108 1665 2215 1733 φῷ,
2264 1664 2298 1734 ἢ
2328 1664 2522 1732 ἀνεψιὰ
2558 1663 2666 1718 ἀπὸ
2699 1663 2932 1733 ἀδελφῆς
2961 1664 2993 1734 ἢ
3021 1663 3277 1733 ἀδελφοῦ,
3319 1665 3351 1733 ή
3385 1663 3523 1733 πρὸς
3555 1663 3688 1715 θέαν

2106 1758 2438 1827 ἀφικομένη,
2465 1757 2643 1826 πάντη
2677 1773 2737 1808 τε
2766 1758 2857 1808 καὶ
2886 1757 3101 1818 πάντως
3136 1757 3272 1825 πρὸς
3293 1758 3357 1826 ήν
3379 1755 3443 1809 ἂν
3474 1755 3689 1826 ἡμέραν

2034 1825 2080 1884 Β
2108 1825 2371 1920 ἀφίκηται
2404 1825 2540 1920 πρὸς
2559 1825 2802 1920 ἑσπέραν
2823 1849 3192 1920 ὑποχωρήσει.

2181 1943 2244 1995 Εἰ
2283 1943 2339 1995 δὲ
2368 1942 2510 2012 ἀνὴρ
2554 1944 2638 2006 είη
2675 1944 2702 1995 ὁ
2735 1943 2872 2012 πρὸς
2918 1943 3050 1995 θέαν
3101 1940 3460 2011 παραϐαλὼν,
3501 1941 3689 2010 πατὴρ

2107 2035 2290 2104 τυχὸν,
2322 2035 2356 2106 ἢ
2386 2035 2636 2103 ἀδελφὸς,
2669 2036 2701 2105 ἢ
2738 2037 2825 2087 ἐπ’
2849 2036 3052 2105 ἀδελφῇ
3085 2035 3362 2104 γαμϐρὸς,
3395 2035 3475 2096 εἰς
3509 2035 3606 2102 μὲν
3629 2035 3691 2084 τὸ

2111 2129 2474 2198 μοναστήριον
2525 2128 2783 2198 οὐδαμῶς
2838 2127 3252 2182 εἰσελεύσεται·
3310 2128 3513 2182 ἄϐατον
3577 2126 3689 2194 γάρ

2107 2215 2268 2270 τοῦτο
2298 2217 2648 2270 παντάπασιν
2672 2217 2932 2288 ἀνδράσιν
2970 2218 3002 2288 ή
3035 2217 3285 2288 βασιλεία
3323 2235 3423 2288 μου
3451 2217 3690 2285 διορίζε-

2109 2329 2217 2377 ται,
2253 2311 2345 2364 καί
2375 2309 2762 2381 κεκλεισμένον
2809 2311 3096 2381 διηνεκῶς.
3138 2310 3380 2377 Ἐξωθεν
3432 2309 3488 2363 δὲ
3525 2309 3692 2380 κρού-

2111 2420 2304 2464 σαντος
2326 2403 2514 2470 αὐτοῦ,
2544 2403 2645 2474 τῆς
2667 2404 2977 2474 ἡγουμένης
3003 2404 3470 2474 ύπομνησθείσης,
3503 2405 3537 2474 ή
3559 2404 3689 2456 θεα-

2109 2493 2266 2566 θῆναι
2297 2493 2604 2566 ζητουμένη
2637 2495 2947 2564 μονάζουσα
2976 2497 3224 2549 κελεύσει
3252 2496 3453 2565 ταύτης
3494 2495 3690 2564 ἀφίξε-

2106 2604 2198 2640 ται
2226 2585 2361 2657 πρδς
2390 2587 2483 2640 τὸν
2508 2586 2753 2651 πυλῶνα,
2781 2587 3133 2656 συναφίξεται
3153 2589 3209 2642 δὲ
3228 2590 3323 2642 καί
3347 2591 3380 2659 ἡ
3419 2590 3691 2658 καθηγου-

2111 2679 2269 2748 μένη,
2294 2679 2453 2747 είπερ
2473 2678 2648 2732 ἐθέλει
2677 2680 2772 2733 καὶ
2803 2678 3043 2748 δύναιτο,
3071 2681 3104 2752 ἢ
3134 2681 3470 2750 κελευσάσης
3493 2681 3686 2749 αύτῆ·,

2111 2772 2209 2844 μία
2229 2771 2338 2826 τῶν
2358 2772 2674 2844 γηραλεωτέ
2682 2790 2790 2844 ρων
2829 2775 2923 2827 καὶ
2939 2775 3279 2844 τιμιωτέρων
3315 2773 3687 2844 μοναζουσῶν.

2108 2867 2219 2920 Καὶ
2242 2866 2341 2934 τῆς
2365 2865 2536 2937 θύρας
2568 2867 2880 2938 ἀνοιγείσης
2905 2867 3038 2938 πρὸς
3069 2867 3148 2937 τῷ
3173 2868 3379 2922 πυλῶνι
3410 2869 3561 2930 στὰς,
3592 2869 3690 2919 καὶ

2109 2954 2283 3026 βραχύ
2327 2973 2380 3009 τι
2408 2956 2728 3027 διομιλήσας
2755 2960 2822 3028 τῇ
2875 2960 3108 3030 μοναχῇ,
3139 2959 3519 3013 ἀπελεύσεται.
3557 2958 3618 3010 El
3642 2955 3691 3011 δ’

2110 3046 2240 3110 ἴσως
2265 3047 2297 3117 ή
2327 3047 2560 3118 μοναχὴ,
2590 3043 2658 3119 ἧς
2683 3047 2821 3119 πρὸς
2846 3049 2946 3119 τήν
2977 3049 3105 3103 θέαν
3146 3049 3175 3101 ὁ
3206 3049 3390 3120 πατὴρ
3423 3049 3689 3118 ἀφίκετο,

433 3156 496 3202 ut
528 3148 595 3202 ad
649 3148 852 3201 ostium
905 3147 1168 3202 accedere
1199 3156 1460 3216 nequeat,
1509 3162 1614 3202 nec
1671 3160 1740 3202 eo
1779 3147 2002 3216 quidem

2107 3140 2140 3212 ἢ
2167 3141 2197 3192 6
2229 3139 2479 3208 ἀδελφὸς,
2524 3141 2558 3211 ἢ
2589 3143 2618 3194 ό
2644 3139 2732 3193 ἐπ’
2771 3141 2975 3211 ἀδελφῇ
3027 3141 3299 3212 γαμϐρὸς,
3333 3141 3537 3210 νοσοίη,
3592 3143 3692 3194 καὶ

431 3255 560 3294 casu
595 3240 794 3309 aliquis
828 3256 1022 3295 corum
1082 3240 1429 3311 ingredietur
1475 3241 1529 3292 in
1582 3239 2002 3293 monasterium.

429 3332 490 3387 Si
521 3341 705 3387 tamen
757 3347 899 3402 πετο
942 3333 1180 3386 voluerit
1230 3340 1286 3386 et
1331 3331 1706 3386 necessarium
1759 3330 2001 3395 duxerit,

431 3423 790 3478 accedentem
834 3423 1306 3493 consanguineum
1352 3421 1567 3488 videre,
1617 3422 1748 3476 sella
1806 3423 2008 3494 depor-

437 3523 570 3578 tata,
629 3523 686 3568 et
731 3513 799 3568 ad
853 3514 1057 3569 ostium
1096 3515 1298 3578 locata,
1343 3513 1528 3569 videat
1567 3529 1694 3569 eum
1749 3515 1882 3581 illic,
1950 3524 2008 3571 et

432 3605 637 3662 dehinc
669 3607 988 3672 reducatur,
1025 3608 1180 3663 valde
1203 3610 1350 3664 enim
1400 3610 1691 3664 molestum
1723 3618 1869 3664 esset
1900 3610 2002 3665 im-

434 3701 590 3770 perio
616 3715 758 3765 meo,
791 3711 846 3756 et
879 3702 1146 3757 voluntati
1172 3718 1305 3757 mea:
1339 3718 1674 3774 repugnans,
1699 3702 1744 3757 si
1778 3701 2005 3757 daretur

432 3793 568 3847 viris
595 3793 813 3848 occasio
847 3794 1128 3866 ingressus
1159 3794 1212 3848 in
1243 3795 1661 3860 monasterium,
1685 3802 1740 3848 et
1763 3795 2006 3849 exterior

429 3891 590 3956 porta
627 3899 738 3938 non
773 3886 1038 3940 continuo
1073 3885 1333 3940 omnibus
1379 3885 1767 3951 clauderetur;
1805 3885 2004 3940 timen-

431 3975 562 4030 dum
597 3975 744 4030 enim
799 3991 870 4032 ne
913 3976 1164 4046 quaedam
1197 3977 1515 4032 nocumenti
1566 3975 1826 4032 diabolici
1873 3992 2003 4046 per-

431 4069 607 4124 nicies
633 4077 786 4124 casto
809 4084 1010 4139 sponso
1057 4069 1406 4139 desponsatis
1449 4085 1557 4124 una
1593 4069 2000 4140 ingrederetur.

431 4158 702 4226 Quocirca
724 4161 875 4214 omni
896 4162 1145 4230 ingressu
1169 4161 1320 4215 viros
1345 4160 1616 4216 arcendos
1638 4161 1916 4227 existimo,
1949 4167 2004 4216 et

431 4248 508 4304 ita
537 4250 728 4320 iubeo.
770 4250 918 4305 Idem
966 4267 1189 4321 quoque
1236 4252 1504 4319 obtineat,
1561 4253 1731 4308 etiam
1788 4253 1835 4308 si
1878 4251 2004 4322 quis

430 4341 518 4395 vir
536 4340 846 4410 pra-fectam
875 4341 1217 4398 allocuturus
1231 4342 1299 4396 ad
1332 4343 1726 4399 monasterium
1754 4343 2000 4398 accedat.

501 4603 558 4660 Si
591 4619 725 4659 vero
764 4605 1050 4676 cuiusnam
1104 4607 1427 4662 monialium
1486 4619 1642 4680 pater
1694 4620 1792 4666 aut
1823 4621 2004 4668 mater

434 4710 675 4766 unquam
706 4697 1075 4768 aegrotaverit,
1102 4713 1282 4769 eoque
1327 4701 1585 4758 redactus
1622 4701 1696 4756 sit
1735 4712 2004 4758 utextre-

435 4804 555 4844 mos
581 4789 806 4860 spiritus
838 4791 1074 4855 exhalet,
1123 4792 1468 4864 volueritque
1511 4794 1799 4861 monacha,
1848 4799 2007 4868 cujus

435 4891 592 4949 pater
638 4890 733 4936 aut
784 4890 960 4938 mater
1012 4881 1342 4948 infirmatur,
1409 4891 1467 4939 et
1503 4901 1731 4942 necesse
1787 4889 2007 4944 duxerit

435 4981 789 5042 argrotantem
818 4985 1051 5043 patrem,
1111 4983 1206 5029 aut
1253 4984 1484 5031 matrem
1523 4977 1786 5042 invisere,
1841 4996 2000 5050 egre-

435 5061 621 5116 dietur
655 5079 685 5117 e
706 5064 1215 5136 monasterioiussu
1256 5067 1553 5137 praefecte,
1585 5068 1724 5124 duas
1763 5086 1794 5126 e
1824 5072 2007 5126 senio-

438 5154 596 5208 ribus
623 5165 680 5212 et
708 5157 1209 5214 venerabilioribus
1241 5159 1574 5214 monialibus
1609 5175 1797 5216 secum
1842 5177 2001 5218 assu-

437 5262 612 5310 mens,
639 5256 695 5302 ct
723 5257 1010 5318 postquam
1041 5251 1242 5305 viderit
1261 5267 1466 5321 aagrum
1504 5252 1619 5307 sive
1646 5265 1857 5322 patrem
1888 5255 2003 5310 sive

434 5345 686 5403 matrem,
719 5338 785 5392 ad
823 5354 1109 5409 vesperam
1146 5351 1457 5397 revertetur
1477 5343 1546 5398 ad
1579 5347 2002 5410 monasterium,

431 5429 584 5484 nullo
615 5430 778 5486 modo
804 5433 1082 5488 sustinens
1106 5431 1244 5488 foris
1264 5437 1655 5490 monasterium
1683 5453 1929 5494 manere.

501 5608 578 5663 Ne
607 5609 755 5678 ipsos
771 5611 994 5680 quidem
1022 5622 1410 5682 procuratores
1436 5632 1620 5673 rerum
1655 5621 2001 5688 monasterii,

430 5713 610 5766 neque
634 5715 730 5754 eos
763 5701 857 5771 qui
891 5703 994 5758 alia
1027 5704 1095 5759 de
1127 5720 1290 5760 causa
1318 5709 1617 5774 accedunt,
1673 5713 1880 5780 quibus
1903 5729 2002 5768 ne-

429 5790 732 5844 cessarium
760 5791 899 5850 forte
925 5804 980 5851 et
1004 5796 1134 5851 utile
1166 5807 1251 5854 cst
1278 5799 1456 5856 videri
1481 5818 1511 5856 ιι
1539 5804 1820 5871 prret'ccta,
1859 5806 2002 5861 intra

2031 4489 2082 4551 D

2106 3233 2276 3297 οὕτως
2305 3232 2420 3303 ῑχοι
2446 3232 2521 3297 ὡς
2552 3233 2687 3304 μηδὲ
2714 3233 2790 3305 τῷ
2821 3233 3026 3289 πυλῶνι
3049 3234 3376 3306 προσϐαλεῖν
3402 3233 3687 3299 δύνασθαι,

2107 3324 2208 3377 οὐκ
2240 3323 2615 3377 εἰσελεύσεται
2644 3323 2746 3394 μὲν
2769 3325 2891 3378 οὐδὲ
2912 3324 3054 3378 οὕτω
3079 3343 3162 3389 τις
3197 3327 3376 3379 αὐτῶν
3404 3327 3484 3390 εἰς
3510 3326 3571 3378 τὸ
3593 3343 3692 3395 μο-

2105 3421 2420 3491 ναστήριον.
2458 3419 2520 3473 Ei
2546 3420 2603 3474 δὲ
2635 3421 2879 3491 βούλοιτο
2908 3422 2940 3491 ἠ
2973 3421 3226 3486 νοσοῦσα,
3268 3421 3362 3475 καὶ
3392 3423 3688 3489 ἀναγκαῖον

2107 3513 2314 3583 ἡγοῖτο,
2343 3514 2435 3566 τὸν
2465 3513 2856 3583 παραϐαλόντα
2889 3514 3019 3566 ἰδεῖν
3051 3515 3314 3584 συγγενῆ,
3354 3514 3559 3584 φορείῳ
3588 3513 3687 3584 βα-

2109 3603 2424 3674 παχθείσα,
2451 3605 2544 3658 καί
2578 3605 2714 3676 πρὸς
2742 3605 2822 3675 τῷ
2847 3605 3058 3658 πυλῶνι
3081 3607 3370 3676 γενομένη,
3397 3605 3688 3661 θεασάσθω

2105 3697 2268 3748 αὐτὸν
2303 3697 2506 3759 ἐκεῖσε,
2535 3697 2632 3750 καὶ
2663 3697 3028 3768 έπαναχθήτω
3057 3716 3070 3730 ’
3105 3697 3167 3751 τὸ
3197 3699 3306 3770 γάρ
3335 3700 3517 3752 δοῦναι
3550 3701 3687 3769 πρό-

2106 3800 2271 3853 φασιν
2297 3785 2507 3838 εἰσόδου
2531 3787 2645 3848 τοίς
2674 3785 2905 3856 ἀνδράσι
2943 3785 3078 3854 πρὸς
3123 3787 3225 3856 τὴν
3254 3788 3442 3858 μονὴν,
3479 3791 3573 3840 καὶ
3611 3789 3689 3858 μή

2105 3873 2205 3944 τὴν
2241 3874 2348 3939 ἔξω
2381 3876 2558 3945 πύλην
2605 3876 2769 3938 εὐθὺς
2799 3877 3230 3932 ἀποκεκλεῖσθαι
3281 3882 3440 3947 πᾶσι,
3480 3881 3688 3952 σφόδρα

2107 3969 2364 4036 φορτικὸν
2392 3969 2458 4036 τῇ
2487 3966 2734 4039 βασιλείᾳ
2771 3985 2874 4039 μου
2907 3971 3002 4023 καὶ
3028 3970 3354 4041 ἀϐούλητον.
3407 3974 3541 4034 Δέος
3576 3974 3688 4043 γὰρ

2108 4059 2183 4130 μή
2212 4076 2265 4112 τι
2291 4059 2524 4130 συνέλθῃ
2573 4059 2772 4130 βλάϐος
2803 4061 3071 4133 έπηρείας
3105 4062 3430 4134 ϐιιμονικῆς
3461 4066 3577 4126 ταῖς
3606 4065 3686 4136 τῷ

2105 4149 2256 4220 ἀγνῷ
2285 4151 2524 4222 Νυμφίῳ
2554 4154 2998 4225 νυμφευομέναις
3022 4171 3040 4188 ο
3085 4157 3180 4210 καὶ
3203 4155 3292 4209 διά
3319 4155 3474 4209 τοῦτο
3506 4157 3687 4226 πάσης

2104 4244 2314 4300 εἰσόδου
2335 4246 2462 4309 τοὺς
2487 4246 2687 4316 ἀνδρας
2709 4246 3074 4318 ἀπείργεσθαι
3094 4249 3394 4320 προσήκειν
3419 4249 3686 4319 ἠγοῦμαι,

2105 4336 2200 4392 καὶ
2225 4335 2399 4400 οὕτως
2421 4338 2831 4409 διακελεύομαι.
2888 4339 2964 4393 Τὸ
2992 4338 3038 4393 δ’
3071 4340 3206 4394 αὐτὸ
3239 4343 3511 4412 κρατείτω
3530 4382 3546 4408 ,
3584 4343 3691 4396 κᾶν

2109 4430 2245 4500 εἰτῇ
2277 4429 2602 4503 προεστῶσι]
2639 4430 3023 4502 έντευξόμενος
3064 4431 3206 4504 ἀνὴρ
3232 4435 3300 4504 τῇ
3333 4436 3469 4504 μονῇ
3503 4450 3687 4506 παρα-

2107 4520 2286 4578 ϐάλοι.

2179 4614 2244 4667 Εἰ
2267 4614 2313 4668 δ’
2342 4613 2472 4678 ἴσως
2501 4613 2608 4668 τῶν
2639 4615 2991 4686 μοναζουσῶν
3023 4633 3168 4681 τινος
3207 4617 3411 4690 πατὴρ,
3437 4621 3470 4692 ἢ
3501 4621 3688 4692 μήτηρ

2107 4703 2314 4776 νοσοίη,
2362 4705 2458 4758 καὶ
2504 4704 2680 4769 οὕτως
2731 4705 2844 4777 ἔχοι
2896 4706 3038 4760 ὥστε
3071 4709 3140 4763 τά
3189 4707 3478 4764 τελευταῐα
3512 4713 3686 4775 πνεῖν,

2109 4797 2351 4868 βούλοιτο
2403 4797 2462 4851 δὲ
2509 4799 2542 4867 ἡ
2594 4798 2908 4869 μονάζουσα
2943 4793 3012 4871 ἧς
3037 4801 3066 4853 ὁ
3097 4801 3304 4871 πατὴρ,
3343 4800 3375 4872 ἢ
3410 4805 3443 4871 ή
3503 4804 3691 4875 μήτηρ

2107 4888 2417 4961 ἀρῤωστοίη
2441 4930 2457 4956 ,
2491 4895 2590 4944 καὶ
2642 4891 2946 4959 ἀναγκαῖον
2984 4895 3171 4962 ήγοῖτο
3215 4893 3305 4948 τὸν
3354 4895 3690 4952 ἀσθενοῦντα

2109 4981 2346 5052 πατέρα,
2379 4981 2412 5052 ἢ
2447 4980 2546 5052 τὴν
2571 4982 2788 5053 μητέρα
2824 4984 2974 5050 ἰδεῖν,
3006 4984 3352 5051 ἐξελεύσεται
3383 4991 3480 5057 τῆς
3519 4989 3692 5059 μονῆς

2109 5072 2406 5142 προστάξει
2438 5074 2538 5144 τῆς
2568 5073 3014 5146 καθηγουμένης,
3064 5079 3572 5147 συμπαραλαϐούσα
3596 5081 3692 5133 δύο

2108 5162 2262 5226 τινὰς
2284 5163 2392 5218 τῶν
2429 5165 2860 5239 γηραλεωτέρων
2909 5168 3002 5220 καὶ
3043 5172 3387 5242 σεμνοτέρων
3423 5173 3692 5242 μοναζου-

2112 5255 2242 5322 σῶν,
2270 5254 2362 5308 καὶ
2387 5256 2701 5327 θεασαμένη
2750 5259 2840 5312 τὸν
2885 5258 3146 5312 νοσοῦντα
3175 5265 3389 5330 πατέρα
3427 5265 3609 5334 τυχῒιν,
3655 5267 3688 5334 ἢ

2107 5352 2204 5418 τήν
2233 5349 2469 5420 μητέρα,
2523 5352 2659 5421 πρὸς
2689 5353 2933 5420 ἑσπέραν
2975 5354 3366 5426 ὲπανακάμψει
3417 5362 3552 5431 πρὸς
3588 5362 3690 5428 τὴν

2114 5440 2303 5510 μονὴν,
2346 5441 2599 5513 μηδαμοῦ
2636 5443 2940 5515 ἀνεχομένη
2977 5445 3158 5514 μεῖναι
3205 5446 3406 5512 ἔξωθεν
3434 5452 3531 5521 τῆς
3589 5469 3690 5521 μο-

2112 5550 2232 5602 νης.

2178 5625 2389 5689 Αὐτοὺς
2443 5626 2692 5697 μέντοιγε
2746 5629 2874 5692 τοὺς
2925 5632 3363 5701 προνοουμένους
3420 5635 3527 5687 τῶν
3586 5636 3686 5703 τῆς

2112 5717 2303 5786 μονῆς,
2321 5721 2413 5770 καὶ
2443 5721 2568 5782 τοὺς
2589 5721 2762 5784 ἄλλως
2793 5723 3263 5790 παραϐάλλοντας,
3283 5720 3366 5789 οἷς
3391 5727 3688 5796 ἀναγκαῖόν

2111 5812 2258 5863 ἐστιν
2290 5808 2419 5873 ίσως
2459 5812 2554 5866 καὶ
2575 5812 2834 5886 χρειῶδες
2859 5813 3087 5871 θεᾶσθαι
3118 5818 3267 5890 πλρά
3285 5818 3384 5890 τῆς
3416 5819 3691 5890 καθηγου-
