4064 6452
395 425 535 489 1033

1827 413 2184 477 TYPICUM.

3501 413 3636 480 103i

391 539 581 607 μένης,
614 533 714 587 οὐκ
750 529 964 586 ἔνδοθεν
1021 527 1119 597 τῆς
1179 524 1346 594 μονῆς
1390 521 1742 592 ἐντυγχάνειν
1791 522 1968 592 ταύτῃ

2075 519 2472 575 monasterium
2506 518 2679 590 ipsam
2697 519 2997 574 convenire
3032 520 3330 577 volumus:
3377 523 3474 578 sed
3522 525 3640 596 ipsa

391 625 717 697 βουλόμεθα,
758 622 876 678 ἀλλ’
907 618 1250 684 ἐξελεύσεται
1301 615 1440 685 αὕτη
1483 615 1624 684 μετά
1663 613 1838 683 δύο,ἢ
1873 615 1968 666 καὶ

388 719 557 787 τριῶν
586 714 776 786 γραῶν
801 713 910 767 τῶν
936 708 1345 778 εύλαὸεστέρων
1377 706 1506 776 ἄχρι
1532 704 1625 758 τοῦ
1655 705 1764 756 ἔσω
1787 703 1969 756 πυλῶ-

389 825 500 873 νος,
530 807 628 860 acati.
657 804 864 876 μεταξὺ
916 802 1027 854 τῶν
1059 799 1153 854 δύο
1207 795 1470 851 πυλώνων
1519 794 1828 860 ὲντεύξεται
1855 794 1968 852 τοῖς

389 897 869 969 παραγινομένοις,
899 896 993 948 καὶ
1025 890 1305 963 φροντίσει
1347 889 1457 942 τῶν
1480 889 1580 956 τῆς
1614 887 1782 956 μονῆς
1803 903 1816 916 ο
1867 881 1968 938 εἶτ’

389 989 545 1056 αὖθις
597 993 677 1054 εἰς
724 989 823 1056 τὴν
859 985 1028 1057 μονὴν
1072 982 1376 1046 ἐλεύσεται,
1405 979 1606 1034 ἄϐατον
1635 978 1842 1048 ταύτην
1869 993 1968 1045 φυ-

388 1081 662 1133 λάττουσα
692 1076 972 1147 ἀνδράσιν,
1027 1073 1103 1136 ὠς
1129 1071 1368 1141 εἴρηται.
1407 1068 1532 1120 Ἐὰν
1562 1067 1618 1120 δὲ
1653 1067 1726 1137 μὴ
1830 1067 1967 1119 ἐπά-

390 1188 594 1240 ναγκες
631 1171 817 1241 ἔργον,
849 1169 916 1221 δι’
943 1166 972 1219 ὃ
997 1165 1181 1236 μέλλει
1233 1161 1555 1231 ὲξέρχεσθαι
1583 1159 1677 1212 καὶ
1705 1159 1971 1228 ἐντυγχά-

389 1281 501 1316 νειν
535 1266 645 1325 τοῖς
678 1260 1080 1322 εἰσϐάλλουσιν,
1137 1257 1223 1310 ἵνα
1274 1255 1352 1325 μὴ
1383 1254 1693 1326 ὲξέρχηται,
1726 1254 1842 1308 ἀλλ’
1883 1257 1968 1307 ἵνα

389 1351 920 1420 ὑπομιμνήσκηται,
977 1348 1087 1399 εἴτε
1141 1343 1294 1413 παρὰ
1342 1342 1435 1396 τοῦ
1487 1343 1798 1412 οἰκονόμου,
1857 1342 1967 1395 εἴτε

390 1440 545 1510 παρὰ
591 1439 684 1492 τού
720 1437 1114 1510 πρεσϐυτέρου,
1155 1436 1250 1488 καὶ
1278 1433 1306 1486 ὃ
1333 1434 1482 1486 δοκεῖ
1517 1434 1794 1504 συμφέρον
1823 1435 1968 1488 οἰκο-

389 1536 636 1602 νομεῖται
679 1531 809 1601 παρ’
837 1530 1026 1601 αὐτῆς.
1068 1529 1130 1581 El
1169 1528 1228 1582 δὲ
1274 1528 1413 1597 γυνὴ
1447 1526 1582 1596 πρὸς
1632 1526 1760 1580 θέαν
1791 1527 1966 1598 αὐτῆς

389 1626 470 1686 εἰς
494 1623 591 1693 τὴν
619 1623 792 1694 μονὴν
837 1622 1112 1692 ἀφίκοιτο,
1147 1621 1214 1689 τῇ
1260 1616 1453 1688 γνώμῃ
1485 1615 1690 1684 ταύτης
1734 1616 1797 1670 τὸ
1827 1619 1970 1688 πρᾶ-

389 1731 507 1784 γμα
531 1713 929 1784 ἀνατιθέαμενο
964 1713 1023 1765 ού
1058 1712 1167 1781 γὰρ
1201 1709 1267 1763 ἂν
1298 1710 1450 1778 παρὰ
1478 1709 1602 1770 τοὺς
1637 1710 1968 1777 ἀσκητικοὺς

387 1806 622 1870 κανόνας
634 1804 731 1877 τὴν
751 1803 990 1869 ἔντευξιν
1013 1801 1349 1873 ποιήσασθαι
1370 1799 1680 1871 ὑπομείνειε
1703 1799 1838 1870 πρὸς
1866 1799 1966 1870 τὴν

388 1894 592 1960 ἔξωθεν
626 1893 1101 1965 παραϐάλλουσαν.

460 1990 524 2042 ΕΞ
546 1988 604 2042 δέ
633 2006 716 2052 τις
741 1989 850 2042 τῶν
876 1987 976 2058 βίῳ
1005 1985 1187 2058 σεμνῷ
1207 1983 1636 2054 κεκοσμημένων
1666 1984 1962 2052 γυναικῶν,

389 2076 674 2146 κοσμικῶν
707 2076 740 2147 ἢ
779 2074 1032 2146 μοναχῶν
1067 2075 1176 2129 ἀπὸ
1205 2075 1314 2127 τῶν
1345 2073 1472 2139 ἔξω,
1509 2073 1597 2127 διὰ
1633 2075 1734 2143 τὴν
1771 2074 1882 2128 τῶν
1907 2075 1966 2128 ἐν

389 2167 526 2238 αὐτῇ
561 2167 920 2236 ἀσκουμένων
953 2166 1304 2238 μοναζουσῶν
1337 2165 1561 2236 ἀρετὴν,
1606 2165 1822 2237 Θελήσει
1856 2183 1964 2220 πα-

390 2255 646 2326 ραϐαλεῖν
678 2259 744 2328 τῇ
777 2259 935 2328 μονῇ,
966 2257 1028 2310 οὐ
1050 2257 1426 2326 κωλυθήσεται
1452 2257 1820 2322 παντάπασιν,
1851 2256 1966 2310 ἀλλ’

388 2346 759 2400 εἰσελεύσεται
790 2348 849 2400 ὲν
886 2347 1024 2417 αὐτῇ
1059 2347 1356 2416 προστάξει
1386 2347 1484 2417 τῆς
1514 2346 1963 2417 καθηγουμένης·

393 2439 490 2490 καὶ
544 2439 954 2492 συνεστιαθεῖσα
1007 2441 1128 2502 ταῖς
1185 2441 1468 2509 μοναχαῖς,
1532 2439 1668 2508 πρὸς
1726 2440 1967 2509 ἑσπέραν

389 2527 758 2599 ὑποχωρήσει.
813 2530 875 2582 Εἰ
907 2529 964 2581 δὲ
1009 2529 1254 2599 βούλοιτο
1313 2531 1346 2600 ἡ
1389 2530 1830 2598 παραὸάλλουσα,
1872 2530 1968 2584 καὶ

389 2620 683 2688 ἀναγκαῖον
707 2622 893 2692 ἡγοῖτο
929 2623 1108 2692 μεῖναι
1138 2623 1196 2673 ὲν
1225 2623 1288 2692 τῇ
1326 2623 1486 2691 μονῇ,
1516 2622 1883 2692 ἐγκαταμενεῖ
1910 2624 1967 2675 ὲν

391 2712 556 2782 αὐτῇ,
589 2714 681 2766 καὶ
706 2716 772 2784 τῇ
802 2712 1032 2785 ἐπιούσῃ
1061 2713 1244 2783 ἡμέρᾳ
1283 2713 1650 2782 ὑποχωρήσει.
1679 2713 1787 2766 Καὶ
1809 2712 1969 2766 τοῦτο

388 2803 680 2870 γενήσεται
710 2803 855 2870 ἅπαξ
887 2803 918 2872 ἢ
967 2803 1048 2866 δὶς
1077 2803 1170 2856 τοῦ
1205 2803 1472 2867 ἐνιαυτοῦ,
1508 2802 1594 2870 ἐφ’
1623 2803 1830 2875 ἑκάστῃ
1861 2804 1968 2857 τῶν

392 2894 861 2964 παραϐαλλοῡσῶν
895 2894 1140 2948 εύλαὸῶν
1170 2893 1471 2961 γυναικῶν.
1515 2895 1578 2946 Αἱ
1623 2895 1835 2947 τουτονὶ
1879 2895 1970 2948 τὸν

391 2986 591 3054 τρόπον
614 2989 1052 3058 παραγενόμεναι
1077 2987 1388 3040 ἀνάπαυσιν
1411 2984 1622 3050 ἕξουσιν
1642 2987 1700 3038 έν
1725 2985 1804 3056 τῷ
1832 2985 1967 3057 πλη-

394 3077 509 3130 σίον
538 3078 631 3132 τοῦ
664 3079 909 3142 πυλῶνος
949 3081 1228 3151 γενομένῳ
1276 3079 1680 3149 ἀρχονταρικίῳ
1708 3077 1844 3149 (12),
1875 3079 1970 3132 καὶ
1997 3092 2008 3103 ⁸

393 3169 792 3225 εἰσελεύσονται
837 3171 925 3225 διὰ
963 3171 1056 3224 τοῦ
1113 3173 1292 3225 ὲκείσε
1338 3171 1606 3242 παρόντος
1648 3170 1963 3224 διαδατικοῦ

395 3261 489 3314 καὶ
519 3261 892 3328 ἐξελεύσονται
921 3265 979 3317 ἐν
1006 3266 1073 3333 τῇ
1106 3267 1263 3334 μονῇ.

972 3354 1223 3407 ΚΕΦΑΛ.
1265 3355 1371 3406 IH'.

393 3442 533 3513 Περὶ
569 3443 677 3498 τοῦ
719 3445 887 3516 nupti
917 3445 1075 3516 τίνος
1106 3444 1200 3498 δεῖ
1231 3445 1503 3516 γίηεσθαι
1539 3445 1645 3516 τὰς
1667 3446 1968 3516 προχειρίι

653 3527 786 3579 σεις
819 3513 936 3567 τῶν
959 3513 1408 3583 διακονητριῶν,
1437 3516 1536 3569 καὶ
1567 3513 1715 3583 πῶς,

462 3627 658 3681 Πασῶν
683 3627 742 3680 δὲ
773 3627 882 3682 τῶν
918 3629 1016 3698 τῆς
1053 3627 1222 3698 μονῆς
1273 3628 1669 3700 διακονητριῶν
1699 3630 1800 3701 τὴν
1831 3629 1964 3700 πρός

392 3718 576 3788 κρισίν
631 3735 690 3772 τε
740 3721 835 3773 καὶ
888 3721 1230 3790 προχείρισιν
1277 3721 1311 3789 ἡ
1369 3720 1759 3792 καθηγουμένη
1815 3721 1968 3775 ἔσται

393 3807 646 3871 ποιοῦσα,
678 3809 820 3862 κατὰ
851 3809 1078 3880 γνώμην
1108 3809 1317 3864 οἰκείαν
1347 3813 1442 3864 καὶ
1473 3814 1849 3882 προκρίνουσα
1878 3815 1970 3866 καὶ

394 3897 876 3970 προχειριζομένη.
918 3902 1139 3962 Ὁσάκις
1157 3901 1268 3971 γὰρ
1291 3902 1357 3955 ἂν
1384 3903 1551 3973 δεήσῃ
1584 3904 1973 3974 προχειρισθῆ-

392 3989 480 4041 ναι
514 4007 638 4042 τινα
661 3992 742 4051 είς
765 3989 1056 4044 ὁποιανοῦν
1090 3991 1387 4055 διακονίαν,
1421 3993 1480 4046 ai.
1507 3993 1712 4058 κλεῖδες
1740 3995 1840 4064 μὲν
1865 3995 1972 4066 πρὸ

325 4094 328 4098 '
393 4079 487 4132 τοῦ
527 4080 674 4148 ἱεροῦ
705 4081 1023 4151 τεθήσονται
1049 4081 1297 4152 βήματος
1323 4083 1461 4153 (15),
1483 4084 1579 4136 καὶ
1609 4084 1677 4137 τὰ
1701 4084 1852 4154 παρὰ
1872 4087 1973 4154 τῆς

393 4168 649 4238 τοιαύτης
674 4170 949 4234 διακονίας
982 4171 1204 4240 ῥήματα
1235 4172 1331 4224 σὺν
1361 4173 1575 4234 αὐταῖς,
1606 4173 1672 4224 ἐκ
1700 4167 1806 4225 ’τοῦ
1831 4190 1974 4244 παρ-

394 4261 544 4324 όντος
569 4261 800 4316 τυπικοῦ
838 4264 936 4330 τῆς
965 4262 1244 4332 βασιλείας
1277 4281 1378 4334 μου
1418 4264 1966 4335 μεταλαμϐανόμενα.

396 4351 442 4403 Τ
443 4353 694 4423 ρισαγίου
732 4353 790 4406 δὲ
839 4355 1132 4424 γενομένου
1157 4396 1174 4422 ,
1222 4356 1646 4428 προσελεύσεται
1690 4358 1725 4429 η
1759 4358 1839 4421 είς
1872 4357 1971 4429 τὴν

1991 1893 2039 1951 Β

2067 610 2386 681 egredietur
2416 624 2544 664 eum
2575 609 2791 665 duabus
2821 611 2907 665 vel
2941 611 3123 667 tribus
3167 623 3328 669 aetate
3378 616 3640 686 grandio-

2069 703 2295 758 ribus-et
2317 704 2520 773 pietate
2537 702 2864 758 clarioribus
2884 718 3059 774 usque
3081 704 3146 758 ad
3167 706 3364 760 ostium
3380 707 3617 764 interius

2063 809 2130 848 ac
2165 795 2313 850 inter
2362 793 2473 849 duo
2522 793 2663 848 ostia
2699 793 3025 850 accedentes
3065 796 3407 867 alloquetur,
3446 808 3504 854 et
3539 816 3642 855 cu-

2068 885 2212 939 rabit
2237 901 2326 940 res
2351 886 2709 952 monasterii;
2739 886 2944 941 dehinc
2982 903 3176 942 rursus
3204 889 3548 960 ingredietur
3579 893 3636 946 in

2067 976 2486 1036 monasterium,
2518 977 2664 1046 quod
2693 977 2827 1032 viris
2850 977 3193 1034 inaccessum
3237 982 3533 1049 custodiet,
3579 990 3640 1038 ut

2067 1066 2275 1122 dictum
2299 1076 2405 1121 est.
2447 1067 2503 1121 Si
2531 1081 2661 1122 vero
2707 1069 2990 1138 negotium
3026 1070 3185 1139 cujus
3218 1072 3393 1140 gratia
3446 1065 3636 1143 egres-

2067 1175 2200 1214 sura
2233 1169 2337 1224 est,
2359 1169 2416 1216 et
2441 1159 2801 1215 advenientes
2839 1161 3173 1226 allocutura,
3208 1178 3318 1217 non
3347 1164 3420 1218 sit
3441 1181 3640 1221 neces-

2069 1252 2300 1316 sarium,
2343 1268 2415 1308 ne
2449 1263 2626 1316 exeat,
2661 1253 2756 1307 sed
2789 1262 3078 1308 moneatur
3106 1254 3222 1310 sive
3251 1257 3320 1312 ab
3352 1273 3642 1317 osconomo

2067 1344 2185 1399 sive
2219 1359 2249 1398 a
2274 1345 2619 1416 presbytero,
2664 1355 2720 1400 et
2752 1347 2900 1416 quod
2939 1363 3242 1418 congruum
3295 1361 3351 1407 et
3398 1354 3530 1408 utile
3563 1355 3642 1409 vi-

2067 1436 2230 1490 detur
2263 1436 2379 1505 ipsa
2409 1437 2686 1506 disponat.
2716 1436 2773 1494 Si
2806 1453 2940 1493 vero
2970 1441 3170 1495 mulier
3194 1442 3260 1496 ad
3294 1458 3354 1498 se
3396 1445 3640 1501 invisen-

2067 1527 2193 1582 dam
2213 1527 2286 1582 ad
2329 1530 2724 1584 monasterium
2755 1532 2991 1594 venerit,
3028 1548 3144 1587 rem
3173 1535 3294 1605 ejus
3346 1541 3637 1595 sententirc

2068 1619 2444 1676 remittimus:
2487 1635 2668 1690 neque
2710 1623 2857 1676 enim
2901 1631 3093 1678 contra
3121 1627 3453 1684 monasticas
3488 1630 3636 1700 leges

2064 1709 2402 1779 colloquium
2445 1711 2679 1765 miscere
2720 1711 3070 1780 sustinuerit,
3103 1729 3229 1770 eum
3264 1731 3330 1771 ea
3383 1734 3505 1787 quae
3541 1736 3638 1775 ex-

2066 1802 2344 1858 trinsecus
2367 1802 2602 1858 accedit.

2137 1980 2193 2035 Si
2218 1995 2323 2050 qua
2343 1991 2527 2036 autem
2558 1997 2626 2036 ex
2660 1981 2986 2037 mulieribus
3013 1983 3246 2039 honesta
3273 1986 3385 2042 vita
3402 1990 3637 2058 ornatis,

2066 2073 2426 2129 sazcularibus
2453 2074 2540 2130 vel
2564 2079 2846 2130 extraneis
2873 2075 3233 2143 monialibus,
3267 2079 3338 2134 ob
3373 2081 3637 2139 virtutem

2067 2163 2392 2218 monialium
2445 2165 2688 2219 ascetiee
2745 2165 2806 2219 in
2863 2168 3208 2224 (monasterio
3275 2174 3638 2239 versantium,

2065 2255 2304 2310 voluerit
2321 2255 2387 2310 ad
2405 2255 2544 2310 illud
2576 2255 2860 2321 accedere,
2885 2257 3200 2315 nullatenus
3224 2263 3638 2334 prohibebitur,

2067 2346 2163 2402 sed
2191 2346 2245 2400 in
2281 2345 2416 2400 illud
2458 2345 2711 2400 introibit
2753 2346 2912 2412 jussu
2967 2348 3237 2416 praetecta:
3268 2369 3280 2403 :
3317 2363 3374 2408 et
3423 2369 3641 2428 sumpta

2067 2453 2193 2492 cum
2223 2438 2557 2493 monialibus
2591 2437 2916 2499 refectione,
2948 2440 3016 2494 ad
3047 2457 3334 2512 vesperam
3394 2450 3639 2506 recedet.

2067 2529 2125 2585 Si
2149 2545 2281 2585 vero
2312 2545 2435 2600 quae
2468 2531 2722 2596 accessit,
2759 2533 2998 2588 voluerit
3030 2544 3085 2588 et
3133 2539 3506 2594 necessarium
3539 2543 3644 2597 du-

2069 2621 2214 2675 xerit
2242 2636 2468 2676 manere
2497 2622 2554 2676 in
2594 2623 2954 2688 monasterio,
2999 2625 3055 2678 in
3104 2626 3222 2695 ipso
3288 2632 3554 2697 manebit,
3585 2643 3644 2690 et

2069 2713 2324 2780 sequenti
2381 2712 2471 2767 die
2505 2712 2776 2767 discedet.
2813 2714 2883 2768 Et
2939 2714 2993 2769 id
3058 2719 3223 2772 semel
3275 2730 3375 2775 aut
3410 2721 3496 2778 bis
3546 2740 3645 2793 per

2069 2817 2273 2856 annum
2329 2801 2670 2857 concedetur
2731 2802 2963 2873 singulis
3027 2806 3134 2874 piis
3194 2809 3518 2867 mulieribus
3568 2816 3642 2870 ad

2071 2894 2467 2950 monasterium
2488 2894 2901 2950 accedentibus.
2920 2895 3054 2962 Qua:
3075 2898 3179 2954 hoc
3195 2910 3354 2969 pacto
3379 2905 3644 2963 accedent

2070 3000 2328 3041 somnum
2352 2986 2574 3056 capient
2598 2986 2652 3040 in
2672 2986 3079 3043 archontaricio
3103 3005 3275 3061 prope
3291 2995 3490 3050 ostium
3511 2998 3640 3066 sito,

2071 3087 2125 3133 et
2152 3094 2250 3148 per
2282 3093 2408 3132 eum
2453 3079 2547 3147 qui
2577 3079 2692 3132 illic
2718 3086 2803 3133 est
2829 3080 3122 3135 transitum
3168 3083 3550 3156 ingredientur
3585 3091 3642 3146 in

2075 3170 2494 3237 monasterium,
2519 3169 2661 3225 etab
2690 3184 2757 3225 eo
2784 3171 3161 3241 egredientur.
3603 3188 3613 3196 '

2637 3349 2860 3406 CAPUT
2887 3348 3077 3406 XVIII.

2077 3444 2115 3497 A
2142 3457 2375 3515 quanam
2423 3440 2542 3511 ﬁeri
2565 3440 2748 3494 debeat
2776 3439 3088 3560 ofﬁlcialium
3113 3441 3399 3509 institutio,
3420 3451 3473 3498 et
3513 3462 3646 3516 quo-

2761 3525 2861 3560 ηιοι
2885 3526 2934 3560 0.

2761 3525 2934 3563 ηιοιιο.

2145 3623 2403 3680 Omnium
2460 3617 2784 3674 monasterii
2843 3617 3159 3673 oiIicialium
3215 3620 3541 3679 electionem
3590 3637 3649 3682 et

2077 3717 2483 3772 institutionem
2532 3710 2791 3780 priefecta
2828 3709 3013 3772 faciet,
3067 3713 3291 3780 propria
3341 3713 3464 3776 illas
3517 3733 3648 3773 se"-

2079 3811 2250 3865 tentia
2289 3807 2502 3876 eligens
2545 3811 2602 3857 et
2659 3802 2974 3856 instituens.
3031 3801 3257 3866 Quoties
3309 3806 3458 3860 enim
3507 3823 3649 3878 opus

2079 3901 2246 3956 fuerit
2284 3895 2578 3968 quamdam
2632 3892 2846 3947 institui
2916 3893 2988 3946 ad
3023 3893 3313 3962 quodlibet
3383 3898 3642 3967 cilicium,

2078 3993 2264 4047 claves
2294 3987 2518 4058 quidem
2557 3992 2684 4038 ante
2732 3998 2947 4037 sacrum
3000 3994 3278 4052 ponentur
3308 3987 3555 4057 adytum,
3590 4001 3649 4046 et

2080 4095 2188 4136 una
2232 4093 2357 4132 cum
2408 4076 2518 4129 illis
2562 4072 2733 4128 verba
2775 4072 3020 4139 ejusdem
3069 4071 3231 4128 cilicii
3291 4089 3362 4129 ex
3389 4081 3647 4146 praesenti

2080 4169 2298 4240 imperii
2353 4167 2460 4220 mei
2509 4164 2688 4236 typico
2744 4172 3132 4234 transsumpta.
3170 4165 3418 4236 Trisagio
3459 4179 3646 4226 autem

2079 4263 2250 4326 dicto,
2277 4257 2504 4314 accedet
2533 4271 2655 4326 quae
2679 4255 2745 4309 ad
2777 4254 2909 4309 illud
2934 4255 3170 4310 cilicium
3205 4256 3487 4328 designata
3511 4270 3597 4317 est
3628 4283 3643 4318 ε

2077 4363 2135 4411 et
2159 4356 2303 4408 facta
2322 4349 2524 4419 triplici
2548 4345 2952 4419 genuﬂexione,
2984 4349 3335 4420 acceptisque
3371 4353 3649 4427 clavibus,
3717 4379 3719 4381 ί

1649 4447 2116 4512 Montfauconii
2147 4453 2336 4509 notua.

469 4549 583 4618 (ιῖ)
628 4549 1107 4621 Ἀρχοντλαρικίῳ.
1133 4549 1429 4606 Existimat
1453 4550 1540 4604 vir
1561 4551 1970 4606 eruditissimus

2079 4549 2424 4621 χονταρίκιον
2449 4545 2677 4621 videtur
2720 4560 2841 4621 v_ox_
2872 4543 3373 4621 diminutiva,_quze
3392 4548 3650 4610 domibus

401 4620 818 4691 ἁρχονταρίκιον
875 4619 929 4672 id
998 4622 1330 4691 essequod,
1385 4636 1506 4691 cap.
1537 4621 1623 4684 79,
1676 4622 1973 4674 δεσποτικὰ

401 4688 680 4758 οἰκήματα
715 4697 963 4742 vocatur.
991 4689 1073 4742 Ab
1101 4688 1190 4741 illa
1226 4699 1407 4743 tamen
1441 4688 1711 4745 sententia
1743 4691 1858 4745 haec
1885 4705 1972 4744 me

402 4759 689 4813 abducunt
716 4776 728 4810 :
754 4759 806 4811 l.
831 4758 1138 4827 Despoticae
1159 4759 1358 4812 domus
1379 4759 1480 4812 150
1510 4759 1713 4814 cubitis
1734 4761 1802 4814 ab
1827 4760 1972 4814 ostio

403 4829 701 4891 distabant,
740 4840 799 4880 ut
829 4842 1054 4900 cernere
1084 4829 1384 4900 estrcapite
1443 4829 1670 4895 ultimo;
1702 4832 1974 4900 ἄρχοντα*

408 4901 596 4967 ρίκιον
636 4906 821 4951 autem
859 4898 1062 4950 dicitur
1120 4897 1291 4951 fuisse
1343 4913 1511 4966 prope
1540 4900 1742 4952 ostium
1778 4897 1886 4952 E‘at
1917 4899 1974 4952 in

404 4966 700 5022 admodum
735 4977 967 5035 angusto
987 4968 1342 5029 monasterio,
1366 4977 1428 5020 ut
1450 4967 1593 5020 istud
1620 4976 1759 5030 erat,
1787 4968 1842 5021 id
1870 4983 1978 5021 non

405 5037 686 5090 diceretur
735 5051 904 5104 prope
963 5037 1186 5098 ostium,
1245 5037 1390 5104 quod
1435 5037 1503 5089 ab
1528 5051 1594 5090 eo
1627 5046 1778 5090 tanto
1804 5039 1981 5106 spatio

405 5107 658 5160 distaret.
699 5106 766 5159 Et
817 5106 964 5174 quod
1018 5106 1189 5174 magis
1253 5114 1431 5175 urget,
1462 5106 1760 5174 despoticat
1785 5107 1982 5162 domus

407 5177 473 5229 ad
524 5176 830 5243 oppositam
891 5175 1056 5245 ostio
1093 5178 1308 5245 plagam
1357 5176 1478 5228 sitae
1509 5185 1852 5245 erantznam
1884 5177 1980 5244 qui

409 5255 574 5312 caput
604 5245 877 5314 ultimum,
918 5245 984 5298 de
1017 5243 1122 5298 situ
1151 5243 1492 5310 monasterii,
1518 5244 1809 5314 diligenter
1842 5243 1979 5300 con-

415 5313 706 5375 siderabit,
766 5315 1146 5380 deprehendet
1197 5314 1507 5384 despOticas
1550 5313 1744 5368 domes
1791 5330 1982 5370 versus

411 5385 751 5452 aquilonem,
777 5385 978 5438 ostium
1020 5398 1150 5437 vero
1173 5385 1240 5437 ad
1282 5384 1566 5438 meridiem
1587 5389 1752 5437 situm
1785 5385 1976 5439 fuisse.

410 5453 623 5506 Ostium
659 5463 841 5507 autem
874 5454 1096 5508 unicum
1127 5465 1248 5508 erat
1279 5455 1333 5507 in
1365 5453 1718 5517 monasterio,
1749 5455 1897 5523 quod
1925 5455 1981 5508 in

413 5523 645 5576 interius
661 5526 967 5578 etexterius
987 5523 1356 5593 dividebatur,
1371 5533 1430 5576 ut
1445 5539 1511 5576 ex
1528 5524 1778 5592 pluribus
1795 5523 1984 5593 Typici

413 5593 552 5646 locis
574 5594 877 5662 intelligere
904 5601 1008 5646 est.
1032 5591 1085 5644 2.
1112 5593 1246 5658 Quis
1272 5594 1461 5662 credat
1481 5591 1712 5661 easqua:
1733 5591 1984 5648 secessus

413 5663 584 5732 gratia
603 5663 671 5716 ad
697 5663 1088 5717 monasterium
1108 5661 1459 5725 accedebant,
1484 5663 1551 5716 ad
1575 5663 1980 5729 imperatoriam

414 5735 448 5785 d
477 5750 660 5794 mum,
698 5733 787 5786 ubi
825 5747 1055 5801 magnus
1086 5732 1330 5785 virorum
1370 5733 1775 5800 mulierumque
1804 5733 1981 5787 famu-

415 5803 559 5858 latus
597 5802 902 5866 habitabat,
936 5802 1181 5856 cubitum
1214 5803 1530 5858 amandatas
1551 5802 1736 5858 fuisse.
1762 5804 1816 5858 5.
1854 5803 1980 5873 Ἀρ-

697 5899 974 5963 ΡΛηοι,
1012 5897 1128 5959 Gn.
1158 5895 1455 5960 CXXVII.

2081 4612 2191 4675 illis
2218 4612 2602 4683 amplissimis,
2643 4623 2703 4668 ut
2754 4612 2990 4668 habetur
3037 4629 3157 4683 cap.
3213 4612 3299 4678 79,
3352 4623 3650 4679 convenire

2079 4690 2293 4760 nequit.
2315 4684 2634 4760 Neccﬂicit
2676 4684 2820 4760 quod
2871 4684 2980 4760 hic‘
2999 4684 3239 4760 digitur;
3266 4685 3651 4760 Ingredientur

2081 4761 2137 4813 in
2169 4751 2561 4813 monasterium
2587 4751 2903 4823 ρει-ίὲξὰγον
2954 4751 3265 4805 διαΰατικόν
3289 4769 3304 4818 ;
3331 4751 3470 4811 ’hinc
3500 4765 3649 4816 enim

2084 4845 2194 4883 non
2250 4825 2575 4897 putandum,
2609 4837 2788 4897 eas__e
2847 4823 3168 4897 monasterii
3205 4834 3360 4897 septo
3399 4839 3650 4895 egressas

2084 4891 2297 4962 fuisse;
2350 4909 2476 4948 nam
2541 4907 2665 4966 _c_ap.
2709 4891 3069 4966 l7,__jubctur
3098 4901 3158 4966 ut
3215 4891 3490 4966 praelecta,
3527 4913 3651 4966 qum

2083 4961 2476 5036 procuratores
2509 4961 2822 5036 alloquendi
2862 4975 3048 5036 _causa
3075 4964 3142 5036 ad
3177 4961 3378 5016 ostium
3410 4961 3647 5034 accedit,

2083 5029 2232 5106 ipsos
2279 5033 2799 5106 aliloquatur_i_nter_
2845 5029 3163 5106 duonostia.
3186 5047 3381 5101 nempe
3413 5029 3650 5094 interius

2083 5098 2138 5162 εἰ
2163 5098 2426 5165 exterius,
2461 5108 2517 5156 et
2544 5099 2746 5153 dehinc
2787 5098 3130 5172 ingrediatur
3152 5101 3204 5154 in
3234 5098 3648 5172 monasterium,

2086 5175 2301 5230 tametsi
2344 5172 2434 5226 illa
2462 5187 2493 5226 e
2511 5171 2848 5241 monasterio
2881 5169 3196 5241 nullatenus
3239 5169 3651 5241 egrediebatur.

2085 5244 2390 5318 Dicendum
2459 5241 2698 5318 igitur,_
2734 5237 3156 5318 ἁρχονταρίκιογ
3211 5237 3382 5318 fuisse
3453 5247 3653 5318 cellam

2087 5313 2380 5388 quamdam
2406 5325 2577 5380 prepe
2598 5310 2936 5388 ostium"no_n
2974 5310 3227 5374 interius,
3255 5310 3360 5388 _sed
3381 5316 3650 5380 exterius,

2088 5378 2204 5439 sive
2231 5378 2468 5452 primum
2515 5378 2838 5452 monasterii
2894 5378 3224 5452 ingressum,
3254 5384 3397 5436 intra
3433 5378 3652 5451 septum

2089 5447 2453 5515 monasterii;
2497 5451 2645 5518 quod
2735 5462 2850 5502 rem
2906 5447 3224 5518 diligentius
3277 5447 3653 5507 consideranti

2089 5523 2318 5594 patebit.
2332 5519 2452 5594 _C_ur
2477 5530 2660 5573 autem
2682 5519 2763 5572 sic
2790 5527 3039 5594 vocetur,
3060 5519 3370 5594 ignoratur.

2161 5592 2275 5661 (13')
2332 5589 2639 5661 Bﬁpa,‘ea
2692 5602 2818 5656 pars
2876 5587 3123 5661 ecclesiae
3181 5605 3304 5658 qua:
3368 5589 3511 5660 apud
3551 5605 3654 5646 nos

2089 5657 2494 5733 presbyterium
2517 5667 2767 5733 vocatur,
2788 5657 2932 5733 quod
2959 5659 3297 5733 presbyteris
3311 5669 3370 5733 e_t_
3383 5657 3654 5733 ministris

2090 5727 2282 5788 altaris
2339 5729 2617 5796 assignata
2668 5728 2759 5790 sit,
2809 5728 2877 5781 de
2931 5741 3042 5794 quo
3069 5727 3190 5782 [uae
3216 5730 3470 5785 eruditus
3495 5730 3659 5786 Pater.

2091 5802 2234 5859 Goar
2262 5803 2317 5856 in
2346 5797 2501 5855 Notis
2532 5799 2601 5855 ad
2625 5796 3044 5868 Eucbologium.
