4064 6432
372 431 507 496 1037

1794 437 2153 501 TYPICUM.

3496 458 3634 523 1038

358 548 543 611 δώσει,
581 544 1070 618 προσγραφομὲνη,
1116 546 1303 600 ὁποῖόν
1337 566 1395 601 τε
1439 548 1497 603 τὸ
1526 550 1749 621 χαρτίον
1795 551 1934 616 ἐστὶ,

2067 554 2214 610 illam
2274 561 2654 630 assumpserit.
2698 562 2914 634 Elapsis
2993 568 3226 638 posthac
3301 572 3630 643 quibusdam

360 640 457 693 καὶ
482 637 568 701 τίς
610 638 638 690 ὁ
685 637 842 690 τοῦτο
896 636 1318 708 ἀναλαϐόμενος.
1366 639 1619 710 Ἠμερῶν
1671 640 1728 692 δέ
1782 657 1946 693 τινων

364 731 505 801 μετά
534 728 695 782 τοῦτο
719 729 1066 795 διελθουσῶν,
1110 732 1418 804 ὑπομνήσει
1452 732 1552 801 τὴν
1592 732 1945 804 καθηγουμέ-

358 840 480 894 νην,
540 822 636 877 καὶ
686 823 1084 877 ἀνακαλέσεται
1140 825 1202 879 τὸ
1249 824 1537 895 ὲκϐληθὲν,
1583 826 1660 889 ὡς
1707 826 1945 897 εἴρηται.

362 915 608 985 χαρτίον,
643 915 737 968 καὶ
762 914 863 967 οὐκ
896 915 1048 967 ἐάσει
1083 915 1553 985 παραπόλλυςθαι.

445 1005 597 1057 Ἐπεὶ
628 1005 685 1057 δὲ
713 1008 807 1058 καὶ
835 1006 899 1058 τὸ
928 1006 1363 1075 είσοδιαζύμενον
1393 1009 1451 1059 ὲν
1482 1010 1549 1079 τῇ
1585 1009 1720 1078 μονῇ
1757 1006 1948 1079 κηρίον

361 1097 506 1150 κατὰ
562 1096 699 1149 πολὺ
754 1097 1014 1152 ἐπέκεινα
1063 1100 1161 1169 τῆς
1192 1099 1372 1164 ἐξόδου
1407 1100 1547 1165 ἐστὶ,
1587 1099 1885 1169 διορίζεται
1912 1101 1945 1168 ἡ

361 1185 608 1256 βασιλεία
642 1203 764 1256 μου,
802 1187 963 1241 πέντε
1008 1189 1143 1258 μόνα
1195 1190 1528 1260 κεντηνὰρια
1561 1190 1673 1262 (14)
1701 1190 1946 1261 ὑποκρα-

359 1278 567 1331 τεῖσθαι
609 1278 668 1342 ἐξ
717 1277 907 1341 αὐτοῦ,
952 1278 1095 1350 λόγῳ
1142 1279 1241 1349 τῆς
1292 1279 1593 1351 ἐκκλησίας
1626 1281 1722 1334 καὶ
1750 1281 1947 1352 λοιπῆς

358 1369 538 1436 ἐξόδου
563 1389 577 1405 ο
624 1371 684 1424 τὸ
713 1370 769 1424 δὲ
820 1371 1007 1424 λοιπὺν
1040 1370 1158 1441 ἅμα
1200 1370 1279 1442 τῷ
1309 1373 1735 1444 εἰσοδιασθῆναι,
1785 1374 1947 1436 εὐθὺς

358 1461 774 1530 διαπωλεῖσθαι,
818 1464 913 1517 καὶ
959 1462 1201 1517 δίδοσθαι
1241 1466 1323 1528 είς
1373 1466 1570 1537 ἐτέρας
1600 1465 1815 1530 ἐξόδους
1847 1467 1947 1538 τῆς

362 1555 554 1626 μονῆς.

962 1649 1219 1703 ΚΕΦΑΛ.
1254 1651 1338 1703 Κ’.

696 1739 835 1808 Περὶ
873 1739 984 1808 τῆς
1019 1740 1611 1809 ἐκκλησιαρχίσσης.

441 1830 505 1884 Ἦ
543 1831 643 1902 μέν
690 1848 774 1883 τοι
813 1832 1289 1902 ὲκκλησιάρχισσα
1321 1831 1474 1903 παρὰ
1521 1833 1620 1901 τῆς
1673 1832 1940 1904 καθηγου-

2055 644 2276 710 diebus,
2319 650 2566 705 monebit
2612 653 2950 723 praeiectam,
2982 664 3039 713 et
3088 669 3300 730 repetet
3351 665 3630 734 eductam,

2059 743 2117 789 ut
2141 735 2349 792 dictum
2381 748 2487 807 est,
2519 741 2789 809 chartam,
2827 761 2929 802 nec
2962 747 3105 805 sinet
3137 766 3257 807 eam
3285 752 3560 825 deperire.

2128 1000 2587 1073 Quandoquidem
2646 1017 2829 1062 autem
2882 1022 3142 1081 percepta
3198 1014 3252 1069 in
3297 1020 3633 1075 monasterio

2057 1107 2201 1156 cera,
2233 1109 2527 1165 expensam
2563 1099 2683 1168 ejus
2712 1101 2944 1156 multum
2976 1104 3231 1169 excedit,
3281 1111 3475 1164 statuit
3530 1111 3631 1166 im-

2056 1184 2271 1252 perium
2302 1201 2486 1240 meum
2521 1199 2583 1241 ut
2609 1204 2673 1243 ex
2703 1205 2765 1244 ea
2791 1192 3036 1262 quinque
3064 1202 3282 1250 tantum
3314 1202 3633 1257 centenaria

2056 1277 2401 1332 retineantur
2430 1295 2530 1349 pro
2557 1281 2811 1349 ecclesia,
2837 1294 2894 1337 et
2924 1285 3138 1355 reliquo
3171 1303 3274 1343 usu
3305 1306 3319 1355 ;
3350 1292 3632 1349 residuum

2057 1381 2193 1421 vero
2236 1382 2361 1422 cum
2416 1370 2654 1440 primum
2685 1386 3009 1444 perceptum
3039 1378 3228 1446 fuerit,
3281 1383 3467 1437 statim
3497 1400 3634 1439 ven-

2057 1456 2240 1525 datur,
2276 1467 2331 1513 et
2360 1461 2426 1515 ad
2459 1462 2595 1517 alias
2627 1467 2947 1522 monasterii
2980 1484 3250 1539 expensas
3288 1474 3560 1532 tradatur.

2653 1642 2880 1700 CAPUT
2914 1643 3033 1700 XX.

2212 1731 2283 1785 De
2308 1732 2762 1802 ecclesiarclzissa,
2793 1752 2889 1790 seu
2919 1738 3148 1794 ecclesia:
3180 1745 3488 1813 prwposita.

2131 1823 2387 1879 Ecclesiae
2428 1826 2719 1895 praeposita
2755 1843 2856 1898 per
2908 1816 3225 1899 p‘rtefectam
3269 1833 3466 1900 electa,
3515 1852 3637 1907 qua:

361 1920 532 1992 μένης
561 1921 1051 1993 προχειριζομένη,
1105 1923 1223 1993 ἥτις
1260 1921 1326 1977 ἂν
1357 1925 1496 1994 αὐτῇ
1529 1924 1654 1997 δόξῃ
1689 1925 1825 1996 πρὸς
1851 1926 1948 1997 τὴν

2059 1913 2314 1970 videlicet
2345 1916 2447 1985 ipsi
2485 1917 2553 1972 ad
2583 1919 2688 1973 tale
2735 1921 2973 1975 oilicium
3004 1932 3129 1993 apta
3160 1933 3217 1978 et
3274 1926 3473 1982 idonea
3522 1930 3634 1984 visa

360 2011 618 2083 τοιαύτην
672 2013 952 2067 διακονίαν
1005 2013 1317 2084 πρόσφορός
1370 2031 1430 2066 τε
1487 2015 1584 2068 καὶ
1643 2015 1948 2085 ἐπιτηδεία,

361 2103 867 2173 παραλαμϐάνουσα
900 2105 1079 2157 πάντα
1109 2106 1218 2158 ἀπὸ
1257 2107 1354 2173 τῆς
1394 2106 1942 2178 σκευοφυλακίσσης·

361 2196 428 2250 τὰ
465 2197 563 2268 μὲν
587 2201 645 2249 ἐν
679 2198 755 2267 τῷ
786 2197 901 2268 ναῷ
932 2199 1029 2268 τῆς
1060 2198 1229 2268 μονῆς
1251 2196 1538 2266 ὀφείλοντα
1567 2201 1949 2269 χρησιμεύειν,

361 2289 505 2341 κατὰ
537 2287 629 2341 τὸν
661 2290 853 2359 καιρὸν
883 2291 983 2359 τῆς
1020 2293 1440 2362 προχειρίσεως,
1478 2290 1565 2343 διὰ
1595 2291 1905 2362 πρακτικοῦ
1929 2307 1943 2322 ·

360 2381 428 2434 τὰ
473 2381 519 2434 δ’
566 2382 704 2436 ἄλλα
736 2382 802 2435 τὰ
833 2384 892 2436 ὲν
923 2384 1045 2445 ταῖς
1101 2384 1338 2453 ἑορταῖς,
1391 2382 1424 2453 ἢ
1476 2385 1543 2454 τῇ
1595 2380 1944 2455 καθημερινῇ

361 2474 555 2543 χρήσει
609 2474 920 2545 πρόσφορα,
985 2474 1126 2528 κατὰ
1181 2475 1273 2528 τὸν
1301 2474 1492 2527 δέοντα
1534 2475 1745 2545 καιρόν.
1799 2476 1948 2547 Αὕτη

362 2567 608 2636 φροντιεῖ
636 2565 730 2619 τοῦ
764 2567 1026 2635 συνήθους
1077 2566 1285 2636 κόσμου
1329 2566 1428 2636 τῆς
1484 2566 1802 2637 ἐκκλησίας,
1854 2567 1951 2622 καὶ

359 2659 461 2726 τῆς
491 2659 885 2728 ἀφωρισμένης
933 2661 991 2711 ὲν
1035 2657 1112 2729 τῷ
1152 2660 1386 2731 παρόντι
1431 2660 1650 2730 τυπικῷ
1684 2660 1946 2713 ἑκάστοτε

362 2748 648 2827 φωταψίας
672 2767 685 2777 ·
718 2749 787 2801 τὰ
814 2749 1177 2819 τετυπωμένα
1206 2749 1375 2819 κηρία
1404 2749 1748 2820 εἰργασμένα
1767 2766 1949 2819 παρα-

361 2841 722 2910 λαμόἁνουσα
756 2840 864 2894 ἀπὸ
913 2842 1010 2911 τῆς
1066 2836 1603 2911 σκευοφυλακίσσης,
1651 2842 1719 2895 τά
1758 2860 1817 2895 τε
1866 2843 1949 2904 εἰς

363 2920 744 3004 καθημερινὴν
779 2932 991 3003 χρείαν,
1034 2933 1129 2986 καὶ
1184 2934 1251 2987 τὰ
1313 2934 1392 2998 εἰς
1449 2933 1689 3007 ἑκάστην
1757 2935 1951 3004 ἑορτὴν

365 3023 750 3077 ἀναλίσκεσθαι
785 3023 1129 3078 τυπωθέντα,
1164 3026 1442 3079 Ποιείσθαι
1473 3026 1531 3079 δὲ
1564 3027 1825 3097 φροντίδα
1853 3027 1950 3079 καὶ

363 3109 461 3181 τῆς
488 3111 956 3182 ὲκκλησιαστικῆς
1008 3115 1067 3167 ὲν
1108 3116 1174 3184 τῇ
1210 3114 1503 3186 ψαλμῳδίᾳ
1533 3116 1948 3182 καταστάσεως,

364 3201 548 3266 καθὼς
578 3204 699 3268 ἔθος
730 3207 847 3258 ἐστὶ
879 3208 1000 3270 ταῖς
1027 3205 1573 3278 ἐκκλησιαρχίσσαις.

450 3257 696 3362 Ὀερείλεί
714 3294 768 3349 δὲ
809 3296 956 3367 ἔχειν
981 3257 1451 3369 inurat.
1618 3299 1953 3372 ὲκκλησιάρ-
1980 3257 2024 3316 C

366 3402 551 3457 χισσα,
587 3387 682 3442 καὶ
713 3387 1336 3459 παρεκκλησιάρχισσαν
1366 3390 1755 3459 συμπονοῦσαν
1785 3392 1952 3463 αὐτῇ,

365 3477 463 3532 καὶ
492 3478 1004 3550 καθυπηρετοῢσαν,
1041 3482 1138 3534 καὶ
1171 3480 1545 3551 συνεργοῦσαν
1586 3484 1668 3547 είς
1693 3481 1792 3553 τὴν
1822 3483 1957 3536 ἁνα-

368 3571 633 3642 κειμένην
666 3572 804 3641 αὐτῇ
838 3570 1141 3625 διακονίαν.

934 3682 1191 3737 ΚΕΦΑΛ.
1241 3685 1373 3739 KA'.

369 3777 508 3847 Περὶ
538 3777 649 3846 τῆς
674 3775 747 3831 τὰ
776 3774 1034 3847 ἐδώδιμα
1065 3773 1528 3843 εὶσοδιαζούσης
1570 3794 1652 3839 τε,
1696 3778 1791 3830 καὶ
1829 3779 1961 3840 ego-

442 3845 762 3914 διαζούσης
792 3845 1257 3917 διιυιονητριίις,Δ
1296 3847 1391 3900 καὶ
1445 3847 1556 3914 τῆς
1591 3851 1726 3912 παρ’
1769 3850 1961 3917 αὐτῆς

438 3919 810 3988 ὀφειλούσης
851 3916 1122 3985 γίνεσθαι
1157 3915 1387 3970 τούτων
1420 3917 1799 3986 ἀποῃοοφῆς.

455 4028 732 4090 Ὡσαύτως
780 4027 875 4081 καὶ
934 4026 1033 4096 τὴν
1090 4026 1159 4079 τὰ
1209 4027 1621 4097 είσοδιαζόμενα
1676 4029 1854 4083 πάντα
1893 4031 1960 4101 τῇ

371 4125 507 4194 μονῇ
549 4121 806 4193 βρώσιμα
861 4119 1270 4182 εἰσοδιάζουσάν
1316 4136 1374 4172 τε
1424 4121 1521 4172 καὶ
1577 4120 1961 4184 ἐξοδιάζουσαν

366 4215 774 4286 διακονήτριαν,
817 4211 1172 4284 διοριζόμεθα
1201 4209 1344 4263 κατὰ
1397 4209 1591 4281 μικρὸν
1646 4212 1964 4282 ἀπογράφε-

370 4308 495 4360 σθαι
526 4307 624 4371 τὰς
680 4305 945 4369 εἰσόδους,
1002 4305 1166 4357 πόσαι
1198 4316 1298 4369 σε,
1358 4304 1455 4355 καὶ
1487 4301 1639 4365 πότε,
1688 4305 1782 4355 καὶ
1817 4303 1960 4357 ὅθενο

364 4400 468 4464 τὰς
489 4398 546 4452 δὲ
588 4398 800 4465 ἐξόδους
851 4398 1026 4450 ποιεῖν
1057 4395 1331 4466 φανερῶς,
1369 4394 1511 4447 κατὰ
1540 4393 1639 4463 τὴν
1674 4394 1772 4464 τῆς
1802 4396 1964 4465 ἡγου-

373 4494 540 4563 μένης
588 4488 922 4560 πρόσταξιν·
959 4490 1116 4558 είπερ
1157 4486 1341 4558 μέλλοι
1376 4486 1442 4557 τῇ
1481 4485 1580 4554 μὲν
1611 4482 1816 4555 ἑαυτῆς
1844 4488 1961 4539 δια-

2057 2004 2244 2072 fuerit,
2293 2008 2481 2062 omnia
2530 2009 2753 2078 quidem
2788 2028 2911 2082 quae
2964 2013 3018 2067 in
3078 2016 3280 2085 templo
3313 2022 3635 2077 monasterii

2057 2098 2181 2151 usui
2233 2113 2355 2153 esse
2390 2099 2645 2155 debenta
2693 2118 2951 2157 vasorum
3008 2107 3239 2162 custode
3299 2125 3401 2178 per
3448 2120 3633 2168 actum

2057 2190 2292 2258 accipiet
2325 2199 2570 2260 tempore
2601 2193 2890 2249 electionis
2934 2215 2948 2249 :
3015 2197 3121 2251 alia
3159 2215 3290 2254 vero
3329 2200 3483 2257 festis
3541 2219 3633 2258 so-

2055 2281 2335 2336 lemnibus
2361 2292 2415 2338 et
2437 2285 2760 2354 quotidiano
2795 2288 2919 2341 usui
2951 2290 3365 2356 convenientia,
3390 2308 3637 2364 congruo

2059 2377 2327 2441 tempore.
2358 2373 2477 2442 Ipsa
2502 2374 2716 2429 curabit
2737 2388 3060 2431 consuetum
3088 2381 3335 2436 ecclesiae
3357 2391 3633 2449 ornatum,

2058 2471 2115 2515 et
2137 2462 2423 2518 deﬁnitum
2455 2465 2507 2518 in
2533 2469 2789 2535 praesenti
2823 2469 3001 2539 typieo
3033 2470 3269 2541 singulis
3297 2476 3639 2544 temporibus

2056 2553 2352 2617 luminare,
2394 2564 2632 2621 statutos
2674 2572 2866 2612 cereos
2897 2569 3122 2628 paratos
3163 2562 3442 2631 accipiens
3482 2580 3512 2620 a
3542 2582 3641 2622 va-

2053 2660 2241 2700 sorum
2272 2649 2519 2711 custode,
2564 2650 2680 2704 sive
2729 2667 2868 2720 quos
2899 2652 2967 2705 ad
3014 2654 3398 2722 quotidianum
3449 2672 3633 2725 usum,

2053 2738 2170 2792 sive
2196 2754 2335 2808 quos
2362 2740 2430 2794 ad
2456 2740 2700 2811 singulas
2717 2743 3097 2801 solemnitates
3116 2746 3327 2801 absumi
3349 2747 3635 2805 deﬁnitum

2053 2837 2157 2884 est.
2192 2830 2633 2886 Sollicitudinem
2669 2848 2889 2903 quoque
2945 2844 3101 2904 geret
3138 2839 3522 2896 ecclesiasticae
3577 2842 3632 2897 in

2054 2922 2358 2992 psalmodia
2394 2924 2721 2995 disciplinae,
2757 2934 2816 2982 ut
2847 2927 3018 2984 moris
3063 2938 3148 2985 est
3178 2932 3429 2989 ecclesiae
3482 2949 3630 3005 prae-

2054 3015 2268 3083 positis.
2368 3058 2373 3071 .

2133 3288 2365 3355 Oportet
2404 3297 2587 3343 autem
2633 3296 2694 3343 ut
2734 3289 3301 3359 ecclesia-praeposna
3354 3294 3636 3361 pareecle-

2061 3379 2417 3435 siarcliissam
2446 3380 2649 3435 habeat
2675 3396 2734 3436 se
2764 3382 3138 3453 adjuvantem,
3169 3383 3271 3437 sibi
3310 3384 3634 3439 ministran-

2062 3480 2194 3538 tem,
2226 3480 2283 3526 et
2333 3488 2440 3527 una
2471 3488 2695 3543 operam
2746 3484 3038 3529 navantem
3070 3474 3249 3530 oliicio
3290 3475 3393 3530 sibi
3424 3478 3640 3531 incum-

2060 3563 2235 3618 benﬁ.

2645 3675 2873 3732 CAPUT
2900 3676 3045 3732 XXI.

2066 3771 2139 3824 De
2171 3769 2379 3840 oﬁiciali
2403 3786 2521 3840 qum
2555 3771 2665 3840 esui
2697 3772 2994 3825 necessaria
3035 3771 3257 3840 percipit
3298 3780 3347 3824 et
3369 3773 3634 3840 expendit,

2170 3852 2217 3894 et
2252 3841 2392 3910 quod
2417 3841 2527 3893 Ιιίεε
2561 3839 2625 3892 ab
2650 3840 2766 3908 ipsa
2792 3842 2987 3909 scripto
3014 3839 3264 3894 mandari
3288 3839 3527 3895 debeant.

2133 4013 2431 4069 Oilicialem
2483 4014 2739 4069 similiter
2768 4015 2953 4069 omnia
2995 4015 3115 4069 esui
3149 4023 3294 4085 apta,
3347 4017 3411 4069 ad
3449 4032 3642 4071 mona-

2064 4107 2294 4160 sterium
2325 4115 2666 4175 comportata
2704 4105 3102 4176 percipientem
3134 4116 3189 4161 et
3212 4107 3637 4174 cxpendentem,

2063 4198 2360 4253 statuimus
2422 4198 2735 4252 minutatim
2802 4196 3120 4253 describere
3192 4213 3318 4267 quae
3368 4200 3638 4269 percepit,

2064 4301 2291 4361 quanta,
2348 4291 2570 4361 quando
2631 4301 2686 4344 et
2738 4291 2887 4344 unde
2934 4290 3300 4357 obvenerint;
3374 4307 3641 4361 expensas

2064 4391 2250 4436 autem
2296 4383 2449 4452 juxta
2502 4380 2819 4436 mandatum
2880 4380 3151 4451 praefecte:
3202 4382 3381 4451 palam
3425 4383 3639 4438 facere:

2064 4472 2111 4527 si
2160 4472 2400 4527 voluerit
2450 4472 2821 4527 ministerium
2882 4472 3106 4541 quidem
3168 4487 3329 4526 suum
3396 4473 3635 4543 irrepre-

370 4584 524 4656 κονίᾳ
548 4584 612 4636 τὸ
642 4583 935 4652 ἄμεμπτον
980 4578 1416 4650 περιποιεῖσθαι,
1468 4579 1560 4631 καὶ
1586 4579 1953 4649 ἀπρόσκοπον,

2066 4566 2304 4620 hensum
2338 4576 2394 4620 et
2413 4565 2750 4634 inculpatum
2779 4580 3023 4629 servare,
3054 4579 3273 4619 sorores
3289 4581 3420 4618 vero
3448 4581 3642 4620 omnes

369 4680 434 4747 τῇ
469 4676 525 4730 δὲ
548 4674 872 4745 ἀδελφότητι
901 4673 1051 4743 πάσῃ
1073 4670 1135 4724 τδ
1155 4669 1606 4738 ἀσκανδάλιστον,
1637 4672 1732 4724 καὶ
1756 4673 1960 4743 ἀτάρα-

372 4787 485 4842 χον,
518 4769 611 4821 καὶ
634 4767 817 4828 πάσας
851 4764 1245 4834 πληροφορείν.

938 4877 1191 4931 ΚΕΦΑΛ.
1235 4877 1363 4929 KB'.

844 4970 985 5039 Περὶ
1015 4969 1124 5038 τῆς
1148 4970 1452 5037 οίνοχόης.

440 5087 553 5142 Καὶ
577 5082 825 5154 οἰνοχόην
863 5080 1263 5152 προχειριεὴαι
1286 5079 1320 5147 ἡ
1352 5076 1768 5147 καθηγουμένη,
1800 5076 1952 5146 ὀφεί-

368 5179 573 5233 λουσαν
605 5174 1058 5246 παραλαμϐάνειν
1092 5171 1273 5225 πάντα
1301 5169 1392 5222 τὸν
1424 5167 1860 5238 είσοδιαζόμενον
1893 5171 1951 5220 ἐν

369 5276 439 5344 τῇ
478 5272 612 5342 μονῇ
643 5263 805 5334 οἶνον,
849 5260 1076 5321 παλαιόν
1108 5280 1168 5317 τε
1202 5261 1299 5316 καὶ
1347 5261 1490 5325 νέον,
1527 5261 1623 5312 καὶ
1666 5260 1952 5330 προσγρά-

374 5366 569 5436 φεσθαι
593 5362 803 5427 τοῦτον,
853 5359 948 5413 καὶ
969 5354 1262 5423 ὲξοδιάζειν
1294 5351 1422 5405 ἔνθα
1455 5350 1608 5422 παρὰ
1642 5351 1743 5421 τῆς
1782 5352 1952 5421 ἡγου-

378 5458 549 5529 μένης
577 5452 916 5526 προσταχθῇ.

2070 4658 2191 4712 sine
2220 4656 2482 4713 seandalo
2513 4665 2570 4711 et
2626 4654 3044 4726 perturbatione
3080 4669 3220 4722 esse,
3273 4655 3641 4726 omnibusque

2069 4750 2313 4805 animum
2338 4750 2581 4819 explere.

2629 4863 2855 4919 CAPUT
2905 4862 3069 4918 ΧΧΙΙ.

2620 4953 2699 5006 De
2729 4956 2833 5007 vini
2857 4953 3087 5008 custode.

2139 5068 2264 5122 Vini
2312 5080 2533 5137 quoque
2569 5063 2854 5119 custodem
2913 5062 3169 5117 instituet
3232 5062 3507 5132 praefecta,
3550 5064 3639 5118 cui

2062 5161 2346 5214 incumbet
2388 5158 2576 5212 vinum
2617 5170 2794 5223 omne
2834 5158 3172 5210 monasterio
3204 5155 3431 5210 allatum
3480 5166 3642 5212 vetus

2063 5258 2120 5304 et
2146 5265 2352 5304 novum
2382 5248 2695 5318 percipere,
2730 5246 3071 5312 describere,
3113 5254 3170 5302 et
3193 5249 3507 5317 expendere
3545 5249 3638 5303 ubi

2065 5358 2096 5396 a
2127 5342 2384 5411 prtefecta
2410 5343 2621 5412 jussum
2649 5339 2837 5396 fuerit.

1650 5562 2114 5627 Montfauconii
2175 5569 2363 5622 notae.

447 5700 560 5770 (ιι)
593 5695 984 5770 Κεντηγὰρια.
1006 5689 1454 5770 _Ce_ntenarium.
1515 5695 1750 5767 centum.
1792 5687 1950 5743 libris

377 5764 613 5831 constat,
634 5782 759 5821 cum
786 5766 842 5820 in
877 5764 1234 5836 ponderibus,
1287 5770 1403 5836 tum
1441 5764 1497 5812 in
1536 5764 1806 5827 pecuniis.

451 5840 563 5911 (15)
593 5830 667 5891 Ἦ
688 5836 839 5891 κατὰ
863 5830 1127 5905 οἱαιρούς.
1151 5830 1316 5897 Quasi
1346 5830 1518 5896 dicas,
1546 5842 1668 5897 quae
1695 5842 1792 5895 per
1814 5835 1951 5883 tem~

2060 5703 2195 5757 pora
2226 5686 2355 5757 erit,
2394 5684 2652 5754 frequens
2678 5687 2733 5739 in
2768 5685 2873 5741 hoc
2897 5702 3061 5756 opere
3089 5684 3377 5757 loquendi_
3398 5678 3637 5746 modus;

2059 5752 2115 5812 at
2141 5772 2265 5812 eum
2294 5756 2386 5810 vix
2412 5752 2538 5825 apte
2563 5757 2798 5824 exprimi
2831 5752 3017 5825 queat,
3059 5766 3113 5812 et
3145 5752 3284 5810 nihil
3314 5752 3381 5809 ad
3415 5767 3638 5808 sensum

2060 5827 2249 5894 addat,
2275 5828 2528 5882 consulto
2554 5826 2848 5883 omittitur.
