4064 6422
434 424 574 491 1039

994 530 1216 587 CAPUT
1250 526 1452 598 ,xxm.

1003 620 1076 676 De
1133 621 1434 676 horrearia.

508 719 853 777 llorreariam
888 733 1108 788 quoque
1141 724 1346 771 statuet
1368 713 1647 784 pra3fecta,
1679 710 1838 781 cujus
1886 705 2005 762 oili-

435 813 579 866 cium
615 811 740 875 erit,
781 809 964 879 fruges
991 823 1187 862 omnes
1248 816 1308 860 ct
1359 805 1636 875 legumina
1694 801 2005 872 percipere,

437 921 607 974 caque
639 903 953 973 expendere
981 903 1139 971 jussu
1170 899 1476 970 praefectae;
1519 913 1581 952 ac
1625 894 2004 950 omnimodam

434 1012 624 1051 eorum
654 1011 846 1050 curam
881 1008 1093 1066 gerere,
1140 1007 1208 1046 ne
1239 991 1380 1046 forte
1431 989 1643 1044 incuria
1691 986 1748 1040 in
1792 985 2012 1040 horreis

437 1091 762 1160 depereant.

979 1277 1204 1334 CAPUT
1269 1275 1458 1330 XXIV.

830 1387 908 1440 De
951 1387 1111 1456 oﬁicio
1160 1386 1629 1455 depositariarum.

513 1500 589 1554 De
623 1497 976 1568 perceptione
1013 1505 1068 1550 et
1095 1510 1335 1565 espensa
1385 1497 1767 1564 pecuniarum,
1801 1506 2015 1547 necnon

440 1592 508 1647 dc
538 1606 726 1645 carum
771 1589 1020 1643 custodia
1050 1599 1105 1642 ct
1150 1589 1542 1656 descriptione,
1567 1587 1676 1657 jam
1722 1585 2016 1640 dicendum

438 1694 543 1738 est.
581 1683 728 1736 Duas
773 1682 922 1736 enim
983 1679 1352 1749 depositarias
1407 1679 1459 1730 in
1501 1677 1838 1731 monasterio
1894 1692 2018 1731 esse

441 1775 757 1837 statuimus,
789 1788 1023 1842 quarum
1056 1787 1162 1824 una
1210 1770 1432 1839 quidem
1483 1770 1722 1824 arculam
1771 1778 2020 1838 recepta-

1695 407 1984 470 IRENES
2021 405 2174 466 AUG
2187 403 2403 465 UST/E

2042 527 2088 582 Α

3548 390 3688 457 1040

2701 513 2952 568 ΚΕΦΑΛ.
2994 511 3121 565 ΚΓ.

2573 606 2711 675 Περὶ
2744 605 2854 676 τῆς
2883 603 3211 673 ώρειαρίας.

2182 701 2292 755 Καὶ
2340 699 2635 770 ώρειαρίαν
2679 698 2736 750 δὲ
2795 695 3129 766 καταστήσει
3183 693 3217 761 ἠ
3279 689 3690 760 καθηγουμένη,

2111 793 2435 861 ὀφείλουσαν
2459 790 2527 844 τὰ
2563 790 2848 860 γενήματα
2879 788 3055 842 πάντα
3087 781 3559 854 παραλαμϐάνειν,
3610 779 3693 832 ἐτι

2112 883 2168 936 δὲ
2204 884 2296 936 κα)⁸
2323 882 2391 935 τὰ
2420 882 2643 951 ὄσπρια,
2677 880 2771 932 καὶ
2799 879 2895 942 τὰς
2922 877 3136 942 ἐξόδους
3168 873 3374 927 τούτων
3403 870 3693 932 ποιεῖσθαι,

2117 975 2414 1045 προστάξει
2443 975 2544 1043 τῆς
2568 971 2990 1040 καθηγουμένης
3015 988 3029 999 ·
3063 967 3144 1019 ἔτι
3168 983 3228 1019 τε
3264 964 3532 1027 παντοίως
3573 964 3696 1015 ἑπι-

2117 1066 2399 1135 με).εῖσθαι
2422 1064 2649 1126 τούτων,
2693 1064 2780 1116 ἵνα
2807 1063 2882 1132 μὴ
2916 1061 2974 1124 ἐξ
3016 1056 3278 1129 ἀμελείας
3304 1055 3468 1124 τυχὸν
3491 1055 3549 1105 ὲν
3587 1052 3700 1114 τοῖς

2115 1157 2332 1227 ώρείοις
2363 1157 2728 1212 άπόλλωνται.

2703 1262 2953 1315 ΚΕΦΑΛ.
2988 1262 3110 1314 KA'.

2313 1373 2454 1442 Περὶ
2480 1371 2591 1441 τῆς
2618 1372 2738 1426 τῶν
2765 1371 3114 1440 δοχεισριῶν
3140 1367 3472 1434 διακονίας.

2192 1483 2330 1553 Περὶ
2359 1482 2415 1535 δὲ
2445 1483 2540 1550 τῆς
2566 1481 2675 1534 τῶν
2710 1478 3065 1550 νομισμάτων
3095 1475 3302 1529 εἰσόδου
3349 1491 3407 1526 τε
3453 1473 3548 1525 καὶ
3583 1470 3704 1535 ἐξό-

2119 1577 2232 1643 δου,
2274 1575 2522 1645 φυλακῆς
2554 1591 2636 1640 τε,
2669 1574 2763 1626 καὶ
2793 1571 3145 1643 ἀπογραφῆς,
3174 1569 3274 1639 ήδη
3310 1566 3551 1619 λεκτέον.
3602 1563 3706 1616 Δύο

2120 1671 2228 1740 γὰρ
2257 1667 2567 1738 δοχειαρίας
2596 1666 2874 1735 τυποῦμεν
2906 1661 3044 1716 εἶναι
3085 1664 3142 1714 ὲν
3174 1665 3239 1731 τῇ
3296 1663 3456 1730 μονῇ,
3485 1657 3558 1711 ὢν
3607 1657 3709 1726 τὴν

2127 1760 2226 1829 μὲν
2253 1758 2386 1826 μίαν
2420 1758 2644 1825 κρατεῖν
2675 1754 2736 1806 τὸ
2763 1754 3020 1808 κιϐώτιον
3056 1753 3165 1804 τῶν
3217 1750 3316 1820 τῆς
3351 1748 3710 1814 είσοδοεξόδου

442 1884 564 1922 rum
595 1877 652 1922 et
678 1865 1130 1921 insumendarum
1182 1865 1541 1933 pecuniarum
1591 1862 1864 1916 custodiet
1897 1878 1911 1926 ;
1945 1862 2025 1915 al-

2138 1848 2518 1921 νομισμάτων
2550 1847 2646 1917 τὴν
2681 1846 2738 1899 δὲ
2773 1844 2972 1917 ἑτέραν
3007 1845 3233 1914 κρατεῖν
3279 1839 3340 1892 τὸ
3363 1840 3575 1910 βέστιον
3595 1838 3710 1907 (16)

447 1967 563 2012 tera
611 1972 744 2011 vero
792 1955 1110 2011 vestiarium
1161 1955 1614 2009 indumentorum
1667 1953 2014 2008 asservabit:

445 2065 570 2105 nam
604 2058 660 2103 et
693 2048 809 2117 ipsa
839 2047 1173 2115 depositaria
1203 2047 1514 2101 vocabitur.

516 2139 857 2210 Depositaria
892 2139 1078 2208 itaque
1110 2148 1459 2208 receptarum
1495 2152 1880 2208 pecuniarum,
1915 2152 2023 2191 una

445 2247 573 2288 cum
628 2233 801 2285 altera
833 2231 1169 2299 depositaria
1221 2231 1490 2295 vestiarii,
1526 2231 1736 2284 sciente
1780 2239 1836 2284 et
1887 2246 2026 2299 pra:-

447 2331 604 2377 sente
659 2321 937 2389 pra-lecta,
969 2321 1250 2374 describet
1295 2335 1518 2374 omnem
1572 2320 1812 2375 reditum
1853 2336 2023 2391 pecu-

447 2413 667 2468 niarum
715 2410 768 2464 in
803 2410 1140 2464 monasterio
1195 2420 1560 2479 receptarum,
1595 2425 1792 2479 nempe
1845 2411 2027 2480 cujus-

447 2502 600 2556 modi
651 2509 706 2555 et
737 2501 1011 2555 undenam
1066 2501 1174 2555 illa:
1215 2501 1347 2555 sint.
1397 2501 1663 2556 Extrahet
1717 2510 1904 2556 autem
1959 2517 2025 2556 ex

450 2592 757 2662 ipsisjussu
787 2591 1056 2660 praelecta:
1080 2607 1348 2647 summam
1375 2595 1734 2662 pecuniarum
1763 2605 2024 2664 quantam

453 2684 569 2753 ipsa
605 2684 861 2752 praafccta
906 2684 1166 2749 voluerit,
1199 2692 1254 2738 ct
1288 2684 1562 2739 describet
1593 2685 1739 2739 illam
1772 2685 1827 2739 in
1857 2702 2026 2755 parva

449 2775 734 2837 schedula,
760 2789 884 2828 cum
930 2776 1035 2828 alia
1071 2775 1403 2844 depositaria
1439 2791 1453 2842 ;
1483 2790 1646 2844 quam
1693 2775 1808 2845 ipsa
1848 2778 2027 2831 susci-

449 2866 565 2937 piet
607 2874 664 2920 et
688 2866 960 2936 expendet
991 2865 1086 2920 ubi
1137 2866 1392 2936 praetecta
1431 2867 1679 2937 jusserit,
1720 2868 2026 2936 taliumque

450 2958 808 3029 pecuniarum
838 2973 1133 3026 expensam
1161 2958 1475 3012 minutatim
1508 2959 1564 3012 in
1597 2959 1788 3013 codice
1819 2957 2029 3013 descri-

452 3049 565 3102 bet.
597 3038 676 3101 Et.
694 3059 982 3117 postquam
1023 3049 1268 3116 pecunia:
1294 3040 1600 3118 absumpta:
1629 3048 1857 3113 fuerint,
1883 3047 2026 3102 codi-
2065 3033 2072 3041 ’

451 3154 572 3194 cem
599 3140 828 3200 deferet,
863 3140 1243 3209 rationemque
1272 3139 1545 3208 praal'ecta:
1583 3139 1776 3193 reddet
1811 3141 1866 3193 in
1900 3155 2029 3194 con-

455 3239 652 3300 spectu
685 3229 912 3283 alterius
940 3229 1308 3296 depositariae.
1338 3228 1627 3297 Rescripta
1654 3238 1838 3282 autem
1867 3243 2036 3297 pecu-
2061 3209 2104 3266 ο

449 3321 666 3374 niarum
701 3320 780 3374 sic
829 3335 1217 3387 expensarum,
1247 3319 1471 3387 proprio
1519 3320 1774 3372 contacio
1824 3319 2028 3374 inserta

455 3413 512 3465 in
571 3411 919 3479 receptaculo
950 3411 1131 3478 jacere
1183 3409 1408 3462 debent.
1435 3409 1645 3462 Dehinc
1692 3409 2025 3478 depositaria

451 3501 648 3556 eodem
691 3500 851 3554 modo
889 3499 1023 3553 alias
1065 3500 1326 3569 pecunias
1362 3500 1518 3570 jussu
1559 3498 1829 3568 praelecta:
1876 3516 2030 3555 resu-

457 3598 589 3644 met.
639 3590 707 3644 Et
756 3590 836 3644 sic
890 3589 984 3642 [iet
1056 3589 1109 3642 in
1168 3599 1516 3658 perpetuum.
1567 3590 1821 3645 Arculam
1897 3606 2028 3646 vero

458 3679 772 3752 hujusmodi
820 3682 1177 3749 pecuniarum
1227 3690 1617 3750 perceptarum
1649 3691 1706 3736 et
1742 3682 2030 3738 insumen-

455 3773 671 3836 darum,
707 3771 997 3842 sigillatum
1029 3779 1248 3841 oportet
1281 3787 1311 3826 a
1341 3772 1556 3827 duabus
1583 3772 1951 3840 depositariis,
1975 3780 2032 3828 et

456 3865 528 3919 ab
562 3865 682 3933 ipsa
707 3863 982 3934 praetecta.

2122 1943 2230 1996 τῶν
2255 1939 2568 2010 ἐνδυμάτων
2592 1952 2609 1970 ⁶
2642 1939 2738 1991 καὶ
2775 1936 2915 2008 αὐτὴ
2946 1935 3056 2006 γὰρ
3077 1931 3357 2004 δοχειαρία
3403 1930 3715 2002 ὀνομασθή-

2127 2050 2305 2087 σεται.

2211 2125 2275 2177 'H
2314 2123 2446 2192 γοῦν
2481 2121 2762 2192 δοχειαρῐα
2811 2121 2909 2189 τῆς
2952 2119 3158 2172 εἰσόδου
3185 2118 3293 2172 τῶν
3335 2114 3713 2186 νομισμάτων,

2129 2219 2244 2286 ἅμα
2276 2219 2342 2287 τῇ
2377 2216 2539 2286 ἑτέρᾳ
2568 2213 2848 2283 δοχειαρία
2867 2214 2934 2281 τῇ
2969 2211 3063 2264 ἐπὶ
3105 2209 3197 2263 τοῦ
3239 2208 3475 2278 βεστίου,
3508 2206 3716 2274 εἰδήσει

2129 2309 2226 2373 καὶ
2267 2307 2544 2379 παρουσίᾳ
2580 2305 2682 2374 τῆς
2733 2303 3046 2374 ἡγουμένης
3097 2300 3482 2370 άπογράψεται
3534 2299 3718 2350 πᾶσαν

2130 2398 2336 2452 εἴσοδον
2366 2397 2455 2451 διὰ
2481 2394 2866 2466 νομισμάτων,
2904 2392 3348 2462 εἱσοδιαζομένην
3384 2392 3464 2454 είς
3496 2390 3557 2443 τὸ
3618 2406 3718 2459 μο-

2129 2491 2446 2559 ναστήριον,
2474 2489 2560 2540 οἵα
2585 2487 2680 2540 καὶ
2710 2485 2832 2538 ὅθεν
2865 2486 3033 2538 ἐστίν.
3103 2482 3473 2536 Ἐκϐάλλουσα
3528 2481 3585 2534 δὲ
3621 2480 3719 2534 ἀπ’

2133 2581 2314 2634 αὐτῶν
2356 2579 2652 2648 πρόστάξει
2699 2578 2798 2647 τῆς
2846 2574 3268 2646 καθηγουμένης
3308 2574 3583 2641 ποσότητα
3633 2588 3722 2625 νο-

2135 2673 2452 2744 μισμάτων,
2494 2673 2627 2740 ὅσην
2660 2669 2726 2723 ἂν
2771 2669 2910 2740 αὐτὴ
2963 2670 2996 2738 ἡ
3039 2668 3429 2738 καθηγουμένη
3491 2665 3720 2735 θελήσῃ,

2131 2766 2228 2819 καὶ
2260 2761 2730 2835 προσγραφομένη
2762 2761 2968 2830 ταύτην
2999 2761 3058 2813 ὲν
3092 2760 3172 2830 τῷ
3202 2759 3384 2830 μικρῷ
3441 2756 3725 2830 προσγρά-

2132 2878 2240 2931 φῳ,
2279 2861 2420 2930 μετὰ
2450 2860 2549 2925 τῆς
2574 2858 2768 2928 ἐτέρας
2800 2855 3134 2927 δοχειαρίας,
3167 2856 3306 2926 αὑτὴ
3338 2853 3724 2924 παραλήψεται

2131 2956 2360 3024 ταύτην,
2395 2954 2491 3005 καὶ
2525 2951 2792 3016 ὲξοδιάσει
2821 2948 2949 3003 ἔνθα
2976 2950 3009 3018 ή
3043 2947 3431 3016 καθηγουμένη
3486 2943 3725 3015 προστά-

2139 3046 2240 3112 ξει,
2272 3044 2632 3117 προσγράφοι»
2667 3041 3040 3114 λεπτομεροῦς
3065 3043 3164 3110 τῆς
3195 3041 3377 3106 ἐξόδου
3410 3039 3515 3091 τῶν
3544 3035 3726 3090 τοιού-

2136 3156 2244 3191 των
2269 3139 2622 3207 νομισμάτων
2653 3135 2943 3204 γινομένου
2982 3131 3111 3202 παρ’
3154 3131 3348 3197 αὐτῆς.
3389 3131 3551 3190 Ἤτις
3585 3128 3728 3194 μετὰ

2138 3229 2199 3282 τὸ
2232 3228 2520 3299 πληρῶσαι
2551 3228 2619 3279 τά
2675 3226 2986 3294 νομίσματα
3019 3227 3350 3293 ὰποκομίσει
3405 3221 3495 3274 τὸν
3553 3220 3728 3290 πρόσ-

2139 3337 2376 3390 γραφον,
2412 3321 2506 3372 καὶ
2536 3317 3034 3390 λογαριασθήσεται
3081 3314 3235 3384 παρὰ
3288 3313 3385 3382 τῆς
3449 3310 3730 3383 καθηγου-

2143 3413 2332 3483 μένης,
2393 3413 2626 3466 ἐνώπιον
2688 3413 2783 3464 καὶ
2835 3411 2936 3480 τῆς
3001 3409 3195 3477 ἐτέρας
3248 3404 3580 3476 δοχειαρίας.
3614 3403 3729 3455 Καὶ

2139 3505 2462 3576 ἁπογραφαὶ
2492 3504 2600 3556 τῶν
2640 3502 3073 3573 τοιουτοτρόπως
3109 3497 3535 3567 ὲξοδιαζομένων
3570 3509 3729 3562 νομι-

2142 3598 2475 3666 σμάτων,ὲν
2505 3596 2761 3659 ἰδιάζοντι
2810 3592 3083 3662 κοντακίῳ
3142 3590 3255 3661 (l7)
3306 3582 3728 3655 καταστρωννῠ-

2143 3704 2322 3756 μεναι,
2355 3689 2433 3748 είς
2469 3686 2528 3739 τὸ
2563 3687 2768 3756 δοχείον
2793 3684 3010 3738 κεῖσθαι
3046 3683 3379 3750 ὀφείλουσιν.
3406 3676 3520 3732 Εἴθ’
3554 3675 3730 3738 οὕτως

2140 3779 2472 3848 ἀναλήψεται
2540 3778 2704 3831 πάλιν
2762 3775 2926 3846 ἕτερα
2988 3773 3303 3845 νομίσματα
3350 3773 3385 3834 ἠ
3447 3767 3730 3839 δοχειαρία

2142 3871 2440 3941 προστάξει
2479 3869 2580 3938 τῆς
2612 3866 3058 3938 καθηγουμένης.
3091 3867 3202 3920 Καὶ
3231 3863 3403 3926 οὕτως
3439 3862 3730 3931 γενήσεται

454 3957 538 4020 εἰς
563 3958 625 4011 τὸ
663 3955 928 4024 διηνεκές.
972 3953 1046 4006 Τὸ
1078 3954 1263 4024 μέντοι
1299 3955 1554 4009 κιϐώτιον
1604 3956 1713 4010 τῶν
1771 3957 2034 4013 τοιούτων
2072 3963 2430 4033 νομισμάτων
2490 3963 2591 4032 τῆς
2655 3953 3731 4028 είσοδοεξόδου,όφείλειὲσφραγισμένον

455 4047 599 4104 εἶναι
631 4047 785 4117 παρά
816 4063 874 4099 τε
901 4045 1009 4098 τῶν
1038 4046 1132 4099 δύο
1172 4048 1516 4120 δοχειαριῶν,
1572 4051 1667 4102 καὶ
1717 4052 1888 4122 αὐτῆς
1940 4054 2038 4123 τῆς
2078 4056 2526 4128 καθηγουμένης.

524 4142 764 4197 Alteram
789 4147 972 4194 autem
1001 4140 1244 4194 arculam
1275 4142 1465 4210 reponi
1487 4141 1740 4196 volumus
1763 4144 1818 4198 in
1846 4159 2041 4200 scevo-

457 4234 732 4304 phylacio,
765 4247 863 4285 seu
899 4233 1164 4296 sacrario,
1193 4232 1485 4300 sigillatam
1515 4249 1545 4287 a
1579 4235 1859 4302 praefecta,
1889 4251 2040 4292 oeco-

457 4340 646 4390 nomo,
710 4337 970 4377 vasorum
1012 4321 1244 4376 custode
1291 4329 1349 4375 et
1395 4323 1772 4392 depositariis,
1823 4327 1879 4381 in
1929 4343 2039 4396 qua

459 4415 760 4472 reconditae
817 4413 1067 4482 pecunia:
1136 4412 1524 4467 servabuntur.
1581 4415 1810 4485 Expleta
1871 4418 2040 4489 igitur

459 4522 624 4570 anno,
646 4507 694 4560 si
717 4503 1068 4559 miseratione
1101 4502 1514 4574 Gratia-piem»,
1533 4508 1766 4564 residuae
1785 4511 2036 4580 quaedam

460 4598 708 4669 pecunia:
753 4595 994 4664 antiqua
1037 4595 1319 4664 qualitatis
1369 4597 1738 4665 reperiantur,
1767 4617 1888 4670 quae
1917 4618 2038 4657 mo-
2070 4581 2116 4634 θ

463 4691 704 4744 nastcrio
753 4702 852 4757 per
889 4687 944 4740 id
999 4687 1265 4756 temporis
1313 4690 1642 4744 necessariae
1675 4706 1782 4744 non
1817 4693 1950 4756 sint,
1983 4694 2040 4747 in

465 4791 764 4835 memorata
790 4779 976 4834 arcula
1003 4779 1393 4846 recondentur,
1419 4771 1634 4836 sublato
1659 4785 1812 4852 prius
1838 4785 2037 4855 sigillo,

467 4887 532 4926 ac
564 4870 764 4924 deinde
817 4868 1094 4933 restituto,
1121 4875 1179 4921 ut
1209 4883 1372 4938 supra
1434 4869 1642 4925 dictum
1675 4881 1761 4927 est
1795 4891 1808 4926 :
1840 4872 2042 4943 ﬁatque

467 4965 800 5034 rescriptum
835 4963 1133 5018 recondita:
1164 4963 1453 5032 pecunia;
1507 4973 1568 5017 ut
1601 4964 1645 5019 si
1675 4965 1842 5035 (quod
1875 4966 2042 5036 absit)

464 5073 592 5112 casu
621 5055 879 5124 quopiam
911 5054 964 5106 in
993 5053 1331 5107 monasterio
1356 5053 1701 5123 obtingente,
1730 5056 2044 5110 necessaria

464 5149 532 5200 ad
562 5147 682 5214 ejus
722 5160 992 5213 expensas
1043 5145 1267 5198 aliunde
1329 5161 1439 5199 non
1493 5148 2046 5216 suppetant;avulso

468 5237 614 5290 illius
648 5236 851 5288 arcula:
897 5235 1078 5304 sigillo
1112 5235 1182 5290 ab
1215 5236 1284 5290 iis
1328 5237 1424 5304 qui
1463 5236 1614 5291 illam
1661 5238 2042 5308 obsignaram,

468 5341 683 5381 summa
714 5323 959 5394 quadam
994 5325 1242 5394 pecuniae
1269 5325 1559 5392 educatur,
1592 5336 1648 5382 et
1681 5327 1746 5382 ad
1794 5339 2046 5398 recepta-

2223 4149 2454 4218 Ἕτερον
2515 4146 2573 4200 δὲ
2621 4143 2879 4200 κιϐώτιον
2933 4143 3237 4214 βουλόμεθα
3302 4140 3517 4194 κεῖσθαι
3563 4140 3620 4192 ἐν
3653 4139 3732 4208 τῷ

2147 4237 2618 4308 σκευοφυλακείῳ,
2653 4237 3095 4308 ὲσφραγισμένον
3126 4235 3279 4305 παρά
3315 4251 3372 4286 τε
3423 4236 3520 4302 τῆς
3561 4231 3735 4299 καθη-

2142 4330 2442 4400 γουμένης,
2473 4328 2568 4382 τοῦ
2599 4330 2909 4398 οἰκονόμου,
2939 4328 3039 4396 τῆς
3074 4324 3602 4394 σκευοφυλακίσσης,
3635 4323 3732 4374 καὶ

2141 4420 2248 4472 τῶν
2299 4419 2636 4491 δοχειαριῶν,
2686 4421 2824 4490 ὅπερ
2877 4417 3082 4487 ὀφείλει
3129 4417 3274 4487 ἔχειν
3318 4417 3385 4468 τὰ
3417 4415 3723 4467 ἐναπόθετα

2145 4510 2484 4580 νομίσματα.
2524 4510 2656 4562 Ὅτε
2709 4509 2841 4577 γοῦν
2875 4509 3256 4578 συμπληρωθῇ
3294 4509 3320 4558 ό
3359 4507 3572 4576 χρόνος,
3636 4505 3732 4558 καὶ

2146 4601 2486 4671 εὑρίσκεται,
2522 4601 2598 4672 τῷ
2651 4601 2752 4672 τῆς
2805 4601 3270 4670 Κεχαριτωμένης
3328 4599 3487 4659 ἐλέει,
3547 4613 3736 4666 περιτ-

2150 4693 2374 4747 τεύοντά
2402 4710 2522 4745 τινα
2558 4693 2910 4762 νομισμάτων
2939 4693 3179 4752 παλαιᾶς
3234 4690 3521 4757 ποιότητος
3579 4689 3730 4752 ὄντα,

2153 4784 2230 4855 μὴ
2259 4783 2494 4856 χρειώδη
2521 4784 2825 4854 τηνικαῦτα
2851 4785 3188 4852 τυγχάνοντα
3215 4783 3280 4850 τῇ
3325 4783 3485 4849 μονῇ,
3539 4781 3735 4832 ὲναπο-

2152 4876 2398 4929 τίθεσθαι
2421 4877 2594 4929 ταῦτα
2616 4875 2694 4946 τῷ
2723 4875 3002 4946 εἰρημένῳ
3031 4872 3292 4942 κιϐωτίῳ,
3322 4871 3736 4941 άποσφραγιζο-

2156 4969 2322 5036 μένῳ,
2364 4971 2456 5019 καὶ
2483 4967 2928 5036 σφραγιςομένῳ,
2969 4965 3148 5026 καθὼς
3181 4963 3438 5032 ἀνωτέρω
3466 4965 3684 5034 εἴρηται
3715 4978 3729 4992 ·

2154 5060 2521 5128 προσγραφήν
2552 5074 2610 5109 τε
2645 5057 2892 5125 γίνεσθαι
2915 5055 3016 5125 τῆς
3045 5057 3154 5107 τῶν
3201 5053 3556 5124 νομισμάτων
3603 5054 3736 5107 ἀπο-

2154 5151 2394 5213 θέσεως·
2433 5149 2622 5220 ὥσπερ
2671 5145 2833 5203 πάλιν
2884 5151 3040 5220 (ὅπερ
3086 5147 3444 5216 ἀπεύχομαι),
3492 5147 3733 5216 τυχηροῦ

2152 5259 2297 5303 τινος
2328 5244 2634 5308 συμθάντος
2662 5245 2739 5306 εἰς
2771 5243 2871 5311 τὴν
2914 5243 3102 5310 μονὴν,
3152 5239 3295 5292 ὥστε
3355 5241 3430 5308 μὴ
3479 5240 3623 5308 ἔχειν
3668 5241 3736 5290 τὰ

2159 5336 2294 5404 πρὸς
2327 5334 2503 5399 ἔξοδον
2559 5337 2763 5406 ταύτης
2794 5334 3108 5403 ἀλλαχόθεν,
3131 5331 3646 5402 ἀποσφραγίζεσθαι
3673 5329 3736 5381 τὸ

1716 5444 2178 5508 Montfauconii
2216 5458 2405 5510 nota).

539 5547 650 5614 (16)
684 5543 959 5596 Βέστιεν.
1015 5540 1187 5614 vulgo
1250 5540 1455 5594 dicitur
1521 5540 1854 5614 βεστιάριον,
1919 5557 2046 5597 nam

467 5611 679 5686 βὲστιον
731 5623 816 5670 est
859 5614 1036 5686 ipsum
1079 5611 1487 5668 indumentum.
1525 5611 1960 5682 Moschopulus,
1989 5615 2043 5667 in

468 5683 670 5754 Ecloga
698 5699 891 5738 vocum
924 5683 1254 5754 Atticarum.

538 5752 649 5825 (17.)
673 5754 1012 5825 Κοντακίῳε
1035 5753 1152 5825 you
1179 5752 1296 5825 hinc
1314 5753 1464 5825 varie
1494 5761 1813 5823 usurpatur.
1841 5755 1889 5825 l.
1920 5772 2043 5807 κον-

476 5821 655 5880 ιάκιον
689 5833 773 5881 est
818 5839 947 5894 pars
980 5821 1153 5878 Ollicii
1189 5822 1362 5877 divirii
1423 5823 1491 5878 de
1522 5821 1646 5891 qua
1662 5825 1782 5879 fuse
1827 5823 2040 5879 Goarus

2158 5547 2211 5600 in
2241 5549 2398 5602 Notis
2423 5549 2487 5603 ad
2516 5549 2612 5602 Em
2633 5549 2930 5618 lmlogtum.
2952 5548 3006 5600 2.
3033 5547 3297 5618 Arcadius
3320 5548 3386 5601 de
3403 5546 3730 5618 Concordia.

2155 5620 2434 5673 dicitesse
2492 5617 2865 5672 mentm-anan:
2921 5617 3158 5671 rotundo
3189 5618 3340 5686 ligno
3371 5617 3731 5674 circumvolvi

2152 5690 2394 5743 solitam.
2452 5691 2504 5743 5.
2547 5689 2935 5752 Μυςριιομυιιιε
2999 5688 3075 5742 ait
3133 5689 3416 5740 κοντάκιον
3467 5702 3588 5739 esse
3637 5690 3732 5738 τό-

2157 5775 2276 5827 μον,
2305 5775 2402 5815 seu
2432 5761 2712 5823 volumen,
2751 5775 2859 5826 quo
2883 5759 3044 5812 scnSu
3083 5757 3170 5812 hic
3205 5757 3378 5827 accipi
3408 5757 3594 5812 debet.
