4064 6416
393 405 531 474 1041
1834 407 1998 467 TYPI

2034 408 2195 470 IUM.
3501 413 3639 478 1042

376 518 622 571 τοιοῦτον
653 516 904 570 κιϐώτιον
939 518 1089 588 παρά
1116 517 1224 570 τῶν
1251 517 1689 587 σφραγιζόντων,
1727 518 1822 570 καὶ
1867 515 1962 566 ὲκ-

2034 517 2254 574 iculum
2287 516 2522 587 depositi
2561 519 2832 584 tradatur,
2885 535 3063 591 eoque
3118 533 3279 592 pacto
3337 524 3639 593 procedant

380 609 674 661 ϐάλλεσθαι
700 607 977 677 ποσότητα
1007 607 1364 676 νομισμάτων
1387 606 1529 670 τινὰ,
1560 607 1655 658 καὶ
1719 603 1959 656 δίδοσθαι

1560 607 1655 658 καὶ
1719 603 1959 656 δίδοσθαι
2063 623 2337 679 expensas,
2369 626 2482 680 quo
2513 612 2772 682 superius
2799 613 3007 668 dictum
3041 624 3145 670 est.

379 699 560 752 ταῦτα
581 700 662 760 είς
685 696 745 749 τὸ
771 697 997 763 δοχεῖον,
1044 697 1138 750 καὶ
1197 696 1514 766 προϐαίνειν
1566 695 1664 757 τὰς
1723 694 1958 758 ἐξόδους,

379 787 564 852 καθὼς
589 786 799 842 ἀνωθεν
829 787 1070 857 εἴρηται.

947 901 1199 952 ΚΕΦΛΛ.
1261 898 1388 951 KE’.

2647 887 2870 944 CAPUT
2909 889 3073 945 XXV.

377 993 518 1064 Περὶ
567 993 680 1062 τῆς
722 989 1276 1064 τραπεζιιρίαςςκαὶ
1335 987 1444 1054 τῆς
1482 989 1706 1055 ταύτης
1759 989 1960 1042 διακο-

1759 989 1960 1042 διακο·
2353 979 2427 1034 De
2462 981 2822 1049 refectoraria,
2849 990 2896 1034 et
2925 981 2989 1033 de
3021 981 3133 1050 ejus
3161 980 3352 1049 ofﬁcio.

1098 1063 1252 1126 νίαςο
2133 1072 2270 1127 Cum
2311 1073 2434 1129 aliis
2467 1072 2795 1128 ofIicialibus
2839 1074 3044 1144 quibus
3071 1090 3233 1144 egere
3281 1073 3420 1128 solet
3456 1090 3640 1128 emno-

448 1155 603 1210 Μετὰ
641 1156 696 1209 δὲ
711 1155 822 1208 τῶν
869 1155 1045 1209 ἄλλων
1077 1153 1491 1223 διακονητριῶν,
1520 1161 1594 1205 ων
1624 1148 1731 1206 οἶδε
1755 1151 1960 1204 δεῖσθαι

2064 1165 2231 1221 bitiee
2274 1167 2576 1221 viventium
2609 1168 2946 1233 institutum,
2981 1167 3145 1237 eliget
3176 1167 3428 1237 prmfecta
3460 1177 3515 1219 et
3550 1181 3638 1220 re-

377 1250 411 1318 ἡ
436 1248 544 1300 τῶν
572 1246 929 1309 κοινοϐιακῶς
969 1245 1186 1310 ζώντων
1233 1245 1498 1313 διαγωγὴ,
1563 1245 1958 1313 προχειριεῖται

2064 1258 2432 1322 fectorariam,
2487 1275 2609 1329 qua:
2656 1276 2780 1314 cum
2839 1261 2892 1314 in
2949 1260 3071 1314 aliis
3121 1260 3544 1329 quibuscuuque
3609 1275 3638 1312 a

377 1343 409 1409 ἡ
445 1340 724 1409 ἡγουμένη
754 1341 848 1392 καὶ
887 1338 1262 1410 τραπεζαρίαν
1294 1355 1308 1368 σ
1351 1336 1707 1390 διακονοῦσαν
1744 1339 1842 1406 μὲν
1866 1336 1961 1388 καὶ

2063 1351 2285 1405 cellaria
2349 1351 2451 1405 sibi
2508 1352 2781 1406 mandatis
2832 1352 3189 1412 ministrabit,
3246 1363 3359 1405 tum
3411 1353 3464 1404 in
3521 1351 3637 1419 ipsa

377 1434 546 1487 τᾶλλα
575 1434 787 1502 ὅσαπερ
819 1433 851 1504 ἡ
881 1431 1148 1500 κελλαρέα
1187 1429 1324 1498 αὐτῇ
1364 1428 1696 1498 ἐπιτρέψειε,
1760 1429 1852 1480 καὶ
1905 1429 1960 1480 ὲν

2065 1439 2386 1502 refectione,
2412 1455 2656 1494 mensam
2683 1439 2868 1510 quiete
2902 1451 2957 1495 et
2988 1439 3323 1509 pedetentim
3357 1440 3635 1494 circuibit.

379 1526 517 1596 αὐτῇ
573 1525 629 1578 δὲ
689 1528 756 1594 τῇ
816 1523 1057 1580 ἑστιάσει
1105 1523 1492 1592 περιέρχεσθαι
1543 1521 1644 1591 τὴν
1679 1522 1960 1589 τράπεζαν

2065 1531 2132 1585 Ει
2167 1531 2211 1585 si
2247 1547 2386 1600 quas
2431 1547 2684 1586 sororum
2718 1532 2916 1586 viderit
2968 1532 3156 1587 turbas
3189 1532 3512 1596 excitantes,
3548 1541 3641 1584 aut

379 1615 553 1684 ἡσυχῆ
581 1615 675 1668 καὶ
709 1614 992 1686 ἡρεμαίως
1026 1613 1351 1681 ὀφείλουσαν
1383 1629 1398 1643 ο
1426 1613 1518 1665 καὶ
1545 1611 1600 1664 εἴ
1645 1629 1798 1674 τινας
1860 1613 1960 1665 ῐδοι

2063 1623 2434 1692 perturbatas,
2453 1624 2536 1678 vel
2560 1634 2929 1688 susurrantes,
2954 1623 3156 1678 leniter
3185 1639 3278 1679 eas
3311 1623 3556 1678 monebit
3583 1633 3641 1676 ut

377 1708 488 1759 τῶν
509 1705 753 1775 ἀδελφῶν
785 1704 1100 1776 διοχλούσας
1128 1704 1221 1757 καὶ
1247 1703 1674 1773 ταραττομένας,
1709 1702 1744 1772 ἡ
1799 1702 1961 1772 ψιθυ-

2065 1714 2374 1783 quiescant,
2417 1714 2846 1785 bortabiturque
2895 1722 2956 1768 ut
2993 1724 3175 1769 mente
3225 1714 3476 1784 psallunt,
3504 1721 3562 1768 et
3609 1730 3640 1768 a

384 1796 659 1867 ριξούσας,
717 1797 902 1866 ἡρέμα
953 1797 1159 1858 ταύτας
1215 1793 1445 1865 ἡσυχίας
1496 1793 1959 1863 ὑπομιμνήσκειν,

1100 1812 1159 1897 ξς
1215 1793 1445 1897 flow“
1496 1793 1959 1897 Molﬂll‘njﬂe‘v3
1994 1839 2037 1897 Β
2065 1805 2342 1877 colloquio
2370 1805 2705 1862 abstineant.

381 1889 476 1941 ml.
535 1886 934 1957 συμϐουλεύειν
975 1887 1168 1950 αὐταῖς
1224 1884 1448 1956 ψάλλειν
1495 1885 1637 1938 κατά
1688 1884 1835 1950 νοῦν,
1865 1887 1964 1939 καὶ

377 1982 594 2050 ὁμιλίας
625 1980 955 2050 ἀπέχεσθαι.

451 2073 562 2126 Καὶ
590 2073 814 2140 προσέτι
845 2071 1071 2142 μελήσει
1103 2071 1296 2141 ταύτῃ,
1323 2073 1420 2127 καὶ
1471 2075 1504 2145 ἡ
1549 2075 1660 2128 τῶν
1713 2075 1962 2145 ἀδελφῶν

2133 2071 2366 2140 Insuper
2395 2085 2541 2127 cura:
2572 2071 2680 2126 erit
2717 2071 2844 2141 ipsi,
2874 2077 3122 2126 exactam
3163 2083 3419 2124 sororum
3469 2069 3643 2122 ratio-

375 2162 733 2234 ἀκριϐολογία
759 2178 776 2194 ·
811 2163 905 2216 καὶ
935 2162 996 2214 τὸ
1028 2162 1102 2234 μὴ
1140 2163 1430 2233 ἀγνοῆσαι,
1490 2165 1574 2229 τίς
1643 2166 1741 2236 μὲν
1781 2167 1962 2220 αὐτῶν

2062 2177 2186 2217 nem
2227 2177 2631 2231 numerumque
2667 2161 2910 2216 habere:
2943 2175 3124 2229 neque
3183 2159 3455 2229 ignorabit
3487 2175 3639 2228 quae-

373 2255 436 2306 οὐ
469 2254 652 2324 παρῆν
679 2257 735 2307 ὲν
755 2258 823 2327 τῇ
852 2255 1196 2326 εὐχαριστίᾳ,
1227 2256 1311 2318 τίς
1332 2257 1389 2310 δὲ
1421 2258 1725 2330 ἀπελείφθη
1759 2262 1838 2322 είς
1861 2260 1961 2330 τὴν

2062 2271 2188 2311 nam
2223 2270 2414 2310 earum
2447 2255 2748 2324 gratiarum
2785 2252 2986 2307 actioni
3037 2267 3148 2305 non
3197 2251 3455 2315 adfuerit,
3480 2263 3638 2319 qua:-

374 2346 619 2400 ἑστίασιν
649 2363 664 2378 ·
691 2346 940 2418 καὶπερὶ
972 2346 1213 2418 ἑκάστης
1267 2349 1625 2416 ἀναγγέλλειν
1677 2355 1742 2422 τῇ
1796 2370 1962 2423 προε-

2063 2362 2186 2402 nam
2213 2361 2244 2401 a
2266 2345 2568 2400 refectione
2592 2344 2833 2399 abfuerit
2856 2361 2870 2409 ;
2893 2351 2951 2398 et
2976 2341 3044 2397 de
3069 2341 3300 2412 singulis
3323 2340 3634 2410 praefectam

377 2437 583 2511 στώσῃ.
636 2441 708 2492 Ἦ
741 2440 862 2492 κατ’
887 2438 1096 2492 οἰκείαν
1122 2439 1389 2508 ὲπιλογὴν
1417 2459 1478 2493 τε
1511 2443 1605 2495 καὶ
1666 2445 1960 2513 πρόκρισιν

2062 2438 2355 2494 certiorem
2417 2437 2599 2493 faciet.
2650 2436 2775 2496 Cui,
2831 2443 2894 2488 ut
2967 2432 3192 2503 propria
3252 2431 3523 2486 electione
3585 2439 3643 2484 et

371 2530 472 2592 τὰς
524 2529 798 2590 διακονεῖν
845 2529 1168 2598 ὀφειλούσας
1199 2569 1214 2593 ,
1266 2530 1342 2594 ώς
1389 2531 1653 2594 πολλάκις
1720 2535 1957 2604 εἴρηται,

2061 2531 2413 2601 cooptatione
2459 2529 2720 2584 officiales
2770 2526 3105 2590 instituenti,
3154 2533 3216 2578 ut
3261 2538 3643 2593 saepenumero

373 2619 858 2691 προχειριζομένη,
905 2620 994 2672 ἐπ’
1049 2621 1232 2684 ἀδείας
1270 2620 1406 2688 ἔξει,
1445 2623 1546 2686 τὰς
1601 2623 1702 2694 μὲν
1753 2625 1961 2678 ἀκατα-

2061 2623 2266 2677 dictum
2293 2629 2398 2686 est,
2419 2621 2693 2690 integrum
2720 2620 2851 2683 erit,
2875 2633 2970 2672 eas
2991 2632 3112 2687 quae
3136 2615 3411 2684 inculpate
3432 2614 3646 2669 credito

376 2710 638 2775 γνώστως
667 2711 768 2781 τήν
827 2711 1218 2764 πιστευθεῖσαν
1275 2713 1608 2783 ἐνεργούσας
1659 2715 1956 2783 διακονίαν,

2061 2713 2167 2768 sibi
2199 2713 2379 2767 officio
2429 2711 2754 2780 funguntur,
2793 2710 2997 2774 sinere,
3032 2708 3078 2762 si
3113 2707 3334 2776 quidem
3385 2705 3640 2769 voluerit,

377 2802 473 2871 εᾷν
507 2801 561 2854 εἴ
578 2818 640 2869 γε
667 2800 912 2869 βούλοιτο
940 2801 1032 2855 ἐπὶ
1063 2802 1316 2855 πλεῖστον
1371 2804 1600 2866 ταύταις
1654 2805 1962 2875 ὲνασ-χολεῖ-

2063 2804 2201 2875 ipsis
2255 2805 2466 2859 diutius
2519 2817 2744 2873 operam
2807 2802 2983 2856 dare:
3019 2815 3140 2870 qua:
3176 2814 3307 2853 vero
3340 2799 3432 2852 illa
3485 2813 3645 2851 secus

378 2889 544 2946 σθαι·
597 2891 698 2954 τὰς
747 2891 804 2945 δὲ
865 2893 940 2964 μὴ
986 2893 1061 2958 ὡς
1111 2894 1290 2965 θέμις,
1331 2895 1468 2964 ὅπερ
1518 2895 1710 2966 ἀπείη,
1755 2897 1960 2961 ταύτας

2063 2912 2228 2966 quam
2270 2913 2371 2964 par
2408 2905 2512 2962 est,
2539 2894 2684 2964 quod
2717 2893 2882 2956 absit,
2909 2892 3322 2954 administrant,
3345 2898 3407 2943 ut
3437 2889 3646 2958 impro-

379 2984 928 3054 μεταχειχιζομένας,
961 2985 1035 3048 ώς
1056 2985 1350 3056 ἀδοκίμους
1381 2990 1697 3056 μετακινεῖν
1721 3030 1735 3052 ,
1768 2989 1961 3059 ἐτέρας

2062 2989 2161 3042 bas
2212 3003 2492 3051 amovere,
2521 2997 2578 3040 et
2628 3002 2821 3041 earum
2861 2986 2984 3039 loco
3021 2985 3158 3038 alias
3208 2982 3522 3036 instituere.
3573 2980 3642 3034 Et

374 3075 434 3129 δὲ
460 3074 872 3146 ἀντικαθιστᾷν.
905 3076 1078 3147 Καὶὴ
1117 3077 1217 3147 μὲν
1253 3078 1646 3148 καθηγουμένη
1683 3080 1775 3132 ἐπὶ
1829 3080 1962 3132 ταύ-

2062 3081 2326 3150 praefecta
2374 3079 2600 3148 quidem
2646 3093 2711 3132 ex
2761 3077 3032 3131 sententia
3070 3087 3127 3130 et
3175 3075 3332 3129 libito
3370 3089 3470 3128 suo
3513 3089 3640 3142 erga

375 3185 498 3230 ταις
542 3168 740 3238 πράξει
779 3169 848 3220 τὰ
879 3170 1022 3222 κατά
1052 3170 1280 3240 γνώμην
1309 3171 1478 3241 ἑαυτῇ
1516 3172 1608 3224 καὶ
1639 3171 1952 3240 ἀρέσκειαν.

2067 3174 2212 3243 ipsas
2261 3187 2318 3227 se
2363 3180 2539 3242 geret.
2576 3169 2689 3239 Ego
2722 3183 2854 3222 vero
2887 3182 3080 3222 omnes
3114 3166 3399 3231 adhortor,
3443 3165 3644 3236 quibus

390 3259 534 3328 Ἐγὼ
559 3260 617 3313 δὲ
650 3262 852 3323 πάσαις
881 3262 1248 3330 παραγγέλλω
1298 3265 1416 3326 ταῖς
1465 3265 1753 3333 ἡντιναοῦν
1788 3263 1964 3318 διακο-

2068 3263 2358 3334 quodlibet
2398 3262 2482 3316 vel
2520 3261 2809 3336 minimum
2845 3258 3084 3313 ofﬁcium
3119 3259 3499 3314 concreditum
3533 3265 3640 3318 est,

374 3352 496 3403 νίαν
527 3353 999 3420 πεπιστευμέναις
1037 3352 1199 3421 μέχρι
1226 3352 1336 3405 τῶν
1371 3354 1636 3422 ἐσχάτων,
1675 3355 1770 3406 καὶ
1805 3356 1880 3419 ώς
1905 3358 1962 3409 ὲν

2065 3365 2121 3410 et
2151 3356 2307 3424 quasi
2361 3355 2478 3408 vice
2513 3355 2701 3424 gratia:
2760 3353 2829 3406 ab
2857 3351 2990 3421 ipsis
3028 3352 3266 3420 postulo,
3305 3360 3367 3404 ut
3415 3349 3641 3418 singula:

377 3442 536 3512 μέρει
568 3444 787 3512 χάριτος
818 3443 954 3496 αίτῶ
979 3446 1109 3513 παρ’
1139 3444 1338 3508 αὐτῶν,
1365 3445 1426 3498 τὸ
1447 3445 1627 3505 καλῶς
1647 3463 1704 3498 τε
1725 3449 1818 3500 καὶ
1842 3447 1960 3500 θεο-

2067 3457 2212 3501 recte
2239 3455 2294 3500 et
2312 3445 2381 3499 ad
2409 3446 2503 3500 Dei
2529 3447 2816 3514 placitum,
2841 3443 3079 3497 officium
3107 3458 3264 3498 suum
3293 3443 3604 3511 persolvant
3627 3460 3639 3495 :

376 3533 801 3604 φιλῶςὲκάστην
823 3535 921 3604 τὴν
945 3534 1143 3603 ἑαυτῆς
1162 3534 1344 3587 ἀνύειν
1371 3535 1678 3592 διακονίαν·
1703 3541 1796 3590 καὶ
1819 3539 1964 3592 οὕτω

2066 3535 2255 3603 sicque
2304 3549 2362 3588 se
2393 3534 2632 3588 habeant
2669 3534 2736 3587 ad
2783 3533 3195 3588 exsecutionem
3243 3547 3428 3586 rerum
3468 3531 3532 3585 ad
3590 3546 3647 3585 se

374 3622 680 3678 διακεῖσθαι
712 3625 974 3694 πρὸςτὴν
1015 3626 1125 3679 τῶν
1155 3626 1470 3694 ἀνηκόντων
1495 3629 1862 3699 ἐκπλήρωσιν,
1889 3632 1962 3695 ώς

2067 3627 2458 3696 spectantium,
2493 3642 2556 3680 ac
2597 3627 2644 3680 si
2685 3627 2780 3681 Dei
2818 3626 3034 3696 negotia
3070 3626 3175 3679 sibi
3217 3625 3506 3678 commissa
3557 3638 3649 3677 es-

373 3710 473 3764 καὶ
489 3714 888 3783 πιστευομένας
913 3715 982 3768 τὰ
1005 3714 1098 3766 τοῦ
1117 3713 1275 3780 Θεοῦ,
1309 3716 1404 3768 καὶ.
1419 3716 1495 3785 τῷ
1517 3717 1636 3787 Θεῷ
1657 3717 1854 3786 ὑφεξού
1866 3737 1963 3782 σας

2065 3729 2210 3781 sent,
2243 3719 2310 3773 de
2350 3718 2553 3787 quibus
2581 3719 2694 3771 Deo
2721 3717 2990 3771 rationem
3025 3715 3324 3770 redditum.
3351 3721 3554 3778 esseut,
3589 3727 3648 3767 ut

375 3804 468 3856 τὸν
492 3805 585 3857 ἐπὶ
611 3805 821 3870 τούτοις
841 3805 1020 3874 λόγον,
1042 3805 1192 3858 ὥσπε
1201 3822 1232 3876 ρ
1254 3805 1367 3875 ἔχει
1391 3807 1486 3860 καὶ
1501 3809 1532 3876 ἡ
1548 3809 1792 3879 ἀλήθεια.
1825 3812 1964 3864 Πάν-

2066 3826 2258 3866 revera
2286 3825 2343 3864 se
2388 3809 2576 3862 habet.
2608 3809 2885 3877 Benignus
2916 3807 3065 3862 enim
3105 3808 3271 3867 Deus,
3302 3821 3647 3875 quaecunque

373 3913 446 3950 τα
482 3897 588 3968 γὰρ
624 3898 653 3950 ὀ
685 3896 1068 3966 φιλάνθρωπος
1095 3897 1228 3960 Θεὸς
1249 3897 1327 3965 τὰ,
1348 3899 1478 3969 παρ’
1509 3901 1666 3970 ἡμῶν
1693 3904 1769 3964 εἰς
1797 3903 1962 3975 ἀλλή-

2064 3920 2165 3974 pro
2225 3905 2349 3957 aliis
2389 3911 2582 3956 mutuo
2615 3901 2849 3969 agimus,
2890 3900 3125 3969 benigne
3161 3901 3213 3952 in
3265 3899 3507 3968 seipsum
3554 3913 3643 3952 re-

373 3986 501 4048 λους
533 3987 793 4057 γινόμενα
832 3985 1231 4058 φιλανθρώπως
1261 3991 1340 4052 είς
1379 3991 1570 4046 ἑαυτὸν
1617 3993 1960 4064 ἀναδέχεται,

2067 3996 2221 4065 cipit,
2252 4004 2313 4048 ut
2353 4003 2542 4048 sancta
2595 3993 2796 4046 docent
2830 4007 2930 4047 nos
2963 3991 3283 4059 Evangelia,
3311 3990 3404 4043 ubi
3455 3989 3647 4042 dicens

379 4077 560 4141 καθώς
586 4077 655 4130 τά
685 4078 806 4149 ἱερά
830 4079 1175 4134 διδάσκουσιν
1201 4081 1350 4150 ἡμᾶς
1382 4083 1716 4151 Εὑαγγέλια,
1774 4088 1832 4139 ὲν
1882 4082 1964 4152 οἷς

2067 4087 2181 4156 ipse
2210 4086 2532 4156 perhibetur
2560 4101 2574 4138 :
2611 4102 2627 4134 ι
2659 4082 2716 4136 In
2750 4091 3018 4151 quantum
3051 4080 3259 4135 fecistis
3288 4079 3382 4134 uni
3403 4079 3643 4144 illorum,

377 4170 552 4239 λέγων
595 4171 758 4235 αὐτὸς
787 4171 1083 4239 φαίνεται·
1144 4191 1164 4224 ‹
1213 4173 1332 4242 Ἐφ’
1374 4175 1497 4228 ὅσον
1537 4176 1836 4247 ἐποιήσατε
1882 4180 1964 4234 ἑνὶ

2067 4181 2202 4236 mihi
2238 4181 2466 4241 fecistis,
2499 4186 2554 4232 et
2601 4177 2656 4231 in
2707 4183 2975 4247 quantum
3028 4190 3138 4229 non
3189 4172 3419 4239 fecistis,
3465 4185 3646 4242 neque

380 4261 608 4329 τούτων,
640 4263 764 4334 ἐμοὶ
801 4266 1121 4336 ὲποιήσατεο
1146 4267 1240 4320 καὶ
1270 4266 1356 4337 ἐφ’
1383 4268 1506 4323 ὅσον
1521 4269 1621 4322 οὐκ
1645 4272 1960 4342 ἐποιήσατε,
2067 4273 2202 4328 mihi
2244 4270 2453 4327 fecistis
2482 4271 2546 4324 ¹¹.
2592 4287 2610 4320 ι

379 4355 503 4410 οὐδὲ
538 4356 662 4426 ἐμοὶ
691 4357 1005 4427 ἐποιήσατε.
1047 4376 1065 4408 ι

453 4448 566 4502 Καὶ
591 4449 898 4517 παρακαλῶ
927 4450 1207 4519 ὀλοψύχως
1227 4451 1338 4504 τῶν
1381 4452 1670 4508 διακονιῶν
1720 4455 1962 4527 ἔχεσθαι,
2000 4521 2028 4527 _

2138 4459 2206 4513 Et
2237 4471 2390 4527 rogo,
2419 4463 2480 4510 ut
2529 4461 2644 4509 toto
2684 4452 2869 4506 animo
2910 4449 3105 4504 officiis
3142 4447 3257 4502 suis
3287 4462 3510 4517 operam
3546 4459 3647 4499 na-

382 4539 479 4591 κα¹ι
501 4539 576 4607 μὴ
607 4539 912 4608 ὀλιγωρεῖν,
951 4539 983 4610 ἡ
1017 4540 1444 4608 ἀπογινώσκειν,
1473 4541 1548 4607 ώς
1596 4544 1697 4613 τὴν
1752 4547 1962 4601 ἑαυτῶν

2072 4559 2224 4614 vent,
2252 4563 2433 4617 neque
2469 4546 2561 4600 illa
2615 4544 2917 4614 negligant,
2963 4543 3052 4594 vel
3111 4539 3354 4592 animum
3406 4536 3647 4604 despon-

381 4628 791 4690 ἀπολωλεκυίας
816 4629 1106 4698 ὠφέλειαν,
1122 4631 1648 4703 ἀπολιμπανομένας
1667 4635 1776 4688 τῶν
1799 4637 1961 4690 θείων

2073 4641 2262 4702 deant,
2286 4653 2348 4691 ac
2377 4641 2420 4691 si
2445 4636 2722 4704 dispereat
2749 4648 2938 4687 earum
2965 4630 3423 4689 emolumentum,
3443 4625 3648 4694 quippe

382 4717 656 4784 συνάξεων
679 4719 744 4772 ἐκ
765 4719 866 4788 τῆς
896 4721 976 4782 είς
1001 4721 1103 4781 τὰς
1152 4719 1433 4785 διακονίας
1485 4725 1743 4794 ἀσχολίας
1775 4743 1791 4759 ·
1844 4729 1960 4782 ἀλλ’

2072 4747 2195 4801 qua:
2235 4746 2336 4799 pro
2367 4727 2602 4797 negotiis
2633 4724 2797 4779 officii
2835 4723 2919 4776 sui
2949 4721 3166 4775 divinos
3209 4726 3516 4772 conventus
3546 4715 3647 4769 de-

381 4808 636 4879 εύθύμως
667 4810 865 4878 μᾶλλον
883 4809 1028 4880 ἔχειν
1051 4810 1144 4863 καὶ
1160 4813 1521 4880 χαρμοσύνως
1547 4815 1959 4888 διακελεύομαι,

2072 4837 2256 4878 serere
2309 4827 2622 4890 cogantur:
2670 4815 2767 4869 sed
2810 4814 3002 4867 hortor
3061 4810 3252 4880 magis.
3283 4817 3344 4862 ut
3402 4808 3549 4861 bono
3594 4817 3650 4861 et

380 4901 463 4954 ὅτι
485 4901 770 4972 ἐνίσχυσεν
800 4902 970 4966 αὐτὰς
1022 4905 1050 4956 ὀ
1087 4903 1289 4974 Κύριος
1327 4908 1448 4968 ταῖς
1486 4910 1808 4977 πρεσϐείαις
1866 4914 1967 4984 τῆς

2111 4922 2201 4966 eto
2261 4910 2372 4965 sint
2427 4907 2632 4966 animo,
2666 4903 2821 4973 quod
2867 4899 3131 4956 Dominus
3180 4899 3324 4968 ipsas
3371 4895 3652 4950 roborarit
3711 4941 3716 4950 .

383 4995 746 5066 ἀπειράνδρου
765 4997 860 5048 καὶ
885 4998 1338 5069 κεχαριτωμένης
1377 5000 1602 5070 Μητρὸς
1622 5004 1812 5068 αὐτοῦ,
1843 5009 1966 5071 ταῖς

2104 4999 2568 5058 ntercessionibus
2590 4996 2693 5049 viri
2718 4993 2962 5064 expertis
2991 5000 3043 5044 ct
3066 4990 3239 5061 gratia
3263 4989 3436 5057 plena:
3460 4985 3653 5041 Matris
3708 4987 3709 4990 “

385 5087 566 5140 αὐτῶν
619 5087 880 5156 ἀδελφαῖς
934 5088 1078 5140 κατὰ
1130 5088 1363 5159 μίμησιν
1390 5091 1604 5145 ἐκείνου
1623 5095 1962 5166 διακονῆσαι,

2075 5099 2213 5167 ejus,
2249 5093 2319 5149 ad
2368 5088 2794 5146 ministrandum
2842 5084 3127 5140 sororibus
3166 5083 3300 5145 suis,
3352 5079 3418 5133 ad
3467 5078 3651 5133 imita-

385 5178 446 5240 ὃς
484 5194 648 5248 φησιν
688 5194 702 5208 '
741 5197 759 5230 ι
802 5179 917 5231 Οὐκ
946 5175 1111 5249 ἦλθον
1133 5179 1547 5250 διακονηθῆναι,
1604 5185 1741 5238 ἀλλὰ
1777 5187 1962 5240 διακο.

2076 5188 2282 5241 tionem
2332 5183 2480 5237 illius
2533 5178 2623 5249 qui
2660 5177 2736 5231 ait
2769 5195 2782 5230 :
2816 5194 2834 5226 ι
2877 5175 2993 5229 Νοη
3030 5173 3153 5228 veni
3192 5169 3514 5232 ministrari,
3553 5168 3647 5222 sed

386 5271 573 5340 νῆσαι,
629 5270 724 5323 καὶ
755 5271 928 5324 θεῖναι
957 5271 1053 5340 τὴν
1079 5270 1262 5340 ψυχήν
1299 5281 1400 5341 μου
1436 5273 1633 5340 λύτρον
1665 5278 1785 5330 ἀντὶ
1833 5281 1964 5333 πολ-

2073 5279 2409 5336 ministrare,
2432 5283 2486 5328 et
2512 5286 2716 5343 ponere
2735 5269 2970 5324 animam
3003 5281 3179 5320 meam
3209 5263 3646 5332 redemptionem

387 5361 518 5417 λῶν.
555 5381 573 5414 ›
628 5362 848 5432 Ὁρᾶτε,
874 5363 1122 5431 ἀδελφαὶ,
1153 5365 1303 5415 ποῖον
1336 5364 1496 5416 αὑταὶ
1524 5365 1684 5437 ἔργον
1715 5369 1963 5441 ἀποπλη-

2074 5387 2176 5442 pro
2219 5370 2406 5424 multis
2437 5369 2504 5422 ¹².
2541 5385 2560 5418 ι
2595 5363 2808 5426 Videte,
2850 5375 3094 5422 sorores,
3123 5357 3284 5427 quale
3329 5356 3460 5425 ipsa:
3513 5368 3652 5420 opus

390 5452 570 5524 ροῦτε,
593 5455 754 5524 ὁρᾶτε
788 5453 911 5506 τίνα
941 5453 1214 5524 μιμεῖσθε.
1234 5453 1460 5524 βλέπετε
1482 5457 1569 5510 ὃτι-
1587 5457 1648 5511 τὸ
1673 5461 1966 5529 κεφάλαιον

2075 5461 2370 5532 impleatis,
2394 5459 2576 5513 videte
2601 5471 2763 5526 quem
2786 5451 3101 5516 imitemini,
3123 5448 3468 5505 considerate
3499 5443 3647 5514 quod

391 5545 592 5605 παντὸς
655 5543 863 5612 ἀγαθοῦ
921 5545 1021 5613 τὴν
1076 5545 1299 5615 ἀγάπην
1357 5547 1708 5618 μετέρχεσθε.
1740 5553 1966 5624 Χαίρειν

2077 5563 2241 5624 caput
2288 5552 2466 5606 omnis
2503 5549 2630 5606 boni
2673 5549 2998 5603 charilatem
3035 5539 3470 5610 consequamini.
3496 5536 3644 5589 Gau-

393 5635 492 5705 μὲν
522 5631 613 5690 οὖν
636 5635 715 5688 δεῖ
747 5637 842 5689 καὶ
877 5637 1104 5708 σκιρτᾷν
1134 5635 1298 5706 ὑμᾶς,
1330 5637 1414 5690 ὅτι
1449 5637 1476 5690 ὃ
1525 5640 1679 5710 μόλις
1729 5643 1966 5700 δύναιντ’

2075 5647 2205 5702 dere
2243 5643 2407 5715 igitur
2435 5657 2530 5697 vos
2562 5648 2784 5710 oportet
2815 5646 2870 5694 ct
2891 5636 3184 5701 exsultare,
3214 5630 3342 5702 quia
3373 5625 3518 5700 quod
3557 5624 3647 5683 vix

467 5812 508 5845 ²¹
545 5811 736 5867 Matth.
769 5826 889 5879 xxv,
919 5810 1008 5867 40.
1086 5811 1130 5845 ²²
1166 5811 1359 5877 Matth,
1391 5828 1482 5881 xx,
1514 5811 1603 5867 ‘28.
