4064 6412
435 401 572 463 1043

1694 384 1979 445 lRENES
2019 382 2399 444 ΑΠῦΗΒΤίΕ

3553 370 3691 434 1014

432 517 649 572 clIicere
682 510 964 582 potuerint
992 521 1112 575 qum
1157 503 1394 558 orationi
1440 498 1790 561 incumbunt,
1818 495 1873 548 id
1911 509 2006 548 vos

2121 494 2173 547 iv
2199 492 2548 564 κατορθῶσαι
2580 491 2636 544 αί
2654 492 2719 561 τῇ
2743 492 2874 559 ε·“›χῇ
2909 488 3363 558 προσανέχουσαι,
3393 486 3541 557 ἔργῳ
3567 486 3691 539 καθ’

434 622 600 677 opere
636 602 879 673 quotidie
915 595 1245 667 adimpletis.
1277 594 1456 648 Beata:
1480 590 1616 646 estis
1641 589 1712 643 ob
1742 586 1875 642 illud
1909 600 2008 641 ne-

431 700 586 771 gotii,
630 706 685 751 et
713 693 1061 750 aemulatione
1091 688 1269 758 digna:
1296 706 1310 751 ;
1345 700 1470 738 nam
1510 682 1653 737 bona
1681 679 1904 751 quidem
1929 679 2014 732 est

432 791 606 845 oratio
639 797 696 841 et
741 784 1035 839 admodum
1087 783 1255 845 bona,
1301 796 1423 849 qua:
1476 794 1578 833 nos
1628 778 1740 833 Deo
1775 773 2013 842 colloqui

432 882 582 940 facit,
608 887 659 934 et
693 893 723 931 a
757 887 903 931 terra
926 876 994 930 ad
1023 875 1221 930 malum
1251 872 1436 927 evehit
1460 888 1477 937 ;
1503 870 1598 925 sed
1629 869 1800 922 multo
1820 866 2015 919 melior

431 983 488 1027 et
515 972 690 1026 multo
726 969 902 1038 major
928 975 1012 1023 est
1033 967 1293 1021 charitas.
1323 964 1416 1018 Illa
1443 962 1592 1017 enim
1623 971 1709 1017 est
1734 974 1864 1029 pars
1897 956 2010 1011 vir-

435 1062 588 1124 tutis,
615 1069 671 1115 et
700 1059 969 1113 universae
991 1054 1349 1127 perfectionis
1376 1058 1718 1122 segmentum
1743 1057 1792 1104 et
1824 1048 2011 1118 portio

432 1155 702 1223 quietiam.
729 1152 981 1208 Charitas
1012 1164 1144 1204 vero
1177 1156 1260 1202 est
1289 1148 1410 1216 ejus
1453 1153 1619 1215 caput
1660 1151 1715 1197 et
1749 1154 2009 1195 consum-

434 1246 626 1311 matio;
644 1245 970 1298 exaltantem
985 1240 1129 1295 enim
1150 1238 1518 1293 humilitatem
1532 1234 1636 1290 sibi
1657 1233 2009 1303 eonjunctam

434 1334 678 1395 exhibet,
701 1347 913 1387 necnon
949 1328 1381 1385 misericordiam
1409 1335 1464 1380 et
1493 1324 1913 1394 benignitatem,
1939 1320 2009 1375 ob

434 1442 572 1496 quas
614 1424 865 1495 inprimis
894 1424 1039 1477 Deus
1070 1421 1247 1476 factus
1272 1427 1356 1473 est
1388 1419 1574 1477 homo,
1599 1428 1833 1484 quarum
1868 1412 2010 1466 Deus

433 1499 657 1572 nomine
702 1525 968 1580 vocatur;
1003 1525 1059 1568 et
1096 1528 1195 1582 per
1253 1525 1392 1579 quas
1456 1509 1622 1561 homo
1656 1506 1801 1560 Deus
1852 1504 2008 1558 exhi-

433 1607 618 1665 betur.
651 1616 707 1660 et
742 1604 951 1660 caelesti
981 1602 1129 1658 Patri
1161 1601 1374 1655 similis.
1397 1598 1508 1653 Cur
1535 1598 1721 1665 itaque
1753 1598 2009 1649 thesauro

431 1710 489 1753 et
520 1699 699 1768 capite
728 1699 946 1753 illorum
980 1696 1227 1749 omnium
1253 1693 1525 1747 bonorum
1556 1689 1804 1749 dimisso,
1831 1687 1898 1741 ad
1932 1687 2011 1740 in-

435 1789 662 1851 l'eriora,
705 1795 762 1840 et
805 1786 872 1839 ad
926 1786 1092 1838 unius
1143 1780 1489 1851 adeptionem
1532 1778 1802 1833 curritis?
1829 1776 2008 1831 Satius

434 1878 637 1948 quippe
670 1886 816 1932 esset
851 1885 1013 1945 caput
1047 1875 1202 1944 prius
1248 1874 1400 1929 nullo
1456 1872 1676 1940 negotio
1711 1882 2003 1936 occupare,

435 1985 501 2023 ac
532 1968 761 2021 firmiter
794 1966 1283 2036 comprehendere,
1316 1962 1608 2031 omniaque
1639 1962 1817 2014 facere
1848 1974 1915 2012 ne
1940 1973 2008 2011 eo

432 2059 723 2115 excidatis.
758 2058 1063 2119 Timentus,
1096 2057 1243 2110 dicet
1300 2054 1574 2124 quaedam.
1599 2053 1670 2105 ob
1727 2048 1887 2103 cilicii
1922 2048 2009 2101 di-

2121 587 2359 654 ὲκάστην
2389 585 2551 638 αὐταὶ
2584 582 2946 651 ὲκπληροῦτε.
2980 580 3263 648 Μακάριαί
3308 581 3429 631 ἐστε
3460 580 3560 646 τῆς
3605 581 3694 631 ὲν-

2118 678 2292 732 ταῦθα
2321 677 2597 746 ἀσχολίας,
2624 676 2716 729 καὶ
2736 675 2994 744 ζηλωταί.
3030 674 3182 743 Καλὴ
3230 674 3328 742 μὲν
3377 671 3487 740 γὰρ
3518 671 3615 723 καὶ
3658 671 3692 740 ἡ

2118 768 2422 839 προσευχὴ,
2454 769 2547 820 καὶ
2578 767 2782 837 σφόδρα
2815 766 3111 835 καλὴ,Θεῷ
3144 764 3495 833 προσομιλεῖν
3543 763 3693 831 ἡμᾶς

2117 860 2367 926 ποιοῦσα,
2397 859 2492 912 καὶ
2520 858 2628 911 ἀπὸ
2652 859 2755 926 γῆς
2791 860 2871 919 εἰς
2912 857 3140 927 οὐρανὸν
3173 856 3404 925 αίρουσα
3424 871 3438 885 σ
3500 853 3693 923 κρείσ-

2117 969 2225 1006 σων
2271 952 2329 1005 δὲ
2388 951 2497 1021 ἄρα
2547 950 2642 1003 καὶ
2699 949 2901 1018 μείζων
2962 948 3140 1017 πο).λῷ
3202 947 3362 1000 πλέον
3413 946 3690 1016 ήάγάπη.

2127 1043 2338 1112 Ἐκείνη
2365 1042 2463 1112 μὲν
2495 1042 2604 1111 γὰρ
2633 1041 2798 1110 μέρος
2827 1041 3028 1110 ἀρετῆς
3063 1040 3155 1091 καὶ
3190 1038 3284 1091 τοῦ
3310 1039 3434 1092 ὅλου
3491 1037 3692 1107 μέρους

2113 1133 2212 1202 τῆς
2229 1132 2564 1201 τελειότητος
2586 1131 2888 1201 ἀπότμημά
2910 1148 2962 1183 τι
2979 1130 3072 1183 καὶ
3098 1130 3285 1199 μόριον
3304 1146 3318 1158 ·
3338 1131 3371 1198 ἡ
3394 1129 3451 1182 δὲ
3473 1129 3690 1198 ἀγάπη,

2113 1224 2326 1292 κεφαλὴ
2355 1224 2451 1277 καὶ
2472 1224 2842 1293 ἀπαρτισμός.
2881 1223 2991 1276 Καὶ
3017 1223 3125 1291 γὰρ
3150 1222 3244 1274 καὶ
3280 1222 3380 1292 τὴν
3429 1221 3692 1291 ὐψοποιὸν

2110 1315 2439 1370 ταπείνωσιν
2490 1315 2930 1385 συνεζευγμένην
2956 1315 3124 1383 ἑαυτῇ
3164 1314 3405 1367 δείκνυσι
3425 1355 3441 1379 ,
3469 1315 3566 1367 καὶ
3592 1313 3694 1383 τὴν

2110 1408 2503 1479 ἐλεημοσύνην,
2534 1410 2629 1461 καὶ
2658 1408 2756 1477 τὴν
2784 1408 3222 1479 φιλανθμυπέαν,
3246 1407 3312 1460 δι’
3340 1407 3376 1460 ἃ.
3409 1408 3503 1459 καὶ
3554 1406 3692 1474 μᾶλ-

2110 1500 2199 1552 λον
2226 1502 2254 1553 ό
2286 1500 2419 1563 Θεὸς
2440 1502 2665 1569 γέγονεν
2688 1501 2996 1568 ἄνθρωπος,
3025 1502 3121 1551 καὶ
3151 1499 3187 1552 ἀ
3210 1499 3456 1551 καλεῖται
3486 1500 3512 1550 ό
3534 1497 3692 1561 Θεὸς,

2110 1591 2206 1644 καὶ
2239 1589 2309 1644 δι’
2344 1585 2466 1643 ὦνό
2493 1589 2780 1661 ἄνθρωπος
2828 1589 2962 1651 Θεὸς
3000 1589 3415 1647 ἀποδείκνυται,
3463 1590 3557 1640 καὶ
3615 1587 3693 1656 τῷ

2110 1683 2346 1752 οὐρανίῳ
2400 1683 2576 1753 Πατρὶ
2634 1684 2840 1753 ὅμοιος.
2887 1682 3049 1735 Ἰνατί
3097 1681 3227 1749 γοῦν
3272 1682 3365 1733 τὸν
3418 1680 3697 1751 θησαυρὸν

2112 1774 2333 1827 πάντων
2353 1772 2558 1826 τούτων
2590 1772 2699 1824 τῶν
2751 1770 2976 1839 ἀγαθῶν
3012 1772 3237 1840 ἀφεῖσαι
3266 1771 3359 1823 καὶ
3387 1771 3485 1840 τὴν
3518 1787 3695 1838 κεφα-

2111 1865 2230 1935 λὴν,
2261 1864 2355 1918 ἐπὶ
2376 1864 2447 1916 τὰ
2485 1865 2637 1917 κάτω
2667 1863 2917 1932 καὶπρὸς
2947 1862 3065 1924 ἑνὸς
3086 1862 3397 1931 ἐπίκτησιν,
3429 1864 3697 1930 τρέχετες

2110 1956 2230 2009 δέον
2261 1956 2360 2023 τὴν
2398 1953 2644 2022 κεφαλὴν
2690 1952 2971 2019 φθασάσας
3029 1952 3292 2016 εὐπετῶς,
3349 1951 3602 2020 κατέχειν
3638 1967 3698 2003 τε

2114 2045 2394 2115 ἀσφαλῶς,
2439 2046 2535 2098 καὶ
2571 2044 2751 2097 πάντα
2777 2046 2951 2097 ποιεῖν
2977 2043 3115 2097 ὥστε
3153 2043 3229 2110 μὴ
3267 2042 3472 2112 ταύτης
3525 2045 3700 2095 ἐκπε-

436 2153 546 2206 vini
586 2149 1108 2220 prmtermissionem
1139 2165 1156 2211 ;
1187 2147 1281 2201 sed
1313 2162 1382 2199 ne
1410 2144 1679 2207 timeatis;
1705 2157 1839 2212 pura
1864 2141 2009 2194 enim

2121 2138 2254 2190 σεῖν.
2284 2135 2638 2204 Δεδοίκαμεν,
2664 2135 2823 2204 φησὶ,
2850 2135 2937 2187 διὰ
2974 2134 3073 2205 τὴν
3116 2135 3212 2188 τοῦ
3263 2135 3487 2196 κανόνος
3538 2133 3699 2186 ὑστέ-

435 2244 715 2299 confessio
754 2241 1025 2309 ejusmodi
1056 2240 1214 2294 vobis
1247 2237 1765 2307 prmtermissionem
1795 2233 2014 2302 supple-

2121 2244 2295 2298 ρησιν.
2341 2226 2503 2279 Ἀλλὰ
2527 2226 2602 2297 μὴ
2629 2227 2837 2279 δεδίατε
2872 2243 2886 2258 ·
2922 2229 2956 2296 ἡ
2997 2226 3107 2297 γάρ
3140 2226 3356 2295 καθαρά
3404 2225 3702 2296 ἑξαγόρευ-

443 2333 547 2395 hit,
582 2331 798 2385 veniam
845 2330 967 2399 jure
1016 2327 1172 2382 vobis
1234 2326 1557 2379 concilians.
1612 2321 2014 2378 Tantummodo

2121 2336 2202 2381 σις
2230 2317 2291 2371 τὸ
2317 2317 2602 2387 ὑστέρημα
2622 2316 2825 2387 ταύτης
2852 2317 3240 2387 ἀναπληρώσει
3264 2319 3413 2385 ὑμῖν,
3442 2319 3545 2384 τὴν
3566 2332 3702 2383 συγ-

436 2419 832 2492 ριαιιοτωὶεεὶο
866 2420 982 2473 haec
1016 2433 1044 2471 a
1077 2416 1310 2486 segnitie
1361 2430 1470 2469 non
1522 2413 1822 2483 procedat:
1862 2412 1915 2466 id
1949 2410 2014 2464 ti-

440 2513 656 2575 mentis,
707 2510 761 2564 id
812 2507 1152 2564 attendatis:
1201 2507 1248 2562 si
1301 2521 1434 2561 vero
1490 2505 1621 2560 illud
1663 2520 1771 2559 non
1824 2503 2010 2568 fuerit,

437 2605 666 2675 gaudete
697 2603 861 2658 alacri
892 2603 1076 2657 animo
1105 2600 1299 2656 ciliciis
1324 2600 1723 2654 incumbentes.

992 2793 1222 2850 CAPUT
1240 2764 1448 2848 sxw.

440 2887 515 2942 De
567 2886 892 2941 institutione
951 2883 1523 2951 epistcmonarchissw,
1574 2898 1665 2936 seu
1721 2881 2015 2952 disciplina:

825 2954 1139 3025 prwpositw,
1162 2960 1210 3004 et
1247 2953 1360 3021 ejus
1393 2953 1576 3020 ofﬁcio.

509 3044 770 3101 Prml'ecta
792 3042 1406 3112 epistemonarehissam
1435 3042 1664 3110 insuper
1683 3041 2012 3112 designabit,

2115 2410 2356 2480 χώρησιν
2376 2409 2601 2472 δικαίως
2625 2409 3084 2480 ἑπιόραόεύουσα.
3111 2409 3292 2463 Μόνον
3323 2408 3398 2480 μὴ
3427 2409 3705 2480 ῥᾳθυμίας

2114 2498 2149 2574 ᾖ
2178 2501 2240 2553 τὸ
2268 2501 2578 2573 ὑστέρημα.
2613 2499 2787 2553 Τοῦτο
2815 2499 3093 2568 φοϐεῖσθε,
3127 2499 3304 2569 τούτῳ
3348 2500 3647 2568 προσέχετε
3683 2514 3699 2527 '

2117 2595 2165 2644 εί
2196 2591 2252 2644 δὲ
2278 2590 2439 2644 τοῦτο
2465 2591 2540 2662 μὴ
2569 2592 2677 2660 εἴη,
2707 2590 2928 2660 χαίρετέ
2962 2606 3055 2659 μοι
3099 2590 3211 2643 τῶν
3241 2590 3530 2644 διακονιῶν
3563 2606 3704 2660 προ-

2118 2681 2303 2751 θύμως
2326 2681 2606 2752 ἐχόμεναι.

2677 2790 2930 2845 ΚΕΦΑΛ.
2988 2782 3134 2856 KQ".

2119 2885 2259 2954 Περὶ
2299 2884 2737 2955 προχειρίσεωςᾲ
2763 2881 3402 2955 ἐπιστημονᾳρχίσσης
3453 2880 3567 2950 (l8)
3604 2877 3706 2934 καὶ

2542 2954 2655 3021 τῆς
2709 2953 3019 3017 διακονίας
3066 2951 3280 3017 αὐτῆς.

2206 3046 2272 3098 Ἦ
2310 3045 2699 3116 καθηγουμένη
2732 3046 2917 3111 μέντοι
2975 3045 3069 3096 καὶ
3124 3044 3707 3113 ἐπιστημονάρχισσαν

444 3153 608 3210 quam
643 3135 865 3206 propria
889 3135 1160 3190 electione
1192 3133 1313 3187 talis
1342 3131 1505 3187 oﬂicii
1529 3132 1751 3202 dignam
1777 3132 2014 3198 duxerit,

2126 3137 2499 3205 προδαλεῖται,
2531 3138 2598 3206 ἢν
2627 3137 2747 3189 κατ’
2775 3134 2986 3188 οἰκείαν
3015 3134 3276 3205 ἑπιλογὴν
3303 3135 3403 3203 τῆς
3446 3134 3708 3202 τοιαύτης

441 3229 531 3283 cui
590 3224 872 3281 incumbet
918 3221 1236 3276 monasticae
1285 3220 1593 3290 disciplinae
1644 3228 1700 3275 et
1740 3221 2021 3276 modestiae

443 3332 633 3374 curam
685 3328 901 3385 gerere,
923 3327 989 3367 ac
1014 3314 1068 3367 in
1112 3311 1500 3366 communibus
1548 3310 1934 3375 conventibus,
1965 3318 2020 3365 et

444 3416 610 3463 cantu
635 3405 934 3475 dispicere,
982 3420 1116 3457 num
1153 3402 1404 3472 quaedam
1436 3418 1710 3467 sororum,
1741 3412 1903 3457 cantu
1934 3402 2019 3457 di-

446 3496 636 3558 misso,
662 3494 899 3548 invicem
947 3492 1395 3553 confabulemur,
1440 3499 1496 3547 et
1524 3492 1859 3561 colloquium
1893 3506 2019 3547 eum

446 3588 559 3643 Deo
588 3586 947 3656 negligentes,
980 3586 1148 3640 altera
1167 3583 1326 3638 alteri
1354 3584 1763 3653 colloquantur.
1792 3585 1850 3640 In
1873 3601 2021 3640 com-

447 3678 711 3733 munibus
738 3692 958 3747 quoque
984 3676 1053 3731 ad
1078 3676 1261 3731 cibum
1294 3676 1625 3729 sumendum
1657 3677 2021 3731 conventibus

449 3770 571 3824 illas
595 3769 930 3832 observabit,
956 3778 1017 3823 ut
1044 3770 1098 3823 in
1126 3770 1312 3839 quiete
1338 3777 1394 3823 et
1447 3768 1716 3822 modestia
1765 3769 2022 3822 moniali-

449 3862 552 3916 bus
574 3861 791 3917 decenti
819 3870 1197 3931 permaneant.
1223 3860 1331 3915 Sed
1362 3868 1417 3915 et
1442 3861 1495 3913 in
1523 3859 1798 3914 universis
1830 3875 2020 3913 earum

388 4018 389 4021 η
448 3951 965 4006 conversationibus
1001 3958 1058 4005 et
1087 3951 1388 4013 exercitiis,
1418 3950 1611 4004 sedulo
1632 3966 1753 4019 quae
1786 3950 1850 4004 ad
1881 3950 2024 4018 ipsas

448 4048 697 4110 spectant
727 4039 1064 4094 obscrvabit.
1109 4039 1175 4093 Et
1206 4039 1252 4092 si
1300 4038 1503 4091 viderit
1533 4038 1797 4107 quasdam
1834 4053 2025 4091 earum

451 4147 551 4185 seu
582 4147 689 4184 una
736 4131 1009 4193 sedentes,
1052 4137 1108 4184 et
1163 4131 1231 4184 de
1282 4130 1577 4183 inutilibus
1620 4130 2020 4199 colloquentes,

450 4224 567 4277 sive
596 4222 738 4291 apud
792 4237 850 4275 se
883 4221 1020 4274 nihil
1080 4230 1482 4289 operantes,et
1530 4221 1643 4275 otio
1702 4231 2024 4291 torpentes;

451 4312 656 4381 quibus
695 4326 931 4380 magnus
959 4307 1277 4379 Apostolus,
1306 4327 1489 4380 neque
1530 4312 1863 4367 manducare
1891 4329 2028 4383 prte-

2130 3229 2406 3290 διακονίας
2430 3226 2709 3295 λογίζεται
2744 3225 2925 3290 ἀξίαν,
2957 3226 3284 3293 ὀφείλουσαν
3334 3229 3432 3296 τῆς
3489 3226 3711 3295 μοναδι-

2130 3322 2233 3391 κῆς
2264 3316 2651 3378 καταστάσεως
2699 3316 2797 3368 καὶ
2845 3315 3141 3384 εὐκοσμίας
3186 3314 3495 3384 φροντίζειν
3547 3314 3605 3365 ἐν
3644 3329 3709 3366 τε

2130 3412 2248 3472 ταῖς
2274 3411 2478 3471 κοιναῖς
2521 3406 2891 3470 συνελεύσεσι,
2940 3407 3036 3460 καὶ
3094 3406 3392 3475 ὑμνῳδίαις
3445 3405 3710 3473 διαθρεῖν,

2134 3505 2208 3573 μή
2228 3502 2332 3555 πού
2362 3519 2509 3564 τινες
2546 3502 2656 3554 τῶν
2682 3501 2929 3566 ἀδελφῶν
2963 3500 3062 3568 τῆς
3113 3500 3390 3569 ὐμνῳδίας
3436 3498 3710 3568 ἀφέμεναι

2131 3594 2389 3664 ἀλλήλαις
2408 3591 2717 3661 διομιλῶσι,
2750 3591 2846 3645 καὶ
2896 3591 2994 3659 τῆς
3038 3590 3174 3659 πρὸς
3231 3589 3365 3642 Θεδν
3415 3587 3714 3651 ὶντεύξεως

2131 3684 2618 3755 κατολιγωρούσαι,
2644 3685 2806 3753 ἑτέρα
2842 3687 2908 3753 τῇ
2934 3684 3103 3752 ἑτέρᾳ
3128 3683 3571 3752 συντυγχάνωσιν
3596 3697 3614 3714 ο
3657 3682 3716 3734 ἐν

2130 3794 2190 3829 τε
2229 3778 2351 3837 ταῖς
2381 3777 2588 3838 κοιναῖς
2620 3774 2757 3845 πρὸς
2808 3775 3053 3826 ἑστίασιν
3113 3772 3459 3826 συνελεύσεσι
3510 3770 3718 3832 ταύτας

2134 3869 2477 3933 ἐπισκοπεῖν,
2505 3866 2582 3929 ὡς
2613 3867 2678 3918 ἂν
2702 3868 2761 3918 ὲν
2781 3868 2846 3935 τῇ
2880 3865 3167 3937 πρεπούσῃ
3204 3866 3469 3934 μοναχαῖς
3499 3862 3718 3932 διαμεί-

2132 3973 2299 4012 νωσιν
2320 3957 2521 4029 ἠσυχίᾳ
2550 3959 2645 4010 καὶ
2675 3958 2995 4025 κοσμιότητι
3035 3973 3048 3986 ·
3086 3956 3222 4009 ἀλλά
3249 3954 3358 4025 μὴν
3381 3955 3475 4009 καὶ
3507 3956 3575 4010 ἐν,
3593 3956 3721 4018 ταῖς

2134 4048 2283 4111 ὅλαις
2314 4046 2525 4119 [ἄλλαις
2548 4044 2593 4118 ?]
2623 4047 2990 4115 ἀναστροφαῖς
3016 4062 3076 4099 τε
3102 4045 3309 4098 τούτων
3359 4043 3455 4098 καὶ
3514 4043 3723 4111 διαγω-

2135 4141 2283 4207 γαῖς.
2319 4138 2564 4208 ἀκριϐῶς
2606 4138 2676 4190 τά
2717 4138 2839 4192 κατ’
2884 4139 3054 4200 αὐτὰς
3108 4139 3411 4206 ἐπιτηρεῖν.
3462 4135 3580 4189 Κάν
3633 4136 3721 4207 ἴδῃ

2134 4232 2287 4293 τινάς
2344 4230 2571 4291 τούτων,
2605 4230 2639 4300 ἢ
2677 4229 3104 4299 συγκαθημένας
3136 4228 3419 4297 ἀλλήλαις,
3460 4228 3555 4279 καὶ
3589 4226 3719 4280 ἀνό-

2136 4337 2272 4391 νητα
2302 4319 2668 4388 διομιλούσας,
2693 4319 2725 4388 ἦ
2758 4319 2854 4371 καὶ
2884 4318 3005 4371 καθ’
3031 4318 3232 4381 ἑαυτὰς
3261 4315 3580 4387 ἀπράκτους
3621 4320 3721 4371 καὶ

454 4404 594 4472 cipit
616 4403 662 4434 ”
698 4419 713 4456 :
751 4404 837 4457 vel
890 4401 1042 4456 aliud
1094 4402 1315 4471 quidvis
1344 4410 1569 4472 agentes
1621 4405 1938 4459 monasticae
1972 4416 2014 4458 e1

2138 4411 2315 4480 ἀργὰς
2355 4410 2737 4480 διαμενούσας,
2786 4409 2851 4473 ἃς
2910 4412 2939 4463 ὁ
2992 4410 3165 4478 μέγας
3202 4410 3527 4472 ’Δπόστολος
3580 4409 3717 4479 μηδὲ

456 4497 570 4550 Deo
622 4495 835 4550 dilecta:
887 4494 1219 4563 professioni
1266 4495 1556 4559 absonum,
1586 4505 1643 4550 et
1675 4512 1705 4550 a
1757 4497 2008 4566 spiritual

2138 4503 2341 4555 ἐσθίειν
2369 4502 2807 4572 παρακελεύεται
2833 4517 2848 4532 ·
2875 4502 2907 4573 ἢ
2941 4501 3069 4556 ἄλλο
3097 4518 3151 4554 τι
3198 4500 3459 4564 ποιούσας
3511 4500 3723 4571 ἀπᾷδον

454 4585 713 4642 instituto
767 4585 1047 4638 alienum:
1085 4584 1232 4652 ipsas
1293 4585 1495 4639 leuiter
1542 4594 1599 4640 et
1646 4602 1772 4640 cum
1822 4587 2014 4641 sorori:

2135 4594 2557 4662 ἐπαγγέλματος
2601 4591 2913 4662 μοναδικοῦ,
2960 4593 3054 4645 καὶ
3102 4590 3384 4663 θεοφιλοῦς
3439 4589 3725 4659 ἀλλότριον

455 4676 655 4731 affectu
693 4676 876 4742 adeat,
903 4692 967 4730 ac
1018 4684 1303 4730 mansuete
1337 4685 1395 4731 et
1429 4693 1555 4732 cum
1603 4678 1871 4739 charitate
1914 4695 2014 4748 qua

2134 4686 2231 4737 καὶ
2284 4683 2665 4753 πνευματικῆς
2704 4683 3117 4743 καταστάσεως,
3183 4680 3468 4749 προσιέναι
3496 4679 3723 4740 ταύταις

454 4769 672 4835 decent,
706 4782 802 4823 eas
854 4776 1097 4833 moueat,
1124 4776 1180 4822 et
1218 4767 1371 4822 utilia
1427 4763 1680 4836 suadeat,
1722 4785 1921 4839 nempe
1973 4787 2006 4824 u

2138 4774 2383 4845 ἡμέρως,
2424 4775 2520 4825 καὶ
2546 4772 2873 4839 ἀδελφικῶς,
2910 4772 3006 4825 καὶ
3053 4771 3270 4842 πράως,
3301 4770 3394 4823 καὶ
3449 4771 3724 4836 ἀγαπητι-

457 4860 597 4914 nihil
639 4859 896 4913 utilitatis
930 4859 1286 4923 habentibus,
1313 4860 1446 4928 quin
1496 4870 1552 4915 et
1607 4861 1803 4915 animae
1852 4863 2014 4915 noxii:

2143 4864 2254 4928 κῶς
2280 4862 2618 4933 εἰσηγεῖσθαι
2653 4865 2721 4916 τὰ
2746 4863 2954 4926 δέοντα,
2982 4864 3078 4914 καὶ
3111 4862 3179 4913 τὰ
3204 4860 3553 4930 συμφέροντα
3600 4876 3725 4912 νου-

457 4951 702 5006 susurris
744 4950 1174 5019 supersedeutes
1224 4950 1352 5017 (etsi
1395 4950 1542 5003 nulla
1581 4952 1684 5005 alia
1747 4952 1814 5005 de
1849 4969 2009 5008 causa

2146 4956 2346 5017 θετεῖν,
2374 4954 2739 5023 παυσαμένας
2771 4954 2878 5006 τῶν
2921 4952 3182 5022 οὐδεμίαν
3230 4950 3419 5020 ὄνησιν
3491 4951 3725 5018 ἑχόντων

456 5052 731 5113 quatenus
762 5043 954 5096 saltem
989 5056 1018 5093 a
1047 5040 1232 5095 divina
1271 5042 1692 5097 conversatione
1714 5044 1783 5099 iis
1822 5045 2014 5099 incum

2143 5046 2512 5116 ψιθυρισμῶν,
2542 5047 2743 5116 μᾶλλον
2778 5047 2874 5117 μὲν
2894 5041 2987 5098 οὖν
3020 5046 3116 5098 καὶ
3144 5042 3528 5112 ψυχοϐὶαϐῶν,
3560 5043 3609 5093 εἰ
3631 5041 3729 5095 καὶ

460 5135 656 5188 bentes
717 5133 1021 5200 abducunt)
1087 5132 1290 5186 divinis
1362 5133 1621 5189 laudibus
1689 5135 2005 5189 celebrandi

2154 5138 2229 5204 μὴ
2258 5137 2325 5189 δι’
2360 5136 2488 5190 ἄλλο
2512 5155 2589 5200 τι,
2616 5136 2847 5190 καθόσον
2878 5135 3008 5203 γοῦν
3044 5135 3143 5204 τῆς
3179 5133 3315 5204 πρὸς
3346 5131 3479 5185 Θεὸν
3509 5132 3728 5201 ὁμιλίας

530 5248 577 5279 ’³
616 5246 635 5298 l
665 5246 861 5300 Thess.
891 5263 974 5311 ill,
1012 5250 1095 5303 10.

1698 5346 2156 5407 Montl‘auconii
2222 5353 2412 5404 noue.

537 5443 1394 5522 (ISL'EﬂsO'fn‘gtlrﬂpz/q‘aqc:
1423 5445 1784 5522 Meursiusex
1817 5460 2014 5522 respon

2153 5448 2527 5503 Eeelesiarum
2576 5441 3053 5522 epis'enen-areha
3085 5449 3137 5492 et
3164 5441 3236 5493 sit
3279 5453 3347 5521 οι.
3366 5447 3611 5522 vocetur,
3643 5452 3733 5507 sy-

465 5508 624 5585 sio'ne
646 5510 1244 5585 DemetriiChomateni
1265 5516 1330 5585 ad
1354 5515 1680 5577 Cahasilam,
1711 5518 1825 5571 haec
1844 5508 2039 5570 refert:
2154 5520 2368 5573 nodicis
2391 5508 2861 5585 decretispraeest,
2884 5512 3124 5585 ipsisque
3139 5510 3522 5585 auctoritatem
3545 5508 3659 5585 dat.
3683 5527 3723 5585 ιι

477 5583 538 5635 Ὀ
576 5580 832 5663 βασιλεὺς
860 5581 991 5663 γὰρ,
1032 5575 1122 5662 οἶα
1170 5582 1351 5663 κοινὸς
1372 5585 1478 5637 τῶν
1510 5575 1871 5663 ἐῌκκλησιὼν.
1926 5590 2014 5639 ὲπι

2153 5575 2724 5663 Epistemonarehissa
2779 5575 2945 5663 igitur
2971 5575 3051 5660 sic
3083 5577 3522 5663 vocaturlhquod
3559 5577 3727 5663 disci-

469 5647 879 5725 στημονάρχτιςν
905 5647 1000 5703 καὶ
1028 5649 1137 5725 Αῶν,
1197 5652 1305 5725 καὶ,
1328 5647 1754 5725 όνομαζὸμενοξ,
1788 5657 1882 5708 καὶ
1918 5672 2014 5706 συν

2152 5647 2314 5725 plina:
2360 5672 2612 5710 sororum
2668 5647 2853 5723 praesit
2887 5659 2943 5705 et
2987 5647 3553 5725 invigilet._Qﬂici_uni
3583 5647 3729 5699 zela-

467 5717 676 5796 οδικάῖς
723 5717 982 5796 ’γνώμαις
1024 5720 1329 5796 ἐπιστατεῖ,
1392 5717 1486 5776 κάὶ
1515 5717 1583 5777 ίτὸ
1615 5717 1780 5793 κῦρος
1808 5725 2008 5777 ταύτσι

2154 5717 2309 5780 irit-is
2340 5726 2482 5796 apud
2516 5717 2801 5795 plerasque
2828 5720 3001 5776 nostri
3026 5717 3434 5783 azvimoniales,
3460 5717 3599 5771 huic
3614 5730 3726 5769 non

470 5790 780 5859 χαρίζεται.
817 5809 834 5843 ι
858 5789 1163 5860 Imperator
1182 5793 1351 5858 enim,
1382 5800 1570 5863 utpote
1598 5789 1699 5864 qui
1732 5795 2014 5850 communi

2154 5789 2403 5853 altsiutile
2423 5789 2528 5851 est:
