4064 6420
426 385 565 448 1045

1861 390 2217 453 TYPICUM.

3529 391 3669 457 1046

421 508 518 559 τας
546 494 834 565 χρωμένας
869 495 1164 564 ἀπάγουσι,
1190 498 1310 560 ταῖς
1340 499 1416 560 εἰς
1441 497 1531 550 τδν
1566 498 1696 552 Θεὸν
1720 501 1989 570 προσανέ-

2110 500 2399 563 tttendant,
2433 509 2599 572 atque
2630 501 2815 555 verbis
2842 511 3037 558 cantus
3077 511 3318 558 mentem
3354 504 3666 574 applicent:

419 607 534 660 χειν
566 588 917 656 δοξολογίαις,
952 591 1047 643 καὶ
1098 594 1211 653 τοῖς
1268 592 1549 661 ᾀδομένοις
1620 594 1989 662 προσερείδειν

418 683 512 737 τὸν
534 681 950 751 νοῦν·φεύγειν
983 683 1038 736 δὲ
1092 683 1193 754 τὴν
1248 683 1426 754 πάσης
1480 684 1677 747 κακίας
1730 685 1989 755 ἀρχηγὸν,

418 773 644 845 ἀργίαν,
703 776 800 829 καὶ
850 775 941 827 τὸν
983 774 1146 843 σοφὸν
1180 776 1248 828 τά
1301 775 1419 829 θεῖα
1465 776 1751 845 μιμεῖσθαι
1808 777 1991 843 Δαϐὶδ,

425 884 446 916 ι
480 864 637 917 Κατὰ
658 864 826 934 μόνας
852 864 970 933 εἰμὶ
999 865 1129 932 ἐγὼ,
1167 884 1186 918 ι
1216 865 1444 933 λέγοντα
1478 883 1493 898 ⁸
1529 868 1623 921 καὶ
1683 870 1796 930 τοῖς
1844 868 1992 931 ἰδίοις

419 955 604 1018 τόποις
627 954 1070 1026 ὲφησυχάζειν,ῆ
1104 955 1234 1026 εὐχῇ
1272 958 1692 1026 προσκειμένοις,
1742 959 1774 1028 ἦ
1834 958 1993 1025 ἐργό-

422 1062 604 1115 χειρον
635 1045 1178 1115 μεταχειριζομένας,
1206 1048 1345 1116 πρὸς
1390 1047 1705 1118 ἀνατροπὴν
1765 1047 1994 1115 ἀκηδίας

421 1136 520 1205 τῆς
543 1135 808 1206 ὀλεθρίου,
846 1136 1075 1206 μελέτην
1096 1153 1154 1188 τε
1191 1136 1282 1189 τοῦ
1307 1139 1536 1210 φρικτοῦ
1570 1139 1800 1193 θανάτου
1850 1140 1995 1210 ἔχειν

420 1226 666 1295 διηνεκῆ,
696 1227 792 1280 καὶ
828 1229 1050 1299 μνήμην
1091 1230 1514 1284 ἀκατάπαυστον
1550 1231 1650 1300 τῆς
1678 1230 1994 1302 φοϐερωτά-

419 1336 521 1388 της
550 1319 650 1388 τῆς
678 1319 932 1388 κρίσεως.

493 1409 616 1463 Τῶν
641 1410 699 1463 δὲ
728 1411 1077 1478 μοναζουσῶν
1111 1413 1241 1482 περὶ
1275 1413 1334 1465 τὸ
1365 1414 1679 1483 ὲργόχειρον
1709 1415 1996 1468 διαπονου-

425 1500 554 1564 σῶν,
588 1500 684 1569 μία
708 1499 971 1571 τούτωνή
1009 1504 1158 1572 παρὰ
1187 1503 1287 1572 τῆς
1337 1504 1651 1574 ἡγουμένης
1708 1508 1999 1577 ἐπιτρεπο-

427 1589 584 1659 μένη,
612 1589 766 1642 ἔσται
794 1591 1267 1659 άναγινώσκουσα.
1310 1594 1387 1656 είς
1414 1594 1650 1662 ἐπήκοον
1690 1597 1903 1661 πασῶν,
1930 1596 1999 1649 τὰ

424 1680 547 1750 ίερά
565 1682 656 1735 καὶ
689 1684 931 1753 σωτήρια
962 1686 1059 1755 τῆς
1092 1684 1240 1746 θείας
1266 1686 1484 1755 Γραρῆς
1509 1685 1682 1754 λόγια.

1001 1793 1253 1845 ΚΕΦΑΛ.
1282 1795 1407 1847 ΚΖ’.

845 1882 984 1951 Περὶ
1032 1882 1152 1937 τῶν
1179 1884 1585 1954 ἑργοδοτριῶν.

376 2046 379 2051 Ι
496 1977 606 2030 Καὶ
626 1977 719 2031 ἐπὶ
739 1976 847 2030 τῶν
885 1978 1135 2048 ἔργωνδὲ
1174 1982 1206 2047 ἠ
1261 1980 1653 2050 καθηγουμένη
1704 1980 1797 2033 δύο
1849 1981 2000 2044 τινὰς

390 2076 399 2089 ⁸
422 2065 533 2119 τῶν
559 2064 906 2136 μοναζουσῶν
928 2069 1281 2138 καταστήσει,
1316 2069 1383 2132 ἃς
1417 2070 1486 2123 ἂν
1510 2070 1618 2123 τῶν
1645 2069 1848 2124 λοιπῶν
1868 2088 2002 2141 προ-

424 2157 610 2227 κρίνῃ,
644 2158 965 2227 ὀφειλούσας
994 2159 1091 2229 τὴν
1119 2160 1352 2232 χρειώδη
1402 2161 1480 2231 τῷ
1536 2162 1838 2232 ἑργοχείρῳ
1892 2161 2003 2214 τῶν

429 2246 776 2317 μοναζουσῶν
811 2248 943 2318 ὓλην
974 2251 1275 2318 λαμϐάνειν
1297 2253 1434 2320 μετὰ
1474 2254 1832 2324 προσγράφου
1860 2250 2004 2305 κατὰ

426 2337 619 2408 καιρὸν
648 2339 757 2393 ἀπὸ
786 2340 881 2392 τοῦ
922 2340 1152 2411 δοχείου,
1186 2345 1281 2396 καὶ
1317 2344 1624 2411 ὲργοδοτείν
1644 2345 1849 2412 ταύτην
1884 2346 2004 2407 ταῖς

425 2428 821 2500 ἐργαζομέναις
886 2433 1183 2503 προστάξει
1243 2437 1339 2489 καὶ
1392 2436 1495 2505 τῆς
1560 2436 2001 2506 καθηγουμένης.

425 2516 591 2583 Αὖθίς
620 2538 679 2575 τε
706 2523 909 2592 είδήσει
949 2524 1174 2595 ταύτης,
1207 2527 1659 2597 παραλαμϐάνειν
1715 2529 1784 2581 τά
1840 2529 2002 2598 ἔργο-

425 2608 649 2666 δοθέντσ
716 2613 1074 2685 εἰργασμένα,
1137 2619 1231 2670 καὶ
1274 2619 1624 2687 παραδιδόναι
1663 2622 1785 2681 ταῖς
1816 2619 1897 2681 είς
1943 2617 2006 2670 τὸ

427 2699 630 2770 δοκεῖον
662 2703 754 2756 τοῦ
787 2704 1000 2774 βεστίου
1033 2707 1387 2779 ὲνεργούσαις
1426 2709 1565 2780 μετὰ
1598 2711 1959 2781 προσγράφου
1988 2749 2003 2764 .

429 2791 504 2855 ὡς
537 2792 603 2847 ἂν
635 2796 731 2849 καὶ
763 2795 937 2850 ταῦτα
974 2800 1115 2854 κατὰ
1156 2800 1256 2871 τὴν
1294 2802 1393 2870 τῆς
1453 2801 1766 2871 ἡγουμένης
1799 2802 2003 2868 ἐξοδιά-

429 2880 630 2947 ζωνται
661 2885 980 2956 πρόσταξιν.

1030 3001 1282 3056 ΚΕΦΑΛ.
1307 3002 1445 3057 KH’.

642 3087 784 3157 Περὶ
810 3089 933 3145 τῶν
950 3091 1021 3145 ἐν
1055 3091 1135 3157 τῷ
1176 3093 1404 3161 βεστίῳ
1426 3093 1796 3163 δοχειαριῶν.

2092 600 2148 644 et
2175 598 2234 645 ιιι
2272 590 2484 660 fugiant
2518 590 2699 645 omnis
2735 591 2953 645 malitiae
2981 606 3225 653 causam.
3270 594 3464 652 otium.
3510 609 3573 648 ac
3615 596 3671 648 in

2093 679 2296 734 divinis
2330 680 2634 749 sapientem
2680 680 2850 733 David
2903 679 3212 742 imitentur.
3249 702 3267 733 ι
3303 682 3671 751 Siugulariter

2094 786 2213 826 sum
2267 788 2369 842 ego
2406 772 2451 803 “
2488 791 2505 824 ι
2556 771 2874 839 dicentem;
2921 781 3091 843 utque
3147 775 3201 828 in
3248 776 3488 844 propriis
3535 776 3674 830 locis

2093 864 2402 932 quiescant,
2436 863 2552 917 sive
2607 863 2848 917 orationi
2906 863 3311 930 incumbentes,
3340 867 3457 920 sive
3503 882 3672 919 manu

2094 955 2299 1025 aliquid
2323 963 2639 1025 operantes,
2665 956 2730 1009 ad
2762 957 3106 1010 eversionem
3133 958 3371 1011 exitialis
3396 957 3630 1027 pigritia:
3656 974 3671 1022 ;

2095 1044 2538 1115 horrendamque
2586 1055 2819 1099 mortem
2877 1055 3146 1115 perpetuo
3198 1048 3565 1112 meditentur,
3616 1056 3674 1101 et

2097 1138 2499 1194 indesinentem
2562 1138 2951 1194 terribilissimi
3010 1138 3118 1194 diei
3177 1139 3373 1211 judicii
3450 1147 3674 1195 servent

2097 1227 2442 1282 memoriam.

2167 1408 2496 1463 Monialibns
2542 1425 2672 1464 vero
2709 1410 2861 1480 operi
2898 1427 3163 1465 manuum
3212 1412 3671 1467 incumbentibus

2098 1499 2315 1553 illarum
2357 1515 2462 1553 una
2498 1515 2661 1569 quam
2692 1501 2917 1571 jusserit
2950 1502 3233 1570 prmio-cla,
3264 1503 3409 1572 leget
3446 1502 3676 1555 audien-

2101 1592 2250 1647 tibus
2280 1593 2562 1659 omnibus,
2588 1608 2745 1648 sacra
2773 1603 2829 1649 et
2855 1594 3116 1651 salutaria
3148 1595 3349 1649 divime
3376 1594 3678 1665 Scriptura;

2099 1684 2345 1739 oracula.

2648 1795 2875 1852 CAPUT
2915 1796 3131 1853 XXVII.
3160 1824 3168 1833 -

2565 1888 2639 1941 De
2665 1889 2954 1958 pra‘posilt's
2980 1905 3217 1958 operum.

2175 1977 2355 2046 Super
2404 1992 2573 2047 opera
2622 1993 2841 2048 quoque
2886 1978 3026 2033 duas
3077 1978 3374 2033 monacltas
3427 1977 3681 2048 praetecta

2103 2069 2422 2136 constituet,
2476 2085 2614 2139 quas
2659 2069 2875 2124 czeteris
2920 2070 3265 2139 praetulerit;
3314 2086 3435 2139 qua:
3476 2070 3683 2125 debent

2104 2162 2472 2216 necessariam
2532 2162 2683 2230 operi
2736 2177 3001 2216 manuum
3063 2161 3351 2215 materiam
3416 2176 3541 2215 cum
3593 2176 3682 2215 re-

2105 2253 2338 2322 scripto,
2383 2267 2632 2322 congruo
2667 2261 2914 2322 tempore
2953 2251 3202 2321 accipere
3240 2267 3272 2306 e
3313 2250 3682 2319 receptaculo,

2104 2354 2162 2400 ct
2198 2346 2349 2399 illam
2388 2344 2779 2400 elaborandam
2836 2344 3199 2413 operantibus
3260 2342 3478 2397 tradere
3524 2342 3684 2411 jussu

2104 2436 2394 2507 praetecta,
2418 2450 2483 2491 ac
2513 2452 2707 2492 rursus
2735 2450 2862 2490 cum
2892 2435 3042 2489 illius
3064 2434 3285 2497 notitia,
3312 2426 3404 2488 ilia
3430 2432 3687 2501 accipere

2106 2541 2228 2595 quae
2258 2525 2411 2595 prius
2444 2525 2513 2580 ad
2546 2540 2688 2591 Opus
2734 2524 2933 2579 tradita
2977 2524 3089 2593 jam
3120 2522 3374 2578 confecta
3429 2530 3580 2586 sunt,
3626 2528 3688 2576 et

2105 2634 2171 2673 ea
2200 2633 2325 2673 eum
2356 2618 2627 2687 rescripto
2658 2617 2875 2672 tradere
2935 2615 3005 2671 iis
3057 2630 3181 2684 quae
3212 2615 3266 2669 in
3298 2612 3540 2668 vestiarii
3593 2628 3685 2667 re-

2105 2711 2393 2779 ceptaculo
2446 2718 2749 2779 operantur
2794 2725 2809 2761 :
2853 2718 2913 2762 ut
2941 2715 2998 2762 et
3043 2707 3160 2777 ipsa
3206 2707 3363 2777 juxta
3414 2703 3689 2775 praetecta:

2109 2802 2423 2857 mandatum
2454 2801 2860 2871 expendantnr.

2643 2993 2868 3050 CAPUT
2910 2992 3146 3048 XXVIII.

2558 3086 2634 3140 De
2670 3086 3002 3157 depositariis
3032 3086 3282 3139 vestiarii.

501 3202 568 3253 Δί
606 3200 663 3254 δὲ
687 3202 985 3275 δοχειαρίαι
1012 3205 1107 3258 τοῦ
1145 3204 1356 3276 βεστίου
1383 3207 1490 3260 τῶν
1534 3205 1851 3272 ἐνδυμάτων
1896 3204 2006 3259 τῶν

2183 3195 2540 3267 Depositarire
2581 3195 2827 3250 vestiarii
2865 3194 3317 3249 indumentorum
3345 3207 3443 3263 pro
3474 3192 3680 3247 monia-

437 3290 786 3361 μοναξουσῶν
824 3295 943 3364 (καὶ
974 3296 1134 3349 αὐταὶ
1177 3298 1286 3368 γὰρ
1337 3297 1642 3369 δοχειαρίαι
1702 3296 2010 3367 ὀνομασθή-

436 3382 642 3452 σονται)
700 3383 973 3452 ὀφείλουσι
1049 3387 1508 3458 παραλαμὸἀνειν
1569 3387 1751 3440 πάντα
1813 3387 1883 3440 τὰ
1932 3391 2012 3450 είς

432 3471 753 3544 ἑνδυμενίαν
778 3476 889 3530 τῶν
921 3477 1274 3548 μοναζουσῶν
1312 3477 1677 3548 χρησιμεύειν
1725 3478 2010 3542 ὀφείλοντα

438 3564 575 3633 μετὰ
605 3569 984 3637 προσγράφου.
1013 3571 1106 3622 καὶ⁵
1138 3569 1433 3636 ἰξοδιάξειν
1463 3570 1639 3622 ταῦτα
1658 3568 1748 3622 διὰ
1774 3571 2013 3639 προστά-

435 3655 571 3721 ξεως
632 3659 734 3729 τῆς
791 3661 1124 3731 ἡγουμένης,
1192 3662 1321 3716 ἔνθα
1371 3663 1436 3715 ἂν
1461 3662 1599 3732 αὑτὴ
1632 3660 1911 3731 βούληται.
1946 3660 2013 3714 Ai

433 3748 598 3803 αὐταὶ
617 3747 673 3803 δὲ
708 3753 1124 3823 παραλήψονται
1159 3754 1253 3808 καὶ
1280 3753 1346 3807 τὰ
1376 3753 1541 3807 λοιπᾶ
1590 3753 1766 3806 πάντα
1814 3751 1882 3805 τὰ
1935 3755 2013 3816 εἰς

436 3837 745 3908 ὑπηρεσίαν
774 3842 883 3897 τῶν
912 3845 1262 3913 μοναζουσῶν
1297 3861 1310 3877 ·
1360 3845 1526 3916 ἡγουν
1562 3845 1747 3914 σαγία,
1777 3844 2011 3911 πιλωτά,

434 3928 844 3999 ὲφαπλώματα,
866 3931 934 3987 τὰ
960 3934 1037 3996 είς
1061 3934 1121 3987 τὸ
1150 3934 1373 4005 λουτρὸν
1403 3933 1665 4005 χρειώδη,
1702 3936 1798 3987 καὶ
1827 3933 2015 3996 ἁπλῶς

436 4021 634 4075 πάντα.
667 4024 780 4076 Καὶ
827 4022 1193 4088 ὲξοδιάσουσιν
1248 4027 1377 4081 ἔνθα
1421 4027 1486 4080 ἂν
1533 4027 1567 4096 ἡ
1626 4024 2013 4098 καθηγουμένη

438 4109 750 4184 προστάξῃ,
777 4117 1138 4184 προσγραφὰς
1168 4116 1375 4185 καὶτῆς
1398 4115 1579 4179 ἐξόδου
1596 4113 1800 4169 τούτων
1830 4116 2017 4171 ποιού-

440 4214 620 4269 μεναι,
654 4203 750 4255 καὶ
778 4202 1232 4275 λογαριαζόμεναι
1261 4207 1391 4276 παρ’
1427 4206 1617 4278 αὐτῆς.

1002 4313 1258 4369 ΚΕΦΑΛ.
1318 4315 1445 4370 KG’.

918 4405 1058 4475 Περὶ
1090 4405 1199 4475 τῆς
1225 4409 1530 4476 πυλωροῦ.

2113 3291 2258 3347 libus
2294 3288 2442 3359 (nam
2474 3297 2527 3343 et
2564 3287 2696 3357 ipsa:
2728 3286 3079 3356 depositaria:
3105 3284 3471 3353 vocabuntur)
3502 3283 3685 3340 omnia

2112 3399 2235 3453 qum
2265 3382 2332 3437 ad
2360 3381 2624 3437 .vestitum
2656 3381 2977 3435 monialium
3009 3380 3132 3435 usui
3161 3394 3282 3434 esse
3310 3377 3533 3439 debent,
3559 3393 3686 3432 cum

2115 3474 2384 3544 rescripto
2405 3460 2700 3543 accipient,
2719 3481 2773 3528 et
2803 3488 2867 3527 ea
2889 3473 3045 3542 jussu
3070 3470 3339 3541 praetecta:
3357 3470 3689 3540 expendent,

2115 3567 2208 3623 ubi
2260 3568 2378 3637 ipsa
2419 3566 2672 3621 voluerit.
2719 3566 2970 3635 Ipsaemet
3002 3580 3134 3619 vero
3182 3566 3456 3635 accipient
3485 3573 3685 3619 eartera

2114 3657 2299 3712 omnia
2358 3671 2481 3726 quae
2535 3654 2875 3709 monialibus
2924 3653 3051 3706 usui
3103 3661 3255 3717 sunt,
3280 3668 3406 3723 saga
3461 3654 3691 3717 scilicet,
3756 3694 3763 3697 .

2115 3748 2386 3812 eoactilia,
2411 3746 2702 3817 stragulas,
2733 3763 2857 3816 qua:
2910 3748 2978 3801 ad
3033 3746 3230 3802 balnea
3274 3747 3606 3812 inserviunt,
3638 3751 3695 3799 et

2117 3853 2230 3892 uno
2289 3836 2480 3901 verbo,
2514 3836 2720 3891 omnia.
2772 3834 3098 3904 Expendent
3164 3845 3346 3890 autem
3403 3834 3514 3898 illa,
3567 3848 3692 3888 cum

2115 3928 2373 4001 praetecta
2416 3929 2693 4000 jusserit;
2727 3944 2792 3984 ac
2842 3943 3097 3998 expensas
3156 3928 3376 3982 illorum
3429 3924 3692 3993 rescripta

2116 4023 2358 4079 facient:
2382 4023 2575 4078 harum
2602 4035 2735 4076 vero
2756 4020 3001 4075 rationes
3022 4034 3053 4073 a
3076 4017 3329 4089 praetecta
3353 4021 3690 4085 repetentur.

2685 4296 2913 4356 CAPUT
2943 4295 3137 4351 XXIX.

2734 4391 2812 4446 De
2868 4389 3113 4444 ostiaria.

520 4506 684 4563 Ἀλλὰ
712 4512 805 4564 καὶ
826 4512 927 4579 τὴν
962 4513 1061 4577 τὰς
1114 4516 1265 4579 κλεῖς
1313 4516 1406 4569 τοῦ
1463 4517 1710 4582 πυλῶνος
1766 4521 2008 4590 κατέχειν

2196 4505 2304 4562 Sed
2328 4515 2384 4560 et
2406 4519 2527 4559 eam
2550 4517 2673 4572 quso
2701 4502 2887 4555 claves
2919 4498 3047 4553 ostii
3079 4512 3300 4553 servare
3328 4497 3513 4560 debet,
3533 4510 3697 4566 quam

435 4599 780 4669 ὀφείλουσαν,
819 4605 887 4676 ἣν
930 4607 1023 4658 καὶ
1064 4606 1310 4677 πυλωρὸν
1342 4608 1707 4679 ὀνομάζομεν,
1762 4612 1796 4681 ἡ
1848 4605 2049 4682 καΟη-’

437 4694 679 4765 γουμένη
737 4695 943 4763 ὀφείλει
995 4697 1469 4768 προχειρίζεσθαι,
1624 4702 1720 4753 καὶ
1798 4704 2019 4772 φροντὶς

432 4783 614 4849 ἔσται,
663 4787 757 4839 τοῦ
794 4788 1037 4857 μηδόλως
1076 4789 1305 4860 γνώμης
1352 4790 1484 4862 ἄτερ
1550 4792 1653 4860 τῆς
1707 4793 2020 4863 ἡγουμένης

436 4876 536 4931 τὸν
561 4878 781 4931 πυλῶνα
832 4880 1193 4948 ἀνοίγεσθαι·
1230 4882 1370 4953 μήτε
1424 4885 1531 4952 μὴν
1592 4884 1817 4937 εἰσιέναι
1871 4886 2020 4950 τινάς

440 4969 522 5031 είς
547 4970 611 5022 τὸ
644 4974 1034 5042 μοναστήριον,
1096 4973 1225 5026 ἄνευ
1281 4974 1542 5042 είδὴσεως
1585 4975 1684 5043 τῆς
1742 4976 2013 5044 καθηγου-

444 5062 635 5133 μένης.
663 5064 761 5117 Διά
782 5063 890 5135 γάρ
909 5064 1088 5126 τοῦτο,
1110 5064 1206 5117 καὶ
1233 5063 1293 5116 τὸ
1319 5063 1672 5135 περὶτούτων
1702 5066 2014 5134 κεφάλαιον,

439 5156 501 5210 τὸ
528 5157 919 5226 διαλαμϐάνον,
949 5157 1086 5221 πῶς,
1119 5158 1212 5210 καὶ
1233 5157 1388 5221 πότε,
1423 5157 1516 5211 καὶ
1543 5157 1685 5221 τίνες
1701 5158 1810 5211 τῶν
1837 5174 2018 5227 παρα-

439 5245 743 5300 ϐαλλόντων
787 5250 906 5312 ταῖς
968 5251 1228 5318 μοναχαῖς
1286 5248 1636 5318 ἐντυγχάνειν
1704 5248 2014 5316 ὀερείλουσι,

448 5336 804 5409 μεταγραφὲν
846 5338 1324 5408 ἐγχειρισθήσεται
1354 5339 1514 5408 αὐτῇ,
1558 5338 1634 5401 ὡς
1694 5338 1761 5391 ἂν
1812 5339 2018 5407 εἴδησιν

442 5429 552 5482 τῶν
577 5429 674 5483 τοῦ
700 5430 933 5485 τυπικοῦ
961 5430 1223 5501 ῥημάτων
1251 5430 1468 5502 ἔχουσα,
1504 5431 1898 5502 ὑπομιμνήσκῃ
1921 5429 2019 5500 τὴν

444 5521 890 5592 καθηγουμένην,
947 5525 1039 5575 καὶ
1087 5522 1381 5592 προστάξει
1422 5521 1594 5591 αὐτῆς
1644 5522 1698 5574 at
1753 5520 2023 5585 ἐντεύξεις

447 5612 710 5682 γίνωνται
763 5615 904 5670 κατὰ
951 5615 1048 5685 τὴν
1102 5617 1197 5670 τοῦ
1254 5616 1482 5670 τυπικοῦ
1538 5614 1785 5685 δύναμιν.
1845 5612 2022 5686 Γραῦς

523 5796 572 5829 ’⁵
603 5797 745 5853 Psal.
778 5813 896 5863 CXL,
944 5797 1028 5852 l0.

2121 4599 2246 4654 ideo
2288 4610 2549 4652 vocamus
2598 4594 2897 4656 ostiariam,
2944 4590 3199 4661 prtefecta
3257 4589 3547 4653 instituet;
3579 4602 3700 4656 quae

2120 4690 2338 4748 curabit
2376 4698 2435 4743 ut
2467 4688 2601 4743 citra
2637 4684 2909 4755 pra-iectas
2942 4680 3270 4737 sententiam
3325 4681 3529 4734 ostium
3566 4678 3697 4732 nul-

2120 4785 2337 4838 latenus
2371 4780 2677 4849 aperiatur,
2700 4787 2757 4830 et
2790 4783 2851 4828 nt
2878 4774 3042 4827 nullae
3077 4773 3130 4825 in
3166 4771 3559 4825 monasterium
3609 4769 3697 4823 in-

2121 4876 2462 4944 grediantur,
2484 4870 2569 4923 vel
2602 4869 2671 4922 ab
2697 4883 2763 4922 eo
2790 4864 3168 4936 egrediantur,
3207 4863 3379 4916 inscia
3412 4860 3696 4931 praetecta.

2121 4966 2387 5034 Quocirca
2410 4970 2572 5032 caput
2598 4962 2682 5014 his
2697 4961 2764 5013 de
2787 4958 2951 5012 rebus
2972 4971 3155 5025 agens.
3181 4955 3457 5023 quomodo
3480 4967 3698 5023 nempe,

2124 5057 2367 5129 quando,
2397 5065 2453 5110 et
2491 5055 2717 5124 quinam
2754 5066 2821 5104 ex
2852 5049 3250 5104 accedentibus
3290 5047 3527 5101 debeant
3573 5059 3700 5100 cum

2125 5149 2459 5207 monialibus
2492 5143 2751 5214 colloqui,
2781 5141 3173 5211 transcriptum
3206 5141 3307 5211 ipsi
3340 5140 3610 5201 tradetur,
3641 5146 3703 5193 ut

2125 5245 2420 5301 verborum
2457 5238 2620 5312 typici
2656 5235 2920 5307 prudens,
2947 5234 3257 5305 praetectam
3293 5235 3705 5301 moneat,ejus-

2126 5334 2608 5409 quejussu,juxta
2642 5331 2754 5384 vim
2807 5327 2995 5399 typici,
3045 5326 3321 5394 colloquia
3371 5324 3705 5379 ﬁant.Anus

2128 5436 2309 5484 autem
2341 5441 2463 5479 esse
2505 5422 2668 5478 debet
2693 5435 2816 5491 quae
2849 5418 2917 5473 ad
2960 5418 3065 5473 hoc
3095 5417 3333 5472 oiIicium
3384 5416 3701 5485 deputatur,

2127 5522 2366 5590 viaeque
2394 5519 2659 5578 honestat,
2690 5529 2753 5569 ac
2790 5512 3036 5568 omnium
3084 5524 3336 5566 sororum
3389 5504 3704 5563 testimonio

2131 5608 2522 5681 comprobata;
2580 5619 2703 5675 quae
2755 5601 2992 5673 singulis
3041 5601 3236 5659 diebus
3294 5596 3363 5652 ad
3414 5607 3701 5664 vesperam
