4064 6414
371 395 508 461 1047

1642 401 1928 462 IRENES
1969 403 2348 464 AUGUSTE

3493 394 3632 459 1048

364 503 551 562 claves
579 505 790 562 deferet
819 505 888 562 ad
921 506 1256 575 prafectam.
1283 507 1353 562 Et
1384 523 1452 562 ne
1482 509 1598 579 ipsa
1627 509 1852 579 quidem
1883 526 1941 567 se

2067 513 2248 566 αέντοι
2309 511 2516 580 ὀφείλει
2577 506 2716 566 εἶναι
2771 511 2804 581 ἠ
2854 510 2935 571 είς
2963 508 3170 577 ταύτην
3217 507 3316 579 τὴν
3350 506 3634 560 διακονίαν

363 597 579 652 visendi
621 613 784 653 causa
843 599 1172 654 accedentes
1234 607 1499 670 cognatos
1550 601 1782 667 videbit,
1806 604 1942 659 citra

366 690 638 758 praefectze
665 690 1020 760 permissum,
1060 702 1340 747 annuente
1383 704 1569 748 autem
1601 693 1717 761 illa,
1744 695 1946 750 invisat

366 792 463 831 eos
491 794 600 847 quo
640 793 800 848 pacto
827 780 929 836 sibi
959 796 1284 836 concessum
1318 782 1504 838 fuerit.

2051 603 2486 675 προϐαλλομένη,
2550 605 2646 658 καὶ
2702 602 2816 672 βίου
2850 600 3066 671 σεμνοῦ,
3123 600 3218 654 καὶ
3275 616 3635 669 μεμαρτυρη-

2057 694 2194 765 μένη
2226 693 2379 766 παρά
2411 693 2592 764 πάσης
2625 692 2726 763 τῆς
2759 690 3120 760 ἀδελφότητος
3145 706 3160 721 θ
3203 690 3324 759 ἥτις
3374 688 3468 740 καὶ
3511 687 3635 741 καθ’

2055 787 2292 856 έκὰστην
2324 785 2566 857 ἑσπέραν
2608 783 2707 848 τὰς
2757 785 2906 847 κλεῖς
2933 783 3324 851 είσκομίζουσα
3363 781 3512 833 ἔσται
3567 782 3636 850 τῇ

367 871 774 945 καθηγουμένῃ.
807 875 914 927 Καὶ
942 873 1064 926 οὐδὲ
1097 875 1236 944 αὑτὴ
1266 875 1391 938 τοὺς
1447 875 1538 928 ἐπὶ
1595 875 1724 929 θέαν
1783 876 1954 945 αὐτῆς
2020 875 2363 945 ἀφιγμένους
2434 877 2720 944 συγγενεῖς
2765 873 2957 944 δψεται
3002 871 3128 925 ἄνευ
3177 869 3493 940 προτροπῆς
3537 868 3639 936 τῆς

365 965 698 1036 ἡγουμένης,
720 967 991 1039 ἐπιτροπῇ
1022 968 1078 1022 δὲ
1110 967 1316 1040 ταύτης
1340 967 1594 1022 θεάσεται
1616 970 1816 1035 αὐτοὺς
1862 968 2044 1032 καθὼς
2066 969 2132 1024 ἂν
2186 968 2540 1041 ἐπιτραπείη.

441 1088 613 1142 Porro
646 1104 757 1142 non
796 1089 914 1143 vult
948 1089 1241 1159 imperium
1272 1103 1621 1155 meum,.cam
1654 1088 1722 1144 ad
1744 1089 1947 1145 ostium

2121 1085 2400 1156 Διηνεκῶς
2431 1085 2619 1156 μέντοι
2645 1083 2978 1155 προσμένειν
3007 1082 3175 1150 αὐτὴν
3205 1083 3263 1134 ἐν
3294 1080 3372 1152 τῷ
3400 1082 3637 1152 πυλῶνι,

363 1187 634 1246 perpetuo
663 1193 920 1244 manere;
943 1178 1041 1234 sed
1063 1180 1276 1243 statuit,
1295 1189 1354 1234 ut
1381 1180 1499 1249 ipsa
1529 1194 1752 1248 quoque
1779 1179 1835 1234 in
1859 1195 1950 1234 as-

2067 1178 2110 1232 ιύ
2148 1177 2400 1249 βούλεται
2434 1179 2466 1247 ἡ
2503 1175 2756 1246 βασιλεία
2794 1193 2921 1246 μου,
2947 1173 3085 1230 ἀλλά
3111 1173 3384 1242 καθῆσθαι
3414 1178 3508 1228 καὶ
3533 1177 3639 1230 αύ-

363 1267 578 1335 signato
629 1267 916 1323 domicilio
945 1283 1072 1324 cum
1104 1269 1395 1324 sororibus
1429 1268 1693 1325 resideat.
1749 1269 1807 1325 Si
1841 1285 1950 1339 qua

2067 1271 2146 1342 τὴν
2175 1272 2233 1322 ὲν
2262 1269 2340 1336 τῷ
2372 1268 2743 1339 ἀφωρισμένῳ
2770 1268 3001 1337 οἰκίσκῳ
3031 1267 3171 1336 μετά
3204 1266 3307 1336 τῆς
3345 1266 3645 1336 ἀδελφότη-

366 1371 502 1410 vero
533 1358 835 1412 necessitas
861 1357 1154 1427 postularit
1177 1373 1298 1413 eam
1331 1359 1399 1413 ad
1423 1359 1627 1413 ostium
1663 1358 1950 1423 accedere,

365 1464 562 1519 nempe
592 1466 622 1504 a
655 1449 1030 1506 tintinnabula
1069 1450 1337 1506 monitam
1371 1467 1430 1506 se
1486 1450 1556 1505 ad
1603 1450 1809 1506 ostium
1858 1466 1955 1506 vo-

365 1541 686 1611 cari,jussu
729 1540 1003 1610 praefecte
1047 1541 1350 1608 abscedet;
1405 1552 1461 1597 et
1531 1541 1625 1597 ubi
1685 1539 1952 1606 ofﬁcium,

365 1631 737 1701 quodcunque
778 1633 913 1687 illud
957 1632 1146 1698 fuerit,
1179 1633 1512 1704 impleverit,
1544 1648 1734 1690 rursus
1767 1633 1954 1706 ingre-

367 1722 572 1786 dietur,
598 1733 800 1778 etcum
830 1723 1042 1779 caeteris
1075 1724 1308 1782 sedebit.

925 1946 1151 2003 CAPUT
1191 1947 1359 2002 XXX.

370 2060 583 2127 Quanto
647 2069 882 2132 tempore
933 2062 989 2116 in
1029 2064 1354 2134 monasterio
1420 2075 1723 2134 exspectare
1768 2066 1960 2119 debeat

509 2148 628 2202 qua:
687 2134 1007 2187 extrinsecus
1042 2133 1272 2199 advenit,
1325 2142 1375 2186 et
1411 2133 1618 2190 tonderi
1642 2135 1810 2192 debet.

441 2340 575 2405 Qum
600 2339 815 2394 tonderi
844 2338 1070 2404 debent,
1095 2347 1151 2394 et
1180 2337 1471 2394 deﬁnitum
1497 2339 1820 2396 monialium
1848 2344 1958 2396 nu-'

373 2446 588 2484 merum
623 2430 876 2499 implere,
933 2429 980 2484 si
1016 2429 1239 2499 quidem
1273 2431 1550 2486 voluerint
1573 2432 1840 2502 depositis
1861 2449 1956 2489 ca-

374 2524 542 2592 pillis,
568 2522 900 2578 obedientiae
942 2524 1355 2588 vestimentum,
1383 2535 1436 2579 et
1474 2524 1745 2595 mandyan
1779 2526 1956 2580 solum

374 2615 630 2679 induere,
686 2631 781 2670 sex
824 2614 1103 2671 mensium
1149 2625 1368 2686 tempus
1420 2617 1844 2686 exspectabunt.
1898 2619 1954 2674 Si

373 2722 508 2762 veru
540 2707 837 2762 familiares
867 2707 1139 2778 quedam,
1160 2715 1216 2762 et
1244 2707 1590 2764 honestiores
1635 2709 1861 2772 fuerint,
1894 2726 1958 2766 ac

375 2799 549 2872 probe
593 2800 802 2856 sciatur
830 2801 1022 2870 quales
1050 2799 1161 2854 vita
1196 2801 1328 2867 sint,
1371 2802 1803 2872 monasteriique
1843 2803 1960 2859 dis-

377 2893 636 2962 ciplinam
670 2905 727 2948 et
755 2893 1070 2948 institutum
1094 2892 1414 2948 nullatenus
1434 2893 1835 2964 ignoraverint,
1860 2895 1955 2950 ubi

377 2983 633 3052 praefecta
681 2992 1116 3038 consentaneum
1165 2983 1459 3054 judicabit,
1526 2987 1683 3056 juxta
1726 2985 1958 3041 formam

379 3072 778 3130 tondebuntur.

2053 1380 2167 1427 τος,
2190 1362 2508 1434 διορίζεται.
2543 1361 2612 1415 Et
2630 1378 2715 1425 τις
2738 1360 2796 1414 δὲ
2822 1359 2981 1430 χρεία
3010 1361 3238 1429 γένηται
3266 1359 3642 1430 παρασάλλειν

2053 1455 2261 1524 ταύτην
2286 1455 2346 1508 ἐν
2373 1453 2451 1523 τῷ
2484 1452 2692 1506 πυλῶνι
2726 1451 3176 1520 ἀναδιδαχθεῖσαν
3207 1450 3296 1503 διὰ
3322 1451 3428 1504 τοῦ
3462 1451 3648 1505 κώδω-

2054 1562 2166 1609 νος,
2199 1545 2286 1598 ὅτι
2325 1543 2544 1599 καλοῖτο
2584 1541 2722 1614 πρὸς
2771 1541 2865 1596 τὸν
2905 1540 3152 1602 πυλῶνα,
3196 1539 3494 1609 προστάξει
3544 1542 3646 1610 τῆς

2056 1635 2482 1708 καθηγουμένης
2543 1633 2943 1697 ἀπελεύσεται,
3006 1632 3102 1686 καὶ
3165 1634 3264 1704 τὴν
3327 1633 3644 1700 διακονίαν,

2054 1727 2217 1781 ὁποία
2265 1729 2420 1790 ἐστὶ,
2489 1726 2854 1797 πληρώσασα,
2914 1724 3284 1780 εἰσελεύσεται
3335 1721 3490 1789 αὖθις
3554 1727 3649 1780 καὶ

2058 1819 2572 1888 συγκαθεσθήσεται
2599 1820 2718 1881 ταῖς
2748 1816 2988 1881 λοιπαῖς.

2674 1953 2926 2008 ΚΕΦΑΛ.
2988 1952 3066 2008 Λ’.

2059 2069 2201 2138 Περὶ
2251 2070 2378 2141 τοῦᾲ
2412 2070 2611 2124 πόσον
2663 2071 2889 2139 χρόνον
2934 2069 3031 2141 δεῖ
3078 2070 3417 2141 περιμένειν
3466 2070 3536 2124 ἐν
3574 2068 3652 2141 τῆ

2125 2139 2288 2209 μονῇ
2321 2139 2438 2206 τὴν
2484 2140 2711 2203 ἔξωθεν
2764 2139 3105 2204 εισιοῦσαν,
3143 2140 3243 2195 καί
3285 2139 3650 2210 μέλλουσαν

2132 2210 2584 2278 ἀποκείρεσθαι.

2133 2343 2204 2395 Δῖ
2233 2357 2296 2410 γε
2332 2341 2439 2411 μὴν
2469 2341 2863 2410 ἀποκείρεσθαι
2903 2340 3220 2411 μέλλουσαι,
3257 2340 3354 2394 καὶ
3396 2341 3487 2394 τὸν
3514 2341 3650 2412 ὠρι-

2064 2435 2264 2503 σμένον
2306 2432 2417 2486 τῶν
2453 2433 2706 2502 μοναχῶν
2757 2432 3112 2502 ἀναπληροῦν
3149 2431 3404 2501 ἀριθμὸν,
3447 2434 3495 2484 εί
3549 2433 3650 2502 μὲν

2064 2524 2370 2594 βούλονται,
2403 2525 2500 2586 τὰς
2543 2526 2738 2595 τρίχας
2771 2525 3127 2592 ἀποθέμεναι,
3157 2526 3217 2576 τὸ
3250 2525 3348 2595 τῆς
3372 2526 3651 2593 ὑποταγῆς

2067 2617 2288 2686 ίμὰτιον
2324 2617 2418 2669 καὶ
2464 2616 2556 2668 τὸν
2592 2615 2836 2685 μανδύαν
2870 2615 2983 2686 (l9)
3024 2616 3185 2686 μόνον
3220 2616 3647 2680 ἐπενδύσασθαι,

2062 2703 2422 2776 περιμενοῦσι
2465 2705 2557 2758 τὸν
2584 2705 2940 2775 ἑξαμηνιαῖον
2989 2706 3202 2776 καιρόν.
3242 2707 3303 2759 El
3333 2705 3388 2758 δέ
3421 2724 3484 2771 γε
3523 2724 3650 2759 συν·

2063 2796 2217 2866 seu;
2272 2797 2438 2861 τινὲς,
2471 2798 2568 2850 καὶ
2594 2796 2702 2851 τῶν
2733 2796 3174 2868 ἀξιολογωτέρων
3200 2799 3540 2866 τυγχάνοιεν,
3574 2800 3652 2861 ὠς

2063 2888 2225 2942 αὐταί
2269 2905 2330 2941 τε
2373 2887 2838 2956 ἐπιγινώσκεσθαι
2873 2891 3056 2940 ὁποῖαι
3094 2889 3188 2941 τὸν
3221 2889 3336 2958 βίον
3387 2891 3515 2954 elei,
3554 2891 3652 2943 καὶ

2063 2981 2165 3052 τὴν
2189 2981 2283 3034 τοῦ
2323 2980 2691 3052 μοναστηρίου
2724 2978 3004 3050 διαγωγὴν
3034 2981 3128 3032 καὶ
3171 2981 3512 3034 κατάστασιν
3544 2999 3652 3049 μη-

2061 3073 2252 3142 δαμῶς
2301 3073 2541 3139 ἀγνοεῖν,
2595 3073 2686 3124 ὅτε
2735 3073 2914 3140 κρινεῖ
2963 3075 2996 3140 ἡ
3047 3071 3324 3140 ἡγουμένη
3372 3072 3654 3141 συμφέρων

2064 3161 2229 3231 εἶναι,
2268 3163 2408 3216 κατά
2441 3165 2529 3216 τὸν
2563 3163 2735 3216 τύπον
2767 3164 3232 3234 ἀποκαρήσονται.

448 3272 580 3338 Quae
626 3289 761 3329 vero
783 3273 1032 3329 habitum
1056 3283 1308 3328 sanctum
1327 3273 1396 3328 ab
1418 3274 1534 3343 ipsa
1566 3274 1720 3328 indui
1745 3274 1956 3336 volunt,

2140 3277 2206 3330 Λί
2235 3276 2292 3330 δὲ
2333 3275 2657 3346 βουλόμεναι
2697 3274 2759 3328 τὸ
2783 3275 2939 3342 ἀγιον
2974 3275 3162 3345 σχῆμα
3195 3275 3254 3342 έξ
3294 3276 3463 3345 αὐτῆς
3493 3277 3654 3329 επεν·

378 3371 424 3424 si
455 3369 680 3438 quidem
705 3369 810 3439 pite
833 3370 1102 3424 mulieres
1131 3369 1359 3433 fuerint,
1387 3375 1444 3422 et
1483 3368 1652 3421 vitam
1698 3367 1963 3422 monasti-

379 3473 502 3513 cam
531 3459 586 3513 in
617 3458 870 3514 saeculari
901 3459 1098 3513 habitu
1132 3458 1387 3529 degerint
1424 3475 1439 3512 :
1472 3475 1650 3527 neque
1676 3459 1807 3528 ipsa:
1830 3473 1961 3530 pro-

380 3549 624 3605 bationis
659 3561 879 3618 tempus
925 3549 1350 3619 exspectabant,
1398 3565 1596 3619 nempe
1633 3551 1959 3616 triennium,

379 3641 530 3712 quod
570 3643 744 3696 sancti
772 3642 960 3696 Patres
992 3641 1062 3696 ad
1098 3643 1539 3712 experimentum
1579 3652 1636 3698 et
1685 3643 1964 3713 probatio-

381 3749 533 3800 nem,
563 3734 632 3788 iis
658 3750 778 3804 quae
807 3735 968 3790 aliam
997 3736 1166 3792 vitam
1193 3737 1476 3802 duxerint,
1525 3737 1792 3792 canonice
1826 3737 1962 3790 deti-

380 3825 561 3884 niere.
616 3824 725 3880 Sed
775 3827 842 3881 ad
894 3838 1062 3884 totam
1123 3829 1530 3899 probationem,
1557 3843 1654 3884 sex
1685 3829 1960 3885 mensium

383 3926 601 3988 tempus
627 3917 759 3989 ipsis
784 3920 916 3973 satis
938 3920 1066 3982 erit,
1101 3929 1342 3989 tuncque
1381 3929 1630 3990 optatum
1665 3935 1964 3990 assequen-

383 4019 496 4074 tur,
528 4019 589 4066 ut
617 4027 654 4066 α
678 4012 882 4067 sanctis
911 4012 1167 4067 Patribus
1187 4012 1474 4066 decretum
1501 4021 1608 4069 est.
1647 4012 1704 4067 Si
1729 4030 1862 4068 vero
1894 4030 1963 4069 ex

382 4103 767 4176 ignorantibus
815 4111 871 4159 et
917 4103 1120 4174 ignotis
1165 4103 1392 4169 fuerint,
1419 4113 1709 4175 postquam
1755 4105 1967 4160 hebdo-

379 4196 598 4250 madam
628 4211 791 4250 unam
823 4195 1038 4251 dierum
1059 4196 1114 4250 in
1139 4197 1470 4252 monasterio
1498 4197 1962 4267 exspectaverint,

384 4289 707 4342 monasticis
743 4287 1093 4342 vestimentis
1152 4288 1476 4352 induentur,
1535 4298 1592 4344 et
1647 4289 1967 4344 ministrare

379 4380 550 4448 iussa:
584 4379 639 4432 in
672 4379 966 4448 assignatis
993 4382 1146 4450 juxta
1186 4381 1336 4435 vires
1381 4380 1597 4446 otIiciis,
1644 4397 1744 4451 per
1793 4383 1965 4437 trien-

384 4469 541 4524 nium
571 4468 627 4523 in
654 4469 994 4524 monasterio
1039 4471 1477 4539 perseverabunt
1507 4489 1522 4526 :
1550 4487 1655 4526 nec
1680 4485 1876 4542 magno
1909 4483 1967 4525 et

2067 3365 2334 3420 δύσασθαι
2361 3380 2376 3394 ⁸
2412 3367 2461 3418 εί
2511 3365 2610 3435 μὲν
2653 3363 2765 3417 εῐεν
2809 3367 3070 3432 γυναῖκες
3116 3365 3388 3428 εὐλαϐεῖς,
3434 3365 3652 3420 καὶτὸν

2071 3457 2366 3529 μοναχικὺν
2393 3457 2507 3528 βίον
2534 3459 2589 3510 έν
2623 3457 2876 3528 κοσμικῷ
2900 3458 3217 3514 διανύουσαι
3247 3459 3508 3529 σχήματι,
3539 3458 3653 3512 οὐδ’

2077 3550 2238 3604 αὐταὶ
2263 3549 2621 3620 περιμενοῦσι
2652 3551 2743 3604 τὸν
2765 3550 2865 3619 τῆς
2896 3549 3222 3619 δοκιμασίας
3246 3551 3461 3620 καιρὸν,
3494 3566 3656 3602 τουτ-

2069 3644 2185 3697 έστι
2234 3644 2334 3716 τὴν
2384 3643 2629 3714 τριετίαν
2662 3642 2796 3714 (20),
2853 3644 2919 3712 ἢν
2971 3644 3020 3695 οἱ
3061 3643 3209 3710 ἀγιοι
3268 3643 3511 3712 Πατέρες
3570 3643 3655 3707 είς

2069 3738 2268 3807 πεῖραν
2309 3736 2404 3790 καὶ
2455 3737 2801 3806 δοκιμασίαν,
2837 3739 2956 3800 ταῖς
3007 3735 3182 3799 ἄλλως
3230 3735 3481 3806 ἐχούσαις
3510 3735 3656 3790 κατὰ

2068 3827 2160 3880 τὸν
2194 3828 2328 3898 βίον,
2366 3828 2670 3892 κανονικῶς
2703 3830 3086 3897 ἀφωρίσαντο·
3111 3829 3228 3882 ἀλλ’
3269 3828 3497 3899 ἀρκέσει
3523 3829 3656 3881 ταύο

2068 3935 2192 3981 ταις
2245 3921 2325 3982 είς
2357 3919 2667 3989 ἀπόπειραν
2727 3919 2992 3989 παντελῆ,
3059 3919 3153 3972 καὶ
3207 3921 3236 3972 ό
3298 3921 3656 3990 ἑξαμηνιαῖος

2070 4013 2282 4083 χρόνος,
2339 4014 2435 4065 καὶ
2491 4011 2554 4065 τὸ
2607 4010 2910 4081 τηνικαῦτα
2960 4011 3241 4076 τεύξονται
3290 4011 3384 4064 τοῦ
3436 4011 3654 4079 ἐφετοῦ,

2070 4103 2252 4167 καθὼς
2281 4104 2374 4158 καὶ⁵
2425 4105 2536 4165 τοῖς
2568 4103 2746 4172 ἁγίοις
2792 4105 3041 4174 Πατράσι
3090 4103 3462 4173 διηγόρευται.
3495 4104 3554 4156 Ei
3595 4104 3656 4157 δὲ

2070 4195 2178 4250 τῶν
2223 4192 2534 4262 ἀγνωυσῶν
2591 4210 2650 4246 τε
2713 4194 2808 4247 καὶ
2863 4192 3250 4262 ἀγνοουμένων
3308 4194 3655 4262 τυγχάνοιεν,

2071 4287 2344 4356 ἑϐδομάδα
2375 4287 2506 4356 μίαν
2529 4285 2756 4356 ἡμερῶν
2784 4287 2848 4356 τῇ
2879 4287 3015 4357 μονῇ
3051 4286 3462 4356 περιμείνασαι,
3498 4301 3656 4349 περι-

2073 4377 2364 4431 ϐαλοῦνται
2416 4378 2483 4430 τὰ
2520 4376 2792 4446 μοναχικά
2842 4375 3188 4446 περιϐόλαια,
3220 4375 3316 4430 καὶ
3362 4377 3658 4446 ὑπηρετεῖν

2073 4471 2132 4524 ὲν
2158 4472 2280 4532 ταῖς
2304 4469 2446 4522 κατά
2469 4469 2702 4538 δύναμιν
2721 4468 3020 4532 διακονίαις
3045 4471 3470 4538 ὲπιταττόμεναι
3495 4486 3659 4539 προσ-

382 4563 633 4632 angelico
663 4562 856 4618 habitu
891 4562 1269 4630 donabuntur,
1295 4565 1472 4620 donec
1500 4564 1722 4618 triennii
1751 4572 1959 4632 tempus

2075 4566 2478 4636 καρτερήσουσι
2517 4566 2584 4634 τῇ
2643 4565 2778 4632 μονῇ
2819 4565 3102 4633 τριετίαν·
3145 4564 3241 4617 τοῦ
3276 4566 3516 4634 μεγάλου
3561 4565 3658 4618 καὶ

383 4657 451 4710 ad
489 4672 681 4711 earum
714 4657 1152 4726 experimentum
1179 4657 1493 4711 absolutum
1525 4656 1713 4720 fuerit,
1759 4664 1815 4708 et
1841 4669 1965 4723 spe-

386 4758 564 4804 elatas
606 4749 753 4817 ipsas
809 4756 1068 4818 tantaque
1099 4749 1212 4803 vita
1268 4746 1959 4819 dignas‘manifestaverit.

386 4840 503 4896 Hoc
523 4842 670 4896 enim
693 4849 912 4911 tempus
941 4841 1220 4906 obtinere,
1252 4841 1378 4896 latae
1401 4841 1470 4896 de
1497 4841 1605 4896 illis
1636 4841 1785 4910 leges
1830 4838 1970 4893 deii-

388 4935 615 4989 nierunt
641 4953 654 4989 :
687 4935 792 4991 nisi
819 4935 1000 5004 gravis
1031 4935 1256 5005 quidam
1285 4935 1510 4990 morbus
1533 4936 1789 4991 accidens
1829 4943 1968 4991 tem-

386 5042 499 5098 pus.
519 5027 868 5096 probationis
893 5027 1224 5083 contrahere
1254 5027 1513 5098 coegerit.

2075 4657 2370 4724 ἀγγελικοῦ
2428 4657 2711 4726 σχήματος
2745 4657 2858 4726 (21)
2902 4658 2978 4728 μὴ
3027 4658 3478 4727 καταξιούμεναι,
3525 4661 3657 4729 πρὶν

2073 4746 2138 4800 ἂν
2169 4749 2198 4800 ό
2242 4747 2343 4816 τῆς
2371 4748 2613 4818 τριετίας
2649 4749 2838 4818 χρόνος
2883 4750 3075 4812 αὑταῖς
3107 4749 3282 4820 ἀφεθῇ
3325 4751 3405 4813 είς
3438 4752 3655 4820 πεῖραν,

2071 4840 2168 4893 καὶ
2197 4841 2454 4909 δοκίμους
2477 4841 2646 4903 αὑτὰς
2679 4841 2774 4892 καὶ
2805 4841 2964 4906 ἀξίας
2990 4842 3091 4911 τῆς
3113 4839 3449 4910 τηλικαύτης
3472 4839 3658 4909 βιοτῆς

2074 4934 2430 5001 παραστήσῃ.
2467 4932 2670 4984 Τοῦτον
2698 4932 2807 5002 γὰρ
2831 4931 2925 4984 τὸν
2961 4933 3154 5002 καιρὸν
3193 4935 3439 5002 κρατεῖν,
3470 4932 3566 4984 καὶ
3599 4932 3658 4984 αἱ

2072 5026 2168 5078 ἐπὶ
2201 5025 2428 5088 ταύταις
2475 5027 2727 5095 κείμεναι
2763 5023 3040 5089 διατάξεις
3083 5025 3394 5096 ὡρίσαντο’
3435 5022 3576 5092 πλὴν
3609 5023 3660 5073 εί

2078 5119 2152 5188 μή
2188 5117 2290 5169 πού
2335 5134 2419 5181 τις
2465 5116 2661 5188 βαρεῖα
2711 5117 3102 5189 προσπεσοῦσα
3151 5117 3305 5180 νόσος
3335 5115 3428 5169 τὸν
3465 5114 3660 5185 χρόνον

2075 5209 2381 5278 ἁναγκάσοι
2405 5210 2737 5281 συσταλῆναι
2761 5213 2860 5282 τῆς
2890 5210 3233 5281 δοκιμασίας.

1654 5369 2106 5433 Montfauconii
2168 5379 2358 5432 noue.

463 5545 577 5614 (l9)
608 5543 916 5614 Mardiiar.
943 5543 1037 5614 Est
1068 5554 1240 5614 genus
1269 5541 1605 5614 vestimenti,
1633 5541 1699 5594 ab
1720 5541 1966 5614 numeris

393 5611 657 5685 adipedes
694 5612 1007 5685 deﬂuentis,
1027 5611 1306 5685 quodnon
1329 5611 1504 5685 solum
1531 5611 1964 5685 monachis_,_se_d

391 5695 449 5738 et
489 5680 763 5753 episcopis
792 5683 916 5736 usui
958 5691 1123 5753 erat:
1161 5681 1229 5735 de
1274 5697 1384 5753 quo
1430 5680 1661 5747 Goarus,
1705 5681 1756 5734 in
1808 5681 1964 5753 Notis

392 5755 460 5807 ad
514 5751 937 5824 Enchelogium,
995 5752 1113 5808 fuse
1155 5751 1455 5806 eteruditc
1498 5766 1598 5807 suo
1646 5766 1799 5807 more
1849 5751 1964 5807 dis-

395 5830 572 5892 putat.

2149 5541 2258 5610 (20)
2280 5541 2353 5595 De
2369 5540 2594 5595 deﬁnita
2619 5539 2843 5595 triennii
2869 5538 3216 5610 probatione,
3239 5536 3365 5610 vide
3383 5537 3653 5610 Joannem

2075 5607 2342 5664 Zonaram
2386 5612 2454 5666 ad
2481 5626 2746 5666 canonem
2797 5607 3054 5679 quintum
3117 5607 3313 5680 synodi
3381 5608 3572 5678 prima:
3599 5617 3657 5661 et

2076 5682 2364 5820 56392313
2397 5750 2576 5818 magni
2611 5759 2667 5803 et
2696 5747 2925 5820 angelici
2953 5749 3173 5810 habitus
3220 5746 3569 5820 susceptione
3597 5752 3654 5801 et

2073 5822 2196 5892 ejus
2223 5821 2422 5890 olIicio,
2453 5822 2568 5878 vide
2592 5820 3015 5891 Euchologium.
