4064 6420
440 362 576 430 1049
1869 372 2041 435 TYPI

2099 377 2226 440 [ιιι.
3565 395 3704 466 1056

991 473 1246 528 ΚΕΦΑΛ.
1277 473 1396 530 AA'
1413 513 1430 530 .
2051 491 2106 551 Α

2051 491 2106 551 Δ
2693 495 2919 555 CAPUT
2950 500 3142 557 XXXI.

434 561 573 633 Περὶ
608 561 717 618 τοῦ
751 563 923 635 τινας
970 563 1069 618 δεῖ
1087 563 1580 635 ἀποστέλλεσθαι
1613 567 1705 635 είς

715 631 1031 702 κτημάτων
1051 632 1158 703 τῆς
1192 635 1391 704 μονῆς
1422 631 1737 705 πρόνοιακ.

507 747 569 801 Οί
589 744 646 801 δέ
673 762 738 815 γε
761 745 1218 817 ἀποστελλόμενοι
1237 747 1319 811 είς
1336 745 1436 824 τὴν
1460 748 1573 803 τῶν
1596 750 1895 822 κτημάτων
1922 752 2025 824 τῆς

2196 761 2300 829 Qui
2327 761 2395 818 ad
2427 765 2632 835 praedia
2661 773 2980 827 monasterii
3009 777 3264 831 curanda
3297 779 3615 846 mittuntur,
3642 799 3707 839 ne

441 841 608 911 μονῆς
647 839 926 910 πρόνοιαν,
957 839 1031 909 μὴ
1069 838 1158 893 διὰ
1181 839 1528 910 συγγένειαν,
1563 843 1596 915 ἢ
1628 843 1958 918 οἰκειότητα,
1987 845 2022 918 ἢ

2125 850 2408 908 aﬂinitatis
2438 870 2536 912 seu
2559 857 2950 918 familiaritatis
2977 866 3172 934 gratia,
3198 876 3292 921 aut
3321 869 3393 922 ob
3414 838 3707 940 quamdam

437 932 631 1003 ἑτέραν
663 931 787 984 τινὰ
828 932 1087 1002 τοιαύτην
1131 933 1314 987 αίτίαν
1347 934 1817 1005 προτιμάσθωσαν
1841 953 1856 969 ο
1889 938 2026 992 ἀλλά

2127 944 2290 1000 aliam
2327 947 2568 1004 similem
2601 966 2825 1007 causam
2873 931 3227 1025 cooptentur.
3286 957 3390 1014 Sed
3433 931 3707 1032 magnam

438 1021 645 1092 πολλὴν
671 1021 928 1091 φροντίδα
952 1021 1315 1087 τιθέσθωσαν,
1339 1023 1374 1094 ἦ
1403 1040 1463 1076 τε
1487 1025 1899 1099 καθηγουμένη,
1928 1028 2025 1082 καὶ

2126 1036 2557 1096 sollicitudinem
2599 1054 2792 1114 gerant
2840 1021 3120 1116 prmiecta,
3165 1059 3221 1105 et
3251 1049 3398 1106 illius
3444 1021 3709 1122 temporis

439 1114 468 1164 ὁ
495 1112 640 1166 κατά
669 1113 899 1182 καιροὺς
927 1113 1237 1183 οἰκονόμος,
1269 1115 1550 1186 εὑρίσκειν
1588 1116 1914 1188 ἀνθρώπους
1938 1120 2028 1174 εὑ-

2128 1142 2474 1197 ωοοηοωιιε,
2507 1151 2619 1204 quo
2680 1137 2932 1195 homines
2986 1143 3266 1212 reperiant
3315 1145 3409 1214 qui
3444 1145 3534 1198 vili
3569 1163 3709 1200 eon-

438 1203 811 1275 υπολήπτους,
858 1205 956 1259 καὶ
999 1205 1334 1275 ὀλιγαρκείς,
1384 1207 1770 1274 ἀναπαύοντας
1801 1211 1901 1281 μὲν
1931 1211 2026 1266 καὶ

2127 1219 2254 1276 duci
2287 1203 2537 1292 possint,
2577 1226 2836 1297 frugales.
2883 1231 2977 1300 qui
3035 1203 3348 1290 cohibeant.
3391 1251 3488 1291 eos
3527 1239 3618 1306 qui
3655 1239 3707 1292 in

441 1296 569 1360 τοὺς
613 1298 671 1350 ὲν
715 1298 832 1361 τοῖς
873 1297 1144 1368 κτήμασι,
1196 1299 1290 1352 καὶ
1322 1300 1552 1369 μηδενὸς
1602 1303 2027 1373 νοσφιζομένους

2128 1314 2351 1382 praediis
2373 1326 2702 1387 versantur;
2743 1321 2880 1376 nihil
2935 1338 3123 1378 rerum
3165 1329 3488 1382 monasterii
3524 1330 3710 1383 subri-

440 1389 554 1442 τῶν
585 1391 650 1459 τῇ
687 1390 820 1460 μονῇ
870 1389 1205 1460 ἀνηκόντων,
1245 1391 1443 1460 πεῖράν
1471 1409 1531 1445 τε
1574 1392 1798 1463 ἔχοντας
1832 1397 1912 1460 εἰς
1958 1395 2027 1450 τὰ

2127 1404 2364 1475 pientes,
2397 1410 2747 1479 agricultura;
2782 1415 3013 1484 peritos.
3045 1415 3156 1472 Hos
3182 1419 3438 1474 mittendi
3470 1431 3709 1489 potesta-

440 1482 746 1552 γεωργικά.
778 1480 892 1550 Τῆς
923 1480 980 1534 δὲ
1003 1480 1214 1536 τούτων
1243 1483 1552 1554 ἀποστολῆς
1576 1486 1608 1554 ἡ
1635 1485 2024 1558 καθηγουμένη

2131 1505 2240 1553 tem
2267 1499 2495 1555 habebit
2517 1480 2800 1572 praetecta,
2825 1507 3084 1563 similiter
3117 1519 3175 1565 et
3218 1480 3569 1577 immutandi,
3614 1514 3710 1569 ubi

440 1571 555 1638 ἔξει
590 1573 690 1642 τὴν
729 1573 1006 1640 ἐξουσίαν,
1055 1573 1320 1639 ὡσαύτως
1353 1577 1448 1628 καὶ
1489 1577 1591 1648 τῆς
1628 1577 1902 1648 διαδοχῆς,
1935 1579 2024 1632 ὅτε

2127 1606 2157 1645 a
2189 1593 2462 1662 probitate
2518 1571 2863 1655 declinantes
2899 1601 3230 1670 deprehensi
3281 1603 3488 1659 fuerint
3525 1571 3709 1675 ;'quos

439 1663 713 1735 εὑρεθοίεν
781 1662 1103 1738 [εὑρεθεῖεν]
1176 1667 1278 1738 τῆς
1351 1667 1645 1739 ὀρθότητος
1718 1670 2025 1741 ἐκτραπέν-

2129 1683 2296 1738 debet
2321 1700 2644 1742 meonomus
2675 1689 2992 1758 observare,
3015 1708 3141 1746 eum
3168 1709 3198 1747 a
3229 1693 3482 1763 praelecta
3509 1696 3709 1750 missus

437 1772 552 1821 τες,
586 1755 680 1820 οὒς
707 1757 913 1826 ὀφείλει
957 1760 986 1812 ὀ
1027 1759 1312 1829 οίκονόμος
1345 1761 1570 1833 ἔφορᾷν,
1610 1763 1700 1816 ὅτε
1743 1763 1897 1834 παρά
1924 1767 2024 1834 τῆς

2128 1776 2316 1841 fuerit,
2342 1779 2680 1837 inelusiones
2707 1783 3080 1852 inspecturus,
3131 1801 3256 1840 cum
3294 1787 3707 1857 inspectoribus

438 1849 754 1919 ἡγουμένης
800 1849 1080 1920 πεμφθείη
1127 1853 1250 1915 τοὺς
1293 1853 1696 1924 συγκλεισμοὺς
1743 1855 2016 1910 ἐποπτεύ-

2125 1869 2394 1925 rationem
2444 1873 2706 1941 initurus,
2755 1885 2810 1930 ct
2857 1879 3042 1932 omnia
3083 1885 3142 1932 ut
3187 1879 3707 1935 convenitadmini-

442 1956 574 2006 σων,
614 1941 860 2004 καὶτοὺς
894 1942 1288 2007 ὲπισκεπτίτας
1323 1946 1687 2019 λογαριάσων,
1719 1947 1815 2001 καὶ
1849 1949 2026 2004 πάντα
2127 1971 2423 2023 araturus.

444 2031 674 2096 δεόντως
699 2035 1102 2104 οἰκονομήσων.

1745 567 1862 638 τὴν
1900 570 2021 627 τῶν
2132 579 2363 647 Quinam
2395 584 2466 639 ad
2499 589 2738 645 curanda
2764 596 3071 648 monasterii
3093 597 3297 666 pradia
3319 600 3558 656 mittendi
3584 606 3688 659 sint

1005 2150 1262 2206 ΚΕΦΑΛ.
1302 2150 1414 2206 AB'
1432 2191 1447 2208 .

2668 2163 2895 2221 CAPUT
2935 2166 3155 2223 XXXII.

437 2240 575 2310 Περὶ
613 2241 978 2308 ἀκολουθίας
1025 2244 1286 2328 πρώτης,
1339 2244 1548 2314 τρίτης
1589 2263 1654 2300 τε
1706 2265 1806 2302 και
1845 2265 2028 2318 εκτης

1145 2331 1322 2383 ωρας.

1895 2267 2028 2318 ιτης
2322 2255 2398 2309 De
2421 2257 2582 2326 ofﬁcio
2621 2260 2826 2327 primm,
2867 2261 3038 2313 tertia:
3066 2267 3115 2313 et
3141 2266 3304 2316 sextae
3337 2262 3500 2317 liorw.

520 2421 686 2475 Ἀλλά
719 2423 888 2493 μέχρι
934 2422 1128 2476 τούτου
1188 2425 1318 2496 περὶ
1369 2423 1574 2478 τούτων
1627 2425 2023 2498 διαλεχθέντες,

2201 2429 2307 2485 Sed
2337 2436 2626 2499 postquam
2659 2429 2726 2484 de
2756 2429 2842 2484 his
2861 2429 3135 2485 hactenus
3164 2430 3552 2491 disseruimus.
3583 2448 3707 2502 age,

441 2514 598 2585 φέρε,
637 2516 765 2586 περὶ
809 2516 910 2584 τῆς
963 2516 1432 2588 ἐκκλησιαστικῆς
1480 2509 1668 2572 λοιπὸν
1700 2519 2026 2583 ἀκολουθίας

2127 2520 2195 2576 de
2217 2520 2592 2575 ecclesiastico
2633 2519 2897 2588 deinceps
2950 2521 3131 2576 oﬂicio
3179 2522 3462 2585 dicamus;
3491 2533 3544 2578 et
3589 2535 3709 2577 uta

436 2607 856 2677 ammtwpsea!
883 2608 977 2661 καὶ
1005 2608 1093 2662 ἵνα
1124 2625 1189 2676 γε
1216 2609 1325 2662 ἀπὸ
1362 2611 1540 2679 φωτὸς
1561 2610 1880 2682 ἀρξώμεθα,
1916 2609 2025 2665 ἀπὸ

2127 2613 2250 2667 luce
2279 2611 2630 2681 incipiamus.
2661 2627 2692 2665 a
2743 2612 2920 2680 prima
2959 2613 3094 2666 hora
3128 2613 3330 2666 diurna
3361 2613 3582 2668 initium
3610 2613 3706 2666 du-

438 2701 540 2770 τῆς
566 2700 794 2771 πρώτης
824 2700 1094 2771 ἡμερινῆς
1123 2699 1279 2770 ὥρας
1300 2700 1400 2771 τὴν
1421 2703 1597 2772 ἀρχὴν
1625 2702 1983 2774 ποιησώμεθα
2004 2718 2020 2735 ο

2127 2719 2342 2768 camus,
2366 2704 2422 2758 in
2455 2703 2560 2758 hoc
2583 2704 2754 2758 Deum
2798 2703 3102 2770 imitantes,
3145 2705 3241 2773 qui
3275 2706 3463 2759 mundi
3497 2707 3706 2760 consti-

437 2792 529 2844 τὸν
575 2791 710 2844 Θεὸν
747 2792 891 2844 κατά
937 2791 1098 2845 τοῦτο
1155 2792 1509 2862 μιμούμενοι,
1546 2793 1645 2864 τῆς
1691 2793 1784 2846 τοῦ
1816 2794 2023 2864 κόσμου

2129 2796 2396 2854 tutionem
2428 2811 2459 2850 a
2483 2796 2626 2850 lucis
2652 2795 2937 2849 creatione
2967 2795 3268 2849 inchoavit.
3290 2794 3575 2865 Completa
3605 2798 3709 2850 ita-

434 2883 757 2946 συστάσεως
803 2882 909 2935 ἀπὸ
948 2884 1047 2952 τῆς
1086 2883 1184 2936 τοῦ
1225 2884 1404 2952 φωτὸς
1440 2884 1806 2954 δημιουργίας
1856 2884 2024 2954 ἀρξά-

2126 2904 2235 2959 que
2267 2888 2537 2942 matutina
2592 2887 2802 2952 Laude,
2864 2887 3246 2957 subjungenda
3296 2889 3458 2943 nobis
3506 2898 3592 2944 est
3640 2891 3708 2944 de

443 2993 626 3047 μενον.
662 2975 818 3031 Μετὰ
844 2975 1026 3028 τοίνυν
1062 2975 1164 3045 τὴν
1195 2975 1594 3045 συμπλήρωσιν
1625 2976 1722 3045 τῆς
1763 2975 2025 3046 ὀρθρινῆς

2127 2995 2279 3035 more
2309 2980 2484 3050 prima
2519 2979 2678 3042 hora,
2715 2978 2774 3032 in
2803 2980 2962 3049 cujus
3006 2977 3114 3034 ﬁne
3147 2979 3382 3033 dicenda
3428 2981 3545 3035 haec
3583 2996 3709 3034 ora—

439 3069 769 3138 δοξολογίας.
803 3069 885 3120 δεῖ
923 3066 1219 3121 συνάπτειν
1265 3069 1414 3138 ἡμᾶς
1460 3069 1559 3140 τὴν
1617 3067 1839 3138 πρώτην
1874 3068 2023 3138 ὤραν

2132 3075 2208 3129 tio
2243 3091 2256 3126 :
2295 3091 2314 3124 ι
2360 3072 2464 3139 Qui
2507 3072 2563 3126 in
2609 3072 2763 3126 omni
2817 3083 3064 3142 tempore
3108 3080 3164 3127 et
3201 3073 3352 3127 omni
3385 3074 3543 3127 hora.
3589 3091 3606 3124 ›
3642 3073 3710 3129 Et

443 3163 583 3216 κατά
611 3161 671 3214 τὺ
703 3160 1134 3230 συνειθισμένον,
1171 3159 1268 3212 καὶ
1304 3160 1401 3212 ἐπὶ
1426 3159 1505 3230 τῷ
1531 3159 1673 3213 τέλει
1702 3161 1908 3231 ταύτης
1934 3159 2021 3213 λέ-

2127 3173 2251 3236 post
2271 3163 2575 3218 orationem
2610 3161 2742 3216 ﬂant
2789 3173 3067 3218 consuetae
3104 3163 3537 3233 genuﬂexiones,
3565 3179 3592 3218 a
3628 3181 3710 3217 ro-

441 3253 758 3322 γεσθαιτὴν
781 3253 946 3322 εὐχὴν
969 3251 1215 3318 ταύτην·
1248 3270 1267 3304 ι
1303 3252 1363 3304 '0
1399 3253 1456 3306 ὲν
1493 3255 1658 3306 «avri.
1694 3252 1892 3324 καιρῷ,
1928 3253 2022 3306 καὶ

2127 3253 2474 3309 bustioribus
2531 3251 2754 3322 quidem
2796 3253 2863 3307 ad
2896 3262 3099 3308 terram
3125 3254 3243 3308 sine
3263 3255 3706 3323 proseuchadio:

444 3348 594 3418 πάσῃ
647 3346 766 3417 ὥρᾳ
812 3346 947 3416 (9.2).
1001 3363 1021 3398 ι
1068 3344 1180 3399 Καὶ
1221 3347 1362 3415 μετά
1407 3345 1509 3412 τὴν
1557 3345 1720 3416 εὐχὴν
1777 3345 2024 3414 γίνεσθαι

2127 3346 2197 3401 ab
2247 3345 2650 3400 inlirmioribus
2685 3359 2815 3399 vero
2843 3345 3095 3400 adhibito
3143 3345 3340 3400 humili
3384 3345 3708 3400 fulcimento

441 3440 544 3503 τὰς
609 3439 864 3508 συνήθεις
926 3436 1316 3506 γονυκλισίας,
1383 3438 1502 3500 ταῖς
1566 3437 1666 3507 μὲν
1720 3437 2026 3490 δυνατωτέ-

2127 3448 2182 3494 et
2207 3437 2503 3508 adjutorio.
2537 3436 2634 3490 Est
2654 3444 2837 3490 autem
2861 3436 3170 3506 genuﬂexio
3191 3437 3518 3491 reverentia:
3546 3437 3709 3506 quin-

446 3549 568 3602 ραις
613 3531 721 3584 ἀπὸ
775 3531 880 3600 γῆς
926 3529 1057 3583 ἀνευ
1110 3529 1506 3600 προσευχαδίου
1557 3527 1706 3600 (25)ο
1755 3531 1875 3591 ταῖς
1926 3529 2026 3581 ἀσ-

2128 3532 2328 3595 decim,
2361 3545 2597 3600 quarum
2634 3537 2746 3583 tres
2773 3529 2991 3598 priores
3021 3529 3225 3582 lentius
3260 3527 3377 3582 ﬁeri
3427 3527 3632 3581 debent
3657 3536 3712 3580 et

445 3623 792 3693 θενεστέραις
839 3622 930 3687 δὲ,
991 3621 1087 3674 καὶ
1137 3620 1278 3692 μετά
1351 3637 1495 3684 τινος
1545 3619 2028 3690 ὑποστηρίγματος

2129 3625 2282 3696 quasi
2323 3625 2552 3688 tardius,
2588 3639 2714 3678 cum
2747 3623 2891 3676 inter
2919 3622 3198 3681 standum,
3233 3632 3347 3674 tum
3382 3621 3438 3674 in
3466 3635 3697 3690 genuum

446 3714 733 3777 ταπεινοῦ,
779 3715 872 3767 καὶ
911 3712 1278 3784 βοηθήματος.
1316 3713 1475 3766 Ἐστι
1509 3713 1566 3766 δὲ
1606 3715 1639 3783 ἡ
1688 3713 2024 3782 γονυκλισία,

2130 3717 2393 3772 ﬂexione:
2425 3724 2485 3769 ut
2518 3727 2856 3783 unaquaeque
2893 3722 3138 3766 vestrum
3184 3721 3334 3765 stans
3375 3718 3430 3764 et
3459 3709 3713 3763 manibus

447 3811 729 3879 μετάνοιαι
761 3807 874 3878 (24)
901 3806 1221 3872 δεκαπέντε,
1248 3801 1323 3860 ὧν
1368 3807 1426 3860 αἱ
1471 3805 1572 3876 μὲν
1624 3806 1843 3877 πρῶται
1877 3807 2029 3876 τρεῖς

2130 3806 2386 3879 expansis
2437 3806 2624 3860 dicere
2679 3804 2853 3874 poSsit
2921 3813 3009 3858 ter
3065 3803 3132 3857 ad
3190 3803 3454 3872 singulas,
3511 3800 3644 3854 illud
3696 3817 3709 3855 :

443 3901 721 3968 ὀφείλουσι
752 3899 1000 3969 γίνεσθαι
1040 3897 1440 3970 σχολαιότερον,
1475 3898 1572 3952 καὶ
1608 3893 1719 3952 οἷον
1769 3897 2030 3969 βραδύτε-

2119 3897 2158 3950 ἰ
2196 3900 2360 3963 Deus,
2404 3895 2682 3966 propitius
2734 3903 2852 3949 esto
2899 3893 3037 3947 mihi
3075 3893 3394 3963 peccatrici.
3443 3910 3460 3942 ι
3499 3890 3711 3944 Deinde

451 4009 542 4064 ρον
569 3992 627 4045 ἐν
662 4009 721 4045 τε
753 3994 821 4062 τῇ
854 3991 1135 4057 συστάσει,
1175 3991 1272 4044 καὶ
1298 3992 1364 4062 τῇ
1397 3989 1507 4044 τῶν
1540 3989 1786 4058 γονάτων
1813 3989 1988 4043 κλίσει
2010 4004 2026 4020 '

2131 3991 2358 4046 ﬂectens
2387 4005 2564 4060 genua
2597 3996 2838 4056 etcaput
2871 4001 3044 4054 usque
3082 3985 3146 4040 ad
3187 3995 3415 4046 terram,
3452 3991 3536 4037 ter
3559 3981 3713 4036 simi-

449 4083 590 4137 ὥστε
615 4081 878 4138 δύνασθαι
905 4082 1143 4152 ἑκάστην
1174 4079 1352 4151 ὑμῶν,
1380 4079 1632 4133 ἑστῶσαν
1678 4079 1776 4150 μὲν
1805 4078 1901 4132 καὶ
1929 4077 2031 4142 τὰς

2130 4084 2258 4139 liter
2278 4084 2463 4139 dicere
2486 4080 2622 4136 illud
2658 4098 2672 4134 ι
2709 4099 2728 4132 ι
2769 4079 2998 4135 Peccavi
3031 4079 3153 4143 tibi,
3197 4077 3451 4136 Domine.
3489 4075 3709 4143 ignosce

448 4179 634 4247 χεῖρας
678 4175 1050 4245 ὲκτεταμὲνας
1101 4173 1333 4243 ἔχουσαν
1380 4173 1561 4240 λέγειν
1587 4171 1936 4243 καθεκάστην
1965 4175 2031 4226 ὲκ

2133 4176 2291 4231 mihi.
2318 4194 2337 4227 ι
2365 4176 2434 4230 Et
2457 4183 2568 4229 tres
2588 4173 2812 4244 quidem
2839 4170 3255 4243 genuﬂexiones
3274 4172 3354 4225 sic
3383 4186 3414 4224 a
3442 4169 3602 4224 vobis
3629 4167 3711 4222 fa-

447 4268 633 4340 τρίτου
660 4267 720 4321 τό
741 4284 756 4299 ο
793 4286 810 4318 ι
855 4266 915 4320 Ὀ
943 4266 1097 4330 Θεὸς,
1135 4265 1382 4336 ἱλάσθητί
1415 4283 1508 4336 μοι
1539 4267 1606 4335 τῇ
1633 4263 1971 4336 ἀμαρτωλῷο
2004 4282 2024 4316 ι

2133 4268 2379 4328 ciendaa;
2418 4266 2648 4336 reliqua:
2677 4281 2803 4320 vero
2843 4263 3138 4318 duodecim
3162 4263 3400 4318 celerius
3429 4277 3443 4314 :
3481 4269 3541 4315 ut
3573 4275 3715 4329 qua:-

450 4356 570 4413 είτα
607 4359 870 4413 κλίνασαν
899 4361 966 4412 τὰ
1003 4359 1208 4427 γόνατα
1237 4359 1332 4413 καὶ
1371 4360 1471 4428 τὴν
1501 4359 1744 4428 κεφαλὴν
1771 4357 1876 4421 ἕως
1906 4356 2030 4426 γῆς,

2133 4359 2272 4416 libet
2295 4357 2464 4413 semel
2492 4355 2639 4412 dicat
2676 4356 2730 4410 in
2766 4370 3008 4426 genuum
3043 4354 3300 4419 ﬂexione,
3332 4361 3390 4408 et
3423 4351 3591 4407 semel
3624 4351 3715 4405 in-

447 4450 632 4521 τρίτον
671 4450 854 4519 λέγειν
904 4451 1107 4519 ὁμοίως
1157 4450 1238 4517 τὸ,
1281 4469 1300 4501 ι
1337 4450 1625 4520 Ἥμαρτόν
1674 4466 1780 4513 σοι,
1829 4447 2028 4518 Κύριε,

2138 4460 2220 4506 ter
2273 4449 2530 4505 standum
2579 4448 2843 4519 pradicta
2903 4446 3327 4518 supplicationis
3382 4443 3570 4498 verba.
3613 4440 3718 4496 Gc-

451 4512 808 4614 συγχώρησόν
854 4512 968 4613 μοι.
1005 4561 1028 4596 ι
1061 4512 1172 4595 Καὶ
1211 4512 1311 4606 τὰς
1361 4512 1460 4613 μέν
1500 4512 1654 4614 τρεῖς
1683 4512 2030 4608 γονυκλισίας

2135 4557 2307 4596 nuum
2340 4557 2474 4596 vero
2525 4541 2814 4603 ﬂexiones,
2857 4547 2912 4594 et
2951 4539 3267 4595 erectiones
3322 4536 3554 4599 facietis,
3605 4549 3715 4587 non

449 4635 621 4698 οὕτως
651 4636 780 4705 ὑμῖν
811 4634 1089 4705 ποιητέον,
1133 4633 1234 4696 τὰς
1276 4633 1330 4686 δὲ
1361 4634 1554 4698 λοιπάς
1598 4633 1806 4687 δώδεκα.
1838 4649 2033 4687 συντο-

2131 4635 2228 4690 ubi
2254 4633 2722 4705 singulislibitum
2751 4631 2942 4694 fuerit.
2967 4630 3351 4701 incomposite,
3383 4637 3438 4683 et
3462 4640 3717 4695 quoquo-

454 4727 699 4798 μώτερον
719 4741 734 4756 ⁶
764 4727 840 4790 ὡς
874 4725 1095 4796 ἐφάπαξ
1125 4727 1311 4794 λέγειν
1350 4727 1592 4795 ἑκάστην
1628 4728 1686 4778 ὲν
1715 4728 1781 4796 τῇ
1807 4725 1919 4778 τῶν
1943 4741 2037 4792 γο-

2134 4727 2300 4783 modo
2330 4750 2343 4784 :
2384 4726 2480 4782 sed
2503 4725 2661 4796 quasi
2684 4740 2854 4779 unum
2884 4739 3126 4790 corpus;
3161 4737 3272 4775 una
3307 4719 3615 4780 ﬂectentes,
3661 4727 3718 4772 et

451 4818 629 4872 νάτων
659 4816 856 4882 κλίσει,
905 4818 1000 4872 καὶ
1027 4821 1094 4889 τῇ
1125 4819 1315 4872 στάσει
1357 4818 1508 4883 ἅπαξ
1542 4818 1612 4872 τὰ
1659 4818 2039 4890 προειρημένα

2133 4835 2243 4873 una
2289 4833 2390 4873 vos
2447 4816 2756 4885 erigentes;
2793 4813 2936 4867 duce
2966 4818 3331 4879 utrarumque
3365 4814 3584 4863 utentes
3612 4805 3720 4859 Ec-

447 4909 549 4978 τῆς
588 4909 828 4972 ἱκετείας
874 4911 1122 4980 ῥήματα.
1157 4910 1460 4980 Ποιήσεσθε
1499 4909 1554 4962 δὲ
1585 4909 1682 4973 τάς
1726 4927 1785 4962 τε
1811 4908 1920 4962 τῶν
1949 4926 2044 4979 γο-

2132 4909 2316 4965 σιοείω
2351 4909 2671 4978 prreposita,
2737 4914 2866 4960 ante
2903 4917 3120 4958 sacrum
3154 4901 3379 4971 adytum
3433 4905 3634 4960 stante,
3664 4906 3722 4952 et

448 5003 627 5055 νάτων
682 5000 907 5068 κλίσεις,
940 5001 1037 5055 καὶ
1082 4999 1182 5063 τὰς
1232 5000 1572 5065 ἀνανεύσεις,
1625 5002 1724 5070 οὐχ
1759 5001 1849 5054 ὅτε
1893 5001 2042 5054 δοκεῖ

2137 5000 2373 5055 ﬂexione
2405 4999 2630 5070 quidem
2666 4997 2982 5059 ﬂexionem,
3013 4993 3299 5048 erectione
3323 5007 3454 5046 vero
3485 4989 3722 5045 erectio-

451 5094 681 5165 ἑκάστῃ,
706 5093 959 5156 ἀτάκτως
981 5091 1077 5146 καὶ
1107 5092 1476 5162 ἀλληνάλλως,
1505 5092 1620 5146 ἀλλ’
1640 5093 1716 5156 ώς
1756 5091 1816 5146 ἓν
1848 5091 2032 5162 σῶμα,

2141 5109 2266 5150 nem
2292 5100 2784 5148 commonstrantc.
2813 5090 2882 5144 Et
2908 5089 3014 5143 hoc
3060 5085 3287 5156 quidem
3313 5083 3557 5140 oﬂicium
3587 5081 3720 5149 diei,

451 5186 568 5258 ἃμα
593 5185 692 5256 μὲν
723 5183 1058 5254 κλινόμεναι,
1084 5182 1201 5254 ἅμα
1226 5183 1284 5236 δὲ
1306 5183 1668 5254 ἀνιστάμεναι
1689 5197 1704 5213 ⁶
1727 5183 1823 5236 καὶ
1853 5183 2034 5254 ὁδηγῷ

2146 5187 2201 5240 in
2227 5200 2338 5255 quo
2360 5186 2480 5240 vice
2517 5203 2536 5236 ι
2580 5185 2727 5239 Deus
2768 5181 3054 5245 Dominus,
3095 5177 3354 5242 Alleluia,
3396 5195 3414 5229 ι
3447 5185 3722 5234 cantatur.

1734 5299 2199 5364 Montfauconii
2243 5309 2435 5364 notae.

525 5425 648 5505 (22).
666 5423 1002 5505 Orationem,
1137 5424 1196 5505 ὲν
1252 5425 1423 5505 grav-ci.
1475 5421 1682 5505 καιρῷ,
1726 5421 1823 5475 καὶ
1881 5423 2034 5505 πάσῃ

2144 5429 2580 5505 genuﬂectentes
2611 5425 3013 5505 inniteo’antur,
3050 5420 3119 5476 de
3150 5433 3262 5490 quo
3314 5415 3723 5472 eruditissimus

454 5493 596 5572 ὥρα,
616 5493 694 5572 t3
721 5493 937 5572 ούρανῷ
968 5494 1180 5572 καὶέπὶ
1214 5493 1344 5563 γῆς,
1371 5493 1865 5572 προσκυνούμενος.
1896 5493 2037 5572 Χριέ

1940 5493 2037 5572 ,ριέ
2143 5493 2392 5572 Cangius
2418 5493 2774 5572 in_Glossario
2803 5493 3007 5572 Graeco.
3329 5507 3331 5510 ‘
3533 5553 3545 5572 ε

458 5551 634 5648 ait};
657 5551 850 5648 Baetici
906 5551 1458 5648 ξιοιπιιρόθιτιμοξξ’ἐισί3
1505 5551 2038 5648 Ιιοῦεξῖίηῌονρίο-

2158 5551 2167 5552 ί
2217 5551 2498 5648 (ἔθρυίρ
2555 5566 2666 5619 sint
2721 5564 3004 5648 μετάνοιαι
3052 5575 3148 5616 seu
3183 5556 3510 5648 reverentiae
3531 5551 3722 5648 inlice

455 5633 540 5758 ρὶο
565 5620 746 5690 Crwco
768 5620 1207 5699 Venétiis'edito,
1237 5620 1386 5704 quod
1413 5620 1460 5689 si
1484 5632 1761 5697 consulas,
1795 5634 2034 5699 plurima

475 5704 781 5778 iis_s_i_milia
809 5705 1075 5778 reperies.
1520 5772 1534 5778 _
1720 5775 1731 5778 _
1758 5775 1771 5778 Α

2143 5620 2327 5706 capite
2355 5620 2691 5704 Explicatur;
2721 5620 2921 5690 'l‘usius
2947 5639 3131 5689 autem
3186 5628 3241 5684 in
3270 5625 3428 5682 Notis
3451 5621 3618 5680 Goari
3649 5620 3719 5675 ad

2143 5706 2567 5778 Euchologium.

527 5775 639 5845 (25)
685 5772 1085 5847 Προσευχάδιον
1115 5783 1233 5831 erat
1275 5789 1374 5832 ceu
1406 5772 1607 5846 gradus
1640 5775 1862 5849 quidam
1923 5790 2033 5846 quo
