4064 6442
399 403 541 468 1055

1658 393 1946 457 IRENES
1985 390 2364 455 AUGUSTIE

3508 390 3647 456 1056

396 534 540 582 mus,
575 531 699 570 cum
731 514 922 568 notitia
945 511 1214 581 prarfecta:
1245 529 1257 564 :
1292 526 1471 580 neque
1517 525 1648 564 vero
1692 509 1970 564 laudabile

2078 508 2280 577 μένης·
2319 503 2687 575 ἀκοινώνητον
2734 504 2789 556 δέ
2839 520 2958 557 τινα
2990 504 3188 572 ἑαυτὴν
3221 505 3474 575 ἡγεῖσθαι
3520 508 3651 560 ἄνευ

393 619 498 673 est,
532 606 844 676 quamdam,
877 605 1080 672 absque
1115 604 1233 673 ejus
1268 603 1484 666 notitia,
1521 602 1626 656 sibi
1662 617 1773 656 non
1817 616 1970 655 com-

2070 599 2170 666 τῆς
2209 596 2416 649 ἐκείνου
2466 595 2747 664 είδήσεως,
2806 594 2906 646 οὐκ
2957 596 3274 647 ἐπαινετόν·
3319 597 3654 666 κατάκριτος

397 697 788 753 municandum
823 709 944 749 esse
989 694 1272 764 judicare;
1328 694 1696 762 damnataque
1721 692 1970 766 erit‘quae

2075 689 2126 740 δὲ
2157 688 2309 740 ἔσται
2355 687 2389 756 ὴ
2433 683 2591 738 τοῦτο
2623 682 2874 748 ποιοῦσα,
2901 683 2976 746 ὼς
3022 683 3152 738 ίδιον
3184 684 3535 754 ἐκπληροῦσα
3561 684 3640 736 θέ-

395 791 530 844 illud
589 787 781 856 egerit,
835 787 1041 855 quippe
1103 800 1226 855 qua:
1288 800 1443 839 suam
1501 783 1807 854 expleverit
1872 799 1971 838 vo-

395 882 682 936 luntatem.
1823 932 1829 935 _

464 973 569 1026 Par
597 981 684 1024 est
739 980 925 1026 autem
967 977 1028 1023 ut
1099 983 1220 1038 quae
1267 967 1754 1022 communicatum
1818 975 1966 1031 sunt,

2071 780 2135 849 λη
2144 796 2239 849 μα.

2145 960 2257 1023 Τάς
2291 961 2476 1030 μέντοι
2515 957 2956 1029 μεταλαμϐάνειν
2982 957 3326 1026 ὀφειλούσας,
3360 955 3652 1024 ἐνδεχόμε-

395 1063 635 1116 oﬂicium
671 1063 726 1115 in
760 1071 946 1116 sancta
971 1059 1356 1114 communione
1393 1061 1613 1114 solitum
1646 1060 1972 1129 psallant,et

2075 1054 2162 1107 νόν
2193 1055 2308 1106 ἐστι
2336 1051 2435 1121 τὴν
2463 1051 2554 1103 ἐπὶ
2576 1052 2642 1120 τῇ
2676 1049 2806 1120 ἁγίᾳ
2835 1049 3133 1119 μεταλήψει
3163 1046 3486 1101 ἀκολουθίαν
3513 1045 3650 1114 ψάλι-

395 1155 448 1206 ἱη
481 1152 761 1207 communi
791 1162 1138 1206 commdnem
1167 1151 1233 1204 ad
1264 1150 1496 1204 invicem
1522 1151 1967 1220 genuﬂexionem

394 1246 680 1309 facientes,
698 1243 911 1298 veniam
942 1251 1133 1297 mutuo
1158 1242 1465 1296 concedant
1489 1260 1503 1296 :
1527 1243 1716 1313 sicque
1739 1241 1971 1297 viviﬁcis

396 1335 923 1390 s‘anctiﬁcationibus
952 1335 1307 1404 participem.

930 1466 1156 1524 CAPUT
1195 1468 1435 1524 XXXIV.

397 1582 533 1648 Quot
573 1599 733 1654 panes
780 1584 834 1636 in
878 1582 1107 1654 qualibet
1156 1583 1370 1655 liturgia
1419 1585 1668 1655 afferendi
1735 1586 1864 1650 sint,
1913 1595 1968 1638 et

1032 1670 1127 1722 pro
1154 1654 1356 1722 quibus.

465 1759 707 1826 Singulis
741 1759 940 1813 diebus
993 1760 1048 1814 in
1073 1761 1261 1814 divina
1293 1762 1511 1834 liturgia
1556 1774 1767 1835 septem
1804 1784 1972 1838 panes

2072 1146 2206 1212 λειν,
2255 1145 2443 1213 κοινήν
2486 1160 2546 1194 τε
2604 1141 2799 1205 κοινῶς
2855 1141 2952 1212 τὴν
2997 1141 3345 1208 γονυκλισίαν
3393 1137 3654 1207 ἀλλήλαις

2075 1237 2356 1300 ποιούσας,
2404 1235 2606 1288 διδόναι
2637 1235 3010 1305 συγχώρησιν.
3047 1235 3143 1288 καὶ
3175 1233 3345 1296 οὕτως
3382 1232 3489 1284 τῶν
3519 1230 3656 1295 ζωο-

2075 1328 2246 1382 ποιῶν
2280 1325 2724 1398 μεταλαμϐάνειν
2754 1325 3070 1394 ἀγιασμῶν.

2656 1463 2908 1515 ΚΕΦΑΛ.
2949 1461 3068 1515 AA'.

2074 1581 2210 1650 Περὶ
2239 1581 2346 1635 τοῦ
2394 1581 2627 1646 πόσους
2664 1578 2882 1650 ἄρτους
2924 1577 3016 1630 δεῖ
3051 1576 3498 1650 προσφέρεσθαι
3530 1577 3660 1631 καθ’

2241 1651 2515 1719 ἑκάστην
2541 1648 2943 1717 λειτουργίαν,
2975 1648 3074 1701 καὶ
3103 1648 3254 1716 ὑπὲρ
3285 1649 3486 1700 τίνων.

2143 1765 2281 1818 Καθ’
2316 1766 2555 1835 ἑκάστην
2609 1764 2666 1816 δὲ
2709 1765 2927 1833 ἡμέραν
2971 1763 3030 1814 ὲν
3056 1764 3120 1832 τῇ
3168 1761 3290 1830 θείᾳ
3340 1759 3660 1831 λειτουργέᾳ

395 1849 728 1910 oll‘crentur,
787 1866 928 1903 unus
974 1851 1309 1916 Dominicus,
1366 1855 1504 1907 alter
1548 1857 1720 1924 gratia
1786 1837 1961 1926 plena:

2076 1858 2216 1910 ὲπτά
2242 1856 2399 1927 ἄρτοι
2447 1854 2999 1926 προσενεχθήσονται,
3031 1848 3111 1914 εἷς
3158 1852 3510 1916 Δεσποτικδς,
3539 1854 3660 1905 ἓτε-

399 1941 641 1993 ltomina:
680 1951 878 1994 nostra:
910 1950 966 1995 et
999 1941 1266 2010 Deiparaz.
1303 1944 1442 1997 alius
1466 1948 1639 1999 sancti
1668 1946 1814 2001 illius
1842 1949 1970 2014 diei,

395 2029 538 2081 alius
597 2045 696 2096 pro
741 2031 1118 2100 redemptione
1154 2043 1210 2087 et
1255 2035 1577 2089 remissione
1625 2051 1970 2104 peccaturum

398 2123 831 2186 praestantissimi
866 2123 970 2176 mei
1013 2125 1387 2193 imperatoris,
1435 2143 1651 2182 necnon
1689 2145 1968 2197 meorum;

395 2214 537 2267 alius
570 2229 669 2282 pro
726 2215 1055 2269 monialibus
1099 2231 1224 2284 qua:
1276 2218 1628 2283 dormierint,
1689 2222 1829 2276 alius
1871 2238 1974 2291 pro

396 2306 734 2374 parentibus,
764 2313 820 2358 et
843 2307 1054 2360 cznteris
1088 2309 1335 2376 cognatis
1361 2311 1565 2364 nostris
1595 2313 1688 2380 qui
1726 2314 1971 2368 dormie-

404 2397 552 2459 rint;
589 2405 643 2449 et
675 2398 816 2450 alius
864 2412 964 2465 pro
1007 2398 1145 2452 vivis
1202 2398 1348 2462 ﬁliis,
1387 2403 1623 2469 generis,
1666 2412 1722 2456 et
1749 2403 1974 2470 reliquis

396 2486 649 2541 allinibus
674 2490 896 2542 nostris.
924 2490 1049 2542 Post
1071 2502 1304 2545 mortem
1330 2508 1461 2546 vero
1485 2503 1749 2557 nostram,
1770 2510 1974 2548 memo-

398 2589 554 2633 ratus
581 2582 738 2648 panis
771 2597 871 2649 pro
917 2583 1238 2637 remissione
1274 2595 1623 2652 peccatorum
1656 2595 1970 2639 nostrorum

396 2674 684 2741 speciatim
709 2673 994 2736 oﬂeretur,
1022 2683 1078 2727 et
1100 2674 1179 2728 sic
1197 2675 1290 2726 lict
1321 2674 1373 2727 in
1402 2684 1746 2744 perpetuum.
1775 2674 1829 2728 Si
1851 2679 1973 2745 quis

394 2775 576 2819 autem
595 2782 658 2820 ex
681 2767 944 2821 ambobus
963 2767 1140 2831 nobis,
1164 2768 1314 2836 prius
1333 2767 1507 2821 altero
1523 2768 1810 2834 moriatur,
1833 2785 1974 2823 unus

395 2859 624 2925 quidem
661 2859 814 2926 panis
863 2859 1044 2913 denuo
1077 2875 1178 2928 pro
1211 2859 1430 2913 vivente
1472 2859 1778 2927 speciatim,
1833 2860 1973 2914 alter

394 2964 527 3003 vero
575 2965 766 3004 rursus
808 2966 904 3019 pro
940 2949 1200 3003 defuncto
1238 2950 1527 3004 oﬂ'eretur.
1560 2951 1690 3005 Post
1736 2962 1970 3006 mortem

395 3049 577 3094 autem
617 3042 736 3111 ejus
787 3043 879 3111 qui
910 3049 1194 3111 superstes
1227 3043 1431 3109 fuerat,
1464 3059 1608 3099 unus
1637 3043 1836 3098 iterum
1871 3061 1972 3114 pro

394 3132 662 3187 ambobus
693 3133 980 3190 oﬂ'eretur.

468 3408 713 3479 Singulis
765 3427 894 3468 vero
949 3413 1204 3471 Sabbatis
1265 3415 1561 3471 offerenda:
1611 3425 1740 3472 sunt
1789 3434 1978 3489 parvae

289 3521 307 3543 κ
403 3513 599 3555 cruces
654 3516 754 3570 pro
804 3504 872 3558 iis
901 3505 994 3575 qui
1047 3496 1158 3576 jam
1214 3507 1564 3562 dormierunt
1628 3511 1972 3578 parentibus,

404 3589 529 3642 ﬁliis
558 3597 616 3644 et
645 3591 879 3648 nuribus
913 3596 1138 3662 nostris,
1175 3607 1230 3651 et
1261 3612 1363 3666 pro
1401 3597 1468 3652 iis
1500 3599 1592 3667 qui
1620 3608 1810 3668 postea
1841 3601 1974 3654 dor-

402 3679 609 3745 mient;
640 3696 740 3750 pro
780 3686 1084 3752 quaternis,
1115 3702 1258 3741 una:
1293 3689 1387 3758 qui
1409 3689 1977 3746 etdescribendisunt

398 3772 456 3826 in
495 3772 789 3844 diptychis,
845 3792 1146 3848 eorumque
1197 3780 1446 3835 facienda
1505 3787 1972 3850 commemoratio,

397 3871 458 3914 ut
505 3863 559 3915 in
601 3864 780 3932 typico
809 3867 1140 3922 continetur.
1202 3870 1307 3923 Pro
1341 3871 1480 3924 vivis
1533 3873 1740 3940 pariter
1785 3874 1879 3942 qui
1917 3875 1973 3929 in

396 3951 692 4022 diptychis,
755 3964 810 4008 et
866 3956 922 4008 in
983 3959 1164 4026 typico
1221 3961 1477 4030 descripti
1539 3974 1688 4028 sunt,
1749 3965 1976 4035 singulis

397 4044 698 4099 Dominicis
734 4045 854 4100 aliae
895 4063 1111 4113 cruces,
1167 4051 1320 4119 juxta
1351 4068 1640 4109 numerum
1691 4055 1972 4112 dormien-

397 4133 555 4200 tium,
587 4135 914 4191 otl‘erentur.

944 4362 1168 4420 CAPUT
1208 4367 1423 4424 XXXV.

399 4474 477 4528 De
537 4475 669 4527 hora
731 4492 906 4542 nona,
973 4485 1300 4604 vespertina,
1371 4495 1420 4538 et
1483 4489 1809 4556 panuychide
1865 4492 1968 4542 sive

1049 4569 1242 4604 verum
1272 4571 1339 4604 ιο.

1047 4569 1339 4622 pervigilio.

462 4680 728 4736 Volumus
776 4691 834 4735 ut
895 4685 1128 4739 mesoria
1177 4686 1325 4739 hora:
1359 4701 1518 4740 nonaa
1559 4687 1613 4739 in
1644 4686 1974 4742 dormitorio
2039 4684 2041 4689 ’

394 4782 580 4828 vestro
639 4775 891 4829 similiter
942 4778 1267 4845 psallantur,
1305 4793 1475 4846 parvo
1505 4773 1687 4844 'signo
1737 4780 1972 4847 pulsato.

393 4863 602 4918 Nonam
634 4882 765 4920 vero
794 4868 981 4922 horam
1007 4871 1236 4938 psallere
1272 4884 1371 4922 vos
1407 4878 1625 4938 oportet
1648 4869 1790 4924 sicut
1813 4871 1975 4925 horas

393 4958 462 5013 de
505 4960 708 5028 quibus
762 4964 1017 5030 superius
1065 4972 1358 5019 tractatum
1409 4971 1512 5026 est,
1550 4978 1674 5017 cum
1723 4965 1976 5021 mesoriis

393 5050 531 5118 ejus,
574 5061 632 5105 et
667 5054 1014 5119 reverentiis,
1042 5055 1198 5122 signo
1233 5067 1426 5107 omnes
1460 5053 1527 5108 de
1568 5070 1720 5108 more
1768 5070 1975 5110 convo-

396 5152 574 5196 cante.
626 5145 952 5213 VeSpertina
995 5163 1128 5201 vero
1168 5147 1289 5200 laus
1321 5162 1349 5200 a
1397 5147 1557 5201 vobis
1605 5148 1972 5216 persolvetur,

400 5241 462 5286 ut
494 5234 547 5287 in
583 5234 884 5306 Synaxario
923 5239 1266 5303 declaratur;
1295 5247 1348 5292 et
1377 5241 1639 5295 continuo
1674 5242 1976 5311 pannychis

372 5324 508 5378 eive
555 5327 924 5397 pervigilium.
980 5327 1432 5398 Quandoquidem
1477 5341 1660 5385 autem
1694 5330 1859 5384 hodie
1917 5331 1972 5384 in

396 5419 758 5488 pannycliide,
800 5436 894 5475 sex
955 5423 1195 5490 troparia
1257 5424 1310 5476 in
1352 5424 1849 5493 singulis,canticis
1879 5439 1973 5476 ca-

395 5514 627 5569 nuntur,
661 5518 784 5576 post
809 5519 1058 5564 nostrum
1086 5511 1153 5564 ad
1191 5513 1360 5568 Deum
1385 5513 1712 5577 discessum,
1735 5521 1974 5582 quatuor

396 5595 624 5662 quidem
653 5599 808 5666 juxta
848 5599 1208 5671 Synaxarium
1244 5604 1646 5669 cantabuntur,
1701 5604 1811 5659 duo
1841 5619 1972 5660 vero

403 5697 561 5740 erunt
591 5688 837 5747 funerea.

2078 1967 2170 2020 ρος
2196 1951 2292 2018 τῆς
2335 1949 2784 2019 κεχαριτωμένης
2815 1946 2975 2016 ἡμῶν
3012 1946 3312 2012 Δεσποίνης
3346 1945 3442 1997 καὶ
3468 1943 3660 1996 Θεοτό-

2076 2029 2198 2104 κου,
2229 2042 2416 2112 ἔτερος
2446 2040 2540 2094 τοῦ
2569 2039 2713 2092 κατὰ
2741 2039 2839 2108 τὴν
2875 2037 3087 2108 ἡμέραν
3115 2037 3295 2103 ἁγίου,
3327 2035 3483 2097 ἀλλος
3517 2035 3662 2104 ὑπὲρ

2075 2131 2272 2202 λύτρου
2301 2133 2396 2186 καὶ
2426 2133 2674 2198 ἀφέσεως
2701 2130 2810 2182 τῶν
2843 2127 3131 2198 ἁμαρτιῶν
3157 2126 3250 2180 τοῦ
3277 2144 3335 2178 τε
3361 2126 3660 2195 κρατίστου

2080 2240 2181 2292 μου
2220 2221 2485 2292 βασιλέως
2531 2221 2625 2274 καὶ
2658 2220 2791 2289 ἐμοῦ
2813 2235 2827 2250 ·
2861 2219 3047 2288 ἔτερος
3080 2219 3222 2287 ὑπὲρ
3249 2219 3358 2270 τῶν
3391 2234 3658 2285 κεκοιμη-

2081 2314 2260 2383 μένων
2289 2313 2562 2382 μοναχῶν,
2610 2312 2767 2374 ἄλλος
2805 2311 2945 2381 ὑπὲρ
2976 2311 3084 2363 τῶν
3117 2310 3542 2378 κεκοιμημένων
3567 2325 3660 2374 γο-

2077 2406 2214 2458 νέων
2247 2406 2341 2457 καὶ
2380 2405 2584 2457 λοιπῶν
2618 2404 2896 2470 συγγενῶν
2929 2403 3106 2470 ἡμῶν,
3151 2403 3246 2455 καλ⁸
3291 2402 3479 2470 ἕτερος
3516 2400 3659 2470 ὑπὲρ

2075 2497 2183 2548 τῶν
2217 2495 2434 2558 ζώντων
2465 2495 2692 2557 παίδων,
2729 2495 2821 2546 καὶ
2861 2511 2926 2560 γα
2938 2493 3148 2560 μὸρῶν,
3182 2497 3276 2546 καὶ
3300 2493 3503 2546 λοιπῶν
3535 2509 3660 2561 συγ-

2075 2587 2249 2654 γενῶν
2279 2587 2457 2656 ἡμῶν.
2491 2587 2599 2638 Καὶ
2629 2585 2768 2654 μετά
2795 2585 3024 2638 θάνατον
3047 2584 3104 2637 δὲ
3133 2584 3310 2653 ἡμῶν,
3345 2585 3662 2648 ἰδιαζόντως

2075 2681 2102 2732 ὁ
2135 2678 2321 2748 ῥηθεὶς
2349 2677 2512 2746 ἄρτος
2551 2677 2692 2744 ὑπὲρ
2724 2677 2973 2745 ἀφέσεως
3005 2676 3112 2728 τῶν
3151 2676 3437 2746 ἡμετέρων
3462 2692 3661 2744 προσε-

2076 2769 2397 2839 νεχθήσεται
2440 2768 2747 2837 ἁμαρτιῶν,
2803 2768 2896 2819 καὶ
2953 2767 3123 2829 οὕτως
3156 2768 3447 2833 γενήσεται
3493 2768 3552 2829 ὲς
3600 2769 3662 2819 τὸ

2075 2861 2339 2930 διηνεκές.
2375 2861 2435 2912 Ei
2458 2860 2514 2912 δέ
2546 2878 2630 2923 τις
2657 2860 2714 2926 ἐξ
2742 2860 3073 2930 ἀμφοτέρων
3105 2860 3259 2928 ἡμῶν
3295 2859 3657 2928 προτελευτῆ-

2077 2969 2161 3006 σει
2185 2951 2280 3004 τοῦ
2313 2953 2451 3017 ἐνὸς,
2478 2954 2505 3003 ὁ
2539 2951 2638 3020 μὲν
2672 2945 2752 3011 είς
2787 2952 2952 3020 ἄρτος
2981 2949 3142 3002 πάλιν
3175 2949 3483 3011 ἰδιαζόντως
3515 2949 3660 3018 ὑπὲρ

2074 3043 2170 3096 τοῦ
2203 3043 2402 3106 ζῶντος
2429 3042 2969 3112 προσκομισθήσεται
2996 3057 3010 3073 °
3042 3040 3229 3109 ἕτερος
3253 3041 3310 3093 δὲ
3334 3039 3490 3104 αὖθις
3515 3041 3659 3110 ὑπὲρ

2001 3156 2042 3212 C
2076 3135 2168 3186 τοῦ
2201 3134 2624 3204 τελευτήσαντος
2657 3134 3120 3204 προσαχθήσεται.
3157 3133 3314 3186 Μετά
3342 3133 3397 3186 δὲ
3432 3133 3522 3185 τὸν
3559 3131 3656 3185 τοῦ

2079 3226 2440 3296 ἐπιζήσαντος
2488 3226 2739 3289 θάνατον,
2785 3218 2864 3287 εἷς
2913 3225 3075 3277 πάλιν
3131 3224 3270 3294 ὑπὲρ
3333 3224 3659 3296 ἀμφοτέρων

2079 3318 2600 3388 προσενεχθήσεται.

2150 3410 2284 3462 Κατ’
2315 3410 2546 3461 ἕκαστον
2577 3410 2633 3461 δὲ
2666 3407 2964 3472 Σάόσατον,
2998 3408 3092 3460 καὶ
3123 3407 3355 3475 σταυρία
3383 3406 3657 3474 ὀφείλουσι

2077 3499 2543 3568 προσκομίζεσθαι
2577 3499 2717 3569 ὑπὲρ
2747 3498 2854 3551 τῶν
2879 3501 3408 3568 προκεκοιμημὲνων
3428 3498 3654 3565 γονέων,

2077 3592 2171 3644 καὶ
2202 3591 2428 3654 παίδων,
2470 3591 2564 3641 καὶ
2601 3590 2832 3658 νυμφῶν
2861 3590 3039 3659 ἡμῶν,
3068 3589 3296 3642 καὶτῶν
3319 3591 3397 3651 είς
3431 3589 3490 3641 τὸ
3525 3605 3656 3658 μετ-

2078 3686 2270 3737 έπειτα
2323 3682 2848 3752 κοιμηθησομένων,
2903 3684 2996 3734 ἐπὶ
3043 3683 3156 3743 τοῖς
3211 3682 3508 3751 τέσσαρσιν
3560 3679 3655 3733 ἕν’

2077 3779 2126 3830 οἳ
2167 3777 2258 3830 καὶ
2291 3775 2596 3844 ὀφείλουσιν
2650 3773 3026 3842 ἐγγράφεσθαι
3081 3775 3138 3825 ὲν
3181 3775 3293 3836 τοῖς
3341 3771 3654 3840 διπτύχοις,

2077 3869 2170 3921 καὶ
2197 3865 2641 3936 μνημονεύεσθαι
2669 3867 2807 3918 κατὰ
2835 3865 2934 3933 τὴν
2956 3863 3048 3916 τοῦ
3073 3863 3305 3917 τυπικοῦ
3340 3862 3653 3931 περίληψιν.

2089 3958 2368 4020 Ὡσαύτως
2397 3958 2489 4011 καὶ
2511 3958 2650 4027 ὑπὲρ
2678 3957 2786 4009 τῶν
2809 3955 3025 4020 ζώντων
3065 3956 3157 4010 καὶ
3188 3955 3658 4023 ἀναγραφομένων

2084 4056 2143 4106 ὲν
2173 4055 2286 4113 τοῖς
2313 4051 2595 4120 διπτύχοις
2623 4049 2718 4103 καὶ
2758 4047 2836 4118 τῷ
2866 4046 3113 4113 τυπικῷ·
3144 4049 3240 4100 καὶ
3267 4047 3387 4100 καθ’
3417 4047 3657 4114 ἑκάστην

2077 4142 2384 4213 Κυριακὴν,
2417 4143 2582 4212 ἕτερα
2609 4139 2841 4210 σταυρία
2870 4138 3064 4208 ἐπίσης
3092 4139 3204 4202 τοῖς
3233 4135 3656 4208 κεκοιμημένοις

2077 4235 2670 4306 προσκομισθήσονται.

2657 4368 2906 4422 ΚΕΦΑΛ.
2948 4369 3071 4421 ΛΕ¹.

2080 4485 2213 4552 Περὶ
2248 4483 2355 4551 τῆς
2398 4483 2654 4550 ἐννάτης
2685 4481 2874 4603 ὥραῖὲ
2899 4477 3240 4548 ἐσπερινοῦ,
3289 4475 3385 4531 καὶ
3430 4490 3656 4528 παννυ-

2777 4570 2808 4603 Ὶ
2877 4569 2963 4603 OC-

2773 4569 2963 4619 χιοος.

2167 4689 2443 4749 Ὡσαύτως
2488 4688 2582 4739 καὶ
2611 4686 2678 4739 τὰ
2732 4687 2828 4754 τῆς
2875 4686 3102 4752 έννάτης
3145 4682 3293 4752 ῶρας
3326 4678 3571 4751 μεσώρια
3599 4681 3656 4732 ὲν

2076 4779 2156 4849 τῷ
2187 4779 2530 4849 κοιμητηρίῳ
2556 4778 2710 4846 ὑμῶν
2746 4776 3046 4846 ψάλλεσοαι
3072 4772 3410 4844 βουλόμεθα,·
3429 4775 3524 4824 τοῦ
3571 4787 3657 4840 μι-

2077 4873 2212 4943 κροῦ
2272 4873 2539 4941 συμϐόλου
2594 4871 2948 4943 κρουομένου.
2999 4871 3110 4938 Τήν
3147 4886 3210 4937 γε
3272 4869 3378 4938 μὴν
3426 4865 3658 4935 ἐννάτην

2077 4963 2226 5034 ὥραν
2259 4964 2484 5032 ψάλλειν
2533 4963 2676 5032 ὑμᾶς
2713 4963 2812 5025 δεῖ,
2857 4959 3040 5022 καθὼς
3080 4960 3176 5013 καὶ
3228 4962 3327 5022 τὰς
3364 4955 3659 5026 προδιαλη-

2078 5055 2306 5122 φθείσας
2338 5054 2510 5123 ὥρας,
2561 5055 2700 5120 μετά
2743 5071 2802 5106 τε
2846 5054 2954 5105 τῶν
2997 5051 3284 5122 μεσωρίων
3323 5048 3514 5116 αὐτῆς,
3560 5046 3658 5100 καὶ

2077 5148 2187 5200 τῶν
2229 5147 2552 5217 μετανοιῶν,
2587 5145 2681 5198 τοῦ
2715 5147 3069 5215 σημαντῆρος
3111 5144 3291 5205 πάσας
3327 5139 3659 5206 συγκαλοῦν-

2077 5256 2173 5300 τος
2208 5239 2284 5301 ὡς
2335 5238 2478 5300 ἔθος.
2521 5239 2630 5290 Καὶ
2661 5239 2688 5289 ὁ
2738 5237 3027 5307 ἑσπερινὸς
3071 5235 3127 5288 δὲ
3161 5235 3330 5304 ὕμνος
3376 5231 3518 5285 κατά
3556 5229 3656 5300 τὴν

2077 5332 2170 5385 τοῦ
2221 5331 2555 5401 Συναξαρίου
2603 5331 2730 5400 ὑμῖν
2762 5329 3087 5398 τελούμενος
3121 5328 3273 5379 ἔσται
3319 5325 3610 5395 περίληψιν
3637 5340 3652 5355 ’

2077 5424 2172 5476 καὶ
2203 5422 2492 5484 συναπτῶς
2529 5424 2558 5490 ἡ
2607 5421 2889 5490 παννυχίς.
2939 5418 3092 5470 Ἐπεὶ
3121 5419 3176 5470 δὲ
3221 5418 3460 5487 σήμερον
3503 5416 3560 5467 ὲν
3586 5417 3652 5484 τῇ

2078 5515 2360 5582 παννυχίδι
2406 5513 2465 5577 ἓξ
2503 5514 2782 5582 τροπάρια
2829 5510 2948 5563 καθ’
2976 5510 3212 5578 ἑκάστην
3243 5509 3385 5579 ᾠδὴν
3425 5505 3656 5576 ψάλλον-

2077 5623 2190 5672 ται,
2228 5603 2366 5672 μετά
2400 5603 2496 5673 τὴν
2523 5603 2677 5673 ἡμῶν
2710 5602 2845 5672 πρὸς
2876 5601 3080 5670 Κύριον
3113 5598 3379 5670 ἐκδημίαν
3405 5613 3420 5627 '
3457 5596 3526 5649 τὰ
3555 5595 3644 5665 μὲν

2080 5695 2322 5764 τέσσαρα
2369 5693 2640 5761 ὀφείλουσι
2674 5691 2972 5762 ψάλλεσθαι
3013 5691 3153 5747 κατὰ
3197 5690 3256 5744 τὸ
3301 5686 3653 5756 Συναξάριον,

2083 5787 2150 5841 τὰ
2180 5786 2237 5840 δὲ
2283 5785 2374 5840 δύο
2403 5782 2541 5843 εἶναι
2581 5784 2917 5857 νεκρώσιμα.
