4064 6416
413 377 552 445 1057
1856 360 2018 421 TYPI

2077 359 2212 421 UM.
3545 347 3681 413 1058

992 480 1244 536 sema.
1276 478 1420 546 AG".
2024 474 2077 531 Α
2288 500 2302 509 -
2644 457 2881 546 CAPUT_
2908 454 3148 512 xxxvx.

817 576 958 646 Περὶ
992 574 1111 630 τῶν
1158 541 1578 629 Ἀποδε-[πνων.

2428 552 2501 607 De
2529 550 2819 622 Apodipnis
2844 541 2937 603 δὶα
2976 545 3349 617 Complelorio.

491 694 557 746 Ἦ
587 689 647 745 δέ
687 707 753 759 γε
809 689 918 743 τῶν
955 685 1325 741 ’Δποδείπνων
1386 680 1682 738 ἀκολουθία
1740 677 1878 748 μετὰ
1929 675 1991 729 τὸ

2163 667 2522 740 Completorii
2550 664 2790 722 otllcium
2821 673 2945 736 post
2973 677 3187 720 orenam
3217 678 3249 717 a
3286 660 3446 716 vobis
3468 661 3684 730 persol-

408 786 627 839 δεῖπνον
682 754 814 852 δμῖν
859 780 1247 850 τελεσθήσεται
1298 778 1359 829 ἐν
1406 774 1485 845 τῷ
1540 772 1645 843 τῆς
1696 766 1992 840 ἐκκλησίας

2097 772 2259 820 vetur
2283 763 2339 817 in
2367 760 2629 818 exteriori
2669 759 2920 815 ecclesiae
2943 756 3252 821 vestibulo;
3288 754 3346 809 in
3374 769 3486 824 quo
3515 754 3683 809 etiam

410 845 746 945 éﬁmépeqxt,
800 873 858 925 ὲν
891 864 936 940 ᾦ
1137 869 1206 923 τὰ
1252 867 1457 937 γόνατα
1504 862 1718 918 κλιτέον
1747 862 1911 931 ὑμῖν
1944 858 1993 910 εί

2096 871 2275 927 genua
2298 853 2452 909 vobis
2482 851 2753 908 ﬂectenda
2786 857 2917 906 sunt
2947 868 2961 904 :
2992 848 3099 914 nisi
3136 867 3154 900 ι
3191 848 3335 902 Deus
3362 845 3629 901 Dominus
3658 863 3676 897 ι

408 968 491 1038 μή
523 982 586 1034 γε
612 965 695 1031 τὸ,
737 984 756 1018 ι
796 964 931 1028 Θεὸς
966 962 1195 1032 Κύριος,
1238 981 1256 1012 ι
1300 958 1584 1029 ψάλλοιτο.

796 964 931 1028 Θεὸς
966 962 1195 1032 Κύριος,
1238 981 1256 1012 ι
1300 958 1584 1029 ψάλλοιτο.
2098 948 2390 1019 psallatur.

999 1071 1253 1126 ΚΕΦΑΛ.
1287 1065 1414 1123 ΛΖ¹.

2616 1054 2846 1113 CAPUT
2886 1052 3155 1109 XXXVII.

662 1163 804 1233 Περὶ
831 1162 942 1233 τῆς
973 1159 1334 1230 νυκτερινῆς
1359 1157 1746 1221 ἀκολουθίας.

1574 1157 1746 1221 θθίας.
2590 1148 2672 1202 De
2701 1155 2960 1201 nocturno
2992 1145 3179 1214 oﬂicio.

485 1273 600 1326 Καὶ
655 1271 794 1343 μετὰ
851 1271 951 1340 τὴν
1000 1269 1110 1324 τῶν
1159 1269 1530 1323 Ἀποδείπνων
1582 1264 1997 1336 συμπλήρωσιν,

2170 1260 2440 1317 Absoluto
2475 1258 2874 1335 Completorio,
2916 1264 3211 1328 postquam
3244 1253 3504 1310 sacerdos
3552 1268 3686 1309 eon-

416 1365 511 1419 τοῦ
545 1332 736 1434 ίερέίυς
773 1362 874 1434 τὴν
906 1332 1114 1434 συνήθη
1154 1361 1474 1425 ἐπειπόντος
1496 1332 1684 1431 εὐχὴν,
1715 1332 1873 1428 ὑμεῖς
1902 1357 2001 1426 μὲν

2102 1357 2313 1405 suetam
2357 1348 2664 1403 orationem
2701 1332 2926 1411 dixerit,
2974 1360 3076 1401 vos
3105 1344 3330 1414 quidem
3378 1343 3433 1398 in
3472 1343 3684 1398 vultum

418 1456 513 1509 ἐπὶ
543 1432 841 1527 πρόσωπον
864 1456 945 1518 εἰς
967 1432 1073 1525 γῆν
1097 1454 1353 1507 πεσεῖσθε
1377 1453 1745 1524 προσέχουσαι
1769 1452 1835 1521 τῇ
1865 1446 2001 1503 καθ·

2101 1440 2168 1494 ad
2196 1449 2399 1493 ter-ram
2430 1435 2733 1507 procidetis
2760 1433 3032 1506 praetecta;
3055 1432 3410 1487 attendentes
3439 1449 3452 1484 :
3475 1438 3532 1486 et
3560 1446 3685 1486 cum

416 1522 718 1619 ηγουμξένῃ⁹
752 1522 1057 1617 ἐκείνηςδέ
1089 1549 1226 1617 πρὸς
1263 1522 1435 1616 ὑμᾶς
1465 1543 1755 1614 εἰπούσης,
1801 1559 1820 1593 ι
1861 1541 2000 1608 Συγ-

2104 1531 2197 1586 illa
2225 1530 2385 1585 vobis
2424 1528 2628 1584 dixerit
2654 1546 2668 1582 :
2709 1546 2728 1579 ι
2766 1525 3038 1597 Ignoscite
3069 1523 3206 1577 mihi
3237 1524 3290 1576 in
3315 1522 3571 1585 Domino,
3603 1535 3691 1575 so-

419 1614 708 1710 χιορῆσατέ
740 1654 833 1707 μοι
859 1614 1160 1710 ὲνΚυρίῳ,
1194 1614 1419 1704 ἀδελφαί
1445 1649 1458 1664 ·
1492 1634 1743 1704 ἥμαρτον
1769 1632 1882 1701 γὰρ
1908 1630 2002 1684 καὶ

2105 1638 2281 1688 rores,
2319 1621 2544 1692 peccavi
2569 1620 2718 1675 enim
2749 1633 2938 1689 opere,
2973 1617 3144 1672 verbo
3173 1624 3230 1670 et
3258 1614 3624 1685 cogitatione;
3663 1630 3681 1663 ι

418 1705 586 1800 ἔργιᾴ
638 1705 753 1783 καὶ-
787 1728 953 1798 λόγῳ,
1015 1705 1121 1782 καί
1153 1729 1298 1781 κατὰ
1351 1726 1626 1781 διάνοιαν·
1668 1743 1687 1777 ι
1741 1723 2005 1793 κάκείνης

2107 1731 2170 1772 ae
2201 1731 2301 1787 pro
2328 1715 2491 1770 vobis
2521 1712 2786 1778 oraverit,
2829 1710 3060 1767 dicens:
3116 1728 3135 1761 ι
3174 1709 3318 1763 Deus
3344 1723 3444 1777 per
3482 1705 3690 1761 oratio-

420 1798 801 1891 ἐπευξαμένης
836 1821 966 1892 ὑμῖν
1013 1822 1107 1872 καὶ
1154 1818 1418 1889 εἰπούσης
1443 1835 1456 1849 ·
1499 1835 1520 1872 ι
1567 1817 1628 1871 ὐ
1660 1816 1793 1880 θεὸς
1816 1817 1883 1870 δι’
1912 1816 2004 1868 εύ-

2104 1823 2205 1864 nes
2252 1807 2477 1863 Patrum
2528 1814 2850 1863 nostrorum
2878 1803 3131 1875 ignoscat
3157 1800 3418 1856 omnibus
3442 1798 3626 1861 nobis,
3664 1815 3682 1847 ι

422 1915 536 1986 χῶν
563 1890 673 1967 τιῖιν
702 1890 957 1985 πατέριον
980 1911 1138 1983 ἡμῶν
1162 1912 1517 1983 συγχωρήσαι
1548 1909 1751 1973 πάσαις
1776 1909 1909 1979 ἡμῖν
1933 1924 1947 1939 ο
1975 1926 1995 1960 ι

2105 1901 2185 1956 sic
2220 1898 2557 1954 incboabitis
2603 1906 2939 1954 nocturnum
2971 1893 3233 1960 oﬂicium,
3261 1894 3416 1965 juxta
3455 1890 3688 1946 formam

422 1982 597 2069 οὕτως
627 1982 947 2077 ἀπάρξασθε
983 1982 1080 2076 τῆς
1108 2004 1429 2076 νυκτερινῆς
1478 2003 1823 2068 ἀκολουθίας,
1861 1999 2005 2056 κατὰ

2105 1992 2171 2048 ad
2205 1990 2596 2046 dormitorium
2624 1997 2948 2061 pergentes;
2976 1996 3033 2042 et
3062 1987 3177 2041 sive
3197 1986 3362 2049 intra,
3391 1982 3508 2038 sive
3533 1989 3688 2035 extra

421 2100 514 2153 τὸν
546 2100 716 2153 τύπον
751 2074 837 2162 *εἰς
869 2098 930 2150 τὸ
969 2074 1334 2168 κοιμητήριον
1368 2074 1721 2165 ἀφικόμεναι,
1766 2093 1877 2147 εἴτε
1922 2094 2008 2144 ἐνο

2107 2080 2490 2134 dormitorium
2524 2079 2659 2133 illud
2712 2079 2935 2148 explere
2969 2074 3207 2139 debetis,
3253 2082 3315 2128 ut
3345 2082 3565 2141 tempus
3586 2084 3689 2141 po-

423 2192 516 2254 τὸς
561 2190 657 2244 τοῦ
707 2161 1092 2260 κοιμητηρίοῦ,
1128 2161 1250 2242 εἴτε
1300 2161 1458 2251 ἐκτὸς
1509 2161 1753 2240 ἐκτελεῖν
1796 2185 2007 2254 ταύτην

2108 2172 2346 2233 stularit,
2373 2180 2430 2226 et
2450 2179 2510 2224 ut
2529 2170 2785 2240 praetecta
2809 2167 3084 2233 voluerit;
3114 2165 3262 2237 quod
3294 2179 3418 2221 cum
3439 2161 3696 2231 eXpleve-

424 2250 738 2350 ὀφείλουσαι
764 2298 778 2315 ο
801 2250 994 2344 Iaca-teda;
1043 2279 1109 2333 ἂν
1138 2279 1167 2333 ὃ
1200 2297 1259 2333 τε
1299 2278 1488 2350 καιρὸς
1517 2277 1798 2346 ἀπαιτοίη,
1843 2277 1940 2329 καὶ
1961 2250 2005 2346 *ἠ

2110 2262 2254 2328 ritis,
2297 2262 2472 2331 plenae
2510 2258 2715 2315 latitia‘.
2746 2256 3059 2326 spiritualis
3089 2270 3286 2312 somno
3328 2268 3430 2309 vos
3464 2250 3690 2307 dabitis.

426 2372 820 2444 καθηγουμὲνη
872 2372 1116 2444 βούλοιτο
1140 2374 1250 2450 ’.ἢν
1292 2365 1742 2442 ὲκπληρὼσασαι,
1779 2367 2009 2438 πλήρεις

424 2465 770 2538 εὐφροσύνης
799 2465 1179 2537 πνευματικῆς
1209 2465 1287 2528 εἰς
1327 2463 1492 2516 ὕπνον
1523 2459 1897 2533 τραπήσεσθε.

1012 2577 1261 2630 ΚΕΦΑΛ.
1293 2575 1423 2629 AH’.
2571 2598 2576 2603 ν

2571 2598 2576 2603 ν
2630 2572 2856 2629 CAPUT
2892 2570 3181 2626 XXXVIII.

654 2671 796 2740 Περί
820 2670 933 2742 τῆς
966 2667 1377 2741 μεσονυκτίου
1405 2663 1792 2729 ἀκολουθίας.

1652 2663 1792 2729 ﬂag.
2553 2664 2630 2719 De
2655 2664 2826 2733 ofﬁcio
2858 2663 3041 2717 medim
3067 2661 3257 2714 noctis.

515 2785 605 2839 Ἐν
638 2785 818 2857 καιρῷ
860 2786 917 2840 δὲ
946 2786 1279 2856 προσήκοντι
1320 2782 1419 2853 τῆς
1456 2779 1719 2849 τελούσης
1764 2778 1866 2845 τὴν
1909 2775 2010 2847 τῆς

2183 2788 2439 2859 Congruo
2473 2794 2743 2854 tempore,
2793 2797 2919 2837 eum
2955 2794 3018 2835 ea
3052 2795 3176 2850 qua:
3204 2776 3449 2834 ecclesiae
3482 2789 3696 2846 praepo-

434 2878 868 2950 ὲκκλησιαρχίας
914 2878 1210 2943 διακονίαν,
1266 2876 1556 2947 μετάνοιαν
1606 2875 1674 2944 τῇ
1730 2871 2010 2941 καθηγου-

2114 2883 2293 2939 situra
2335 2877 2609 2946 fungitur,
2650 2874 3020 2930 reverentiam
3062 2869 3335 2942 praetecta:
3373 2868 3588 2933 fecerit,
3641 2874 3698 2922 et

436 2970 576 3041 μένῃ
609 2970 929 3040 βαλλούσης,
977 2972 1071 3026 καὶ
1112 2970 1173 3024 τὸ
1205 2970 1360 3035 ξύλον
1404 2967 1740 3039 κρουσάσης,
1772 2964 1871 3035 τὴν
1909 2980 2011 3034 με-

2111 2978 2322 3048 lignum
2349 2969 2681 3044 pulsaverit;
2711 2978 3001 3038 postquam
3030 2964 3099 3021 ad
3138 2962 3386 3019 ecclesiae
3416 2960 3697 3015 arthecem

437 3063 723 3116 σονυκτίου
760 3063 1087 3117 ἀκολουθίαν
1129 3064 1188 3117 ὲν
1212 3061 1293 3134 τῷ
1324 3060 1528 3132 ἄρθηκι
1566 3060 1669 3129 τῆς
1712 3055 2012 3127 ἐκκλησίας

2114 3083 2211 3124 seu
2243 3064 2579 3122 vestibulum
2608 3059 2969 3124 adveneritis,
3006 3056 3202 3112 mediae
3232 3054 3413 3109 noctis
3456 3050 3697 3107 ofﬁcium

433 3156 896 3227 παραγενόμεναι,
931 3155 1267 3211 ὲκτελέσετε.
1305 3153 1442 3208 Οὐδὲ
1473 3151 1645 3222 αὐτῆς
1670 3150 1773 3220 τῆς
1799 3148 2011 3202 διυπνι-

2116 3152 2463 3227 persolvetis,
2493 3166 2564 3206 ne
2596 3149 2713 3219 ipsa
2764 3147 2993 3217 quidem
3022 3160 3144 3215 quae
3176 3157 3277 3198 vos
3306 3140 3569 3198 excitavit
3594 3138 3698 3193 ab-

434 3247 609 3318 σάσης
658 3249 803 3318 ὑμᾶς
857 3247 1407 3318 ἀπολιμπανομένης,
1460 3244 1576 3299 ἀλλ’
1630 3243 1748 3314 ἅμα
1793 3259 1856 3296 τε
1915 3242 2012 3296 σὺν

2116 3253 2294 3311 sente,
2325 3241 2423 3298 sed
2456 3256 2565 3295 una
2590 3239 2880 3294 vobiscum
2907 3236 3196 3307 psallente,
3229 3242 3285 3287 et
3314 3230 3501 3302 templi
3536 3228 3701 3283 lumi-

436 3338 566 3409 ὑμίν
615 3337 962 3408 ψαλλούσης,
1011 3340 1107 3392 καὶ
1148 3338 1248 3400 τὰς
1297 3336 1394 3390 τοῦ
1444 3334 1574 3390 ναοῦ
1640 3333 2014 3403 φωταγωγοὺς

2115 3336 2273 3391 naria
2321 3330 2683 3388 accendente.
2718 3329 2949 3399 Expleta
2998 3334 3183 3381 autem
3226 3340 3258 3378 a
3304 3322 3458 3379 vobis
3505 3318 3703 3375 media:

436 3433 806 3502 ἀναπτούσης.
849 3430 960 3501 Τῆς
986 3431 1043 3483 δὲ
1076 3428 1434 3500 μεσονυκτίου
1464 3427 1736 3498 ὑμνῳδίας
1771 3427 1900 3495 ὑμῖν
1927 3440 2015 3476 τε·

2114 3427 2299 3483 noctis
2321 3434 2513 3491 cantu,
2537 3438 2797 3493 magnum
2832 3420 3049 3490 signum
3077 3416 3409 3486 pulsabitur,
3444 3428 3508 3468 ae
3544 3411 3698 3465 insu-

440 3523 776 3593 λεισθείσης,
837 3521 1237 3594 κρουσθήσεται
1293 3520 1356 3572 τὸ
1408 3518 1553 3588 μέγα
1602 3517 2013 3587 σημαντήριον,

2118 3533 2236 3588 per,
2271 3531 2487 3571 aeneum
2523 3532 2537 3569 ε
2572 3521 2629 3569 et
2659 3513 2742 3570 sic
2764 3511 3043 3580 incipietis
3071 3507 3405 3564 matutinum
3437 3502 3699 3568 oﬂicium,

439 3615 666 3684 προσέτι
704 3614 763 3667 δὲ
795 3613 887 3667 καὶ
929 3613 990 3665 τὸ
1038 3609 1275 3682 χαλκοῦν
1300 3625 1314 3641 ·
1349 3610 1445 3662 καὶ
1490 3607 1662 3670 οὕτως
1707 3604 2016 3675 ἀπάρξεσθε

1509 3607 1662 3670 idem;
1707 3604 2016 3675 ἀπάρξεσθε
2118 3608 2187 3664 de
2210 3608 2372 3679 cujus
2397 3604 2557 3662 initio
2580 3603 2845 3672 deinceps
2871 3600 3114 3656 dicetur.

437 3707 536 3775 τῆς
565 3702 828 3775 ὀρθρινῆς
875 3701 1224 3766 ἀκολουθίας,
1262 3692 1330 3771 ἦς
1364 3700 1399 3770 ὴ
1446 3695 1667 3769 ἐναρξις
1706 3695 1906 3767 ἐφεξῆς
1936 3697 2016 3749 εἰ·

443 3800 693 3869 ρήσεται.

1027 3909 1277 3964 ΚΕΦΑΛ.
1309 3908 1434 3964 ΛΘ’.

2652 3910 2883 3970 CAPUT
2922 3906 3168 3964 XXXIX.

827 4006 966 4073 Περί
1011 4004 1307 4073 ἐνάρξεως
1352 4006 1632 4072 Ὀρθρου.

1589 4020 1632 4057 νο
2627 4006 2707 4061 De
2740 4006 2892 4061 initio
2918 4000 3194 4056 Matutim’.

515 4122 671 4178 Μετὰ
705 4122 762 4174 δὲ
794 4119 855 4172 τὸ
888 4117 1229 4189 κρουσθῆναι
1254 4117 1314 4169 τὸ
1344 4115 1582 4187 χαλκοῦν
1619 4117 2019 4187 σημαντήριον,

2196 4124 2491 4190 Postquam
2522 4132 2737 4173 aeneum
2772 4115 2990 4186 signum
3020 4112 3297 4182 pulsatum
3320 4105 3508 4171 fuerit,
3527 4118 3707 4160 sacer-

443 4214 472 4266 ὁ
501 4212 680 4283 ἱερεὺς
716 4209 1005 4278 εὐλογήσει
1046 4208 1138 4259 τὸν
1167 4206 1323 4269 Θεὸν,
1363 4207 1457 4260 τὸν
1500 4205 1671 4259 τύπον
1697 4207 1794 4259 τοῦ
1839 4208 2021 4277 τιμίου

2125 4215 2227 4270 dos
2285 4212 2582 4268 benedicet
2630 4210 2829 4273 Deum,
2866 4207 3099 4276 ﬁguram
3146 4198 3477 4256 venerandae
3525 4196 3709 4251 crucis

448 4302 682 4374 σταυροῦ
715 4298 1025 4371 ἔμπροσθεν
1053 4300 1154 4369 τῆς
1187 4301 1349 4366 ἁγίας
1382 4298 1664 4369 τραπέζης
1698 4298 1775 4367 τῷ
1822 4297 2024 4368 θυμια-

2127 4320 2310 4362 coram
2353 4310 2542 4358 saneta
2573 4314 2787 4364 mensa,
2818 4294 3105 4352 tburibulo
3131 4292 3450 4348 eti‘ormans.
3476 4286 3708 4352 Dehine,

444 4392 618 4463 τηρίρ
655 4390 861 4444 τυπῶν.
911 4386 1044 4442 Εἶτα
1078 4390 1195 4457 ἅμα
1222 4390 1289 4460 τῇ
1320 4387 1416 4441 τοῦ
1446 4387 1583 4440 Θεοῦ
1614 4387 1843 4452 αἰνέσει,
1868 4404 2026 4458 τρισ-

2209 4413 2236 4451 a
2270 4413 2394 4452 cum
2433 4392 2531 4450 Dei
2556 4393 2723 4448 laude
2753 4389 2977 4459 trisagio
3006 4401 3035 4441 a
3057 4384 3217 4440 vobis
3241 4383 3412 4445 dicto,
3435 4380 3711 4434 decimum
3806 4435 3814 4439 ,

446 4483 603 4551 αγίου
648 4481 943 4551 γενομένου
994 4479 1126 4548 παρ’
1171 4478 1350 4548 ὑμῶν,
1395 4477 1488 4530 τὸν
1534 4476 2020 4530 ἐννεακαιδέκατον

2129 4504 2336 4544 nonum
2390 4495 2446 4541 et
2490 4483 2818 4541 vicesimum
2884 4480 3158 4551 psalmum
3210 4472 3537 4535 cantabitis,
3586 4485 3711 4524 eum

450 4572 543 4624 καὶ
600 4569 848 4622 εἰκοστὸν
902 4567 1117 4636 ψαλμὸν
1168 4566 1386 4637 ᾅσεσοε,
1447 4566 1723 4636 μετὰτῶν
1774 4566 2023 4635 συνήθων

2126 4577 2309 4634 solitis
2340 4575 2620 4645 tropariis,
2654 4581 2711 4629 et
2748 4590 2767 4623 ι
2802 4570 2969 4641 Kyrie
3000 4568 3230 4627 eleison,
3266 4582 3284 4614 ι
3327 4576 3453 4618 cum
3486 4558 3711 4628 aequali-

447 4663 770 4733 τροπαρίων
794 4663 889 4713 καὶ
916 4659 1031 4723 τοῦ,
1084 4677 1101 4710 ι
1142 4660 1339 4728 Κύριε,
1370 4657 1617 4726 ἐλέησον,
1660 4675 1678 4709 ι
1707 4657 1797 4725 ὡς.
1820 4652 1934 4711 οἷόν
1964 4674 2023 4710 τε

2128 4678 2241 4725 tate
2291 4677 2347 4723 et
2400 4666 2728 4731 attentione,
2782 4660 2963 4733 quoad
3008 4658 3127 4714 ﬁeri
3170 4656 3391 4726 poterit.
3448 4653 3552 4707 Sed
3598 4649 3712 4703 haec

454 4755 594 4826 μετὰ
648 4753 893 4821 ἰσότητος
955 4754 1050 4804 καὶ
1111 4750 1409 4821 προσοχῆς.
1482 4748 1644 4802 Ἀλλὰ
1698 4747 1873 4801 ταῦτα
1927 4750 2027 4818 μὲν

2132 4765 2358 4836 quidem
2400 4777 2430 4816 a
2456 4760 2614 4815 vobis
2641 4757 2971 4828 psallentur,
3015 4750 3192 4805 donec
3226 4741 3714 4818 praestantissimus

450 4851 668 4903 ἔσονται
704 4845 1019 4915 ψαλλόμενα
1052 4845 1183 4913 παρ’
1211 4842 1399 4913 ὑμῶν,
1426 4841 1537 4894 ἐστ’
1581 4843 1648 4894 ἂν
1676 4844 1704 4895 ό
1739 4840 2028 4913 κράτιστός

2129 4871 2290 4911 meus
2329 4854 2628 4921 imperator
2666 4848 2723 4902 in
2763 4844 2905 4900 vivis
2961 4839 3130 4896 fuerit
3176 4838 3253 4909 (id
3298 4850 3430 4891 vero
3465 4830 3714 4887 diutissi-

460 4959 562 5013 μου
593 4938 849 5010 βασιλεὺς
877 4939 935 4991 ὲν
969 4939 1084 4999 τοῖς
1128 4933 1294 4998 ζῶσιν
1425 4933 1512 5003 εἴη
1556 4933 1612 4986 δὲ
1640 4935 2027 5004 ἐπιμήκιστον,

2131 4961 2282 5002 mum
2313 4944 2408 5011 sit,
2450 4957 2484 4996 o
2514 4940 2769 5003 Domine,
2799 4945 2857 4991 et
2888 4933 3175 5004 Deipara);
3214 4938 3503 5001 postquam
3526 4931 3713 4977 autem

451 5031 496 5090 ὦ
521 5035 694 5106 Κύριε
717 5033 811 5086 καὶ
834 5031 1065 5085 Θεοτόκε
1085 5045 1099 5059 ·
1126 5028 1344 5083 ἐπειδὰν
1373 5028 1431 5081 δὲ
1456 5015 1578 5080 τῶν
1609 5027 1737 5098 τῇδε
1765 5027 2029 5097 μεταστῇ,

2130 5039 2266 5094 hinc
2296 5035 2597 5091 translatus
2619 5030 2808 5094 fuerit,
2844 5027 2898 5082 hi
2931 5023 3132 5081 Psalmi
3160 5038 3192 5077 a
3217 5019 3373 5074 vobis
3406 5015 3713 5072 cantabun-

450 5128 660 5199 ψαλμοὶ
723 5125 821 5196 μὲν
873 5123 1004 5193 ὑμῖν
1049 5121 1302 5192 ᾀδόμενοι
1350 5120 1586 5184 ἔσονται,
1638 5118 1720 5183 τὸ,
1760 5135 1780 5169 ι
1827 5117 2033 5187 Κύριος

2133 5134 2270 5181 tur:
2315 5142 2333 5176 ι
2377 5122 2645 5178 Dominus
2691 5118 2867 5189 pascit
2915 5129 3004 5170 me
3035 5113 3102 5179 ",
3157 5130 3177 5164 ι
3232 5119 3336 5166 et:
3392 5126 3411 5159 ι
3449 5107 3528 5163 Te
3555 5105 3715 5159 decet

451 5195 732 5289 ποιμαίνει
763 5233 832 5284 με
855 5231 869 5246 ο
910 5233 928 5266 ›
958 5215 1055 5267 καὶ
1077 5213 1158 5279 τὸ,
1191 5230 1210 5264 ι
1248 5213 1340 5264 Σοὶ
1371 5212 1575 5281 πρέπει
1607 5207 1797 5281 ὕμνος,
1825 5206 2027 5273 όΘεὸς,

2127 5217 2389 5288 hymnus,
2426 5214 2573 5269 Deus
2617 5214 2672 5265 in
2705 5209 2841 5263 Sion
2876 5206 2982 5261 ⁸⁷.»
3019 5202 3286 5274 Troparia
3314 5214 3470 5266 vero,
3512 5207 3569 5252 et
3596 5195 3714 5266 ipsa

452 5312 512 5363 ὲν
542 5308 702 5362 Σιών.
731 5305 1046 5376 »Τροπάρια
1064 5302 1235 5357 δὲκαὶ
1264 5302 1404 5356 αὐτά
1427 5301 1783 5372 ἀναπαύσιμα
1803 5315 1818 5330 ο
1845 5317 1863 5349 ι
1881 5298 2035 5368 Μνῆ-

2126 5307 2359 5363 funerea
2386 5322 2400 5359 :
2436 5304 2759 5368 «Memento,
2776 5297 3032 5354 Domine.
3056 5297 3131 5351 Da
3164 5294 3437 5364 requiem,
3463 5289 3715 5345 Salvator

459 5401 639 5471 σθητι,
676 5398 868 5469 Κύριε.
912 5398 1272 5462 ’Λνάπαυσον,
1295 5395 1485 5466 Σωτὴρ
1518 5392 1699 5465 ήμῶν.
1732 5391 1894 5457 Δόξα.
1919 5393 2033 5446 Καὶ

1335 5396 1485 5466 ωτὴρ
1518 5392 1699 5465 ήμῶν.
1732 5391 1894 5457 Δόξα.
1919 5393 2033 5446 Καὶ
2131 5404 2343 5452 noster.
2378 5394 2584 5452 Gloria.
2618 5393 2687 5448 Et
2709 5405 2881 5447 nunc.
2921 5408 2940 5441 ι

456 5511 571 5549 νυν.
612 5513 632 5546 ι

528 5585 685 5642 Μετὰ
715 5584 771 5638 δὲ
806 5583 866 5639 τὸ
886 5582 1203 5654 τελεσθῆναι
1226 5582 1288 5636 τὸ
1312 5582 1617 5654 τρισάγιον,
1647 5583 1679 5653 ή
1703 5580 2036 5652 ἑκκλησιάρ·

2205 5582 2475 5641 Absoluto
2543 5590 2728 5639 autem
2801 5576 3059 5649 trisagio,
3115 5571 3358 5631 ecclesiae
3420 5561 3713 5640 praeposita

529 5766 577 5800 “
600 5766 744 5823 Psal.
773 5780 936 5836 cxxv,
960 5768 1013 5822 1.
1089 5767 1135 5801 ³⁷
1170 5767 1312 5824 Psal.
1351 5782 1493 5832 inv,
1524 5765 1573 5820 1.
