4064 6464
386 392 529 457 1059

1643 378 1934 441 IRENES
1975 372 2355 437 ΛυῦΗΞΤίΕ

3479 374 3620 442 1060

375 503 791 574 hexapsalmum
832 515 928 554 seu
975 512 1069 553 sex
1118 496 1359 567 psalmos
1424 491 1675 562 incipiet,
1709 493 1858 546 lente
1904 498 1961 543 et

2088 506 2225 558 [ισσα
2267 486 2363 541 τοῦ
2407 485 2725 557 ἐξαψάλμου
2762 487 2877 559 (58)
2918 487 3223 558 ἀπᾶρξεται
3266 488 3534 560 σχολαίως
3582 510 3644 548 τε

377 606 587 652 attente
643 592 774 647 illud
824 604 1049 652 canens,
1092 596 1148 644 et
1196 588 1383 657 quieta
1433 584 1782 653 demissaque
1819 596 1957 636 voce

379 686 652 757 psallens;
692 692 750 735 ut
782 681 1008 749 reliquae
1046 677 1187 733 citra
1229 677 1442 746 lapsum
1468 682 1527 729 et
1552 688 1800 728 errorem
1836 686 1957 726 eam

382 776 642 845 subsequi
672 774 910 837 valeant,
932 781 989 826 et
1018 771 1164 841 apud
1183 770 1391 839 seipsas
1416 769 1579 823 verba
1616 766 1959 821 Psalmorum

382 874 567 920 mente
623 863 925 916 revolvere.
962 862 1031 914 Et
1062 861 1142 913 sic
1178 867 1301 928 post
1351 858 1632 926 expletum
1673 852 1963 922 hexapsal-

380 972 553 1020 mum,
587 956 909 1009 universum
951 950 1206 1005 Matutini
1239 948 1478 1004 oilicium
1508 945 1875 1016 persolvetur,
1901 951 1963 998 ut

381 1048 440 1101 in
502 1045 805 1117 Synaxario
860 1046 1207 1107 continetur,
1262 1039 1411 1110 quod
1475 1036 1834 1109 Synaxarium
1894 1034 1964 1089 de

382 1146 697 1192 sanctorum
723 1150 944 1205 quoque
966 1134 1304 1203 jejuniorum
1329 1129 1510 1185 oﬂicio
1544 1127 1963 1183 accuratissime

383 1239 484 1278 vos
530 1223 823 1285 edocebit,
861 1239 1079 1278 necnon
1116 1220 1395 1290 quomodo
1444 1219 1605 1273 vobis
1654 1217 1966 1289 peragenda

383 1316 493 1370 sint
524 1330 649 1370 cum
675 1316 803 1380 alia,
831 1324 943 1368 tum
971 1314 1191 1385 vigiliae,
1221 1315 1275 1367 in
1308 1311 1458 1367 omni
1485 1310 1796 1377 Dominica,
1820 1309 1965 1365 festo

383 1407 639 1471 Domini,
699 1414 755 1461 et
812 1406 1044 1475 reliquis
1090 1415 1409 1460 sanctorum
1457 1402 1777 1469 memoriis,
1830 1416 1969 1473 quas

384 1506 609 1551 enarrat
644 1496 1037 1566 Synasarium.

455 1677 747 1742 therum,
782 1676 1142 1741 imperatoria
1172 1689 1296 1728 mea
1341 1674 1599 1745 majestas
1637 1672 1730 1728 hic
1774 1681 1970 1728 vestrm

2066 580 2162 632 καὶ
2190 579 2573 649 προσεκτικῶς
2606 579 2808 651 ᾄδουσα
2839 580 2992 643 αὐτὸ,
3024 580 3119 633 καὶ
3146 580 3335 652 ήσύχῳ
3366 581 3648 653 ὑπᾴδουσα

2064 674 2130 741 τῇ
2160 673 2311 741 φωνῇ
2337 687 2350 700 ο
2376 671 2441 724 ἶν’
2468 671 2643 742 Ξχοιεν
2666 672 2979 725 ἀκολουθεῖν
3001 674 3136 743 αὐτῇ
3176 675 3231 725 αἱ
3270 672 3454 727 λοιπαὶ
3474 676 3646 747 ἀπροο

2067 759 2305 824 σκόπως,
2341 762 2435 813 καὶ
2475 760 2753 827 ἀπλανῶς,
2786 762 2884 815 καὶ
2916 761 3170 828 διεξιέναι
3202 763 3325 817 καθ’
3350 763 3549 829 ἑαυτὰς
3576 766 3647 818 τὰ

2069 853 2290 922 ῥήματα
2320 853 2429 906 τῶν
2457 852 2724 923 Ψαλμῶν.
2771 854 2927 908 Οὕτω
2960 871 3019 907 τε
3054 856 3192 924 μετὰ
3234 855 3334 926 τὴν
3386 856 3482 909 τοῦ
3524 855 3649 921 ἑξα-

2067 944 2286 1013 ψάλμου
2325 945 2696 1016 ἐκπλήρωσιν,
2741 947 2774 1015 ὴ
2808 948 2960 1000 πᾶσα
2992 945 3085 1000 τοῦ
3126 946 3365 1017 Ὀρθρου
3417 948 3650 1002 ἀκολου-

2071 1036 2161 1089 θία
2186 1036 2575 1105 τελεσθήσεται
2623 1038 2765 1091 κατά
2793 1039 2896 1108 τὴν
2924 1037 3020 1092 τοῦ
3054 1038 3390 1109 Συναξαρίου
3422 1039 3653 1111 περίλη-

2069 1129 2197 1200 ψινο
2240 1130 2377 1201 ὅπερ
2406 1130 2470 1199 δὴ
2527 1130 2860 1200 Συναξὰριον
2894 1129 3144 1199 καὶπερὶ
3190 1129 3293 1198 τῆς
3322 1130 3432 1183 τῶν
3478 1131 3651 1199 ἁγίων

2071 1223 2335 1293 νηστειῶν
2374 1221 2721 1286 ἀκολουθίας,
2760 1221 3135 1292 ἀκριϐέστατα
3185 1221 3314 1290 ὑμῖν
3362 1222 3649 1293 ὑποθήσει.

2072 1316 2225 1371 Καοὺ
2254 1317 2352 1371 καὶ
2388 1316 2752 1384 διαπρακτὲον
2782 1316 2851 1367 τά
2877 1330 2937 1367 τε
2971 1314 3113 1368 ἄλλα
3144 1314 3294 1383 ὑμῖν,
3337 1315 3433 1367 καὶ
3462 1313 3526 1384 δὴ
3557 1316 3651 1367 καὶ

2072 1407 2173 1471 τὰς
2195 1407 2505 1477 ἀγρυπνίας
2541 1409 2598 1460 ὲν
2641 1406 2793 1479 mith
2826 1406 3080 1474 Κυριακῇ
3126 1405 3434 1474 Δεσποτικῇ
3466 1403 3647 1473 ἑορτῇ,

2075 1496 2166 1548 καὶ
2190 1496 2298 1548 τῶν
2327 1494 2532 1549 λοιπῶν
2561 1495 2733 1564 ἁγίων
2764 1496 3033 1566 μνήμαις,
3058 1492 3125 1558 ἃς
3150 1493 3373 1559 διέξεισι
3401 1492 3460 1546 τὸ
3485 1493 3654 1546 Συνα-

2077 1587 2287 1658 ξὰριον.

2149 1678 2298 1748 Πλὴν
2334 1677 2572 1735 ἐνταῦθα
2618 1679 3138 1746 συγκαταϐαίνουσα
3182 1678 3216 1749 ή
3270 1676 3519 1747 βασιλεία
3553 1691 3655 1745 μου

387 1768 697 1823 infirmitati
722 1785 780 1823 se
806 1777 1200 1838 attemperans,
1230 1766 1376 1821 circa
1405 1764 1617 1835 vigilias
1644 1764 1970 1819 clementius

2088 1773 2146 1841 τῇ
2179 1769 2436 1841 ἀσθενείᾳ
2468 1769 2644 1839 ὑμῶν,
2679 1772 2772 1823 καὶ
2802 1772 2928 1841 περὶ
2958 1770 3068 1825 τῶν
3094 1768 3412 1840 ἀγρυπνιῶν
3436 1783 3659 1837 συμπα-

389 1861 673 1931 quidpiam
703 1861 1055 1932 exc0gitavit.
1090 1861 1225 1915 Volo
1252 1861 1400 1915 enim
1425 1867 1481 1913 et
1523 1866 1729 1925 statuo,
1765 1867 1826 1912 ut
1856 1873 1971 1913 om—

2088 1862 2335 1933 Déotspév
2362 1879 2417 1915 τι
2456 1860 2800 1933 ὲπινενόηκε.
2835 1860 3106 1931 Βούλομαι
3142 1862 3272 1931 γὰρ,
3307 1860 3402 1915 καὶ
3426 1857 3665 1929 διορίζο-

390 1968 491 2006 nes
518 1951 720 2022 vigilia:
740 1952 792 2006 in
818 1953 972 2007 l‘estis
1002 1951 1215 2004 Domini
1241 1951 1336 2005 Dei
1360 1959 1415 2003 et
1441 1948 1742 2004 Salvatoris
1775 1948 1974 2013 nostri,

389 2058 604 2098 necnon
638 2044 959 2098 castissimae
989 2045 1231 2100 Dominae
1262 2052 1316 2097 et
1345 2043 1591 2114 Deiparaa
1622 2040 1974 2112 peragenda),

391 2151 490 2205 per
522 2145 690 2191 totam
728 2147 944 2191 uectem
980 2145 1245 2207 agantur;
1282 2138 1597 2209 pariterque
1649 2136 1832 2207 vigilia
1860 2150 1978 2189 ma-

391 2229 480 2298 gni
506 2229 767 2292 Canonls,
805 2244 1091 2282 sacrarum
1119 2230 1465 2293 Passionum,
1497 2230 1725 2297 insuper
1758 2226 1979 2281 Exalta-

395 2317 561 2371 tionis
592 2317 918 2371 veneranda:
951 2320 1153 2383 crucis,
1204 2328 1258 2372 et
1303 2328 1622 2373 sanctorum
1660 2318 1982 2388 coryphzeo-

395 2421 631 2475 rumque
664 2409 1041 2478 apostolorum
1072 2409 1221 2463 Petri
1250 2419 1306 2464 et
1342 2410 1523 2464 Pauli.
1548 2409 1771 2478 Vigilias
1796 2418 1981 2462 autem

399 2514 524 2567 qum
554 2509 683 2553 ante
711 2501 1028 2556 Dominicos
1060 2501 1178 2555 dies
1211 2509 1572 2573 peraguntur,
1614 2501 1718 2555 nisi
1749 2515 1873 2554 cum
1900 2500 1982 2569 ip—

397 2590 475 2644 sis
500 2591 697 2645 festum
730 2593 951 2662 aliquod
978 2594 1194 2648 Domini
1228 2594 1402 2649 nostri
1434 2601 1750 2657 concurrat,
1794 2602 1984 2647 testate

310 2722 317 2733 .
396 2682 620 2749 quidem
659 2684 820 2738 tertia
855 2684 1016 2748 liora,
1063 2686 1247 2740 hieme
1270 2699 1402 2739 vero
1432 2693 1624 2754 quarta
1661 2683 1980 2752 incipiente,

397 2772 711 2841 explebitis.
748 2773 806 2828 Si
841 2784 1028 2830 autem
1067 2776 1362 2846 contigerit
1389 2777 1526 2831 duas
1552 2776 1605 2829 in
1638 2772 1985 2829 hebdomade

401 2878 513 2917 una
551 2864 766 2934 vigilias
801 2881 1156 2934 concurrere,
1216 2883 1383 2923 unam
1418 2867 1642 2938 quidem
1698 2867 1982 2937 cujusdam

398 2952 527 3009 festi
566 2955 806 3020 Domini,
840 2960 1071 3013 alteram
1102 2975 1236 3015 vero
1265 2976 1332 3015 ex
1365 2960 1474 3015 illis
1503 2976 1625 3030 qua:
1657 2959 1712 3014 in
1738 2959 1987 3014 Domini-

2084 1972 2207 2025 μαι,
2267 1955 2367 2017 τὰς
2424 1953 2523 2024 μὲν
2573 1953 2666 2006 ἐπὶ
2720 1955 2838 2017 ταῖς
2887 1954 3246 2015 Δεσποτικαῖς
3295 1952 3511 2021 ἑορταῖς
3562 1948 3660 2001 τοῦ

2083 2045 2290 2115 Κυρίου
2322 2045 2416 2097 καὶ
2446 2042 2581 2096 Θεοῦ
2612 2044 2708 2098 καὶ
2744 2043 3002 2113 Σωτῆρος
3040 2044 3219 2114 ἡμῶν,
3252 2043 3350 2096 καὶ
3391 2041 3488 2108 τῆς
3525 2058 3664 2093 παν-

2082 2138 2250 2205 άγνου
2283 2135 2584 2205 Δεσποίνης
2616 2137 2710 2189 καὶ
2734 2136 3016 2200 Θειτόκου,
3061 2135 3329 2188 τελεῖσθαι
3362 2133 3665 2203 μελλούσας

2083 2225 2413 2294 ἀγρυπνίας,
2449 2225 2629 2289 πάσας
2679 2226 3026 2287 ὁλονυκτὶους
3066 2225 3331 2295 γίνεσθαι,
3365 2225 3460 2278 καὶ
3492 2223 3665 2294 αὐτὴν

2082 2316 2182 2382 τὴν
2220 2315 2313 2367 τοῦ
2358 2316 2596 2385 μεγάλου
2630 2318 2868 2379 Κανόνος
2905 2317 3043 2387 (39),
3084 2318 3178 2369 καὶ
3208 2314 3307 2385 τὴν
3353 2315 3460 2367 τῶν
3492 2312 3665 2381 ἁγίων

2086 2406 2287 2460 Παθῶν
2311 2406 2446 2478 (40),
2482 2407 2562 2461 ἔτι
2596 2425 2659 2476 γε
2694 2409 2800 2478 μὴν
2836 2412 2929 2462 καὶ
2959 2409 3060 2479 τὴν
3105 2409 3205 2478 τῆς
3247 2406 3539 2477 ’Υψὼσεως
3567 2403 3663 2458 τοῦ

2083 2498 2269 2567 τιμίου
2300 2498 2565 2567 Σταυροῦ,
2614 2498 2709 2552 καὶ
2738 2499 2836 2567 τὴν
2870 2500 2979 2550 τῶν
3005 2499 3179 2566 ἁγίων
3222 2499 3317 2550 καὶ
3350 2496 3667 2567 κορυφαίων

2085 2588 2400 2643 ἀποστόλων
2443 2588 2651 2658 Πέτρου
2686 2591 2778 2642 καὶ
2818 2589 3054 2644 Παύλου.
3084 2591 3197 2652 Τάς
3237 2589 3293 2642 δέ
3338 2605 3400 2658 γε
3432 2587 3524 2639 ἐπὶ
3556 2584 3666 2638 τῶν

2087 2680 2386 2751 Κυριακῶν
2440 2680 2689 2752 ἡμερῶν,
2742 2682 2790 2733 εί
2842 2682 2916 2752 μή
2977 2697 3081 2734 που
3133 2680 3365 2743 ταύταις
3412 2679 3507 2732 καὶ
3556 2678 3667 2730 τῶν

2085 2773 2439 2827 Δεσποτικῶν
2475 2775 2572 2844 μία
2600 2774 2883 2846 συνδράμῃ
2918 2775 3143 2845 ἑορτῶν,
3177 2774 3371 2845 θέρους
3414 2774 3511 2844 μὲν
3545 2772 3667 2843 τρί-

2086 2883 2185 2933 της
2222 2864 2393 2935 ὥρας,
2443 2883 2711 2936 χειμωνος
2743 2868 2800 2921 δὲ
2844 2871 3115 2938 τετάρτης
3151 2866 3462 2938 ἀρχομένης
3509 2868 3669 2919 ὲκτεο

2088 2957 2223 3011 λεῖν.
2259 2958 2322 3010 Εί
2344 2958 2403 3012 δέ
2425 2974 2529 3011 που
2555 2961 2713 3029 τύχοι
2732 2958 2827 3011 δύο
2848 2960 2905 3011 εν
2935 2961 3034 3029 μιᾷ
3067 2958 3323 3029 ἐδδομὰδι
3347 2958 3673 3028 συνδραμεῖν

400 3046 480 3100 eis
542 3057 761 3103 statuta:
815 3059 946 3104 sunt
988 3068 1002 3106 :
1053 3052 1270 3107 Domini
1317 3052 1543 3123 quidem
1598 3052 1843 3123 vigiliam
1871 3052 1982 3107 sive

2089 3051 2423 3121 ἀγρυπνίας,
2480 3051 2610 3122 μίαν
2668 3052 2790 3121 μὶν,
2846 3053 3187 3121 Δεσποτικῆς
3242 3068 3389 3114 τινος
3436 3049 3673 3121 ἑορτῆς,

399 3139 765 3204 praecesserit,
798 3140 914 3195 sive
945 3156 1078 3206 non,
1130 3158 1226 3211 per
1254 3152 1425 3196 totam
1464 3150 1681 3195 noctem
1726 3140 1870 3210 exigi
1894 3141 1982 3211 ju-

2090 3143 2283 3215 ἑτέραν
2328 3144 2407 3203 δὲ.
2443 3144 2553 3196 τῶν
2602 3146 2660 3198 ὲν
2720 3147 2842 3207 ταῖς
2891 3145 3203 3213 κυριακαῖς
3249 3141 3674 3212 τετυπωμένων.

402 3225 620 3294 bemus,
671 3230 971 3286 ltominicaa
1005 3247 1136 3286 vero
1175 3233 1417 3303 vigiliam
1469 3242 1622 3287 sexta
1674 3232 1805 3287 hora
1854 3231 1982 3287 inei-

2092 3234 2205 3303 Τὴν
2234 3235 2333 3304 μὲν
2366 3234 2460 3287 οὖν
2491 3237 2853 3306 Δεσποτικὴν,
2886 3237 2997 3290 εἴτε
3022 3236 3086 3308 δὴ
3123 3236 3527 3307 προηγήσεται,
3563 3232 3676 3286 εἴτε

402 3316 591 3385 piente
619 3321 886 3389 compleri
930 3339 944 3376 ;
978 3323 1147 3377 utsic
1186 3323 1406 3378 modico
1434 3338 1628 3378 somno
1659 3333 1840 3393 capto,
1877 3324 1982 3378 ala«

2092 3327 2187 3379 καὶ
2221 3326 2317 3396 μὴ,
2350 3327 2659 3381 ὁλονύκτιον
2689 3327 2938 3396 γίνεσθαι
2961 3326 3319 3396 ἐντελλόμεθα
3341 3342 3356 3359 ⁵
3378 3328 3477 3396 τὴν
3497 3326 3552 3378 δὲ
3576 3327 3676 3396 της

399 3405 615 3461 ὺτίοιεε
646 3410 701 3461 in
732 3411 1098 3478 sequentibus
1119 3413 1384 3468 evadatis.
1410 3414 1479 3468 Et
1507 3415 1561 3468 in
1594 3417 1864 3471 matutino
1883 3416 1982 3470 diei

2096 3419 2401 3487 Κυριακῆς,
2437 3418 2603 3489 ἕκτης
2629 3419 2778 3489 ὥρας
2806 3419 3117 3489 ἀρχομένης
3138 3435 3153 3450 ·
3187 3419 3254 3471 ἵν’
3283 3417 3428 3472 οὕτω
3476 3415 3674 3486 μικρὸν

410 3499 762 3569 pervigilium
792 3501 1205 3571 subsequentis,
1237 3504 1403 3560 solito
1433 3505 1649 3561 tardius
1689 3506 1844 3575 quasi
1886 3522 1982 3560 una

2097 3511 2581 3579 ἀναπαυσάμεναι,
2634 3511 3045 3582 προθυμότεραι
3088 3512 3201 3574 τοῖς
3247 3507 3557 3580 ἔμπροσθεν
3587 3508 3678 3571 γί-

405 3584 541 3639 hora
571 3602 670 3640 vos
697 3601 923 3657 surgere
958 3592 1075 3646 vult
1110 3593 1400 3662 imperium
1435 3608 1641 3655 meum.
1674 3604 1731 3649 et
1766 3594 1982 3649 matuti-

2097 3598 2299 3652 νοισθε.
2329 3599 2439 3652 Καὶ
2474 3600 2571 3651 ἐπὶ
2589 3598 2669 3670 τῷ
2712 3600 2898 3671 apem;
2930 3600 2988 3653 δὲ
3036 3603 3136 3672 τῆς
3169 3600 3308 3670 μετὰ
3334 3599 3447 3669 -τὴν
3490 3597 3677 3651 ὀλονῠσ

405 3687 540 3726 num
588 3690 788 3743 agere;
821 3686 882 3732 ut
928 3695 1160 3750 corpora
1214 3692 1397 3738 vestra
1428 3703 1459 3739 a
1492 3685 1681 3740 labore
1717 3698 1982 3754 recreata,

2100 3706 2252 3744 κτιον
2269 3693 2578 3762 ἀγρυπνίαν
2605 3692 2843 3763 ἡμέρας,
2875 3692 3206 3763 βραδύτερον
3235 3692 3379 3761 ὑμᾶς
3398 3690 3492 3743 τοῦ
3518 3688 3679 3759 συνήο

408 3762 463 3814 in
490 3768 777 3834 proprium
816 3786 1010 3826 rursus
1044 3772 1214 3827 robur
1248 3776 1635 3829 restituantur.

2101 3779 2249 3847 Oou;,
2285 3781 2416 3834 ὡσεὶ
2448 3784 2577 3852 μίαν
2618 3762 2767 3851 ὤραν
2798 3762 3184 3845 ἐξανίστασθαι
3214 3781 3246 3850 ὴ
3281 3778 3526 3849 βασιλεία
3570 3792 3675 3845 μου

407 3853 680 3923 βούλεται,
718 3860 813 3912 καὶ
859 3861 1136 3933 ὀρθρίζειν
1163 3881 1178 3897 ο
1212 3866 1299 3918 ἴνα
1334 3871 1399 3920 τὰ
1435 3867 1665 3937 σώματα
1692 3868 1846 3938 ὑμῶν
1883 3871 1994 3924 ἀπὸ
2031 3869 2127 3923 τοῦ
2196 3873 2368 3925 κόπου
2437 3872 2837 3942 ἁνακτηθέντα,
2878 3874 2958 3936 είς
2988 3872 3087 3943 τὴν
3114 3871 3325 3926 οίκείαν
3359 3869 3515 3933 αὖθις
3542 3870 3679 3922 ἁπο-

407 3952 753 4009 καταστῶσιν
779 3955 954 4024 ίσχύν.

1005 4070 1230 4126 CAPUT
1262 4070 1375 4124 XL.

408 4176 486 4233 De
510 4182 778 4234 vocatione
801 4181 870 4234 ad
891 4191 1206 4249 mensanyet
1235 4182 1296 4234 de
1318 4183 1592 4253 disciplina
1616 4186 1685 4238 ibi
1708 4187 1989 4241 servanda.

482 4359 938 4430 Quandoquidem
987 4362 1055 4416 de
1086 4363 1457 4419 ecclesiastico
1488 4366 1688 4433 oiIicio,
1732 4377 1791 4422 ut
1830 4371 1991 4425 nobis
2024 4392 2069 4447 υ

2700 4072 2950 4126 ΚΕΦΛΛ.
2987 4073 3077 4127 Μ’.

2099 4189 2238 4257 Περὶ
2273 4185 2382 4254 τῆς
2413 4187 2501 4251 είς
2535 4185 2651 4255 τὴν
2678 4186 2972 4255 τράπεζαν
3011 4189 3311 4257 κλήσεως,
3339 4188 3438 4242 καί
3471 4187 3581 4257 τῆς
3608 4189 3679 4241 ἐν

2624 4257 2777 4324 αὐτῇ
2826 4256 3143 4326 διαγωγῆς.

2183 4370 2400 4438 Ἐπειδὴ
2448 4370 2578 4440 περὶ
2607 4370 2705 4439 τῆς
2755 4369 3218 4440 ὲκκλησιαστικῆς
3265 4371 3585 4434 ἀκολουθίας
3608 4373 3679 4426 τὰ

409 4450 590 4504 visum
634 4460 740 4516 est,
791 4453 1183 4519 tractavimus,
1222 4457 1289 4508 de
1325 4456 1627 4513 refectione
1671 4462 1982 4515 monialium

2097 4458 2360 4512 δοκοῦντα
2381 4460 2724 4530 διείληπται,
2760 4461 2839 4513 δεῖ
2864 4461 3050 4513 λοιπὸν
3080 4463 3257 4514 εἰπεῖν
3286 4464 3380 4515 καὶ
3424 4464 3552 4532 περὶ
3575 4465 3679 4534 τῆς

411 4540 675 4611 deinceps
709 4542 1005 4597 dicendum
1058 4544 1320 4599 Absoluta
1346 4547 1510 4616 igitur
1537 4564 1690 4604 sacra
1720 4562 1777 4606 et
1805 4553 1991 4608 divina

413 4632 655 4703 liturgia,
708 4635 761 4688 in
796 4634 1018 4689 arthece
1069 4650 1165 4691 seu
1207 4637 1481 4692 vestibulo
1508 4654 1731 4696 manere
1765 4641 1989 4709 debent,

411 4732 795 4790 exspectantes
839 4723 1181 4778 vocationem
1225 4724 1293 4779 ad
1341 4741 1692 4785 communem
1746 4745 1989 4785 mensam

411 4824 510 4878 per
561 4812 784 4864 solitum
825 4812 1056 4882 lignum.
1092 4812 1314 4869 Pulsato
1347 4829 1479 4869 vero
1513 4815 1683 4886 ligno,
1738 4834 1845 4874 una
1892 4836 1991 4875 ex-

412 4899 571 4953 ibunt
604 4917 729 4956 cum
752 4902 1221 4971 ecclesiarehissa,
1248 4913 1303 4960 et
1329 4906 1598 4975 praefech
1628 4912 1993 4968 reverentiam

409 4992 634 5059 facient,
657 5004 711 5048 et
739 4996 818 5049 sic
850 5008 1138 5067 postquam
1168 4997 1408 5052 demissa
1432 5007 1488 5053 et
1514 5005 1837 5071 congruenti
1858 5020 1994 5060 voce

413 5094 739 5149 consuetum
772 5085 1079 5157 inceperint
1108 5088 1377 5158 psalmum
1407 5105 1627 5162 nempe,
1684 5111 1702 5145 ι
1732 5093 1995 5151 Esaltabo

2101 4551 2401 4613 ἑστιάσεως
2426 4552 2534 4604 τῶν
2558 4552 2931 4622 μοναζουσῶν.
2957 4553 3348 4623 Πληρωθείσης
3371 4555 3553 4609 τοίνυν
3575 4557 3678 4626 τῆς

2103 4639 2255 4708 ἱερᾶς
2287 4639 2380 4691 καὶ
2409 4638 2560 4701 θείας
2593 4639 2957 4711 λειτουργίας,
2991 4643 3049 4695 ὲν
3082 4641 3160 4712 τῷ
3193 4641 3395 4714 ἁρθηκι
3437 4647 3682 4715 προσμέ·

2101 4747 2214 4783 νειν
2244 4730 2576 4800 ὀφείλουσιν,
2632 4733 2986 4803 ἐκδεχόμεναι
3017 4733 3116 4804 τὴν
3161 4733 3250 4787 διά
3280 4733 3374 4786 τοῦ
3412 4736 3681 4805 συνήθους

2103 4821 2263 4887 ξύλου
2303 4823 2641 4895 πρόσκλησιν
2669 4825 2764 4877 ἐπὶ
2788 4826 2887 4895 τὴν
2912 4826 3099 4895 κοινὴν
3117 4825 3417 4896 τράπεζαν.
3452 4828 3560 4880 Τοῦ
3585 4826 3681 4893 ξύε-

2103 4914 2198 4967 λου
2227 4915 2284 4969 δὲ
2310 4915 2691 4987 κρουσθέντος,
2743 4917 3049 4982 συνεξιέναι
3078 4922 3145 4989 τῇ
3187 4920 3681 4992 ἑκκλησιαρχίσσῃ,

2103 5011 2431 5078 προσκυνεῖν
2459 5009 2517 5062 δὲ
2561 5013 2630 5082 τῇ
2670 5015 3017 5083 προεστώσῃ,
3057 5013 3150 5064 καὶ
3200 5011 3346 5067 οὕτω
3371 5013 3468 5067 τοῦ
3509 5016 3682 5085 συνή-

2107 5097 2232 5162 θους
2264 5099 2584 5171 ἁρξαμὲνας
2618 5101 2836 5172 ψαλμοῦ
2863 5104 3110 5174 ⁴ίιιρεμαίᾳ
3139 5102 3234 5157 καὶ
3264 5104 3580 5177 καθηκούσῃ
3610 5108 3679 5177 τῇ

1643 5232 2106 5298 Montfauconii
2149 5249 2341 5300 notae.

489 5349 599 5419 (38)
641 5348 1056 5417 'EanMJyov.
1088 5351 1148 5405 Id
1203 5361 1287 5407 est
1316 5369 1409 5408 sex
1464 5354 1663 5410 Psalmi
1720 5357 1992 5425 Laudum,

416 5434 541 5499 nem
551 5434 617 5499 pe
635 5434 1011 5499 _x_r.m,;x_xvn,
1028 5435 1087 5483 ll,
1104 5437 1456 5499 Lxxsvn,_cn,
1469 5427 1996 5499 exunlllarologium

416 5490 472 5543 in
633 5489 905 5565 matutini,
943 5505 1051 5557 quo
1089 5493 1312 5565 nomine
1350 5487 1730 5565 intelliguntur
1759 5487 1995 5554 Laudes.

488 5560 912 5636 (59)_1"§]‘4JOU
943 5561 1239 5636 _xardro_g.
1270 5562 1494 5636 Festum
1530 5560 1720 5636 htagni
1754 5570 1996 5624 Canonis

417 5630 663 5704 occurrit
689 5630 829 5704 feria
862 5630 1056 5698 quinta
1113 5632 1327 5704 quintae
1357 5630 1720 5691 hebdomadis
1749 5638 1997 5704 Quadra-

418 5699 739 5773 gesima;,id
791 5706 895 5764 est,
953 5700 1455 5773 anteDominieam
1517 5699 1833 5773 Passionis;
1868 5725 1993 5763 nam

421 5768 513 5821 illa
546 5769 846 5823 hebdomas
876 5777 960 5824 est
1013 5770 1209 5826 ordine
1261 5772 1453 5842 quinta
1489 5778 1631 5845 apud
1660 5768 1901 5847 Graecos,
1935 5789 1995 5835 ut

2103 5363 2252 5433 apud
2279 5378 2381 5437 nos
2411 5374 2628 5433 quarta.
2654 5364 2865 5437 Dicitur
2888 5369 3068 5436 magni
3110 5367 3369 5430 Canonis,
3406 5369 3537 5437 quia
3564 5386 3682 5424 ma-

2140 5450 2244 5487 nus
2281 5433 2467 5488 Canon
2495 5435 2670 5489 sancti
2702 5437 2935 5491 Andrea:
2960 5433 3237 5493 Cretensis
3267 5439 3361 5491 illo
3403 5433 3493 5493 die
3519 5456 3684 5496 cane-

2330 5572 2455 5626 Τῶν
2482 5574 2671 5654 ἀγίςρν
2723 5575 2954 5654 "(105)?-
3004 5576 3199 5654 Vigilia
3226 5593 3506 5654 sacrarum
3552 5583 3684 5654 Pas-

2105 5647 2324 5696 sionum
2380 5647 2625 5699 occurrit
2683 5655 2845 5699 nocte
2900 5647 3280 5704 intercedente
3312 5653 3456 5707 inter
3486 5652 3679 5707 feriam

2100 5712 2350 5780 quintam
2391 5712 2447 5768 in
2473 5712 2644 5771 Coena
2670 5714 2887 5772 Domini
2938 5726 2995 5771 et
3025 5718 3219 5775 feriam
3250 5732 3456 5779 sextam
3493 5723 3548 5777 in
3577 5723 3678 5777 Pa-

2102 5795 2322 5839 rascevc
2331 5824 2344 5837 .
