4064 6490
395 428 531 494 1061
1298 480 1309 491 .
1838 426 1979 488 ΤΥΡ

2083 426 2197 488 ἸΜ.
3507 429 3647 495 1062

387 546 561 616 φωνῇ,
592 544 758 616 ήγουν
784 544 900 609 τοῦ,
933 563 952 595 ι
1009 542 1241 613 ’Υψὼσω
1267 560 1350 609 σε,
1378 544 1407 597 ὁ
1434 544 1565 607 Θεός
1607 560 1733 615 μου,
1764 545 1792 597 ὁ
1816 543 1969 614 βασι-

2083 553 2149 607 Le,
2188 541 2333 595 Deus
2359 555 2529 606 meus,
2572 541 2685 596 Rex
2711 554 2867 595 meus
2898 539 2965 606 ’⁸,
3005 557 3023 590 ι
3054 540 3239 610 quiete
3259 540 3557 611 precedent
3578 544 3647 597 ad

388 637 515 700 λεύς
558 654 683 705 μου,
721 654 741 687 ›
773 636 959 706 ἠρέμα
1000 636 1243 707 βαδίζειν
1276 637 1368 689 ἐπὶ
1408 636 1509 707 τὴν
1534 636 1837 708 τράπεζαν,
1869 636 1967 687 καὶ

2083 648 2344 688 mensam.
2369 633 2436 687 Et
2460 633 2680 703 expleto
2706 633 2934 702 psalmo,
2956 647 3082 687 cum
3110 633 3302 687 debito
3330 633 3525 687 ordine
3556 650 3646 688 se.

386 729 479 781 τδν
506 727 723 797 ψαλμὸν
760 727 1151 796 πληρωσάσας,
1188 725 1518 789 καθέζεσθαι
1545 727 1825 787 εὐτάκτως
1861 743 1965 779 κα-

2083 724 2303 788 lebunt,
2343 734 2400 778 ut
2431 724 2689 793 praelecta
2723 739 3045 779 consessum
3080 725 3443 789 ordinaverit,
3486 734 3541 778 et
3562 725 3644 778 sic

390 815 498 880 θὼς
528 818 594 871 ἂν
630 817 661 885 ἡ
712 815 1100 885 καθηγουμένη
1148 816 1287 887 τάξῃ
1320 817 1413 868 ml
1445 816 1514 868 τὰ
1548 817 1649 886 τῆς
1697 814 1965 885 καθέδρας

2083 832 2188 884 tua:
2228 815 2479 884 apposita
2506 824 2635 869 sunt
2671 829 2797 870 cum
2828 816 3127 885 gratiarum
3151 815 3370 869 actione
3403 824 3646 868 sument.

388 909 610 964 αὐτῶνθ
659 907 801 961 οὕτω
847 925 909 960 τε
957 907 1066 960 τῶν
1124 906 1579 977 παρατιθεμένων
1633 906 1968 977 εὐχαρίστως

391 1001 870 1072 μεταλαμϐάνειν*
928 1003 1225 1069 γινομένης
1288 997 1532 1069 συνήθως
1578 997 1964 1065 ἀναγνώσεως.

388 1090 558 1161 χωρὶς
585 1088 815 1160 θορύὸου
844 1089 939 1142 καὶ
960 1091 1225 1159 ταραχῆς,
1256 1087 1427 1159 μόνης
1464 1089 1563 1157 τῆς
1593 1085 1965 1155 προεστώσης,

390 1181 445 1234 εἴ
483 1199 534 1234 τι
576 1180 820 1250 βούλοιτο
866 1180 1267 1253 φθεγγομένης,
1310 1181 1405 1234 καὶ
1453 1179 1627 1245 αὐτῆς
1660 1178 1966 1249 ἠρεμαξως,

390 1272 613 1342 καὶτῆς
659 1273 1049 1344 ἀποκρίνεσθαι
1084 1274 1221 1344 πρὸς
1260 1274 1431 1345 αὐτὴν
1473 1271 1795 1341 ὀφειλούσης
1839 1271 1969 1339 ἡρε-

394 1366 663 1437 μαιοτέρᾳ
701 1368 768 1437 τῇ
802 1368 953 1437 φωνῇ
1002 1369 1317 1437 χρωμένης,
1350 1366 1445 1419 ml
1483 1365 1706 1433 ὀλίγοις,
1751 1362 1826 1424 ὡς
1857 1357 1970 1414 οἷόν

2065 904 2297 973 Fiatque
2321 904 2389 960 de
2419 921 2574 960 more
2601 905 2786 970 lectio,
2815 906 2933 962 sine
2958 906 3194 961 tumultu
3224 915 3279 961 et
3305 907 3504 971 turba;
3531 907 3646 960 sola

2063 998 2342 1066 praelecta,
2389 998 2435 1052 si
2466 999 2600 1067 quid
2641 998 2901 1063 voluerit,
2951 998 3234 1066 loquente,
3283 997 3377 1052 sed
3409 997 3649 1050 demissa

2072 1104 2228 1155 voce,
2258 1098 2313 1144 et
2340 1105 2464 1159 qua:
2485 1090 2588 1160 ipsi
2621 1091 2955 1160 respondere
2973 1089 3140 1144 debet
3160 1089 3487 1172 demissiore
3512 1104 3647 1142 voce

2073 1185 2281 1244 utetur,
2316 1188 2374 1233 et
2406 1179 2616 1249 paucis,
2647 1190 2915 1249 quantum
2953 1179 3176 1249 poterit,
3220 1177 3651 1247 compositisque

2070 1269 2289 1335 verbis;
2332 1279 2393 1325 ut
2434 1285 2648 1325 summa
2700 1271 2888 1341 quiete
2926 1270 2997 1324 ad
3042 1285 3289 1325 mensam
3338 1269 3501 1328 facta,
3548 1268 3649 1322 soli

2068 1360 2295 1416 lectioni
2324 1362 2644 1428 attendatis,
2676 1372 2733 1418 et
2756 1377 2821 1417 ea
2845 1362 3071 1432 quidem
3093 1362 3308 1416 animas
3331 1359 3651 1415 exhilaretis

390 1474 474 1525 τε,
506 1459 600 1511 ml
634 1459 1093 1529 συντεταγμένοις
1118 1461 1231 1523 τοῖς
1266 1462 1509 1530 ῥήμασιν
1531 1475 1546 1490 ·
1577 1458 1655 1520 ὡς
1694 1456 1761 1509 ἂν
1791 1455 1969 1526 ἄκρας

2083 1460 2130 1507 et
2156 1452 2533 1524 impinguetis,
2571 1453 2839 1524 appositis
2869 1468 3003 1509 vero
3034 1467 3239 1522 corpus
3262 1451 3447 1505 alatis.

394 1548 621 1618 ἡσυχίας
650 1546 818 1620 οὔσης
850 1551 908 1603 ἐν
948 1552 1017 1622 τῇ
1066 1550 1337 1622 τραπέζῃ,
1391 1551 1527 1623 μόνῃ
1561 1550 1869 1623 προσέχητε
1930 1548 1997 1616 τῇ
2041 1544 2370 1613 ἀναγνώσει,
2438 1546 2536 1601 ml
2582 1546 2755 1619 ταύτῃ
2796 1546 2896 1618 μὲν
2937 1545 3036 1610 τὰς
3069 1544 3250 1615 ψυχὰς
3296 1540 3656 1615 ευφραίνητε,

388 1643 487 1695 ,καὶ
543 1641 817 1712 πιαίνητε,
853 1645 967 1709 τοῖς
1009 1644 1067 1699 δὲ
1114 1645 1577 1717 παρατιθεμένοις
1621 1643 1692 1697 τὰ
1740 1642 1969 1712 σώματα
2009 1640 2268 1710 τρέφητε.

965 1797 1220 1853 ΚΕΦΔΛ.
1254 1799 1394 1853 MA'.

522 1913 660 1978 Περὶ
694 1909 798 1965 τοῦ
817 1909 929 1964 ἐάν
957 1928 1047 1979 τις
1075 1910 1145 1967 ἑν
1173 1910 1247 1982 τῇ
1278 1911 1552 1967 ἑστιάσει
1589 1908 1840 1978 ἁτακτίὶ.

481 2091 607 2144 Ἐὰν
636 2090 695 2144 δέ
744 2108 830 2155 τις
876 2093 934 2146 ὲν
960 2090 1036 2163 τῷ
1089 2091 1374 2147 ἑστιᾶσθαι
1424 2094 1567 2163 ὑμᾶς
1619 2092 1973 2163 ταράσσουσα
2046 2116 2068 2133 ο

399 2184 641 2253 φαίνοιτο
668 2185 760 2236 καὶ
800 2186 1210 2257 ταρασσομένη,
1243 2184 1553 2256 θορυϐοῦσά
1585 2202 1645 2239 τε
1686 2187 1781 2239 ml
1814 2184 1974 2254 θορυ-

399 2275 661 2346 ϐουμένη,
694 2276 789 2329 ml
814 2276 1121 2346 συγχέουσα
1148 2276 1245 2347 τὴν
1269 2277 1577 2345 ἀνάγνωσιν
1609 2277 1857 2348 ἀκαίροις
1882 2273 1975 2329 ml

398 2368 670 2438 ἀπρεπέσι
688 2369 921 2439 ῥήμασι,
948 2369 1040 2421 ml
1059 2368 1156 2433 τὴν
1176 2368 1498 2439 γαληνιαίαν
1516 2385 1573 2419 τε
1595 2368 1688 2420 ml
1703 2364 1800 2437 ηρέ
1811 2367 1974 2437 μαίαν

397 2461 733 2514 κατάστασιν
778 2461 1119 2529 ἀφανίζουσα
1145 2478 1158 2492 ·
1190 2459 1645 2530 κατασιγαζέσθω
1674 2460 1825 2530 παρὰ
1873 2459 1975 2529 τῆς

397 2551 771 2623 τραπεζαρίας
816 2552 1003 2623 ἡσύχῳ
1035 2552 1356 2623 παραινέσει
1385 2568 1441 2604 τε
1483 2551 1577 2605 καὶ
1612 2550 1931 2619 νουθετήσει
1956 2563 1971 2578 ⁸

400 2645 495 2696 καὶ
530 2644 816 2715 παυομένη
857 2648 955 2714 μὲν
981 2645 1161 2698 ὲάσθω
1186 2662 1199 2673 ·
1230 2645 1568 2715 ἐπιμένουσα
1596 2644 1674 2710 δὲ,
1698 2641 1976 2712 ἐξεγειρέ-

399 2732 512 2786 σθω
538 2734 638 2803 τῆς
687 2734 966 2805 τραπέζης
1000 2737 1093 2789 ml
1148 2734 1357 2789 ἄκουσα
1404 2734 1616 2806 ὁρισμῷ
1658 2737 1756 2804 τῆς
1804 2732 1975 2801 καθη-

396 2825 704 2897 γουμένηςο
732 2827 876 2896 ἥτις,
926 2830 975 2880 εί
1016 2826 1284 2896 βούλοιτο,
1337 2829 1429 2881 ml
1463 2827 1524 2880 τὸ
1568 2828 1669 2898 τῆς
1707 2826 1976 2897 ἀτροφίας

397 2918 674 2988 ἐπιτίμιον
697 2920 833 2991 αὐτῇ
859 2918 1131 2991 ἐπιθήσει,
1156 2920 1189 2991 ἢ
1221 2922 1315 2976 ml
1344 2920 1540 2987 ἄλλως,
1572 2920 1648 2983 ὡς
1672 2918 1837 2984 δοκεῖ,
1869 2933 1976 2971 σω-

400 3009 669 3081 φρονίσει.

961 3144 1214 3198 ΚΕΦᾹΔ.
1263 3144 1397 3198 MB’.

402 3259 540 3328 Περὶ
572 3258 681 3314 τοῦ
712 3259 822 3313 ἐάν
850 3276 938 3325 τις
967 3260 1099 3329 περὶ
1146 3258 1577 3329 προκαθεδρίιις
1608 3257 1976 3327 ἀμφισϐητῇ.

483 3373 609 3428 Ἐὰν
640 3374 698 3427 δὲ
728 3374 821 3427 ml
859 3373 1021 3445 μέχρι
1050 3373 1308 3426 τοσούτου
1335 3375 1456 3434 ταῖς
1490 3370 1686 3442 αῦραις
1711 3388 1791 3433 τις
1824 3369 1981 3440 ὑμῶν

405 3466 685 3536 ριπισθείη
714 3467 808 3523 τοῦ
838 3466 1105 3535 Πονηροῦ,
1133 3464 1276 3518 ὥστε
1306 3464 1463 3534 δόξης
1493 3464 1730 3534 ματαίας
1766 3462 1982 3533 φροντί-

406 3556 518 3620 ζειν
542 3557 638 3610 ml
657 3556 1082 3629 προκαθεδρίας,
1110 3557 1203 3610 ml
1230 3555 1629 3626 προϐάλλεσθαι
1660 3554 1797 3624 πρὸς
1822 3552 1983 3607 τοῦτο

405 3650 439 3720 ἢ
478 3652 846 3721 χρονιωτέραν
879 3652 938 3703 ἐν
966 3653 1032 3720 τῇ
1068 3654 1202 3720 μονῇ
1234 3650 1533 3719 διαγωγὴν,
1562 3648 1592 3719 ἦ
1634 3647 1801 3717 ἄλλην
1828 3646 1985 3716 ἐνέρ-

403 3758 561 3810 γειαν
598 3742 887 3796 ὁποιανοῦν
907 3760 920 3774 ·
950 3741 1275 3812 ἐντέλλομαι
1305 3743 1365 3796 ὲν
1400 3742 1594 3811 Κυρίῳ
1619 3739 1710 3793 τὸν
1750 3740 1982 3809 ἔσχατον

407 3834 545 3905 αὑτῇ
579 3834 742 3888 τόπον
785 3834 1158 3903 ἀποκληροῦν.
1215 3836 1336 3889 Κάν
1377 3834 1478 3905 μὲν
1513 3833 1855 3905 διορθωθείη,
1901 3832 1982 3902 τῷ

405 3923 525 3993 θεῷ
549 3926 707 3995 χάρις
731 3941 745 3954 ’
773 3927 823 3979 εἰ
854 3925 910 3978 δὲ
939 3926 1265 3997 ἀδιόρθωτος
1298 3927 1472 3995 μένοι,
1498 3924 1781 3979 ὲκδιώκειν
1809 3924 1981 3991 αὐτὴν

408 4017 517 4070 ἀπὸ
537 4018 639 4088 τῆς
672 4018 862 4090 μονῆς,
894 4020 1043 4083 ὅπως
1080 4019 1155 4091 μὴ
1189 4021 1283 4073 ml
1314 4023 1435 4084 ταῖς
1464 4018 1653 4082 ἄλλαις
1679 4017 1779 4089 τῆς
1802 4015 1985 4069 τοιαύ-

408 4128 508 4182 της
539 4111 718 4185 λύμης
749 4111 983 4183 μεταδῷ.

1003 4248 1228 4302 ΚΕΦᾹΛ
1239 4290 1251 4303 .
1287 4249 1421 4303 Ml".

584 4365 723 4435 Περὶ
748 4364 855 4419 τοῦ
881 4364 967 4435 μὴ
1008 4363 1203 4432 ζητεῖν
1231 4382 1287 4419 τι
1318 4366 1455 4434 παρ’
1493 4365 1805 4434 ἀλλήλων.

2002 1796 2050 1857 Β

2005 3138 2053 3199 C

2668 1790 2894 1848 CAPUT
2922 1789 3062 1846 XLI.

2073 1902 2209 1968 Quid
2259 1904 2540 1973 agendum,
2592 1905 2638 1959 si
2685 1921 2790 1975 qua
2834 1906 2890 1957 in
2930 1902 3202 1985 refectorio
3248 1901 3555 1956 immodeste
3603 1915 3660 1954 se

2746 1983 2986 2043 gesserit.

2147 2083 2205 2138 Si
2232 2098 2341 2153 qua
2383 2097 2515 2137 vero
2545 2081 2677 2136 dum
2707 2096 2805 2138 vos
2850 2082 3041 2137 cibum
3074 2082 3304 2137 sumetis
3328 2082 3660 2152 perturbans

2075 2174 2194 2228 visa
2232 2173 2423 2239 fuerit,
2457 2181 2515 2227 et
2557 2172 2899 2241 perturbata,
2934 2172 3231 2227 tumultum
3278 2187 3527 2237 movens,
3563 2182 3661 2225 aut

2077 2274 2369 2329 commota,
2396 2274 2449 2319 et
2475 2264 2818 2319 confundens
2846 2263 3139 2318 lectionem
3173 2262 3581 2332 intempestivis
3604 2271 3661 2316 et

2078 2357 2464 2412 indecentibus
2486 2356 2689 2422 verbis,
2717 2370 2779 2409 ac
2811 2354 3287 2425 tranquillitatem,
3312 2364 3478 2423 atque
3503 2354 3664 2423 quie-

2081 2460 2196 2505 tum
2218 2460 2420 2504 statum
2449 2450 2644 2504 tollens
2677 2466 2690 2501 :
2724 2457 2905 2503 tacere
2935 2447 3196 2518 jubeatur
3218 2463 3248 2501 a
3280 2446 3660 2511 refectoraria,

2078 2543 2187 2597 leni
2223 2542 2605 2596 adhortatione
2632 2551 2687 2597 et
2713 2539 3017 2596 monitione
3046 2559 3059 2595 :
3098 2550 3153 2595 et
3176 2540 3221 2596 si
3253 2540 3474 2611 quidem
3507 2540 3664 2610 quie-

2077 2635 2241 2699 verit,
2267 2635 2514 2700 sinalur;
2552 2634 2597 2688 si
2625 2642 2808 2688 autem
2852 2634 3309 2703 perseveraverit,
3341 2642 3665 2688 amoveatur

2079 2743 2109 2781 a
2145 2741 2331 2781 mensa
2367 2730 2449 2780 vel
2490 2728 2683 2791 invita,
2712 2730 2870 2798 jussu
2918 2730 3209 2799 praafectte,
3263 2743 3385 2796 quae
3415 2727 3459 2781 si
3483 2726 3665 2780 libue-

2079 2817 2170 2881 rit,
2227 2816 2577 2871 abstincntize
2619 2831 2649 2870 a
2685 2816 2810 2870 cibo
2856 2816 3075 2885 pw’nam
3119 2817 3223 2886 ipsi
3271 2816 3541 2887 imponet,
3572 2815 3665 2872 vel

2077 2927 2199 2968 eam
2222 2910 2406 2972 aliter,
2444 2920 2504 2963 ut
2541 2908 2717 2963 visum
2749 2908 2937 2973 fuerit,
2976 2907 3278 2979 castigabit.

2660 3164 2884 3221 CAPUT
2919 3161 3084 3218 XLII.

2161 3274 2300 3340 Quid
2330 3275 2614 3344 agendum,
2648 3275 2694 3328 si
2721 3291 2826 3345 qua
2857 3276 2918 3329 de
2947 3274 3114 3346 priori
3140 3272 3260 3327 sede
3288 3272 3592 3341 disputarit.

2157 3388 2212 3443 Si
2244 3402 2377 3441 vero
2401 3394 2644 3439 vestrum
2678 3387 2947 3456 quaepiam
2981 3402 3228 3457 eousque
3253 3386 3404 3440 auris
3440 3385 3664 3455 maligni

2084 3481 2406 3544 vcntiletur,
2437 3488 2495 3534 ut
2522 3480 2589 3534 de
2612 3481 2759 3534 inani
2790 3482 2961 3552 gloria
2985 3489 3042 3536 et
3065 3482 3233 3551 priori
3263 3496 3525 3536 consessu
3551 3482 3671 3536 sol-

2084 3567 2236 3621 licita
2266 3567 2360 3629 sit,
2398 3575 2455 3619 et
2485 3582 2549 3620 ea
2583 3567 2649 3622 de
2678 3583 2843 3622 causa
2887 3568 3214 3638 praetendat,
3243 3569 3327 3623 vel
3358 3568 3673 3624 diuturnio‘

2086 3673 2203 3712 rem
2234 3657 2287 3710 in
2314 3657 2646 3711 monasterio
2670 3660 3168 3725 conversationem,
3199 3669 3294 3715 aut
3314 3660 3460 3714 aliud
3494 3660 3673 3731 quod-

2086 3750 2222 3803 libet
2256 3764 2395 3819 opus
2429 3766 2443 3803 :
2475 3749 2644 3819 jubeo
2697 3749 2749 3803 in
2799 3750 3031 3805 Domino
3064 3758 3125 3804 ut
3168 3751 3396 3805 ultimus
3423 3752 3473 3806 ei
3507 3753 3668 3807 locus

2085 3840 2415 3910 assignetur.
2452 3841 2522 3894 Et
2570 3841 2616 3895 si
2648 3841 2870 3910 quidem
2902 3857 2962 3896 se
3014 3841 3410 3903 emendaverit.
3455 3843 3569 3897 Deo
3600 3843 3674 3897 sit

2085 3932 2295 4000 gratia;
2346 3932 2390 3985 si
2448 3947 2579 3985 vero
2627 3932 2903 3987 obstinata
2955 3933 3243 3999 manserit,
3285 3933 3593 4002 expellatur
3639 3947 3672 3987 e

2084 4025 2443 4089 monasterio,
2474 4038 2543 4078 ne
2579 4024 2702 4078 aliis
2747 4025 3019 4094 ejusmodi
3059 4025 3238 4081 labem
3272 4024 3669 4081 communicet.

2652 4267 2879 4327 CAPUT
2912 4268 3101 4324 XLIII.

2317 4379 2470 4445 Quod
2494 4378 2626 4434 nihil
2649 4380 2714 4434 ab
2740 4381 2961 4435 invicem
2991 4383 3332 4451 quazrendum
3353 4384 3441 4438 sit.

495 4484 582 4536 Ἐν
619 4485 870 4554 μέντοιγε
893 4483 969 4554 τῷ
991 4484 1242 4554 ἀριστᾷν,
1267 4481 1528 4551 ἀλλήλαις
1549 4482 1800 4552 οὐδαμῶς
1827 4496 1982 4551 μετα-

2163 4490 2313 4544 Inter
2344 4490 2726 4559 prandendum
2756 4490 2822 4545 ad
2858 4490 3097 4548 invicem
3128 4493 3444 4549 nullatenus
3482 4494 3680 4565 imper-

415 4577 636 4641 δώσετε,
669 4578 793 4631 οὔτε
851 4578 1139 4649 βρώματός
1179 4595 1344 4641 τινος,
1375 4576 1497 4631 οὔτε
1546 4576 1813 4645 πόματος,
1860 4573 1992 4644 ἄχρι

418 4671 550 4740 γοῦν
580 4673 675 4725 ml
703 4671 918 4743 ῥανίδος
950 4672 1113 4741 τυχὸν
1158 4674 1361 4741 μικρᾶς
1397 4671 1475 4734 εἰς
1501 4669 1563 4723 τὸ
1601 4666 1908 4737 καταψύξαι
1932 4666 1994 4718 τὸ

416 4764 682 4833 κερασθὲν
706 4763 983 4831 ποτήριον,
1009 4763 1104 4815 ml
1126 4762 1248 4825 ζέον
1273 4762 1435 4813 πλέον
1458 4759 1551 4812 τοῦ
1573 4758 1810 4820 δέοντος.
1848 4754 1991 4807 Ἀλλ’

415 4857 450 4926 ἡ
478 4856 709 4925 δεομένη
744 4855 987 4907 τοιούτου
1010 4855 1156 4917 τινὶις
1186 4854 1303 4923 μετ’
1332 4852 1620 4914 εὐλαϐείας
1644 4851 1724 4904 ὅτι
1756 4849 1992 4919 μάλιστα.

413 4946 618 5015 πολλῆς
645 4946 740 4999 καὶ
775 4944 1104 5015 σεμνότητος
1153 4944 1306 5013 παρά
1333 4943 1433 5012 τῆς
1480 4940 1898 5009 καθηγουμένης
1927 4936 1989 4988 τὸ

410 5038 590 5091 ἐνδέον
632 5036 938 5106 αἰτήσεται.
970 5034 1089 5088 Κᾶν
1137 5036 1237 5104 μὲν
1273 5033 1427 5103 τύχοι
1468 5032 1673 5102 ταύτης
1709 5027 1987 5083 ἐπινευού-

415 5145 539 5196 σης,
581 5134 855 5199 κομιεῖται
905 5129 966 5181 τὸ
1022 5127 1353 5181 κελευσθέν·
1398 5128 1447 5201 εί
1480 5125 1538 5178 δὲ
1594 5126 1689 5195 μὴ,
1743 5121 1991 5176 συστελεῖ

414 5221 638 5291 ἑαυτὴν,
701 5220 796 5273 καὶ
834 5218 1234 5288 καθεσθήσεται
1286 5219 1425 5288 μετὰ
1476 5215 1711 5285 σιωπῆς,
1763 5216 1988 5282 εὐχαριο

418 5318 620 5371 στοῦσα
657 5317 747 5370 διὰ
771 5317 871 5387 τὴν
897 5316 991 5369 τοῦ
1021 5314 1157 5367 Θεοῦ
1186 5314 1427 5385 ἐντολήν.
1455 5311 1642 5373 Οὕτως
1671 5305 1763 5363 οὖν
1801 5310 1988 5361 ἑστια-

417 5412 594 5464 θείσαι
652 5407 1016 5479 ὲγερθήσεσθε
1064 5406 1172 5459 ἀπὸ
1220 5406 1318 5476 τῆς
1369 5404 1687 5475 τραπέζης,
1741 5400 1837 5455 καὶ
1889 5401 1989 5468 τὴν

416 5501 654 5572 τυπικὴν
681 5499 1023 5563 ἀκολουθίαν,
1063 5500 1160 5552 καὶ
1197 5498 1296 5568 τὴν
1331 5498 1497 5569 εὐχὴν
1535 5493 1985 5566 ἐκπληρώσασαι,

418 5596 500 5658 είς
535 5593 598 5646 τὸ
623 5592 983 5665 κοιμητήριον
1014 5590 1405 5647 ἀπελεύσεσθε.

491 5834 536 5865 ⁸⁸
564 5834 704 5889 Psal.
735 5849 914 5902 cxuv,
950 5832 999 5887 ί.

2098 4581 2244 4635 ticlis
2269 4580 2450 4635 cibum
2474 4581 2778 4651 quemlibet
2799 4592 2897 4637 aut
2921 4591 3135 4653 potum,
3156 4600 3226 4638 ne
3249 4585 3471 4653 quidem
3501 4602 3677 4656 usque

2095 4671 2162 4725 ad
2183 4671 2386 4726 stillam
2418 4688 2576 4742 aquae
2603 4672 2670 4726 ad
2702 4672 3137 4744 refrigerandum
3155 4675 3377 4729 mistum
3397 4676 3680 4745 poculum,

2097 4763 2221 4832 plus
2259 4779 2422 4833 quam
2468 4772 2688 4833 oportet
2728 4764 3023 4820 ebulliens.
3056 4764 3163 4819 Sed
3195 4781 3317 4835 quae
3358 4765 3676 4836 bujusmodi

2096 4855 2356 4924 quopiam
2384 4854 2612 4925 indiget,
2639 4870 2762 4909 cum
2794 4856 3031 4909 tnaxima
3066 4859 3375 4911 reverentia
3415 4867 3470 4912 et
3501 4858 3680 4914 Itone-

2096 4954 2259 5010 state,
2293 4961 2322 4998 a
2346 4944 2600 5014 priefecta
2632 4944 3001 4999 necessariam
3032 4961 3147 5000 rem
3177 4948 3496 5016 postulabit.
3530 4949 3598 5004 Et
3631 4950 3678 5004 si

2096 5038 2188 5092 illa
2220 5048 2500 5094 annuente
2533 5039 2588 5093 id
2622 5039 2947 5106 obtinuerit,
2980 5040 3126 5110 quod
3152 5041 3370 5112 jussum
3404 5050 3490 5096 est
3516 5042 3676 5097 aufe-

2096 5139 2183 5185 ret
2217 5149 2230 5184 :
2262 5131 2347 5185 sin
2378 5131 2583 5195 minus,
2612 5132 2847 5201 scipsam
2880 5132 3184 5200 cohibebit,
3217 5141 3273 5188 et
3305 5149 3430 5188 cum
3456 5134 3681 5189 silentio

2099 5222 2317 5277 sedebit
2346 5224 2547 5294 gratias
2582 5239 2747 5295 agens
2792 5234 3020 5295 prepter
3052 5225 3150 5280 Dei
3201 5227 3540 5282 mandatum.
3589 5227 3683 5282 Sic

2100 5312 2266 5384 igitur
2304 5315 2523 5370 refecta:
2561 5330 2591 5370 a
2628 5332 2817 5371 mensa
2861 5318 3119 5387 surgetis,
3162 5320 3453 5390 typicoque
3500 5319 3681 5375 ollicio

2099 5414 2265 5476 atque
2310 5408 2561 5463 oratione
2586 5408 2839 5479 expletis,
2872 5408 2942 5464 ad
2991 5408 3378 5467 dormitorium
3417 5408 3678 5481 pergetis.
