  <div class='ocr_page' id='page_1' title='image "/cluster/home/n/w/nwhite01/storage/ocr_20150623/127/coo.31924054870328/539.png"; bbox 0 0 4064 6418; ppageno 0'>
   <div class='ocr_carea' id='block_1_1' title="bbox 1680 323 3680 412">
    <p class='ocr_par' dir='ltr' id='par_1_1' title="bbox 1680 323 3680 412">
     <span class='ocr_line' id='line_1_1' title="bbox 1680 323 3680 412; baseline -0.006 0"><span class='ocrx_word' id='word_1_1' title='bbox 1680 347 1968 412; x_wconf 81' lang='lat' dir='ltr'><strong>IRENES</strong></span> <span class='ocrx_word' id='word_1_2' title='bbox 2004 341 2381 404; x_wconf 79' lang='lat' dir='ltr'><strong>AUGUST/E</strong></span> <span class='ocrx_word' id='word_1_3' title='bbox 2724 391 2732 400; x_wconf 95' lang='lat'><strong>.</strong></span> <span class='ocrx_word' id='word_1_4' title='bbox 3227 323 3234 330; x_wconf 86' lang='lat'><em>&#39;</em></span> <span class='ocrx_word' id='word_1_5' title='bbox 3545 323 3680 389; x_wconf 57' lang='lat'><strong>106‘</strong></span> 
     </span>
    </p>
   </div>
   <div class='ocr_carea' id='block_1_2' title="bbox 975 443 2020 526">
    <p class='ocr_par' dir='ltr' id='par_1_2' title="bbox 975 466 1422 526">
     <span class='ocr_line' id='line_1_2' title="bbox 975 466 1422 526; baseline -0.011 -1"><span class='ocrx_word' id='word_1_6' title='bbox 975 467 1206 526; x_wconf 81' lang='lat' dir='ltr'><strong>CAPUT</strong></span> <span class='ocrx_word' id='word_1_7' title='bbox 1239 466 1422 523; x_wconf 93' lang='lat' dir='ltr'><strong>XLlV.</strong></span> 
     </span>
    </p>
   </div>
   <div class='ocr_carea' id='block_1_3' title="bbox 2120 443 3093 526">
    <p class='ocr_par' dir='ltr' id='par_1_3' title="bbox 2675 443 3093 500">
     <span class='ocr_line' id='line_1_3' title="bbox 2675 443 3093 500; baseline -0.01 0"><span class='ocrx_word' id='word_1_8' title='bbox 2675 444 2923 500; x_wconf 74' lang='grc' dir='ltr'><strong>ΚΕΦΑΛ.</strong></span> <span class='ocrx_word' id='word_1_9' title='bbox 2961 443 3093 499; x_wconf 77' lang='lat' dir='ltr'><strong>MA’.</strong></span> 
     </span>
    </p>
   </div>
   <div class='ocr_carea' id='block_1_4' title="bbox 419 531 2020 636">
    <p class='ocr_par' dir='ltr' id='par_1_4' title="bbox 419 553 1994 636">
     <span class='ocr_line' id='line_1_4' title="bbox 419 553 1994 636; baseline -0.011 -15"><span class='ocrx_word' id='word_1_10' title='bbox 419 567 570 633; x_wconf 82' lang='lat' dir='ltr'><strong>Quod</strong></span> <span class='ocrx_word' id='word_1_11' title='bbox 595 580 708 636; x_wconf 67' lang='lat' dir='ltr'><strong>qua</strong></span> <span class='ocrx_word' id='word_1_12' title='bbox 730 563 855 618; x_wconf 83' lang='lat' dir='ltr'><strong><em>bene</em></strong></span> <span class='ocrx_word' id='word_1_13' title='bbox 873 562 1048 616; x_wconf 83' lang='lat' dir='ltr'><strong>valent</strong></span> <span class='ocrx_word' id='word_1_14' title='bbox 1073 576 1416 636; x_wconf 50' lang='lat' dir='ltr'><strong>communem</strong></span> <span class='ocrx_word' id='word_1_15' title='bbox 1430 572 1665 636; x_wconf 73' lang='lat' dir='ltr'><strong>mensam</strong></span> <span class='ocrx_word' id='word_1_16' title='bbox 1700 553 1994 607; x_wconf 76' lang='lat' dir='ltr'><strong>detrectare</strong></span> 
     </span>
    </p>
   </div>
   <div class='ocr_carea' id='block_1_5' title="bbox 2120 531 3681 636">
    <p class='ocr_par' dir='ltr' id='par_1_5' title="bbox 2120 531 3681 636">
     <span class='ocr_line' id='line_1_5' title="bbox 2120 531 3681 636; baseline -0.005 -43"><span class='ocrx_word' id='word_1_17' title='bbox 2120 541 2263 636; x_wconf 47' lang='grc' dir='ltr'>Ἰερξ-</span> <span class='ocrx_word' id='word_1_18' title='bbox 2272 541 2379 595; x_wconf 84' lang='grc' dir='ltr'>τοῦ</span> <span class='ocrx_word' id='word_1_19' title='bbox 2434 539 2843 636; x_wconf 49' lang='grc' dir='ltr'>ἁξαραίξητον</span> <span class='ocrx_word' id='word_1_20' title='bbox 2886 533 3040 636; x_wconf 53' lang='grc' dir='ltr'>εἷναξ</span> <span class='ocrx_word' id='word_1_21' title='bbox 3087 534 3215 636; x_wconf 59' lang='grc' dir='ltr'>ταῖς</span> <span class='ocrx_word' id='word_1_22' title='bbox 3264 531 3681 636; x_wconf 46' lang='lat' dir='ltr'><strong>dilatio-150m;-</strong></span> 
     </span>
    </p>
   </div>
   <div class='ocr_carea' id='block_1_6' title="bbox 836 608 2020 703">
    <p class='ocr_par' dir='ltr' id='par_1_6' title="bbox 836 628 1572 703">
     <span class='ocr_line' id='line_1_6' title="bbox 836 628 1572 703; baseline -0.01 -16"><span class='ocrx_word' id='word_1_23' title='bbox 836 640 1119 703; x_wconf 83' lang='lat' dir='ltr'><strong>nequeant,</strong></span> <span class='ocrx_word' id='word_1_24' title='bbox 1149 642 1196 684; x_wconf 86' lang='lat' dir='ltr'><strong>et</strong></span> <span class='ocrx_word' id='word_1_25' title='bbox 1231 631 1294 683; x_wconf 87' lang='lat' dir='ltr'><strong>de</strong></span> <span class='ocrx_word' id='word_1_26' title='bbox 1326 628 1572 696; x_wconf 76' lang='lat' dir='ltr'><strong>inﬁrmis.</strong></span> 
     </span>
    </p>
   </div>
   <div class='ocr_carea' id='block_1_7' title="bbox 2120 608 3584 703">
    <p class='ocr_par' dir='ltr' id='par_1_7' title="bbox 2191 608 3584 677">
     <span class='ocr_line' id='line_1_7' title="bbox 2191 608 3584 677; baseline -0.001 -13"><span class='ocrx_word' id='word_1_27' title='bbox 2191 612 2306 677; x_wconf 83' lang='grc' dir='ltr'><strong>τὴν</strong></span> <span class='ocrx_word' id='word_1_28' title='bbox 2345 613 2562 677; x_wconf 78' lang='grc' dir='ltr'>κοινὴν</span> <span class='ocrx_word' id='word_1_29' title='bbox 2591 608 2908 677; x_wconf 76' lang='grc' dir='ltr'>τράπεζαν,</span> <span class='ocrx_word' id='word_1_30' title='bbox 2940 608 3041 664; x_wconf 78' lang='grc' dir='ltr'><strong>καί</strong></span> <span class='ocrx_word' id='word_1_31' title='bbox 3074 609 3208 676; x_wconf 77' lang='grc' dir='ltr'>περὶ</span> <span class='ocrx_word' id='word_1_32' title='bbox 3238 608 3584 662; x_wconf 76' lang='grc' dir='ltr'>νοσουσῶν.</span> 
     </span>
    </p>
   </div>
   <div class='ocr_carea' id='block_1_8' title="bbox 421 369 558 434">
    <p class='ocr_par' dir='ltr' id='par_1_8' title="bbox 421 369 558 434">
     <span class='ocr_line' id='line_1_8' title="bbox 421 369 558 434; baseline -0.029 0"><span class='ocrx_word' id='word_1_33' title='bbox 421 369 558 434; x_wconf 82' lang='lat'><strong>1063</strong></span> 
     </span>
    </p>
   </div>
   <div class='ocr_carea' id='block_1_9' title="bbox 490 719 2020 812">
    <p class='ocr_par' dir='ltr' id='par_1_9' title="bbox 490 738 1996 812">
     <span class='ocr_line' id='line_1_9' title="bbox 490 738 1996 812; baseline -0.011 -5"><span class='ocrx_word' id='word_1_34' title='bbox 490 751 550 808; x_wconf 89' lang='lat' dir='ltr'><strong>In</strong></span> <span class='ocrx_word' id='word_1_35' title='bbox 576 751 678 804; x_wconf 86' lang='lat' dir='ltr'><strong>hac</strong></span> <span class='ocrx_word' id='word_1_36' title='bbox 707 759 888 804; x_wconf 90' lang='lat' dir='ltr'><strong>autem</strong></span> <span class='ocrx_word' id='word_1_37' title='bbox 919 746 1196 804; x_wconf 88' lang='lat' dir='ltr'><strong>communi</strong></span> <span class='ocrx_word' id='word_1_38' title='bbox 1227 746 1384 800; x_wconf 82' lang='lat' dir='ltr'><strong>vobis</strong></span> <span class='ocrx_word' id='word_1_39' title='bbox 1414 752 1603 812; x_wconf 89' lang='lat' dir='ltr'><strong>parata</strong></span> <span class='ocrx_word' id='word_1_40' title='bbox 1627 754 1832 800; x_wconf 85' lang='lat' dir='ltr'><strong>mensa.</strong></span> <span class='ocrx_word' id='word_1_41' title='bbox 1865 738 1996 792; x_wconf 91' lang='lat' dir='ltr'><strong>dum</strong></span> 
     </span>
    </p>
   </div>
   <div class='ocr_carea' id='block_1_10' title="bbox 2120 719 3678 812">
    <p class='ocr_par' dir='ltr' id='par_1_10' title="bbox 2171 719 3678 792">
     <span class='ocr_line' id='line_1_10' title="bbox 2171 719 3678 792; baseline 0 -18"><span class='ocrx_word' id='word_1_42' title='bbox 2171 723 2390 792; x_wconf 90' lang='grc' dir='ltr'>Ταύτην</span> <span class='ocrx_word' id='word_1_43' title='bbox 2422 722 2479 776; x_wconf 75' lang='grc' dir='ltr'>δὲ</span> <span class='ocrx_word' id='word_1_44' title='bbox 2523 723 2623 792; x_wconf 76' lang='grc' dir='ltr'>τὴν</span> <span class='ocrx_word' id='word_1_45' title='bbox 2673 725 2827 791; x_wconf 80' lang='grc' dir='ltr'>κοινῇ</span> <span class='ocrx_word' id='word_1_46' title='bbox 2871 719 3330 792; x_wconf 77' lang='grc' dir='ltr'>εὐτρεπισθεῖσαν</span> <span class='ocrx_word' id='word_1_47' title='bbox 3383 721 3512 788; x_wconf 81' lang='grc' dir='ltr'>ὑμῖν</span> <span class='ocrx_word' id='word_1_48' title='bbox 3540 721 3678 790; x_wconf 86' lang='grc' dir='ltr'>τρά-</span> 
     </span>
    </p>
   </div>
   <div class='ocr_carea' id='block_1_11' title="bbox 422 813 2020 906">
    <p class='ocr_par' dir='ltr' id='par_1_11' title="bbox 422 830 1998 906">
     <span class='ocr_line' id='line_1_11' title="bbox 422 830 1998 906; baseline -0.01 -9"><span class='ocrx_word' id='word_1_49' title='bbox 422 845 560 897; x_wconf 88' lang='lat' dir='ltr'><strong>bene</strong></span> <span class='ocrx_word' id='word_1_50' title='bbox 609 840 887 904; x_wconf 75' lang='lat' dir='ltr'><strong>valebitis,</strong></span> <span class='ocrx_word' id='word_1_51' title='bbox 919 839 1070 893; x_wconf 91' lang='lat' dir='ltr'><strong>nullo</strong></span> <span class='ocrx_word' id='word_1_52' title='bbox 1119 846 1385 906; x_wconf 65' lang='lat' dir='ltr'><strong>praetextu</strong></span> <span class='ocrx_word' id='word_1_53' title='bbox 1416 833 1678 901; x_wconf 88' lang='lat' dir='ltr'><strong>nullaque</strong></span> <span class='ocrx_word' id='word_1_54' title='bbox 1731 830 1998 900; x_wconf 90' lang='lat' dir='ltr'><strong>petitione</strong></span> 
     </span>
    </p>
   </div>
   <div class='ocr_carea' id='block_1_12' title="bbox 2120 813 3682 906">
    <p class='ocr_par' dir='ltr' id='par_1_12' title="bbox 2120 813 3682 884">
     <span class='ocr_line' id='line_1_12' title="bbox 2120 813 3682 884; baseline 0.001 -20"><span class='ocrx_word' id='word_1_55' title='bbox 2120 813 2296 878; x_wconf 77' lang='grc' dir='ltr'>τεζαν,</span> <span class='ocrx_word' id='word_1_56' title='bbox 2363 813 2420 865; x_wconf 88' lang='grc' dir='ltr'><strong>αί</strong></span> <span class='ocrx_word' id='word_1_57' title='bbox 2487 813 2587 882; x_wconf 71' lang='grc' dir='ltr'>μὶν</span> <span class='ocrx_word' id='word_1_58' title='bbox 2638 814 3015 881; x_wconf 74' lang='grc' dir='ltr'>ὑγιαίνουσαι,</span> <span class='ocrx_word' id='word_1_59' title='bbox 3072 814 3522 884; x_wconf 75' lang='grc' dir='ltr'>ἀπροφάσιστον,</span> <span class='ocrx_word' id='word_1_60' title='bbox 3588 815 3682 866; x_wconf 77' lang='grc' dir='ltr'>καὶ</span> 
     </span>
    </p>
   </div>
   <div class='ocr_carea' id='block_1_13' title="bbox 424 904 2020 998">
    <p class='ocr_par' dir='ltr' id='par_1_13' title="bbox 424 921 2000 998">
     <span class='ocr_line' id='line_1_13' title="bbox 424 921 2000 998; baseline -0.01 -10"><span class='ocrx_word' id='word_1_61' title='bbox 424 934 686 998; x_wconf 88' lang='lat' dir='ltr'><strong>admissa,</strong></span> <span class='ocrx_word' id='word_1_62' title='bbox 718 932 1077 988; x_wconf 72' lang='lat' dir='ltr'><strong>refectionem</strong></span> <span class='ocrx_word' id='word_1_63' title='bbox 1111 928 1372 993; x_wconf 88' lang='lat' dir='ltr'><strong>sumetis;</strong></span> <span class='ocrx_word' id='word_1_64' title='bbox 1405 934 1460 981; x_wconf 90' lang='lat' dir='ltr'><strong>et</strong></span> <span class='ocrx_word' id='word_1_65' title='bbox 1486 925 1633 979; x_wconf 90' lang='lat' dir='ltr'><strong>nulla</strong></span> <span class='ocrx_word' id='word_1_66' title='bbox 1665 923 1774 978; x_wconf 85' lang='lat' dir='ltr'><strong>erit</strong></span> <span class='ocrx_word' id='word_1_67' title='bbox 1804 921 2000 975; x_wconf 89' lang='lat' dir='ltr'><strong>idonea</strong></span> 
     </span>
    </p>
   </div>
   <div class='ocr_carea' id='block_1_14' title="bbox 2120 904 3682 998">
    <p class='ocr_par' dir='ltr' id='par_1_14' title="bbox 2120 904 3682 974">
     <span class='ocr_line' id='line_1_14' title="bbox 2120 904 3682 974; baseline 0.002 -19"><span class='ocrx_word' id='word_1_68' title='bbox 2120 905 2482 974; x_wconf 70' lang='grc' dir='ltr'>ίπαραίτητον</span> <span class='ocrx_word' id='word_1_69' title='bbox 2542 905 2728 970; x_wconf 77' lang='grc' dir='ltr'>ἕξετεο</span> <span class='ocrx_word' id='word_1_70' title='bbox 2765 907 2862 959; x_wconf 72' lang='grc' dir='ltr'>καὶ</span> <span class='ocrx_word' id='word_1_71' title='bbox 2913 905 3141 974; x_wconf 82' lang='grc' dir='ltr'><strong>οὐδεμία</strong></span> <span class='ocrx_word' id='word_1_72' title='bbox 3192 905 3346 957; x_wconf 78' lang='grc' dir='ltr'>ἔσται</span> <span class='ocrx_word' id='word_1_73' title='bbox 3409 904 3682 974; x_wconf 77' lang='grc' dir='ltr'>πρόφασις</span> 
     </span>
    </p>
   </div>
   <div class='ocr_carea' id='block_1_15' title="bbox 421 993 2020 1080">
    <p class='ocr_par' dir='ltr' id='par_1_15' title="bbox 421 1011 2003 1080">
     <span class='ocr_line' id='line_1_15' title="bbox 421 1011 2003 1080; baseline -0.009 0"><span class='ocrx_word' id='word_1_74' title='bbox 421 1025 640 1080; x_wconf 86' lang='lat' dir='ltr'><strong>occasio</strong></span> <span class='ocrx_word' id='word_1_75' title='bbox 679 1022 1023 1078; x_wconf 90' lang='lat' dir='ltr'><strong>detrectandi</strong></span> <span class='ocrx_word' id='word_1_76' title='bbox 1053 1028 1381 1075; x_wconf 90' lang='lat' dir='ltr'><strong>conventum</strong></span> <span class='ocrx_word' id='word_1_77' title='bbox 1422 1018 1478 1072; x_wconf 92' lang='lat' dir='ltr'><strong>in</strong></span> <span class='ocrx_word' id='word_1_78' title='bbox 1527 1029 1820 1071; x_wconf 86' lang='lat' dir='ltr'><strong>commune</strong></span> <span class='ocrx_word' id='word_1_79' title='bbox 1857 1011 2003 1068; x_wconf 85' lang='lat' dir='ltr'><strong>refe-</strong></span> 
     </span>
    </p>
   </div>
   <div class='ocr_carea' id='block_1_16' title="bbox 2120 993 3686 1080">
    <p class='ocr_par' dir='ltr' id='par_1_16' title="bbox 2120 995 3686 1067">
     <span class='ocr_line' id='line_1_16' title="bbox 2120 995 3686 1067; baseline 0.004 -21"><span class='ocrx_word' id='word_1_80' title='bbox 2120 995 2272 1064; x_wconf 79' lang='grc' dir='ltr'>ἱκανὴ</span> <span class='ocrx_word' id='word_1_81' title='bbox 2306 996 2441 1066; x_wconf 82' lang='grc' dir='ltr'>πρὸς</span> <span class='ocrx_word' id='word_1_82' title='bbox 2490 997 2820 1067; x_wconf 80' lang='grc' dir='ltr'><strong>παραίτησιν</strong></span> <span class='ocrx_word' id='word_1_83' title='bbox 2859 996 2958 1066; x_wconf 78' lang='grc' dir='ltr'>τῆς</span> <span class='ocrx_word' id='word_1_84' title='bbox 3001 999 3081 1060; x_wconf 86' lang='grc' dir='ltr'><strong>είς</strong></span> <span class='ocrx_word' id='word_1_85' title='bbox 3128 995 3189 1049; x_wconf 83' lang='grc' dir='ltr'>τὸ</span> <span class='ocrx_word' id='word_1_86' title='bbox 3221 997 3397 1049; x_wconf 78' lang='grc' dir='ltr'>κοινὸν</span> <span class='ocrx_word' id='word_1_87' title='bbox 3438 999 3686 1052; x_wconf 75' lang='grc' dir='ltr'>ἑστιατό-</span> 
     </span>
    </p>
   </div>
   <div class='ocr_carea' id='block_1_17' title="bbox 424 1086 2020 1191">
    <p class='ocr_par' dir='ltr' id='par_1_17' title="bbox 424 1106 2003 1183">
     <span class='ocr_line' id='line_1_17' title="bbox 424 1106 2003 1183; baseline -0.007 -14"><span class='ocrx_word' id='word_1_88' title='bbox 424 1117 687 1170; x_wconf 87' lang='lat' dir='ltr'><strong>ctorium.</strong></span> <span class='ocrx_word' id='word_1_89' title='bbox 731 1116 862 1182; x_wconf 70' lang='lat' dir='ltr'><strong>Quae</strong></span> <span class='ocrx_word' id='word_1_90' title='bbox 903 1129 1032 1169; x_wconf 76' lang='lat' dir='ltr'><strong>vero</strong></span> <span class='ocrx_word' id='word_1_91' title='bbox 1058 1113 1297 1183; x_wconf 81' lang='lat' dir='ltr'><strong>graviter</strong></span> <span class='ocrx_word' id='word_1_92' title='bbox 1339 1117 1630 1178; x_wconf 64' lang='lat' dir='ltr'><strong>aegrotant,</strong></span> <span class='ocrx_word' id='word_1_93' title='bbox 1671 1114 1728 1162; x_wconf 91' lang='lat' dir='ltr'><strong>et</strong></span> <span class='ocrx_word' id='word_1_94' title='bbox 1761 1106 1838 1161; x_wconf 93' lang='lat' dir='ltr'><strong>sic</strong></span> <span class='ocrx_word' id='word_1_95' title='bbox 1880 1114 2003 1159; x_wconf 85' lang='lat' dir='ltr'><strong>uta</strong></span> 
     </span>
    </p>
   </div>
   <div class='ocr_carea' id='block_1_18' title="bbox 2120 1086 3685 1191">
    <p class='ocr_par' dir='ltr' id='par_1_18' title="bbox 2120 1086 3685 1158">
     <span class='ocr_line' id='line_1_18' title="bbox 2120 1086 3685 1158; baseline 0.004 -22"><span class='ocrx_word' id='word_1_96' title='bbox 2120 1101 2226 1153; x_wconf 72' lang='lat' dir='ltr'><strong>ptov</strong></span> <span class='ocrx_word' id='word_1_97' title='bbox 2269 1086 2662 1150; x_wconf 83' lang='grc' dir='ltr'>συνελεύσεως.</span> <span class='ocrx_word' id='word_1_98' title='bbox 2711 1089 2776 1140; x_wconf 81' lang='grc' dir='ltr'>Δί</span> <span class='ocrx_word' id='word_1_99' title='bbox 2809 1087 3136 1140; x_wconf 78' lang='grc' dir='ltr'>ἀσθενοῦσαι</span> <span class='ocrx_word' id='word_1_100' title='bbox 3187 1087 3244 1140; x_wconf 68' lang='grc' dir='ltr'>δὲ</span> <span class='ocrx_word' id='word_1_101' title='bbox 3289 1089 3549 1158; x_wconf 82' lang='grc' dir='ltr'>ίσχυρῶς,</span> <span class='ocrx_word' id='word_1_102' title='bbox 3591 1091 3685 1143; x_wconf 77' lang='grc' dir='ltr'>καὶ</span> 
     </span>
    </p>
   </div>
   <div class='ocr_carea' id='block_1_19' title="bbox 427 1177 2020 1280">
    <p class='ocr_par' dir='ltr' id='par_1_19' title="bbox 427 1177 2004 1277">
     <span class='ocr_line' id='line_1_19' title="bbox 427 1177 2004 1277; baseline -0.006 -17"><span class='ocrx_word' id='word_1_103' title='bbox 427 1207 572 1260; x_wconf 88' lang='lat' dir='ltr'><strong>lecto</strong></span> <span class='ocrx_word' id='word_1_104' title='bbox 605 1177 832 1277; x_wconf 71' lang='lat' dir='ltr'><strong>surgere</strong></span> <span class='ocrx_word' id='word_1_105' title='bbox 861 1213 958 1259; x_wconf 90' lang='lat' dir='ltr'><strong>aut</strong></span> <span class='ocrx_word' id='word_1_106' title='bbox 989 1177 1282 1272; x_wconf 63' lang='lat' dir='ltr'><strong>tranquille</strong></span> <span class='ocrx_word' id='word_1_107' title='bbox 1312 1201 1555 1256; x_wconf 88' lang='lat' dir='ltr'><strong>dormire</strong></span> <span class='ocrx_word' id='word_1_108' title='bbox 1583 1207 1886 1268; x_wconf 89' lang='lat' dir='ltr'><strong>nequeant,</strong></span> <span class='ocrx_word' id='word_1_109' title='bbox 1906 1195 2004 1252; x_wconf 86' lang='lat' dir='ltr'><strong>sed</strong></span> 
     </span>
    </p>
   </div>
   <div class='ocr_carea' id='block_1_20' title="bbox 2120 1177 3684 1280">
    <p class='ocr_par' dir='ltr' id='par_1_20' title="bbox 2120 1177 3684 1250">
     <span class='ocr_line' id='line_1_20' title="bbox 2120 1177 3684 1250; baseline 0.004 -22"><span class='ocrx_word' id='word_1_110' title='bbox 2120 1177 2280 1241; x_wconf 79' lang='grc' dir='ltr'>&gt;ὖτως</span> <span class='ocrx_word' id='word_1_111' title='bbox 2311 1177 2452 1231; x_wconf 83' lang='grc' dir='ltr'>ὥστε</span> <span class='ocrx_word' id='word_1_112' title='bbox 2499 1179 2574 1247; x_wconf 79' lang='grc' dir='ltr'>μὴ</span> <span class='ocrx_word' id='word_1_113' title='bbox 2630 1178 2890 1232; x_wconf 87' lang='grc' dir='ltr'>δύνασθαι</span> <span class='ocrx_word' id='word_1_114' title='bbox 2929 1181 3030 1248; x_wconf 82' lang='grc' dir='ltr'>τῆς</span> <span class='ocrx_word' id='word_1_115' title='bbox 3065 1179 3254 1250; x_wconf 78' lang='grc' dir='ltr'>κλίνης</span> <span class='ocrx_word' id='word_1_116' title='bbox 3301 1181 3684 1244; x_wconf 78' lang='grc' dir='ltr'><strong>ἐξανίστασθαι</strong></span> 
     </span>
    </p>
   </div>
   <div class='ocr_carea' id='block_1_21' title="bbox 425 1267 2020 1364">
    <p class='ocr_par' dir='ltr' id='par_1_21' title="bbox 425 1267 2004 1364">
     <span class='ocr_line' id='line_1_21' title="bbox 425 1267 2004 1364; baseline -0.007 -10"><span class='ocrx_word' id='word_1_117' title='bbox 425 1301 614 1355; x_wconf 87' lang='lat' dir='ltr'><strong>turbas</strong></span> <span class='ocrx_word' id='word_1_118' title='bbox 645 1267 898 1354; x_wconf 67' lang='lat' dir='ltr'><strong>moveant</strong></span> <span class='ocrx_word' id='word_1_119' title='bbox 935 1307 988 1352; x_wconf 89' lang='lat' dir='ltr'><strong>et</strong></span> <span class='ocrx_word' id='word_1_120' title='bbox 1027 1267 1260 1350; x_wconf 75' lang='lat' dir='ltr'><strong>turbata:</strong></span> <span class='ocrx_word' id='word_1_121' title='bbox 1293 1295 1439 1360; x_wconf 86' lang='lat' dir='ltr'><strong>sint;</strong></span> <span class='ocrx_word' id='word_1_122' title='bbox 1461 1294 1617 1364; x_wconf 81' lang='lat' dir='ltr'><strong>jussu</strong></span> <span class='ocrx_word' id='word_1_123' title='bbox 1649 1267 1919 1362; x_wconf 59' lang='grc' dir='ltr'>ιιι-πίθοιτο</span> <span class='ocrx_word' id='word_1_124' title='bbox 1949 1289 2004 1343; x_wconf 91' lang='lat' dir='ltr'><strong>in</strong></span> 
     </span>
    </p>
   </div>
   <div class='ocr_carea' id='block_1_22' title="bbox 2120 1267 3687 1364">
    <p class='ocr_par' dir='ltr' id='par_1_22' title="bbox 2120 1267 3687 1342">
     <span class='ocr_line' id='line_1_22' title="bbox 2120 1267 3687 1342; baseline 0.003 -22"><span class='ocrx_word' id='word_1_125' title='bbox 2120 1267 2141 1337; x_wconf 70' lang='grc' dir='ltr'><strong>ἡ</strong></span> <span class='ocrx_word' id='word_1_126' title='bbox 2171 1269 2464 1338; x_wconf 85' lang='grc' dir='ltr'><strong>ἀταράχως</strong></span> <span class='ocrx_word' id='word_1_127' title='bbox 2515 1268 2740 1335; x_wconf 82' lang='grc' dir='ltr'>ὑπνοῦν,</span> <span class='ocrx_word' id='word_1_128' title='bbox 2779 1269 2895 1323; x_wconf 82' lang='grc' dir='ltr'>ἀλλ’</span> <span class='ocrx_word' id='word_1_129' title='bbox 2938 1269 3273 1342; x_wconf 68' lang='grc' dir='ltr'>ἐνοχλοῦσαι,</span> <span class='ocrx_word' id='word_1_130' title='bbox 3307 1271 3403 1324; x_wconf 83' lang='grc' dir='ltr'>καὶ</span> <span class='ocrx_word' id='word_1_131' title='bbox 3435 1273 3687 1342; x_wconf 77' lang='grc' dir='ltr'>ἐνοχλού-</span> 
     </span>
    </p>
   </div>
   <div class='ocr_carea' id='block_1_23' title="bbox 426 1361 2020 1460">
    <p class='ocr_par' dir='ltr' id='par_1_23' title="bbox 426 1361 2009 1460">
     <span class='ocr_line' id='line_1_23' title="bbox 426 1361 2009 1460; baseline -0.007 -15"><span class='ocrx_word' id='word_1_132' title='bbox 426 1391 696 1460; x_wconf 83' lang='lat' dir='ltr'><strong>peculiari</strong></span> <span class='ocrx_word' id='word_1_133' title='bbox 743 1391 902 1454; x_wconf 82' lang='lat' dir='ltr'><strong>cella,</strong></span> <span class='ocrx_word' id='word_1_134' title='bbox 937 1389 1124 1457; x_wconf 86' lang='lat' dir='ltr'><strong>quiete</strong></span> <span class='ocrx_word' id='word_1_135' title='bbox 1147 1396 1204 1442; x_wconf 89' lang='lat' dir='ltr'><strong>et</strong></span> <span class='ocrx_word' id='word_1_136' title='bbox 1228 1361 1573 1441; x_wconf 83' lang='lat' dir='ltr'><strong>accuratiore</strong></span> <span class='ocrx_word' id='word_1_137' title='bbox 1603 1361 1869 1452; x_wconf 85' lang='lat' dir='ltr'><strong>obsequio</strong></span> <span class='ocrx_word' id='word_1_138' title='bbox 1910 1381 2009 1435; x_wconf 80' lang='lat' dir='ltr'><strong>do-</strong></span> 
     </span>
    </p>
   </div>
   <div class='ocr_carea' id='block_1_24' title="bbox 2120 1361 3684 1460">
    <p class='ocr_par' dir='ltr' id='par_1_24' title="bbox 2120 1361 3684 1434">
     <span class='ocr_line' id='line_1_24' title="bbox 2120 1361 3684 1434; baseline 0.003 -22"><span class='ocrx_word' id='word_1_139' title='bbox 2120 1376 2294 1427; x_wconf 87' lang='grc' dir='ltr'>μεναι,</span> <span class='ocrx_word' id='word_1_140' title='bbox 2329 1362 2470 1415; x_wconf 85' lang='grc' dir='ltr'>κατὰ</span> <span class='ocrx_word' id='word_1_141' title='bbox 2495 1361 2720 1433; x_wconf 83' lang='grc' dir='ltr'><strong>γνώμην</strong></span> <span class='ocrx_word' id='word_1_142' title='bbox 2760 1363 2858 1433; x_wconf 86' lang='grc' dir='ltr'>τῆς</span> <span class='ocrx_word' id='word_1_143' title='bbox 2891 1363 3305 1434; x_wconf 77' lang='grc' dir='ltr'>καθηγουμένης</span> <span class='ocrx_word' id='word_1_144' title='bbox 3337 1365 3394 1416; x_wconf 85' lang='lat' dir='ltr'><strong>tv</strong></span> <span class='ocrx_word' id='word_1_145' title='bbox 3433 1365 3684 1429; x_wconf 74' lang='grc' dir='ltr'><strong>ἰδιάζοντι</strong></span> 
     </span>
    </p>
   </div>
   <div class='ocr_carea' id='block_1_25' title="bbox 426 1455 2020 1548">
    <p class='ocr_par' dir='ltr' id='par_1_25' title="bbox 426 1455 2008 1548">
     <span class='ocr_line' id='line_1_25' title="bbox 426 1455 2008 1548; baseline -0.006 -16"><span class='ocrx_word' id='word_1_146' title='bbox 426 1455 728 1535; x_wconf 70' lang='lat' dir='ltr'><strong>iiabuntur.</strong></span> <span class='ocrx_word' id='word_1_147' title='bbox 775 1455 1040 1534; x_wconf 66' lang='lat' dir='ltr'><strong>Praafecta</strong></span> <span class='ocrx_word' id='word_1_148' title='bbox 1076 1493 1210 1532; x_wconf 90' lang='lat' dir='ltr'><strong>vero</strong></span> <span class='ocrx_word' id='word_1_149' title='bbox 1257 1491 1431 1548; x_wconf 66' lang='lat' dir='ltr'><strong>aegras</strong></span> <span class='ocrx_word' id='word_1_150' title='bbox 1479 1473 1804 1543; x_wconf 82' lang='lat' dir='ltr'><strong>diligentius</strong></span> <span class='ocrx_word' id='word_1_151' title='bbox 1848 1468 2008 1542; x_wconf 88' lang='lat' dir='ltr'><strong>quasi</strong></span> 
     </span>
    </p>
   </div>
   <div class='ocr_carea' id='block_1_26' title="bbox 2120 1455 3686 1548">
    <p class='ocr_par' dir='ltr' id='par_1_26' title="bbox 2120 1455 3686 1530">
     <span class='ocr_line' id='line_1_26' title="bbox 2120 1455 3686 1530; baseline 0.004 -23"><span class='ocrx_word' id='word_1_152' title='bbox 2120 1455 2304 1524; x_wconf 73' lang='grc' dir='ltr'>κελλίῳ</span> <span class='ocrx_word' id='word_1_153' title='bbox 2331 1455 2613 1523; x_wconf 77' lang='grc' dir='ltr'><strong>τεύξονται</strong></span> <span class='ocrx_word' id='word_1_154' title='bbox 2657 1459 3044 1524; x_wconf 86' lang='grc' dir='ltr'>ἀναπαύσεως,</span> <span class='ocrx_word' id='word_1_155' title='bbox 3074 1460 3171 1512; x_wconf 78' lang='grc' dir='ltr'>καὶ</span> <span class='ocrx_word' id='word_1_156' title='bbox 3222 1460 3515 1530; x_wconf 81' lang='grc' dir='ltr'><strong>θεραπείας</strong></span> <span class='ocrx_word' id='word_1_157' title='bbox 3563 1462 3686 1513; x_wconf 73' lang='grc' dir='ltr'>ἑπι-</span> 
     </span>
    </p>
   </div>
   <div class='ocr_carea' id='block_1_27' title="bbox 426 1563 2010 1638">
    <p class='ocr_par' dir='ltr' id='par_1_27' title="bbox 426 1563 2010 1638">
     <span class='ocr_line' id='line_1_27' title="bbox 426 1563 2010 1638; baseline -0.005 -15"><span class='ocrx_word' id='word_1_158' title='bbox 426 1571 650 1638; x_wconf 90' lang='lat' dir='ltr'><strong>propria</strong></span> <span class='ocrx_word' id='word_1_159' title='bbox 696 1569 941 1624; x_wconf 88' lang='lat' dir='ltr'><strong>membra</strong></span> <span class='ocrx_word' id='word_1_160' title='bbox 969 1567 1222 1631; x_wconf 85' lang='lat' dir='ltr'><strong>curabit;</strong></span> <span class='ocrx_word' id='word_1_161' title='bbox 1258 1567 1502 1636; x_wconf 80' lang='lat' dir='ltr'><strong>ipsisque</strong></span> <span class='ocrx_word' id='word_1_162' title='bbox 1533 1565 1599 1618; x_wconf 90' lang='lat' dir='ltr'><strong>ad</strong></span> <span class='ocrx_word' id='word_1_163' title='bbox 1631 1563 1836 1618; x_wconf 89' lang='lat' dir='ltr'><strong>victum</strong></span> <span class='ocrx_word' id='word_1_164' title='bbox 1873 1576 2010 1616; x_wconf 93' lang='lat' dir='ltr'><strong>con-</strong></span> 
     </span>
    </p>
   </div>
   <div class='ocr_carea' id='block_1_28' title="bbox 427 1653 2009 1729">
    <p class='ocr_par' dir='ltr' id='par_1_28' title="bbox 427 1653 2009 1729">
     <span class='ocr_line' id='line_1_28' title="bbox 427 1653 2009 1729; baseline -0.003 -16"><span class='ocrx_word' id='word_1_165' title='bbox 427 1661 680 1729; x_wconf 87' lang='lat' dir='ltr'><strong>gruentia</strong></span> <span class='ocrx_word' id='word_1_166' title='bbox 728 1660 957 1724; x_wconf 86' lang='lat' dir='ltr'><strong>tribuet,</strong></span> <span class='ocrx_word' id='word_1_167' title='bbox 988 1658 1533 1727; x_wconf 90' lang='lat' dir='ltr'><strong>sollicitudinemque</strong></span> <span class='ocrx_word' id='word_1_168' title='bbox 1584 1662 1740 1727; x_wconf 85' lang='lat' dir='ltr'><strong>geret</strong></span> <span class='ocrx_word' id='word_1_169' title='bbox 1787 1654 1857 1711; x_wconf 91' lang='lat' dir='ltr'><strong>de</strong></span> <span class='ocrx_word' id='word_1_170' title='bbox 1904 1653 2009 1709; x_wconf 90' lang='lat' dir='ltr'><strong>alia</strong></span> 
     </span>
    </p>
   </div>
   <div class='ocr_carea' id='block_1_29' title="bbox 427 1750 1018 1807">
    <p class='ocr_par' dir='ltr' id='par_1_29' title="bbox 427 1750 1018 1807">
     <span class='ocr_line' id='line_1_29' title="bbox 427 1750 1018 1807; baseline 0.003 -3"><span class='ocrx_word' id='word_1_171' title='bbox 427 1765 620 1804; x_wconf 89' lang='lat' dir='ltr'><strong>earum</strong></span> <span class='ocrx_word' id='word_1_172' title='bbox 654 1750 1018 1807; x_wconf 87' lang='lat' dir='ltr'><strong>recreatione.</strong></span> 
     </span>
    </p>
   </div>
   <div class='ocr_carea' id='block_1_30' title="bbox 1007 2027 1430 2084">
    <p class='ocr_par' dir='ltr' id='par_1_30' title="bbox 1007 2027 1430 2084">
     <span class='ocr_line' id='line_1_30' title="bbox 1007 2027 1430 2084; baseline -0.007 0"><span class='ocrx_word' id='word_1_173' title='bbox 1007 2027 1232 2084; x_wconf 85' lang='lat' dir='ltr'><strong>CAPUT</strong></span> <span class='ocrx_word' id='word_1_174' title='bbox 1269 2027 1430 2083; x_wconf 87' lang='lat' dir='ltr'><strong>XLV.</strong></span> 
     </span>
    </p>
   </div>
   <div class='ocr_carea' id='block_1_31' title="bbox 703 2119 1730 2192">
    <p class='ocr_par' dir='ltr' id='par_1_31' title="bbox 703 2119 1730 2192">
     <span class='ocr_line' id='line_1_31' title="bbox 703 2119 1730 2192; baseline 0.002 -19"><span class='ocrx_word' id='word_1_175' title='bbox 703 2119 854 2186; x_wconf 85' lang='lat' dir='ltr'><strong>Quod</strong></span> <span class='ocrx_word' id='word_1_176' title='bbox 881 2121 1110 2174; x_wconf 85' lang='lat' dir='ltr'><strong>secunda</strong></span> <span class='ocrx_word' id='word_1_177' title='bbox 1133 2120 1253 2188; x_wconf 78' lang='lat' dir='ltr'><strong>ﬁeri</strong></span> <span class='ocrx_word' id='word_1_178' title='bbox 1285 2121 1469 2174; x_wconf 82' lang='lat' dir='ltr'><strong>debeat</strong></span> <span class='ocrx_word' id='word_1_179' title='bbox 1501 2122 1730 2192; x_wconf 66' lang='lat' dir='ltr'><strong>refectio.</strong></span> 
     </span>
    </p>
   </div>
   <div class='ocr_carea' id='block_1_32' title="bbox 501 2229 2006 2302">
    <p class='ocr_par' dir='ltr' id='par_1_32' title="bbox 501 2229 2006 2302">
     <span class='ocr_line' id='line_1_32' title="bbox 501 2229 2006 2302; baseline -0.002 -15"><span class='ocrx_word' id='word_1_180' title='bbox 501 2233 798 2302; x_wconf 83' lang='lat' dir='ltr'><strong>Postquam</strong></span> <span class='ocrx_word' id='word_1_181' title='bbox 830 2231 999 2302; x_wconf 84' lang='lat' dir='ltr'><strong>igitur</strong></span> <span class='ocrx_word' id='word_1_182' title='bbox 1043 2231 1311 2285; x_wconf 87' lang='lat' dir='ltr'><strong>moniales</strong></span> <span class='ocrx_word' id='word_1_183' title='bbox 1350 2246 1380 2284; x_wconf 90' lang='lat' dir='ltr'><strong>a</strong></span> <span class='ocrx_word' id='word_1_184' title='bbox 1407 2246 1598 2285; x_wconf 90' lang='lat' dir='ltr'><strong>mensa</strong></span> <span class='ocrx_word' id='word_1_185' title='bbox 1643 2229 2006 2294; x_wconf 77' lang='lat' dir='ltr'><strong>surrexerint,</strong></span> 
     </span>
    </p>
   </div>
   <div class='ocr_carea' id='block_1_33' title="bbox 433 2322 2010 2392">
    <p class='ocr_par' dir='ltr' id='par_1_33' title="bbox 433 2322 2010 2392">
     <span class='ocr_line' id='line_1_33' title="bbox 433 2322 2010 2392; baseline -0.002 -14"><span class='ocrx_word' id='word_1_186' title='bbox 433 2325 607 2379; x_wconf 85' lang='lat' dir='ltr'><strong>altera</strong></span> <span class='ocrx_word' id='word_1_187' title='bbox 630 2324 723 2377; x_wconf 84' lang='lat' dir='ltr'><strong>ﬁat</strong></span> <span class='ocrx_word' id='word_1_188' title='bbox 746 2323 990 2386; x_wconf 82' lang='lat' dir='ltr'><strong>refectio,</strong></span> <span class='ocrx_word' id='word_1_189' title='bbox 1017 2322 1280 2391; x_wconf 84' lang='lat' dir='ltr'><strong>appositis</strong></span> <span class='ocrx_word' id='word_1_190' title='bbox 1303 2322 1538 2392; x_wconf 89' lang='lat' dir='ltr'><strong>panibus</strong></span> <span class='ocrx_word' id='word_1_191' title='bbox 1556 2331 1612 2377; x_wconf 87' lang='lat' dir='ltr'><strong>et</strong></span> <span class='ocrx_word' id='word_1_192' title='bbox 1645 2322 1803 2387; x_wconf 88' lang='lat' dir='ltr'><strong>cibis,</strong></span> <span class='ocrx_word' id='word_1_193' title='bbox 1834 2337 2010 2392; x_wconf 89' lang='lat' dir='ltr'><strong>quan-</strong></span> 
     </span>
    </p>
   </div>
   <div class='ocr_carea' id='block_1_34' title="bbox 434 2410 2012 2483">
    <p class='ocr_par' dir='ltr' id='par_1_34' title="bbox 434 2410 2012 2483">
     <span class='ocr_line' id='line_1_34' title="bbox 434 2410 2012 2483; baseline -0.001 -15"><span class='ocrx_word' id='word_1_194' title='bbox 434 2425 549 2468; x_wconf 88' lang='lat' dir='ltr'><strong>tum</strong></span> <span class='ocrx_word' id='word_1_195' title='bbox 585 2415 637 2468; x_wconf 91' lang='lat' dir='ltr'><strong>in</strong></span> <span class='ocrx_word' id='word_1_196' title='bbox 670 2415 847 2483; x_wconf 86' lang='lat' dir='ltr'><strong>prima</strong></span> <span class='ocrx_word' id='word_1_197' title='bbox 896 2429 1085 2467; x_wconf 89' lang='lat' dir='ltr'><strong>mensa</strong></span> <span class='ocrx_word' id='word_1_198' title='bbox 1130 2414 1364 2483; x_wconf 90' lang='lat' dir='ltr'><strong>appositi</strong></span> <span class='ocrx_word' id='word_1_199' title='bbox 1410 2421 1560 2477; x_wconf 89' lang='lat' dir='ltr'><strong>sunt,</strong></span> <span class='ocrx_word' id='word_1_200' title='bbox 1592 2422 1648 2466; x_wconf 91' lang='lat' dir='ltr'><strong>et</strong></span> <span class='ocrx_word' id='word_1_201' title='bbox 1693 2410 2012 2467; x_wconf 82' lang='lat' dir='ltr'><strong>reficiantur</strong></span> 
     </span>
    </p>
   </div>
   <div class='ocr_carea' id='block_1_35' title="bbox 435 2503 2008 2575">
    <p class='ocr_par' dir='ltr' id='par_1_35' title="bbox 435 2503 2008 2575">
     <span class='ocr_line' id='line_1_35' title="bbox 435 2503 2008 2575; baseline 0 -17"><span class='ocrx_word' id='word_1_202' title='bbox 435 2521 559 2575; x_wconf 67' lang='lat' dir='ltr'><strong>quae</strong></span> <span class='ocrx_word' id='word_1_203' title='bbox 611 2505 1013 2560; x_wconf 88' lang='lat' dir='ltr'><strong>ministravere.</strong></span> <span class='ocrx_word' id='word_1_204' title='bbox 1067 2504 1256 2574; x_wconf 86' lang='lat' dir='ltr'><strong>Neque</strong></span> <span class='ocrx_word' id='word_1_205' title='bbox 1308 2504 1467 2559; x_wconf 88' lang='lat' dir='ltr'><strong>liceat</strong></span> <span class='ocrx_word' id='word_1_206' title='bbox 1511 2503 1679 2574; x_wconf 90' lang='lat' dir='ltr'><strong>(quod</strong></span> <span class='ocrx_word' id='word_1_207' title='bbox 1726 2504 1783 2557; x_wconf 89' lang='lat' dir='ltr'><strong>in</strong></span> <span class='ocrx_word' id='word_1_208' title='bbox 1834 2503 2008 2573; x_wconf 92' lang='lat' dir='ltr'><strong>prima</strong></span> 
     </span>
    </p>
   </div>
   <div class='ocr_carea' id='block_1_36' title="bbox 436 2595 2010 2665">
    <p class='ocr_par' dir='ltr' id='par_1_36' title="bbox 436 2595 2010 2665">
     <span class='ocr_line' id='line_1_36' title="bbox 436 2595 2010 2665; baseline 0 -16"><span class='ocrx_word' id='word_1_209' title='bbox 436 2596 742 2650; x_wconf 85' lang='lat' dir='ltr'><strong>refectione</strong></span> <span class='ocrx_word' id='word_1_210' title='bbox 791 2605 1054 2662; x_wconf 89' lang='lat' dir='ltr'><strong>statuere,</strong></span> <span class='ocrx_word' id='word_1_211' title='bbox 1104 2596 1371 2650; x_wconf 90' lang='lat' dir='ltr'><strong>memoria</strong></span> <span class='ocrx_word' id='word_1_212' title='bbox 1417 2595 1646 2665; x_wconf 79' lang='lat' dir='ltr'><strong>excidit)</strong></span> <span class='ocrx_word' id='word_1_213' title='bbox 1683 2595 1934 2665; x_wconf 80' lang='lat' dir='ltr'><strong>surgenti</strong></span> <span class='ocrx_word' id='word_1_214' title='bbox 1981 2611 2010 2649; x_wconf 92' lang='lat' dir='ltr'><strong>a</strong></span> 
     </span>
    </p>
   </div>
   <div class='ocr_carea' id='block_1_37' title="bbox 435 2690 2012 2762">
    <p class='ocr_par' dir='ltr' id='par_1_37' title="bbox 435 2690 2012 2762">
     <span class='ocr_line' id='line_1_37' title="bbox 435 2690 2012 2762; baseline 0 -18"><span class='ocrx_word' id='word_1_215' title='bbox 435 2707 645 2755; x_wconf 86' lang='lat' dir='ltr'><strong>mensa,</strong></span> <span class='ocrx_word' id='word_1_216' title='bbox 674 2693 957 2762; x_wconf 88' lang='lat' dir='ltr'><strong>quidpiam</strong></span> <span class='ocrx_word' id='word_1_217' title='bbox 989 2706 1174 2746; x_wconf 89' lang='lat' dir='ltr'><strong>secum</strong></span> <span class='ocrx_word' id='word_1_218' title='bbox 1207 2707 1275 2745; x_wconf 79' lang='lat' dir='ltr'><strong>ex</strong></span> <span class='ocrx_word' id='word_1_219' title='bbox 1314 2690 1599 2761; x_wconf 84' lang='lat' dir='ltr'><strong>appositis,</strong></span> <span class='ocrx_word' id='word_1_220' title='bbox 1645 2691 1760 2746; x_wconf 83' lang='lat' dir='ltr'><strong>sive</strong></span> <span class='ocrx_word' id='word_1_221' title='bbox 1790 2705 2012 2761; x_wconf 91' lang='lat' dir='ltr'><strong>panem,</strong></span> 
     </span>
    </p>
   </div>
   <div class='ocr_carea' id='block_1_38' title="bbox 436 2783 2011 2854">
    <p class='ocr_par' dir='ltr' id='par_1_38' title="bbox 436 2783 2011 2854">
     <span class='ocr_line' id='line_1_38' title="bbox 436 2783 2011 2854; baseline -0.001 -16"><span class='ocrx_word' id='word_1_222' title='bbox 436 2783 550 2838; x_wconf 90' lang='lat' dir='ltr'><strong>sive</strong></span> <span class='ocrx_word' id='word_1_223' title='bbox 595 2785 726 2854; x_wconf 93' lang='lat' dir='ltr'><strong>quid</strong></span> <span class='ocrx_word' id='word_1_224' title='bbox 765 2785 936 2848; x_wconf 87' lang='lat' dir='ltr'><strong>aliud,</strong></span> <span class='ocrx_word' id='word_1_225' title='bbox 983 2785 1195 2838; x_wconf 87' lang='lat' dir='ltr'><strong>tollere.</strong></span> <span class='ocrx_word' id='word_1_226' title='bbox 1251 2784 1354 2838; x_wconf 85' lang='lat' dir='ltr'><strong>Sed</strong></span> <span class='ocrx_word' id='word_1_227' title='bbox 1405 2799 1583 2853; x_wconf 90' lang='lat' dir='ltr'><strong>neque</strong></span> <span class='ocrx_word' id='word_1_228' title='bbox 1618 2783 2011 2838; x_wconf 87' lang='lat' dir='ltr'><strong>monacbarum</strong></span> 
     </span>
    </p>
   </div>
   <div class='ocr_carea' id='block_1_39' title="bbox 436 2879 2013 2950">
    <p class='ocr_par' dir='ltr' id='par_1_39' title="bbox 436 2879 2013 2950">
     <span class='ocr_line' id='line_1_39' title="bbox 436 2879 2013 2950; baseline 0.001 -17"><span class='ocrx_word' id='word_1_229' title='bbox 436 2879 685 2948; x_wconf 57' lang='lat' dir='ltr'><strong>quasdam</strong></span> <span class='ocrx_word' id='word_1_230' title='bbox 721 2883 1064 2950; x_wconf 87' lang='lat' dir='ltr'><strong>pulmentum</strong></span> <span class='ocrx_word' id='word_1_231' title='bbox 1112 2881 1198 2934; x_wconf 89' lang='lat' dir='ltr'><strong>vel</strong></span> <span class='ocrx_word' id='word_1_232' title='bbox 1237 2880 1531 2949; x_wconf 88' lang='lat' dir='ltr'><strong>legumina,</strong></span> <span class='ocrx_word' id='word_1_233' title='bbox 1581 2890 1676 2935; x_wconf 86' lang='lat' dir='ltr'><strong>aut</strong></span> <span class='ocrx_word' id='word_1_234' title='bbox 1713 2881 2013 2950; x_wconf 85' lang='lat' dir='ltr'><strong>quidquam</strong></span> 
     </span>
    </p>
   </div>
   <div class='ocr_carea' id='block_1_40' title="bbox 439 2970 2013 3041">
    <p class='ocr_par' dir='ltr' id='par_1_40' title="bbox 439 2970 2013 3041">
     <span class='ocr_line' id='line_1_40' title="bbox 439 2970 2013 3041; baseline -0.001 -15"><span class='ocrx_word' id='word_1_235' title='bbox 439 2971 587 3026; x_wconf 90' lang='lat' dir='ltr'><strong>aliud</strong></span> <span class='ocrx_word' id='word_1_236' title='bbox 614 2987 800 3026; x_wconf 87' lang='lat' dir='ltr'><strong>secum</strong></span> <span class='ocrx_word' id='word_1_237' title='bbox 836 2987 1054 3028; x_wconf 88' lang='lat' dir='ltr'><strong>sumere</strong></span> <span class='ocrx_word' id='word_1_238' title='bbox 1085 2979 1256 3041; x_wconf 89' lang='lat' dir='ltr'><strong>petat,</strong></span> <span class='ocrx_word' id='word_1_239' title='bbox 1291 2970 1387 3024; x_wconf 91' lang='lat' dir='ltr'><strong>sed</strong></span> <span class='ocrx_word' id='word_1_240' title='bbox 1422 2971 1478 3024; x_wconf 91' lang='lat' dir='ltr'><strong>in</strong></span> <span class='ocrx_word' id='word_1_241' title='bbox 1515 2970 1792 3026; x_wconf 89' lang='lat' dir='ltr'><strong>communi</strong></span> <span class='ocrx_word' id='word_1_242' title='bbox 1822 2984 2013 3026; x_wconf 87' lang='lat' dir='ltr'><strong>omnes</strong></span> 
     </span>
    </p>
   </div>
   <div class='ocr_carea' id='block_1_41' title="bbox 437 3063 776 3119">
    <p class='ocr_par' dir='ltr' id='par_1_41' title="bbox 437 3063 776 3119">
     <span class='ocr_line' id='line_1_41' title="bbox 437 3063 776 3119; baseline 0.003 -3"><span class='ocrx_word' id='word_1_243' title='bbox 437 3063 776 3119; x_wconf 80' lang='lat' dir='ltr'><strong>reficiantur.</strong></span> 
     </span>
    </p>
   </div>
   <div class='ocr_carea' id='block_1_42' title="bbox 1009 3173 1447 3231">
    <p class='ocr_par' dir='ltr' id='par_1_42' title="bbox 1009 3173 1447 3231">
     <span class='ocr_line' id='line_1_42' title="bbox 1009 3173 1447 3231; baseline -0.005 -1"><span class='ocrx_word' id='word_1_244' title='bbox 1009 3173 1233 3231; x_wconf 85' lang='lat' dir='ltr'><strong>CAPUT</strong></span> <span class='ocrx_word' id='word_1_245' title='bbox 1266 3173 1447 3230; x_wconf 86' lang='lat' dir='ltr'><strong>XLVI.</strong></span> 
     </span>
    </p>
   </div>
   <div class='ocr_carea' id='block_1_43' title="bbox 442 3262 2018 3334">
    <p class='ocr_par' dir='ltr' id='par_1_43' title="bbox 442 3262 2018 3334">
     <span class='ocr_line' id='line_1_43' title="bbox 442 3262 2018 3334; baseline 0.001 -17"><span class='ocrx_word' id='word_1_246' title='bbox 442 3262 518 3317; x_wconf 86' lang='lat' dir='ltr'><strong>De</strong></span> <span class='ocrx_word' id='word_1_247' title='bbox 559 3265 696 3318; x_wconf 82' lang='lat' dir='ltr'><strong>victu</strong></span> <span class='ocrx_word' id='word_1_248' title='bbox 741 3267 796 3318; x_wconf 78' lang='lat' dir='ltr'><strong>in</strong></span> <span class='ocrx_word' id='word_1_249' title='bbox 852 3265 1026 3318; x_wconf 81' lang='lat' dir='ltr'><strong>diebus</strong></span> <span class='ocrx_word' id='word_1_250' title='bbox 1073 3263 1422 3327; x_wconf 83' lang='lat' dir='ltr'><strong>litaniarum,</strong></span> <span class='ocrx_word' id='word_1_251' title='bbox 1473 3281 1564 3317; x_wconf 84' lang='lat' dir='ltr'><strong>seu</strong></span> <span class='ocrx_word' id='word_1_252' title='bbox 1610 3264 2018 3334; x_wconf 79' lang='lat' dir='ltr'><strong>processionum.</strong></span> 
     </span>
    </p>
   </div>
   <div class='ocr_carea' id='block_1_44' title="bbox 507 3377 2021 3448">
    <p class='ocr_par' dir='ltr' id='par_1_44' title="bbox 507 3377 2021 3448">
     <span class='ocr_line' id='line_1_44' title="bbox 507 3377 2021 3448; baseline 0.001 -16"><span class='ocrx_word' id='word_1_253' title='bbox 507 3378 680 3432; x_wconf 88' lang='lat' dir='ltr'><strong>Cibus</strong></span> <span class='ocrx_word' id='word_1_254' title='bbox 698 3387 879 3432; x_wconf 89' lang='lat' dir='ltr'><strong>vester</strong></span> <span class='ocrx_word' id='word_1_255' title='bbox 906 3378 960 3431; x_wconf 87' lang='lat' dir='ltr'><strong>in</strong></span> <span class='ocrx_word' id='word_1_256' title='bbox 990 3377 1186 3431; x_wconf 87' lang='lat' dir='ltr'><strong>diebus</strong></span> <span class='ocrx_word' id='word_1_257' title='bbox 1209 3379 1620 3446; x_wconf 86' lang='lat' dir='ltr'><strong>processionum</strong></span> <span class='ocrx_word' id='word_1_258' title='bbox 1644 3378 1708 3432; x_wconf 89' lang='lat' dir='ltr'><strong>ad</strong></span> <span class='ocrx_word' id='word_1_259' title='bbox 1730 3378 2021 3448; x_wconf 88' lang='lat' dir='ltr'><strong>prandium</strong></span> 
     </span>
    </p>
   </div>
   <div class='ocr_carea' id='block_1_45' title="bbox 437 3469 2019 3537">
    <p class='ocr_par' dir='ltr' id='par_1_45' title="bbox 437 3469 2019 3537">
     <span class='ocr_line' id='line_1_45' title="bbox 437 3469 2019 3537; baseline 0.003 -15"><span class='ocrx_word' id='word_1_260' title='bbox 437 3469 569 3531; x_wconf 87' lang='lat' dir='ltr'><strong>erit,</strong></span> <span class='ocrx_word' id='word_1_261' title='bbox 601 3469 761 3522; x_wconf 87' lang='lat' dir='ltr'><strong>tertia</strong></span> <span class='ocrx_word' id='word_1_262' title='bbox 789 3469 1011 3536; x_wconf 88' lang='lat' dir='ltr'><strong>quidem</strong></span> <span class='ocrx_word' id='word_1_263' title='bbox 1053 3477 1106 3521; x_wconf 85' lang='lat' dir='ltr'><strong>et</strong></span> <span class='ocrx_word' id='word_1_264' title='bbox 1136 3469 1325 3537; x_wconf 87' lang='lat' dir='ltr'><strong>quinta</strong></span> <span class='ocrx_word' id='word_1_265' title='bbox 1366 3469 1524 3534; x_wconf 86' lang='lat' dir='ltr'><strong>feria,</strong></span> <span class='ocrx_word' id='word_1_266' title='bbox 1557 3470 1796 3526; x_wconf 86' lang='lat' dir='ltr'><strong>Sabbato</strong></span> <span class='ocrx_word' id='word_1_267' title='bbox 1824 3482 1879 3525; x_wconf 88' lang='lat' dir='ltr'><strong>et</strong></span> <span class='ocrx_word' id='word_1_268' title='bbox 1911 3471 2019 3527; x_wconf 83' lang='lat' dir='ltr'><strong>Do-</strong></span> 
     </span>
    </p>
   </div>
   <div class='ocr_carea' id='block_1_46' title="bbox 441 3559 2018 3630">
    <p class='ocr_par' dir='ltr' id='par_1_46' title="bbox 441 3559 2018 3630">
     <span class='ocr_line' id='line_1_46' title="bbox 441 3559 2018 3630; baseline 0.004 -20"><span class='ocrx_word' id='word_1_269' title='bbox 441 3560 667 3623; x_wconf 89' lang='lat' dir='ltr'><strong>minica,</strong></span> <span class='ocrx_word' id='word_1_270' title='bbox 719 3561 828 3613; x_wconf 93' lang='lat' dir='ltr'><strong>duo</strong></span> <span class='ocrx_word' id='word_1_271' title='bbox 880 3559 1080 3614; x_wconf 81' lang='lat' dir='ltr'><strong>fercula</strong></span> <span class='ocrx_word' id='word_1_272' title='bbox 1126 3570 1222 3613; x_wconf 92' lang='lat' dir='ltr'><strong>aut</strong></span> <span class='ocrx_word' id='word_1_273' title='bbox 1270 3561 1393 3625; x_wconf 87' lang='lat' dir='ltr'><strong>tria,</strong></span> <span class='ocrx_word' id='word_1_274' title='bbox 1444 3562 1489 3615; x_wconf 88' lang='lat' dir='ltr'><strong>si</strong></span> <span class='ocrx_word' id='word_1_275' title='bbox 1531 3561 1797 3630; x_wconf 56' lang='lat' dir='ltr'><strong>prafecta:</strong></span> <span class='ocrx_word' id='word_1_276' title='bbox 1841 3563 2018 3618; x_wconf 87' lang='lat' dir='ltr'><strong>visum</strong></span> 
     </span>
    </p>
   </div>
   <div class='ocr_carea' id='block_1_47' title="bbox 438 3650 2021 3720">
    <p class='ocr_par' dir='ltr' id='par_1_47' title="bbox 438 3650 2021 3720">
     <span class='ocr_line' id='line_1_47' title="bbox 438 3650 2021 3720; baseline 0.003 -17"><span class='ocrx_word' id='word_1_277' title='bbox 438 3650 628 3716; x_wconf 90' lang='lat' dir='ltr'><strong>fuerit,</strong></span> <span class='ocrx_word' id='word_1_278' title='bbox 665 3667 731 3705; x_wconf 78' lang='lat' dir='ltr'><strong>ex</strong></span> <span class='ocrx_word' id='word_1_279' title='bbox 761 3653 1005 3720; x_wconf 88' lang='lat' dir='ltr'><strong>piscibus</strong></span> <span class='ocrx_word' id='word_1_280' title='bbox 1029 3663 1082 3707; x_wconf 85' lang='lat' dir='ltr'><strong>et</strong></span> <span class='ocrx_word' id='word_1_281' title='bbox 1109 3669 1288 3708; x_wconf 90' lang='lat' dir='ltr'><strong>caseo.</strong></span> <span class='ocrx_word' id='word_1_282' title='bbox 1325 3653 1574 3708; x_wconf 79' lang='lat' dir='ltr'><strong>Secunda</strong></span> <span class='ocrx_word' id='word_1_283' title='bbox 1607 3654 1762 3718; x_wconf 86' lang='lat' dir='ltr'><strong>feria,</strong></span> <span class='ocrx_word' id='word_1_284' title='bbox 1795 3655 1906 3709; x_wconf 89' lang='lat' dir='ltr'><strong>duo</strong></span> <span class='ocrx_word' id='word_1_285' title='bbox 1937 3656 2021 3710; x_wconf 89' lang='lat' dir='ltr'><strong>vel</strong></span> 
     </span>
    </p>
   </div>
   <div class='ocr_carea' id='block_1_48' title="bbox 439 3739 2021 3814">
    <p class='ocr_par' dir='ltr' id='par_1_48' title="bbox 439 3739 2021 3814">
     <span class='ocr_line' id='line_1_48' title="bbox 439 3739 2021 3814; baseline 0.003 -22"><span class='ocrx_word' id='word_1_286' title='bbox 439 3739 546 3793; x_wconf 82' lang='lat' dir='ltr'><strong>tria</strong></span> <span class='ocrx_word' id='word_1_287' title='bbox 580 3755 646 3794; x_wconf 79' lang='lat' dir='ltr'><strong>ex</strong></span> <span class='ocrx_word' id='word_1_288' title='bbox 671 3741 1040 3806; x_wconf 69' lang='lat' dir='ltr'><strong>leguminibus</strong></span> <span class='ocrx_word' id='word_1_289' title='bbox 1069 3743 1243 3796; x_wconf 90' lang='lat' dir='ltr'><strong>coctis</strong></span> <span class='ocrx_word' id='word_1_290' title='bbox 1272 3757 1394 3795; x_wconf 85' lang='lat' dir='ltr'><strong>cum</strong></span> <span class='ocrx_word' id='word_1_291' title='bbox 1423 3743 1565 3806; x_wconf 87' lang='lat' dir='ltr'><strong>oleo,</strong></span> <span class='ocrx_word' id='word_1_292' title='bbox 1600 3751 1656 3796; x_wconf 90' lang='lat' dir='ltr'><strong>et</strong></span> <span class='ocrx_word' id='word_1_293' title='bbox 1686 3757 1753 3796; x_wconf 84' lang='lat' dir='ltr'><strong>ex</strong></span> <span class='ocrx_word' id='word_1_294' title='bbox 1779 3743 2021 3814; x_wconf 82' lang='lat' dir='ltr'><strong>conchy-</strong></span> 
     </span>
    </p>
   </div>
   <div class='ocr_carea' id='block_1_49' title="bbox 439 3830 2020 3902">
    <p class='ocr_par' dir='ltr' id='par_1_49' title="bbox 439 3830 2020 3902">
     <span class='ocr_line' id='line_1_49' title="bbox 439 3830 2020 3902; baseline 0.004 -18"><span class='ocrx_word' id='word_1_295' title='bbox 439 3830 560 3895; x_wconf 88' lang='lat' dir='ltr'><strong>liis,</strong></span> <span class='ocrx_word' id='word_1_296' title='bbox 590 3832 632 3885; x_wconf 89' lang='lat' dir='ltr'><strong>si</strong></span> <span class='ocrx_word' id='word_1_297' title='bbox 657 3832 1026 3902; x_wconf 85' lang='lat' dir='ltr'><strong>reperiantur.</strong></span> <span class='ocrx_word' id='word_1_298' title='bbox 1057 3833 1289 3889; x_wconf 88' lang='lat' dir='ltr'><strong>Tetrade</strong></span> <span class='ocrx_word' id='word_1_299' title='bbox 1319 3849 1452 3886; x_wconf 91' lang='lat' dir='ltr'><strong>vero</strong></span> <span class='ocrx_word' id='word_1_300' title='bbox 1481 3843 1537 3887; x_wconf 90' lang='lat' dir='ltr'><strong>ct</strong></span> <span class='ocrx_word' id='word_1_301' title='bbox 1566 3831 1892 3898; x_wconf 83' lang='lat' dir='ltr'><strong>Parasceve,</strong></span> <span class='ocrx_word' id='word_1_302' title='bbox 1921 3849 2020 3889; x_wconf 89' lang='lat' dir='ltr'><strong>seu</strong></span> 
     </span>
    </p>
   </div>
   <div class='ocr_carea' id='block_1_50' title="bbox 441 3923 2022 3990">
    <p class='ocr_par' dir='ltr' id='par_1_50' title="bbox 441 3923 2022 3990">
     <span class='ocr_line' id='line_1_50' title="bbox 441 3923 2022 3990; baseline 0.002 -14"><span class='ocrx_word' id='word_1_303' title='bbox 441 3931 658 3990; x_wconf 89' lang='lat' dir='ltr'><strong>quarta,</strong></span> <span class='ocrx_word' id='word_1_304' title='bbox 693 3931 752 3977; x_wconf 89' lang='lat' dir='ltr'><strong>et</strong></span> <span class='ocrx_word' id='word_1_305' title='bbox 781 3933 932 3978; x_wconf 81' lang='lat' dir='ltr'><strong>sexta</strong></span> <span class='ocrx_word' id='word_1_306' title='bbox 966 3925 1126 3989; x_wconf 81' lang='lat' dir='ltr'><strong>feria,</strong></span> <span class='ocrx_word' id='word_1_307' title='bbox 1167 3924 1277 3978; x_wconf 92' lang='lat' dir='ltr'><strong>duo</strong></span> <span class='ocrx_word' id='word_1_308' title='bbox 1327 3923 1412 3976; x_wconf 85' lang='lat' dir='ltr'><strong>vel</strong></span> <span class='ocrx_word' id='word_1_309' title='bbox 1447 3923 1549 3978; x_wconf 86' lang='lat' dir='ltr'><strong>tria</strong></span> <span class='ocrx_word' id='word_1_310' title='bbox 1599 3924 1806 3978; x_wconf 88' lang='lat' dir='ltr'><strong>fercula</strong></span> <span class='ocrx_word' id='word_1_311' title='bbox 1834 3939 1903 3978; x_wconf 82' lang='lat' dir='ltr'><strong>ex</strong></span> <span class='ocrx_word' id='word_1_312' title='bbox 1940 3924 2022 3979; x_wconf 93' lang='lat' dir='ltr'><strong>le-</strong></span> 
     </span>
    </p>
   </div>
   <div class='ocr_carea' id='block_1_51' title="bbox 439 4015 2022 4082">
    <p class='ocr_par' dir='ltr' id='par_1_51' title="bbox 439 4015 2022 4082">
     <span class='ocr_line' id='line_1_51' title="bbox 439 4015 2022 4082; baseline 0.003 -16"><span class='ocrx_word' id='word_1_313' title='bbox 439 4015 756 4082; x_wconf 85' lang='lat' dir='ltr'><strong>guminibus</strong></span> <span class='ocrx_word' id='word_1_314' title='bbox 787 4017 928 4070; x_wconf 68' lang='lat' dir='ltr'><strong>co‘t‘</strong></span> <span class='ocrx_word' id='word_1_315' title='bbox 1005 4031 1129 4070; x_wconf 93' lang='lat' dir='ltr'><strong>cum</strong></span> <span class='ocrx_word' id='word_1_316' title='bbox 1166 4017 1309 4080; x_wconf 90' lang='lat' dir='ltr'><strong>oleo,</strong></span> <span class='ocrx_word' id='word_1_317' title='bbox 1363 4024 1422 4070; x_wconf 92' lang='lat' dir='ltr'><strong>et</strong></span> <span class='ocrx_word' id='word_1_318' title='bbox 1464 4032 1530 4070; x_wconf 78' lang='lat' dir='ltr'><strong>ex</strong></span> <span class='ocrx_word' id='word_1_319' title='bbox 1577 4016 1824 4070; x_wconf 88' lang='lat' dir='ltr'><strong>oleribus</strong></span> <span class='ocrx_word' id='word_1_320' title='bbox 1857 4015 2022 4070; x_wconf 87' lang='lat' dir='ltr'><strong>simili</strong></span> 
     </span>
    </p>
   </div>
   <div class='ocr_carea' id='block_1_52' title="bbox 443 4107 624 4161">
    <p class='ocr_par' dir='ltr' id='par_1_52' title="bbox 443 4107 624 4161">
     <span class='ocr_line' id='line_1_52' title="bbox 443 4107 624 4161; baseline 0.017 -3"><span class='ocrx_word' id='word_1_321' title='bbox 443 4107 624 4161; x_wconf 86' lang='lat' dir='ltr'><strong>modo.</strong></span> 
     </span>
    </p>
   </div>
   <div class='ocr_carea' id='block_1_53' title="bbox 513 4197 2024 4267">
    <p class='ocr_par' dir='ltr' id='par_1_53' title="bbox 513 4197 2024 4267">
     <span class='ocr_line' id='line_1_53' title="bbox 513 4197 2024 4267; baseline 0.001 -15"><span class='ocrx_word' id='word_1_322' title='bbox 513 4199 568 4252; x_wconf 87' lang='lat' dir='ltr'><strong>Si</strong></span> <span class='ocrx_word' id='word_1_323' title='bbox 595 4209 779 4253; x_wconf 90' lang='lat' dir='ltr'><strong>autem</strong></span> <span class='ocrx_word' id='word_1_324' title='bbox 810 4199 866 4251; x_wconf 90' lang='lat' dir='ltr'><strong>in</strong></span> <span class='ocrx_word' id='word_1_325' title='bbox 897 4198 1032 4267; x_wconf 89' lang='lat' dir='ltr'><strong>ipsis</strong></span> <span class='ocrx_word' id='word_1_326' title='bbox 1061 4199 1215 4253; x_wconf 88' lang='lat' dir='ltr'><strong>feriis</strong></span> <span class='ocrx_word' id='word_1_327' title='bbox 1248 4197 1513 4259; x_wconf 88' lang='lat' dir='ltr'><strong>secunda,</strong></span> <span class='ocrx_word' id='word_1_328' title='bbox 1552 4209 1746 4267; x_wconf 85' lang='lat' dir='ltr'><strong>quarta</strong></span> <span class='ocrx_word' id='word_1_329' title='bbox 1777 4207 1832 4253; x_wconf 89' lang='lat' dir='ltr'><strong>et</strong></span> <span class='ocrx_word' id='word_1_330' title='bbox 1863 4199 2024 4253; x_wconf 81' lang='lat' dir='ltr'><strong>Para-</strong></span> 
     </span>
    </p>
   </div>
   <div class='ocr_carea' id='block_1_54' title="bbox 442 4285 2024 4355">
    <p class='ocr_par' dir='ltr' id='par_1_54' title="bbox 442 4285 2024 4355">
     <span class='ocr_line' id='line_1_54' title="bbox 442 4285 2024 4355; baseline 0.001 -15"><span class='ocrx_word' id='word_1_331' title='bbox 442 4301 602 4341; x_wconf 89' lang='lat' dir='ltr'><strong>sceve</strong></span> <span class='ocrx_word' id='word_1_332' title='bbox 629 4303 658 4340; x_wconf 88' lang='lat' dir='ltr'><strong>a</strong></span> <span class='ocrx_word' id='word_1_333' title='bbox 684 4287 1014 4355; x_wconf 84' lang='lat' dir='ltr'><strong>quibusdam</strong></span> <span class='ocrx_word' id='word_1_334' title='bbox 1055 4285 1262 4341; x_wconf 83' lang='lat' dir='ltr'><strong>Christi</strong></span> <span class='ocrx_word' id='word_1_335' title='bbox 1303 4286 1614 4340; x_wconf 89' lang='lat' dir='ltr'><strong>amantibus</strong></span> <span class='ocrx_word' id='word_1_336' title='bbox 1644 4286 1738 4342; x_wconf 79' lang='lat' dir='ltr'><strong>fiat</strong></span> <span class='ocrx_word' id='word_1_337' title='bbox 1772 4289 2024 4342; x_wconf 86' lang='lat' dir='ltr'><strong>consola-</strong></span> 
     </span>
    </p>
   </div>
   <div class='ocr_carea' id='block_1_55' title="bbox 443 4377 2020 4448">
    <p class='ocr_par' dir='ltr' id='par_1_55' title="bbox 443 4377 2020 4448">
     <span class='ocr_line' id='line_1_55' title="bbox 443 4377 2020 4448; baseline 0.001 -17"><span class='ocrx_word' id='word_1_338' title='bbox 443 4377 542 4437; x_wconf 89' lang='lat' dir='ltr'><strong>tio,</strong></span> <span class='ocrx_word' id='word_1_339' title='bbox 583 4386 676 4429; x_wconf 83' lang='lat' dir='ltr'><strong>aut</strong></span> <span class='ocrx_word' id='word_1_340' title='bbox 709 4378 926 4431; x_wconf 90' lang='lat' dir='ltr'><strong>Domini</strong></span> <span class='ocrx_word' id='word_1_341' title='bbox 959 4377 1279 4432; x_wconf 89' lang='lat' dir='ltr'><strong>solemnitas</strong></span> <span class='ocrx_word' id='word_1_342' title='bbox 1307 4386 1583 4437; x_wconf 89' lang='lat' dir='ltr'><strong>occurrat.</strong></span> <span class='ocrx_word' id='word_1_343' title='bbox 1616 4379 1733 4433; x_wconf 85' lang='lat' dir='ltr'><strong>sive</strong></span> <span class='ocrx_word' id='word_1_344' title='bbox 1771 4379 2020 4448; x_wconf 58' lang='lat' dir='ltr'><strong>quadam</strong></span> 
     </span>
    </p>
   </div>
   <div class='ocr_carea' id='block_1_56' title="bbox 442 4454 2096 4539">
    <p class='ocr_par' dir='ltr' id='par_1_56' title="bbox 442 4454 2096 4539">
     <span class='ocr_line' id='line_1_56' title="bbox 442 4454 2096 4539; baseline 0.003 -20"><span class='ocrx_word' id='word_1_345' title='bbox 442 4466 736 4520; x_wconf 87' lang='lat' dir='ltr'><strong>duodecim</strong></span> <span class='ocrx_word' id='word_1_346' title='bbox 789 4476 1107 4522; x_wconf 90' lang='lat' dir='ltr'><strong>sanctorum</strong></span> <span class='ocrx_word' id='word_1_347' title='bbox 1159 4469 1557 4536; x_wconf 86' lang='lat' dir='ltr'><strong>apostolorum,</strong></span> <span class='ocrx_word' id='word_1_348' title='bbox 1591 4468 1674 4522; x_wconf 90' lang='lat' dir='ltr'><strong>vel</strong></span> <span class='ocrx_word' id='word_1_349' title='bbox 1721 4469 2016 4539; x_wconf 75' lang='lat' dir='ltr'><strong>insignium</strong></span> <span class='ocrx_word' id='word_1_350' title='bbox 2052 4454 2096 4508; x_wconf 76' lang='lat' dir='ltr'><strong>D</strong></span> 
     </span>
    </p>
   </div>
   <div class='ocr_carea' id='block_1_57' title="bbox 444 4562 2019 4632">
    <p class='ocr_par' dir='ltr' id='par_1_57' title="bbox 444 4562 2019 4632">
     <span class='ocr_line' id='line_1_57' title="bbox 444 4562 2019 4632; baseline 0.004 -20"><span class='ocrx_word' id='word_1_351' title='bbox 444 4571 769 4630; x_wconf 86' lang='lat' dir='ltr'><strong>martyrum,</strong></span> <span class='ocrx_word' id='word_1_352' title='bbox 799 4577 898 4616; x_wconf 84' lang='lat' dir='ltr'><strong>seu</strong></span> <span class='ocrx_word' id='word_1_353' title='bbox 925 4562 1278 4631; x_wconf 77' lang='lat' dir='ltr'><strong>pontificum;</strong></span> <span class='ocrx_word' id='word_1_354' title='bbox 1319 4569 1448 4616; x_wconf 89' lang='lat' dir='ltr'><strong>tunc</strong></span> <span class='ocrx_word' id='word_1_355' title='bbox 1484 4563 1661 4631; x_wconf 88' lang='lat' dir='ltr'><strong>pisces</strong></span> <span class='ocrx_word' id='word_1_356' title='bbox 1682 4578 1901 4632; x_wconf 85' lang='lat' dir='ltr'><strong>quoque</strong></span> <span class='ocrx_word' id='word_1_357' title='bbox 1921 4578 2019 4619; x_wconf 91' lang='lat' dir='ltr'><strong>co-</strong></span> 
     </span>
    </p>
   </div>
   <div class='ocr_carea' id='block_1_58' title="bbox 442 4655 2021 4726">
    <p class='ocr_par' dir='ltr' id='par_1_58' title="bbox 442 4655 2021 4726">
     <span class='ocr_line' id='line_1_58' title="bbox 442 4655 2021 4726; baseline 0.004 -19"><span class='ocrx_word' id='word_1_358' title='bbox 442 4655 698 4720; x_wconf 90' lang='lat' dir='ltr'><strong>medetis,</strong></span> <span class='ocrx_word' id='word_1_359' title='bbox 727 4657 832 4710; x_wconf 89' lang='lat' dir='ltr'><strong>hoc</strong></span> <span class='ocrx_word' id='word_1_360' title='bbox 857 4665 1084 4711; x_wconf 86' lang='lat' dir='ltr'><strong>curante</strong></span> <span class='ocrx_word' id='word_1_361' title='bbox 1115 4655 1403 4726; x_wconf 70' lang='lat' dir='ltr'><strong>praefecta;</strong></span> <span class='ocrx_word' id='word_1_362' title='bbox 1433 4656 1539 4712; x_wconf 88' lang='lat' dir='ltr'><strong>nisi</strong></span> <span class='ocrx_word' id='word_1_363' title='bbox 1569 4657 1820 4726; x_wconf 74' lang='lat' dir='ltr'><strong>quaedam</strong></span> <span class='ocrx_word' id='word_1_364' title='bbox 1873 4672 2021 4713; x_wconf 86' lang='lat' dir='ltr'><strong>acce-</strong></span> 
     </span>
    </p>
   </div>
   <div class='ocr_carea' id='block_1_59' title="bbox 444 4748 1487 4806">
    <p class='ocr_par' dir='ltr' id='par_1_59' title="bbox 444 4748 1487 4806">
     <span class='ocr_line' id='line_1_59' title="bbox 444 4748 1487 4806; baseline 0.001 -4"><span class='ocrx_word' id='word_1_365' title='bbox 444 4748 539 4803; x_wconf 92' lang='lat' dir='ltr'><strong>dat</strong></span> <span class='ocrx_word' id='word_1_366' title='bbox 571 4751 641 4803; x_wconf 91' lang='lat' dir='ltr'><strong>ab</strong></span> <span class='ocrx_word' id='word_1_367' title='bbox 671 4751 794 4804; x_wconf 91' lang='lat' dir='ltr'><strong>aliis</strong></span> <span class='ocrx_word' id='word_1_368' title='bbox 823 4750 1147 4806; x_wconf 88' lang='lat' dir='ltr'><strong>consolatio.</strong></span> <span class='ocrx_word' id='word_1_369' title='bbox 1485 4771 1487 4773; x_wconf 59' lang='grc' dir='ltr'><strong>ί</strong></span> 
     </span>
    </p>
   </div>
   <div class='ocr_carea' id='block_1_60' title="bbox 518 4841 2030 4907">
    <p class='ocr_par' dir='ltr' id='par_1_60' title="bbox 518 4841 2030 4907">
     <span class='ocr_line' id='line_1_60' title="bbox 518 4841 2030 4907; baseline 0.003 -15"><span class='ocrx_word' id='word_1_370' title='bbox 518 4841 684 4894; x_wconf 87' lang='lat' dir='ltr'><strong>Potus</strong></span> <span class='ocrx_word' id='word_1_371' title='bbox 704 4857 836 4896; x_wconf 90' lang='lat' dir='ltr'><strong>vero</strong></span> <span class='ocrx_word' id='word_1_372' title='bbox 863 4852 1047 4897; x_wconf 89' lang='lat' dir='ltr'><strong>vester</strong></span> <span class='ocrx_word' id='word_1_373' title='bbox 1077 4843 1133 4896; x_wconf 92' lang='lat' dir='ltr'><strong>in</strong></span> <span class='ocrx_word' id='word_1_374' title='bbox 1171 4843 1430 4898; x_wconf 89' lang='lat' dir='ltr'><strong>omnibus</strong></span> <span class='ocrx_word' id='word_1_375' title='bbox 1458 4841 1775 4896; x_wconf 86' lang='lat' dir='ltr'><strong>litaniarum</strong></span> <span class='ocrx_word' id='word_1_376' title='bbox 1810 4841 2030 4907; x_wconf 84' lang='lat' dir='ltr'><strong>diebus,</strong></span> 
     </span>
    </p>
   </div>
   <div class='ocr_carea' id='block_1_61' title="bbox 443 4931 2026 5004">
    <p class='ocr_par' dir='ltr' id='par_1_61' title="bbox 443 4931 2026 5004">
     <span class='ocr_line' id='line_1_61' title="bbox 443 4931 2026 5004; baseline 0.001 -20"><span class='ocrx_word' id='word_1_377' title='bbox 443 4931 553 4984; x_wconf 90' lang='lat' dir='ltr'><strong>erit</strong></span> <span class='ocrx_word' id='word_1_378' title='bbox 591 4947 716 4986; x_wconf 90' lang='lat' dir='ltr'><strong>eum</strong></span> <span class='ocrx_word' id='word_1_379' title='bbox 750 4934 956 5003; x_wconf 87' lang='lat' dir='ltr'><strong>majore</strong></span> <span class='ocrx_word' id='word_1_380' title='bbox 995 4933 1230 5004; x_wconf 80' lang='lat' dir='ltr'><strong>bexagio</strong></span> <span class='ocrx_word' id='word_1_381' title='bbox 1263 4951 1279 4987; x_wconf 91' lang='lat'><strong>:</strong></span> <span class='ocrx_word' id='word_1_382' title='bbox 1315 4943 1372 4989; x_wconf 89' lang='lat' dir='ltr'><strong>at</strong></span> <span class='ocrx_word' id='word_1_383' title='bbox 1416 4933 1512 4988; x_wconf 89' lang='lat' dir='ltr'><strong>ubi</strong></span> <span class='ocrx_word' id='word_1_384' title='bbox 1544 4932 1816 5002; x_wconf 62' lang='lat' dir='ltr'><strong>praefecte</strong></span> <span class='ocrx_word' id='word_1_385' title='bbox 1847 4933 2026 4988; x_wconf 89' lang='lat' dir='ltr'><strong>visum</strong></span> 
     </span>
    </p>
   </div>
   <div class='ocr_carea' id='block_1_62' title="bbox 445 5021 2026 5094">
    <p class='ocr_par' dir='ltr' id='par_1_62' title="bbox 445 5021 2026 5094">
     <span class='ocr_line' id='line_1_62' title="bbox 445 5021 2026 5094; baseline 0.003 -23"><span class='ocrx_word' id='word_1_386' title='bbox 445 5021 631 5086; x_wconf 89' lang='lat' dir='ltr'><strong>fuerit,</strong></span> <span class='ocrx_word' id='word_1_387' title='bbox 669 5025 963 5092; x_wconf 85' lang='lat' dir='ltr'><strong>augebitur</strong></span> <span class='ocrx_word' id='word_1_388' title='bbox 988 5032 1255 5094; x_wconf 88' lang='lat' dir='ltr'><strong>quantum</strong></span> <span class='ocrx_word' id='word_1_389' title='bbox 1286 5024 1389 5094; x_wconf 85' lang='lat' dir='ltr'><strong>ipsi</strong></span> <span class='ocrx_word' id='word_1_390' title='bbox 1419 5023 1668 5078; x_wconf 88' lang='lat' dir='ltr'><strong>libuerit.</strong></span> <span class='ocrx_word' id='word_1_391' title='bbox 1693 5021 1774 5076; x_wconf 81' lang='lat' dir='ltr'><strong>Ad</strong></span> <span class='ocrx_word' id='word_1_392' title='bbox 1813 5037 2026 5077; x_wconf 74' lang='lat' dir='ltr'><strong>cmnam</strong></span> 
     </span>
    </p>
   </div>
   <div class='ocr_carea' id='block_1_63' title="bbox 445 5113 2027 5184">
    <p class='ocr_par' dir='ltr' id='par_1_63' title="bbox 445 5113 2027 5184">
     <span class='ocr_line' id='line_1_63' title="bbox 445 5113 2027 5184; baseline 0.001 -20"><span class='ocrx_word' id='word_1_393' title='bbox 445 5119 630 5164; x_wconf 90' lang='lat' dir='ltr'><strong>autem</strong></span> <span class='ocrx_word' id='word_1_394' title='bbox 652 5115 973 5168; x_wconf 87' lang='lat' dir='ltr'><strong>eorumdem</strong></span> <span class='ocrx_word' id='word_1_395' title='bbox 992 5116 1207 5170; x_wconf 91' lang='lat' dir='ltr'><strong>dierum</strong></span> <span class='ocrx_word' id='word_1_396' title='bbox 1225 5123 1535 5184; x_wconf 88' lang='lat' dir='ltr'><strong>apponetur</strong></span> <span class='ocrx_word' id='word_1_397' title='bbox 1550 5113 1706 5168; x_wconf 82' lang='lat' dir='ltr'><strong>vobis</strong></span> <span class='ocrx_word' id='word_1_398' title='bbox 1727 5115 1884 5183; x_wconf 89' lang='lat' dir='ltr'><strong>panis</strong></span> <span class='ocrx_word' id='word_1_399' title='bbox 1901 5129 2027 5168; x_wconf 89' lang='lat' dir='ltr'><strong>cum</strong></span> 
     </span>
    </p>
   </div>
   <div class='ocr_carea' id='block_1_64' title="bbox 444 5203 2025 5274">
    <p class='ocr_par' dir='ltr' id='par_1_64' title="bbox 444 5203 2025 5274">
     <span class='ocr_line' id='line_1_64' title="bbox 444 5203 2025 5274; baseline 0.003 -20"><span class='ocrx_word' id='word_1_400' title='bbox 444 5203 690 5258; x_wconf 89' lang='lat' dir='ltr'><strong>oleribus</strong></span> <span class='ocrx_word' id='word_1_401' title='bbox 713 5205 1016 5259; x_wconf 89' lang='lat' dir='ltr'><strong>secundum</strong></span> <span class='ocrx_word' id='word_1_402' title='bbox 1053 5212 1460 5274; x_wconf 86' lang='lat' dir='ltr'><strong>tempestatem,</strong></span> <span class='ocrx_word' id='word_1_403' title='bbox 1488 5213 1544 5259; x_wconf 92' lang='lat' dir='ltr'><strong>et</strong></span> <span class='ocrx_word' id='word_1_404' title='bbox 1577 5204 1780 5258; x_wconf 89' lang='lat' dir='ltr'><strong>modici</strong></span> <span class='ocrx_word' id='word_1_405' title='bbox 1811 5203 2025 5258; x_wconf 85' lang='lat' dir='ltr'><strong>fructus</strong></span> 
     </span>
    </p>
   </div>
   <div class='ocr_carea' id='block_1_65' title="bbox 2113 1548 3685 1621">
    <p class='ocr_par' dir='ltr' id='par_1_65' title="bbox 2113 1548 3685 1621">
     <span class='ocr_line' id='line_1_65' title="bbox 2113 1548 3685 1621; baseline 0.004 -21"><span class='ocrx_word' id='word_1_406' title='bbox 2113 1548 2466 1618; x_wconf 78' lang='grc' dir='ltr'>μελεστέρας.</span> <span class='ocrx_word' id='word_1_407' title='bbox 2515 1551 2763 1621; x_wconf 78' lang='grc' dir='ltr'>Φροντιεί</span> <span class='ocrx_word' id='word_1_408' title='bbox 2811 1550 2935 1620; x_wconf 82' lang='grc' dir='ltr'><strong>δὲὴ</strong></span> <span class='ocrx_word' id='word_1_409' title='bbox 2990 1550 3382 1621; x_wconf 75' lang='grc' dir='ltr'>καθηγουμένη</span> <span class='ocrx_word' id='word_1_410' title='bbox 3431 1551 3528 1605; x_wconf 81' lang='grc' dir='ltr'>καὶ</span> <span class='ocrx_word' id='word_1_411' title='bbox 3574 1551 3685 1606; x_wconf 82' lang='grc' dir='ltr'><strong>τῶν</strong></span> 
     </span>
    </p>
   </div>
   <div class='ocr_carea' id='block_1_66' title="bbox 2111 1641 3687 1712">
    <p class='ocr_par' dir='ltr' id='par_1_66' title="bbox 2111 1641 3687 1712">
     <span class='ocr_line' id='line_1_66' title="bbox 2111 1641 3687 1712; baseline 0 -17"><span class='ocrx_word' id='word_1_412' title='bbox 2111 1641 2383 1695; x_wconf 83' lang='grc' dir='ltr'>νοσουσῶν</span> <span class='ocrx_word' id='word_1_413' title='bbox 2433 1641 2879 1712; x_wconf 66' lang='grc' dir='ltr'>ἐπιμελέστερον,</span> <span class='ocrx_word' id='word_1_414' title='bbox 2921 1641 2998 1704; x_wconf 80' lang='grc' dir='ltr'>ὼς</span> <span class='ocrx_word' id='word_1_415' title='bbox 3050 1642 3268 1695; x_wconf 77' lang='grc' dir='ltr'>οἰκείων</span> <span class='ocrx_word' id='word_1_416' title='bbox 3315 1642 3529 1712; x_wconf 78' lang='grc' dir='ltr'>μελῶνο</span> <span class='ocrx_word' id='word_1_417' title='bbox 3591 1642 3687 1696; x_wconf 86' lang='grc' dir='ltr'>καὶ</span> 
     </span>
    </p>
   </div>
   <div class='ocr_carea' id='block_1_67' title="bbox 2113 1733 3686 1806">
    <p class='ocr_par' dir='ltr' id='par_1_67' title="bbox 2113 1733 3686 1806">
     <span class='ocr_line' id='line_1_67' title="bbox 2113 1733 3686 1806; baseline 0.001 -21"><span class='ocrx_word' id='word_1_418' title='bbox 2113 1733 2342 1804; x_wconf 79' lang='grc' dir='ltr'>παρέξει</span> <span class='ocrx_word' id='word_1_419' title='bbox 2395 1733 2624 1796; x_wconf 84' lang='grc' dir='ltr'>ταύταις</span> <span class='ocrx_word' id='word_1_420' title='bbox 2674 1735 2744 1788; x_wconf 82' lang='grc' dir='ltr'>τὰ</span> <span class='ocrx_word' id='word_1_421' title='bbox 2791 1733 3105 1803; x_wconf 80' lang='grc' dir='ltr'>κατάλληλα</span> <span class='ocrx_word' id='word_1_422' title='bbox 3161 1735 3299 1804; x_wconf 78' lang='grc' dir='ltr'>πρὸς</span> <span class='ocrx_word' id='word_1_423' title='bbox 3347 1735 3686 1806; x_wconf 77' lang='grc' dir='ltr'>διατροφὴν,</span> 
     </span>
    </p>
   </div>
   <div class='ocr_carea' id='block_1_68' title="bbox 2113 1826 3686 1900">
    <p class='ocr_par' dir='ltr' id='par_1_68' title="bbox 2113 1826 3686 1900">
     <span class='ocr_line' id='line_1_68' title="bbox 2113 1826 3686 1900; baseline 0.001 -20"><span class='ocrx_word' id='word_1_424' title='bbox 2113 1827 2372 1895; x_wconf 73' lang='grc' dir='ltr'>πρόνοιάν</span> <span class='ocrx_word' id='word_1_425' title='bbox 2412 1843 2474 1879; x_wconf 86' lang='grc' dir='ltr'><strong>τε</strong></span> <span class='ocrx_word' id='word_1_426' title='bbox 2521 1829 2809 1898; x_wconf 77' lang='grc' dir='ltr'>ποιήσεται</span> <span class='ocrx_word' id='word_1_427' title='bbox 2858 1829 2951 1882; x_wconf 81' lang='grc' dir='ltr'>καὶ</span> <span class='ocrx_word' id='word_1_428' title='bbox 2985 1828 3084 1900; x_wconf 80' lang='grc' dir='ltr'>τῆς</span> <span class='ocrx_word' id='word_1_429' title='bbox 3122 1826 3288 1899; x_wconf 82' lang='grc' dir='ltr'>άλλῃς</span> <span class='ocrx_word' id='word_1_430' title='bbox 3322 1828 3503 1882; x_wconf 75' lang='grc' dir='ltr'>αὐτῶν</span> <span class='ocrx_word' id='word_1_431' title='bbox 3550 1829 3686 1882; x_wconf 81' lang='grc' dir='ltr'>άναο</span> 
     </span>
    </p>
   </div>
   <div class='ocr_carea' id='block_1_69' title="bbox 2111 1918 2387 1982">
    <p class='ocr_par' dir='ltr' id='par_1_69' title="bbox 2111 1918 2387 1982">
     <span class='ocr_line' id='line_1_69' title="bbox 2111 1918 2387 1982; baseline 0 -12"><span class='ocrx_word' id='word_1_432' title='bbox 2111 1918 2387 1982; x_wconf 83' lang='grc' dir='ltr'>παύσεως.</span> 
     </span>
    </p>
   </div>
   <div class='ocr_carea' id='block_1_70' title="bbox 2683 2033 3103 2086">
    <p class='ocr_par' dir='ltr' id='par_1_70' title="bbox 2683 2033 3103 2086">
     <span class='ocr_line' id='line_1_70' title="bbox 2683 2033 3103 2086; baseline 0.002 -1"><span class='ocrx_word' id='word_1_433' title='bbox 2683 2033 2938 2086; x_wconf 79' lang='grc' dir='ltr'><strong>ΚΕΦΛΛ.</strong></span> <span class='ocrx_word' id='word_1_434' title='bbox 2968 2033 3103 2086; x_wconf 83' lang='lat' dir='ltr'><strong>ME&#39;.</strong></span> 
     </span>
    </p>
   </div>
   <div class='ocr_carea' id='block_1_71' title="bbox 2217 2122 3578 2192">
    <p class='ocr_par' dir='ltr' id='par_1_71' title="bbox 2217 2122 3578 2192">
     <span class='ocr_line' id='line_1_71' title="bbox 2217 2122 3578 2192; baseline 0.003 -17"><span class='ocrx_word' id='word_1_435' title='bbox 2217 2123 2358 2191; x_wconf 76' lang='grc' dir='ltr'>Περὶ</span> <span class='ocrx_word' id='word_1_436' title='bbox 2386 2122 2490 2178; x_wconf 89' lang='grc' dir='ltr'>τοῦ</span> <span class='ocrx_word' id='word_1_437' title='bbox 2518 2124 2620 2178; x_wconf 72' lang='grc' dir='ltr'>καὶ</span> <span class='ocrx_word' id='word_1_438' title='bbox 2659 2123 2948 2192; x_wconf 80' lang='grc' dir='ltr'>δευτέραν</span> <span class='ocrx_word' id='word_1_439' title='bbox 2974 2125 3245 2192; x_wconf 83' lang='grc' dir='ltr'>τίνεσθαι</span> <span class='ocrx_word' id='word_1_440' title='bbox 3279 2123 3578 2179; x_wconf 76' lang='grc' dir='ltr'>ἑστίασιν.</span> 
     </span>
    </p>
   </div>
   <div class='ocr_carea' id='block_1_72' title="bbox 2184 2237 3692 2309">
    <p class='ocr_par' dir='ltr' id='par_1_72' title="bbox 2184 2237 3692 2309">
     <span class='ocr_line' id='line_1_72' title="bbox 2184 2237 3692 2309; baseline 0 -19"><span class='ocrx_word' id='word_1_441' title='bbox 2184 2237 2377 2296; x_wconf 89' lang='grc' dir='ltr'>Τοίνυν</span> <span class='ocrx_word' id='word_1_442' title='bbox 2411 2239 2550 2307; x_wconf 81' lang='grc' dir='ltr'>μετὰ</span> <span class='ocrx_word' id='word_1_443' title='bbox 2579 2239 2641 2292; x_wconf 76' lang='grc' dir='ltr'>τὸ</span> <span class='ocrx_word' id='word_1_444' title='bbox 2680 2239 2780 2302; x_wconf 82' lang='grc' dir='ltr'><strong>τάς</strong></span> <span class='ocrx_word' id='word_1_445' title='bbox 2821 2239 3062 2309; x_wconf 84' lang='grc' dir='ltr'>μοναχάς</span> <span class='ocrx_word' id='word_1_446' title='bbox 3105 2238 3406 2308; x_wconf 80' lang='grc' dir='ltr'>ἀναστῆναι</span> <span class='ocrx_word' id='word_1_447' title='bbox 3432 2239 3532 2309; x_wconf 86' lang='grc' dir='ltr'>τῆς</span> <span class='ocrx_word' id='word_1_448' title='bbox 3558 2254 3692 2308; x_wconf 86' lang='grc' dir='ltr'>τρα-</span> 
     </span>
    </p>
   </div>
   <div class='ocr_carea' id='block_1_73' title="bbox 2113 2326 3692 2400">
    <p class='ocr_par' dir='ltr' id='par_1_73' title="bbox 2113 2326 3692 2400">
     <span class='ocr_line' id='line_1_73' title="bbox 2113 2326 3692 2400; baseline 0.003 -22"><span class='ocrx_word' id='word_1_449' title='bbox 2113 2326 2307 2396; x_wconf 87' lang='grc' dir='ltr'>πέζης,</span> <span class='ocrx_word' id='word_1_450' title='bbox 2338 2328 2581 2392; x_wconf 76' lang='grc' dir='ltr'>ἑστίασις</span> <span class='ocrx_word' id='word_1_451' title='bbox 2617 2329 2846 2398; x_wconf 86' lang='grc' dir='ltr'>δευτέρα</span> <span class='ocrx_word' id='word_1_452' title='bbox 2879 2330 3114 2398; x_wconf 81' lang='grc' dir='ltr'>γινέσθω</span> <span class='ocrx_word' id='word_1_453' title='bbox 3152 2329 3334 2399; x_wconf 78' lang='grc' dir='ltr'>ἄρτων</span> <span class='ocrx_word' id='word_1_454' title='bbox 3371 2347 3428 2382; x_wconf 87' lang='grc' dir='ltr'><strong>τε</strong></span> <span class='ocrx_word' id='word_1_455' title='bbox 3458 2347 3692 2400; x_wconf 83' lang='grc' dir='ltr'>παρατι-</span> 
     </span>
    </p>
   </div>
   <div class='ocr_carea' id='block_1_74' title="bbox 2115 2417 3693 2491">
    <p class='ocr_par' dir='ltr' id='par_1_74' title="bbox 2115 2417 3693 2491">
     <span class='ocr_line' id='line_1_74' title="bbox 2115 2417 3693 2491; baseline 0 -19"><span class='ocrx_word' id='word_1_456' title='bbox 2115 2417 2355 2489; x_wconf 84' lang='grc' dir='ltr'>θεμένων</span> <span class='ocrx_word' id='word_1_457' title='bbox 2384 2421 2480 2474; x_wconf 75' lang='grc' dir='ltr'>καὶ</span> <span class='ocrx_word' id='word_1_458' title='bbox 2521 2421 2850 2491; x_wconf 75' lang='grc' dir='ltr'>βρωμάτων,</span> <span class='ocrx_word' id='word_1_459' title='bbox 2889 2422 2990 2474; x_wconf 85' lang='grc' dir='ltr'>ὅσα</span> <span class='ocrx_word' id='word_1_460' title='bbox 3020 2423 3079 2474; x_wconf 87' lang='lat' dir='ltr'><strong>tv</strong></span> <span class='ocrx_word' id='word_1_461' title='bbox 3112 2424 3181 2491; x_wconf 77' lang='grc' dir='ltr'>τῇ</span> <span class='ocrx_word' id='word_1_462' title='bbox 3216 2421 3407 2491; x_wconf 85' lang='grc' dir='ltr'>πρώτῃ</span> <span class='ocrx_word' id='word_1_463' title='bbox 3447 2420 3693 2490; x_wconf 76' lang='grc' dir='ltr'>παρατέ-ο</span> 
     </span>
    </p>
   </div>
   <div class='ocr_carea' id='block_1_75' title="bbox 2115 2511 3690 2584">
    <p class='ocr_par' dir='ltr' id='par_1_75' title="bbox 2115 2511 3690 2584">
     <span class='ocr_line' id='line_1_75' title="bbox 2115 2511 3690 2584; baseline 0.001 -20"><span class='ocrx_word' id='word_1_464' title='bbox 2115 2511 2290 2566; x_wconf 87' lang='grc' dir='ltr'>θειται</span> <span class='ocrx_word' id='word_1_465' title='bbox 2319 2514 2592 2584; x_wconf 79' lang='grc' dir='ltr'>τραπέζῃ.</span> <span class='ocrx_word' id='word_1_466' title='bbox 2623 2516 2735 2568; x_wconf 80' lang='grc' dir='ltr'><strong>Καὶ</strong></span> <span class='ocrx_word' id='word_1_467' title='bbox 2769 2513 3142 2567; x_wconf 86' lang='grc' dir='ltr'>έστιάσθωσαν</span> <span class='ocrx_word' id='word_1_468' title='bbox 3178 2515 3233 2566; x_wconf 75' lang='grc' dir='ltr'>αἱ</span> <span class='ocrx_word' id='word_1_469' title='bbox 3271 2514 3690 2582; x_wconf 85' lang='grc' dir='ltr'>διακονήσασαι.</span> 
     </span>
    </p>
   </div>
   <div class='ocr_carea' id='block_1_76' title="bbox 2114 2603 3692 2677">
    <p class='ocr_par' dir='ltr' id='par_1_76' title="bbox 2114 2603 3692 2677">
     <span class='ocr_line' id='line_1_76' title="bbox 2114 2603 3692 2677; baseline 0.001 -21"><span class='ocrx_word' id='word_1_470' title='bbox 2114 2603 2206 2673; x_wconf 81' lang='grc' dir='ltr'><strong>Μὴ</strong></span> <span class='ocrx_word' id='word_1_471' title='bbox 2260 2605 2462 2668; x_wconf 78' lang='grc' dir='ltr'>ἐξέστω</span> <span class='ocrx_word' id='word_1_472' title='bbox 2513 2605 2590 2669; x_wconf 87' lang='grc' dir='ltr'>δὲ,</span> <span class='ocrx_word' id='word_1_473' title='bbox 2647 2606 2785 2676; x_wconf 81' lang='grc' dir='ltr'>ὅπερ</span> <span class='ocrx_word' id='word_1_474' title='bbox 2842 2605 2937 2658; x_wconf 81' lang='grc' dir='ltr'><strong>καὶ</strong></span> <span class='ocrx_word' id='word_1_475' title='bbox 2991 2607 3048 2657; x_wconf 91' lang='lat' dir='ltr'><strong>tv</strong></span> <span class='ocrx_word' id='word_1_476' title='bbox 3093 2609 3158 2676; x_wconf 84' lang='grc' dir='ltr'>τῇ</span> <span class='ocrx_word' id='word_1_477' title='bbox 3214 2603 3409 2677; x_wconf 86' lang='grc' dir='ltr'>πρώτῃ</span> <span class='ocrx_word' id='word_1_478' title='bbox 3450 2604 3692 2658; x_wconf 73' lang='grc' dir='ltr'>ἑστιάσει</span> 
     </span>
    </p>
   </div>
   <div class='ocr_carea' id='block_1_77' title="bbox 2115 2695 3686 2767">
    <p class='ocr_par' dir='ltr' id='par_1_77' title="bbox 2115 2695 3686 2767">
     <span class='ocr_line' id='line_1_77' title="bbox 2115 2695 3686 2767; baseline 0.001 -20"><span class='ocrx_word' id='word_1_479' title='bbox 2115 2696 2434 2766; x_wconf 82' lang='grc' dir='ltr'>τυπωθῆναι</span> <span class='ocrx_word' id='word_1_480' title='bbox 2491 2695 2765 2760; x_wconf 82' lang='grc' dir='ltr'>διέλαθεν,</span> <span class='ocrx_word' id='word_1_481' title='bbox 2836 2696 3172 2767; x_wconf 82' lang='grc' dir='ltr'>άνισταμένῃ</span> <span class='ocrx_word' id='word_1_482' title='bbox 3232 2696 3329 2765; x_wconf 78' lang='grc' dir='ltr'>τῆς</span> <span class='ocrx_word' id='word_1_483' title='bbox 3379 2696 3686 2766; x_wconf 82' lang='grc' dir='ltr'>τραπέζης,</span> 
     </span>
    </p>
   </div>
   <div class='ocr_carea' id='block_1_78' title="bbox 2117 2787 3693 2858">
    <p class='ocr_par' dir='ltr' id='par_1_78' title="bbox 2117 2787 3693 2858">
     <span class='ocr_line' id='line_1_78' title="bbox 2117 2787 3693 2858; baseline -0.001 -19"><span class='ocrx_word' id='word_1_484' title='bbox 2117 2788 2290 2858; x_wconf 85' lang='grc' dir='ltr'>αίρειν</span> <span class='ocrx_word' id='word_1_485' title='bbox 2325 2804 2378 2840; x_wconf 93' lang='grc' dir='ltr'><strong>τι</strong></span> <span class='ocrx_word' id='word_1_486' title='bbox 2429 2787 2548 2857; x_wconf 82' lang='grc' dir='ltr'>μεθ’</span> <span class='ocrx_word' id='word_1_487' title='bbox 2589 2788 2789 2858; x_wconf 77' lang='grc' dir='ltr'>ἑαυτῆς</span> <span class='ocrx_word' id='word_1_488' title='bbox 2818 2788 2884 2840; x_wconf 77' lang='grc' dir='ltr'>ἐκ</span> <span class='ocrx_word' id='word_1_489' title='bbox 2927 2789 3036 2840; x_wconf 84' lang='grc' dir='ltr'><strong>τῶν</strong></span> <span class='ocrx_word' id='word_1_490' title='bbox 3068 2788 3514 2858; x_wconf 79' lang='grc' dir='ltr'>παρακειμένων,</span> <span class='ocrx_word' id='word_1_491' title='bbox 3553 2787 3693 2857; x_wconf 86' lang='grc' dir='ltr'>μήτε</span> 
     </span>
    </p>
   </div>
   <div class='ocr_carea' id='block_1_79' title="bbox 2117 2878 3694 2950">
    <p class='ocr_par' dir='ltr' id='par_1_79' title="bbox 2117 2878 3694 2950">
     <span class='ocr_line' id='line_1_79' title="bbox 2117 2878 3694 2950; baseline -0.002 -19"><span class='ocrx_word' id='word_1_492' title='bbox 2117 2879 2306 2949; x_wconf 77' lang='grc' dir='ltr'>ἄρτον,</span> <span class='ocrx_word' id='word_1_493' title='bbox 2347 2879 2475 2949; x_wconf 83' lang='grc' dir='ltr'>μήθ’</span> <span class='ocrx_word' id='word_1_494' title='bbox 2508 2880 2694 2950; x_wconf 81' lang='grc' dir='ltr'>ἕτερόν</span> <span class='ocrx_word' id='word_1_495' title='bbox 2722 2897 2774 2933; x_wconf 85' lang='grc' dir='ltr'><strong>τι</strong></span> <span class='ocrx_word' id='word_1_496' title='bbox 2795 2896 2810 2910; x_wconf 75' lang='grc' dir='ltr'><strong>ο</strong></span> <span class='ocrx_word' id='word_1_497' title='bbox 2853 2879 2992 2932; x_wconf 77' lang='grc' dir='ltr'>ἀλλὰ</span> <span class='ocrx_word' id='word_1_498' title='bbox 3024 2880 3158 2950; x_wconf 82' lang='grc' dir='ltr'>μηδὲ</span> <span class='ocrx_word' id='word_1_499' title='bbox 3189 2878 3295 2932; x_wconf 85' lang='grc' dir='ltr'><strong>τῶν</strong></span> <span class='ocrx_word' id='word_1_500' title='bbox 3329 2878 3580 2948; x_wconf 86' lang='grc' dir='ltr'>μοναχῶν</span> <span class='ocrx_word' id='word_1_501' title='bbox 3608 2894 3694 2939; x_wconf 83' lang='grc' dir='ltr'><strong>τις</strong></span> 
     </span>
    </p>
   </div>
   <div class='ocr_carea' id='block_1_80' title="bbox 2117 2968 3691 3042">
    <p class='ocr_par' dir='ltr' id='par_1_80' title="bbox 2117 2968 3691 3042">
     <span class='ocr_line' id='line_1_80' title="bbox 2117 2968 3691 3042; baseline -0.003 -17"><span class='ocrx_word' id='word_1_502' title='bbox 2117 2971 2338 3025; x_wconf 81' lang='grc' dir='ltr'>αἰτείτω</span> <span class='ocrx_word' id='word_1_503' title='bbox 2363 2971 2482 3040; x_wconf 83' lang='grc' dir='ltr'>μεθ’</span> <span class='ocrx_word' id='word_1_504' title='bbox 2508 2971 2711 3038; x_wconf 78' lang='grc' dir='ltr'>ἑαυτῆς</span> <span class='ocrx_word' id='word_1_505' title='bbox 2734 2971 2992 3042; x_wconf 76' lang='grc' dir='ltr'>λαϐεῖν,ἢ</span> <span class='ocrx_word' id='word_1_506' title='bbox 3019 2970 3364 3041; x_wconf 84' lang='grc' dir='ltr'>μαγειρείαν,</span> <span class='ocrx_word' id='word_1_507' title='bbox 3387 2968 3420 3041; x_wconf 81' lang='grc' dir='ltr'><strong>ἦ</strong></span> <span class='ocrx_word' id='word_1_508' title='bbox 3443 2969 3691 3039; x_wconf 74' lang='grc' dir='ltr'>ὄσπριον,</span> 
     </span>
    </p>
   </div>
   <div class='ocr_carea' id='block_1_81' title="bbox 2120 3063 3404 3137">
    <p class='ocr_par' dir='ltr' id='par_1_81' title="bbox 2120 3063 3404 3137">
     <span class='ocr_line' id='line_1_81' title="bbox 2120 3063 3404 3137; baseline -0.005 -17"><span class='ocrx_word' id='word_1_509' title='bbox 2120 3065 2155 3137; x_wconf 80' lang='grc' dir='ltr'>ἢ</span> <span class='ocrx_word' id='word_1_510' title='bbox 2195 3065 2322 3120; x_wconf 74' lang='grc' dir='ltr'>ἄλλο</span> <span class='ocrx_word' id='word_1_511' title='bbox 2350 3083 2422 3129; x_wconf 90' lang='grc' dir='ltr'><strong>τι,</strong></span> <span class='ocrx_word' id='word_1_512' title='bbox 2452 3064 2587 3118; x_wconf 66' lang='grc' dir='ltr'>ἀλλὰ</span> <span class='ocrx_word' id='word_1_513' title='bbox 2621 3067 2772 3134; x_wconf 86' lang='grc' dir='ltr'>κοινῇ</span> <span class='ocrx_word' id='word_1_514' title='bbox 2807 3067 2977 3117; x_wconf 81' lang='grc' dir='ltr'>πᾶσαι</span> <span class='ocrx_word' id='word_1_515' title='bbox 3005 3063 3404 3118; x_wconf 78' lang='grc' dir='ltr'>έστιάσθωσαν.</span> 
     </span>
    </p>
   </div>
   <div class='ocr_carea' id='block_1_82' title="bbox 2685 3175 3130 3244">
    <p class='ocr_par' dir='ltr' id='par_1_82' title="bbox 2685 3175 3130 3244">
     <span class='ocr_line' id='line_1_82' title="bbox 2685 3175 3130 3244; baseline 0.004 -15"><span class='ocrx_word' id='word_1_516' title='bbox 2685 3177 2936 3230; x_wconf 79' lang='grc' dir='ltr'><strong>ΚΕΦΑΛ.</strong></span> <span class='ocrx_word' id='word_1_517' title='bbox 2979 3175 3130 3244; x_wconf 66' lang='grc' dir='ltr'>Μετ’.</span> 
     </span>
    </p>
   </div>
   <div class='ocr_carea' id='block_1_83' title="bbox 2253 3265 3572 3337">
    <p class='ocr_par' dir='ltr' id='par_1_83' title="bbox 2253 3265 3572 3337">
     <span class='ocr_line' id='line_1_83' title="bbox 2253 3265 3572 3337; baseline 0 -17"><span class='ocrx_word' id='word_1_518' title='bbox 2253 3266 2395 3334; x_wconf 73' lang='grc' dir='ltr'>Περὶ</span> <span class='ocrx_word' id='word_1_519' title='bbox 2423 3265 2535 3334; x_wconf 83' lang='grc' dir='ltr'>τῆς</span> <span class='ocrx_word' id='word_1_520' title='bbox 2566 3266 2636 3320; x_wconf 78' lang='grc' dir='ltr'><strong>ἐν</strong></span> <span class='ocrx_word' id='word_1_521' title='bbox 2669 3267 2798 3333; x_wconf 80' lang='grc' dir='ltr'>ταῖς</span> <span class='ocrx_word' id='word_1_522' title='bbox 2829 3268 3024 3334; x_wconf 73' lang='grc' dir='ltr'>λιταῖς</span> <span class='ocrx_word' id='word_1_523' title='bbox 3049 3266 3292 3337; x_wconf 73' lang='grc' dir='ltr'>ἡμέραις</span> <span class='ocrx_word' id='word_1_524' title='bbox 3326 3266 3572 3336; x_wconf 56' lang='grc' dir='ltr'>τροφῆς.</span> 
     </span>
    </p>
   </div>
   <div class='ocr_carea' id='block_1_84' title="bbox 2206 3378 3698 3449">
    <p class='ocr_par' dir='ltr' id='par_1_84' title="bbox 2206 3378 3698 3449">
     <span class='ocr_line' id='line_1_84' title="bbox 2206 3378 3698 3449; baseline 0 -19"><span class='ocrx_word' id='word_1_525' title='bbox 2206 3378 2269 3430; x_wconf 85' lang='grc' dir='ltr'><strong>Ἦ</strong></span> <span class='ocrx_word' id='word_1_526' title='bbox 2301 3378 2357 3430; x_wconf 83' lang='grc' dir='ltr'>δὲ</span> <span class='ocrx_word' id='word_1_527' title='bbox 2396 3379 2570 3449; x_wconf 74' lang='grc' dir='ltr'>τροφὴ</span> <span class='ocrx_word' id='word_1_528' title='bbox 2619 3378 2774 3448; x_wconf 82' lang='grc' dir='ltr'>ὑμῶν</span> <span class='ocrx_word' id='word_1_529' title='bbox 2806 3380 2959 3431; x_wconf 75' lang='grc' dir='ltr'>ἔσται</span> <span class='ocrx_word' id='word_1_530' title='bbox 2992 3381 3050 3433; x_wconf 84' lang='lat' dir='ltr'><strong>tv</strong></span> <span class='ocrx_word' id='word_1_531' title='bbox 3093 3382 3212 3442; x_wconf 79' lang='grc' dir='ltr'>ταῖς</span> <span class='ocrx_word' id='word_1_532' title='bbox 3243 3380 3415 3441; x_wconf 80' lang='grc' dir='ltr'>λιταῖς</span> <span class='ocrx_word' id='word_1_533' title='bbox 3460 3378 3698 3448; x_wconf 77' lang='grc' dir='ltr'>ἡμέραις</span> 
     </span>
    </p>
   </div>
   <div class='ocr_carea' id='block_1_85' title="bbox 2124 3465 3698 3540">
    <p class='ocr_par' dir='ltr' id='par_1_85' title="bbox 2124 3465 3698 3540">
     <span class='ocr_line' id='line_1_85' title="bbox 2124 3465 3698 3540; baseline -0.001 -21"><span class='ocrx_word' id='word_1_534' title='bbox 2124 3469 2268 3520; x_wconf 82' lang='grc' dir='ltr'>κατὰ</span> <span class='ocrx_word' id='word_1_535' title='bbox 2289 3468 2350 3520; x_wconf 82' lang='grc' dir='ltr'>τὸ</span> <span class='ocrx_word' id='word_1_536' title='bbox 2375 3468 2596 3538; x_wconf 77' lang='grc' dir='ltr'>ἄριστον</span> <span class='ocrx_word' id='word_1_537' title='bbox 2623 3483 2636 3497; x_wconf 89' lang='grc'><strong>·</strong></span> <span class='ocrx_word' id='word_1_538' title='bbox 2681 3469 2854 3540; x_wconf 83' lang='grc' dir='ltr'>Τρίτῃ</span> <span class='ocrx_word' id='word_1_539' title='bbox 2888 3469 3008 3539; x_wconf 83' lang='grc' dir='ltr'>μὲν,</span> <span class='ocrx_word' id='word_1_540' title='bbox 3033 3468 3128 3520; x_wconf 72' lang='grc' dir='ltr'>καὶ</span> <span class='ocrx_word' id='word_1_541' title='bbox 3161 3467 3413 3540; x_wconf 83' lang='grc' dir='ltr'>Πέμπτῃ,</span> <span class='ocrx_word' id='word_1_542' title='bbox 3438 3469 3532 3521; x_wconf 73' lang='grc' dir='ltr'>καὶ</span> <span class='ocrx_word' id='word_1_543' title='bbox 3555 3465 3698 3519; x_wconf 78' lang='grc' dir='ltr'><strong>Σαϐ-</strong></span> 
     </span>
    </p>
   </div>
   <div class='ocr_carea' id='block_1_86' title="bbox 2123 3559 3698 3632">
    <p class='ocr_par' dir='ltr' id='par_1_86' title="bbox 2123 3559 3698 3632">
     <span class='ocr_line' id='line_1_86' title="bbox 2123 3559 3698 3632; baseline -0.001 -19"><span class='ocrx_word' id='word_1_544' title='bbox 2123 3561 2295 3632; x_wconf 77' lang='grc' dir='ltr'>ϐάτῳ,</span> <span class='ocrx_word' id='word_1_545' title='bbox 2329 3562 2425 3615; x_wconf 74' lang='grc' dir='ltr'>καὶ</span> <span class='ocrx_word' id='word_1_546' title='bbox 2475 3563 2754 3632; x_wconf 83' lang='grc' dir='ltr'>Κυριακῇ,</span> <span class='ocrx_word' id='word_1_547' title='bbox 2787 3563 3061 3631; x_wconf 71' lang='grc' dir='ltr'>ἐδέσματα</span> <span class='ocrx_word' id='word_1_548' title='bbox 3113 3561 3206 3614; x_wconf 84' lang='grc' dir='ltr'><strong>δύο</strong></span> <span class='ocrx_word' id='word_1_549' title='bbox 3251 3560 3283 3632; x_wconf 78' lang='grc' dir='ltr'>ἢ</span> <span class='ocrx_word' id='word_1_550' title='bbox 3335 3562 3482 3630; x_wconf 76' lang='grc' dir='ltr'>τρία,</span> <span class='ocrx_word' id='word_1_551' title='bbox 3543 3561 3592 3612; x_wconf 85' lang='grc' dir='ltr'><strong>εί</strong></span> <span class='ocrx_word' id='word_1_552' title='bbox 3631 3559 3698 3628; x_wconf 71' lang='grc' dir='ltr'>τῇ</span> 
     </span>
    </p>
   </div>
   <div class='ocr_carea' id='block_1_87' title="bbox 2124 3651 3698 3724">
    <p class='ocr_par' dir='ltr' id='par_1_87' title="bbox 2124 3651 3698 3724">
     <span class='ocr_line' id='line_1_87' title="bbox 2124 3651 3698 3724; baseline -0.001 -19"><span class='ocrx_word' id='word_1_553' title='bbox 2124 3653 2515 3724; x_wconf 80' lang='grc' dir='ltr'>καθηγουμένῃ</span> <span class='ocrx_word' id='word_1_554' title='bbox 2543 3653 2748 3723; x_wconf 85' lang='grc' dir='ltr'>δοκοίη,</span> <span class='ocrx_word' id='word_1_555' title='bbox 2779 3653 2845 3706; x_wconf 81' lang='grc' dir='ltr'><strong>δι’</strong></span> <span class='ocrx_word' id='word_1_556' title='bbox 2881 3653 3082 3722; x_wconf 79' lang='grc' dir='ltr'>ἰχθύων</span> <span class='ocrx_word' id='word_1_557' title='bbox 3117 3653 3212 3704; x_wconf 70' lang='grc' dir='ltr'>καὶ</span> <span class='ocrx_word' id='word_1_558' title='bbox 3229 3652 3394 3722; x_wconf 78' lang='grc' dir='ltr'>τυροῦ</span> <span class='ocrx_word' id='word_1_559' title='bbox 3416 3668 3430 3682; x_wconf 74' lang='grc'><strong>⁸</strong></span> <span class='ocrx_word' id='word_1_560' title='bbox 3464 3653 3521 3704; x_wconf 92' lang='lat' dir='ltr'><strong>tv</strong></span> <span class='ocrx_word' id='word_1_561' title='bbox 3553 3651 3608 3704; x_wconf 78' lang='grc' dir='ltr'>δὲ</span> <span class='ocrx_word' id='word_1_562' title='bbox 3630 3653 3698 3721; x_wconf 81' lang='grc' dir='ltr'>τῇ</span> 
     </span>
    </p>
   </div>
   <div class='ocr_carea' id='block_1_88' title="bbox 2123 3744 3699 3817">
    <p class='ocr_par' dir='ltr' id='par_1_88' title="bbox 2123 3744 3699 3817">
     <span class='ocr_line' id='line_1_88' title="bbox 2123 3744 3699 3817; baseline -0.002 -18"><span class='ocrx_word' id='word_1_563' title='bbox 2123 3747 2374 3817; x_wconf 72' lang='grc' dir='ltr'>δευτέρα,</span> <span class='ocrx_word' id='word_1_564' title='bbox 2403 3745 2552 3815; x_wconf 81' lang='grc' dir='ltr'>δύοῆ</span> <span class='ocrx_word' id='word_1_565' title='bbox 2582 3746 2709 3815; x_wconf 85' lang='grc' dir='ltr'>τρία</span> <span class='ocrx_word' id='word_1_566' title='bbox 2750 3745 2820 3798; x_wconf 84' lang='grc' dir='ltr'><strong>δι’</strong></span> <span class='ocrx_word' id='word_1_567' title='bbox 2849 3745 3091 3814; x_wconf 85' lang='grc' dir='ltr'>ὀσπρίων</span> <span class='ocrx_word' id='word_1_568' title='bbox 3130 3744 3346 3814; x_wconf 78' lang='grc' dir='ltr'>ἑψητῶν</span> <span class='ocrx_word' id='word_1_569' title='bbox 3376 3747 3471 3798; x_wconf 78' lang='grc' dir='ltr'>σὺν</span> <span class='ocrx_word' id='word_1_570' title='bbox 3511 3744 3699 3814; x_wconf 76' lang='grc' dir='ltr'>ἐλαίῳ,</span> 
     </span>
    </p>
   </div>
   <div class='ocr_carea' id='block_1_89' title="bbox 2123 3836 3701 3908">
    <p class='ocr_par' dir='ltr' id='par_1_89' title="bbox 2123 3836 3701 3908">
     <span class='ocr_line' id='line_1_89' title="bbox 2123 3836 3701 3908; baseline -0.001 -17"><span class='ocrx_word' id='word_1_571' title='bbox 2123 3838 2220 3891; x_wconf 79' lang='grc' dir='ltr'>καὶ</span> <span class='ocrx_word' id='word_1_572' title='bbox 2245 3836 2732 3907; x_wconf 85' lang='grc' dir='ltr'>ὀστρακοδέρμων,</span> <span class='ocrx_word' id='word_1_573' title='bbox 2765 3839 2814 3888; x_wconf 86' lang='grc' dir='ltr'><strong>εί</strong></span> <span class='ocrx_word' id='word_1_574' title='bbox 2842 3838 3184 3904; x_wconf 73' lang='grc' dir='ltr'>εὑρίσκοιντο</span> <span class='ocrx_word' id='word_1_575' title='bbox 3210 3853 3223 3866; x_wconf 90' lang='grc'><strong>·</strong></span> <span class='ocrx_word' id='word_1_576' title='bbox 3257 3838 3474 3908; x_wconf 84' lang='grc' dir='ltr'>τετράδι</span> <span class='ocrx_word' id='word_1_577' title='bbox 3511 3854 3570 3890; x_wconf 82' lang='grc' dir='ltr'><strong>τε</strong></span> <span class='ocrx_word' id='word_1_578' title='bbox 3605 3840 3701 3890; x_wconf 83' lang='grc' dir='ltr'>καὶ</span> 
     </span>
    </p>
   </div>
   <div class='ocr_carea' id='block_1_90' title="bbox 2124 3926 3703 3998">
    <p class='ocr_par' dir='ltr' id='par_1_90' title="bbox 2124 3926 3703 3998">
     <span class='ocr_line' id='line_1_90' title="bbox 2124 3926 3703 3998; baseline -0.001 -17"><span class='ocrx_word' id='word_1_579' title='bbox 2124 3929 2460 3998; x_wconf 76' lang='grc' dir='ltr'>Παρασκευῇ</span> <span class='ocrx_word' id='word_1_580' title='bbox 2507 3927 2602 3979; x_wconf 87' lang='grc' dir='ltr'><strong>δύο</strong></span> <span class='ocrx_word' id='word_1_581' title='bbox 2643 3926 2833 3997; x_wconf 85' lang='grc' dir='ltr'>ἢτρία</span> <span class='ocrx_word' id='word_1_582' title='bbox 2880 3928 3156 3996; x_wconf 76' lang='grc' dir='ltr'>ἐδέσματα</span> <span class='ocrx_word' id='word_1_583' title='bbox 3195 3926 3263 3980; x_wconf 80' lang='grc' dir='ltr'>δι’</span> <span class='ocrx_word' id='word_1_584' title='bbox 3294 3928 3539 3998; x_wconf 83' lang='grc' dir='ltr'>ὀσπρίων</span> <span class='ocrx_word' id='word_1_585' title='bbox 3567 3927 3703 3996; x_wconf 71' lang='grc' dir='ltr'>ἑψη-</span> 
     </span>
    </p>
   </div>
   <div class='ocr_carea' id='block_1_91' title="bbox 2123 4019 3228 4089">
    <p class='ocr_par' dir='ltr' id='par_1_91' title="bbox 2123 4019 3228 4089">
     <span class='ocr_line' id='line_1_91' title="bbox 2123 4019 3228 4089; baseline 0 -16"><span class='ocrx_word' id='word_1_586' title='bbox 2123 4021 2234 4073; x_wconf 87' lang='grc' dir='ltr'>τῶν</span> <span class='ocrx_word' id='word_1_587' title='bbox 2276 4024 2373 4075; x_wconf 82' lang='grc' dir='ltr'>σὺν</span> <span class='ocrx_word' id='word_1_588' title='bbox 2399 4020 2565 4074; x_wconf 81' lang='grc' dir='ltr'>ὲλαίω</span> <span class='ocrx_word' id='word_1_589' title='bbox 2601 4020 2696 4074; x_wconf 79' lang='grc' dir='ltr'>καὶ</span> <span class='ocrx_word' id='word_1_590' title='bbox 2726 4019 2980 4089; x_wconf 84' lang='grc' dir='ltr'>λαχάνων</span> <span class='ocrx_word' id='word_1_591' title='bbox 3005 4020 3228 4089; x_wconf 81' lang='grc' dir='ltr'>ὁμοίως.</span> 
     </span>
    </p>
   </div>
   <div class='ocr_carea' id='block_1_92' title="bbox 2196 4197 3701 4270">
    <p class='ocr_par' dir='ltr' id='par_1_92' title="bbox 2196 4197 3701 4270">
     <span class='ocr_line' id='line_1_92' title="bbox 2196 4197 3701 4270; baseline -0.001 -16"><span class='ocrx_word' id='word_1_592' title='bbox 2196 4201 2261 4253; x_wconf 70' lang='lat' dir='ltr'><strong>Et</strong></span> <span class='ocrx_word' id='word_1_593' title='bbox 2304 4201 2361 4254; x_wconf 75' lang='grc' dir='ltr'>δὲ</span> <span class='ocrx_word' id='word_1_594' title='bbox 2394 4201 2490 4253; x_wconf 75' lang='grc' dir='ltr'>καὶ</span> <span class='ocrx_word' id='word_1_595' title='bbox 2519 4202 2578 4253; x_wconf 90' lang='lat' dir='ltr'><strong>tv</strong></span> <span class='ocrx_word' id='word_1_596' title='bbox 2620 4200 2832 4262; x_wconf 81' lang='grc' dir='ltr'>αὐταῖς,</span> <span class='ocrx_word' id='word_1_597' title='bbox 2861 4202 2926 4270; x_wconf 77' lang='grc' dir='ltr'>τῇ</span> <span class='ocrx_word' id='word_1_598' title='bbox 2973 4199 3223 4270; x_wconf 72' lang='grc' dir='ltr'>δευτέρᾳ,</span> <span class='ocrx_word' id='word_1_599' title='bbox 3274 4201 3440 4268; x_wconf 68' lang='grc' dir='ltr'>φημὶ,</span> <span class='ocrx_word' id='word_1_600' title='bbox 3485 4197 3701 4267; x_wconf 87' lang='grc' dir='ltr'>τετράδι</span> 
     </span>
    </p>
   </div>
   <div class='ocr_carea' id='block_1_93' title="bbox 2123 4291 3704 4362">
    <p class='ocr_par' dir='ltr' id='par_1_93' title="bbox 2123 4291 3704 4362">
     <span class='ocr_line' id='line_1_93' title="bbox 2123 4291 3704 4362; baseline -0.001 -17"><span class='ocrx_word' id='word_1_601' title='bbox 2123 4308 2208 4357; x_wconf 90' lang='grc' dir='ltr'><strong>τε,</strong></span> <span class='ocrx_word' id='word_1_602' title='bbox 2241 4293 2334 4345; x_wconf 67' lang='grc' dir='ltr'>καὶ</span> <span class='ocrx_word' id='word_1_603' title='bbox 2363 4294 2682 4362; x_wconf 84' lang='grc' dir='ltr'>παρασκευῇ</span> <span class='ocrx_word' id='word_1_604' title='bbox 2723 4291 2875 4362; x_wconf 88' lang='grc' dir='ltr'>παρά</span> <span class='ocrx_word' id='word_1_605' title='bbox 2900 4309 3060 4344; x_wconf 88' lang='grc' dir='ltr'>τινων</span> <span class='ocrx_word' id='word_1_606' title='bbox 3084 4291 3442 4362; x_wconf 78' lang='grc' dir='ltr'>φιλοχρίστων</span> <span class='ocrx_word' id='word_1_607' title='bbox 3477 4293 3704 4361; x_wconf 75' lang='grc' dir='ltr'>γένηται</span> 
     </span>
    </p>
   </div>
   <div class='ocr_carea' id='block_1_94' title="bbox 2128 4381 3705 4453">
    <p class='ocr_par' dir='ltr' id='par_1_94' title="bbox 2128 4381 3705 4453">
     <span class='ocr_line' id='line_1_94' title="bbox 2128 4381 3705 4453; baseline 0 -19"><span class='ocrx_word' id='word_1_608' title='bbox 2128 4381 2472 4452; x_wconf 85' lang='grc' dir='ltr'>παράκλησις</span> <span class='ocrx_word' id='word_1_609' title='bbox 2511 4382 2647 4453; x_wconf 74' lang='grc' dir='ltr'><strong>(Η),</strong></span> <span class='ocrx_word' id='word_1_610' title='bbox 2683 4383 2716 4451; x_wconf 82' lang='grc' dir='ltr'><strong>ἡ</strong></span> <span class='ocrx_word' id='word_1_611' title='bbox 2746 4383 2907 4452; x_wconf 78' lang='grc' dir='ltr'>ἑορτὴ</span> <span class='ocrx_word' id='word_1_612' title='bbox 2945 4382 3086 4452; x_wconf 89' lang='grc' dir='ltr'>τύχῃ</span> <span class='ocrx_word' id='word_1_613' title='bbox 3121 4381 3448 4452; x_wconf 79' lang='grc' dir='ltr'>Δεσποτικὴ,</span> <span class='ocrx_word' id='word_1_614' title='bbox 3476 4382 3510 4451; x_wconf 75' lang='grc' dir='ltr'>ἦ</span> <span class='ocrx_word' id='word_1_615' title='bbox 3559 4399 3705 4445; x_wconf 82' lang='grc' dir='ltr'>τινος</span> 
     </span>
    </p>
   </div>
   <div class='ocr_carea' id='block_1_95' title="bbox 2124 4471 3707 4543">
    <p class='ocr_par' dir='ltr' id='par_1_95' title="bbox 2124 4471 3707 4543">
     <span class='ocr_line' id='line_1_95' title="bbox 2124 4471 3707 4543; baseline 0.001 -19"><span class='ocrx_word' id='word_1_616' title='bbox 2124 4472 2234 4526; x_wconf 87' lang='grc' dir='ltr'><strong>τῶν</strong></span> <span class='ocrx_word' id='word_1_617' title='bbox 2255 4471 2464 4526; x_wconf 86' lang='grc' dir='ltr'>δώδεκα</span> <span class='ocrx_word' id='word_1_618' title='bbox 2487 4473 2658 4541; x_wconf 83' lang='grc' dir='ltr'>ἁγίων</span> <span class='ocrx_word' id='word_1_619' title='bbox 2683 4471 3020 4537; x_wconf 82' lang='grc' dir='ltr'>ἀποστόλων,</span> <span class='ocrx_word' id='word_1_620' title='bbox 3046 4472 3079 4543; x_wconf 76' lang='grc' dir='ltr'>ἢ</span> <span class='ocrx_word' id='word_1_621' title='bbox 3120 4473 3228 4525; x_wconf 84' lang='grc' dir='ltr'><strong>τῶν</strong></span> <span class='ocrx_word' id='word_1_622' title='bbox 3254 4473 3540 4542; x_wconf 77' lang='grc' dir='ltr'>ἐπισήμων</span> <span class='ocrx_word' id='word_1_623' title='bbox 3563 4489 3707 4543; x_wconf 92' lang='grc' dir='ltr'>μαρ-</span> 
     </span>
    </p>
   </div>
   <div class='ocr_carea' id='block_1_96' title="bbox 2125 4563 3704 4634">
    <p class='ocr_par' dir='ltr' id='par_1_96' title="bbox 2125 4563 3704 4634">
     <span class='ocr_line' id='line_1_96' title="bbox 2125 4563 3704 4634; baseline -0.001 -18"><span class='ocrx_word' id='word_1_624' title='bbox 2125 4563 2329 4632; x_wconf 87' lang='grc' dir='ltr'>τύρων,</span> <span class='ocrx_word' id='word_1_625' title='bbox 2370 4563 2403 4634; x_wconf 77' lang='grc' dir='ltr'>ἢ</span> <span class='ocrx_word' id='word_1_626' title='bbox 2447 4563 2738 4633; x_wconf 84' lang='grc' dir='ltr'>ίεραρχῶν,</span> <span class='ocrx_word' id='word_1_627' title='bbox 2777 4563 2981 4616; x_wconf 70' lang='grc' dir='ltr'>ἐσθίειν</span> <span class='ocrx_word' id='word_1_628' title='bbox 3014 4565 3108 4616; x_wconf 81' lang='grc' dir='ltr'>καὶ</span> <span class='ocrx_word' id='word_1_629' title='bbox 3145 4564 3264 4616; x_wconf 83' lang='grc' dir='ltr'>τότε</span> <span class='ocrx_word' id='word_1_630' title='bbox 3294 4563 3505 4633; x_wconf 76' lang='grc' dir='ltr'>ἰχθύας,</span> <span class='ocrx_word' id='word_1_631' title='bbox 3533 4564 3704 4632; x_wconf 80' lang='grc' dir='ltr'>αὐτῆς</span> 
     </span>
    </p>
   </div>
   <div class='ocr_carea' id='block_1_97' title="bbox 2127 4649 3703 4724">
    <p class='ocr_par' dir='ltr' id='par_1_97' title="bbox 2127 4649 3703 4724">
     <span class='ocr_line' id='line_1_97' title="bbox 2127 4649 3703 4724; baseline -0.003 -18"><span class='ocrx_word' id='word_1_632' title='bbox 2127 4653 2442 4724; x_wconf 77' lang='grc' dir='ltr'>ἡγουμένης</span> <span class='ocrx_word' id='word_1_633' title='bbox 2461 4651 2661 4706; x_wconf 87' lang='grc' dir='ltr'>ταύτου</span> <span class='ocrx_word' id='word_1_634' title='bbox 2686 4651 3112 4723; x_wconf 83' lang='grc' dir='ltr'>φροντιζούσης·</span> <span class='ocrx_word' id='word_1_635' title='bbox 3141 4653 3190 4704; x_wconf 82' lang='grc' dir='ltr'><strong>εί</strong></span> <span class='ocrx_word' id='word_1_636' title='bbox 3224 4651 3298 4721; x_wconf 84' lang='grc' dir='ltr'>μή</span> <span class='ocrx_word' id='word_1_637' title='bbox 3331 4667 3416 4712; x_wconf 86' lang='grc' dir='ltr'><strong>τις</strong></span> <span class='ocrx_word' id='word_1_638' title='bbox 3449 4652 3500 4720; x_wconf 77' lang='grc' dir='ltr'>τη</span> <span class='ocrx_word' id='word_1_639' title='bbox 3529 4649 3639 4722; x_wconf 76' lang='grc' dir='ltr'>[εἴη</span> <span class='ocrx_word' id='word_1_640' title='bbox 3655 4649 3703 4721; x_wconf 75' lang='grc'><strong>7]</strong></span> 
     </span>
    </p>
   </div>
   <div class='ocr_carea' id='block_1_98' title="bbox 2126 4743 2934 4816">
    <p class='ocr_par' dir='ltr' id='par_1_98' title="bbox 2126 4743 2934 4816">
     <span class='ocr_line' id='line_1_98' title="bbox 2126 4743 2934 4816; baseline -0.004 -16"><span class='ocrx_word' id='word_1_641' title='bbox 2126 4746 2260 4816; x_wconf 82' lang='grc' dir='ltr'>παρ’</span> <span class='ocrx_word' id='word_1_642' title='bbox 2296 4745 2502 4816; x_wconf 78' lang='grc' dir='ltr'>ἑτέρων</span> <span class='ocrx_word' id='word_1_643' title='bbox 2533 4743 2903 4813; x_wconf 77' lang='grc' dir='ltr'>παράκλησις.</span> <span class='ocrx_word' id='word_1_644' title='bbox 2931 4783 2934 4786; x_wconf 92' lang='grc'><strong><em>-</em></strong></span> 
     </span>
    </p>
   </div>
   <div class='ocr_carea' id='block_1_99' title="bbox 2213 4833 3706 4904">
    <p class='ocr_par' dir='ltr' id='par_1_99' title="bbox 2213 4833 3706 4904">
     <span class='ocr_line' id='line_1_99' title="bbox 2213 4833 3706 4904; baseline -0.005 -15"><span class='ocrx_word' id='word_1_645' title='bbox 2213 4837 2279 4889; x_wconf 81' lang='grc' dir='ltr'>Ἠ</span> <span class='ocrx_word' id='word_1_646' title='bbox 2312 4837 2370 4890; x_wconf 72' lang='grc' dir='ltr'>δὲ</span> <span class='ocrx_word' id='word_1_647' title='bbox 2395 4835 2552 4897; x_wconf 84' lang='grc' dir='ltr'>πόσις</span> <span class='ocrx_word' id='word_1_648' title='bbox 2577 4834 2732 4904; x_wconf 80' lang='grc' dir='ltr'>ὑμῶν</span> <span class='ocrx_word' id='word_1_649' title='bbox 2768 4837 2827 4887; x_wconf 83' lang='lat' dir='ltr'><strong>tv</strong></span> <span class='ocrx_word' id='word_1_650' title='bbox 2863 4834 3065 4896; x_wconf 86' lang='grc' dir='ltr'>πάσαις</span> <span class='ocrx_word' id='word_1_651' title='bbox 3093 4835 3212 4896; x_wconf 82' lang='grc' dir='ltr'>ταῖς</span> <span class='ocrx_word' id='word_1_652' title='bbox 3243 4833 3418 4894; x_wconf 78' lang='grc' dir='ltr'>λιταῖς</span> <span class='ocrx_word' id='word_1_653' title='bbox 3470 4833 3706 4902; x_wconf 76' lang='grc' dir='ltr'>ἡμέραις</span> 
     </span>
    </p>
   </div>
   <div class='ocr_carea' id='block_1_100' title="bbox 2126 4923 3703 4996">
    <p class='ocr_par' dir='ltr' id='par_1_100' title="bbox 2126 4923 3703 4996">
     <span class='ocr_line' id='line_1_100' title="bbox 2126 4923 3703 4996; baseline -0.003 -16"><span class='ocrx_word' id='word_1_654' title='bbox 2126 4926 2281 4981; x_wconf 75' lang='grc' dir='ltr'>ἔσται</span> <span class='ocrx_word' id='word_1_655' title='bbox 2331 4927 2470 4996; x_wconf 80' lang='grc' dir='ltr'>μετὰ</span> <span class='ocrx_word' id='word_1_656' title='bbox 2513 4925 2608 4980; x_wconf 83' lang='grc' dir='ltr'>τοῦ</span> <span class='ocrx_word' id='word_1_657' title='bbox 2667 4924 2911 4995; x_wconf 78' lang='grc' dir='ltr'>μείζονος</span> <span class='ocrx_word' id='word_1_658' title='bbox 2959 4925 3180 4991; x_wconf 80' lang='grc' dir='ltr'>έξαγίου</span> <span class='ocrx_word' id='word_1_659' title='bbox 3216 4923 3364 4993; x_wconf 73' lang='grc'><strong>(42)·</strong></span> <span class='ocrx_word' id='word_1_660' title='bbox 3398 4925 3486 4976; x_wconf 86' lang='grc' dir='ltr'>ὅτε</span> <span class='ocrx_word' id='word_1_661' title='bbox 3537 4923 3595 4974; x_wconf 80' lang='grc' dir='ltr'>δὲ</span> <span class='ocrx_word' id='word_1_662' title='bbox 3636 4925 3703 4992; x_wconf 77' lang='grc' dir='ltr'>τῇ</span> 
     </span>
    </p>
   </div>
   <div class='ocr_carea' id='block_1_101' title="bbox 2130 5012 3700 5086">
    <p class='ocr_par' dir='ltr' id='par_1_101' title="bbox 2130 5012 3700 5086">
     <span class='ocr_line' id='line_1_101' title="bbox 2130 5012 3700 5086; baseline -0.003 -18"><span class='ocrx_word' id='word_1_663' title='bbox 2130 5015 2452 5086; x_wconf 84' lang='grc' dir='ltr'>προεστώσῃ</span> <span class='ocrx_word' id='word_1_664' title='bbox 2485 5014 2648 5081; x_wconf 81' lang='grc' dir='ltr'>δόξει,</span> <span class='ocrx_word' id='word_1_665' title='bbox 2683 5015 2778 5068; x_wconf 63' lang='grc' dir='ltr'><strong>καί⁵</strong></span> <span class='ocrx_word' id='word_1_666' title='bbox 2826 5013 3266 5084; x_wconf 50' lang='grc' dir='ltr'>επαυῂθὴσεται</span> <span class='ocrx_word' id='word_1_667' title='bbox 3299 5012 3530 5064; x_wconf 84' lang='grc' dir='ltr'>καθόσον</span> <span class='ocrx_word' id='word_1_668' title='bbox 3563 5013 3700 5082; x_wconf 80' lang='grc' dir='ltr'>αὐτῇ</span> 
     </span>
    </p>
   </div>
   <div class='ocr_carea' id='block_1_102' title="bbox 2129 5104 3704 5179">
    <p class='ocr_par' dir='ltr' id='par_1_102' title="bbox 2129 5104 3704 5179">
     <span class='ocr_line' id='line_1_102' title="bbox 2129 5104 3704 5179; baseline -0.004 -18"><span class='ocrx_word' id='word_1_669' title='bbox 2129 5109 2408 5179; x_wconf 78' lang='grc' dir='ltr'>βούλητόν.</span> <span class='ocrx_word' id='word_1_670' title='bbox 2454 5108 2615 5161; x_wconf 79' lang='grc' dir='ltr'>Κατὰ</span> <span class='ocrx_word' id='word_1_671' title='bbox 2659 5107 2716 5160; x_wconf 78' lang='grc' dir='ltr'>δὲ</span> <span class='ocrx_word' id='word_1_672' title='bbox 2749 5108 2810 5161; x_wconf 82' lang='grc' dir='ltr'>τὸ</span> <span class='ocrx_word' id='word_1_673' title='bbox 2836 5107 3051 5160; x_wconf 75' lang='grc' dir='ltr'>δεῖπνον</span> <span class='ocrx_word' id='word_1_674' title='bbox 3080 5105 3190 5158; x_wconf 83' lang='grc' dir='ltr'><strong>τῶν</strong></span> <span class='ocrx_word' id='word_1_675' title='bbox 3240 5104 3425 5159; x_wconf 79' lang='grc' dir='ltr'>αὐτῶν</span> <span class='ocrx_word' id='word_1_676' title='bbox 3479 5104 3704 5174; x_wconf 83' lang='grc' dir='ltr'>ἡμερῶν</span> 
     </span>
    </p>
   </div>
   <div class='ocr_carea' id='block_1_103' title="bbox 2130 5193 3706 5270">
    <p class='ocr_par' dir='ltr' id='par_1_103' title="bbox 2130 5193 3706 5270">
     <span class='ocr_line' id='line_1_103' title="bbox 2130 5193 3706 5270; baseline -0.004 -16"><span class='ocrx_word' id='word_1_677' title='bbox 2130 5198 2572 5270; x_wconf 80' lang='grc' dir='ltr'>παρατεθήσεται</span> <span class='ocrx_word' id='word_1_678' title='bbox 2621 5197 2750 5268; x_wconf 78' lang='grc' dir='ltr'>ὑμῖν</span> <span class='ocrx_word' id='word_1_679' title='bbox 2796 5197 2982 5269; x_wconf 79' lang='grc' dir='ltr'>ἄρτος,</span> <span class='ocrx_word' id='word_1_680' title='bbox 3035 5196 3132 5252; x_wconf 73' lang='grc' dir='ltr'>καὶ</span> <span class='ocrx_word' id='word_1_681' title='bbox 3179 5195 3386 5265; x_wconf 85' lang='grc' dir='ltr'>λάχανα</span> <span class='ocrx_word' id='word_1_682' title='bbox 3444 5195 3512 5248; x_wconf 80' lang='grc' dir='ltr'><strong>τά</strong></span> <span class='ocrx_word' id='word_1_683' title='bbox 3565 5193 3706 5248; x_wconf 69' lang='grc' dir='ltr'>κατὰ</span> 
     </span>
    </p>
   </div>
   <div class='ocr_carea' id='block_1_104' title="bbox 1700 5340 2413 5414">
    <p class='ocr_par' dir='ltr' id='par_1_104' title="bbox 1700 5340 2413 5414">
     <span class='ocr_line' id='line_1_104' title="bbox 1700 5340 2413 5414; baseline -0.006 -10"><span class='ocrx_word' id='word_1_684' title='bbox 1700 5340 2170 5414; x_wconf 80' lang='lat' dir='ltr'><strong>IMontfauconii</strong></span> <span class='ocrx_word' id='word_1_685' title='bbox 2223 5347 2413 5402; x_wconf 71' lang='lat' dir='ltr'><strong>notua.</strong></span> 
     </span>
    </p>
   </div>
   <div class='ocr_carea' id='block_1_105' title="bbox 521 5468 2017 5540">
    <p class='ocr_par' dir='ltr' id='par_1_105' title="bbox 521 5468 2017 5540">
     <span class='ocr_line' id='line_1_105' title="bbox 521 5468 2017 5540; baseline -0.002 -16"><span class='ocrx_word' id='word_1_686' title='bbox 521 5468 634 5540; x_wconf 68' lang='lat'><strong>(4|)</strong></span> <span class='ocrx_word' id='word_1_687' title='bbox 666 5469 1076 5538; x_wconf 71' lang='lat' dir='ltr'><strong>Hapdx.tno&#39;t¢.</strong></span> <span class='ocrx_word' id='word_1_688' title='bbox 1114 5468 1322 5540; x_wconf 81' lang='lat' dir='ltr'><strong>Eodem</strong></span> <span class='ocrx_word' id='word_1_689' title='bbox 1346 5469 1462 5523; x_wconf 87' lang='lat' dir='ltr'><strong>fere</strong></span> <span class='ocrx_word' id='word_1_690' title='bbox 1507 5484 1673 5524; x_wconf 88' lang='lat' dir='ltr'><strong>sensu</strong></span> <span class='ocrx_word' id='word_1_691' title='bbox 1712 5469 1804 5522; x_wconf 86' lang='lat' dir='ltr'><strong>hic</strong></span> <span class='ocrx_word' id='word_1_692' title='bbox 1851 5483 2017 5523; x_wconf 89' lang='lat' dir='ltr'><strong>usur-</strong></span> 
     </span>
    </p>
   </div>
   <div class='ocr_carea' id='block_1_106' title="bbox 441 5539 2019 5610">
    <p class='ocr_par' dir='ltr' id='par_1_106' title="bbox 441 5539 2019 5610">
     <span class='ocr_line' id='line_1_106' title="bbox 441 5539 2019 5610; baseline -0.003 -16"><span class='ocrx_word' id='word_1_693' title='bbox 441 5539 627 5610; x_wconf 88' lang='lat' dir='ltr'><strong>patur,</strong></span> <span class='ocrx_word' id='word_1_694' title='bbox 649 5556 759 5609; x_wconf 90' lang='lat' dir='ltr'><strong>quo</strong></span> <span class='ocrx_word' id='word_1_695' title='bbox 788 5540 1078 5610; x_wconf 76' lang='lat' dir='ltr'><strong>consolatio</strong></span> <span class='ocrx_word' id='word_1_696' title='bbox 1111 5539 1254 5608; x_wconf 89' lang='lat' dir='ltr'><strong>apud</strong></span> <span class='ocrx_word' id='word_1_697' title='bbox 1299 5539 1524 5593; x_wconf 89' lang='lat' dir='ltr'><strong>Latinos</strong></span> <span class='ocrx_word' id='word_1_698' title='bbox 1549 5557 1563 5593; x_wconf 89' lang='lat'>:</span> <span class='ocrx_word' id='word_1_699' title='bbox 1585 5542 1700 5592; x_wconf 67' lang='lat' dir='ltr'><strong>haec</strong></span> <span class='ocrx_word' id='word_1_700' title='bbox 1729 5540 1877 5610; x_wconf 88' lang='lat' dir='ltr'><strong>enim</strong></span> <span class='ocrx_word' id='word_1_701' title='bbox 1898 5545 2019 5610; x_wconf 82' lang='lat' dir='ltr'><strong>erat</strong></span> 
     </span>
    </p>
   </div>
   <div class='ocr_carea' id='block_1_107' title="bbox 445 5608 2018 5678">
    <p class='ocr_par' dir='ltr' id='par_1_107' title="bbox 445 5608 2018 5678">
     <span class='ocr_line' id='line_1_107' title="bbox 445 5608 2018 5678; baseline 0 -16"><span class='ocrx_word' id='word_1_702' title='bbox 445 5608 610 5678; x_wconf 77' lang='lat' dir='ltr'><strong>parva</strong></span> <span class='ocrx_word' id='word_1_703' title='bbox 638 5608 794 5665; x_wconf 66' lang='lat' dir='ltr'><strong>cinna</strong></span> <span class='ocrx_word' id='word_1_704' title='bbox 827 5609 1112 5663; x_wconf 89' lang='lat' dir='ltr'><strong>monachis</strong></span> <span class='ocrx_word' id='word_1_705' title='bbox 1139 5614 1196 5662; x_wconf 83' lang='lat' dir='ltr'><strong>in</strong></span> <span class='ocrx_word' id='word_1_706' title='bbox 1229 5610 1480 5663; x_wconf 74' lang='lat' dir='ltr'><strong>solatium</strong></span> <span class='ocrx_word' id='word_1_707' title='bbox 1513 5624 1796 5662; x_wconf 86' lang='lat' dir='ltr'><strong>concessa.</strong></span> <span class='ocrx_word' id='word_1_708' title='bbox 1825 5609 1884 5662; x_wconf 88' lang='lat' dir='ltr'><strong>ln</strong></span> <span class='ocrx_word' id='word_1_709' title='bbox 1913 5608 2018 5662; x_wconf 87' lang='lat' dir='ltr'><strong>hoc</strong></span> 
     </span>
    </p>
   </div>
   <div class='ocr_carea' id='block_1_108' title="bbox 445 5677 2020 5749">
    <p class='ocr_par' dir='ltr' id='par_1_108' title="bbox 445 5677 2020 5749">
     <span class='ocr_line' id='line_1_108' title="bbox 445 5677 2020 5749; baseline 0 -19"><span class='ocrx_word' id='word_1_710' title='bbox 445 5677 627 5734; x_wconf 74' lang='lat' dir='ltr'><strong>autem</strong></span> <span class='ocrx_word' id='word_1_711' title='bbox 670 5680 852 5749; x_wconf 86' lang='lat' dir='ltr'><strong>typico</strong></span> <span class='ocrx_word' id='word_1_712' title='bbox 898 5679 1250 5749; x_wconf 86' lang='grc' dir='ltr'>παράκλησις</span> <span class='ocrx_word' id='word_1_713' title='bbox 1303 5688 1360 5732; x_wconf 83' lang='grc' dir='ltr'><strong>ιιι</strong></span> <span class='ocrx_word' id='word_1_714' title='bbox 1394 5679 1693 5749; x_wconf 90' lang='lat' dir='ltr'><strong>plurimum</strong></span> <span class='ocrx_word' id='word_1_715' title='bbox 1751 5677 2020 5749; x_wconf 80' lang='lat' dir='ltr'><strong>accipitur</strong></span> 
     </span>
    </p>
   </div>
   <div class='ocr_carea' id='block_1_109' title="bbox 448 5745 2020 5818">
    <p class='ocr_par' dir='ltr' id='par_1_109' title="bbox 448 5745 2020 5818">
     <span class='ocr_line' id='line_1_109' title="bbox 448 5745 2020 5818; baseline -0.001 -17"><span class='ocrx_word' id='word_1_716' title='bbox 448 5763 550 5816; x_wconf 92' lang='lat' dir='ltr'><strong>pro</strong></span> <span class='ocrx_word' id='word_1_717' title='bbox 603 5745 902 5806; x_wconf 65' lang='lat' dir='ltr'><strong>refectione</strong></span> <span class='ocrx_word' id='word_1_718' title='bbox 964 5745 1422 5818; x_wconf 74' lang='lat' dir='ltr'><strong>extraordinaria,</strong></span> <span class='ocrx_word' id='word_1_719' title='bbox 1461 5750 1514 5803; x_wconf 87' lang='lat' dir='ltr'><strong>in</strong></span> <span class='ocrx_word' id='word_1_720' title='bbox 1568 5764 1674 5817; x_wconf 90' lang='lat' dir='ltr'><strong>qua</strong></span> <span class='ocrx_word' id='word_1_721' title='bbox 1717 5745 1896 5818; x_wconf 76' lang='lat' dir='ltr'><strong>pisces</strong></span> <span class='ocrx_word' id='word_1_722' title='bbox 1932 5745 2020 5803; x_wconf 84' lang='lat' dir='ltr'><strong>vel</strong></span> 
     </span>
    </p>
   </div>
   <div class='ocr_carea' id='block_1_110' title="bbox 2131 5463 2885 5535">
    <p class='ocr_par' dir='ltr' id='par_1_110' title="bbox 2131 5463 2885 5535">
     <span class='ocr_line' id='line_1_110' title="bbox 2131 5463 2885 5535; baseline -0.007 -14"><span class='ocrx_word' id='word_1_723' title='bbox 2131 5465 2418 5535; x_wconf 69' lang='lat' dir='ltr'><strong>conchylia</strong></span> <span class='ocrx_word' id='word_1_724' title='bbox 2438 5463 2885 5535; x_wconf 80' lang='lat' dir='ltr'><strong>apponebantur.</strong></span> 
     </span>
    </p>
   </div>
   <div class='ocr_carea' id='block_1_111' title="bbox 2202 5527 3704 5604">
    <p class='ocr_par' dir='ltr' id='par_1_111' title="bbox 2202 5527 3704 5604">
     <span class='ocr_line' id='line_1_111' title="bbox 2202 5527 3704 5604; baseline -0.007 -15"><span class='ocrx_word' id='word_1_725' title='bbox 2202 5527 2652 5604; x_wconf 66' lang='grc' dir='ltr'><strong>(42)”⁹Εξὰπῖιου.</strong></span> <span class='ocrx_word' id='word_1_726' title='bbox 2683 5531 2853 5601; x_wconf 82' lang='lat' dir='ltr'><strong>Vulgo</strong></span> <span class='ocrx_word' id='word_1_727' title='bbox 2883 5529 3028 5601; x_wconf 85' lang='lat' dir='ltr'><strong>apud</strong></span> <span class='ocrx_word' id='word_1_728' title='bbox 3053 5528 3271 5604; x_wconf 65' lang='lat' dir='ltr'><strong>Graecos</strong></span> <span class='ocrx_word' id='word_1_729' title='bbox 3315 5537 3569 5604; x_wconf 78' lang='lat' dir='ltr'><strong>auctores</strong></span> <span class='ocrx_word' id='word_1_730' title='bbox 3597 5541 3704 5580; x_wconf 77' lang='lat' dir='ltr'><strong>vox</strong></span> 
     </span>
    </p>
   </div>
   <div class='ocr_carea' id='block_1_112' title="bbox 2130 5599 3703 5673">
    <p class='ocr_par' dir='ltr' id='par_1_112' title="bbox 2130 5599 3703 5673">
     <span class='ocr_line' id='line_1_112' title="bbox 2130 5599 3703 5673; baseline -0.006 -13"><span class='ocrx_word' id='word_1_731' title='bbox 2130 5599 2249 5660; x_wconf 65' lang='lat' dir='ltr'><strong>haec</strong></span> <span class='ocrx_word' id='word_1_732' title='bbox 2276 5599 2377 5660; x_wconf 82' lang='lat' dir='ltr'><strong>usu</strong></span> <span class='ocrx_word' id='word_1_733' title='bbox 2402 5599 2552 5659; x_wconf 84' lang='lat' dir='ltr'><strong>venit</strong></span> <span class='ocrx_word' id='word_1_734' title='bbox 2579 5618 2680 5672; x_wconf 90' lang='lat' dir='ltr'><strong>pro</strong></span> <span class='ocrx_word' id='word_1_735' title='bbox 2727 5599 2970 5673; x_wconf 76' lang='lat' dir='ltr'><strong>pondere</strong></span> <span class='ocrx_word' id='word_1_736' title='bbox 3008 5615 3103 5658; x_wconf 83' lang='lat' dir='ltr'><strong>sex</strong></span> <span class='ocrx_word' id='word_1_737' title='bbox 3143 5600 3451 5665; x_wconf 88' lang='lat' dir='ltr'><strong>uneiarum,</strong></span> <span class='ocrx_word' id='word_1_738' title='bbox 3482 5599 3571 5654; x_wconf 82' lang='lat' dir='ltr'><strong>hic</strong></span> <span class='ocrx_word' id='word_1_739' title='bbox 3590 5612 3660 5652; x_wconf 87' lang='lat' dir='ltr'><strong>au</strong></span> <span class='ocrx_word' id='word_1_740' title='bbox 3690 5629 3703 5637; x_wconf 96' lang='lat'><strong>-</strong></span> 
     </span>
    </p>
   </div>
   <div class='ocr_carea' id='block_1_113' title="bbox 2132 5686 2700 5745">
    <p class='ocr_par' dir='ltr' id='par_1_113' title="bbox 2132 5686 2700 5745">
     <span class='ocr_line' id='line_1_113' title="bbox 2132 5686 2700 5745; baseline -0.011 -13"><span class='ocrx_word' id='word_1_741' title='bbox 2132 5686 2241 5732; x_wconf 89' lang='lat' dir='ltr'><strong>tem</strong></span> <span class='ocrx_word' id='word_1_742' title='bbox 2281 5689 2383 5745; x_wconf 90' lang='lat' dir='ltr'><strong>pro</strong></span> <span class='ocrx_word' id='word_1_743' title='bbox 2421 5688 2700 5729; x_wconf 83' lang='lat' dir='ltr'><strong>mensura.</strong></span> 
     </span>
    </p>
   </div>
  </div>
