4064 6412
448 343 590 410 1065

1889 350 2253 414 TYPICUM.

3553 361 3690 428 1006

422 449 638 530 καιρὸν,
673 457 770 514 καὶ
797 460 1013 532 ὀπῶραι
1048 466 1246 534 μικραὶ
1292 466 1432 522 κατὰ
1469 463 1697 538 γνώμην
1732 465 1832 536 τῆς
1865 482 1999 536 προ-

2107 464 2264 536 juxta
2289 463 2558 536 praetecta:
2587 468 2938 526 sententiam.
2966 469 3134 528 l‘otus
3157 486 3292 528 vero
3317 472 3537 531 dabitur
3565 493 3689 534 cum

420 549 688 620 εστὼσης.
725 551 798 604 Τὸ
839 551 900 608 δέ
928 571 1013 609 τοι
1053 555 1208 626 πόμα
1254 558 1542 631 δοθήσεται
1578 559 1719 630 μετὰ
1759 561 1855 614 τοῦ
1890 562 2009 633 μεί-

422 641 574 708 ζονος
602 643 848 715 ἐξαγίου.

1000 743 1252 801 ΚΕΦΔΛ.
1299 745 1432 800 MZ'.

419 827 558 896 Περὶ
590 827 702 897 τῆς
737 829 808 883 ἐν
855 830 928 900 τῇ
959 832 1200 904 μεγάλῃ
1246 834 1723 907 Τεσσαρακοστῇ
1759 838 2001 910 τροφῆς.

494 941 682 996 Ταῦτα
713 943 815 1012 μὲν
859 943 920 998 ἐν
957 949 1078 1010 ταῖς
1103 947 1282 1013 λιταῖς
1322 951 1562 1020 ἡμέραις
1605 951 1699 1006 τοῦ
1729 953 2005 1008 ἐνιαυτοῦ.

430 1030 521 1087 Ἐν
551 1031 610 1086 δέ
638 1049 702 1101 γε
731 1036 854 1099 ταῖς
883 1035 991 1090 τῶν
1018 1038 1193 1107 ἁγίων
1222 1041 1508 1112 Νηστειῶν
1550 1043 1648 1114 οὐχ
1671 1043 1866 1108 οὕτως.
1893 1046 2007 1099 Καὶ

418 1123 527 1193 πρό
556 1139 620 1191 γε
641 1124 750 1179 τῶν
769 1126 966 1197 ἄλλων,
986 1131 1046 1183 ἐν
1066 1133 1132 1202 τῇ
1158 1132 1351 1206 πρώτῃ
1371 1134 1468 1190 καὶ
1491 1136 1746 1208 μεγίστῃ,
1776 1133 1845 1210 ἧς
1866 1140 2008 1195 κατὰ

416 1215 519 1282 τὴν
553 1215 780 1288 πρώτην
830 1220 1046 1293 ἡμέραν
1086 1223 1191 1294 τῆς
1219 1225 1445 1298 πρώτης
1484 1228 1799 1301 ἑϐδομάδος,
1831 1231 2005 1302 ἧγουν

417 1306 566 1361 κατὰ
609 1309 711 1380 τὴν
739 1311 1025 1384 δευτέραν,
1062 1316 1191 1388 μήθ’
1237 1320 1643 1392 ίερουργητέον,
1682 1325 1822 1394 μήτε
1868 1340 2004 1395 τρα-

417 1398 591 1470 πέζης
643 1409 1022 1474 φροντιστέον,
1064 1408 1096 1480 ἢ
1153 1409 1442 1480 βρώσεως·
1477 1415 1598 1478 ταῖς
1646 1415 1832 1485 μέντοι
1879 1417 2006 1486 ἑξῆς

417 1492 657 1561 ἡμέραις
679 1495 781 1565 τῆς
809 1499 1070 1569 τοιαύτης
1117 1502 1434 1573 ἑϐδομάδος,
1464 1508 1561 1561 καὶ
1590 1507 1876 1578 τράπεζαν
1902 1526 2006 1562 πα·

417 1581 698 1650 ραθετέον,
719 1587 814 1639 καὶ
839 1586 1098 1658 βρώσεως
1117 1592 1216 1663 τὴν
1237 1593 1576 1665 αἱρουμένην
1598 1597 2002 1668 μεταληπτέον,

412 1672 534 1742 ἥτις
581 1674 641 1730 δὲ
693 1676 848 1732 ἕσται
899 1680 961 1744 ἐξ
1009 1683 1256 1752 ὀσπρίων
1302 1684 1608 1756 διαδρόχων
1663 1685 1854 1754 ὕδατι,
1911 1694 2007 1743 καὶ

415 1761 584 1834 ὠμῶν
628 1781 794 1821 τινων
835 1769 1105 1840 λαχάνων,
1145 1771 1278 1836 ίσως
1317 1773 1414 1827 καὶ
1443 1773 1701 1846 ὀπωρῶν.
1743 1776 1904 1845 Πόμα
1947 1776 2003 1828 δὲ

417 1855 607 1910 πίεσθε
634 1855 839 1928 θερμὸν
869 1837 1018 1932 ὕδωρ
1044 1863 1261 1932 κυμίνῳ
1302 1837 1708 1935 συνηρτυμένον
1739 1837 1875 1935 (43).
1911 1865 2002 1920 Ἐν
2036 1837 2077 1891 Β

417 1946 606 2016 μέντοι
661 1954 727 2022 τῇ
781 1953 1118 2025 Παρασκευῇ
1169 1955 1346 2026 ἐψητά
1401 1973 1525 2011 τινα
1581 1956 1823 2028 βρωτέον
1872 1959 2002 2028 ὑμῖν

412 2039 688 2112 ἐδέσματα
717 2044 832 2112 δύο,
867 2047 930 2100 τὸ
963 2047 1064 2114 μὲν
1102 2047 1164 2101 ἐν
1195 2049 1336 2118 μετὰ
1371 2048 1578 2116 ἐλαίου,
1603 2051 1666 2104 τὸ
1707 2051 1766 2106 δέ
1811 2051 2002 2123 ἕτερον

413 2134 586 2203 χωρὶς
624 2136 806 2190 ἐλαίου
829 2151 846 2168 ⁶
897 2141 994 2193 καὶ
1033 2135 1178 2194 οἶνον
1208 2140 1406 2195 ποτέον
1437 2140 1579 2212 μετὰ
1622 2138 1722 2195 τοῦ
1757 2141 2002 2213 μείζονος

412 2224 634 2294 ἐξαγίου
679 2227 980 2299 διδόμενον,
1013 2231 1103 2286 διὰ
1129 2231 1230 2300 τὴν
1259 2233 1456 2304 ἑορτὴν
1491 2231 1588 2286 τοῦ
1632 2234 1792 2302 ἁγίου
1826 2252 2001 2305 μεγα-

412 2315 764 2389 λομάρτυρος
793 2321 1072 2393 Θεοδώρου
1109 2324 1246 2394 (Η),
1278 2326 1347 2396 ἡν
1371 2326 1404 2396 ἡ
1437 2325 1765 2396 προεστῶσα
1794 2327 1999 2396 ὀφείλει

413 2409 686 2466 δπιτελετν
725 2415 1104 2482 χριωστικῶς,
1145 2417 1240 2469 καὶ
1281 2415 1620 2484 παρακαλεῖν
1670 2415 1816 2486 ὑμᾶς
1859 2418 2002 2470 κατὰ

411 2500 515 2575 τὴν
540 2502 641 2560 τοῦ
677 2505 960 2560 Σασὸάτου
991 2507 1230 2578 ἡμέραν,
1265 2510 1360 2562 καὶ
1402 2507 1868 2580 ὀστρακοδέρμοις
1899 2508 2000 2580 τὴν

413 2594 758 2668 ἀδελφότητα
799 2598 1009 2670 ἐστιᾷν.
1050 2600 1111 2652 Εἰ
1133 2598 1192 2653 δὲ
1229 2599 1382 2668 παρά
1429 2614 1575 2662 τινος
1612 2597 1722 2651 τῶν
1763 2598 2001 2670 φιλοχρξ-

415 2699 560 2737 στων
592 2688 946 2759 παράκλησις
983 2690 1221 2759 γένοιτο,
1266 2691 1360 2744 καὶ
1390 2689 1472 2743 δι’.
1511 2687 1708 2760 ίχθύων
1742 2690 2001 2760 ἐστιαθὴ-

415 2779 601 2833 σεσθε.

493 2870 560 2923 Ἥ
593 2869 692 2940 μὲν
714 2870 770 2926 δὲ
800 2870 866 2944 [1.
901 2871 990 2945 δὴ]
1019 2874 1211 2944 πρώτη
1269 2875 1503 2944 ἑϐδομὰς
1548 2873 1647 2943 τῆς
1689 2872 1856 2941 ἁγίας
1900 2877 1994 2928 καὶ

416 2962 663 3032 μεγάλης
706 2963 1162 3036 Τεσσαροκοστῆς
1215 2965 1389 3030 οὕτως
1421 2967 1549 3036 ὑμῖν
1573 2965 1820 3020 ἁνυέσθω
1843 2982 1858 2997 ⁸
1887 2968 1999 3046 τοῖς

412 3052 469 3106 δὲ
503 3053 746 3109 Σάδδασι
780 3057 936 3120 πᾶσι,
981 3057 1076 3110 καὶ
1134 3059 1254 3124 ταῖς
1309 3058 1614 3126 Κυριακαῖς
1671 3055 1772 3125 τῆς
1827 3057 1999 3126 αὐτῆς

2111 557 2322 628 majore
2356 557 2605 630 hexagio.

2669 742 2895 802 CAPUT
2923 746 3129 803 XLVII.

2383 831 2459 886 De
2485 834 2621 888 victu
2661 835 2714 889 in
2746 854 2940 909 magna
2971 839 3416 914 Quadragesima.

2181 945 2308 1001 llaec
2346 947 2571 1016 quidem
2615 949 2676 1004 in
2725 950 2922 1008 diebus
2976 955 3391 1024 processionum
3441 959 3593 1016 anni.
3630 960 3690 1017 In

2108 1052 2390 1094 sacrorum
2426 1056 2560 1097 vero
2580 1042 2918 1112 jejuniorum
2953 1046 3172 1115 diebus,
3197 1065 3304 1105 non
3333 1051 3432 1107 sic.
3467 1053 3533 1108 Et
3561 1063 3692 1109 ante

2106 1126 2213 1182 alia
2249 1127 2303 1182 in
2339 1129 2519 1199 primo
2555 1139 2612 1186 et
2663 1133 2902 1189 maximo
2932 1135 3168 1207 jejunio,
3204 1140 3363 1210 cujus
3396 1141 3570 1211 prima
3606 1143 3693 1200 die

2105 1219 2298 1289 prima;
2347 1221 2730 1290 hebdomadis,
2770 1241 2969 1297 nempe
3021 1229 3158 1284 feria
3209 1235 3472 1299 secunda,
3511 1251 3692 1306 neque

2109 1313 2559 1380 sacriﬁcandum,
2587 1333 2768 1387 neque
2795 1318 2863 1374 de
2886 1336 3076 1377 mensa
3105 1333 3199 1378 aut
3227 1325 3353 1380 cibo
3383 1329 3690 1383 curandum

2107 1409 2234 1455 est:
2280 1403 2476 1460 diebus
2521 1422 2654 1463 vero
2711 1412 3076 1480 sequentibus
3120 1415 3284 1487 hujus
3329 1417 3694 1475 hebdomadis

2107 1508 2297 1549 mensa
2328 1499 2651 1567 apponenda
2675 1504 3050 1567 est,etcibum
3078 1516 3397 1579 sumetqua:
3423 1510 3688 1578 voluerit,

2108 1600 2307 1657 nempe
2345 1587 2625 1660 legumina
2673 1607 2814 1664 aqua
2866 1597 3192 1662 madefacta,
3251 1615 3467 1656 necnon
3519 1603 3691 1658 cruda

2106 1680 2357 1746 quaedam
2388 1682 2560 1745 olera,
2593 1685 2678 1739 vel
2712 1685 2852 1741 forte
2883 1681 3115 1744 fructus.
3145 1689 3204 1744 In
3231 1702 3422 1761 potum
3447 1709 3576 1747 vero
3607 1694 3691 1749 bi-

2107 1767 2252 1824 betis
2285 1786 2483 1841 aquam
2515 1774 2749 1830 calidam
2799 1779 3024 1834 cumino
3065 1781 3365 1837 conditam.
3404 1783 3463 1838 In
3521 1785 3690 1842 Para-

2107 1874 2266 1917 sceve
2293 1873 2472 1920 tamen
2519 1875 2673 1922 cocta
2704 1869 2954 1940 quaedam
2981 1872 3142 1928 vobis
3173 1875 3510 1931 comedenda
3539 1887 3689 1947 sunt,

2075 1942 2368 2008 'ni'mirum
2424 1956 2633 2013 fercula
2679 1961 2811 2026 duo,
2866 1977 3038 2018 unum
3086 1966 3313 2035 quidem
3363 1983 3488 2024 cum
3541 1970 3687 2040 oleo,

2105 2043 2257 2098 aliud
2285 2060 2416 2101 vero
2453 2047 2662 2119 absque
2693 2051 2850 2120 oleo;
2887 2053 3189 2125 vinumque
3228 2057 3527 2114 bibendum
3559 2077 3686 2116 cum

2107 2135 2300 2206 majori
2321 2137 2552 2210 hexagio
2577 2139 2876 2204 datum,ob
2899 2143 3099 2219 festum
3127 2149 3302 2204 sancti
3334 2153 3515 2222 magni
3538 2168 3686 2208 mar-

2109 2226 2244 2295 tyris
2290 2227 2592 2296 Theodori,
2632 2233 2778 2302 quod
2808 2249 2934 2288 cum
2983 2235 3172 2292 debito
3217 2240 3325 2294 ritu
3375 2241 3687 2311 prmfeclam

2108 2317 2393 2375 celebrare
2423 2331 2668 2391 oportet,
2713 2333 2770 2380 et
2805 2327 3078 2384 consolari
3109 2344 3208 2384 vos
3241 2331 3297 2386 in
3324 2333 3412 2388 die
3437 2333 3686 2402 Sabbati,

2106 2422 2437 2482 sororesque
2469 2415 2779 2486 conchyliis
2821 2419 3099 2490 excipere.
3130 2421 3190 2476 Si
3226 2439 3355 2478 vero
3381 2440 3412 2479 a
3445 2426 3686 2496 quodam

2104 2517 2173 2556 ev
2209 2502 2435 2559 Christo
2467 2505 2683 2562 devotis
2716 2512 3025 2568 consolatio
3047 2515 3296 2583 accedet,
3336 2518 3518 2588 pisces
3551 2535 3689 2590 quo-

2104 2607 2213 2661 que
2243 2597 2570 2653 comedetis.

2173 2861 2353 2920 Prima
2396 2867 2580 2936 itaque
2627 2867 2928 2925 hebdornas
2967 2888 3168 2928 εεηυιω
3201 2881 3258 2929 et
3298 2890 3506 2948 magna:
3537 2877 3687 2945 Qua-

2101 2951 2423 3024 dragesimte
2468 2957 2549 3013 sic
2594 2974 2625 3012 a
2667 2961 2824 3017 vobis
2877 2964 3148 3033 exigetur.
3193 2964 3449 3023 Sabbatis
3494 2982 3681 3026 autem

2101 3045 2380 3112 omnibus,
2413 3056 2469 3104 et
2503 3049 2802 3106 Dominicis
2833 3054 3079 3124 ejusdem
3124 3060 3299 3113 sancti
3333 3060 3551 3131 jejunii,
3581 3065 3684 3120 tria

413 3146 576 3213 ἁγίας
605 3147 884 3218 νηστείας,
926 3149 1055 3218 τρία
1094 3149 1481 3221 παρατιθέσθω
1540 3151 1668 3220 ὑμῖν
1725 3147 1998 3218 ἐδέσματα

2103 3146 2450 3206 apponentur
2473 3142 2629 3197 vobis
2654 3152 2808 3198 cocta
2837 3145 3071 3212 fercula,
3102 3151 3224 3206 oleo
3246 3155 3489 3209 condita.
3516 3158 3684 3213 Detur

411 3236 753 3308 μαῨιιρευτὰ
813 3239 1107 3310 μετέχοντα
1166 3239 1372 3295 ἐλαίου.
1406 3238 1643 3293 Διδόσθω
1688 3239 1746 3292 δέ
1792 3243 1886 3293 καὶ
1915 3240 1997 3303 είς

412 3329 571 3381 πόσιν
588 3330 649 3382 τὸ
665 3329 895 3399 σύνηθες
920 3333 1060 3401 μέγα
1084 3332 1458 3402 κρασοὸὀλιον,
1472 3331 1533 3383 τὸ
1551 3332 1594 3384 δ’
1612 3331 1744 3385 αὐτὸ
1765 3332 1999 3401 γινέσθω

410 3421 506 3474 καὶ
537 3424 604 3492 τῇ
638 3422 858 3492 τετράδι
880 3423 982 3488 τῆς
1025 3423 1451 3494 μεσονηστίμου,
1509 3424 1604 3476 καὶ
1651 3425 1718 3494 τῇ
1770 3423 1998 3496 πέμπτῃ

409 3511 506 3566 τοῦ
541 3512 782 3582 μεγάλου
805 3514 1064 3577 Κανόνος.
1102 3515 1233 3578 Ταῖς
1274 3515 1332 3568 δέ
1368 3533 1432 3582 γε
1479 3514 1690 3586 τρίταις
1725 3515 1817 3567 καὶ
1853 3516 1994 3585 πέμ-

413 3619 579 3666 πταις
614 3605 734 3668 ταῖς
764 3604 974 3671 ἄλλαις,
1005 3605 1098 3658 δύο
1126 3606 1226 3674 μὲν
1266 3606 1395 3675 ὑμῖν
1428 3605 1702 3676 ἐδέσματα
1755 3622 1996 3674 παρατεο

412 3692 666 3764 θήσονται
695 3697 1054 3767 μαγειρευτὰ,
1088 3697 1373 3766 ἀμφότερα
1423 3695 1606 3750 ἐλαίου
1657 3695 1956 3765 μετέχοντα
1976 3712 1992 3726 ·

410 3783 549 3851 dth
577 3787 730 3858 δέτῷ
750 3788 995 3842 ἐλάττονι
1029 3789 1231 3859 ἐξαγίῳ
1254 3788 1651 3859 μετρούμενος.
1715 3787 1828 3851 Τάς
1862 3790 1992 3858 μέν·

401 3894 494 3933 τοι
527 3879 791 3950 δευτέρας
817 3882 913 3935 δύο
964 3883 1239 3952 ἐδέσματα
1293 3881 1629 3952 μαγειρευτὰ
1677 3883 1993 3954 παρατεθὴ-

414 3986 596 4027 οονται
631 3989 649 4009 ο
690 3969 766 4028 ὦν
797 3974 860 4027 τὸ
894 3975 953 4029 ἓν
989 3977 1128 4045 μετὰ
1159 3975 1364 4039 ἐλαίου,
1400 3975 1461 4027 τὸ
1489 3974 1546 4028 δὲ
1579 3973 1766 4046 ἕτερον
1812 3976 1992 4028 ἐλαίου

411 4064 698 4134 ἀμέτοχον.
719 4065 833 4120 Καὶ
872 4063 1015 4132 οἶνος
1039 4069 1094 4120 δὲ
1127 4067 1204 4136 τῷ
1245 4067 1490 4121 ἐλάττονι
1520 4065 1725 4137 ἐξαγίῳ
1762 4068 1992 4138 μετρού-

415 4169 595 4222 μενος,
637 4155 776 4223 ὅπερ
810 4155 928 4209 ἐστὶ
972 4155 1067 4209 τοῦ
1117 4155 1362 4224 μείζονος
1403 4155 1463 4207 τὸ
1521 4155 1717 4224 ἥμισυ.
1769 4155 1879 4218 Τὰς
1936 4156 1993 4210 δὲ

406 4245 675 4313 τετράδας
713 4247 809 4300 καὶ¹
839 4246 1315 4316 παρασκευὰς-δύο
1348 4247 1620 4314 ἐδέσματα
1652 4247 1992 4317 μαγειρευτὰ

411 4336 530 4407 μὲν,
563 4337 746 4390 ἐλαίου
769 4337 824 4391 δέ
854 4338 1124 4409 ἀμέτοχαο
1150 4340 1245 4392 καὶ
1272 4340 1303 4408 ἡ
1341 4338 1500 4401 πόσις
1524 4333 1667 4400 οἶνος
1706 4336 1783 4406 τῷ
1829 4337 1989 4394 ἐλάτ-

406 4445 520 4482 τονι
561 4429 763 4500 ἐξαγίῳ
785 4431 1173 4500 μετρούμενος.

2102 3238 2284 3284 autem
2313 3231 2367 3286 in
2400 3240 2590 3302 potum
2615 3237 2834 3291 solitum
2876 3255 3131 3309 magnum
3165 3244 3534 3301 crasobolium
3584 3264 3684 3305 seu

2100 3323 2352 3393 cyathus.
2377 3323 2618 3394 ldipsum
2645 3327 2738 3382 ﬂat
2765 3331 2971 3386 tetrade
2995 3333 3111 3386 sive
3137 3334 3268 3389 feria
3294 3349 3487 3405 quarta
3514 3341 3680 3395 medii

2095 3414 2312 3485 jejunii,
2347 3425 2402 3471 et
2435 3416 2572 3473 feria
2595 3420 2786 3489 quinta
2823 3424 3006 3493 magni
3032 3423 3290 3481 Canonis.
3325 3427 3528 3486 Tertiis
3553 3448 3684 3487 vero

2098 3514 2158 3560 et
2189 3507 2398 3574 quintis
2419 3509 2572 3564 feriis
2597 3511 2846 3581 reliquis,
2880 3514 2992 3569 duo
3025 3516 3250 3586 quidem
3285 3519 3444 3576 vobis
3475 3521 3680 3579 fercula

2096 3609 2252 3654 cocta
2281 3611 2650 3670 apponentur,
2682 3606 2844 3660 ambo
2877 3607 3000 3662 oleo
3035 3610 3294 3678 condita;
3333 3613 3522 3669 vinum
3549 3632 3680 3672 vero

2098 3693 2330 3748 minoris
2374 3695 2590 3766 bexagii
2631 3713 2906 3752 mensura.
2960 3700 3135 3757 Feriis
3182 3713 3366 3758 autem
3425 3707 3686 3764 secundis

2097 3783 2210 3839 duo
2237 3784 2442 3842 fercula
2475 3796 2629 3842 cocta
2659 3799 3026 3858 apponentur.
3063 3808 3298 3861 quorum
3338 3813 3507 3852 unum
3555 3815 3682 3855 cum
3763 3847 3782 3860 .

2095 3875 2240 3942 oleo,
2267 3877 2499 3932 alterum
2531 3895 2662 3935 vero
2689 3881 2897 3952 absque
2929 3884 3085 3950 oleo;
3110 3894 3165 3939 et
3194 3887 3384 3942 vinum
3419 3905 3678 3948 mensura

2097 3971 2328 4024 minoris
2350 3971 2585 4038 hexagii,
2609 3972 2754 4042 quod
2779 3981 2863 4028 est
2887 3976 3107 4044 majoris
3128 3979 3305 4033 media
3329 3997 3476 4050 pars.
3502 3983 3678 4040 Feriis

2095 4061 2306 4129 quartis
2339 4069 2395 4115 et
2441 4063 2776 4128 Parascevis,
2809 4063 2919 4118 duo
2955 4066 3182 4134 fercula,
3227 4079 3383 4126 cocta
3427 4073 3678 4141 quidem,

2095 4151 2190 4206 sed
2216 4153 2337 4207 oleo
2364 4168 2473 4207 non
2504 4155 2724 4209 condita
2761 4157 2851 4210 :in
2886 4166 3075 4227 potum
3123 4169 3328 4229 autem,
3365 4163 3551 4218 vinum
3579 4166 3679 4221 mi-

2096 4243 2249 4298 noris
2289 4244 2503 4316 hexagii
2531 4261 2808 4302 mensura.

482 4523 542 4575 Εἰ
565 4523 621 4576 δὲ
652 4525 710 4575 ἐν
735 4524 968 4594 δευτέρᾳ
995 4522 1122 4586 τινὶ,
1157 4523 1190 4594 ἡ
1219 4522 1403 4595 τρίτῃ,
1432 4522 1465 4593 ἢ
1498 4522 1746 4594 πέμπτῃ,
1785 4521 1818 4592 ἢ
1846 4521 1986 4575 Σαϐ-

2171 4515 2226 4570 Si
2256 4531 2388 4570 vero
2418 4531 2541 4570 cum
2575 4515 2811 4586 quadam
2858 4516 2991 4573 feria
3017 4523 3276 4588 secunda,
3330 4524 3445 4580 sive
3493 4525 3670 4589 tertia,

408 4613 578 4685 ϐάτῳ,
620 4615 653 4685 ἡ
687 4617 939 4686 κυριακῇ
969 4615 1105 4685 τύχῃ
1141 4614 1238 4685 τὴν
1278 4616 1498 4685 μνήμην
1530 4615 1856 4684 συνδραμεῖν
1893 4614 1992 4683 τῆς

408 4705 680 4774 εὑρέσεως
708 4705 808 4776 τῆς
846 4707 1036 4776 τιμίας
1063 4705 1305 4774 κεφαλῆς
1333 4705 1428 4758 τοῦ
1480 4704 1800 4774 Προδρὸμου
1850 4704 1988 4773 (45),

406 4795 440 4864 ἢ
481 4795 593 4848 τῶν
622 4797 793 4866 ἁγίων
821 4797 1265 4867 Τεσσαράκοντα,
1297 4795 1331 4864 ἢ
1378 4795 1476 4861 τῆς
1511 4796 1704 4866 ἑορτῆς
1757 4795 1850 4847 τοῦ
1885 4795 1993 4848 Εὑ-

407 4887 770 4958 αγγελισμοῦ,
829 4889 923 4943 καὶ
983 4888 1052 4944 δι’
1103 4885 1301 4958 ίχθύων
1353 4887 1652 4951 ἐστιατέον,
1701 4888 1798 4940 καὶ
1843 4888 1989 4942 οἴνου

2097 4607 2212 4662 sive
2250 4607 2464 4676 quinta,
2503 4607 2588 4660 vel
2623 4606 2885 4672 Sabbato,
2911 4611 2998 4664 vel
3024 4612 3302 4669 Dominica
3331 4618 3677 4672 concurrerit

2097 4701 2360 4756 memoria
2410 4701 2744 4754 Inventionis
2785 4705 3083 4756 venerandi
3131 4707 3328 4774 capitis
3370 4707 3680 4764 Prmcurso-

2099 4795 2202 4860 ris,
2229 4807 2326 4848 aut
2357 4801 2673 4847 sanctorum
2714 4791 3111 4864 Quadraginta,
3144 4796 3256 4850 sive
3279 4796 3399 4851 festi
3441 4797 3675 4854 Annuu-

2099 4884 2379 4951 tiationis;
2421 4893 2476 4940 et
2507 4885 2686 4955 pisces
2715 4883 3037 4941 comedendi
3062 4893 3212 4950 sunt,
3242 4896 3298 4940 et
3328 4885 3516 4940 vinum
3541 4888 3677 4942 dan-

1684 5004 2156 5066 Montfuuconii
2215 5008 2405 5063 notae.

481 5137 594 5201 (45)
620 5136 815 5216 ’Ύδῳρ
866 5137 1096 5205 κυμίνῳ
1146 5133 1628 5216 συγιροτυμένον.
1689 5134 1842 5216 aqua
1892 5148 1995 5188 cn-

409 5208 562 5260 mino
589 5206 832 5271 condita,
858 5203 964 5288 qua
985 5221 1116 5288 non
1149 5207 1250 5288 sol_i
1279 5204 1451 5288 Graeci
1496 5203 1751 5288 monachi
1784 5213 1840 5259 et
1872 5220 1994 5288 mo-

413 5278 607 5341 niales,
639 5278 732 5330 sed
791 5291 846 5330 et
876 5273 1056 5330 Latini
1121 5276 1444 5338 utebantur,
1496 5283 1555 5328 ut
1598 5273 1790 5327 videre
1821 5283 1908 5328 est
1940 5276 1994 5328 in

412 5346 948 5427 Reguladlag‘istri,
995 5361 1118 5427 cap.
1161 5345 1250 5427 Δις),
1300 5345 1394 5398 ubi
1440 5343 1996 5427 denuuadragesima

408 5413 597 5485 agens,
641 5413 956 5497 haec'habet
990 5434 1004 5470 :
1036 5413 1229 5497 ﬁrmis
1265 5431 1406 5475 vero.
1455 5413 1538 5497 uel
1581 5430 1676 5497 suo
1710 5421 1828 5494 voto
1873 5413 1997 5497 abs-

411 5483 719 5552 tinentibus,
771 5487 927 5539 mista
962 5485 1164 5540 salibus
1186 5502 1304 5563 sunt
1327 5486 1538 5538 cumino
1565 5483 1778 5563 ve_l_apii
1800 5487 1998 5563 semine

407 5556 585 5627 calida
642 5573 781 5627 aqua
841 5559 1140 5610 misceatur.
1196 5557 1334 5627 Vide
1377 5554 1996 5627 notamMHugonisble.

409 5626 564 5679 nardi
591 5624 764 5681 nostri
798 5628 852 5682 in
877 5629 1025 5680 hunc
1049 5627 1254 5690 locum,
1282 5625 1538 5680 Concord.
1560 5624 1748 5694 Regul.
1785 5637 1836 5690 p.
1864 5624 1990 5679 84L

483 5698 594 5765 tu)
622 5696 949 5763 Θεοδώρου.
987 5697 1037 5750 ls
1058 5705 1179 5750 erat
1216 5704 1442 5752 sanctus
1490 5695 1818 5750 Theodorus
1851 5703 1990 5765 tyro,

412 5762 572 5833 cujus
609 5762 930 5822 solemnitas
959 5767 1023 5821 l7
1047 5765 1336 5820 Februarii
1361 5767 1640 5835 occurrit;
1685 5781 1748 5820 ac
1791 5762 1991 5834 praeter

735 5858 1006 5928 ΡΑτιοι..
1049 5867 1166 5927 Gn.
1213 5862 1510 5926 CXXVII.

2093 5133 2236 5187 hanc
2267 5129 2694 5202 solemnitatem,
2712 5130 2986 5202 memoria
3015 5130 3261 5202 ejusdem
3304 5131 3480 5202 sancti
3512 5143 3677 5202 quot-

2095 5203 2256 5284 armis
2308 5199 2652 5280 recolebatur
2693 5200 2947 5284 ‘Sabbato
3001 5199 3182 5284 primo
3211 5199 3673 5284 Quadragesimre,

2094 5273 2166 5326 ob
2192 5285 2447 5340 magnum
2479 5269 2804 5340 miraculum
2832 5270 2900 5340 ab
2930 5269 3048 5340 ipso
3079 5272 3269 5324 eadem
3318 5272 3407 5324 die
3438 5269 3673 5340 editum,

2095 5342 2165 5397 de
2191 5357 2302 5410 quo
2330 5339 2994 5421 frusius_Tri_odion_Qr:ec.
3029 5339 3086 5393 In
3107 5342 3264 5421 cujus
3291 5341 3464 5394 sancti
3499 5339 3675 5421 hono-

2096 5407 2236 5474 rem',
2265 5424 2373 5463 non
2401 5407 2565 5494 modo
2597 5409 2939 5494 die'Sabbati
2977 5426 3088 5479 quo
3121 5407 3242 5478 ejus
3280 5412 3546 5494 memoria
3583 5429 3670 5494 re:

2098 5481 2402 5542 coli-batur,
2432 5479 2538 5551 sed
2593 5490 2648 5551 et
2695 5479 2828 5551 feria
2897 5491 3047 5535 sexta
3096 5480 3428 5549 pra-cedenti
3475 5482 3672 5551 jejunii

2098 5549 2901 5631 rigorequelaxarejubentur
2922 5551 3263 5631 monialesa.
3321 5621 3342 5631 _
3476 5549 3507 5631 ’θ

2169 5619 2284 5690 (45)
2319 5619 2824 5691 Βιιρίεκίίηνοηιίο
2871 5622 3069 5691 capitis
3090 5620 3265 5691 sancti
3314 5619 3541 5675 Joannis
3572 5621 3670 5674 Ba-

2098 5695 2273 5761 ptista:
2321 5689 2706 5761 celebrabatur
2739 5691 2808 5746 24
2839 5689 2999 5748 Febr.
3041 5692 3174 5746 Vide
3210 5690 3410 5745 Merum
3451 5700 3503 5745 et
3537 5706 3667 5746 eru—

2094 5759 2270 5819 ditiss.
2305 5759 2592 5831 Cangium.

3220 5855 3296 5916 3’s
