4064 6420
389 363 542 428 ’ῘἹΕἹ

1665 359 1949 426 ΠὶΕΝΕΞ
1982 359 2359 423 AUGUSTI!
2405 393 2414 401 -

3524 359 3662 422 1068

397 479 532 532 dum
557 482 644 531 est
664 489 921 530 mensura
946 476 1121 545 magni
1149 473 1364 547 hexagii
1396 492 1408 529 :
1439 476 1554 531 sive
1579 477 1763 545 pisces
1786 477 1983 532 domus

2097 473 2410 544 μεταδοτέον
2439 471 2519 542 τῷ
2550 471 2758 542 μείζονι
2793 470 3017 542 ἑξαγίῳ,
3051 470 3083 541 ἢ
3140 469 3355 525 οἴκοθεν
3399 471 3664 540 ὀψωνιζοο

399 563 713 636 sumptibus
757 564 811 618 in
860 563 1148 618 obsonium
1203 564 1420 629 dentur,
1468 566 1582 621 sive
1611 567 1916 622 consolatio
1949 577 1976 618 α

393 657 602 712 Christi
630 656 966 710 amatoribus
1002 655 1272 709 mittatur.
1309 654 1368 710 Si
1417 671 1581 725 quam
1613 673 1746 712 vero
1773 673 1980 712 memo-

400 759 640 804 ratarum
668 748 1077 803 solemnitatum
1102 748 1156 803 in
1178 749 1359 818 aliqua
1382 749 1596 804 dierum
1630 750 1820 819 prima:
1843 749 1979 804 heb-

374 841 647 896 -domadis
678 840 948 896 celebrari
970 841 1276 911 contingat,
1311 841 1541 911 perinde
1570 850 1735 912 atque
1774 842 1829 897 in
1874 853 1983 898 ter-

401 931 490 986 tiis
511 941 568 985 ct
597 930 805 1001 quintis
848 931 1000 986 feriis
1042 932 1274 986 aliarum
1314 932 1723 990 hebdomadam
1775 941 1980 990 sanctae

399 1020 844 1092 Quadragcsimm
871 1021 979 1077 cibi
1011 1024 1333 1080 comedendi
1377 1034 1535 1091 sunt;
1563 1025 1752 1081 vinum
1794 1027 1980 1080 autem

399 1113 636 1168 dandum
679 1114 904 1185 majoris
956 1115 1170 1186 bexagii
1207 1132 1485 1174 mensura.
1517 1117 1578 1173 lu
1628 1117 1750 1173 aliis
1797 1119 1983 1186 itaque

397 1205 660 1262 omnibus
695 1206 900 1262 sanctis
928 1207 1368 1279 Quadragcsimze
1405 1211 1622 1278 diebus,
1666 1211 1985 1268 nullatenus

402 1297 590 1353 licebit
620 1297 778 1354 vobis
812 1299 988 1368 pisces
1011 1301 1322 1366 comedere,
1365 1302 1469 1358 nisi
1500 1302 1642 1358 forte
1671 1303 1984 1359 consolatio

401 1408 432 1446 a
459 1391 711 1461 qquiam
749 1391 912 1447 missa
946 1390 1114 1446 fuerit
1138 1393 1396 1455 Sabbato,
1429 1404 1525 1449 aut
1559 1395 1862 1451 Dominica.

471 1481 811 1536 Adveniente
847 1492 1029 1538 autem
1077 1483 1529 1541 Aununtiationis
1584 1485 1748 1550 festo,
1799 1486 1986 1555 splen-

401 1571 530 1626 dide
555 1586 654 1642 pro
687 1570 897 1625 viribus
927 1571 1320 1626 celebrandum
1345 1581 1450 1638 est,
1480 1573 1766 1643 piscesque
1798 1588 1984 1628 come-

403 1662 566 1719 dendi
602 1673 750 1727 sunt,
785 1660 986 1717 domus
1018 1663 1331 1733 sumptibus
1361 1663 1414 1717 in
1445 1664 1737 1719 obsonium
1765 1680 1988 1735 compa-

403 1754 509 1809 rati
540 1754 840 1825 vinumque
868 1753 1170 1810 bibendum
1200 1769 1459 1811 mensura
1493 1756 1718 1827 majoris
1745 1756 1959 1826 hexagii

411 1846 601 1903 Pisces
631 1855 816 1900 autem
853 1845 909 1898 in
951 1855 1139 1902 sancta
1171 1847 1265 1902 illa
1297 1825 1645 1903 solemnitate
1664 1825 1985 1915 comedetis,
2024 1825 2063 1878 Β

404 1945 464 1991 ut
498 1936 702 1992 dictum
727 1945 830 2001 est,
861 1935 965 1990 nisi
999 1937 1056 1990 in
1095 1945 1283 1994 sancta
1315 1947 1373 1994 et
1415 1953 1610 2010 magna
1645 1938 1988 1998 hebdomade

405 2028 713 2083 occurrerit
745 2047 758 2082 :
787 2037 916 2082 tunc
947 2027 1092 2083 enim
1121 2029 1253 2084 solis
1273 2029 1579 2101 conchyliis
1615 2031 1864 2097 utemini,
1891 2047 1988 2088 seu

407 2121 593 2190 potius
634 2121 1070 2176 consolationem
1117 2121 1402 2192 accipietis
1441 2122 1514 2178 ob
1555 2122 1986 2181 solemnitatem.

408 2213 542 2267 Nam
569 2223 680 2268 tres
702 2214 820 2269 dies
851 2214 1000 2269 illius
1023 2212 1403 2281 hebdomadis,
1429 2214 1726 2270 secundam
1751 2216 1987 2282 scilicet,

403 2305 627 2359 tertiam
654 2313 708 2358 et
728 2314 978 2374 quartam
1002 2303 1216 2370 feriam,
1244 2319 1342 2359 vos
1357 2305 1575 2378 exigere
1600 2321 1702 2377 par
1729 2315 1836 2373 est,
1864 2307 1990 2377 qui-

411 2394 642 2448 busdam
680 2394 1053 2464 leguminibus
1093 2394 1437 2463 madefactis,
1485 2397 1732 2454 oleribus
1780 2399 1989 2465 crudis,

398 2494 468 2538 ct
502 2483 772 2540 fructibus
817 2483 961 2542 forte
1015 2486 1216 2555 obviis,
1266 2496 1578 2554 contentas,
1631 2504 1757 2544 cum
1812 2490 1992 2546 calido

413 2573 695 2628 cuminato
723 2581 877 2645 potu.
915 2574 970 2631 Si
1000 2592 1130 2632 vero
1172 2577 1381 2633 dictum
1426 2580 1880 2638 Annuntiationis
1907 2582 1990 2639 [ο-

411 2673 564 2717 stum
591 2679 716 2719 cum
747 2666 988 2722 secunda
1006 2677 1104 2722 aut
1127 2668 1286 2723 tertia
1314 2669 1450 2724 l'eria
1473 2681 1676 2727 sanetae
1695 2682 1751 2728 et
1782 2689 1991 2746 magna:

414 2757 772 2814 hebdomadze
816 2760 1186 2828 concurrerit,
1232 2762 1318 2817 vel
1375 2778 1501 2818 cum
1555 2773 1747 2836 magna
1799 2769 1993 2837 quinta

412 2850 568 2918 feria,
599 2852 730 2907 solis
759 2853 1061 2924 conchyliis
1087 2853 1319 2910 utemini
1354 2873 1368 2910 :
1406 2856 1454 2912 si
1491 2867 1676 2913 autem
1705 2874 1830 2914 cum
1873 2875 1993 2915 ma-

415 2958 517 3014 gna
545 2943 676 2998 l‘eria
708 2955 922 3014 quarta,
957 2946 1276 3013 Parasccve,
1316 2949 1403 3004 vel
1455 2949 1574 3020 ipso
1618 2967 1817 3022 magno
1859 2952 1998 3008 Sab-

417 3036 575 3114 bato;
614 3036 666 3088 in
699 3052 893 3107 magna
921 3036 1149 3106 quidem
1199 3038 1336 3094 feria
1365 3050 1562 3110 quarta
1597 3051 1655 3096 et
1677 3058 1870 3114 magna
1895 3043 1998 3098 Pa-

415 3112 658 3190 rasceve,
683 3127 959 3198 legumina
987 3128 1236 3197 quaedam
1259 3141 1415 3186 cocta
1455 3141 1512 3186 et
1543 3133 1692 3189 olera
1725 3112 1849 3188 cum
1875 3134 1998 3190 oleo
2023 3152 2070 3214 ο

414 3216 572 3270 vobis
598 3214 870 3274 sullicient
903 3235 915 3272 :
954 3219 1181 3290 vinique
1218 3221 1448 3276 sumetis
1473 3223 1648 3292 majus
1679 3223 1995 3295 hexagium.

413 3308 474 3363 In
501 3317 693 3363 sancto
713 3317 896 3364 autem
930 3308 1177 3364 Sabbato
1205 3311 1350 3366 absit
1383 3312 1566 3367 omnis
1591 3327 1725 3368 cura
1751 3315 1996 3370 animum

415 3399 770 3456 distrahcns:
807 3400 878 3455 ob
910 3399 1111 3455 festum
1145 3417 1383 3472 namque
1429 3403 1562 3458 illud
1613 3420 1724 3461 non
1776 3407 2000 3462 solvetis

412 3490 682 3562 jejunium
709 3491 890 3563 magni
923 3491 1172 3559 Sabbati,
1209 3493 1264 3548 in
1295 3510 1404 3565 quo
1430 3495 1548 3550 solo
1581 3498 1842 3553 omnibus
1867 3498 1998 3556 abs-

418 3579 708 3636 tinendum
774 3597 896 3638 esse
947 3585 1211 3641 canonice
1269 3587 1617 3658 accepimus;
1675 3591 1771 3648 sed
1817 3593 2002 3662 potius

417 3671 692 3727 servanda
719 3671 1036 3728 divinorum
1062 3675 1283 3730 Patrum
1311 3686 1541 3747 statuta,
1569 3694 1635 3735 ac
1659 3680 1716 3735 in
1743 3681 1878 3751 ipsis
1900 3698 2002 3752 pro

419 3760 651 3831 viribus,
692 3763 844 3834 juxta
869 3763 1213 3838 Theologum
1257 3768 1610 3840 Gregorium,
1641 3773 1792 3828 aliud
1837 3789 2003 3831 omne

423 3853 632 3908 bonum
663 3855 820 3910 vobis
841 3856 1188 3914 elliciendum
1213 3871 1319 3918 est.
1349 3881 1367 3915 ι
1398 3864 1640 3932 Etenim,
1670 3865 2002 3938 inquituﬁj.

423 3945 554 4001 illud
580 3955 664 4002 est
691 3947 888 4003 festum
917 3964 1100 4020 agere,
1137 3953 1309 4008 menti
1347 3965 1550 4010 nostra:
1573 3956 1781 4026 aliquid
1811 3973 2006 4014 eorum

425 4035 824 4104 :hesaurizare,
853 4055 976 4109 qua:
1017 4042 1237 4097 stabilia
1268 4052 1398 4098 sunt
1439 4054 1497 4100 et
1544 4046 1860 4102 retinentur
1893 4063 2006 4104 non

407 4136 605 4181 autem
648 4128 952 4201 suffugium
985 4141 1042 4188 et
1071 4133 1412 4202 dilabuntur,
1441 4135 1749 4208 leviterque
1780 4154 2006 4195 sensum

423 4219 761 4286 demulcent,
801 4222 1189 4292 utplurimum
1229 4236 1413 4280 autem
1455 4237 1676 4295 nocent,
1723 4245 1845 4284 meo
1887 4231 2011 4300 qui-

415 4310 549 4366 ,dem
577 4310 808 4380 judicio.
848 4331 866 4362 ι
902 4312 971 4366 Ει
992 4329 1183 4369 rursus
1215 4331 1229 4367 :
1269 4333 1288 4366 ‹
1315 4315 1526 4370 Suﬂieit
1555 4319 1774 4387 corpori
1800 4319 2008 4372 malitia

421 4415 524 4454 sua
549 4417 562 4464 ;
589 4399 720 4467 quid
765 4400 997 4456 ﬂamma:
1026 4404 1292 4473 ampliore
1324 4407 1554 4461 materia
1584 4422 1724 4478 opus
1753 4418 1862 4476 est,
1911 4417 2008 4464 aut

2088 563 2264 634 μένων
2317 561 2428 615 τῶν
2481 563 2702 633 ίχθύων,
2747 563 2782 634 ἢ
2843 562 3245 633 παρακλήσεως
3305 561 3666 632 στελλομένης

2083 659 2236 729 παρὰ
2266 658 2374 710 τῶν
2413 657 2796 728 φιλοχρίστων.
2839 657 2900 710 El
2949 657 3006 710 δέ
3044 673 3129 720 τις
3187 657 3298 709 τῶν
3355 656 3666 726 είρημὲνων

2084 749 2305 817 ἑορτῶν,
2337 752 2395 802 ὲν
2431 750 2527 819 μιᾷ
2555 748 2663 802 τῶν
2697 745 2798 818 τῆς
2827 745 3051 818 πρώτης
3087 746 3384 816 ἐεδομάδος
3435 746 3664 817 ἡμερῶν

2083 840 2222 913 τύχῃ
2274 841 2565 904 τελεῖσθαι,
2618 841 2814 911 ἐπίσης
2840 843 2958 904 ταῖς
2982 840 3196 910 τρίταις
3239 839 3334 892 καὶ
3386 839 3668 909 πέμπταις

2082 934 2191 986 τῶν
2242 932 2420 989 ἄλλων
2477 930 2790 999 ἑϐδομάδων
2850 930 2949 999 τῆς
3009 929 3172 997 ἁγίας
3203 927 3667 996 Τεσσαρακοστῆς

2085 1025 2365 1080 ἑπιατέον
2389 1029 2446 1078 ἐν
2477 1023 2784 1094 βρώμασιν,
2831 1023 2978 1077 οίνου
3009 1022 3066 1076 δὲ
3100 1020 3420 1090 μεταδοτέον
3440 1018 3521 1089 τῷ
3549 1021 3668 1088 μεί-

2085 1119 2201 1185 ζονι
2228 1118 2450 1188 ὲξαγίῳ.
2493 1117 2603 1179 Τὰς
2633 1115 2800 1178 ἄλλας
2838 1113 3019 1168 τοίνυν
3050 1115 3232 1174 πάσας
3260 1112 3421 1180 ίιγίας
3455 1111 3670 1180 ἡμέρας

2086 1213 2185 1282 τῆς
2205 1210 2686 1281 Τεσσαρακοστῆς,
2713 1207 2814 1262 οὐκ
2833 1206 3052 1271 ἐξέσται
3074 1206 3202 1276 ὑμῖν
3234 1206 3586 1276 ίχθυοςαγεῖν
3610 1204 3671 1255 τὸ

2090 1303 2328 1367 σύνολον,
2360 1305 2408 1355 εί
2463 1303 2537 1372 μὴ
2576 1300 2924 1370 παράκλησις
2995 1299 3124 1362 ἴσως
3185 1297 3464 1367 πεμφθείη
3518 1297 3672 1368 παρά

2088 1413 2231 1458 τινος
2260 1399 2317 1449 ἒν
2351 1393 2636 1462 Σαϐϐάτῳ,
2667 1393 2700 1464 ἢ
2736 1393 3014 1461 Κυριακῇ.

2157 1488 2272 1558 Τῆς
2339 1487 2532 1556 ἑορτῆς
2585 1485 2642 1538 δὲ
2693 1485 2788 1539 τοῦ
2843 1485 3264 1555 Εὑαγγελισμοῦ
3327 1484 3674 1552 ἐπιστάσης,

2089 1579 2360 1650 λαμπρῶς
2386 1579 2709 1648 ἑορταστέον
2740 1580 2820 1640 είς
2844 1578 3098 1648 δύναμιν,
3128 1578 3225 1632 καὶ
3261 1576 3461 1646 ἰχθύων
3503 1591 3673 1644 μετα-

2088 1673 2344 1740 ληπτέον,
2392 1670 2603 1726 οἴκοθεν
2644 1671 3084 1740 ὀψωνιζομένων,
3141 1672 3235 1725 καὶ
3271 1671 3416 1722 οίνου
3477 1669 3676 1722 ποτέον

2089 1766 2180 1820 διὰ
2216 1765 2311 1818 τοῦ
2347 1764 2594 1833 μείζονος
2645 1762 2888 1830 ἑξαγίου.
2928 1761 3382 1831 Ἰχθυοφαγήσετσ
3410 1759 3466 1812 δὲ
3511 1760 3571 1811 ἰν
3607 1759 3674 1828 τῇ

2091 1857 2223 1928 ἁγίᾳ
2253 1855 2431 1928 ταύτῃ
2465 1855 2649 1924 ἑορτῇ,
2678 1854 2756 1916 ὡς
2784 1853 3027 1924 είρηται,
3062 1851 3159 1905 ἐὰν
3195 1850 3270 1922 μὴ
3298 1853 3364 1920 τῇ
3392 1847 3528 1919 ἁγίᾳ
3580 1849 3676 1900 καὶ

2096 1947 2309 2020 μεγάλῃ
2355 1947 2613 2016 ἑϐδομάδι
2634 1945 2923 2015 συνδράμῃ
2953 1960 2968 1976 ·
2997 1943 3121 1997 τότε
3147 1943 3258 2013 γὰρ
3309 1943 3422 2004 τοῖς
3473 1940 3672 2010 ὀστρα-

2094 2040 2381 2111 κοδέρμοις
2410 2037 2676 2108 χρήσεσθε
2703 2037 2903 2108 μόνοις,
2940 2035 3140 2105 μᾶλλον
3164 2034 3221 2088 δὲ
3249 2030 3676 2102 παρακληθήσο-

2095 2129 2210 2190 σθε,
2232 2128 2318 2181 διὰ
2341 2128 2439 2196 τὴν
2475 2127 2690 2198 ἑορτήν.
2738 2126 2892 2180 Ἐπεὶ
2917 2125 3018 2188 τὰς
3051 2125 3201 2194 τρεῖς
3235 2123 3446 2193 ἡμέρας
3470 2120 3675 2188 ταύτης

2093 2219 2192 2288 τῆς
2213 2219 2526 2289 ἑϐδομάδος,
2558 2218 2726 2288 ἦγουν
2771 2217 3022 2288 δευτέρᾳ,
3087 2217 3270 2288 τρίτῃ,
3318 2214 3415 2268 καὶ
3461 2211 3679 2282 τετράδι

2093 2311 2301 2378 διάγειν
2319 2312 2487 2374 εἱκδς,
2519 2309 2660 2364 τισὶν
2689 2308 2935 2380 ὀσπρίοις
2966 2307 3300 2377 διαϐρόχοις,
3367 2305 3461 2359 καὶ
3511 2303 3679 2372 λαχά-

2095 2420 2206 2467 νοις
2231 2401 2424 2473 ὠμοῖς,
2449 2401 2544 2455 καί
2567 2400 2811 2472 ὀπώραις
2851 2403 2972 2464 ταῖς
3006 2400 3452 2469 παρατυχούσαις
3479 2393 3683 2465 apud.

2099 2508 2282 2562 μεναι,
2316 2488 2513 2560 καὶτῷ
2537 2492 2820 2561 κυμινάτῳ
2844 2490 3034 2561 θερμῷ
3067 2489 3294 2559 πόματι.
3323 2487 3385 2540 Ei
3415 2487 3472 2540 δὲ
3498 2484 3594 2538 καὶ
3623 2486 3682 2536 ὲν

2095 2585 2162 2652 τῇ
2184 2581 2411 2652 δευτέρᾳ
2434 2583 2528 2634 καὶ
2553 2581 2711 2653 τρίτῃ
2740 2580 2841 2651 τῆς
2877 2581 3037 2648 άγίας
3078 2581 3173 2633 καὶ
3226 2577 3471 2648 μεγάλης
3523 2575 3681 2629 ἑϐδο-

2099 2671 2268 2742 μάδος
2299 2670 2585 2743 συνδράμῃ
2615 2673 2647 2742 ἡ
2672 2669 3088 2742 προδηλωθεῐσα
3110 2669 3274 2740 ἑορτὴ
3311 2667 3401 2721 τοῦ
3432 2667 3683 2733 anm:-

2097 2761 2318 2834 λισμοῦ,
2354 2762 2480 2834 ἢτῇ
2515 2763 2728 2835 μεγάλῃ
2761 2763 2987 2835 πέμπτῃ
3013 2801 3028 2827 ,
3062 2764 3175 2825 τοῖς
3217 2760 3682 2830 ὀστρακοδέρμος

2099 2854 2369 2926 χρήσεσθε
2397 2855 2580 2924 μόνοις
2607 2869 2619 2882 ’
2645 2855 2694 2906 εί
2727 2853 2789 2906 δὲ
2825 2853 2921 2907 καὶ
2961 2854 3020 2906 ἐν
3055 2854 3124 2923 τῇ
3169 2851 3381 2922 μεγάλῃ
3440 2847 3682 2916 τετράδι,

2100 2945 2193 3000 καὶ
2211 2946 2563 3016 Παρασκευῇ,
2601 2945 2635 3016 ἢ
2683 2945 2777 2998 καὶ
2821 2943 2970 3014 αὐτῷ
2997 2944 3074 3014 τῷ
3133 2943 3354 3014 μεγάλῳ
3397 2940 3684 3008 Σαϐϐάτῳ,

2099 3041 2165 3110 τῇ
2202 3038 2301 3105 μὲν
2332 3039 2544 3110 μεγάλῃ
2575 3038 2814 3108 τετράδι,
2858 3039 2952 3092 καὶ
3001 3039 3069 3108 τῇ
3097 3036 3313 3106 μεγάλῃ
3348 3035 3684 3104 Παρασκευῇ

2100 3130 2347 3199 ὀσπρίοις
2371 3130 2515 3184 τισὶν
2542 3130 2784 3199 ἑψητοῖς,
2807 3130 2902 3182 καὶ
2928 3129 3180 3198 λαχάνοις
3222 3127 3318 3179 σὺν
3349 3125 3536 3194 nam,
3580 3124 3688 3194 ἀρ·-

2101 3221 2435 3292 κισθήσεσθε
2471 3238 2487 3254 ·
2527 3221 2901 3291 μεταληπτέον
2929 3221 2985 3274 δὲ
3019 3220 3117 3275 καὶ
3147 3220 3292 3273 οίνυυ
3345 3218 3426 3288 τῷ
3478 3215 3690 3286 μείζονι

2099 3311 2321 3383 ἑξαγίῳ.
2358 3313 2444 3364 Ἐν
2466 3312 2521 3366 δὲ
2551 3311 2630 3382 τῷ
2672 3311 2810 3382 άγίῳ
2840 3311 3124 3382 Σαϐϐάτῳ,
3156 3295 3378 3364 ἀπέστω
3407 3310 3558 3362 πᾶσα
3592 3304 3684 3375 μί-

2103 3420 2272 3475 ριμνα
2318 3403 2706 3474 περισπασμδν
2753 3401 3084 3473 ἐμποιοῦσα.
3153 3403 3227 3455 Οὐ
3275 3400 3387 3471 γὰρ
3439 3397 3527 3452 διά
3586 3394 3692 3466 τὴν

2101 3494 2297 3564 ἑορτὴν
2341 3494 2674 3548 καταλύσετε
2698 3494 2795 3566 τὴν
2824 3494 2920 3547 τοῦ
2952 3493 3194 3564 μεγάλου
3261 3491 3544 3546 Σαὸὃάτου
3588 3503 3688 3556 νη-

2102 3579 2380 3654 στείαν,ᾦ
2430 3586 2576 3657 μόνῳ
2629 3585 2911 3656 νηστεύειν
2957 3584 3068 3639 ἀπὸ
3119 3585 3336 3638 πάντων
3384 3579 3690 3642 κανονικῶς

2104 3678 2508 3748 παρελάδομεν.
2547 3679 2706 3731 Ἀλλὰ
2745 3678 2839 3731 καὶ
2870 3676 3069 3748 μᾶλλον
3126 3677 3395 3746 τηρητέον
3437 3675 3536 3734 τὰς
3579 3671 3692 3724 τῶν

2105 3768 2266 3822 θείων
2318 3770 2573 3838 Πατέρων
2603 3769 2898 3834 διατάξεις,
2933 3769 3030 3821 καὶ
3082 3766 3384 3835 ἐργαστέον
3429 3763 3559 3833 ύμῖν
3612 3761 3693 3822 ὡς

2104 3861 2346 3922 δυνατὸν,
2377 3859 2517 3913 κατὰ
2547 3860 2639 3912 τὸν
2667 3859 2928 3927 Θεολόγον
2961 3859 3282 3928 Γρηγόριον,
3333 3858 3441 3908 πᾶν
3503 3855 3693 3921 ἕτερον

2107 3954 2165 4004 ὲν
2198 3951 2388 4012 αὑταῖς
2421 3948 2646 4017 άγαθόν.
2683 3967 2702 4000 ι
2729 3949 2842 4002 Καὶ
2876 3948 2985 4019 γάρ
3009 3987 3025 4012 ,
3063 3966 3082 4001 ο
3125 3948 3279 4017 φησὶ,
3323 3966 3343 4000 ι
3385 3943 3543 3998 τοῦτό
3573 3946 3695 3995 ἐστι

2105 4043 2167 4096 τὸ
2198 4041 2497 4112 ἑορτάζειν,
2529 4039 2688 4112 ἡμῶν
2733 4039 2881 4110 ψυχῇ
2913 4057 2966 4093 τι
3003 4038 3358 4110 θησαυρίζειν
3386 4037 3496 4090 τῶν
3517 4035 3694 4090 ἑστώ-

2107 4151 2214 4208 των
2241 4133 2338 4186 καὶ
2367 4132 2775 4204 κρατουμένων,
2806 4132 2944 4186 ἀλλὰ
2977 4131 3055 4203 μὴ
3097 4132 3204 4185 τῶν
3263 4128 3695 4199 ὑποχωρούντων

2110 4225 2204 4279 καὶ
2229 4225 2527 4294 λυομένων,
2563 4225 2658 4278 καὶ
2687 4224 2860 4295 μικρά
2896 4223 3190 4276 σαινόντων
3247 4219 3348 4289 τὴν
3415 4218 3694 4288 αἴσθησιν,

2109 4319 2178 4372 τὰ
2213 4317 2440 4371 πλεῖστα
2465 4315 2523 4369 δὲ
2553 4315 2902 4386 βλαπτόντων
2931 4314 3073 4367 κατὰ
3123 4312 3213 4365 τδν
3266 4311 3401 4381 ἐμὸν
3448 4309 3630 4378 λόγον.
3669 4326 3692 4360 ι

2112 4409 2221 4462 Καὶ
2251 4409 2412 4462 πάλιν
2439 4423 2454 4439 ο
2485 4427 2505 4459 ι
2547 4405 2802 4478 Ἀρκετὺν
2831 4406 2908 4474 τῷ
2930 4405 3143 4473 σώματι
3183 4405 3216 4474 ἡ
3266 4403 3437 4457 κακία
3491 4399 3658 4454 αὑτοῦ
3678 4416 3693 4429 ·

405 4488 621 4542 ὼριιιιῑο
645 4490 955 4560 copiosiore
989 4491 1138 4557 cibo,
1195 4501 1255 4546 ut
1279 4492 1599 4550 eﬂ‘renatior
1637 4496 1922 4562 reddatur,
1954 4507 1996 4553 ei

2115 4501 2167 4553 τί
2192 4499 2248 4552 δὲ
2279 4499 2358 4553 δεῖ
2403 4501 2467 4571 τῇ
2503 4499 2658 4568 φλογὶ
2690 4498 2935 4560 πλείονος
2969 4497 3124 4566 ὕλης,
3164 4495 3197 4564 ἢ
3257 4495 3337 4565 τῷ
3393 4493 3570 4564 θηρίῳ
3600 4492 3700 4545 δα-

429 4582 719 4638 ratiocinio
760 4584 1090 4640 violentior?
1130 4588 1390 4655 quocirca
1436 4588 1598 4644 nobis
1647 4589 1996 4660 spiritualitei

2109 4592 2433 4662 ψιλεστέρας
2460 4591 2692 4664 τροφῆς,
2727 4591 2821 4645 ἶνα
2877 4589 3078 4661 μᾶλλον
3122 4588 3492 4642 δυσκάθεκτον
3534 4588 3704 4655 γένη-

403 4676 736 4732 ..ΐει-ἰειηάυιη
764 4685 869 4732 est.
905 4695 926 4729 ι

2109 4702 2222 4750 ται,
2255 4685 2350 4738 καὶ
2373 4684 2466 4738 τοῦ
2501 4685 2762 4754 λογισμοῦ
2813 4682 3145 4754 βιαιότερον;
3187 4682 3286 4737 Διὰ
3339 4678 3513 4734 ταῦτα
3564 4675 3700 4746 γοῦν

2107 4777 2431 4847 ἑορταστέον
2467 4777 2878 4847 πνευματικῶς.
2927 4795 2945 4827 ι

2182 4869 2262 4939 Τῇ
2292 4869 2471 4922 τοίνυν
2503 4869 2636 4939 ἁγίᾳ.
2665 4869 2760 4922 καὶ
2794 4870 3011 4946 μεγάλῃ
3039 4871 3268 4942 πέμπτῃ
3287 4912 3301 4936 ,
3349 4869 3438 4922 ὅτε
3480 4865 3555 4936 μὴ
3577 4865 3701 4930 ἑορ-

2117 4959 2356 5030 τάζομεν
2419 4963 2512 5013 τὸν
2569 4961 3002 5030 Εὑαγγελισμὸν,
3067 4962 3210 5015 κατὰ
3257 4962 3356 5023 τὰς
3387 4958 3575 5028 τρίτας
3605 4953 3698 5006 καὶ

2118 5051 2377 5122 πέμπτας
2398 5053 2507 5105 τῶν
2519 5052 2722 5108 λοιπῶν
2750 5055 3058 5125 ὲὸδομάῗων
3082 5054 3182 5123 τῆς
3216 5045 3695 5120 Τεσσαρακοστῆς,

499 4859 558 4914 ln
584 4869 770 4916 sancta
803 4841 978 4932 igitur
1017 4869 1073 4916 et
1103 4875 1298 4932 magna
1341 4861 1534 4932 quinta
1579 4861 1736 4930 feria,
1791 4863 2014 4934 quando

412 4967 538 5004 .non
586 4953 932 5008 celebramus
960 4952 1474 5019 Annuntiationem,
1507 4955 1650 5010 sicut
1681 4955 1734 5010 in
1765 4956 1942 5010 tertiis
1964 4965 2021 5012 et

427 5043 640 5110 quintis
683 5043 838 5098 feriis
870 5044 1204 5114 reliquarum
1237 5045 1662 5112 hebdomadam,
1705 5046 2023 5117 Quadragc-

428 5131 584 5184 simae
627 5131 984 5186 refectionem
1039 5134 1292 5198 sumetis,
1341 5145 1611 5204 quantum
1659 5136 1727 5189 ad
1779 5137 1986 5191 fercula

2117 5146 2152 5214 ἡ
2184 5145 2428 5208 ἑστίασις
2463 5145 2615 5199 ἔσται
2641 5148 2772 5215 ὑμῖν
2809 5148 2866 5200 ιν
2898 5152 3011 5210 τοῖς
3048 5147 3342 5216 ἐδέσμασιν
3374 5162 3384 5173 ’
3412 5145 3440 5194 ὀ
3466 5141 3522 5194 δὲ
3552 5134 3694 5198 οἶνος

429 5221 622 5273 viuum
645 5236 779 5275 vero
801 5237 1057 5278 mensura
1089 5225 1317 5296 majoris
1343 5225 1584 5297 hexagii.
1619 5225 1680 5280 ln
1709 5239 1900 5283 saneta
1924 5243 1991 5282 au

2117 5233 2195 5304 τῷ
2229 5233 2440 5304 μείζονι
2462 5233 2683 5306 ἔξαγίῳ.
2721 5236 2800 5308 Τῇ
2835 5239 3018 5308 μέντοι
3052 5237 3186 5306 άγίςι
3233 5233 3586 5306 Παρασκευῇ,
3647 5229 3693 5280 εἰ

435 5321 544 5363 tcm
590 5312 908 5378 Parasccve,
954 5314 1060 5369 nisi
1103 5317 1260 5384 prius
1312 5326 1614 5373 memorata
1651 5320 1996 5375 immaculata

2123 5323 2198 5396 μὴ
2225 5327 2258 5397 ἡ
2291 5327 2648 5398 προλεχθεῖσα
2677 5329 2838 5396 ἑορτὴ
2866 5329 2962 5398 τῆς
2983 5328 3363 5397 παναχράντου
3397 5321 3697 5388 Δεσποίνης

436 5403 680 5458 Domina:
709 5413 910 5459 nostra:
954 5407 1200 5475 Deiparas
1244 5409 1569 5466 solemuitas
1621 5426 1746 5465 cum
1773 5427 1837 5467 ea
1882 5427 1996 5467 con‘

2121 5419 2280 5487 ἡμῶν
2327 5420 2592 5473 Θεοτόκου
2647 5424 2954 5494 συνδράμῃ,
2992 5421 3224 5482 οὑδόλως
3270 5412 3696 5488 μαγετρευτίον·

437 5494 697 5560 currerit,
741 5493 880 5548 nihil
929 5496 1155 5551 omnino
1202 5499 1548 5567 coquendum
1595 5511 1720 5569 est;
1771 5499 1996 5558 oleribm

2125 5508 2373 5579 λαχάνων
2411 5513 2465 5565 δέ
2499 5530 2659 5570 τινων
2696 5514 2883 5586 ὠμῶν,
2917 5509 3262 5584 καὶόπωρῶν
3306 5502 3699 5579 μεταληπτέον·

1713 5642 2171 5706 Montl'aucon-ii
2235 5655 2424 5712 noue.

509 5758 624 5829 (Διὶ)
665 5758 818 5816 Orat.
853 5762 920 5816 Ill
951 5762 1002 5816 in
1040 5764 1344 5820 Pentecost.
