4064 6438
391 321 542 388 1071

1675 308 1962 369 IRENES
2002 305 2382 367 AUGUST/E

3546 299 3684 366 1072

411 450 496 492 cta
521 445 834 491 sanctorum
865 429 1107 502 piscibus
1132 425 1454 490 vescemiui,
1485 422 1587 480 etsi
1623 423 1810 477 nullus
1830 421 1990 474 ubtu-
2019 474 2020 477 η

2133 436 2281 488 ηται.
2321 418 2410 471 Ἐν
2441 415 2499 471 δέ
2525 433 2588 486 γε
2641 417 2706 488 τῇ
2751 415 2914 487 ἑορτῇ
2950 414 3053 485 τῆς
3091 414 3175 479 εἷς
3222 412 3292 468 τὰ
3351 413 3520 482 ’Δγια
3572 417 3686 464 τῶν

411 531 580 600 lerit;
627 528 753 582 aliis
811 541 936 580 vero
1000 522 1195 578 diebus
1224 559 1238 584 ,
1285 517 1379 572 ubi
1444 532 1474 571 a
1516 514 1772 586 qquiam
1819 511 1987 567 oblati

2126 513 2272 578 ιγῐων
2327 510 2537 564 εἰσόδου
2571 510 2683 582 (50)
2721 509 2821 579 τῆς
2851 508 3140 571 Θεοτόκου,
3171 507 3268 561 καὶ
3322 504 3504 577 ίχθῢσι
3549 521 3688 574 τρα-

413 623 636 678 fuerint.

966 790 1201 850 CAPUT
1235 786 1424 845 XLIX.

715 891 866 958 Quod
895 889 1036 945 clam
1065 882 1442 941 comedendum
1466 895 1572 933 non
1599 877 1688 931 sit.

483 1015 554 1070 lis
591 1025 715 1081 qua:
741 1007 811 1062 ad
837 1005 1045 1060 victum
1081 1003 1334 1070 spectant
1365 993 1446 1049 sic
1470 989 1631 1046 vobis
1658 984 1995 1048 constitutis,

405 1079 731 1170 suademus,
779 1111 912 1156 uta
972 1094 1176 1151 furtivo
1221 1106 1317 1146 esu
1371 1098 1427 1143 et
1459 1096 1593 1157 potu
1645 1079 1997 1142 abstineatis,

414 1201 681 1267 illumque
737 1201 850 1247 tota
893 1190 1100 1243 virtute
1145 1181 1422 1253 fugiatis:
1481 1175 1616 1231 illud
1670 1187 1889 1242 semper
1943 1171 1997 1224 in

405 1303 604 1350 mente
635 1296 941 1348 versantes,
963 1280 1110 1351 quod
1146 1279 1216 1332 ab
1252 1273 1410 1328 initio
1459 1285 1589 1326 esus
1627 1267 2002 1351 inobsequens

418 1405 520 1444 nos
545 1387 706 1441 morti
745 1381 983 1446 subegit,
1020 1389 1232 1444 nosque
1282 1389 1310 1425 a
1364 1345 2003 1440 paradisiohabitatione

399 1479 675 1554 privavit,
699 1476 938 1544 maligno
967 1469 1346 1534 malorumque
1378 1470 1603 1515 auctore
1634 1456 1874 1518 diabolo,
1919 1453 2003 1522 ip-

399 1547 539 1633 sum
573 1573 889 1631 inducente,
921 1563 1014 1635 qui
1049 1561 1118 1617 ab
1147 1561 1241 1614 illo
1291 1568 1537 1626 tempore
1569 1564 1744 1620 usque
1769 1547 1836 1602 ad
1870 1561 2008 1616 prae-

408 1682 568 1734 sens,
603 1681 712 1719 non
739 1669 920 1718 cessat
949 1657 1018 1712 iis
1046 1653 1141 1726 qui
1175 1651 1378 1707 bellum
1398 1657 1590 1702 contra
1624 1643 1802 1714 ipsum
1821 1653 2009 1696 susce-

419 1764 623 1834 perint,
641 1754 1086 1826 antiquissimum
1109 1750 1302 1810 telum,
1320 1743 1578 1799 furtivam
1601 1739 2007 1806 scilicetetpru-

418 1827 655 1910 hibitam
683 1847 1119 1921 degustationcm
1156 1840 1263 1897 cibi
1289 1837 1530 1908 alicujus
1549 1833 1635 1889 vel
1660 1839 1845 1902 potus,
1872 1827 2012 1921 obji-

398 1967 568 2013 >eere,
581 1959 636 2002 et
653 1963 758 2000 non
774 1932 1228 2010 solum‘objicere,
1246 1933 1344 1990 sed
1364 1932 1529 1988 etiam
1549 1924 1882 1998 patrocinari
1897 1920 2012 1976 fur—

416 2043 547 2096 tiva:
593 2035 1195 2110 dcgustationi,dicens
1215 2069 1230 2095 ,
1251 2043 1372 2083 eam
1406 2040 1521 2080 rem
1551 2035 1673 2078 esse
1704 2015 2010 2074 secundum

407 2109 699 2195 .naturam,
729 2142 781 2185 et
800 2127 972 2197 culpa
1001 2138 1214 2180 vacare.
1254 2120 1364 2176 Vos
1391 2132 1525 2172 vero
1575 2113 1698 2184 ejus
1729 2109 2014 2181 cogitatio-

409 2241 524 2280 .ncs
546 2242 614 2279 ne
641 2219 923 2294 ignoretis,
943 2219 1009 2272 ad
1041 2217 1202 2270 linem
1231 2210 1450 2269 consilii
1482 2205 1863 2278 reSpicicntes,
1883 2200 2014 2270 quia

414 2316 791 2388 .transgrcssio
818 2310 1073 2381 eratcepti
1103 2316 1208 2364 est.

1051 2551 1284 2609 CAPUT
1319 2550 1379 2604 L.

1001 2647 1076 2700 De
1110 2653 1443 2716 paupertate.

496 2796 578 2856 Ut
614 2796 781 2867 igitur
809 2793 970 2850 talem
993 2784 1496 2862 Inaligni'laqueum
1541 2786 1701 2841 facile
1739 2784 2016 2840 transilia-

433 2889 504 2945 tis
525 2899 826 2944 extremam
857 2885 1015 2939 vobis
1059 2889 1440 2954 paupertatem
1491 2878 1862 2949 praecipimus,
1895 2890 2018 2946 quae

427 2981 671 3034 maxime
712 2977 972 3048 prodesse
1006 2983 1188 3046 potest
1220 2999 1230 3028 -.
1260 2988 1425 3044 quam
1463 2980 1769 3032 servantes,
1801 2969 1918 3023 sine
1946 2968 2022 3022 la-

433 3074 570 3130 bore
611 3071 796 3128 furtivi
844 3086 972 3125 esus
1012 3069 1094 3123 vel
1133 3078 1297 3138 potus
1330 3066 1635 3136 periculum
1681 3063 2016 3134 et‘l‘ugeritis;
2047 3120 2091 3179 ο

515 3164 527 3175 ο
645 3163 656 3176 ι
781 3163 812 3179 -ι
842 3162 874 3179 91
903 3161 924 3179 ι
948 3161 988 3179 ,ι
1021 3169 1060 3179 _.
1125 3157 1375 3179 ___!-l_____
1416 3156 1710 3179 .._-...----..:.
1733 3156 1755 3179 0
1779 3154 2018 3179 Cum...”

433 3164 528 3235 qui
568 3163 715 3219 enim
739 3162 876 3216 nihil
903 3161 1086 3226 habet,
1117 3157 1380 3228 quidnam
1413 3156 1755 3226 gustaverit?
1779 3154 2020 3209 Summa:

433 3259 604 3328 igitur
636 3256 944 3326 paupertati
977 3267 1198 3324 Operam
1261 3251 1408 3312 date,
1446 3265 1553 3303 non
1589 3256 1800 3302 tantum
1837 3247 1890 3302 in
1921 3263 2017 3318 pe-

437 3348 622 3404 cuniis
651 3361 823 3416 usque
858 3345 924 3398 ad
975 3343 1222 3404 obolum,
1279 3340 1373 3393 sed
1407 3349 1464 3394 ct
1507 3340 1562 3393 in
1608 3338 1733 3392 cibo
1785 3347 1843 3390 et
1887 3344 2019 3405 potu

435 3456 616 3512 usque
646 3439 714 3494 ad
737 3438 1026 3492 minimum
1057 3433 1364 3504 quodlibet.
1391 3431 1510 3498 Quo
1534 3431 1682 3485 enim
1703 3427 2018 3500 huiusmodi

441 3539 690 3587 nostrum
737 3538 1071 3599 praeceptum
1120 3539 1228 3578 non
1254 3523 1510 3584 violetur.
1542 3522 1828 3576 hortamur
1881 3535 2022 3589 pra:-

430 3626 639 3681 Iectam
677 3631 737 3677 ut
765 3622 1002 3692 quoties,
1037 3629 1093 3674 et
1125 3617 1345 3688 quando
1380 3616 1639 3681 voluerit,
1678 3628 1776 3668 vos
1835 3613 2023 3683 perlu-

437 3729 600 3782 stret,
634 3725 689 3771 et
714 3715 852 3769 nihil
910 3715 1034 3784 plus
1068 3711 1273 3766 habere
1313 3709 1475 3772 sinat,
1509 3723 1674 3779 quam
1713 3723 1742 3761 a
1773 3704 2022 3762 cmnobi-

430 3809 554 3865 lica
585 3807 774 3879 regula
801 3805 1159 3862 concedatur.

1039 4001 1270 4061 CAPUT
1327 4003 1412 4056 Ll.

2099 603 2339 672 φήσεσθε
2369 603 2473 658 κᾶν
2499 603 2689 674 μηδεὶς
2720 603 3082 672 προσενέγκω.
3118 620 3133 634 ·
3167 601 3226 654 ἐν
3253 600 3310 653 δέ
3342 599 3465 663 ταῖς
3498 596 3692 663 ἄλλαις

2098 697 2357 768 ἡμέραις,
2387 697 2478 750 ὅτε
2505 697 2656 769 παρά
2691 713 2835 758 τινος
2857 694 3296 767 προσενεχθεῐεν.

2681 811 2935 868 ΚΕΦΑΔ.
2973 810 3108 865 MG'.

2459 903 2597 971 nep!
2634 901 2740 956 τοῦ
2763 902 2852 971 μὴ
2905 900 3331 971 λαθροςσατεῖν.

2173 1021 2297 1075 τῶν
2333 1020 2433 1092 μὲν
2466 1018 2560 1074 οὖν
2584 1021 2726 1073 κατὰ
2760 1019 2860 1091 τὴν
2885 1021 3095 1091 τροφὴν
3124 1019 3298 1084 οὕτως
3329 1019 3460 1089 ύμῖν
3510 1017 3696 1071 διατυ-

2105 1111 2422 1176 πωθέντων,
2481 1114 2576 1166 καὶ
2627 1113 2841 1183 ἀποχὴν
2892 1111 3164 1184 λαθραίας
3192 1109 3452 1182 βρώσεως
3493 1127 3550 1163 τε
3602 1110 3700 1162 καὶ⁵

2105 1206 2321 1268 πόσεως
2378 1202 2754 1274 εῐηγούμεθα
2783 1219 2797 1232 ⁶
2843 1204 2940 1257 καὶ
2977 1203 3212 1272 φεύγετε
3261 1201 3472 1272 ταύτην
3525 1201 3698 1269 ὁπόση

2105 1297 2337 1366 δύναμις
2371 1312 2385 1326 °
2412 1299 2591 1350 ἐκεῖνο
2616 1295 2702 1349 διὸ,
2728 1295 2928 1360 παντὸς
2975 1297 3240 1366 φέρουσαι
3267 1296 3410 1348 κατὰ
3440 1292 3586 1358 νοῦν,
3615 1294 3703 1346 ὅτι

2107 1390 2202 1443 καλ⁵
2223 1389 2342 1443 κατ’
2397 1389 2574 1460 ἀρχὰς
2628 1387 2832 1458 βρῶσις
2875 1389 3025 1458 ἡμᾶς
3064 1389 3320 1458 ὑπήγαγε
3364 1385 3442 1457 τῷ
3486 1385 3703 1455 θανάτῳ

2111 1481 2414 1552 παρήκοος,
2458 1481 2553 1534 καὶ
2584 1483 2686 1548 τῆς
2709 1480 2768 1532 ἐν
2800 1477 3116 1550 παραδείσῳ
3147 1477 3428 1546 διαγωγῆς
3464 1475 3705 1530 ἀπεστέ-

2113 1589 2271 1643 ρησε,
2294 1571 2389 1625 τοῦ
2409 1570 2650 1642 πονηροῦ
2673 1571 2768 1625 καὶ
2788 1570 3101 1640 ἀρχεκάκου
3121 1568 3372 1639 δαίμονος
3395 1567 3568 1636 αὐτὴν
3590 1569 3704 1618 εἱσ-

2108 1667 2468 1735 ηγησαμένου
2503 1681 2517 1694 ·
2560 1663 2713 1726 ὅστις
2758 1661 2818 1726 ἐξ
2848 1663 3060 1716 ἐκείνου
3101 1661 3194 1715 καὶ
3242 1660 3408 1730 μέχρι
3441 1659 3538 1712 τοῦ
3585 1658 3701 1722 νῦν,

2112 1758 2174 1811 ού
2205 1755 2440 1809 παύεται
2467 1756 2581 1818 τοῖς
2610 1754 2702 1807 τὸν
2737 1753 2857 1807 κατ’
2890 1753 3057 1807 αὐτοῦ
3081 1753 3321 1822 πόλεμον
3364 1749 3706 1820 ἀναδεξαμέ-

2115 1865 2250 1912 νοις,
2275 1847 2352 1910 ὡς
2376 1848 2602 1917 ἀρχαῖον
2627 1845 2792 1900 ὅπλον
2831 1847 2931 1916 τὴν
2960 1844 3228 1912 λαθραίαν
3264 1844 3356 1897 καὶ
3389 1844 3706 1912 ἀπηγορευ-

2116 1941 2288 2010 μένην
2315 1938 2503 2005 γεῦσιν
2533 1938 2742 2010 βρωτοῦ
2775 1954 2921 2000 τινος
2953 1936 2987 2006 ἦ
3028 1935 3195 1990 ποτοῦ
3241 1933 3705 2006 προϐαλλόμενος.

2115 2031 2214 2085 καὶ
2247 2031 2324 2100 μὴ
2357 2031 2516 2099 μόνον
2545 2028 3009 2099 προϐαλλόμενος,
3050 2027 3187 2083 ἀλλὰ
3231 2027 3327 2081 καὶ
3388 2023 3708 2095 συνηγορῶν

2114 2123 2184 2191 τῇ
2213 2120 2451 2191 λαθραία
2478 2119 2688 2188 γεύσει,
2719 2120 2815 2175 καὶ
2842 2119 2987 2172 κατὰ
3015 2117 3181 2186 φύσιν
3224 2111 3369 2170 εἶναι
3429 2115 3606 2184 λέγων
3646 2113 3709 2168 τὸ

2117 2213 2353 2281 πρᾶγμα
2405 2213 2498 2267 καὶ
2555 2213 2890 2268 ἁναιτίατον.
2951 2211 3146 2282 Ὑμεῖς
3174 2210 3232 2264 δὲ
3267 2209 3344 2281 μὴ
3399 2209 3711 2278 ἀγνοήσητι

2117 2305 2286 2360 αὑτοῦ
2335 2307 2406 2359 τὰ
2461 2306 2732 2377 νοήματα,
2763 2306 2901 2376 πρὸς
2958 2305 3021 2359 τὸ
3048 2304 3201 2367 τέλος
3249 2305 3351 2374 τῆς
3396 2299 3712 2375 συμϐουλῆς

2119 2398 2429 2471 ἁφορῶσαι,
2462 2399 2546 2452 ὅτι
2570 2415 2676 2469 παρ
2689 2398 2889 2462 ἀϐασίς
2928 2399 3078 2453 ἐστιν
3109 2396 3352 2466 ἐντολῆς.

2724 2601 2983 2655 ΚΕΦΑΛ.
3014 2597 3096 2655 N'.

2672 2692 2811 2763 Περί
2841 2693 3158 2761 ἀκτησίας.

2200 2809 2316 2862 Ἵνα
2343 2809 2474 2877 γοῦν
2509 2811 2608 2874 τὴν
2636 2806 2895 2878 τοιαύτην
2938 2805 3144 2875 παγίδα
3193 2803 3288 2858 τοῦ
3339 2803 3588 2876 Πονηροῦ
3625 2803 3716 2856 εὖ·

2123 2900 2300 2972 χερῶς
2333 2900 2728 2973 ύπερῦαίνητε,
2763 2900 3036 2971 ἀκτησίαν
3078 2898 3315 2968 ἐσχάτην
3359 2899 3522 2968 ἡμεῖς
3584 2899 3715 2967 ὑμῖν

2121 2991 2513 3062 ἐπιτάττομεν,
2546 2991 2612 3044 τὰ
2645 2991 2882 3061 μέγιστα
2925 2989 3307 3060 συμϐαλέσθαι
3354 2988 3662 3059 δυναμένην
3694 3003 3710 3018 ο

2128 3085 2195 3155 ἢν
2230 3083 2624 3153 φυλάττουσαι,
2667 3085 2908 3153 ἀμογητὶ
2947 3082 3038 3135 τὸν
3087 3084 3186 3152 τῆς
3243 3080 3722 3151 λαθραιοφαγοπο-

2133 3176 2250 3238 σίας
2267 3174 2698 3244 διαδιδράσκοιτε
2727 3175 2971 3227 κίνδυνον
2997 3192 3010 3204 ·
3046 3176 3073 3228 ό
3109 3176 3217 3244 γὰρ
3260 3173 3398 3245 ἔχων
3428 3175 3616 3244 μηδὲν,
3641 3173 3722 3224 τί-

2130 3283 2220 3328 νος
2250 3265 2317 3318 ἂν
2348 3265 2638 3333 γεύσοιτο;
2678 3268 2888 3336 Ἀκραν
2919 3269 3212 3337 τοιγαροῦν
3240 3265 3508 3337 ὰκτησίαν
3543 3265 3720 3332 ἀσκή-

2134 3375 2288 3424 σατε,
2315 3359 2416 3410 οὐκ
2451 3359 2510 3411 ἐν
2541 3358 2789 3429 χρήμασι
2820 3359 2984 3428 μόνον
3009 3358 3177 3428 μέχρι
3211 3358 3307 3410 καὶ
3337 3357 3548 3422 ὀϐολοῦ,
3584 3357 3723 3410 ἀλλὰ

2134 3453 2226 3506 καὶ
2259 3452 2318 3504 ἐν
2357 3448 2618 3521 βρώμασι
2640 3467 2699 3504 τε
2726 3452 2820 3503 καὶ
2840 3451 3049 3521 πόμασι
3087 3450 3250 3520 μέχρι
3272 3450 3366 3504 τοῦ
3408 3449 3719 3520 ἐλαχίστου.

2134 3545 2298 3596 Ὥστε
2329 3544 2438 3613 γὰρ
2468 3544 2543 3614 μὴ
2575 3543 3013 3616 παραϐαίνεσθαι
3060 3546 3158 3614 τὴν
3195 3544 3454 3616 τοιαύτην
3501 3545 3723 3615 ἐντολὴν

2133 3636 2312 3708 ἡμῶν,
2345 3637 2442 3689 καὶ
2472 3640 2537 3706 τῇ
2579 3639 2908 3709 προεστώσῃ
2936 3639 3330 3710 εἰσηγούμεθα,
3362 3640 3576 3703 ὁσάκις,
3631 3640 3727 3692 καὶ

2132 3730 2222 3782 ὅτε
2252 3728 2495 3798 βούλοιτο
2525 3729 2808 3801 διερευνᾷν
2855 3731 3022 3800 ὑμᾶς,
3055 3732 3150 3784 καὶ
3180 3731 3349 3802 μηδὲν
3383 3733 3545 3785 πλέον
3579 3732 3726 3802 ἐχειν

2134 3821 2229 3891 ἐᾷν
2259 3820 2369 3872 τῶν
2415 3821 2566 3888 παρᾶ
2597 3819 2692 3873 τοῦ
2724 3820 3070 3876 κοινοὸιακοῦ
3119 3822 3346 3887 κανόνος
3407 3839 3727 3896 συγχωρου-

2139 3911 2339 3981 μένων.

2732 4027 2982 4082 ΚΕΦΛΛ.
3022 4027 3152 4084 NA'.

445 4125 598 4191 Quod
650 4141 752 4178 non
786 4123 1007 4176 debeant
1039 4117 1296 4172 moniales
1331 4118 1402 4191 ob_
1424 4118 1582 4191 τε]ρὶςὶ
1601 4114 1678 4191 με
1725 4113 2020 4170 coenobitico

2139 4116 2276 4187 Περὶ
2317 4117 2423 4191 τοῦ
2449 4116 2540 4191 μὴ
2575 4117 2706 4191 δεῖν
2735 4118 2843 4185 τὰς
2868 4121 3137 4191 nomqu
3165 4120 3265 4173 ἐπὶ
3314 4122 3444 4189 ταῖς
3473 4123 3579 4178 τοῦ
3627 4141 3730 4179 τυ-

715 4196 956 4248 instituto
991 4198 1275 4261 prtrcepta,
1313 4189 1490 4242 animo
1519 4187 1762 4256 deﬁcere.

493 4378 605 4434 “Ob
627 4374 940 4445 huiusmodi
974 4379 1160 4426 nostra
1185 4379 1479 4440 praecepta,
1511 4377 1569 4422 et
1595 4365 2026 4427 admonitiones,

2209 4188 2768 4269 nixoﬁAduoﬂﬂxatc
2788 4189 2921 4258 περὶ
2963 4190 3077 4260 τῆς
3111 4188 3494 4263 κοινοόιακῆς
3530 4194 3733 4264 διαγω-

2208 4259 2324 4327 γῆς
2347 4259 2620 4328 ἀθυμεῖν.

2213 4376 2346 4438 Ταῖς
2372 4374 2654 4438 τοιαύταις
2682 4375 2841 4445 ἡμῶν
2890 4375 3198 4449 ὑποθήκαις
3241 4381 3337 4432 καὶ⁵
3370 4381 3728 4451 εἰσηγήσεσιν

444 4484 552 4540 par
585 4477 670 4523 est
707 4482 803 4521 vos
842 4481 950 4520 non
987 4465 1164 4519 solum
1194 4463 1380 4516 animo
1408 4477 1518 4514 non
1554 4460 1815 4522 deficere,
1849 4472 2020 4527 neque

2145 4468 2206 4520 ού
2237 4467 2402 4537 μόνον
2429 4467 2504 4537 μὴ
2535 4467 2771 4536 ἀθυμεῖν
2800 4469 2970 4537 ὑμᾶς,
3003 4468 3126 4541 μηδ’
3162 4470 3458 4540 ἄχθεσθαι,
3479 4473 3612 4525 ἀλλὰ
3641 4473 3734 4524 καὶ

451 4560 693 4631 gravari,
722 4558 817 4613 sed
841 4559 1006 4612 etiam
1027 4555 1264 4627 gaudere
1289 4563 1346 4608 et
1367 4554 1676 4617 exsultare;
1713 4550 1862 4621 quod
1885 4565 2015 4605 omn

2140 4560 2354 4631 χαίρειν
2389 4559 2483 4614 καὶ
2522 4559 2888 4627 ἀγαλλιᾶσθαι
2915 4561 3063 4624 εἰκός
3092 4577 3108 4592 ο
3137 4563 3220 4616 ὅτι
3254 4563 3434 4634 πάσης
3465 4562 3734 4616 ἀπολελυο

452 4670 589 4709 cura
644 4654 861 4719 salutat,
895 4666 1067 4705 unum
1111 4663 1252 4718 opus
1281 4647 1489 4716 absque
1548 4645 1906 4699 distractione
1941 4643 2041 4696 ha-

2151 4652 2309 4723 μέναι
2340 4649 2643 4721 φροντίδος,
2686 4650 2746 4703 ἓν
2774 4651 2934 4721 ἔργον
2965 4652 3381 4722 ἀπερίσπαστον
3432 4652 3584 4720 ἕξετε
3637 4650 3737 4723 ’τὴν

428 4747 657 4812 .beatis,
692 4761 881 4800 curam
913 4743 1152 4806 scilicet,
1181 4750 1238 4796 et
1277 4738 1705 4794 sollicitudinem
1737 4735 2020 4805 spirituali:

2144 4743 2243 4811 τῆς
2271 4741 2648 4809 πνευματικῆς
2674 4744 2950 4812 σωτηρίας
2981 4743 3238 4814 φροντίδα
3267 4745 3358 4796 καὶ
3390 4744 3737 4813 ἐπιμέλειαν.

457 4839 672 4896 salutis.
708 4838 950 4892 Mensam
978 4835 1125 4890 enim
1155 4848 1504 4888 communem
1538 4831 1698 4885 vobis
1728 4830 2020 4899 paravimul

2145 4833 2441 4905 Τράπεζάν
2474 4850 2534 4886 τε
2563 4834 2672 4905 γὰρ
2691 4835 2877 4905 κοινὴν
2917 4836 3047 4906 ὑμῖν
3076 4834 3462 4906 ἡτοιμάσαμεν
3517 4836 3736 4899 οὐδενὸς

458 4932 609 4985 nulla
641 4948 700 4984 re
726 4929 1039 4985 necessaria
1071 4927 1434 4996 indigentem,
1463 4941 1492 4979 a
1528 4939 1658 4992 qua,
1692 4923 1845 4978 nulla
1876 4937 2020 4977 caus:

2149 4926 2260 4979 τῶν
2283 4926 2601 4993 ἀναγκαίων
2634 4926 2822 4998 ἐπιδεῆ
2853 4943 2868 4956 ·
2897 4927 2964 4998 ἢν
2993 4925 3087 4980 καὶ
3117 4927 3267 4992 ἕξετε
3331 4929 3496 5000 μέχρι
3532 4929 3736 4990 παντὸς

460 5023 548 5077 vel
588 5029 856 5092 praetextu
915 5020 1110 5074 abesse
1155 5019 1448 5088 poteritis,
1485 5016 1641 5071 nullo
1696 5017 1871 5072 modo
1919 5031 2020 5071 ean

2151 5022 2532 5091 ἀπαραίτητόν
2564 5039 2624 5075 τε
2652 5023 2749 5076 καὶ
2772 5024 3206 5094 ἀπροφάσιστον,
3242 5025 3369 5077 κατ’
3389 5023 3582 5077 οὐδένα
3611 5025 3741 5093 τρό-

463 5117 872 5181 detrectantes;
914 5116 1017 5170 etsi
1055 5130 1276 5184 quoque
1312 5113 1495 5180 aliqua
1525 5113 1758 5176 diceret,
1791 5126 1851 5166 se
1880 5125 2046 5166 exer-

465 5206 748 5260 citationis
799 5205 976 5275 gratia
1025 5221 1053 5258 a
1081 5203 1363 5258 communi
1422 5217 1611 5257 mensa
1646 5203 1790 5258 velle
1823 5202 2041 5256 abesse.

466 5301 722 5355 Attamen
760 5301 890 5353 licet
926 5297 1305 5368 prmsenti,cx
1337 5296 1566 5365 singulis
1601 5312 1724 5366 quae
1754 5311 2046 5366 apponun-

2153 5135 2257 5170 πον
2315 5117 2490 5188 αὐτὴν
2550 5118 3012 5189 παραιτούμεναι.
3069 5119 3191 5176 Κᾶν
3229 5120 3337 5190 γὰρ
3395 5118 3464 5173 δι’
3503 5120 3743 5191 ἄσκησιν

2154 5208 2290 5280 λέγῃ
2318 5225 2401 5272 τις
2458 5208 2665 5264 ἐθέλειν
2725 5210 2825 5281 τῆς
2865 5216 3052 5283 κοινῆς
3100 5213 3382 5283 τραπέζης
3425 5213 3744 5284 ἀπολιμπά-

2157 5303 2366 5366 νεσθαι,
2393 5303 2507 5356 ἀλλ’
2524 5303 2644 5367 ἐξὸν
2685 5305 2781 5358 καὶ
2806 5306 3058 5377 παρούσῃ
3086 5307 3341 5374 γενέσθαι
3385 5308 3484 5378 μὲν
3507 5309 3744 5362 ἐκὰστου

463 5398 557 5444 tur
586 5399 810 5459 gustare
841 5387 1090 5457 quidem,
1133 5386 1288 5454 juxta
1334 5399 1593 5454 magnum
1638 5385 1900 5440 Basiliam
1936 5390 2017 5446 (5|

2158 5393 2268 5446 τῶν
2335 5395 2814 5466 παρατιθεμένων,
2869 5397 3010 5450 κατὰ
3071 5398 3164 5450 τὸν
3214 5399 3388 5470 μέγαν
3437 5399 3744 5456 Βασίλειον.

1744 5506 2207 5570 Montfauconii
2263 5517 2451 5573 notua.

540 5611 650 5682 (50)
679 5608 888 5694 Εὶςῃτᾴ
941 5607 1108 5689 Ἀῖςα
1139 5605 1258 5694 ζῶν
1294 5607 1495 5694 ’ἁγίων
1528 5606 1791 5662 εἰσόδου.
1822 5607 2020 5694 ξεςιηη

2159 5612 2448 5694 templum:

463 5677 755 5751 Ingressus
782 5681 1025 5747 Deipara:
1051 5680 1103 5731 iu
1144 5679 1340 5751 Sancta
1359 5688 1710 5751 sanctorum,
1736 5686 1822 5733 est
1844 5677 2044 5732 festum

2227 5683 2342 5764 (fit)
2399 5683 2564 5739 Basil.
2629 5685 2765 5759 Reg.
2838 5686 3013 5747 fusius
3069 5691 3470 5764 disputaturum
3521 5685 3740 5763 ἐρωτήκ

458 5747 942 5816 ,Ρι-Ξιιευηιιιιιοηίε,
993 5751 1049 5802 in
1107 5764 1216 5817 quo
1275 5747 1506 5820 Dcipara
1563 5749 1806 5819 ingressa
1851 5759 1935 5806 est
1990 5750 2045 5803 in
2156 5747 2246 5804 σει
2272 5747 2358 5807 l8.
