4064 6442
405 407 548 473 1079

965 521 1188 578 CAPUT
1233 521 1408 579 LVIH.

1032 614 1106 668 De
1137 615 1347 670 balneo.

471 707 664 765 Restat
715 717 774 763 ut
802 710 869 764 de
906 707 1107 764 balneo
1153 720 1368 782 agatur.
1397 710 1668 766 anemus
1703 711 1886 780 itaque
1922 727 1954 764 ιι

399 797 544 855 bene
570 799 818 856 valentes
840 802 1123 858 monachae
1139 803 1370 874 singulis
1392 803 1676 859 mensibus
1698 802 1976 868 laventur;

398 907 556 960 aegrae
579 908 735 959 vero,
766 895 986 964 quoties
1009 895 1186 950 morbi
1212 896 1423 965 peritus
1441 895 1692 950 medicus
1717 895 1978 950 lotionem

399 983 593 1040 utilem
625 1000 747 1041 esse
770 986 974 1042 dixerit
1009 988 1144 1059 :qui
1169 988 1334 1044 etiam
1365 989 1558 1044 morbo
1583 997 1978 1059 congruentem

397 1075 606 1133 victum
631 1077 920 1135 indicabit.

997 1220 1222 1320 CAPUT
1256 1264 1395 1318 LIX.

611 1351 694 1406 De
722 1351 1058 1408 solemnitate
1080 1356 1136 1409 in
1177 1354 1506 1411 Domitiana
1541 1355 1806 1428 Deiparte.

475 1465 536 1520 ln
583 1463 701 1534 ipsa
749 1465 924 1545 prima
956 1466 1301 1523 Dormitione
1333 1468 1507 1540 gratia
1537 1473 1714 1540 plenze
1739 1471 1987 1528 Dominae

403 1563 608 1612 nostras
652 1556 922 1626 Deiparze,
950 1557 1185 1614 sublatis
1217 1562 1549 1627 crateribus,
1579 1565 1987 1634 suspendantur

402 1657 665 1718 argentea
709 1650 1067 1721 polycandela
1118 1651 1310 1707 multis
1347 1653 1651 1710 luminibus
1693 1656 1985 1728 instructa,

401 1749 680 1811 argenteae
723 1743 1166 1814 chytrocandelz'e
1199 1753 1257 1800 et
1295 1747 1542 1817 argentei
1600 1757 1884 1818 crateres;
1932 1761 1988 1807 et

402 1831 530 1889 oleo
559 1849 686 1889 cum
716 1849 861 1905 aqua
899 1835 1165 1890 adornata
1200 1836 1317 1894 haec
1345 1840 1531 1893 omnia
1564 1843 1960 1898 accendantur.
2018 1861 2064 1920 Β

475 2013 638 2071 Cerei
691 2032 822 2074 vero
866 2024 1293 2093 compingantur
1338 2040 1464 2080 cum
1505 2025 1836 2085 bambacino
1875 2031 1987 2100 filo,

405 2120 502 2160 seu
526 2107 826 2179 ellycbnio.
854 2111 909 2165 in
933 2111 1135 2168 lamnis
1165 2117 1496 2186 templorum
1522 2129 1578 2173 et
1603 2121 1990 2177 adorationum

406 2199 709 2265 statuendi,
735 2203 828 2271 qui
865 2203 1012 2272 ipsas
1036 2205 1248 2260 lamnas
1269 2207 1555 2278 impleant.
1579 2212 1779 2282 singuli
1807 2214 1994 2283 pondo

405 2302 504 2344 sex
544 2291 856 2347 unciarum.
896 2295 954 2348 In
991 2297 1342 2353 candelabris
1377 2309 1560 2355 autem
1602 2301 1991 2360 duodenorum

405 2378 703 2444 luminum.
733 2383 1016 2440 collocatis
1050 2396 1177 2442 ante
1211 2399 1456 2444 sanctam
1496 2393 1743 2463 Deiparte
1793 2395 1990 2468 imagi-

405 2486 557 2538 nem,
581 2475 920 2545 propositam
954 2479 1018 2532 ad
1046 2479 1449 2546 adorationem,
1478 2488 1623 2540 cerei
1650 2489 1814 2544 unius
1839 2491 1995 2548 libra:

406 2573 534 2614 cum
559 2561 841 2633 ellycbnio
872 2565 1227 2625 bambacino.
1253 2570 1310 2626 ln
1341 2575 1574 2630 ecclesia
1605 2592 1758 2644 vero,
1792 2581 1994 2635 cande-

405 2649 576 2706 labris
627 2651 986 2723 imponantur
1035 2667 1278 2727 quatuor
1329 2665 1479 2718 cerei
1531 2681 1624 2720 sex
1677 2668 1992 2738 librarum;

406 2739 464 2794 in
499 2749 737 2812 utroque
765 2746 1065 2802 venerandi
1092 2748 1284 2806 altaris
1312 2751 1506 2817 latere,
1541 2753 1651 2809 duo
1676 2771 1770 2812 sex
1799 2762 1991 2816 uncia~

405 2847 551 2888 rum.
580 2833 639 2888 ln
667 2839 1042 2895 monumentis
1067 2841 1387 2915 ubicunque
1431 2847 1564 2910 sint,
1593 2851 1762 2904 statui
1789 2852 1994 2909 debent

405 2926 550 3002 cerei
601 2939 842 2998 quatuor
882 2932 1196 3001 unciarum,
1250 2936 1306 2990 in
1357 2938 1593 3011 singulis
1644 2959 1813 3009 unus,
1865 2962 1993 3004 cum

405 3015 669 3074 defuncta
708 3035 943 3092 corpora
979 3024 1055 3079 ibi
1087 3025 1336 3097 deposita
1369 3029 1596 3087 fuerint.
1622 3034 1775 3105 Aqua
1808 3046 1994 3094 autem

407 3119 655 3174 rosacea,
691 3109 900 3182 lignum
932 3115 1106 3182 aloes,
1140 3126 1197 3172 et
1233 3118 1543 3177 sullimenta
1575 3133 1689 3179 tum
1725 3127 1999 3184 submini-

1669 415 1958 474 IRENES
1995 415 2143 476 AUG
2159 417 2371 476 USTIE

2007 525 2054 579 Α

3541 414 3680 481 1080

2665 525 2918 580 ΚΕΦΔΛ.
2958 525 3090 581 NH'.

2641 615 2780 684 Περὶ
2829 617 3115 686 λουτροῦ.

2159 709 2362 763 Λοιπὸν
2391 707 2435 762 δ’
2464 709 2530 762 ἂν
2561 707 2649 778 εἴη
2689 710 2782 762 κα)⁸
2813 709 2944 780 περὶ
2983 708 3210 780 λουτροῦ
3231 709 3533 768 διαλαϐεῖν.
3567 713 3677 767 Κε-

2087 805 2319 872 λεύομεν
2365 802 2463 856 οὖν
2503 801 2759 856 λούεσθαι
2801 802 2902 866 τὰς
2950 803 3306 871 ὑγιαινούσας
3337 807 3682 874 μοιιαζούσας

2089 893 2212 948 καθ’
2243 894 2478 947 ἕκαστον
2513 894 2662 964 μῆνα
2682 909 2698 926 ο
2735 894 2869 947 αἰδὲ
2903 893 3179 958 νοσοῦσαι,
3210 895 3399 959 ὁσάκις
3427 897 3495 951 ἂν
3525 899 3553 951 ὀ
3581 899 3682 970 τῆς

2089 987 2248 1040 νόσου
2277 986 2609 1056 διαγνώμων
2664 983 2853 1056 ἰατρὸς
2902 987 3186 1057 συμφέρον
3221 987 3494 1058 ὑπάρχειν
3533 989 3682 1044 εἴποι

2089 1079 2149 1131 τὸ
2185 1077 2506 1143 λούσασθαι,
2563 1078 2711 1142 ὅστις
2760 1077 2856 1132 καὶ
2911 1078 3042 1149 περὶ
3077 1081 3176 1151 τῆς
3226 1079 3573 1150 καταλλήλου
3611 1085 3679 1154 τῇ

2090 1171 2231 1242 νόσῳ
2260 1169 2486 1240 λαλήσει
2511 1170 2743 1242 τροφῆς.

2679 1261 2933 1316 ΚΕΦΛΛ.
2966 1261 3096 1316 ΝΘ¹.

2091 1350 2229 1420 Περί
2254 1350 2365 1420 τῆς
2377 1351 2530 1406 κατὰ
2551 1351 2660 1420 τὴν
2678 1352 2978 1422 Κοίμησιν
2995 1353 3105 1423 τῆς
3129 1355 3426 1412 Θεοτόιὶου
3445 1355 3530 1425 eo;
3548 1355 3675 1427 τῆς.

2176 1464 2266 1518 Ἐν
2293 1465 2430 1534 αὐτῇ
2462 1463 2658 1535 πρώτῃ
2701 1466 2768 1536 τῇ
2808 1465 3208 1536 ’κοιμήσει(55)
3249 1465 3349 1538 τῆς
3380 1485 3684 1539 κεχαριτω-

2094 1556 2266 1629 μένης
2308 1558 2608 1627 Δεσποίνης
2657 1557 2817 1628 ήμῶν
2872 1557 3164 1622 Θεοτόκου,
3215 1558 3525 1629 αἰρομένων
3575 1559 3686 1612 τῶν

2093 1650 2415 1721 κρατήρων,
2461 1649 2872 1720 κρεμάσθωσαν
2904 1649 3123 1720 ἀργυρᾶ
3162 1649 3543 1722 πολυκάνδηλα
3572 1650 3685 1721 (54)

2092 1740 2163 1794 τὰ
2194 1741 2538 1810 πολυφώτια,
2580 1741 2677 1794 καὶ
2711 1743 2767 1796 αἰ
2814 1744 3058 1812 ἀργυραῖ
3101 1741 3562 1813 χυτροκανδῆλαι,
3593 1744 3687 1796 καὶ

2093 1835 2142 1888 οἰ
2167 1835 2401 1906 ἀργυροῖ
2429 1835 2728 1906 κρατῆρες,
2763 1836 2860 1888 καὶ
2890 1834 3056 1905 ὲλαίῳ
3093 1834 3234 1906 μετά
3262 1833 3454 1899 ὓδατος
3485 1837 3686 1907 ἀρτυό-

2097 1944 2230 1996 μενα
2269 1927 2636 1980 ἀπτέσθωσαν
2663 1927 2865 1982 πάντα.

2165 2016 2351 2086 Κηρία
2379 2016 2435 2069 δὲ
2473 2015 2877 2086 πηγνύσθωσαν
2919 2016 3056 2086 μετά
3098 2015 3466 2088 βαμϐακηροῦ
3500 2017 3685 2087 νήμαο

2093 2125 2185 2171 τος
2217 2107 2354 2178 (55).
2389 2107 2445 2160 εν
2469 2124 2529 2160 τε
2561 2109 2682 2168 ταῖς
2717 2105 2955 2176 λάμναις
2985 2106 3099 2176 (56)
3131 2107 3240 2159 τῶν
3261 2106 3519 2175 τέμπλων
3548 2106 3686 2174 (57),

2096 2199 2190 2251 καὶ
2237 2198 2346 2252 τῶν
2377 2199 2824 2270 προσκυνήσεων,
2859 2197 2928 2251 τὰ
2973 2196 3290 2269 πληροῦντα
3334 2198 3526 2263 αὑτὰς,
3566 2214 3691 2251 στα-

2098 2291 2235 2362 θμὸν
2282 2290 2342 2357 ἓξ
2374 2291 2616 2359 οὑγγιῶν
2659 2291 2892 2344 ἕκαστον
2926 2291 3180 2346 ἕλκοντα.
3219 2290 3309 2344 Ἐν
3340 2289 3398 2343 δὲ
3443 2291 3552 2351 τοῖς
3579 2289 3689 2358 πρὸ

2096 2384 2197 2450 τῆς
2224 2384 2598 2454 προκειμένης
2635 2385 2716 2446 εἰς
2747 2383 3123 2455 προσκύνησιν
3155 2383 3316 2452 ἁγίας
3345 2382 3556 2444 εἰκόνος
3587 2380 3687 2450 τῆς

2096 2477 2364 2531 Θεοτόκου
2387 2477 2702 2547 ἱσταμένοις
2720 2477 3159 2546 δωδεκαφωτίοις
3179 2474 3527 2546 μανουα).ἱοις
3547 2473 3686 2542 (58),

2097 2572 2342 2642 λιτραία,
2397 2570 2537 2639 μετά
2589 2569 2957 2640 βαμϐακηροῦ
3009 2569 3274 2640 νήματος.
3330 2569 3426 2632 Εἰς
3476 2568 3533 2620 δὲ
3587 2567 3685 2637 τὴν

2094 2663 2391 2732 ἐκκλησίαν
2414 2662 2759 2716 ἰστάσθωσαν
2792 2664 2886 2716 ἐπὶ
2921 2661 3263 2733 μανουαλίων
3294 2660 3431 2731 (58')
3464 2658 3684 2728 λαμπά-

2095 2755 2184 2819 δες
2213 2754 2328 2824 (59)
2361 2753 2706 2824 ἐξαλιτραται
2733 2755 3025 2826 τέσσαρες,
3059 2751 3192 2825 παρ’
3220 2753 3462 2820 ἑκάτερα
3502 2751 3560 2804 δὲ
3590 2747 3685 2804 τοῦ

2099 2847 2301 2902 σεπτοῦ
2356 2846 2750 2916 θυσιαστηρίου
2805 2845 2901 2900 δύο
2949 2846 3290 2916 ὲξαούγγιοι.
3336 2845 3422 2898 Ἐν
3473 2843 3531 2897 δὲ
3573 2844 3687 2904 τοῖς

2095 2940 2290 3008 τάφοις
2318 2940 2433 3002 τοῖς
2482 2937 2851 3008 ὁπουδήποτε,
2905 2937 3220 3007 ὀφείλουσιν
3269 2933 3552 2999 ἵστασθαι,
3583 2951 3688 3003 κη-

2101 3031 2191 3100 ρία
2215 3029 2585 3102 τετραούγγια
2618 3028 2723 3081 ave
2759 3028 2838 3092 ἓν,
2874 3028 2964 3080 ὅτε
2996 3027 3200 3081 τεθῶσι
3239 3026 3470 3094 λείψανα
3492 3040 3505 3055 °
3537 3024 3690 3095 ῥοδο-

2102 3121 2396 3189 στάγματα
2438 3121 2514 3185 δὲ,
2572 3120 2668 3173 καὶ
2716 3118 2996 3183 ξυλαλόαι,
3039 3117 3134 3192 καὶ
3179 3116 3507 3186 θημιάματα
3535 3113 3689 3182 ὀφεί-

407 3200 758 3270 strabuntur,
791 3220 918 3261 cum
954 3208 1211 3278 praelecta
1248 3211 1300 3267 id
1339 3216 1602 3284 expedire
1631 3217 1991 3288 judicaverit.

2099 3212 2254 3264 λουσι
2307 3208 2707 3281 χορηγεῖσθαι,
2766 3207 2890 3262 ὅθεν
2940 3206 3008 3262 ἂν
3070 3208 3276 3278 συνορᾷ
3324 3207 3358 3278 ή
3408 3203 3690 3276 ἡγουμένη

476 3386 692 3442 Dentur
741 3390 908 3445 etiam
954 3389 1008 3444 in
1061 3392 1166 3447 hoc
1199 3391 1344 3447 festo
1376 3394 1443 3449 ad
1487 3397 1691 3452 ostium
1729 3398 1996 3460 fratribus

406 3479 611 3532 nostris
634 3481 992 3549 pauperibus,
1017 3498 1186 3552 panes
1207 3484 1432 3554 quidem
1461 3488 1629 3544 trium
1657 3491 1993 3562 [tiodiorum,

404 3569 617 3623 nummi
641 3585 774 3625 vero
798 3573 1192 3629 nomisinatum
1220 3590 1318 3631 seu
1341 3578 1643 3636 solidorum
1667 3598 1990 3654 asperorum

407 3674 538 3725 sex;
571 3661 692 3717 vice
725 3672 908 3720 autem
941 3665 1158 3724 obsonii
1191 3685 1385 3727 recens
1413 3684 1702 3742 captorum
1734 3678 1992 3749 piscium,

407 3750 476 3804 ad
518 3767 764 3808 mensam
800 3757 1044 3813 ascetice
1079 3757 1401 3832 degentium
1437 3779 1692 3822 sororum
1729 3773 1991 3841 appositi,

405 3844 570 3901 solidi
601 3849 782 3918 asperi
813 3851 907 3922 qui
941 3853 1078 3908 satis
1109 3854 1242 3922 sint,
1275 3855 1392 3912 sive
1422 3859 1518 3929 qui
1553 3863 1941 3932 aequivaleant.

1009 3965 1240 4024 CAPUT
1269 3969 1360 4024 LX

620 4051 698 4106 De
731 4053 1068 4112 solemnitate
1100 4059 1153 4112 in
1188 4057 1484 4116 Nativitate
1515 4063 1776 4137 Deiparaz.

477 4208 538 4263 In
594 4209 946 4267 solemnitate
998 4221 1182 4267 autem
1241 4214 1558 4274 Nativitatis
1619 4221 1891 4294 Deiparae,
1929 4243 1995 4280 ex

407 4305 586 4359 cereis
614 4304 668 4360 in
691 4307 1041 4362 candelabris
1061 4308 1446 4365 duodenornm
1473 4313 1745 4370 lnminum
1776 4319 1996 4388 positis,

2109 3301 2463 3372 ἐνδεχόμενον
2496 3297 2659 3356 εἶναι.

2178 3391 2506 3446 Διαδιδόσθω
2535 3391 2612 3456 δὲ,
2643 3391 2738 3444 καὶ
2761 3390 2906 3444 κατά
2934 3391 3034 3462 τὴν
3073 3389 3266 3463 ἑορτὴν
3297 3389 3503 3459 ταύτην
3529 3387 3586 3441 ἐν
3610 3387 3692 3459 τῷ

2105 3485 2316 3540 πυλῶνι
2344 3489 2456 3547 τοίς
2494 3484 2747 3552 ἀδελφοῖς
2773 3485 2932 3555 ἡμῶν
2965 3485 3073 3546 τοίς
3111 3485 3311 3552 πένησι
3354 3479 3545 3551 ψωμία
3577 3477 3690 3552 (ϋο)

2104 3580 2208 3651 μὲν
2255 3577 2455 3649 μοδίων
2496 3575 2689 3647 τριῶν,
2742 3575 2991 3646 νουμμία
3039 3575 3095 3630 δὲ
3150 3575 3503 3646 νομισμάτων
3555 3589 3693 3643 τρα-

2103 3672 2244 3742 χέων
2276 3669 2389 3741 (61)
2435 3669 2519 3736 ἒξ,
2553 3668 2888 3740 παρεχέσθω
2912 3668 2970 3722 δὲ
3014 3669 3109 3722 καὶ
3142 3667 3282 3738 ὑπὲρ
3309 3663 3541 3734 ὀψωνεου
3572 3680 3696 3716 νεα-

2107 3765 2217 3837 ρῶν
2251 3761 2450 3834 ἰχθύων
2477 3763 2576 3833 τῆς
2619 3763 2905 3834 τραπέζης
2935 3761 3044 3815 τῶν
3087 3757 3510 3830 ινασκουμένων
3541 3755 3694 3811 am.

2106 3859 2244 3928 φῶν,
2277 3856 2592 3927 νομίσματα
2616 3855 2826 3925 τραχέα
2857 3855 2928 3908 τὰ
2953 3851 3253 3925 ἀρκοῦντα.

2709 3966 2963 4020 ΚΕΦΑΛ.
3009 3963 3085 4020 Ξ’.

2175 4061 2316 4129 Περί
2355 4056 2466 4126 τῆς
2503 4060 2656 4114 κατὰ
2694 4059 2811 4183 th:
2840 4061 3151 4141 Γέιςνησιν
3183 4055 3294 4128 τῆς
3327 4059 3620 4117 Θεοτόκου

2813 4147 3019 4183 omne.

2813 4147 3019 4186 ootnc.

2780 4148 2846 4183 eo
2886 4148 2915 4183 τ
3001 4168 3019 4186 .

2189 4227 2280 4280 Ἐν
2302 4228 2359 4280 δὲ
2392 4229 2458 4298 τῇ
2486 4227 2649 4297 ἑορτῇ
2680 4225 2778 4293 τῆς
2800 4148 3115 4294 Γξννῒήςσεως
3137 4225 3235 4293 τῆς
3256 4223 3522 4277 Θεοτόκου
3546 4220 3698 4290 ὀρει-

2106 4320 2291 4375 λουσιν
2317 4321 2588 4376 ἅπτεσθαι
2617 4319 2726 4373 ἀπὸ
2757 4317 2867 4371 τῶν
2898 4317 3206 4388 ἱσταμένων
3229 4316 3443 4387 κηρίων
3482 4316 3542 4368 ὲν
3581 4315 3696 4375 τοῖς

1669 4433 2128 4497 Montfaueonii
2164 4445 2350 4500 notas.

483 4529 596 4596 (53)
621 4529 828 4604 Πρώτη
862 4529 936 4596 τῇ
961 4532 1260 4604 κοιμήονειξ
1296 4532 1508 4604 Dicitur
1560 4537 1739 4604 prima
1775 4538 1998 4593 Dormi-

411 4600 512 4664 tio,
541 4616 648 4654 non
682 4601 829 4675 quod
887 4600 1131 4654 secunda
1181 4602 1514 4675 celebretur.
1543 4600 1641 4659 sed
1681 4608 1828 4675 quod
1881 4609 1999 4663 haec

408 4678 558 4726 esset
621 4669 898 4740 praecipua
955 4679 1012 4725 et
1057 4672 1294 4727 maxima
1353 4675 1600 4728 omnium
1668 4669 1996 4734 monasterii

409 4742 851 4796 solemnitatum.
1627 4760 1629 4763 ·

481 4812 594 4882 (54)
633 4808 1103 4888 Πολυκάνᾷηνία.
1137 4812 1345 4888 Funale
1398 4817 1588 4871 multis
1650 4818 2001 4888 lampadibus

410 4893 689 4961 ornatum,
722 4898 752 4936 e
788 4882 1033 4961 laqueari
1101 4884 1348 4961 ecclesiae
1400 4889 1666 4961 pendens.
1705 4882 1884 4961 ρους.
1942 4891 1997 4944 in

412 4951 584 5006 Gloss.
614 4952 814 5025 Gragco.
852 4953 968 5025 Non
1015 4951 1431 5025 candelabrum)
1484 4967 1540 5010 nt
1593 4959 1669 5012 ait
1704 4951 1996 5025 Meursius,

410 5037 543 5145 Ῥειτῐῖ
603 5022 846 5094 κάνδηλοι
894 5022 1239 5090 lampadem,
1295 5042 1406 5082 non
1469 5029 1757 5084 candelam
1823 5022 1998 5102 signi;

433 5107 514 5145 lca
549 5134 564 5145 .

433 5107 564 5146 tcat.

483 5162 594 5230 (55)
626 5161 1088 5237 χυτροκανδῆλαι,
1120 5165 1403 5238 lampades
1455 5171 1630 5227 instar
1686 5171 1808 5227 olla:
1861 5187 1999 5228 eon-

410 5246 582 5289 cavsa

484 5303 598 5382 (56)
635 5303 1009 5382 βαμϐακηρὸν
1036 5312 1210 5382 νῆμα,
1242 5320 1326 5366 est
1344 5312 1494 5368 ﬂium
1525 5312 1611 5366 vel
1639 5312 1997 5382 ellycbnium,

410 5388 478 5428 ex
506 5375 789 5454 bambaee,
815 5391 912 5430 seu
938 5375 1204 5452 gessipio,
1242 5383 1407 5453 vulgo
1445 5393 1621 5448 coton,
1651 5375 1730 5437 ad
1746 5375 1998 5454 eompinL

411 5445 644 5512 gendam
675 5462 883 5502 ceram.

487 5515 1182 5594 (⁵7)Αά1ιν(ίές-Λάμναι,
1231 5533 1364 5581 sunt
1407 5524 1646 5589 laminae,
1695 5523 1762 5578 de
1797 5523 2002 5594 quibus

409 5583 617 5663 Clessa:
644 5583 746 5642 ms.
780 5583 1041 5661 σιδηροῦς
1055 5583 1216 5662 ὀχεῦς
1274 5595 1334 5647 ὃν
1372 5595 1588 5663 λάμναν
1633 5583 1918 5659 καλοῦσιν,
1945 5594 1998 5648 id

410 5664 518 5734 est,
551 5657 791 5734 ferreum
843 5657 1229 5734 retinacu'l'um,
1263 5665 1408 5734 quod
1447 5657 1698 5720 'lamnam
1753 5657 1997 5731 vocant;

412 5723 498 5804 liae
547 5737 732 5804 autem
780 5729 996 5804 laminae
1041 5733 1108 5804 fin
1164 5723 1432 5790 circulum
1465 5735 1787 5804 compositae
1818 5723 1998 5794 erant,

413 5793 536 5874 illas
563 5799 710 5851 enim
741 5803 885 5874 cerei
923 5803 1248 5874 implebant,
1279 5814 1338 5860 ut
1362 5807 1413 5858 in
1445 5793 1833 5869 textu-cernis.
1863 5793 1999 5864 Vide

413 5872 712 5939 utrumque
751 5872 1034 5932 eruditiss.
1061 5874 1254 5949 Gangii
1288 5875 1639 5934 Glossarium.

2180 4541 2291 4612 (58)
2329 4521 2636 4611 few-mw.
2665 4539 2910 4612 τέμπλον
2949 4539 3174 4612 videtur
3221 4554 3342 4593 esse
3391 4537 3692 4604 ciborium,

2107 4609 2204 4667 seu
2227 4609 2464 4682 tegmen.
2481 4628 2545 4667 ac
2562 4609 2945 4682 umbraculum
2968 4609 3181 4682 altaris,
3205 4618 3261 4682 et
3279 4624 3446 4682 sacrae
3466 4624 3692 4682 mensae,

2104 4683 2251 4752 quod
2284 4679 2432 4737 forte
2460 4699 2488 4736 τι
2524 4680 2961 4753 cymbaejmra
2996 4680 3339 4753 cymbarium
3375 4679 3600 4753 dicitur,
3635 4680 3691 4733 in

2105 4750 2321 4830 §ylloge
2352 4750 2731 4830 epistularum
2774 4750 3218 4830 Hibernia-rum.
3251 4750 3394 4830 Haec
3444 4750 3693 4830 eruditus

2101 4821 2436 4885 Cbteleritts,
2473 4834 2622 4877 tomo
2665 4821 2732 4877 lll
2769 4821 3010 4875 Monum.
3060 4821 3308 4876 Ecclesia:
3351 4821 3569 4881 Grtrcm,
3596 4821 3689 4871 cui

2104 4904 2376 4965 consonat
2403 4909 2656 4965 summus
2690 4894 2776 4965 vir
2823 4892 3066 4965 Cangius
3099 4892 3154 4945 in
3185 4891 3459 4965 Glossario
3483 4889 3688 4965 Gnaeo.

2103 4964 2239 5019 Cum
2261 4965 2430 5034 igitur
2451 4964 2587 5019 nihil
2611 4964 2819 5019 certius
2836 4959 3161 5029 habeamus,
3182 4963 3250 5017 ad
3267 4959 3518 5017 laudatos
3539 4959 3691 5010 viros

2107 5036 2464 5089 remittimus.

2177 5105 2269 5173 (58
2289 5106 2327 5170 ')
2360 5105 2703 5168 Μανουάλια,
2723 5102 3078 5170 candelabra,
3105 5103 3252 5172 quod
3285 5099 3498 5173 scilicet
3525 5113 3690 5173 manu

2103 5169 2315 5243 gestari
2338 5177 2573 5230 soleant.
2626 5176 2751 5230 Haec
2800 5191 2905 5230 vox
2937 5169 3137 5245 passim
3165 5171 3410 5229 occurrit
3435 5169 3581 5239 apud
3605 5184 3688 5223 se-

2104 5245 2319 5316 quioris
2338 5248 2437 5300 aevi
2469 5246 2713 5301 Graecos.

2179 5315 2664 5394 Αᾳμετάὸες.
2695 5315 2874 5394 Magni
2902 5313 3224 5394 cereihsive
3267 5310 3442 5394 iaces.
3546 5380 3560 5394 ο
3645 5380 3659 5394 .

2177 5383 2290 5450 (60)
2329 5387 2534 5455 Ψωμιά
2562 5387 2709 5457 apud
2739 5383 2960 5441 Graecos
2985 5383 3150 5457 medii
3178 5384 3302 5448 aevi,
3327 5397 3496 5453 panes
3516 5383 3692 5451 signi-

2105 5457 2291 5519 ficant,
2327 5454 2470 5526 apud
2493 5454 2737 5527 nuperos
2768 5457 2972 5527 dicitur
2993 5454 3170 5522 ψωμι.

2177 5527 2291 5596 (61)
2321 5522 2596 5596 Νουμμιὰ
2619 5527 2688 5581 δὲ
2708 5523 3096 5596 νομισμάτων
3110 5522 3399 5596 τραχέων.
3422 5522 3693 5596 Νόμισμα

2105 5593 2306 5668 τραχῦ,
2338 5593 2672 5652 εευέὸίἰιίιιε
2690 5593 2873 5668 asper,
2893 5593 3187 5668 duodecim
3203 5593 3550 5668 milliaresiis
3572 5595 3691 5647 sive

2107 5664 2386 5740 argenteis
2414 5676 2540 5722 ante
2561 5664 3011 5740 reformationem
3038 5664 3216 5740 Alexii
3238 5665 3534 5740 Contneni,
3553 5677 3693 5740 qua-

2107 5735 2234 5793 tuor
2260 5753 2391 5793 vero
2455 5749 2581 5807 post
2613 5741 2758 5792 illam
2802 5736 3255 5791 reformationem
3301 5735 3688 5807 :equivalebat.

2105 5810 2351 5880 νουμμία.
2383 5803 2536 5873 vero,
2561 5825 2682 5878 qua:
2715 5809 2770 5864 in
2800 5811 3053 5889 sequenti
3097 5807 3276 5888 Qpere
3325 5803 3522 5889 νρυμια
3551 5803 3688 5886 χάλσ

2105 5897 2207 5936 κεα
2231 5888 2520 5946 vocantur,
2550 5891 2668 5937 erat
2714 5887 2936 5938 moneta
2981 5887 3232 5937 omnium
3288 5887 3682 5939 minutissmn,
