4064 6426
303 431 436 494 ίύὃι

1741 433 2108 499 TYPICUM.

3421 439 3556 503 1032

279 540 742 613 δωόελαφωτίοις,
770 541 876 595 ἀνά
901 539 982 606 ἒξ,
1014 541 1093 604 είς
1123 541 1186 592 τὸ
1218 541 1462 612 τέμπλον
1484 541 1563 606 ἒξ,
1594 539 1689 594 καὶ
1725 540 1870 610 ὀψώ-

1996 560 2069 598 ιει
2099 545 2326 599 acceaui
2380 546 2603 607 debent.
2656 547 2708 601 in
2761 548 2966 612 templo
2997 563 3126 616 sex;
3163 557 3228 605 et
3263 549 3554 604 obsonium

283 656 397 692 νιον
426 638 546 699 ταῖς
578 635 844 713 μοναχαῖς
869 633 932 685 τὸ
959 632 1168 705 ἀρκοῦν
1206 632 1587 704 χορηγεῖσθαι.

366 723 650 786 Ὡσαύτως
694 723 751 776 δὲ
801 721 1008 789 ὀφείλει
1039 721 1290 790 γίνεσθαι
1328 723 1424 776 καὶ
1475 725 1509 792 ἡ
1561 722 1726 794 ἑορτὴ
1774 725 1875 794 τῆς

293 815 586 886 ’Υψώσεως
614 815 709 868 τοῦ
742 814 928 882 τιμίου
979 816 1072 869 καὶ
1101 815 1371 880 ζωοποιοῦ
1413 814 1682 883 Σταυροῦ,
1717 814 1814 868 καὶ
1839 816 1873 886 ἡ

288 910 453 982 ἑορτὴ
487 909 582 962 τοῦ
621 909 780 976 ἁγίου
820 909 1100 978 μάρτυρος
1130 907 1473 978 Δημητρίου,
1506 907 1602 966 καὶ
1631 908 1665 978 ἡ
1712 907 1876 979 ἑορτὴ

286 1003 384 1073 τῆς
408 1002 680 1056 Θεοτ6κου
704 1002 774 1056 τά
805 1001 973 1068 ’Ἅγια
1002 999 1112 1052 τῶν
1138 998 1312 1068 ἁγίων
1339 999 1478 1070 (62).

892 1113 1145 1166 ΚΕΦΑΛ.
1179 1111 1302 1168 ΞΑἎ

469 1207 614 1277 Περὶ
649 1205 762 1274 τῆς
793 1205 1006 1274 ἑορτῆς
1037 1204 1158 1258 τῶν
1185 1205 1698 1275 Χριστουγέννων.

369 1320 462 1376 Ἑν
505 1320 563 1373 δὲ
609 1322 677 1391 τῇ
716 1319 879 1389 ἑορτῇ
913 1317 1011 1386 τῆς
1055 1315 1150 1368 τοῦ
1185 1316 1424 1388 Χριστοῦ
1474 1319 1808 1386 Γεννήσεως.
1843 1319 1878 1390 ἡ

296 1419 390 1488 μὲν
421 1412 684 1484 φωταψία
714 1412 878 1482 ὁμοία
909 1409 1062 1463 ἔσται
1088 1412 1156 1482 τῇ
1189 1413 1287 1482 τῆς
1325 1413 1675 1482 Κοιμήσεως,
1700 1411 1880 1464 dum}-

294 1525 400 1570 τως
438 1506 497 1560 δὲ
530 1505 627 1558 καὶ
671 1503 732 1555 τὺ
765 1502 996 1571 ὀψώνιον
1034 1499 1145 1554 τῶν
1200 1501 1473 1572 μοναχῶν.
1517 1502 1580 1555 Ἠ
1607 1502 1662 1554 δὲ
1708 1503 1766 1554 ἐν
1801 1499 1880 1570 τῷ

297 1600 499 1654 πυλῶνι
525 1598 767 1658 διάδοσις
794 1595 949 1647 ἔσται
997 1593 1194 1662 μοδίων
1227 1593 1340 1658 δύο,
1390 1594 1485 1646 καὶ
1519 1594 1878 1664 νομισμάτων

295 1691 596 1759 τεσσάρων.
653 1686 805 1756 Αὕτη
851 1685 909 1738 δὲ
942 1689 975 1755 ἡ
1012 1685 1267 1756 φωταψία
1309 1687 1558 1756 ἀρκέσει,
1596 1686 1688 1739 καὶ
1735 1684 1878 1738 κατὰ

297 1781 394 1848 τὴν
429 1778 625 1850 ἑορτὴν
668 1777 780 1830 τῶν
828 1777 1028 1830 Φώτων
1060 1776 1171 1848 (65)
1201 1792 1214 1806 ⁸
1249 1777 1282 1846 ἡ
1337 1777 1392 1829 δὲ
1440 1778 1497 1829 ὲν
1547 1776 1624 1844 τῷ
1671 1776 1877 1830 τυλῶνι

1980 636 2316 691 monialibus
2339 647 2605 707 quantum
2639 640 2775 696 satis
2813 642 2942 704 erit,
2977 641 3446 711 suppeditabitur.

2047 729 2252 784 Eodem
2308 730 2471 786 modo
2521 732 2889 787 celebrabitur
2944 734 3143 788 festum
3190 735 3558 790 Exaltationis

1979 821 2308 878 veneranda:
2337 831 2392 877 et
2415 823 2644 878 vivifica:
2671 822 2890 890 Crueis,
2920 825 3121 880 festum
3151 827 3323 882 sancti
3356 837 3557 899 marty-

1979 913 2059 969 ris
2084 914 2372 981 Demetrii,
2401 925 2456 971 et
2483 913 2685 972 festum
2716 916 2961 988 Deiparae
2989 917 3188 974 Sancta
3215 929 3555 976 sanctorum.

2551 1114 2777 1172 CAPUT
2819 1115 2958 1170 LXI.

2319 1206 2396 1262 De
2423 1210 2553 1279 festo
2590 1207 2784 1263 Christi
2811 1208 3217 1263 Nalalitiorum.

2049 1321 2110 1376 ln
2157 1321 2296 1377 festo
2342 1322 2656 1376 Nativitatis
2694 1319 2922 1384 Christi,
2973 1321 3246 1377 luminare
3279 1322 3418 1377 idem
3451 1322 3560 1376 erit

1981 1415 2127 1485 quod
2181 1415 2236 1469 in
2276 1414 2416 1470 festo
2450 1413 2829 1477 Dormitionis,
2867 1413 3232 1483 similiterque
3265 1415 3556 1469 obsonium

1982 1507 2329 1562 monialium.
2359 1507 2614 1578 Erogatio
2643 1516 2828 1561 autem
2855 1507 2922 1558 ad
2956 1506 3159 1560 ostium
3185 1507 3293 1560 erit
3317 1506 3556 1560 duorum

1983 1603 2319 1667 modiorum,
2373 1611 2432 1655 et
2489 1611 2729 1670 quatuor
2791 1601 3198 1655 nomismatum.
3261 1601 3560 1672 lpsummet

1983 1695 2259 1750 luminare
2306 1693 2540 1748 sufficiet
2571 1704 2626 1748 et
2673 1694 2726 1748 in
2763 1692 2902 1746 festo
2946 1691 3237 1747 Luminum
3274 1711 3288 1746 :
3320 1694 3560 1747 eleemo—

1983 1802 2117 1859 syna
2163 1802 2299 1841 vero
2332 1786 2400 1840 ad
2449 1786 2675 1848 ostium,
2722 1784 2912 1838 eadem
2957 1783 3085 1846 erit,
3121 1799 3246 1852 quae
3297 1783 3564 1852 praadicto

301 1871 527 1934 διάδοσις
555 1869 720 1939 ὁμοία
759 1869 915 1922 ἔσται
954 1870 1022 1939 τῇ
1078 1869 1458 1940 προειρημένῃ
1493 1869 1674 1939 ἑορτῇ,
1713 1868 1880 1937 ἤγουν

1996 1879 2144 1944 Γειειο,
2172 1895 2372 1948 nempe
2400 1879 2604 1934 Christi
2639 1876 2976 1940 Nativitatis,
3007 1877 3374 1947 similiterque
3400 1875 3564 1930 obso-

308 1965 403 2032 τῆς
431 1963 521 2016 τοῦ
555 1961 792 2032 Χριστοῦ
832 1963 1164 2034 γεννήσεως,
1198 1962 1401 2032 ὁμοίως
1423 1962 1517 2017 καὶ
1550 1963 1610 2015 τὸ
1639 1961 1746 2014 τῶν
1777 1977 1875 2032 μο-

312 2053 480 2123 ναχῶν
505 2053 750 2124 ὀψώνιον.
948 2101 958 2109 .

897 2167 1155 2221 ΚΕΦΑΛ.
1190 2166 1312 2221 ΞΒ’.

531 2260 674 2330 Περὶ
705 2261 814 2328 τῆς
843 2260 1057 2329 ἑορτῆς
1086 2260 1196 2330 τῆς
1241 2259 1646 2328 Ὺπαπαντῆς.

383 2376 470 2429 Ἐν
491 2375 550 2429 δέ
582 2392 647 2444 γε
678 2378 742 2448 τῇ
800 2377 963 2447 ἐορτῇ
1008 2377 1106 2446 τῆς
1153 2375 1521 2444 ’Υπαπαντῆς
1572 2374 1884 2442 ὀφείλουσιν

316 2465 572 2519 ἅπτεσθαι
596 2467 654 2518 ἐν
705 2469 816 2530 τοῖς
844 2466 1282 2536 δωδεκαιρωτίοις
1306 2466 1410 2518 ἀνὰ
1453 2465 1625 2536 κηρία
1655 2465 1735 2531 ἓξ,
1777 2465 1886 2518 άπὸ

323 2555 411 2607 τῶν
437 2559 571 2627 πρὶν
620 2556 928 2626 ἱσταμένων
946 2573 960 2588 ο
993 2558 1072 2618 είς
1103 2555 1159 2610 δὲ
1186 2557 1246 2610 τὸ
1270 2555 1510 2627 τέμπλον
1536 2556 1738 2625 ὁμοίως
1782 2554 1887 2610 ἀνά

318 2645 384 2710 ἕξ.
423 2647 490 2700 Ἦ
521 2647 576 2702 δέ
614 2665 677 2716 γε
713 2647 878 2719 ἑορτὴ
910 2647 1002 2701 τοῦ
1042 2649 1482 2718 Εὐαγγελισμοῦ,
1517 2651 1670 2718 καὶὴ
1723 2648 1886 2720 ἑορτὴ

315 2739 403 2810 τῆς
429 2740 740 2811 Βαῖοφόρου
770 2742 974 2806 ὁμοίως
1020 2743 1120 2810 τὴν
1154 2742 1325 2812 αὐτὴν
1368 2743 1550 2807 ἕξουσι
1581 2741 1887 2812 φωταψίαν.

894 2855 1145 2908 ΚΕΦᾹΔ.
1176 2852 1296 2909 El".
1861 2844 1864 2847 ’

470 2947 612 3018 Περὶ
646 2944 756 3016 τῆς
781 2945 900 3000 τῶν
928 2948 1114 3016 ἁγίων
1143 2945 1360 3001 Παθὼν
1386 2950 1721 3017 φωταςίοίας.

388 3061 451 3117 Ἦ
487 3065 671 3134 μέντοι
719 3059 976 3129 φωταψία
1001 3061 1098 3130 τῆς
1126 3061 1267 3114 κατὰ
1307 3061 1406 3132 τὴν
1451 3063 1613 3129 ἁγίαν
1651 3064 1744 3117 καὶ
1795 3080 1892 3133 μι-

315 3156 477 3228 γάλην
493 3156 748 3226 πέμπτην
764 3153 817 3224 (6
828 3155 876 3224 ι)
901 3153 1118 3224 ἑορτῆς,
1143 3153 1346 3223 ὁμοίως
1364 3158 1431 3225 τῇ
1451 3158 1546 3224 τῆς
1563 3156 1748 3226 Κοιμή
1758 3173 1894 3220 σεως

1981 1969 2135 2024 nium
2169 1969 2515 2025 monialium.

2554 2169 2781 2226 CAPUT
2826 2170 2988 2224 LXII.

2223 2263 2299 2318 De
2325 2263 2456 2333 [esto
2480 2261 2756 2327 Occursus,
2784 2280 2873 2316 seu
2902 2261 3326 2330 Puriﬁcationis.

2057 2381 2117 2435 In
2159 2379 2298 2434 festo
2349 2377 2627 2433 Occursus
2674 2376 3052 2431 accendantur
3105 2376 3158 2428 in
3211 2373 3563 2428 candelabris

1987 2470 2372 2527 duodenarum
2405 2470 2705 2534 luminum,
2738 2485 2834 2524 sex
2866 2469 3038 2530 cerei,
3072 2485 3141 2522 cx
3179 2468 3242 2522 iis
3275 2467 3370 2537 qui
3405 2475 3568 2520 antea

1989 2561 2066 2616 ibi
2120 2561 2285 2631 positi
2344 2569 2524 2614 sunt:
2563 2561 2617 2615 in
2660 2561 2870 2628 templo
2931 2560 3140 2628 pariter
3198 2575 3314 2613 sex.
3349 2558 3572 2612 Festum

1989 2651 2442 2707 Annuntiationis
2473 2659 2530 2708 et
2565 2651 2768 2706 festum
2801 2652 3110 2706 Palmarum
3152 2651 3371 2705 eodem.
3403 2649 3573 2703 Iumi-

1989 2743 2112 2800 nari
2143 2743 2486 2816 gaudebunt.

2552 2859 2778 2916 CAPUT
2819 2861 2984 2914 LXI"

2256 2953 2334 3006 De
2369 2953 2627 3006 lunzinari
2660 2971 2938 3006 sacrarum
2975 2951 3314 3006 Passimmm.

2065 3066 2364 3122 Luminare
2397 3065 2519 3119 festi
2574 3071 2778 3118 sancta:
2808 3072 2862 3118 ct
2901 3080 3109 3134 magna:
3151 3061 3356 3133 quintae
3401 3061 3572 3127 fcri:e,

1997 3160 2104 3215 erit
2139 3169 2200 3213 ut
2247 3157 2301 3212 in
2350 3157 2489 3212 festo
2535 3155 2916 3212 Dormitionis.
2968 3155 3224 3226 Erogatio
3251 3169 3472 3224 quoque
3503 3154 3572 3208 ad

318 3251 624 3320 γινήσεται.
663 3245 940 3310 Ὡσαύτως
994 3245 1090 3298 καὶ
1116 3247 1150 3315 ἡ
1179 3247 1238 3299 ὲν
1279 3245 1359 3316 τῷ
1402 3246 1610 3301 πυλῶνι
1650 3248 1893 3311 διάδοσις.

1996 3252 2195 3307 ostium
2221 3249 2415 3306 eadem
2455 3250 2564 3305 erit
2597 3265 2719 3320 quae
2759 3248 2812 3302 in
2854 3248 3114 3318 praedicto
3148 3247 3307 3311 festo,
3343 3255 3575 3314 excepto

319 3341 474 3412 ὁμοία
511 3338 669 3394 [atat
723 3341 790 3409 τῇ
850 3341 949 3410 τῆς
1008 3338 1417 3410 προειρημένης
1457 3339 1674 3411 ἑορτῆς,
1727 3342 1896 3412 χωρὶς

320 3435 407 3487 τοῦ
436 3433 694 3504 ὀψωνίου.
721 3431 787 3486 Ἦ
812 3433 869 3486 δέ
891 3449 955 3500 γε
979 3431 1112 3500 ἁγία
1133 3431 1228 3484 καὶ
1248 3434 1460 3500 iure”;
1478 3433 1734 3503 Κυριακὴ
1759 3433 1895 3504 (65),

324 3525 415 3596 τὴν
444 3527 612 3598 αὐτὴν
657 3526 770 3592 ἔξει
819 3524 1109 3594 φωταψίαν
1139 3541 1199 3577 τε
1241 3524 1337 3578 καὶ
1388 3524 1645 3588 διάδοσιν,
1694 3525 1789 3579 καὶ
1836 3527 1900 3580 τὸ

327 3617 541 3686 ὀψώνιον
579 3621 645 3687 τῇ
695 3617 956 3688 ἀνωτέρω
989 3615 1217 3687 ῥηθείσῃ
1272 3617 1455 3687 ἑορτῇ.
1512 3616 1575 3669 Ἦ
1607 3617 1664 3670 δέ
1703 3633 1767 3682 γε
1797 3617 1898 3684 τῆς

344 3707 669 3778 ’Δναλήψεως
719 3709 905 3780 ἑορτὴ,
931 3708 1029 3764 καὶ
1055 3709 1090 3778 ἡ
1121 3707 1221 3777 τῆς
1253 3707 1660 3777 Πεντηκοστῆς,
1713 3707 1898 3760 ὡσαύ-

342 3813 440 3863 τως
467 3799 520 3854 δὲ
548 3803 636 3854 καὶ
657 3804 694 3871 ἡ
722 3801 831 3855 τῶν
880 3801 1055 3871 άγίων
1096 3800 1462 3867 ’Δποστόλων,
1493 3800 1687 3870 ὁμοίαν
1712 3800 1900 3867 ἕξουσι

341 3891 430 3962 τὴν
455 3894 732 3964 φωταψίαν
775 3893 872 3947 καὶ
899 3893 966 3946 τὸ
1013 3891 1244 3962 ὀψώνιον
1275 3895 1342 3963 τῇ
1375 3893 1535 3962 ἑορτῇ
1578 3893 1680 3961 τῆς
1708 3893 1902 3962 Γεννή-

329 3999 459 4048 σεως
492 3984 594 4054 τῆς
645 3983 934 4038 Θεοτόκου.
955 3983 1020 4035 Ἦ
1051 3983 1106 4036 δέ
1139 3999 1200 4051 γε
1219 3983 1380 4053 ἑορτὴ
1405 3983 1503 4054 τῆς
1523 3982 1904 4054 Μεταμορφώ-

333 4092 462 4140 σεως
494 4076 588 4130 τοῦ
619 4075 826 4147 Κυρίου
843 4078 938 4129 καὶ
961 4075 1096 4129 Θεοῦ
1122 4077 1214 4129 καὶ
1233 4077 1485 4146 Σωτῆρος
1524 4076 1684 4146 ἡμῶν
1723 4076 1900 4147 Ἰησοῦ

325 4168 574 4236 Χριστοῦ,
591 4167 794 4238 ὀφείλει
815 4167 1060 4236 γίνεσθαι
1081 4167 1243 4238 ὁμοία
1257 4169 1322 4238 τῇ
1341 4169 1438 4237 τῆς
1460 4167 1787 4238 Κοιμήσεως
1803 4167 1903 4233 τῆς

324 4259 608 4315 Θεοτόκου.
651 4261 714 4313 Ἦ
740 4261 796 4314 δὲ
821 4261 1058 4324 διάδοσις
1089 4260 1229 4313 έστω
1262 4261 1412 4313 σίτου
1441 4260 1640 4330 μοδίων
1663 4259 1778 4325 δύο,
1809 4260 1904 4313 καὶ

323 4355 563 4426 νουμμία
603 4355 956 4424 νομισμάτων
988 4354 1236 4425 τραχέων
1275 4353 1580 4425 τεσσάρων.

889 4467 1145 4522 ΚΕΦΑΛ.
1204 4463 1321 4519 ΞΔἎ

1998 3344 2250 3399 obsonio.
2279 3343 2479 3398 Sancta
2526 3350 2709 3396 autem
2739 3350 2796 3395 et
2829 3355 3020 3410 magna
3073 3338 3376 3403 Dominica,
3408 3338 3576 3392 lumi-

1999 3451 2154 3500 nare,
2197 3434 2570 3505 erogationem
2637 3443 2694 3488 et
2741 3433 3057 3497 obsonium,
3099 3431 3292 3485 eadem
3329 3429 3577 3494 habebit,

1999 3543 2122 3597 quae
2172 3543 2342 3596 supra
2400 3535 2708 3580 memorata
2767 3525 3114 3580 solemuitas.
3166 3524 3388 3578 Festum
3444 3535 3579 3575 vero

1999 3619 2377 3682 Ascensionis,
2414 3619 2791 3682 Pentecostes,
2834 3633 3051 3670 necnon
3100 3623 3416 3668 sanctorum
3450 3625 3582 3681 apo-

2001 3713 2292 3772 stolorum,
2325 3710 2519 3764 eodem
2550 3708 2871 3780 gaudebunt
2909 3707 3166 3761 luminari
3222 3714 3277 3759 et
3321 3705 3579 3766 obsonio,

2001 3820 2114 3874 quo
2173 3803 2373 3858 festum
2423 3799 2740 3856 Nativitatis
2791 3798 3059 3867 Deiparae.
3113 3797 3338 3850 Festum
3399 3805 3583 3848 autem

2004 3891 2531 3963 Transﬁgurationis
2572 3887 2789 3944 Domini
2840 3887 2934 3941 Dei
2969 3895 3025 3940 et
3055 3885 3356 3940 Salvatoris
3409 3884 3583 3937 nostri

2001 3986 2129 4042 Jesu
2158 3983 2389 4046 Christi,
2415 3998 2510 4053 par
2537 3997 2658 4037 esse
2688 3979 2854 4034 debet
2889 3979 3028 4033 festo
3055 3973 3415 4031 Dormitionis
3447 3974 3580 4029 Dei-

2005 4093 2181 4148 paraa;
2215 4078 2268 4131 in
2293 4076 2693 4146 eleemosynam
2726 4088 2860 4130 vero
2885 4071 3088 4126 dentur
3115 4067 3376 4122 frumenti
3412 4065 3582 4120 modii

2005 4172 2135 4237 duo,
2161 4179 2216 4227 et
2243 4169 2454 4225 nummi
2483 4167 2872 4223 nomismatum
2901 4177 3224 4236 asperorum
3252 4169 3517 4232 quatuor.

2575 4454 2801 4513 CAPUT
2843 4453 3028 4509 LXIV.

321 4561 454 4630 Περὶ
480 4558 589 4615 τοῦ
622 4559 900 4630 τίνεσθαι
941 4557 1428 4645 μετάξοσινῂξαίν
1471 4555 1741 4622 ἑκάστην
1761 4552 1893 4624 ἠμέ-

2011 4555 2161 4623 Quod
2213 4553 2543 4624 elecmosynu
2592 4549 2825 4619 quotidie
2869 4549 2985 4618 ﬁeri
3038 4547 3219 4601 debeat
3255 4543 3322 4599 ad
3374 4553 3587 4600 ostium.

791 4645 912 4697 par
944 4626 1017 4682 ἐν
1045 4627 1127 4694 τῷ
1159 4626 1415 4682 πυλῶνι.

389 4746 521 4798 Δέον
547 4743 604 4796 δέ
635 4743 751 4795 ἐστι
781 4741 879 4796 καὶ
921 4743 978 4794 ἓν
1018 4739 1098 4811 τῷ
1130 4740 1336 4793 πυλῶνι
1372 4738 1617 4808 γίνεσθαι
1661 4737 1902 4791 διάδοσιν

321 4837 440 4890 καθ’
469 4837 710 4906 ἑκάστην
735 4835 974 4905 ἡμέραν,
1017 4832 1208 4902 ψωμία
1247 4832 1394 4884 σίτου
1439 4831 1624 4900 μοδίου
1665 4828 1760 4882 τοῦ
1787 4827 1904 4897 τρί-

319 4947 436 4994 του,
469 4930 593 4999 ἦτοι
637 4929 756 4989 ταῖς
794 4930 973 4996 τρισὶν
1017 4926 1273 4996 ἡμέραις,
1327 4925 1475 4977 σίτου
1514 4922 1695 4992 μοόίου
1745 4923 1899 4985 ὲνός·

321 5023 394 5086 ώς
423 5021 524 5076 καὶ
556 5019 664 5072 τῶν
709 5019 1170 5088 περισσευμάτων
1215 5017 1315 5086 τῆς
1349 5014 1632 5086 τραπέζης
1667 5014 1907 5084 ἑκάστης

320 5115 540 5186 ἡμέρας
589 5111 915 5181 ὀφειλόντων
969 5108 1230 5174 δίδοσθαι,
1267 5109 1342 5173 ὡς
1387 5108 1453 5162 ἂν
1487 5107 1576 5160 διά
1619 5107 1721 5176 τῆς
1770 5107 1906 5177 πρὸς

318 5206 446 5269 τοὺς
477 5204 740 5272 ἀδελφοὺς
773 5203 964 5272 ἱλαρᾶς
991 5201 1386 5270 ὲλεημοσύνης,
1411 5198 1596 5267 ἱλαρὸν
1619 5197 1715 5251 καὶ
1751 5197 1909 5268 ὑμεῖς

320 5297 420 5352 καὶ
448 5295 653 5366 δαψιλῆ
680 5295 771 5348 τὸν
802 5298 865 5348 ὲκ
891 5292 1028 5346 Θεοῦ
1065 5292 1214 5346 ἔλεον
1241 5291 1580 5362 ἀπολάϐητε.

2082 4742 2500 4811 Elecmosynam
2539 4734 2789 4806 quotidie
2828 4731 2893 4785 ad
2928 4730 3129 4785 ostium
3179 4726 3298 4782 ﬁeri
3348 4732 3588 4796 Oportet,

2011 4851 2184 4908 panes
2239 4835 2453 4888 scilicet
2503 4846 2568 4884 ex
2621 4829 2781 4882 tertia
2839 4832 2992 4894 parte
3048 4820 3215 4874 modii
3270 4818 3586 4881 frumenti,

2010 4941 2206 4996 nempe
2231 4924 2404 4978 ternis
2435 4921 2654 4982 diebus,
2688 4916 2905 4970 modius
2944 4911 3205 4966 frumenti
3239 4927 3419 4973 unus;
3454 4925 3587 4964 nec-

2012 5035 2122 5073 non
2167 5029 2373 5070 mensaa
2420 5010 2665 5081 reliquis)
2694 5024 2816 5077 quae
2837 5004 3090 5076 quotidie
3117 5002 3329 5072 erogari
3360 5001 3586 5067 debent,

2011 5126 2122 5180 quo
2152 5124 2251 5179 per
2285 5108 2520 5161 hilarem
2554 5101 2958 5169 eleemosynam
3005 5096 3270 5150 fratribus
3313 5093 3587 5150 distribu-

2013 5199 2146 5268 tam,
2180 5201 2414 5256 hilarem
2467 5212 2568 5253 vos
2601 5204 2656 5251 et
2696 5193 2975 5262 copiosam
3024 5189 3122 5246 Dei
3154 5187 3591 5244 miscricordiam

2011 5290 2453 5364 consequamini.

1591 5399 2056 5469 Moutfauconii
2130 5416 2318 5470 uotae.

322 5527 494 5587 atque
546 5522 701 5587 adeo
733 5507 1425 5587 eleemosyniserogandis
1449 5505 1754 5577 aptissima.
1795 5507 1910 5562 Sed

320 5577 488 5644 de'iis
511 5586 666 5656 plura
691 5584 743 5638 in
785 5577 1038 5656 sequenti
1071 5577 1418 5656 _Rationario.

392 5646 524 5728 (62).
565 5655 642 5728 Τὰ
672 5656 841 5728 ξΑγιιι
867 5646 1002 5704 ’τῶν
1049 5653 1250 5720 ἁγίων.
1290 5647 1494 5728 .Supple
1525 5646 1902 5728 slajddovliu-

321 5717 549 5801 gressus
583 5726 637 5801 in
667 5717 866 5801 Sitngta
901 5717 1217 5801 sanctorum
1240 5759 1255 5785 ,
1288 5717 1342 5772 id
1388 5726 1494 5782 est,
1528 5717 1728 5772 festum
1761 5720 1906 5775 Prae-

325 5792 657 5856 sentationis
685 5794 746 5848 Β.
776 5792 1035 5862 Virginis.

399 5868 513 5940 (63)
549 5865 775 5923 Festum
811 5856 924 5917 τιῖῖν
959 5861 1178 5927 Φώτων,
1221 5859 1334 5916 sive
1363 5856 1657 5924 luminum,
1701 5868 1784 5915 est
1831 5858 1904 5915 fc-

2009 5519 2154 5566 stum
2189 5509 2528 5582 Epiphanize.
2562 5523 2678 5582 qua
2701 5503 2880 5582 dlejll
2917 5501 3188 5555 honorem
3244 5495 3589 5582 l_aptismatis

2007 5582 2212 5638 Christi
2235 5567 2407 5651 'pllura
2439 5567 2812 5651 Iuminaapud
2842 5573 3060 5651 Graec-ns
3080 5567 3480 5651 accenduntur.

2081 5653 2192 5722 (6i)
2239 5638 2529 5725 Μετὰᾳητ
2583 5638 2899 5725 πέμῆἓττηγη
2947 5641 3029 5692 Με
3047 5639 3176 5706 {diu
3231 5638 3460 5707 πέμπτη
3505 5645 3592 5693 est

2012 5717 2152 5779 feria
2177 5717 2382 5793 quinta
2408 5721 2462 5793 in
2485 5721 2654 5793 Cinna
2684 5717 2923 5793 Domini.

2082 5781 2216 5866 (65f
2234 5791 2517 5850 Dominica
2545 5785 2992 5846 Resurrectionis
3021 5781 3279 5859 Domini.
