4064 6444
436 414 579 483 1083

1000 525 1227 583 CAPUT
1278 524 1441 581 LXV.

436 622 590 691 Quod
623 620 845 694 singulis
891 620 1168 694 mensibus;
1200 622 1428 694 typicum
1466 621 1568 691 tegi
1598 619 1805 688 debeat,
1837 618 2011 673 omni-

982 688 1078 744 bus
1111 688 1466 745 audientibus.

504 798 646 855 Illud
712 796 1120 855 observandum
1175 798 1541 855 nihilominus
1597 814 1759 870 quam
1811 808 2013 856 cetera

435 888 642 954 omnia,
702 888 810 943 nisi
873 887 1017 944 forte
1068 888 1262 959 magis,
1315 899 1506 961 utpote
1563 889 1901 960 principium
1958 897 2016 945 et

434 992 602 1032 causa
627 976 993 1033 immutabilis
1014 984 1345 1033 statutorum
1373 980 1793 1043 observationis,
1811 988 1868 1035 et
1896 980 2015 1035 uni-

436 1085 612 1125 versae
639 1071 963 1127 monasterii
994 1071 1389 1139 perfectionis;
1415 1073 1675 1127 nimirum
1703 1082 1764 1128 ut
1786 1072 2017 1144 singulis

437 1160 760 1217 Neomeniis
791 1162 904 1217 sive
927 1162 1183 1216 Kalendis
1214 1162 1430 1231 legatur
1470 1165 1735 1234 typicum,
1757 1164 2017 1220 omnibus

436 1267 562 1321 qua:
605 1252 661 1307 in
702 1253 1043 1308 monasterio
1083 1263 1213 1307 sunt
1254 1252 1649 1321 audientibus;
1696 1265 1757 1311 ut
1794 1256 2016 1327 assidua

437 1343 702 1411 lectione,
743 1347 983 1401 maxime
1046 1344 1202 1400 ﬁrma
1253 1356 1311 1401 et
1368 1346 1686 1403 indelebilia
1719 1349 1849 1413 sint,
1897 1364 2019 1418 qua:

438 1444 644 1492 statuta
697 1447 850 1502 sunt,
885 1446 941 1492 et
988 1446 1047 1491 ut
1094 1437 1254 1494 facile
1307 1439 1381 1495 sit
1427 1455 1621 1495 eorum
1672 1441 2019 1496 exsecutionl

441 1543 784 1583 assuescere.
845 1528 979 1596 Quae
1038 1537 1100 1585 ut
1151 1545 1319 1601 opere
1375 1532 1583 1603 jugiter
1639 1533 2022 1602 compleantur

442 1618 593 1672 omni
625 1617 999 1675 sollicitudine
1033 1620 1344 1676 curandum
1379 1640 1393 1676 :
1423 1632 1483 1679 et
1523 1631 1583 1676 ut
1628 1622 1828 1678 divinae
1873 1624 2020 1695 leges

440 1725 721 1780 nunquam
770 1712 1028 1766 temerari
1087 1720 1182 1767 aut
1227 1713 1432 1767 mutari
1462 1712 1687 1779 debent,
1742 1731 1844 1771 nec
1881 1725 2020 1770 tem-

443 1818 581 1873 pore
620 1802 903 1873 antiquari
933 1804 1017 1859 vel
1043 1803 1239 1869 deleri,
1264 1820 1368 1861 nec
1395 1805 1598 1861 damno
1628 1809 1886 1877 quapiam
1925 1817 2019 1863 aut

442 1896 697 1951 arculari
731 1896 1115 1953 vicissitudine
1157 1897 1492 1965 oblitterari,
1536 1915 1640 1955 nec
1684 1916 1784 1971 per
1832 1903 2019 1973 segni-

447 1987 577 2041 tiem
606 1987 874 2043 oblivioni
920 1988 1086 2057 tradi,
1126 2004 1231 2046 nec
1266 2001 1326 2045 ut
1353 2006 1588 2048 onerosa
1628 2007 1727 2064 per
1762 1996 1998 2051 cessatio

443 2094 568 2134 nem
608 2082 819 2136 excuti.

1013 2217 1241 2276 CAPUT
1270 2221 1452 2276 LXVI.

672 2307 752 2362 De
780 2309 1085 2379 quotidiana
1120 2312 1283 2366 divini
1313 2312 1493 2383 templi
1523 2313 1798 2371 luminari.

516 2481 914 2549 Quotidianutn
941 2484 1114 2539 divini
1165 2486 1352 2555 templi
1400 2486 1673 2542 luminare
1709 2487 2021 2558 huiusmodi

443 2577 517 2630 sit
563 2576 923 2646 :Lampsdes
976 2592 1078 2632 nec
1109 2579 1199 2634 die
1251 2595 1354 2634 nec
1405 2589 1565 2634 nocte
1616 2581 2026 2652 exstinguenda:

443 2675 778 2728 serventur,
835 2667 891 2720 in
946 2669 1156 2739 mytqu
1207 2669 1431 2738 quidem
1489 2686 1617 2737 una,
1670 2683 1797 2727 ante
1853 2675 2025 2744 gratia

446 2758 666 2828 plenam
725 2758 1012 2830 Deiparam
1070 2775 1216 2826 una;
1265 2760 1319 2815 in
1353 2762 1576 2817 arthece
1608 2778 1708 2817 seu
1749 2764 2027 2819 vestibulo

448 2866 555 2904 una
577 2867 592 2917 ;
618 2850 673 2904 in
688 2850 1017 2906 exoarthece
1035 2852 1153 2909 sive
1171 2855 1467 2911 exterioris
1484 2856 1759 2910 vestibulo
1779 2857 1905 2911 alia.
1921 2856 2025 2912 Ubi

447 2957 579 2997 vero
602 2944 898 3015 contigerit
942 2945 1178 3001 cadaver
1211 2946 1265 3001 in
1301 2947 1540 3017 quodam
1570 2950 1826 3019 sepulcro
1850 2949 2027 3005 collo-

447 3034 585 3102 cari,
610 3034 820 3108 lampas
851 3051 959 3091 una
993 3038 1343 3094 accendenda
1373 3050 1477 3095 est.

988 3150 1217 3209 CAPUT
1264 3152 1474 3207 LXVII.

1698 410 1986 475 IRENKS
2018 410 2395 473 AUGUST/E

2038 524 2086 581 Δ

3559 413 3697 479 1084

2696 522 2945 576 ΚΕΦΔΛ.
2983 523 3105 579 ΞΕἍ

2113 613 2254 683 Περὶ
2279 612 2383 668 τοῦ
2405 612 2927 692 ἀναγινώίηξεσθαι
2952 614 3021 692 τὸ
3052 616 3310 692 τρπικὸν
3323 621 3413 688 είς
3432 622 3703 692 ἐπήκοον

2583 684 2802 737 πασῶν
2833 688 2987 738 κατὰ
3018 684 3213 755 μῆνα.

2197 797 2325 853 Ἐπὶ
2355 797 2494 852 πᾶσι
2529 796 2625 851 καὶ
2660 796 2824 851 τοῦτο
2867 800 3331 868 παραφυλακτέον
3357 803 3512 859 οὐδὲν
3537 800 3702 875 ἧττον

2114 887 2224 943 τῶν
2249 886 2525 951 ἄλλωνμεί
2554 884 2631 956 μὴ
2667 886 2762 938 καὶ
2810 888 3034 955 μᾶλλον,
3065 888 3141 953 ὡς
3169 892 3350 962 ἀρχήν
3374 910 3456 960 τε,
3489 897 3584 951 καὶ
3618 900 3706 952 αι-

2116 979 2237 1033 τίαν
2274 978 2373 1048 τῆς
2419 977 2817 1048 ἁμεταπτὼτου
2844 980 2957 1035 τῶν
2994 982 3494 1056 διατετυπωμένων
3526 991 3706 1064 τηρή-

2118 1087 2279 1134 σεως,
2310 1070 2406 1123 καὶ
2444 1069 2538 1122 τοῦ
2577 1069 2699 1123 ὅλου
2729 1070 2831 1141 τῆς
2875 1073 3045 1144 μονῆς
3084 1079 3467 1148 καταρτισμοῦ
3499 1096 3515 1111 ο
3558 1083 3704 1153 φημὶ

2116 1161 2183 1230 δὴ
2207 1162 2269 1214 τὸ
2294 1160 2771 1230 ἀναγινώσκεσθαι
2795 1161 2855 1215 τὸ
2877 1164 3108 1219 τυπικδν
3138 1167 3219 1231 εἰς
3243 1169 3483 1238 ἐπήκοον
3508 1172 3703 1226 πασῶν

2116 1252 2227 1304 τῶν
2263 1252 2322 1303 ὲν
2369 1255 2437 1322 τῇ
2473 1253 2632 1322 μονῇ,
2669 1251 2791 1305 καθ’
2816 1253 3058 1325 ἑκάστην
3094 1255 3416 1327 Νουμηνίαν
3442 1275 3457 1289 ·
3503 1261 3597 1314 ἵνα
3633 1264 3699 1332 τῇ

2121 1344 2336 1412 συνεχεῖ
2383 1341 2690 1412 ἀναγνώσει
2745 1343 2980 1413 μάλιστα
3044 1348 3337 1417 παράμονα
3398 1352 3494 1405 καὶ
3549 1352 3703 1418 ἀνεξ-

2120 1433 2355 1488 άλειπτα
2389 1435 2474 1506 εἴη
2505 1434 2573 1488 τὰ
2593 1433 3062 1506 διατετυπωμένα,
3095 1441 3190 1491 καὶ
3219 1440 3354 1509 πρὸς
3380 1441 3704 1513 συνεθισμὸν

2120 1525 2221 1596 τῆς
2259 1526 2468 1580 τούτων
2499 1526 2834 1598 πληρώσεως
2870 1527 3050 1582 εύυδα.
3086 1531 3153 1582 Ἃ
3197 1533 3279 1585 δεῖ
3310 1532 3462 1606 πάσῃ
3489 1535 3704 1606 φυλακῇ

2120 1619 2311 1689 τηρεῖν
2338 1617 2635 1688 ἔμπρακτα
2675 1619 2770 1672 καὶ
2803 1617 3023 1690 ἐνεργὰ,
3054 1621 3149 1673 καὶ
3190 1621 3265 1686 ὡς
3293 1621 3492 1692 νόμους
3527 1623 3707 1687 θείους

2122 1708 2496 1779 ἁπαραδάτως
2524 1711 2618 1763 καὶ
2646 1709 3027 1774 ἀναλλοιώτως
3056 1712 3271 1783 ἔχοντα,
3302 1712 3430 1784 μήθ’
3457 1714 3562 1768 ύπδ
3582 1715 3709 1786 χρό-

2124 1816 2217 1853 νου
2245 1801 2625 1871 παλαιούμενα
2659 1803 2753 1857 καὶ
2803 1803 3204 1877 ἀφανιζόμενα,
3236 1807 3366 1879 μήθ’
3414 1808 3520 1862 ὑπό
3562 1827 3709 1873 τινος

2126 1895 2413 1964 ἐπηρείας,
2472 1895 2507 1967 ἢ
2560 1896 2823 1967 βιωτικῆς
2873 1902 3215 1972 περιτροπῆς
3275 1901 3706 1974 ἀμαυρούμενα,

2127 1985 2257 2058 μήθ’
2292 1988 2396 2040 ὑπὸ
2431 1988 2707 2060 ῥᾳθυμίας
2736 1993 2802 2062 τῇ
2831 1991 2972 2064 λήθῃ
3004 1993 3437 2063 παραδιδόμενα,
3464 1995 3593 2066 μήθ’
3628 1995 3707 2061 ὡς

2123 2081 2337 2151 ἐπαχθῆ
2367 2080 2458 2134 ὑπ’
2481 2084 2822 2154 ἀνασκησίας
2855 2084 3228 2156 ἀποσειόμενα

2684 2218 2935 2274 ΚΕΦΑΛ.
2971 2217 3107 2286 scr.

2123 2305 2261 2374 Περὶ
2303 2303 2414 2375 τῆς
2444 2305 2551 2360 τοῦ
2602 2307 2766 2362 θείου
2806 2308 2957 2431 ν·ιέοῦ
2996 2311 3398 2380 καθημερινῆς
3433 2328 3709 2382 φωταγω-

2828 2398 2868 2431 ιγ
2892 2395 2988 2431 ac.

2828 2395 2988 2448 γιας.

2200 2489 2384 2543 Ἔστω
2423 2490 2665 2564 τοίνυνή
2712 2493 2853 2547 κατᾶ
2893 2494 2986 2549 τὸν
3014 2492 3158 2549 θεῖον
3200 2496 3329 2550 ναὸν
3365 2498 3713 2573 καθημερινὴ

2126 2578 2466 2646 φωταγωγία
2491 2581 2751 2650 τοιαύτη·
2784 2584 3047 2654 κανδῆλαι
3089 2587 3382 2658 ἀκοίμητοι
3431 2588 3677 2659 νυχθημε

2130 2667 2280 2737 ριναὶ
2302 2668 2801 2740 διατηρείσθωσαν,
2831 2676 2889 2727 ὲν
2918 2674 3019 2749 μὲν
3041 2674 3118 2748 τῷ
3151 2678 3322 2748 μύακι
3351 2681 3473 2750 μία,
3506 2680 3714 2751 ἔμπρο-

2129 2758 2257 2811 σθεν
2280 2756 2380 2828 τῆς
2404 2765 2853 2834 κεχαριτωμένης
2873 2765 3134 2820 Θεοτόκου
3161 2767 3280 2838 μία,
3303 2771 3360 2822 ἰν
3388 2770 3467 2840 τῷ
3485 2771 3712 2842 τὲμπλῳ

2132 2851 2254 2920 μία,
2294 2853 2353 2905 ὲν
2386 2852 2465 2923 τῷ
2491 2855 2693 2925 ἄρθηκι
2724 2856 2845 2926 μία,
2872 2859 2966 2912 καὶ
2996 2861 3055 2913 ὲν
3077 2859 3157 2931 τῷ
3180 2860 3492 2934 ὲξωάρθηκι
3524 2863 3709 2933 ἑτέρα.

2132 2943 2317 2996 Ὀταν.
2348 2944 2405 2997 δὲ
2450 2944 2510 3001 ιν
2555 2938 2664 2999 τινί
2714 2948 2873 3020 τάφῳ
2924 2950 3108 3022 φθάσῃ
3160 2951 3387 3022 τεθῆναι
3437 2952 3713 3022 λείψανον,

2132 3034 2339 3107 ὀφείλει
2368 3036 2570 3093 ἅπτειν
2598 3039 2838 3108 κανδῆλα
2868 3042 2988 3109 μία.

2733 3148 2988 3202 ΚΜΔΔ.
3023 3149 3141 3202 ΞΖθ.

450 3240 529 3299 De
575 3244 867 3299 crateribus
898 3245 954 3299 in
989 3244 1188 3299 circulo
1224 3243 1375 3318 trulli
1408 3247 1697 3315 suspensis,
1728 3255 1777 3301 et
1804 3246 1870 3299 de
1904 3248 2026 3303 reli-

2132 3234 2276 3303 Περὶ
2303 3234 2426 3289 τῶν
2450 3236 2658 3318 κύκᾼφ
2685 3200 3137 3318 coiit/902511.103)—
3159 3238 3547 3318 κρεμαμένων
3574 3256 3715 3310 apa-

1167 3330 1306 3385 quis.

512 3425 777 3483 Crateres
824 3426 881 3481 in
914 3426 1098 3482 medio
1131 3427 1292 3483 chori
1336 3430 1613 3498 suspensi,
1656 3430 2034 3487 accendantur

451 3516 679 3587 quidem
729 3530 872 3572 unus
913 3524 1036 3585 post
1071 3515 1264 3582 alium,
1311 3516 1472 3573 initio
1514 3529 1887 3574 convcntuum
1933 3523 2033 3591 qui

454 3609 524 3664 de
560 3623 715 3664 more
742 3609 797 3663 in
836 3609 1041 3679 templo
1078 3609 1219 3664 ﬁunt
1258 3611 1314 3665 in
1355 3610 1643 3680 Matutino,
1680 3614 2028 3684 Vespertino,

456 3708 514 3754 et
560 3698 807 3771 Liturgia
840 3717 854 3767 ;
892 3700 1321 3773 exstinguantur
1362 3716 1496 3759 vero
1544 3702 1611 3759 iis
1654 3706 1889 3775 expletis
1926 3725 1940 3761 :
1976 3716 2035 3762 et

456 3792 540 3849 sic
574 3793 668 3849 [lat
708 3792 780 3850 de
808 3792 1072 3850 omnibus
1102 3795 1291 3867 templi
1320 3795 1691 3867 lampadibus.

1002 4013 1230 4071 CAPUT
1264 4013 1494 4072 LXVIII.

922 4108 995 4164 De
1019 4109 1181 4163 cereis
1212 4109 1576 4164 accendendis.

529 4221 692 4279 Cerei
734 4222 1108 4278 accendantur
1152 4238 1256 4276 nec
1300 4223 1389 4277 die
1434 4237 1538 4277 nec
1580 4231 1742 4279 nocte
1794 4238 2034 4293 unquam

460 4315 878 4385 exstinguendi,
931 4315 987 4368 in
1044 4328 1202 4369 sacro
1250 4312 1414 4384 adyto
1463 4329 1635 4376 unus,
1679 4322 1809 4369 ante
1864 4314 2039 4384 gratia

466 4408 683 4476 plenam
729 4407 1015 4476 Deiparam
1062 4421 1239 4462 meam
1289 4422 1452 4462 unus.
1509 4407 1855 4463 Candelabra
1905 4424 2040 4464 vero

465 4498 849 4554 duodenorum
915 4499 1190 4552 luminum
1253 4513 1473 4568 semper
1530 4499 1660 4568 poni
1711 4499 1916 4557 debent
1984 4502 2038 4554 in

467 4582 908 4653 a‘dorationibus,
942 4606 1011 4644 ex
1037 4590 1239 4659 quibus
1269 4605 1412 4644 unus
1439 4604 1632 4645 cereus
1672 4606 1769 4660 per
1798 4592 2037 4661 psalmo—

468 4682 614 4736 diam
649 4680 900 4750 quotidie
947 4680 1176 4735 accendi
1200 4679 1399 4746 debet,
1430 4690 1485 4734 et
1516 4681 1569 4735 in
1617 4681 1842 4749 templo,
1875 4695 2038 4744 unus,

465 4774 853 4846 exstinguendi
889 4770 1069 4829 oﬂicio
1112 4775 1362 4828 absoluto
1401 4791 1413 4827 :
1457 4774 1508 4826 in
1551 4758 1705 4828 festis
1753 4782 1935 4827 autem
1985 4774 2041 4826 in

442 4868 654 4939 Atypico
698 4883 807 4922 non
841 4866 1158 4937 descriptis,
1199 4875 1315 4921 tres
1352 4884 1365 4919 :
1404 4866 1660 4921 similiter
1708 4866 1764 4919 in
1814 4866 2040 4934 templo,

430 4940 606 5058 ξιτεδ.
636 4960 933 5023 Cancrum,
961 4960 1016 5013 in
1049 4958 1305 5013 maximis
1331 4973 1499 5028 supra
1532 4957 1853 5014 memoratis
1893 4956 2046 5011 l‘estis

434 5049 457 5111 ἶ
472 5053 591 5106 vice
613 5052 1037 5121 absumptorum
1056 5065 1344 5105 cercurum
1371 5052 1568 5121 integri
1600 5049 2042 5120 compingantur,

473 5144 571 5213 qui
600 5158 792 5198 rursus
829 5144 1035 5198 servari
1078 5144 1301 5205 debent,
1336 5152 1394 5196 ut
1424 5158 1595 5213 usque
1633 5142 1700 5197 ad
1742 5152 2044 5196 extremam

477 5235 751 5290 ustionem
785 5234 1109 5304 quotidiano
1142 5234 1270 5290 usui
1299 5235 1620 5290 inserviant.

1039 5433 1264 5491 CAPUT
1294 5433 1463 5517 thx

1126 5526 1202 5581 De
1241 5544 1403 5596 aqua.

551 5644 1004 5714 Quandoquidem
1052 5644 1313 5713 majestas
1344 5657 1465 5698 mea
1498 5651 1787 5712 postquam
1817 5643 2050 5698 multum

2522 3306 2741 3373 τήρων,
2790 3307 2890 3360 καὶ
2924 3307 3043 3364 τῶν
3069 3309 3325 3364 λοιπῶν.

2205 3414 2271 3467 Οί
2307 3413 2365 3468 δὲ
2395 3414 2454 3467 ἐν
2489 3414 2651 3486 μέσφ’
2689 3415 2784 3469 τοῦ
2814 3414 2976 3487 χοροῦ
3024 3418 3363 3488 κρεμάμενοι
3413 3420 3713 3490 κρατῆρες,

2131 3504 2497 3559 ἁπτέσθωσαν
2528 3506 2631 3575 μὲν
2662 3500 2745 3571 εἷς
2792 3507 2925 3577 παρ’
2958 3508 3077 3574 ινα,
3105 3510 3228 3563 κατ’
3267 3512 3443 3581 ἀρχὰς
3486 3511 3595 3564 τῶν
3626 3528 3719 3564 τε-

2134 3596 2413 3667 λουμένων
2440 3598 2687 3668 συνήθως
2713 3602 2773 3653 tv
2798 3600 2875 3671 τῷ
2896 3599 3008 3672 ναῷ
3037 3603 3335 3669 συνάξεων,
3362 3606 3485 3657 κατ’
3502 3604 3719 3674 ὄρθρον.

2134 3688 2444 3760 ἑσπερινόν,
2478 3690 2574 3744 καὶ
2612 3691 2996 3761 λειτουργίαν
3040 3692 3459 3749 σϐεννύσθωσαν
3506 3695 3565 3748 δὲ
3614 3698 3724 3749 πάρ

2134 3780 2221 3834 λιν
2249 3780 2393 3835 κατᾶ
2419 3780 2492 3835 τὰ
2518 3781 2647 3852 τέλη
2700 3782 2910 3837 τούτων
2931 3799 2945 3814 °
2970 3784 3032 3838 τδ
3075 3786 3208 3839 αὐτὸ
3248 3785 3309 3839 δὲ
3353 3786 3594 3855 γινέσθω
3627 3787 3723 3841 καὶ

2138 3876 2270 3947 περὶ
2301 3876 2481 3939 πάσας
2511 3876 2613 3941 τὰς
2638 3877 2732 3931 τοῦ
2773 3877 3020 3947 τέμπλου
3052 3879 3341 3949 κανδήλας.

2725 4012 2979 4069 ΚΕΦΔΛ.
3012 4013 3140 4075 ΞΗἌ

2283 4103 2423 4179 Περὶ
2462 4102 2580 4160 τῶν
2610 4104 2980 4176 ὀφειλόντων
3004 4108 3299 4169 ἅπτεσθαι
3334 4112 3579 4181 κηρίων.

2212 4221 2399 4291 Κηρία
2436 4218 2493 4274 δὲ
2534 4219 2898 4279 ἁπτέσθωσαν
2929 4221 3302 4292 νυχθημερινὰ
3334 4223 3635 4293 ἀκοίμητα,
3666 4225 3726 4277 ὲν

2145 4314 2247 4383 μὲν
2282 4313 2360 4385 τῷ
2388 4313 2623 4384 βήματι,
2668 4313 2729 4365 ἓν
2752 4329 2766 4343 ο
2795 4314 2889 4367 καὶ
2926 4308 3237 4383 ἔμπροσθεν
3274 4315 3375 4384 τῆς
3419 4328 3729 4387 κεχαριτωε

2144 4407 2318 4477 μένης
2362 4423 2465 4473 μου
2494 4407 2783 4469 Θεοτόκου,
2823 4405 2904 4459 ἒν.
2945 4405 3251 4473 ὐφείλουσι
3298 4406 3353 4458 δὲ
3380 4406 3447 4459 τὰ
3492 4406 3719 4461 δωδεκα-

2147 4498 2325 4567 φώτια
2353 4497 2604 4551 ἵστασθαι
2628 4499 2687 4551 ἐν
2710 4499 2828 4561 ταῖς
2865 4486 3271 4568 προσκυνήσεσι
3300 4497 3386 4551 διὰ
3419 4498 3641 4561 παντὸς,
3669 4498 3729 4564 ἐξ

2144 4581 2218 4641 ὧν
2247 4587 2451 4656 ὀφείλει
2483 4585 2752 4641 ἅπτεσθαι
2798 4588 2856 4640 ὲν
2886 4588 2954 4656 τῇ
3001 4584 3294 4655 ψαλμῳδίᾳ
3340 4585 3463 4639 καθ’
3492 4587 3727 4652 ἑκάστην

2144 4678 2357 4750 ἡμέραν
2395 4676 2474 4742 ἓν,
2503 4679 2595 4732 καὶ
2633 4679 2691 4731 ἑν
2722 4678 2798 4750 τῷ
2828 4676 3055 4748 τέμπλῳ
3092 4677 3151 4729 ἓν
3176 4694 3190 4707 ·
3229 4676 3553 4730 σϐέννυσθαι
3582 4677 3637 4730 δὲ
3671 4680 3728 4731 ὲν

2144 4773 2209 4841 τῇ
2242 4770 2506 4824 ἀπολύσει
2531 4785 2544 4800 ·
2579 4770 2637 4822 ὲν
2660 4768 2716 4821 δὲ
2744 4770 2863 4830 ταῖς
2891 4769 3107 4835 ἑορταῖς
3129 4768 3248 4831 ταῖς
3272 4766 3347 4838 μὴ
3377 4767 3703 4837 ἀναγεγραμ

2151 4861 2342 4934 μέναις
2380 4864 2438 4916 ὲν
2467 4860 2546 4932 τῷ
2578 4859 2817 4930 τυπικῷ,
2857 4859 2982 4931 τρία
3005 4874 3019 4889 ·
3053 4858 3318 4921 ὡσαύτως
3348 4857 3404 4910 δὲ
3442 4858 3537 4911 καὶ
3562 4857 3620 4909 ὲν
3651 4857 3728 4923 τῷ

2146 4954 2398 5025 τέμπλῳ,
2431 4952 2578 5023 τρία.
2608 4951 2754 5023 Πλὴν
2782 4950 2841 5004 ὲν
2866 4953 2986 5015 ταῖς
3007 4950 3110 5021 ήδη
3135 4949 3416 5021 ῥηθείσαις
3443 4947 3731 5018 μεγίσταις

2150 5044 2368 5115 ἑορταῖς
2396 5045 2520 5097 ἀντὶ
2549 5042 2658 5097 τῶν
2688 5042 3157 5113 ἀποκεκαυμὲνων
3187 5038 3421 5109 κηρίων,
3461 5036 3733 5108 ὁλόκληρα

2158 5139 2587 5211 πηγνύσθωσαν.
2623 5140 2691 5193 ’Ἃ
2740 5137 2822 5191 δεῖ
2871 5137 3032 5190 πάλιν
3083 5131 3476 5203 φυλάττεσθαι,
3536 5129 3612 5191 ὼς
3667 5127 3734 5181 ἂν

2152 5229 2546 5301 ὑπουργήσωσι
2580 5229 2743 5300 μέχρι
2781 5226 2996 5292 τελείας
3062 5224 3312 5285 καύσεως
3356 5222 3415 5273 ἐν
3452 5219 3572 5282 ταῖς
3602 5217 3735 5272 καθ-

2151 5324 2464 5395 ημεριναῖς.
3732 5308 3737 5311 ﬁ

2744 5428 2992 5483 ΚΕΦΑΛ.
3023 5425 3144 5480 ΞΘ’.

2662 5520 2801 5590 Περὶ
2833 5516 2940 5571 τοῦ
2977 5515 3217 5583 ὕδατος.

2241 5636 2396 5689 Ἐπεὶ
2442 5634 2499 5688 δὲ
2550 5633 2721 5687 πολλὰ
2764 5630 3089 5703 μοχθήσασα
3130 5631 3164 5700 ἠ
3203 5627 3451 5699 βασιλεία
3502 5645 3628 5698 μου,
3663 5628 3733 5697 τῇ

482 5738 776 5804 laboravit,
809 5736 1008 5806 potuit,
1037 5736 1148 5790 Deo
1182 5735 1501 5800 auxiliante,
1526 5749 1723 5803 aquam
1753 5746 2026 5804 perennen

2160 5728 2257 5784 τοῦ
2287 5726 2423 5781 Θεοῦ
2471 5725 2729 5795 συνεργίᾳ
2755 5720 2994 5793 ἠδυνήθη
3025 5721 3117 5775 καὶ
3164 5720 3309 5794 ὕδωρ
3351 5722 3576 5776 ἀὲνναον
3603 5719 3740 5772 ἀπο-

482 5829 551 5885 ad
597 5829 924 5886 monasteria
960 5843 1059 5884 sua
1103 5826 1380 5884 deducere
1425 5834 1531 5892 ;ct
1574 5825 1730 5883 facta:
1772 5834 1902 5881 sunt
1934 5825 2026 5881 du:

2163 5822 2389 5895 κομίσαι
2421 5822 2478 5877 ὲν
2513 5821 2626 5883 τοῖς
2679 5814 3066 5889 μοναστηρίοις
3109 5815 3321 5886 αύτῆςο
3375 5812 3630 5883 γεγόπασι
3671 5808 3730 5861 δὲ
