4064 6424
385 445 524 508 1085

1845 444 2206 506 TYPICUM.

3534 454 3672 518 l086

381 558 480 611 καὶ
507 554 807 627 μερεστραι
850 552 964 624 (66)
1004 551 1103 606 δύο
1156 553 1458 624 ίσόμετροι,
1513 553 1827 625 διορίζομαι
1879 553 1984 606 ἀπὺ

2094 557 2369 612 meristrre
2427 574 2688 614 mensura
2741 562 3019 631 :cquales;
3073 572 3258 620 statuo
3309 573 3370 621 ut
3437 567 3508 622 ab
3561 585 3668 624 una

383 650 484 721 μὲν
517 651 616 718 τῆς
651 649 784 718 μιᾶς
805 647 1135 717 ἀρδεύεσθαι
1161 647 1225 701 τὸ
1250 649 1565 715 γυναικεῖον
1592 648 1982 719 μοναστήριον,

384 743 478 798 καὶ
507 741 578 794 τὰ
612 740 926 795 Δεσποτικὰ
954 741 1256 810 οἰκήματα,
1291 741 1437 810 άπερ
1471 741 1730 811 ἐποίησεν
1760 742 1794 812 ἡ
1829 741 1986 812 βασι-

382 835 504 890 Αεία
534 851 638 904 μου
659 851 673 867 ·
709 834 821 888 ἀπὸ
844 835 904 888 δὲ
941 833 1045 903 τῆς
1075 834 1292 905 ἑτέρας,
1322 833 1384 886 τὸ
1417 833 1681 904 ἁνδρῷον.

457 926 628 995 Εἴπερ
658 925 715 978 δὲ
742 925 969 994 γένηται
1001 925 1222 995 κλάσμα
1253 925 1312 977 ἐν
1344 925 1458 987 τοῖς
1481 924 1748 986 τοιούτοις
1775 924 1984 993 παρολ-

383 1019 549 1085 κίοις,
579 1019 790 1088 ὀφείλει
827 1017 1263 1089 ἐπανορθοῦσθαι
1304 1020 1414 1072 ἀπὸ
1448 1018 1558 1072 τῶν
1587 1017 1982 1087 λαμϐανόντων

379 1115 444 1167 τὸ
475 1113 720 1167 τοιοῦτον
751 1112 918 1183 ὕδωρ.
962 1111 1114 1164 Ἐπεὶ
1157 1111 1217 1164 δὲ
1265 1109 1521 1182 ἐτυπὼοη
1556 1111 1710 1182 παρὰ
1753 1111 1856 1180 τῆς
1889 1109 1984 1180 βα-

385 1203 596 1265 σιλείας
627 1220 728 1272 μου
761 1197 900 1256 εἶναι
925 1201 1278 1272 ύδραγωγοὺς
1303 1201 1400 1255 δύο
1430 1202 1593 1273 χάριν
1630 1200 1728 1255 τοῦ
1755 1200 1981 1270 ἀγωγοῦ

380 1293 480 1347 τοῦ
524 1292 773 1346 τοιούτου
817 1291 1032 1354 ὓδατος,
1084 1291 1364 1360 ὀφείλουσι
1417 1291 1772 1360 προνοεῖσθαι
1807 1292 1837 1344 ὀ
1884 1291 1985 1361 μὲν

381 1383 465 1451 εἷς
493 1387 603 1440 ἀπὸ
644 1387 738 1440 τοῦ
769 1386 888 1448 ἑνὸς
937 1385 1326 1456 μοναστηρίου,
1358 1385 1388 1437 ὀ
1433 1386 1489 1438 δὲ
1529 1386 1719 1455 ἔτερος
1750 1384 1858 1439 ἀπὸ
1888 1384 1983 1438 τοῦ

381 1479 595 1549 ἑτέρου.
629 1478 699 1532 El
725 1494 857 1531 ποτε
886 1477 944 1530 δὲ
969 1477 1198 1546 γένηται
1232 1476 1458 1547 κλάσμα
1487 1479 1546 1529 ὲν
1567 1475 1646 1546 τῷ
1676 1476 1882 1548 ἀγωγῷ
1904 1475 1983 1546 τῷ

381 1571 666 1640 εἰσάγοντι
699 1570 764 1623 τὸ
793 1569 1035 1624 τοιοῦτον
1066 1568 1212 1640 ὕδωρ
1235 1569 1444 1638 ὀφείλει
1472 1567 1720 1636 γίνεσθαι
1753 1585 1985 1639 πρακτι-

382 1664 482 1718 κὸν
509 1663 665 1734 παρά
692 1679 839 1725 τινος
883 1662 996 1716 τῶν
1040 1656 1342 1730 τριϐούνων
1389 1659 1547 1732 (66'),
1596 1661 1690 1714 καὶ
1741 1661 1983 1714 δίδοσθαι

382 1759 485 1827 τὴν
513 1756 695 1823 ἔξοδον
719 1753 818 1808 ἀπ’
845 1755 1179 1824 ἀμφοτέρων
1203 1753 1314 1806 τῶν
1340 1752 1724 1823 μοναστηρίων
1745 1751 1807 1816 ἐξ
1834 1751 1976 1817 ἴσου,

388 1847 490 1899 καὶ
537 1844 980 1916 ἐπανορθοῦσθαι
1021 1845 1210 1908 αὐτὸν,
1243 1843 1338 1897 καὶ
1379 1842 1532 1913 ἔχειν
1573 1843 1634 1898 τὸ
1685 1841 1830 1912 ὕδωρ
1863 1843 1985 1895 ἀέν-

394 1954 524 1990 ναον
531 1979 546 1991 .

977 2027 1230 2082 ΚΕΦΑΛ.
1291 2024 1370 2081 0'.

599 2125 742 2194 Περὶ
770 2123 879 2180 τοῦ
904 2124 1157 2194 ταφείου
1187 2121 1308 2180 τῶν
1336 2120 1764 2192 μοναζουσῶν.

453 2242 788 2313 Ταῦταμὲν
817 2242 882 2312 δὴ
915 2241 1090 2304 οὕτως
1125 2237 1480 2310 ᾠκονόμηταί
1508 2255 1566 2290 τε
1594 2236 1690 2289 καλ⁸
1732 2235 1982 2290 διατέτα-

379 2352 532 2388 κται.
573 2334 732 2389 Ἐπεὶ
751 2335 806 2387 δὲ
833 2335 924 2386 καὶ
950 2335 1176 2402 ταφεῐον
1197 2331 1500 2398 ἀναγκαῖον
1531 2325 1602 2399 ἦν
1629 2344 1982 2380 κατασκευα-

382 2431 577 2502 σθῆναι
607 2429 703 2480 ἐπὶ
732 2430 798 2498 τῇ
829 2425 1088 2479 ἀποθέσει
1128 2423 1234 2476 τῶν
1258 2421 1531 2491 λειψάνων
1560 2419 1670 2472 τῶν
1703 2420 1842 2490 πρὸς
1872 2417 1988 2471 Κύ-

390 2538 498 2591 ριον
522 2517 884 2590 ὲκδημουσῶν
920 2514 1294 2587 μοναζουσῶν,
1326 2511 1384 2566 τὸ
1424 2512 1482 2566 δὲ
1513 2511 1855 2581 στενόχωρον
1882 2511 1983 2578 τῆς

385 2613 556 2682 μονῆς
607 2611 669 2664 ού
719 2611 986 2679 παρεῖχεν
1031 2607 1217 2678 χώραν
1243 2607 1326 2669 είς
1357 2606 1454 2676 τὴν
1485 2604 1580 2657 τοῦ
1610 2603 1858 2657 τοιούτου
1891 2605 1982 2656 ἀν-

382 2707 630 2775 έγερσιν,
692 2700 988 2756 ἀνελάϐετο
1039 2701 1071 2769 ἡ
1135 2697 1384 2769 βασιλεία
1447 2713 1550 2768 μου
1583 2695 1692 2749 ἀπὸ
1726 2694 1828 2765 τῆς
1885 2694 1980 2747 τοῦ

380 2790 519 2845 Θεοῦ
542 2791 801 2860 Μεγάλης
836 2788 1167 2859 Ἐκκλησίας
1185 2787 1284 2858 τὴν
1311 2787 1480 2858 μονὴν
1501 2786 1571 2839 τὰ
1603 2785 1979 2857 Κελλαραίας,

382 2883 796 2956 πατριάρχικὴν
832 2880 934 2954 μὲν
966 2880 1156 2943 οὖσαν,
1194 2877 1605 2949 ἁφιερωθεῐσαν
1651 2875 1709 2930 δὲ
1741 2878 1807 2947 τῇ
1844 2877 1980 2948 μονῇ

379 2977 487 3047 τῆς
534 2973 989 3046 κεχαριτωμένης
1045 2989 1150 3041 μου
1199 2970 1465 3024 Θεοτόκου
1525 2969 1688 3041 χάριν
1747 2969 1980 3037 ταφείου

379 3065 494 3118 τῶν
518 3065 576 3115 ὲν
599 3063 737 3132 αύτῇ
779 3061 1144 3130 ἀσκουμένων
1177 3060 1529 3131 μοναζουσῶν
1559 3075 1572 3088 °
1607 3059 1742 3111 καθὸ
1793 3059 1885 3112 καὶ
1919 3057 1984 3110 τὺ

381 3154 537 3224 παρὰ
580 3152 676 3206 τοῦ
713 3151 1023 3218 άγιωτάτου
1069 3149 1167 3202 καὶ
1205 3145 1591 3217 οίκουμενικοῦ
1637 3148 1981 3218 πατριάρχου

381 3244 560 3316 κυροῦ
621 3243 896 3297 Νικολάου
951 3241 1179 3311 γεγονὸς
1205 3239 1486 3294 ἐπὶτοῦτο
1527 3239 1808 3310 διατρανοῖ
1843 3236 1975 3290 ὑπὸ-
2003 3251 2046 3307 c

385 3356 494 3409 μνη
503 3355 577 3407 μα
587 3375 603 3390 ο

459 3429 572 3484 Καὶ
599 3428 667 3498 δὴ
697 3427 987 3498 τυποῦμεν
1023 3421 1169 3480 εἶναι
1213 3428 1274 3480 ἒν
1308 3425 1445 3496 αὐτῇ
1484 3422 1826 3496 μοναζούσας
1852 3421 1983 3475 τέσ-

390 3539 583 3594 σαρας,
608 3519 1000 3590 λαμϐανούσας
1031 3520 1248 3590 ἑκάστῳ
1279 3520 1516 3589 ἐνιαυτῷ
1544 3518 1654 3572 άπὸ
1682 3517 1779 3586 τῆς
1816 3514 1985 3587 μονῆς

391 3615 490 3682 τῆς
546 3611 1002 3682 κεχαριτωμένης
1061 3625 1165 3678 μου
1199 3609 1465 3662 Θεοτόκου
1506 3608 1746 3677 ἑκάστην
1777 3604 1980 3668 αὐτῶν,

401 3706 549 3757 σίτου
583 3704 684 3757 ἀνὰ
715 3703 874 3774 μόδιοι
902 3701 1170 3755 θαλάσσια
1197 3701 1476 3756 δεκαοκτώ
1517 3702 1631 3772 (67)
1652 3716 1667 3731 ·
1709 3699 1856 3754 οἴνου
1881 3699 1984 3751 άνᾶ

403 3796 575 3868 μέτρα
603 3795 869 3850 θαλάσσια
902 3796 1112 3850 δώδεκα
1133 3811 1148 3826 ⁸
1209 3795 1378 3868 τυροῦ
1415 3797 1523 3850 ἀνὰ
1566 3795 1759 3864 λίτρας
1783 3791 1985 3859 πεντή-

397 3905 557 3942 κοντα
578 3905 592 3920 ο
617 3887 849 3960 ὀσπρίου
877 3889 982 3943 ἀνά
1017 3887 1199 3958 μόδιον
1225 3887 1340 3942 ἕνα.
1369 3890 1482 3943 Καὶ
1515 3887 1658 3958 ὑπὲρ
1685 3885 1851 3958 ρόγας
1869 3883 1982 3953 (68)

392 3979 573 4033 αὐτῶν
614 3979 720 4032 ἀνά
766 3978 1083 4048 νομίσματα
1123 3979 1333 4049 τραχέα
1364 3980 1542 4032 εἴκοσι
1596 3978 1861 4046 τέσσαρα,
1890 3975 1984 4027 καὶ

387 4074 511 4128 ἀντὶ
543 4072 901 4141 ὲνδυμασίας,
939 4071 1185 4140 νόμισμα
1219 4071 1276 4123 ἒν
1327 4072 1648 4140 ύπὲρπυρον
1675 4069 1838 4141 (68⁶).

464 4163 588 4217 Ἐτι
617 4181 684 4233 γε
717 4163 825 4235 μὴν
858 4164 952 4218 καὶ
997 4164 1149 4234 ἱερέα
1206 4164 1330 4216 τινὰ
1384 4165 1654 4232 κοσμικδν
1701 4165 1985 4237 τυποῦμεν

386 4255 759 4326 ἀφορισθῆναι
808 4257 1014 4322 ἐκεῖσε,
1062 4255 1156 4308 καὶ
1207 4255 1506 4325 ὑπηρετεῖν
1538 4257 1595 4308 ἐν
1629 4255 1706 4323 τῷ
1755 4258 1984 4328 τοιούτῳ

387 4349 770 4419 μοναστηρίῳ,
802 4348 896 4400 ὲπί
925 4363 986 4400 τε
1015 4349 1080 4417 τῇ
1117 4345 1412 4417 ψαλμῳδίᾳ
1435 4347 1528 4399 καὶ
1575 4347 1852 4419 φωταψίᾳ,
1892 4351 1985 4403 καὶ

382 4441 545 4513 πάσῃ
578 4443 642 4510 τῇ
677 4439 1032 4511 προσηκούσῃ
1050 4439 1344 4509 ἐπιμελείᾳ
1365 4454 1379 4469 ·
1410 4439 1730 4510 τυπωθῆναι
1761 4440 1816 4493 δὲ
1845 4441 1987 4512 λαμ-

383 4532 578 4584 ϐάνειν
609 4530 774 4583 αὑτὸν
801 4530 861 4582 τὸ
892 4529 1248 4600 ἐνδεχόμενον
1292 4529 1434 4599 ὑπὲρ
1459 4529 1558 4598 τῆς
1591 4531 1854 4600 τοιαύτης
1888 4533 1986 4586 ὑπ-

381 4622 648 4694 ηρεσίας,
676 4621 787 4675 ἀπὸ
813 4621 914 4691 τῆς
942 4622 1042 4691 τῆς
1073 4620 1530 4691 κεχαριτωμένης
1581 4638 1685 4690 μου
1716 4621 1983 4675 Θεοτόκου

385 4715 589 4783 μονῆς,
640 4711 735 4782 ἀφ’
783 4707 853 4784 ἦς
911 4711 1149 4766 δίδοσθαι
1214 4712 1311 4764 κοιλ⁸
1349 4712 1417 4763 τὰ
1441 4714 1522 4774 εἰς
1554 4712 1840 4780 φωταψίαν
1888 4713 1983 4766 τοῦ

377 4803 635 4859 τοιούτου
668 4803 1056 4874 κοιμητηρίου,
1091 4805 1260 4874 ἤγουν
1292 4803 1414 4856 καθ’
1447 4803 1681 4856 ἕκαστον
1713 4806 1984 4872 ἐνιαυτὸν,

378 4898 577 4953 ἐλαίου
610 4897 784 4967 μέτρα
815 4896 1087 4949 Θαλάσσια
1116 4897 1231 4960 δύο,
1267 4897 1359 4949 καὶ
1387 4897 1538 4948 σίτου
1566 4897 1724 4967 μόδια
1747 4896 1982 4955 δώδεκα.

460 4989 508 5043 Τ
513 4988 578 5060 ὴν
604 4988 658 5041 δὲ
683 4989 792 5041 τῶν
839 4987 1315 5059 ἀποθνησκουσῶν
1351 4988 1706 5058 μοναζουσῶν
1749 5007 1986 5058 μετακο-

2086 647 2315 717 quidem
2367 665 2585 714 earum,
2631 651 2935 707 femineum
2977 656 3379 710 monasterium
3423 658 3671 729 adaque-

2087 751 2198 802 tur,
2219 755 2438 796 necnon
2463 743 2761 812 despoticae
2779 743 2976 799 domus
3001 761 3139 816 quas
3165 746 3459 818 imperium
3486 767 3671 805 meum

2085 835 2391 901 exstruxit;
2412 836 2488 906 ab
2513 837 2622 891 alia
2645 853 2797 906 vero,
2827 838 3075 894 virorum
3107 843 3524 898 monasterium.

2157 926 2214 981 Si
2245 935 2430 984 autem
2469 928 2523 982 in
2573 929 2889 998 huiusmodi
2928 931 3215 986 canalibus
3259 934 3354 987 liat
3401 935 3671 1001 fractura,

2086 1020 2389 1073 restaurari
2420 1020 2586 1075 debet
2613 1022 2684 1076 ab
2712 1023 2778 1077 iis
2811 1023 2905 1092 qui
2937 1039 3137 1094 aquam
3187 1025 3333 1078 illam
3363 1028 3666 1097 accipiunt.

2083 1109 2222 1167 Cum
2270 1127 2402 1167 vero
2439 1113 2511 1168 ab
2555 1114 2908 1184 imperatoria
2955 1131 3076 1170 mea
3123 1118 3408 1187 majestate
3465 1119 3672 1173 consti-

2087 1214 2266 1260 tutum
2319 1205 2522 1270 fuerit,
2565 1215 2625 1260 ut
2679 1223 2780 1277 pro
2825 1209 3106 1279 ejusmodi
3163 1209 3493 1278 aquaeductu
3557 1210 3677 1264 duo-

2086 1297 2198 1353 sint
2242 1300 2489 1368 aquarii;
2519 1309 2679 1356 curet
2731 1316 2876 1356 unus
2907 1317 3104 1356 eorum
3136 1302 3302 1356 unius
3341 1303 3666 1357 monasterii

2085 1404 2309 1458 aquam,
2363 1390 2506 1446 alter
2552 1407 2684 1445 vero
2752 1392 3003 1448 alterius.
3054 1392 3110 1448 Si
3164 1403 3352 1448 autem
3423 1392 3667 1448 fractura

2087 1495 2330 1550 unquam
2381 1481 2598 1536 accidat
2646 1483 2701 1535 in
2756 1483 2852 1536 illo
2905 1484 3254 1552 aqumductu,
3301 1484 3393 1538 ﬁat
3439 1493 3596 1540 actus
3637 1499 3670 1539 a

2085 1575 2349 1644 quopiam
2400 1574 2778 1638 tribunorum,
2804 1575 2919 1629 sive
2962 1577 3328 1639 notariorum,
3357 1585 3411 1629 et
3442 1577 3512 1630 ab
3553 1591 3670 1629 am-

2087 1667 2268 1723 bobus
2317 1668 2670 1722 monasteriis
2715 1676 2970 1737 sumptus
3009 1683 3075 1723 ex
3115 1684 3276 1739 teque
3307 1669 3667 1738 suppediten—

2088 1771 2200 1828 tur,
2237 1776 2479 1832 cumque
2511 1761 2828 1829 restituant,
2857 1771 2914 1817 et
2946 1777 3086 1832 aqua
3128 1763 3359 1832 perenni
3389 1762 3666 1816 fruantur.

2631 2039 2859 2096 CAPUT
2899 2037 3063 2093 LXX.

2459 2130 2539 2184 De
2583 2130 2824 2200 sepulcra
2887 2128 3292 2182 monachorum.

2155 2247 2284 2300 Hzec
2331 2245 2554 2313 quidem
2606 2246 2681 2298 ita
2725 2243 2991 2311 disposita
3031 2251 3087 2294 et
3133 2248 3336 2314 statuta
3385 2247 3535 2294 sunt.
3598 2237 3669 2292 Ut

2087 2347 2270 2392 autem
2301 2351 2522 2391 necesse
2554 2335 2656 2389 fuit
2681 2334 2994 2403 sepulcrum
3023 2331 3206 2401 parari
3244 2330 3308 2384 ad
3341 2327 3665 2398 deponenda

2086 2435 2352 2489 cadavera
2389 2429 2783 2485 monaeharum
2814 2443 2934 2496 qua:
2960 2425 3026 2479 ad
3059 2426 3231 2478 Deum
3265 2419 3619 2489 demigrariut
3651 2434 3666 2480 ,'

2085 2523 2335 2594 angustia
2368 2539 2501 2578 vero
2523 2521 2840 2593 monasterii
2867 2517 3028 2572 nobis
3055 2517 3236 2570 locum
3271 2513 3495 2568 minime
3519 2510 3671 2565 dedit

2087 2617 2153 2671 ad
2175 2615 2307 2670 illud
2337 2613 2692 2669 excitandum
2715 2610 2942 2665 :ascivit
2974 2608 3232 2677 maiestas
3265 2621 3387 2658 mea
3415 2619 3443 2656 a
3474 2617 3667 2670 magna

2088 2707 2183 2763 Dei
2231 2706 2476 2761 Ecclesia
2509 2702 2903 2758 monasterium
2955 2700 3253 2762 Cellaraiae,
3295 2694 3667 2766 patriarcllale

2086 2803 2331 2874 quidem,
2356 2807 2741 2854 consecratum
2766 2811 2919 2860 vero,
2939 2791 3277 2861 monasterio
3296 2789 3467 2858 gratia
3492 2785 3669 2856 plenae

2085 2896 2334 2965 Deiparze
2363 2906 2517 2954 mem,
2553 2891 2607 2943 in
2627 2887 2940 2958 sepulcrum
2967 2882 3291 2938 monialium
3327 2882 3381 2933 in
3408 2894 3473 2932 eo
3504 2891 3664 2930 asce-

2090 2989 2200 3045 tice
2239 2983 2584 3053 degentium,
2621 2975 3087 3049 quemadmodum
3121 2972 3330 3028 editum
3371 2985 3397 3020 a
3430 2966 3668 3020 sanctis-

2087 3083 2228 3138 simo
2283 3088 2336 3131 et
2387 3073 2734 3131 mcumcnico
2789 3069 3106 3140 patriarcha
3172 3065 3376 3120 domno
3442 3059 3666 3114 Nicolao

2088 3176 2510 3229 monumentum
2536 3163 2798 3218 declarat.

2161 3411 2472 3470 Statuimus
2520 3407 2708 3475 itaque
2763 3409 2825 3457 ut
2893 3409 3132 3471 quatuor
3189 3397 3244 3450 in
3305 3395 3399 3449 illo
3463 3391 3670 3460 degant

2089 3506 2381 3567 moniales,
2410 3498 2709 3572 quotannis
2735 3493 3072 3564 accipientes
3090 3506 3116 3544 a
3143 3484 3478 3544 monasterio
3493 3482 3670 3553 gratia

2089 3600 2264 3670 plena:
2319 3595 2566 3664 Deiparaa
2626 3604 2782 3650 meae.
2839 3585 3071 3655 singula:
3133 3577 3396 3635 frumenti
3455 3574 3673 3629 modios

2089 3666 2334 3746 marinos
2383 3683 2718 3744 octodecim,
2763 3677 2873 3731 vini
2918 3685 3091 3730 metra
3119 3673 3331 3727 marina
3353 3666 3668 3726 duodecim,

2085 3785 2233 3840 casei
2298 3781 2471 3836 libras
2527 3771 2968 3846 quinquaginta;
3028 3766 3370 3836 leguminum
3424 3759 3671 3815 mollium

2089 3891 2282 3938 unum,
2332 3879 2390 3926 et
2449 3884 2552 3939 pro
2598 3879 2791 3921 earnm
2861 3860 3028 3931 rogis,
3085 3859 3416 3912 nomismata
3471 3866 3670 3920 aspera

2085 3965 2280 4039 viginti
2297 3971 2556 4033 quatuor,
2569 3974 2632 4014 ac
2650 3971 2750 4027 pro
2763 3955 2964 4008 vestitu
2993 3951 3264 4005 nomisma
3285 3959 3454 4000 unum
3471 3944 3672 4014 hyper-

2161 4073 2304 4112 rum.

2161 4077 2304 4112 rum.

2087 4077 2471 4204 pyStatuimus
2503 4142 2731 4210 insuper
2763 4134 3106 4192 sacerdotem
3147 4144 3318 4184 unum
3344 4125 3667 4182 saecularem

2089 4243 2204 4299 illic
2232 4235 2534 4308 designari,
2562 4232 2656 4301 qui
2700 4231 2753 4284 in
2785 4230 2876 4283 illo
2912 4225 3250 4281 monasterio
3281 4220 3581 4281 ministret,
3613 4217 3666 4268 in

2088 4329 2415 4406 psalmodia,
2484 4323 2768 4384 luminari,
2826 4319 3089 4388 omnique
3155 4316 3262 4370 sibi
3335 4307 3666 4380 congruenti

2089 4399 2342 4478 munere.
2364 4417 2838 4487 Assignenturque
2861 4411 2940 4464 illi
2963 4425 3086 4480 quae
3111 4423 3210 4478 pro
3235 4405 3327 4460 tali
3356 4399 3670 4457 ministerio

2094 4530 2220 4570 cum
2273 4511 2522 4580 accipere
2554 4512 2776 4577 Oportet
2813 4519 2842 4557 a
2874 4501 3212 4556 monasterio
3241 4495 3666 4580 Gratia—plenae,

2013 4588 2065 4647 D
2099 4623 2128 4661 a
2164 4621 2274 4676 quo
2322 4603 2604 4656 dabuntur
2631 4610 2854 4667 quoque
2899 4592 3213 4648 necessaria
3271 4589 3337 4642 ad
3396 4574 3670 4641 luminare

2087 4699 2236 4752 illius
2279 4690 2585 4750 cmmeterii
2611 4734 2624 4754 ,
2671 4699 2870 4756 nempe
2906 4682 3206 4753 quotannis
3225 4678 3332 4732 olei
3358 4683 3534 4731 metra
3552 4689 3670 4728 ma-

2085 4792 2206 4845 rina
2234 4788 2368 4849 duo,
2396 4794 2452 4840 et
2485 4779 2746 4837 frumenti
2781 4776 2950 4832 modii
2977 4772 3292 4830 duodecim.

2153 4989 2493 5047 Obcuntium
2550 5004 2685 5043 vero
2746 4983 3072 5040 monialium
3145 4975 3560 5035 translationem
3607 4976 3678 5028 et

1664 5083 2128 5148 Montfauconii
2188 5091 2377 5145 notua.

465 5182 938 5256 (6θ)ᾌ1ερίστραι
979 5183 1240 5256 videntur
1276 5181 1451 5256 fuisse
1506 5184 1729 5256 canales
1763 5183 1831 5237 ad
1877 5185 1979 5256 de-

378 5254 949 5324 ducendam‘aquam,
995 5266 1058 5308 ut
1099 5255 1262 5324 paulo
1295 5254 1980 5322 inferiusindicatur,his
2027 5294 2046 5308 ι

379 5326 604 5390 verbis,
642 5327 732 5377 Ἐν
762 5329 875 5388 τοῖς
897 5325 1163 5386 τοιούτοις
1202 5324 1542 5392 παρολκίοις.

464 5395 600 5466 (66')
637 5397 988 5466 Τριϐοὐνων.
1043 5396 1125 5466 De
1168 5396 1337 5449 variis
1376 5395 1726 5450 tribunorum
1761 5393 1975 5466 officiis,

374 5477 443 5523 et
468 5465 753 5535 speCiatim
787 5465 856 5520 de
897 5466 1005 5520 illis
1038 5465 1132 5534 qui
1175 5466 1376 5519 notarii
1413 5482 1618 5519 munus
1650 5465 1974 5534 explebant,

377 5537 756 5620 Bu‘l‘eltgerus,
791 5537 871 5620 De
901 5538 1122 5620 imperia
1139 5536 1291 5620 Rom.
1312 5535 1410 5589 lib.
1437 5551 1503 5620 Iv,
1525 5550 1626 5604 cap
1667 5541 1724 5592 5.

462 5608 576 5674 (67)
607 5607 799 5660 Μόδια
835 5605 1162 5663 θαλάσσια.
1192 5607 1266 5661 De
1325 5605 1524 5659 modiis
1577 5607 1808 5660 marinis
1851 5605 1972 5661 ha‘c

377 5679 705 5735 “curatus:
741 5677 926 5746 Μὸδης
958 5693 1056 5746 pro
1098 5677 1302 5746 μόδιος,
1338 5675 1578 5746 modius.
1618 5677 1647 5727 ὀ
1674 5677 1974 5746 θαλάσσιος

377 5747 565 5817 μὸδης
623 5748 829 5816 ὀφείλει
872 5745 1073 5818 χωρεῖν
1104 5745 1540 5818 σίτουνκαθαροῦ
1600 5745 1696 5818 καὶ
1750 5747 1967 5818 ἁρύπου

376 5815 1029 5888 λίτραςτεσσαράκοντα
1079 5834 1145 5872 ex
1195 5815 1563 5888 arithmetica
1591 5816 1874 5888 adespoto.
1912 5816 1966 5870 Id

285 5961 290 5964 _
378 5896 479 5946 est
515 5887 1070 5945 :Mudius'mariuus
1146 5889 1431 5944 continere
1482 5887 1645 5943 debet
1707 5887 1969 5943 frumenti

2092 5184 2217 5255 puri
2271 5191 2325 5255 et
2358 5180 2549 5234 mundi
2585 5179 2764 5255 libras
2817 5176 3200 5255 quadraginta.
3235 5173 3312 5230 De
3348 5185 3458 5240 quo
3491 5169 3544 5223 in
3580 5183 3669 5226 sc-

2091 5247 2278 5324 quenti
2302 5260 2537 5324 tractatu
2577 5249 2650 5324 υς
2671 5247 2928 5302 mensuris
2960 5248 3156 5324 fusius.

2161 5324 2274 5393 (68)
2332 5321 2568 5393 Ῥόγας.
2611 5319 2775 5393 βοείη
2823 5329 2953 5372 sunt
2997 5315 3279 5393 stipendia
3332 5309 3681 5393 quihusdam

2087 5383 2281 5450 oﬂiciis
2305 5383 2580 5447 affectata.
2614 5383 2844 5442 Videtur
2874 5397 3054 5444 tamen
3077 5383 3207 5444 cum
3245 5385 3348 5438 hoc
3377 5383 3521 5441 loco,
3549 5393 3669 5434 tum

2089 5467 2142 5519 in
2175 5463 2376 5518 tabella
2416 5461 2697 5514 redituum
2730 5459 3070 5519 monasterii.
3106 5471 3292 5526 regam
3337 5467 3456 5506 esse
3486 5450 3665 5526 dona-

2075 5538 2218 5588 rium
2255 5549 2354 5602 pro
2379 5531 2613 5585 obsonio
2639 5529 2976 5602 assignatum
2996 5544 3016 5602 _;
3047 5521 3298 5602 nam'pro
3339 5537 3500 5591 pane,
3531 5521 3675 5574 vim»

2074 5615 2132 5660 ct
2159 5595 2493 5659 vestimento
2519 5595 2831 5654 necessaria
2860 5597 3144 5666 speciatim
3175 5595 3548 5666 assignantur.

2147 5675 2282 5744 (68‘)
2321 5671 2722 5744 'I‘uépaupor.
2752 5670 2824 5744 D_e
2855 5660 3664 5744 nomisma;ibus'hyperpyris,

2073 5734 2199 5800 vide
2231 5734 2431 5809 sfepius
2456 5734 2736 5795 laudatum
2765 5737 3207 5812 Cangium,_lil)._
3241 5734 3317 5788 De
3353 5734 3674 5812 Ill'l‘iltlsma;

2073 5818 2211 5870 tibus
2236 5800 2498 5883 inferioris
2552 5811 2666 5883 a’v‘i,
2698 5800 2954 5883 num._30
3014 5800 3085 5866 ad
3127 5806 3335 5863 calcem
3392 5800 3675 5857 Glossath

2075 5889 2256 5943 n‘tcdiw
2294 5879 2355 5938 ἐἰ
2383 5884 2578 5953 inﬁma?
2606 5879 2929 5936 Latinitatis.
