4064 6420
433 330 576 391 1085

1701 324 1991 386 IRENES
2034 317 2412 385 AUGUST/E

3556 314 3700 381 1096

428 453 746 500 mismatum
782 456 1102 514 asperorum
1139 457 1253 496 sex.
1289 442 1522 514 Fiatque
1561 442 1806 515 amplum
1848 440 2012 497 lumi—

2119 439 2260 492 νίου·
2321 435 2419 490 καὶ
2473 429 2703 486 διδόσθω
2749 431 2808 484 εν
2862 427 2941 498 τῷ
2990 427 3201 484 πυλῶνι
3260 427 3456 499 ψωμία
3503 430 3706 500 μοδίων

430 553 586 603 nare,
620 546 676 594 et
711 536 974 592 discretio
1009 535 1366 591 monialibus.

501 805 686 860 Mense
748 803 1045 859 Novembri
1101 803 1162 857 2i
1195 843 1210 868 ,
1277 802 1408 856 ﬁant
1462 801 2012 856 commemorationcs

431 897 780 953 sanctiﬁcata:
829 896 1160 950 authentriaa
1211 905 1267 950 ct
1295 895 1488 950 matris
1533 894 1833 963 maiestatis
1877 909 2013 949 meae

430 991 645 1043 domnzc
675 988 878 1054 Mariae,
920 989 1014 1058 qui
1056 1003 1153 1057 per
1179 997 1432 1042 sanctum
1466 995 1522 1041 et
1559 986 1865 1054 angelicum
1893 999 2013 1038 ma-

429 1097 595 1151 gnum
627 1081 877 1134 habitum
901 1082 1283 1152 cognominata
1312 1088 1396 1135 est
1417 1081 1617 1135 domna
1642 1079 1818 1145 Xene,
1844 1078 2012 1134 simili

430 1172 616 1226 modo.

503 1263 688 1317 Mense
727 1264 874 1318 Julio
928 1264 1010 1326 l2,
1063 1262 1196 1318 ﬁant
1245 1262 1801 1318 commemorationes
1843 1263 2017 1318 beata:

432 1356 712 1408 memoria:
735 1355 921 1408 domui
952 1355 1204 1418 Joannis,
1241 1365 1295 1409 et
1335 1356 1522 1410 dilecti
1566 1358 1739 1411 soceri
1777 1358 2016 1426 impera-

436 1446 589 1500 toriae
617 1462 750 1500 mea:
787 1447 1114 1516 maiestatis.
1150 1447 1315 1501 simili
1349 1448 1536 1502 modo.

500 1538 683 1592 Mense
721 1537 1017 1592 Novembri
1054 1539 1104 1603 l,
1136 1537 1269 1593 ﬁant
1308 1541 1863 1596 commemorationes
1893 1557 2020 1596 san-

433 1629 685 1684 ctiﬁcata).
718 1628 956 1683 dominae
992 1617 1147 1693 mete,
1181 1636 1237 1683 et
1287 1645 1480 1684 socrus
1511 1631 1820 1701 majestatis
1861 1647 2018 1697 meae,

419 1725 553 1793 (pari
589 1721 777 1775 modo.

2113 530 2302 595 πέντε,
2335 526 2434 582 καὶ
2463 526 2704 597 νουμμία
2736 522 3092 593 νομισμάτων
3125 521 3379 592 τραχέων
3428 519 3510 586 ἒξ.
3545 521 3703 574 Γινέ-

2115 623 2228 677 σθω
2279 623 2374 676 καί
2409 618 2667 690 φωταψία
2722 616 2978 688 δαψιλὴς,
3035 617 3131 669 καὶ
3162 614 3442 685 διάκρισις
3485 614 3566 680 είς
3603 613 3704 679 τὰς

2117 715 2383 788 μοναχάς.

2184 806 2338 876 Μηνὶ
2383 802 2680 874 Νοεμϐρίῳ
2712 799 2819 866 κα’,
2858 799 3223 855 τελείσθωσαν
3270 800 3342 854 τὰ
3384 799 3709 871 μνημόσυνα

2114 897 2213 968 τῆς
2261 896 2604 966 ήγιασμένης
2661 893 2993 965 αὑθεντρίας
3025 892 3122 947 καὶ
3175 892 3385 964 μητρὸς
3413 893 3513 960 τῆς
3554 892 3709 962 pm-

2115 989 2265 1052 λείας
2300 1005 2402 1057 μου
2434 991 2609 1058 κυρᾶς
2635 986 2878 1056 Μαρίας,
2909 986 3010 1054 τῆς
3045 985 3136 1039 διὰ
3165 984 3262 1039 τοῦ
3296 985 3456 1052 ἁγίου
3488 987 3582 1038 καὶ
3608 986 3710 1053 άγ-

2116 1081 2338 1147 γελικοῦ
2393 1079 2630 1151 μεγάλου
2685 1079 2964 1150 σχήματος
2997 1077 3500 1150 μετονομασθείσης
3532 1078 3706 1150 κυρᾶς

2115 1173 2310 1242 Ξένης,
2333 1171 2560 1240 ὁμοίως.

2187 1265 2335 1333 Μηνὶ
2375 1263 2578 1333 Ἰουλίῳ
2625 1259 2714 1331 ιβ’,
2740 1259 3105 1314 τελείσθωσαν
3148 1259 3218 1313 τὰ
3253 1256 3575 1331 μνημόσυνα
3606 1256 3701 1312 τοῦ

2122 1356 2425 1427 μακαρίτου
2459 1354 2629 1425 κυροῦ
2677 1353 2930 1407 Ἰωάννου
2960 1355 3056 1407 καὶ
3108 1352 3480 1424 περιποθήτου
3510 1350 3702 1404 πενθε-

2121 1449 2218 1519 ροῦ
2244 1449 2342 1518 τῆς
2373 1447 2653 1517 βασιλείας
2683 1461 2810 1516 μου,
2840 1445 3067 1516 ὁμοίως.

2191 1541 2340 1612 Μηνὶ
2369 1539 2670 1610 Νοεμϐρίῳ
2726 1536 2797 1603 α’,
2841 1537 3209 1590 τελείσθωσαν
3258 1535 3330 1589 τὰ
3381 1535 3703 1606 μνημόσυνα

2119 1634 2219 1704 τῆς
2276 1633 2620 1703 ἡγιασμένης
2681 1648 2785 1701 μου
2819 1630 3129 1701 δεσποίνης,
3159 1629 3256 1684 καὶ
3285 1629 3552 1700 πενθερᾶς
3589 1627 3702 1700 (9|)

2122 1726 2222 1794 τῆς
2250 1725 2525 1795 βασιλείας
2558 1744 2685 1796 μου,
2712 1725 2934 1794 ὁμοίως.

506 1813 692 1867 Mense
713 1813 979 1868 Januario
1007 1813 1208 1878 9,ﬁaut
1237 1814 1797 1870 enmmemorationes
1826 1815 2015 1870 dilecti

2183 1793 2343 1887 Μηνὶ
2383 1793 2702 1888 Ἰανουαρίῳ
2749 1793 2823 1881 θ’,
2871 1814 3242 1869 τελείσθωσαν
3275 1814 3344 1866 τὰ
3378 1811 3704 1882 μνημόσυνα

434 1908 618 1962 fratris
643 1908 947 1978 majestatis
983 1923 1137 1968 meae,
1169 1919 1226 1961 et
1259 1909 1675 1976 protostratoris
1701 1908 1886 1962 domui
1916 1908 2018 1962 Mi-

435 1999 642 2053 chaelis
674 1999 884 2059 Ducas;
912 1999 1111 2068 ﬁatque
1137 1999 1378 2069 amplum
1405 2000 1698 2067 luminare,
1729 2011 1786 2055 et
1808 2001 2018 2054 discre-

439 2091 514 2144 tio
558 2090 909 2146 monialibus.

508 2264 693 2319 Mense
741 2265 1039 2320 Februario
1062 2265 1153 2332 εο,
1188 2265 1321 2320 ﬁant
1355 2267 1906 2322 commemorationes
1933 2268 2016 2323 di-

435 2349 591 2404 lecta:
625 2352 832 2406 sororis
859 2354 1160 2423 majestatis
1191 2369 1347 2418 meae,
1369 2355 1667 2410 admodum
1692 2359 2015 2413 venerandae

437 2448 494 2492 et
517 2440 851 2495 honoranda:
883 2442 1099 2497 domnae
1129 2444 1454 2509 Theodorae,
1481 2464 1604 2517 quae
1633 2465 1731 2519 per
1761 2461 2013 2505 sanctum

436 2539 492 2585 et
521 2533 826 2602 angelicum
884 2551 1139 2606 magnum
1201 2537 1448 2593 habitum
1499 2543 1881 2611 cognominata
1929 2553 2014 2600 est

437 2622 636 2677 domna
665 2625 848 2692 lrene;
878 2637 934 2680 et
971 2628 1064 2681 ﬁat
1102 2629 1377 2685 similiter.

509 2712 672 2770 Fiant
723 2724 1278 2776 commemorationes
1327 2723 1511 2778 dilecti
1553 2723 1742 2781 fratris
1796 2725 2013 2796 imperii

436 2807 562 2871 mei,
599 2810 906 2876 pansebasti
951 2813 1152 2868 sebasti
1200 2814 1388 2869 domui
1414 2815 1644 2870 Joannis
1677 2818 1880 2882 Ducas,
1913 2821 2014 2889 qui

436 2915 537 2967 per
575 2909 824 2955 sanctum
862 2910 918 2956 et
964 2904 1271 2973 angelicum
1320 2922 1575 2973 magnum
1612 2907 1863 2965 habitum
1921 2927 2014 2966 co-

437 2993 788 3058 gnominatus
815 3001 901 3047 cst
931 2993 1169 3050 domnus
1198 2995 1491 3066 Antonius,
1527 3015 1636 3069 qua
1662 2999 1751 3055 die
1775 3000 2012 3067 obierit;

436 3089 492 3134 et
534 3080 625 3134 fiat
663 3083 940 3138 similiter.

511 3255 668 3310 Fiant
699 3260 1259 3316 commemorationes
1294 3261 1507 3318 dilecta:
1533 3263 1739 3320 sororis
1768 3266 2016 3338 majesta-

438 3343 508 3397 tis
535 3359 687 3410 mese,
705 3349 1044 3416 pansebasta:
1063 3353 1298 3407 Sebastae
1319 3355 1533 3408 domum
1547 3356 1715 3409 Annae
1745 3357 2014 3423 Ducazmn,

436 3450 542 3506 qua
574 3436 661 3490 die
689 3438 756 3490 ad
781 3439 1071 3494 Dominum
1103 3444 1459 3512 emigraverit
1485 3461 1498 3510 ;
1523 3455 1578 3499 et
1610 3445 1705 3500 ﬁat
1729 3447 2013 3503 similiter.

510 3526 647 3581 Cum
679 3530 774 3583 ﬁlii
815 3532 990 3587 nostri
1017 3534 1084 3586 ad
1117 3535 1407 3589 Dominum
1439 3539 1772 3606 migrabuut,
1816 3541 2016 3596 inscri-

437 3613 639 3668 bentur
675 3618 728 3671 in
777 3619 1050 3690 diptychis
1089 3639 1280 3678 eorum
1316 3627 1408 3695 qui
1441 3629 1592 3696 prius
1622 3630 1926 3696 decessere,
1963 3642 2019 3687 et

438 3705 683 3758 omniqu
727 3713 1286 3767 couiniemoraliones
1316 3718 1720 3784 persolvenlur,
1764 3729 1823 3774 ut
1853 3735 2019 3788 supc-

439 3795 555 3849 rius
605 3798 808 3852 dictum
858 3809 959 3855 est.
993 3803 1150 3868 Quod
1200 3805 1243 3860 si
1279 3805 1506 3862 fortasse
1559 3809 1779 3878 quidam
1823 3826 2012 3865 eorum

437 3886 554 3940 sive
589 3890 806 3943 mobilia
835 3894 1082 3960 quaedam
1128 3898 1307 3966 magni
1339 3901 1523 3967 pretii,
1553 3902 1666 3956 sive
1711 3902 2014 3958 immobilia

441 3982 777 4036 monasterio
807 3987 1272 4051 consecraverint,
1304 3993 1855 4048 commemorationes
1891 3993 2015 4048 illo-

439 4083 559 4122 rum
595 4072 711 4125 lieri
739 4073 966 4141 debent,
1001 4086 1060 4130 ut
1093 4078 1195 4147 ipsi
1226 4081 1540 4136 statuerint.

968 4326 1212 4394 [CAPUT
1253 4329 1466 4386 LXXII.

2121 1909 2214 1964 τοῦ
2237 1908 2615 1980 ,περιποθήτου
2648 1907 2988 1976 αὑταδὲλφου
3023 1911 3122 1978 τῆς
3143 1905 3420 1976 βασιλείας
3453 1921 3580 1974 μου,
3607 1902 3704 1956 καὶ

2120 2002 2610 2072 πρωτοστράτορος
2641 1999 2753 2072 (92)
2786 1999 2956 2070 κυροῦ
2983 2000 3204 2069 Μιχαὴλ
3227 1998 3323 2052 τοῦ
3353 1997 3534 2050 Δούκα
3557 2012 3572 2027 ·
3606 1995 3702 2048 καὶ

2118 2094 2355 2164 γινέσθω
2385 2093 2640 2164 φωταψία
2677 2093 2928 2165 δαψιλὴς,
2959 2094 3055 2148 καὶ
3077 2092 3349 2164 διάκρισις
3369 2093 3448 2154 είς
3465 2088 3566 2152 τὰς
3597 2104 3703 2159 μο·

2119 2187 2310 2256 ναχάς.

2187 2279 2334 2348 Μηνὶ
2358 2274 2710 2348 Φεϐρουαρίῳ
2750 2277 2823 2342 κ’,
2869 2275 3232 2332 τελείσθωσαν
3259 2276 3329 2330 τὰ
3363 2276 3696 2348 μνημόσυνα

2115 2369 2215 2438 τῆς
2243 2367 2611 2436 περιποθήτου
2640 2368 2982 2438 αὐταδέλφης
3011 2369 3108 2439 τῆς
3144 2368 3422 2439 βασιλείας
3454 2386 3581 2438 μου,
3599 2369 3698 2437 τῆς

2119 2459 2340 2515 πανεντί
2348 2478 2448 2532 μου
2473 2463 2569 2514 καὶ
2589 2462 2753 2514 παντί
2761 2479 2863 2531 μου
2881 2464 3056 2533 κυρᾶς
3073 2461 3364 2532 Θεοδώρας
3379 2462 3477 2531 τῆς
3500 2462 3591 2516 διὰ
3606 2460 3700 2516 τοῦ

2115 2557 2274 2626 ἁγίου
2311 2558 2406 2611 καὶ
2439 2556 2744 2626 ἀγγελικοῦ
2794 2558 3035 2627 μεγάλου
3089 2560 3368 2628 σχήματος
3398 2575 3698 2629 μετονομα-

2118 2648 2338 2718 σθείσης
2362 2651 2534 2719 κυρᾶς
2570 2649 2809 2720 Εἰρήνης
2835 2666 2850 2680 ο
2881 2651 2974 2702 καὶ
3015 2649 3252 2717 γινέσθω
3290 2650 3517 2720 ὁμοίως.

2187 2739 2564 2794 Τελείσοωσαν
2586 2741 2654 2794 τά
2685 2740 3012 2812 μνημόσυνα
3035 2740 3129 2794 τοῦ
3155 2741 3526 2814 περιποθήτου
3566 2742 3698 2796 αὐτ-

2118 2832 2347 2901 αδὲλφου
2371 2833 2469 2899 τῆς
2491 2833 2768 2902 βασιλείας
2794 2850 2897 2904 μου
2915 2833 3010 2887 τοῦ
3033 2835 3408 2888 πανσεὸάστου
3434 2833 3699 2888 σεϐαστοῦ

2118 2926 2290 2996 κυροῦ
2335 2927 2582 2980 Ἰωάννου
2632 2927 2728 2981 τοῦ
2755 2927 2959 2993 Δούκα,
3013 2928 3105 2982 τοῦ
3141 2927 3231 2982 διὰ
3279 2928 3373 2981 τοῦ
3413 2929 3572 2996 ἁγίου
3606 2929 3704 2981 καὶ

2120 3017 2414 3086 ἀγγελικοῦ
2435 3019 2674 3088 μεγάλου
2700 3021 2982 3089 σχήματος
3007 3019 3504 3088 μετονομασθέντος
3528 3019 3698 3087 κυροῦ

2046 3128 2088 3184 ς
2135 3109 2450 3176 Ἀντωνίου,
2479 3111 2602 3166 καθ’
2631 3112 2697 3181 ἠν
2726 3113 2792 3165 ἂν
2822 3112 3038 3181 ἡμέραν
3061 3111 3352 3180 ὲκδημήσῃ
3374 3124 3390 3139 ·
3415 3110 3510 3159 καὶ
3549 3109 3700 3176 γινέ-

2121 3203 2234 3257 σθω
2265 3203 2490 3274 ὁμοίως.

2191 3295 2566 3350 Τελείσθωσαν
2588 3295 2658 3348 τὰ
2690 3293 3014 3364 μνημόσυνα
3037 3291 3137 3362 τῆς
3170 3290 3542 3363 περιποθήτου
3573 3291 3701 3344 αὺτ-

2122 3388 2360 3457 αόέλφης
2384 3387 2482 3456 τῆς
2517 3386 2793 3457 βασιλείας
2823 3400 2947 3455 μου,
2986 3385 3085 3453 τῆς
3120 3383 3498 3437 πανςεσάστου
3531 3384 3663 3437 σεϐα
3690 3418 3699 3423 -

2123 3477 2253 3547 στῆς
2283 3479 2456 3546 κυρᾶς
2495 3478 2697 3545 Ἀννης
2729 3475 2824 3544 τῆς
2855 3475 3178 3545 Δουκαίνης,
3217 3475 3339 3528 καθ’
3369 3475 3438 3547 ἢν
3467 3475 3534 3528 ἂν
3565 3475 3702 3545 ἠμέ-

2123 3587 2223 3640 ραν
2243 3569 2529 3641 ἐκδημήσῃ
2561 3565 2696 3636 πρὸς
2730 3567 2967 3639 Κύριον·
3009 3570 3102 3621 καὶ
3141 3570 3376 3637 γινέσθω
3400 3568 3629 3636 ὁμοίως.

2191 3663 2254 3713 Ui
2287 3661 2473 3723 παῖδες
2509 3659 2691 3729 ἡμῶν,
2721 3661 2810 3713 ὅτε
2855 3661 2992 3732 πρὸς
3035 3661 3239 3730 Κύριον
3272 3661 3698 3731 ὲκδημήσουσιν,

2121 3757 2566 3824 ὲγγραφήσονται
2621 3757 2677 3807 εν
2703 3758 2816 3818 τοῖς
2849 3755 2959 3808 τῶν
3014 3752 3473 3823 προαπελθέντων
3512 3751 3702 3804 διπτύ-

2120 3864 2256 3917 χοις,
2287 3846 2382 3898 καὶ
2409 3847 2476 3900 τὰ
2503 3849 2828 3917 μνημόσυνα
2868 3847 3088 3900 πάντων
3123 3845 3340 3898 ἔσονται
3373 3845 3701 3914 τελούμενα,

2121 3935 2307 3998 καθὼς
2335 3937 2598 4006 ἀνωτέρω
2624 3937 2971 4008 προείρηται.
2995 3937 3056 3989 Εἰ
3082 3936 3127 3988 δ’
3159 3935 3289 3996 ἴσως
3325 3936 3470 3998 τινὲς
3520 3936 3704 3988 αὐτῶν

2120 4027 2216 4080 καὶ
2238 4026 2608 4098 ἁφιερώσουσι
2633 4031 2698 4098 τῇ
2736 4032 2870 4098 μονῇ
2899 4029 2932 4098 ἢ
2964 4029 3158 4098 κινητὰ
3194 4027 3472 4094 ἀξιόλογα,
3515 4027 3546 4096 ἢ
3581 4027 3704 4079 ἀκί-

2121 4137 2279 4188 νητα,
2309 4118 2587 4186 ὀφείλουσι
2607 4119 2879 4172 τελεῖσθαι
2900 4120 2993 4171 καὶ
3018 4121 3087 4170 τὰ
3111 4119 3314 4172 τούτων
3348 4119 3697 4190 μνημόσυνα,

2125 4212 2268 4266 κατὰ
2298 4213 2398 4283 τὴν
2430 4213 2659 4266 ἐκείνων
2685 4212 2951 4275 διάταξιν.

2724 4327 2975 4380 ΚΕΦΑΛ.
3014 4325 3135 4380 OB'.

442 4414 518 4468 De
550 4414 809 4485 lavipedio
846 4420 986 4488 quod
1023 4422 1293 4494 inusancta
1337 4431 1386 4475 et
1416 4439 1612 4494 magna
1665 4423 1801 4492 feria
1831 4423 2015 4493 quinta

2124 4423 2264 4491 Περὶ
2295 4421 2402 4475 τοῦ
2442 4422 2782 4494 μέλλοντος
2829 4419 3101 4494 τίνεσθαι
3152 4416 3443 4485 νιπτῆρος
3463 4415 3536 4484 τῇ
3565 4416 3704 4485 ἁγίᾳ

1069 4491 1187 4557 ﬁeri
1209 4493 1372 4548 debet.

507 4595 566 4649 In
620 4608 809 4654 sancta
865 4611 921 4654 et
968 4618 1162 4673 magna
1204 4604 1339 4659 feria
1393 4605 1582 4674 quinta
1629 4605 1761 4658 lotio
1816 4602 2016 4672 pedum

443 4687 563 4740 ﬁeri
619 4689 786 4745 debet
814 4708 843 4745 a
881 4695 1340 4752 reverendissima
1384 4697 1658 4765 praefecta,
1687 4697 1742 4748 in
1771 4694 2018 4751 ecclesiae

440 4783 737 4850 vestibulo,
774 4785 866 4839 ubi
925 4799 1372 4856 reprmsentatum
1405 4795 1491 4840 est
1545 4787 1844 4842 Salvatoris
1879 4788 2015 4842 lavi-

441 4872 685 4941 pedium,
710 4892 834 4931 cum
873 4877 1050 4932 oﬂicio
1076 4880 1221 4948 quod
1251 4880 1305 4932 in
1347 4877 1648 4947 Syuaxario
1676 4880 2012 4948 continetur,

437 4973 493 5016 et
520 4967 822 5021 secundum
852 4968 1084 5023 formam
1121 4973 1173 5023 in
1208 4985 1274 5023 eo
1303 4969 1656 5037 descriptam.

509 5057 703 5110 Divina
734 5075 955 5129 quoque
991 5059 1330 5114 illuminatio.
1369 5059 1420 5112 iu
1460 5061 1598 5114 festo
1637 5061 1756 5132 ejus
1807 5063 2014 5134 ubique

439 5155 711 5203 terrarum
766 5154 1065 5216 celebrato,
1114 5153 1166 5204 in
1225 5152 1420 5206 eodem
1468 5169 1688 5207 rursum
1742 5157 2016 5212 vestibulo

439 5237 552 5306 ﬁet,
597 5241 650 5293 in
687 5257 795 5310 quo
830 5245 1005 5312 posita
1057 5252 1140 5296 est
1173 5243 1374 5312 phiala,
1405 5245 1574 5299 amcis
1619 5246 2014 5317 polycandelis,

437 5331 550 5385 sive
583 5333 985 5402 multiplicibus
1016 5333 1365 5404 lampadibus
1390 5335 1445 5388 in
1469 5351 1533 5390 ea
1559 5338 1861 5406 suspensis,
1892 5355 2012 5410 qua:

2601 4489 2701 4544 καὶ
2731 4489 2967 4559 μεγάλῃ
3003 4490 3265 4557 πέμπτῃ.

2195 4603 2274 4674 Τῇ
2311 4602 2497 4673 μέντοι
2527 4603 2661 4673 ἁγίᾳ
2691 4602 2783 4654 καὶ
2808 4600 3024 4672 μεγάλῃ
3058 4600 3289 4670 πέμπτῃ
3315 4597 3524 4665 ὀφείλει
3553 4597 3700 4664 γίνε-

2123 4695 2248 4749 σθαι
2283 4698 2432 4766 παρὰ
2472 4696 2572 4765 τῆς
2611 4693 2953 4764 τιμιωτάτης
3000 4690 3418 4758 καθηγουμένης
3448 4690 3476 4742 ὁ
3500 4690 3703 4757 νιπτὴρ

2120 4789 2180 4841 ἐν
2206 4787 2282 4857 τῷ
2316 4788 2414 4856 τῆς
2444 4786 2742 4856 ἐκκλησίας
2773 4784 3014 4854 προνάῳ,
3059 4783 3188 4834 ἔνθα
3219 4784 3517 4834 εἰκόνισται
3549 4782 3641 4832 καὶ
3671 4780 3700 4829 ὁ

2121 4879 2216 4932 τοῦ
2248 4879 2500 4946 Σωτῆρος
2548 4878 2749 4947 νιπτὴρ
2802 4875 2943 4928 κατὰ
2997 4875 3094 4945 τὴν
3125 4869 3598 4942 ὲμπεριεχομένην
3625 4867 3701 4938 τῷ

2123 4971 2440 5040 Συναξαρίῳ
2471 4968 2815 5032 ἀκολουθίαν,
2846 4966 2937 5019 καὶ
2964 4966 3056 5018 τὸν
3087 4967 3143 5018 ὲν
3166 4963 3318 5032 αὐτῷ
3343 4963 3532 5016 τύπον.

2199 5064 2309 5116 Καὶ
2332 5063 2394 5114 τδ
2425 5059 2568 5113 θεῖον
2615 5060 2672 5113 δὲ
2725 5059 2982 5128 φώτισμα
3037 5057 3178 5110 κατὰ
3223 5057 3323 5124 τὴν
3361 5053 3702 5119 παγκόσμιον

2124 5155 2317 5208 τούτου
2358 5155 2575 5224 ἑορτὴν,
2605 5155 2664 5205 ὲν
2699 5153 2776 5222 τῷ
2810 5150 2960 5221 αὐτῴ
2995 5146 3150 5210 αὖθις
3205 5146 3405 5216 ἄρθηκι
3437 5146 3590 5198 ἔσται
3617 5159 3706 5194 τε·

2124 5248 2408 5318 λούμενον,
2451 5249 2508 5299 ἐν
2563 5240 2607 5314 ᾧ
2634 5247 2744 5313 ,καὶ
2775 5248 2808 5314 ἡ
2857 5245 3024 5314 φιάλη
3075 5241 3314 5305 ἵσταται,
3345 5241 3454 5318 τῷν
3487 5237 3705 5308 χαλκῶν

2121 5315 2543 5408 πολυκανδήλων
2568 5339 2627 5388 ἐν
2657 5337 2793 5406 αὐτῇ
2828 5332 3218 5408 κρεμαμένων,
3248 5332 3341 5382 καὶ
3375 5315 3477 5395 ττὴν
3507 5327 3709 5395 ἄναψιν

1703 5450 2168 5513 Montfaucouii
2234 5464 2420 5515 nota).

511 5544 624 5616 (91)
658 5546 783 5600 Haec
812 5556 933 5602 erat
968 5549 1123 5603 Anna
1157 5549 1474 5615 Dalassena,
1504 5549 1754 5604 Ducama:
1797 5549 2023 5605 familiae

439 5613 832 5671 inlenséissima.
865 5619 1115 5675 Alexiad.
1159 5620 1260 5674 lib.
1292 5635 1373 5672 ιιι.

2134 5552 2303 5606 ferre.
2344 5553 2549 5606 Horum
2592 5552 2852 5620 princeps
2905 5554 3054 5621 erat_
3081 5545 3546 5621 qumtoqrpa'wip,
3610 5539 3704 5621 qui

2129 5625 2296 5675 etiam
2348 5613 2628 5676 exercitus
2671 5613 2876 5689 plurics
2926 5613 3152 5672 duxisse
3202 5613 3422 5687 legitur.
3455 5613 3619 5668 Goar.
3648 5614 3704 5665 in

513 5687 626 5755 (92)
656 5689 1214 5756 Ιιρωτοστράτορος.
1283 5689 1598 5744 Stratorum
1662 5697 1784 5742 erat
1822 5704 2015 5759 equuu

2131 5693 2287 5748 Notis
2321 5695 2389 5747 ad
2415 5687 2710 5748 Codinuui.

440 5753 616 5811 freno
656 5766 867 5824 tenere,
917 5753 973 5813 et
1027 5753 1426 5816 conscendenti
1482 5760 1832 5829 magistratui
1868 5753 2029 5829 opem
