4064 6412
378 395 527 477 1097

1826 399 2187 464 TYPICUM.

3506 400 3642 468 1098

368 510 654 580 ὁλόφωτον
678 510 989 581 δεχομένων
1007 526 1020 539 ·
1059 508 1202 563 καθὰ
1233 507 1297 579 δὴ
1325 507 1420 562 καὶ
1447 506 1517 561 τὰ
1538 509 1637 578 τῆς
1664 510 1960 580 ἐκκλησίας

2064 525 2258 566 omnes
2302 511 2693 568 accendenlur.
2742 514 2946 571 Eodem
2970 485 3154 572 .modo
3190 517 3435 575 ecclesiae
3494 524 3646 593 poly-

369 602 763 676 ποὶυκάνδηλα
786 603 1056 658 ἅπτεσθαι
1079 600 1384 674 τηνικαῦτα
1406 602 1703 671 ὀφείλουσι,
1725 621 1960 674 μανουα-

366 694 507 750 λεων
558 713 620 750 τε
661 696 967 767 ἱσταμένων
1018 696 1112 749 δύο
1159 693 1313 749 ἔνθεν
1344 695 1601 748 κάκεῖθεν
1629 695 1725 767 τῆς
1759 695 1956 767 φιάλης

370 787 523 859 μετὰ
555 785 874 859 λαμπάδων.

946 900 1199 954 ΚΕΦΑΛ.
1242 897 1364 954 Ol".

329 959 335 962 ν
364 993 520 1061 Περὶ
552 992 660 1049 τοῦ
674 991 764 1063 μὴ
796 993 1070 1064 τινεοζθαι
1089 990 1703 1064 μετοισχημαςισμοὺς
1743 991 1812 1044 ἐν
1831 990 1961 1057 ταῖς

813 1060 1158 1133 οικοδομάῖς
1177 1063 1290 1130 τῆς
1310 1060 1529 1131 μονῆς.

460 1175 620 1229 Ἐπεὶ
645 1175 705 1230 δὲ
736 1174 771 1245 ή
803 1175 936 1246 περὶ
973 1174 1074 1245 ἐμὲ
1106 1172 1427 1241 ἀνεξίκακος
1455 1173 1549 1227 τοῦ
1578 1172 1716 1226 Θεοῦ
1769 1173 1958 1241 φιλαν-

366 1264 600 1334 θρωπία
633 1266 731 1320 καὶ
762 1264 924 1318 τοῦτο
956 1264 1257 1335 ηὑδόκησε,
1288 1264 1382 1317 καὶ
1411 1262 1678 1334 περιοῦσα
1702 1261 1873 1316 εἰσέτι
1901 1263 1960 1314 ὲν

364 1361 446 1428 τῇ
474 1357 727 1430 παρούσῃ
756 1358 871 1429 ζωῇ
900 1357 1000 1421 τὰς
1023 1357 1205 1421 πάσας
1225 1356 1322 1410 τοῦ
1356 1354 1726 1428 μοναστηρίου
1755 1355 1963 1411 οἰκοδο-

370 1453 491 1522 μὰς
551 1453 857 1524 ἀπηρτισα,
918 1451 1385 1523 μετασκευάσασα
1427 1453 1523 1505 καὶ
1567 1450 1733 1505 αὐτὸν
1779 1451 1871 1503 τὸν
1900 1451 1962 1502 ὲν

368 1544 557 1616 τούτῳ
583 1546 729 1600 θεῖον
757 1545 903 1610 ναὸν,
938 1544 1498 1615 προσεπισκευάσασα
1529 1542 1586 1597 δὲ
1617 1543 1712 1596 καὶ
1741 1540 1962 1613 ἄρθηκα

372 1636 708 1707 περικαλλῆ,
740 1637 836 1690 καὶ
856 1635 1195 1707 ὲξωάρθηκα
1229 1633 1579 1707 προσθεμένη
1616 1632 1709 1686 διὰ
1734 1648 1963 1703 καρικο-

376 1729 563 1794 ξύλου,
607 1730 700 1782 καὶ
729 1729 791 1782 τὸ
827 1728 1199 1799 μοναστήριον
1227 1727 1378 1782 ἆπαν
1433 1727 1513 1791 είς
1541 1726 1604 1779 τὸ
1625 1725 1750 1796 ἐμοὶ
1768 1722 1962 1778 δοκοῦν

380 1820 591 1890 σχῆμα,
619 1819 716 1874 καὶ
738 1819 839 1890 τὴν
884 1820 1223 1874 κατάστασιν
1274 1816 1732 1888 περιεστησάμην
1768 1813 1961 1869 τοῦτο’

383 1914 528 1968 θέλω
554 1913 645 1968 καὶ⁸
677 1912 943 1985 βούλομαι
965 1912 1051 1967 ἵνα
1077 1910 1153 1976 ὡς
1179 1912 1311 1983 παρ’
1347 1909 1482 1981 ἐμοῦ
1517 1907 1963 1979 κατεσκευάσθη-

388 2018 490 2057 σαν
537 2003 603 2055 τά
656 2005 715 2056 ὲν
772 2002 924 2074 αὐτῷ
980 2001 1186 2069 πάντα,
1227 2001 1381 2078 οὕτω.
1421 2001 1649 2071 μένωσι,
1684 2001 1779 2055 καὶ
1820 2000 1961 2071 ἀμε-

380 2095 651 2166 ταποὶητα
707 2096 1077 2168 διατηρῶνται
1136 2096 1233 2149 καὶ
1269 2094 1626 2149 ἀναλλοίωτα.
1685 2094 1806 2148 Κᾶν
1857 2092 1962 2146 ὑπὸ

373 2188 475 2242 τοῦ
505 2188 698 2259 χρόνου
730 2187 787 2242 δὲ
817 2190 895 2250 εις
936 2187 1146 2259 φθορὰν
1174 2185 1512 2241 συνελαθῶσί
1553 2201 1696 2251 τινα,
1730 2185 1841 2238 εἴτε
1874 2202 1962 2255 μι-

373 2277 540 2349 κρὰν,
572 2278 685 2332 εἴτε
715 2280 810 2333 καί
835 2279 1060 2348 μείζονα
1083 2317 1100 2345 ,
1148 2277 1262 2332 sic:
1296 2278 1390 2332 καί
1409 2294 1516 2331 τινι
1568 2276 1679 2330 τῶν
1704 2275 1962 2347 τυχηρῶν

372 2371 805 2443 συμπτωμάτων
857 2371 1086 2442 μείωσιν
1139 2369 1388 2424 πάθωσι’
1437 2366 1602 2421 πάλιν
1631 2367 1712 2430 είς
1739 2368 1801 2421 τὸ
1827 2367 1962 2422 αὐτὸ

376 2464 475 2517 σὺν
495 2462 619 2534 θεῷ
638 2462 1046 2534 ἐπανορθῶνται
1064 2461 1276 2533 σχῆμα,
1297 2458 1611 2530 μελλήσεως
1626 2459 1755 2513 ἄνευ
1779 2460 1961 2530 πάσης

380 2552 471 2604 καὶ
524 2550 797 2621 ἀνασολῆς
820 2567 835 2582 ο
870 2553 966 2605 καὶ
1004 2550 1275 2622 μηδέποτε
1310 2553 1454 2604 κατά
1480 2567 1604 2604 τινα
1630 2550 1837 2621 τρόπον
1864 2550 1962 2605 άλ-

375 2643 599 2702 λοίωσιν
672 2642 955 2710 δέξωνται,
1033 2644 1146 2697 εῐτε
1208 2643 1521 2715 κρείττονος
1570 2644 1961 2708 καταστάσεως

374 2736 562 2806 χάριν,
579 2733 615 2806 ἢ
632 2734 799 2805 ἄλλης
823 2734 1120 2789 ὁποιασοῦν
1142 2733 1345 2798 αίτίας.
1376 2734 1450 2787 Οὐ
1476 2734 1586 2807 γὰρ
1616 2751 1960 2805 μετασκευα-

378 2828 520 2898 σμόν
550 2844 675 2881 τινα
720 2829 780 2881 ἂν
811 2828 996 2892 αὐτοῖς
1048 2827 1190 2882 θέλω
1239 2827 1518 2896 γενέσθαι,
1572 2826 1699 2882 οὔτε
1725 2829 1836 2900 μὴν
1858 2827 1960 2898 τῆς

377 2920 477 2975 νῦν
504 2922 898 2987 καταστάσεως
926 2922 1097 2994 ἄλλην
1125 2921 1376 2993 βελτίονα
1405 2922 1635 2986 τούτων,
1677 2920 1798 2976 ἀλλ’
1838 2923 1961 2975 οὐδὲ

376 3014 609 3068 πυλῶνι
663 3014 854 3086 ἕτερον
895 3016 928 3088 ἢ
988 3015 1368 3089 παραπόρτιον
1394 3031 1407 3045 ·
1465 3014 1498 3085 ἢ
1533 3013 1721 3078 ἁπλῶς
1753 3014 1959 3069 εἰσόδου

375 3105 562 3177 χώραν
584 3106 706 3160 τινὰ
732 3106 869 3177 πρὸς
896 3111 995 3178 τὴν
1032 3105 1201 3178 μονὴν
1230 3105 1325 3176 ἀφ’
1358 3105 1547 3176 ἑτέρου
1581 3105 1748 3159 τόπου
1784 3122 1958 3159 καινι-

2063 602 2292 657 candela
2324 610 2439 658 tum
2472 605 2845 670 accendenda,
2874 606 3224 664 caudelabris
3253 608 3472 666 duobus
3513 611 3645 666 hinc

2063 704 2118 749 et
2152 692 2280 748 inde
2314 694 2382 749 ad
2407 695 2577 751 latera
2613 696 2809 767 phialae
2840 698 3037 769 positis
3070 713 3197 754 cum
3225 697 3459 755 facibus.

2597 900 2824 958 CAPUT
2865 901 3101 958 LXXIII.

2067 986 2221 1054 Quod
2264 993 2316 1045 in
2362 994 2602 1063 (adificiis
2652 995 2964 1050 monasterii
3009 996 3328 1051 mutationes
3374 993 3495 1062 ﬁeri
3538 1010 3644 1050 non

2729 1067 2978 1121 debeant.

2135 1176 2590 1248 Quandoquidem
2617 1175 2877 1232 clementi
2912 1175 3006 1232 Dei
3036 1190 3164 1248 erga
3195 1189 3284 1232 me
3313 1175 3650 1248 benignitati-

2065 1281 2121 1327 et
2161 1255 2264 1327 hoc
2304 1271 2491 1335 libuit,
2524 1279 2586 1324 ut
2633 1269 2690 1324 in
2738 1271 3000 1340 praesenti
3043 1270 3229 1326 adhuc
3277 1273 3390 1326 vita
3439 1269 3648 1341 degens

2067 1365 2392 1421 monasterii
2458 1362 2690 1418 aedilicia
2734 1362 2920 1417 omnia
2970 1362 3338 1432 perfecerim,
3391 1362 3647 1419 divinum

2067 1461 2190 1531 ejus
2215 1456 2482 1527 templum
2518 1454 2573 1510 in
2609 1453 2772 1509 aliam
2803 1454 3035 1510 formam
3065 1454 3429 1521 traduxerim,
3462 1455 3650 1512 arthe-

2066 1565 2185 1606 cem
2221 1564 2318 1605 seu
2368 1547 2702 1604 vestibulum
2759 1547 3199 1618 pulcherrimum
3239 1546 3642 1609 adoruavrrim.

2064 1642 2453 1698 exoartliecem
2501 1640 2616 1696 sive
2662 1640 2908 1696 exterius
2958 1640 3292 1695 vestibulum
3338 1657 3405 1696 ex
3451 1641 3647 1696 caricae

2064 1733 2213 1805 ligno
2251 1732 2582 1797 addiderim,
2611 1740 2670 1787 et
2720 1734 3116 1788 monasterium
3167 1740 3347 1788 totum
3392 1734 3449 1788 in
3479 1749 3645 1804 quam

2067 1827 2215 1882 volui
2244 1827 2475 1881 formam
2509 1835 2566 1881 et
2605 1834 2806 1880 statum
2838 1824 3208 1895 disposuerim
3249 1841 3264 1880 :
3294 1824 3422 1880 volo
3450 1835 3506 1880 et
3532 1833 3646 1880 sta-

2066 1931 2184 1986 tuo,
2214 1929 2275 1973 ut
2310 1920 2459 1975 sicut
2486 1935 2516 1974 a
2566 1935 2655 1974 me
2686 1918 2873 1974 omnia
2905 1920 2962 1973 in
3007 1919 3130 1989 ipso
3175 1919 3446 1974 adornata
3494 1929 3646 1983 sunt,

2064 2013 2144 2069 sic
2175 2023 2556 2083 permaneant,
2582 2013 2983 2083 immutataque
3013 2027 3079 2067 ac
3119 2011 3390 2067 invariata
3414 2027 3648 2067 serven-

2067 2116 2178 2160 tur.
2210 2106 2278 2161 Et
2327 2107 2373 2162 si
2418 2122 2450 2160 a
2495 2115 2745 2177 tempore
2791 2107 2845 2161 in
2876 2107 3148 2178 iacturam
3199 2106 3479 2176 aliquam,
3531 2107 3649 2159 sive

2066 2212 2314 2267 parvam,
2355 2198 2473 2253 sive
2523 2200 2814 2270 majorem,
2861 2198 3231 2264 deducantur,
3280 2198 3368 2252 vel
3417 2197 3649 2252 fortuito

2065 2291 2324 2360 quopiam
2347 2304 2478 2346 casu
2496 2290 2939 2346 imminutionem
2969 2292 3272 2360 patiantur,
3296 2306 3513 2357 rursus,
3537 2290 3650 2345 Deo

2059 2383 2311 2454 juvante,
2348 2385 2404 2439 in
2429 2385 2677 2440 eamdem
2704 2386 2935 2440 formam
2960 2385 3171 2455 absque
3213 2384 3321 2439 ulla
3371 2400 3526 2439 mora
3566 2385 3650 2438 vel

2066 2477 2414 2532 cunctatione
2440 2477 2836 2543 restituantur;
2861 2485 2919 2533 et
2948 2491 3231 2547 nunquam
3258 2477 3652 2547 quoquomodo

2064 2566 2452 2634 immutentur,
2506 2570 2623 2624 sive
2677 2569 2925 2624 melioris
2982 2579 3160 2626 status
3208 2584 3362 2641 ergo,
3413 2570 3528 2624 sive
3579 2569 3652 2623 ob

2064 2660 2228 2713 aliam
2280 2660 2588 2730 quamlibet
2635 2677 2881 2716 causam.
2932 2661 3149 2715 Nullam
3185 2661 3335 2715 enim
3386 2661 3653 2715 mutatio-

2065 2768 2191 2808 nem
2226 2754 2281 2807 in
2318 2754 2432 2823 ipsa
2467 2753 2656 2810 induci
2686 2754 2831 2818 volo,
2862 2768 3044 2824 neque
3078 2753 3248 2807 alium
3281 2762 3486 2808 statum
3516 2742 3651 2823 pne-

2066 2846 2207 2900 senti
2245 2846 2558 2911 meliorem,
2594 2845 2692 2901 sed
2741 2860 2922 2916 neque
2975 2846 3124 2900 aliud
3156 2847 3361 2900 ostium
3394 2854 3490 2899 aut
3521 2862 3652 2915 por—

2066 2938 2255 3001 tulam,
2295 2946 2389 2992 aut
2425 2940 2740 2993 summatim
2786 2939 2969 2992 locum
3014 2940 3328 3009 quempiam
3367 2939 3649 3009 ingrchus

2066 3031 2119 3084 in
2174 3031 2574 3086 monasterium
2619 3045 2686 3085 ex
2744 3032 2850 3086 alia
2906 3041 3061 3101 parte
3105 3029 3175 3086 de
3227 3044 3371 3085 novo
3419 3031 3647 3099 aperiri,

2064 3130 2268 3191 praeter
2301 3138 2430 3178 eum
2462 3122 2554 3193 qui
2585 3122 2749 3178 hodie
2772 3123 2929 3194 jussu
2970 3123 3273 3195 majestatis
3310 3137 3447 3177 meae
3468 3121 3650 3179 factus

377 3201 580 3272 σθῆναι
606 3202 759 3272 παρὰ
805 3200 905 3271 τὴν
938 3194 1179 3271 σήμερον
1218 3197 1516 3271 προστάξει
1547 3199 1647 3270 τῆς
1678 3198 1957 3270 βασιλείας
1987 3226 2032 3287 c
2064 3225 2262 3271 essm,

378 3312 489 3363 μου
518 3295 832 3363 γεγονυῖαν.

464 3388 621 3440 Ἐπεὶ
641 3387 699 3440 δὲ
728 3388 824 3442 καὶ
854 3386 1081 3441 ὄπισθεν
1111 3386 1206 3441 τοῦ
1259 3387 1624 3459 κοιμητηρίου
1657 3387 1768 3442 τῶν
1799 3405 1962 3459 μονα-

377 3481 615 3546 ζουσῶν,
640 3482 806 3552 ἡτουν
831 3481 930 3534 τοῦ
958 3480 1137 3534 κοινοῦ
1161 3480 1520 3534 κοιτωνίσκου
1545 3479 1751 3544 αὐτῶν,
1778 3484 1960 3551 τοῖχον

378 3574 683 3644 ἐγχόρηγον
739 3573 852 3645 (93)
910 3575 943 3643 ή
989 3573 1237 3644 βασιλεία
1270 3589 1374 3642 μου
1432 3573 1772 3644 ᾠκοδόμησε,
1793 3576 1960 3628 τόπον

386 3665 745 3741 ᾁναπαύσεως
772 3668 866 3721 καὶ
887 3665 1232 3737 παρηγορίας
1262 3666 1457 3729 αὐταῖς
1495 3665 1835 3736 ἀφορίζουσα
1871 3667 1960 3722 διὰ

393 3757 604 3826 τούτου,
653 3759 779 3813 οὐδὲ
838 3761 899 3812 ὲν
929 3758 1007 3829 τῷ
1053 3758 1285 3829 τοιούτῳ
1334 3757 1500 3829 τοίχῳ
1530 3757 1795 3831 βούλομαι
1820 3761 1960 3826 ὅλως

387 3852 665 3924 ἀνοιγῆναι
694 3852 900 3924 πόρταν
937 3850 1089 3918 ποτὲ,
1123 3851 1157 3921 ἢ
1205 3851 1606 3923 παραπόρτιον,
1644 3853 1755 3906 εἴτε
1788 3852 1962 3925 θύραν
1999 3868 2013 3881 ⁸

381 3945 485 4013 τὴν
535 3944 774 4009 οἱανοῦν,
837 3946 871 4016 ἢ
925 3944 1142 4017 θυρίδα,
1166 3943 1278 3997 εἴτε
1326 3942 1570 4016 τοξικὴν,
1611 3945 1724 3998 εἴτε
1756 3948 1964 4018 μικρὰν

379 4039 521 4110 ὀπὴν
549 4038 894 4111 οἱανδήτινα·
951 4036 1089 4092 ἀλλὰ
1119 4035 1223 4090 κάν
1246 4053 1378 4090 ποτε
1409 4037 1592 4109 συμϐῇ
1624 4038 1702 4109 τῷ
1734 4039 1962 4111 τοιούτῳ

379 4133 544 4203 τοίχῳ
585 4132 834 4202 μείωσις,
857 4131 968 4186 εἴτε
1000 4129 1326 4201 σύμπτωμα
1361 4128 1423 4183 τὸ
1452 4130 1681 4196 οἱονοῦν,
1708 4130 1871 4185 πάλιν
1895 4131 1965 4185 δι’

378 4230 684 4298 ὲγχορήγου
710 4224 1146 4296 ἐπανορθοῦσθαι
1188 4224 1249 4276 τὸ
1286 4223 1742 4289 καταπεπτωκὸς,
1772 4229 1868 4277 καὶ
1901 4224 1964 4279 τὸ

380 4321 590 4393 φθαρὲν
609 4322 690 4384 είς
720 4320 781 4375 τὸ
808 4319 999 4391 πρώην
1022 4318 1234 4390 ταχέως
1258 4317 1657 4390 ἐπανέρχεσθαι
1682 4318 1887 4391 σχῆμα.

454 4417 548 4468 Δεῖ
575 4414 632 4466 δὲ
657 4415 837 4468 πᾶσαν
857 4412 1188 4485 ἐπιμέλειαν
1210 4410 1310 4485 τὴν
1332 4411 1673 4483 τιμιωτάτην
1694 4412 1966 4484 καθηγου-

2132 3400 2273 3455 Cum
2326 3408 2512 3456 autem
2566 3416 2711 3472 pone
2779 3402 3171 3459 dormitorium
3228 3408 3644 3479 monacliarum,

2064 3490 2179 3546 sive
2208 3506 2505 3547 commune
2524 3491 3097 3559 earum'cubiculum,
3126 3510 3344 3552 murum
3375 3498 3652 3555 enchore-

2065 3595 2193 3651 gum
2227 3596 2349 3637 mea
2383 3583 2643 3653 majestas
2664 3584 3023 3651 exstruxcrit,
3048 3584 3234 3640 locum
3264 3587 3399 3657 ipsis
3429 3573 3646 3646 recrea-

2066 3673 2234 3729 tionis
2259 3682 2317 3729 et
2334 3673 2733 3729 consolationis
2756 3690 2856 3744 per
2882 3676 3034 3729 illum
3062 3677 3488 3750 disterminans;
3517 3685 3651 3741 nolo

2064 3775 2128 3822 ut
2173 3766 2229 3821 in
2265 3765 2583 3838 bujusmodi
2639 3780 2801 3820 muro
2855 3777 3014 3837 porta
3054 3784 3295 3839 unquam
3344 3776 3648 3844 aperiatur.

2065 3871 2162 3916 aut
2210 3859 2452 3931 portula,
2487 3860 2605 3914 sive
2649 3859 2859 3929 quaevis
2886 3861 3074 3931 janua,
3105 3872 3202 3917 aut
3248 3863 3514 3933 fenestra,
3549 3887 3648 3926 seu

2063 3950 2374 4016 fenestella,
2424 3959 2521 4004 aut
2570 3949 2721 4005 aliud
2768 3951 3058 4019 quodlibet
3109 3952 3380 4012 foramen:
3439 3958 3547 4015 Sed
3601 3964 3650 4017 si

2064 4042 2285 4115 quando
2331 4043 2389 4098 in
2422 4042 2530 4097 hoc
2559 4056 2720 4096 muro
2746 4042 2963 4112 jactura
3010 4045 3128 4100 sive
3175 4048 3335 4103 ruina
3387 4052 3651 4120 qumlibct

2064 4137 2383 4208 contigerit,
2420 4136 2568 4206 quod
2604 4135 2819 4205 lapsum
2856 4144 2942 4191 est
2988 4154 3183 4194 rursus
3233 4143 3548 4216 enchorego
3594 4148 3647 4202 in

2065 4232 2339 4301 integrum
2382 4229 2732 4293 restituatur,
2765 4231 2995 4299 etquod
3034 4231 3224 4288 laesum
3248 4244 3356 4303 est,
3395 4237 3461 4291 ad
3499 4240 3650 4306 prio-

2066 4338 2183 4378 rem
2218 4322 2329 4377 cito
2353 4320 2547 4377 redeat
2575 4320 2833 4379 formam.
3655 4318 3659 4324 “

2136 4415 2532 4486 Summanique
2557 4431 2746 4471 curam
2770 4431 2966 4487 gerere
2988 4417 3156 4474 debet
3181 4421 3644 4480 reverendissima

380 4510 552 4581 μένην
583 4509 730 4578 ἔχειν
760 4509 841 4573 είς
875 4524 938 4560 τε
970 4507 1071 4579 τὴν
1096 4505 1194 4577 τῆς
1225 4506 1355 4577 ὅλης
1385 4506 1554 4576 μονῆς
1583 4505 1958 4578 περιποίησιν,

2064 4508 2323 4581 prmlecta
2364 4508 2535 4563 totius
2593 4509 2913 4563 monasterii
2956 4513 3416 4575 conservationis.
3460 4524 3514 4570 et
3557 4531 3647 4571 re-

377 4604 474 4654 κα“ι
494 4603 862 4666 ἁνακαίνισιν,
885 4600 1113 4654 καὶτῶν
1137 4600 1197 4654 ἐν
1225 4600 1364 4669 αὐτῇ
1396 4597 1615 4652 πάντων
1647 4598 1955 4668 βελτίωσιν,

378 4695 477 4747 καὶ
538 4692 892 4773 φιλοκαλίαν,
944 4692 1041 4755 καὶ
1086 4691 1188 4762 τὴν
1242 4689 1708 4773 ἀνακεράμωσινο
1760 4692 1868 4763 πρὸ
1900 4693 1957 4746 δὲ

379 4791 598 4844 πάντων
630 4790 725 4844 καὶ
744 4772 892 4860 ὑπὲρ
908 4787 1088 4842 πάντα
1130 4789 1213 4852 εἰς
1250 4772 1350 4859 τὴν
1380 4787 1543 4855 ἁγίαν
1569 4785 1665 4840 τοῦ
1694 4786 1831 4840 Θεοῦ
1864 4790 1959 4840 ὲκ-

379 4882 631 4954 κλησίαν,
687 4885 783 4936 καὶ
813 4881 952 4954 μηδὲ
1004 4880 1100 4935 τοῦ
1153 4878 1519 4951 σμικροτάτου
1551 4882 1917 4950 καταφρονεῖν
1941 4896 1956 4911 ο

2064 4601 2398 4665 novationis,
2427 4603 2662 4673 ejusque
2714 4600 2770 4656 in
2823 4602 3109 4658 meliorem
3162 4613 3219 4658 et
3266 4607 3643 4676 pulchriorem

2063 4702 2271 4752 statum
2308 4708 2652 4765 progressus,
2692 4692 2924 4748 necnon'
2965 4704 3237 4750 tectorum
3285 4701 3647 4753 restauratio-

2064 4786 2154 4841 nis
2183 4807 2196 4840 :
2230 4794 2357 4839 ante
2407 4783 2593 4838 omnia
2628 4797 2760 4837 vero
2787 4789 2843 4834 et
2872 4796 3038 4850 super
3069 4785 3274 4848 omnia,
3307 4795 3508 4839 sancta:
3545 4788 3641 4842 Dei

2065 4878 2329 4936 ecclesiae,
2367 4875 2526 4945 cujus
2558 4888 2627 4928 ne
2660 4874 2943 4926 minimam
2973 4873 3198 4943 quidem
3223 4891 3341 4930 rem
3378 4877 3637 4948 negligat;

1633 5017 2104 5082 Montfaueonii
2158 5027 2345 5079 notae.

448 5145 564 5215 (93)
601 5142 1205 5215 Τοῒκονιίιγχόρτυθον-⁸
1235 5138 1364 5195 Hac
1377 5154 1484 5215 vox
1512 5139 1818 5211 ἑγχόρηγος
1861 5141 1953 5215 hic

377 5210 901 5289 adjectivegpaulo‘
939 5210 1091 5289 intra
1113 5210 1462 5289 substantive
1517 5210 1841 5289 usurpatur.
1869 5214 1952 5289 _De

379 5280 472 5345 illa
497 5287 617 5341 fuse
642 5280 1219 5354 disputaruntgplures
1257 5280 1458 5354 eruditi
1476 5281 1612 5354 viri,
1650 5282 1953 5354 l'usiusdo-

377 5358 660 5416 ctissimus
718 5345 962 5425 Cangius
1012 5345 1066 5407 in
1127 5345 1400 5425 Glossario
1463 5349 1672 5405 erco.
1712 5352 1953 5425 _Oini_ssis

376 5442 564 5486 autem
601 5426 770 5482 variis
800 5421 866 5479 ea
890 5424 960 5478 de
1007 5439 1068 5478 re
1121 5421 1433 5486 sententiis,
1483 5435 1662 5475 meam
1712 5421 1956 5476 breviter

376 5512 696 5570 expromam
730 5513 745 5551 :
780 5495 1040 5570 existimo
1071 5507 1263 5547 vocem
1292 5494 1619 5570 ὲγχρρηγον,
1652 5506 1780 5545 cum
1819 5494 1955 5570 sub-

375 5561 636 5634 stantive,
667 5578 783 5622 tum
814 5565 1103 5634 adjective,
1140 5577 1361 5634 semper
1378 5561 1638 5634 indicare
1664 5563 1954 5618 materiam

375 5630 1279 5712 aliquam-construendisinuris
1337 5630 1632 5712 idoneam;
1664 5640 1720 5685 et
1774 5634 1953 5712 primo

374 5702 605 5782 quinam
628 5709 686 5782 in
714 5709 821 5762 hoc
849 5705 1028 5775 capite
1065 5705 1117 5758 id
1147 5705 1369 5782 planum
1399 5702 1661 5782 videtur;
1694 5717 1821 5782 nam
1856 5705 1951 5759 ubi

374 5772 532 5838 l'rcne
562 5779 791 5833 dixisset
827 5791 887 5832 se
914 5772 1133 5829 Illlll'lllll
1181 5774 1485 5843 ὲγχὸρηγον
1527 5772 1827 5844 (adjective)
1859 5790 1955 5828 ex-

373 5853 670 5915 Struxissc,
698 5849 878 5920 jubet,
904 5855 964 5900 ut
993 5848 1038 5901 si
1064 5846 1119 5898 in
1141 5846 1235 5899 illo
1279 5860 1436 5898 muro
1465 5846 1610 5898 mina
1635 5844 1951 5914 contigerit,

698 5949 973 6009 PATROL.
1019 5947 1136 6007 GR.
1181 5942 1482 6006 CXXVII.
1573 5966 1578 5971 '

2055 5147 2403 5197 restauretur
2422 5137 2490 5190 δι’
2515 5137 2824 5206 ὲγχορήγου
2847 5135 3215 5207 (substantive)
3247 5137 3301 5193 id
3324 5141 3640 5206 est,eadem

2057 5210 2288 5267 materia
2348 5224 2456 5285 qua
2507 5210 2660 5275 prius
2716 5217 3034 5285 exstructus
3079 5209 3293 5285 fuerat,_
3325 5226 3450 5285 quae
3485 5215 3646 5285 ὲγχό-

2059 5298 2227 5353 ρηγον
2255 5279 2591 5353 vocabatur:
2628 5278 3018 5353 prmpositione
3073 5280 3221 5353 enim
3245 5278 3361 5353 cui
3391 5278 3641 5338 denol'ari

2056 5347 2197 5407 solet
2231 5349 2461 5404 materia
2493 5364 2559 5402 ex
2619 5347 2757 5424 qua;
2787 5347 2889 5424 Sic
2936 5350 3212 5424 Alexiudis
3244 5351 3280 5404 Ι.
3318 5368 3374 5424 ιιι
3409 5369 3425 5406 :
3459 5355 3644 5424 Λιμὴν

2058 5424 2124 5476 δι’
2161 5423 2495 5492 ὲίχορήγον,
2546 5421 2641 5473 καὶ
2701 5420 3019 5492 μαρμάρων
3052 5423 3230 5492 πάλαι
3275 5422 3396 5492 τῶν
3429 5420 3646 5491 χρόνων

2057 5490 2417 5564 ᾠκοδομῇτω.
2440 5490 2606 5564 Certe
2634 5492 2821 5545 omnia
2848 5491 2967 5564 loca
3010 5491 3066 5564 in
3106 5491 3333 5564 laudato
3359 5490 3644 5546 Glo'sartu

2061 5561 2246 5623 allata,
2276 5561 2345 5615 dc
2365 5576 2448 5614 una
2478 5563 2595 5632 cria
2621 5576 2870 5632 congrue
2890 5561 3121 5631 intelligi
3152 5569 3401 5630 possunt,
3429 5571 3489 5615 ut
3512 5578 3615 5615 con
3640 5599 3648 5604 -

2061 5634 2329 5688 sideranti
2366 5631 2597 5699 patebit.
2624 5630 2922 5694 Cmterum,
2948 5641 3009 5686 ut
3038 5630 3254 5685 certum
3279 5635 3505 5684 Ollllllnl)
3534 5649 3643 5686 tum

2060 5713 2413 5771 estquzenam
2449 5703 2678 5754 materia
2703 5703 2774 5771 sit
2796 5702 3125 5771 ἑγχόρηγον,
3157 5703 3311 5769 plura
3364 5710 3544 5771 tamen
3577 5704 3645 5756 de

2064 5775 2154 5828 illa
2169 5770 2413 5841 disputat
2433 5770 2941 5841 laudutusCangius
2962 5773 3013 5824 in
3035 5770 3191 5826 Notis
3212 5771 3279 5823 ad
3305 5770 3641 5837 Alexiudcm,

2061 5856 2115 5900 et
2144 5845 2196 5899 in
2230 5844 2499 5899 Glossario
2532 5843 2732 5898 (inero.

3213 5936 3287 5997 35
