4064 6426
410 421 561 485 4009

1688 426 1974 486 IRENES
2012 426 2164 487 AUG
2178 426 2394 487 US'l'fE

3535 438 3680 504 llOO

413 540 510 594 sed
546 540 761 594 etiamsi
801 539 979 607 exigui
1015 539 1177 592 unius
1198 538 1322 593 vitri
1346 541 1560 611 jactura
1591 541 1703 607 fiat,
1725 543 1984 598 deficienu

2092 542 2227 596 ἀλλὰ
2253 543 2356 596 κᾶν
2386 543 2513 613 ἄχρι
2550 545 2665 608 ἐνὸς
2692 546 2934 618 ὑαλῖουὴ
2984 550 3212 619 μείωσις
3244 554 3491 623 γένηται,
3546 575 3661 630 παρ

412 630 484 684 tis
538 630 692 685 locus
747 646 844 698 per
904 630 1050 683 aliud
1104 632 1290 685 statim
1332 633 1631 703 repleatur.
1689 635 1983 691 Restaura-

412 722 617 776 tionem
667 736 798 776 vero
848 731 1115 777 tectorum
1179 723 1423 780 universi
1482 727 1800 782 monasterii
1858 741 1983 782 cum

408 812 559 867 omni
588 813 961 868 sollicitudine
997 812 1116 869 fieri
1147 823 1351 871 statuo.

940 928 1165 986 CAPUT
1220 930 1450 987 LXXIV.

409 1018 558 1084 Quod
624 1020 1006 1075 monasterium
1065 1030 1403 1075 externorum
1463 1022 1624 1077 oculis
1678 1022 1983 1077 nullatenus

972 1101 1154 1160 patere
1206 1092 1411 1146 debeat.

476 1180 531 1236 .d
559 1196 670 1236 non
700 1181 933 1236 minoris
960 1181 1224 1237 momenti
1251 1197 1416 1251 quam
1466 1183 1742 1252 quidlibet
1783 1200 1848 1238 ex
1887 1199 1983 1239 su-

404 1288 503 1343 pra
540 1273 864 1327 memoratis
890 1274 1163 1343 maiestati
1187 1290 1321 1329 meae
1350 1274 1531 1329 visum
1565 1283 1670 1341 est,
1705 1275 1817 1331 imo
1843 1276 1986 1331 inter

404 1365 642 1419 maxime
674 1364 1007 1428 necessaria,
1038 1373 1095 1419 et
1124 1381 1231 1419 non
1267 1366 1484 1421 modica
1515 1367 1904 1421 observatione
1930 1376 1986 1423 et

405 1472 538 1511 cura
579 1454 829 1526 dignum.
872 1455 1329 1526 Quandoquidem
1357 1460 1506 1513 enim
1539 1457 1767 1511 omnino
1800 1471 1856 1513 et
1885 1473 1987 1511 un-

402 1548 569 1617 dique
598 1548 931 1617 inaspectam
957 1563 1177 1602 onmem
1201 1549 1525 1603 monialium
1557 1548 1982 1614 habitationem,

404 1640 475 1694 ab
505 1641 738 1709 imperio
776 1656 900 1695 meo
950 1656 1051 1710 pro
1098 1641 1383 1697 exercitiis
1418 1657 1605 1696 earum
1631 1645 1982 1713 assignatam,

402 1732 849 1799 omnitempore,
880 1733 994 1788 Deo
1027 1733 1269 1800 favente,
1296 1735 1612 1790 conservari
1668 1736 1794 1790 volo
1836 1734 1984 1806 (nam

403 1823 534 1878 licet
570 1831 719 1878 recte
768 1822 1078 1895 intelligere
1128 1826 1333 1880 volenti
1378 1843 1442 1880 ex
1487 1827 1600 1898 jam
1647 1828 1982 1897 scriptorum

2090 632 2253 697 ευθίις
2279 633 2371 687 τὸν
2398 632 2492 687 τοῦ
2517 634 2799 704 λείᾲαντος
2814 640 2978 693 τόπον
2995 643 3346 715 ἀναπληροῦν
3368 646 3434 700 δι’
3466 648 3681 720 ἑτέρου,

2088 723 2189 795 τὴν
2209 724 2267 778 δέ
2299 742 2362 791 γε
2384 727 2812 798 ἀνακεράμωσιν
2840 732 2933 783 τοῦ
2960 732 3084 784 ὅλου
3125 738 3517 809 μοναστηρίου,
3539 744 3680 812 μετὰ

2091 814 2272 887 πάσης
2305 816 2627 885 ἐπιμελείας
2659 818 2906 886 γίνεσθαι
2942 823 3277 896 διορίζομαι.

2689 931 2938 989 ΚΕΦΑΛ.
2973 934 3091 989 οΔ’.

2158 1020 2299 1087 Περὶ
2334 1021 2440 1074 τοῦ
2461 1022 2913 1161 άκατόπτευτοη
2936 1026 3243 1097 διαμένειν
3270 1032 3467 1103 πάντη
3498 1034 3611 1103 τὴν

2752 1113 2895 1161 μον)
2916 1114 2975 1153 ν.

2752 1113 2975 1164 parur.

2161 1181 2274 1236 Καὶ
2328 1182 2488 1237 τοῦτο
2543 1185 2726 1254 μέντοι
2770 1186 2881 1240 τῶν
2926 1189 3481 1261 προδιηγορευμένων
3530 1196 3679 1259 τινος

2086 1274 2188 1327 οὐκ
2221 1272 2446 1328 ἔλαττον
2482 1279 2548 1347 τῇ
2601 1277 2847 1346 βασιλείᾳ
2899 1296 3002 1347 μου
3044 1280 3262 1349 ἔδοξεν,
3302 1283 3440 1338 ἀλλά
3476 1286 3585 1339 τῶν
3619 1289 3675 1347 ἐς

2088 1366 2155 1419 τὰ
2189 1365 2427 1436 μάλιστα
2453 1368 2788 1436 ἀναγκαίων,
2821 1369 2917 1423 καὶ
2945 1372 3005 1424 οὑ
3039 1373 3138 1443 τῆς
3159 1375 3430 1445 τυχούσης
3458 1377 3674 1428 ἐπισκέ-

2086 1458 2234 1527 ψεως
2262 1461 2355 1512 καὶ
2385 1460 2665 1530 φροντίδος
2695 1458 2868 1526 ἀξιον.
2892 1462 3114 1533 Ἐπειδὴ
3144 1465 3254 1535 γὰρ
3286 1467 3462 1537 πάντη
3492 1484 3552 1519 τε
3582 1472 3673 1523 καὶ

2089 1552 2432 1621 πανταχόθεν
2474 1552 2883 1608 ἀκατόπτευτον
2922 1554 2984 1607 τὸ
3034 1557 3143 1609 τῶν
3197 1559 3546 1627 μοναζουσῶν
3583 1561 3674 1612 ὲν-

2084 1640 2343 1712 διαίτημα
2370 1642 2519 1697 ἅπαν
2549 1645 2609 1697 τὸ
2642 1648 2705 1715 τῇ
2737 1646 2970 1717 ἀσκήσει
3002 1647 3187 1701 αὐτῶν
3213 1650 3366 1720 παρά
3396 1652 3496 1723 τῆς
3524 1652 3679 1720 βασι-

2087 1732 2240 1795 λείας
2280 1750 2382 1804 μου
2428 1735 2833 1806 ἀφωρισμένον,
2880 1739 3255 1810 διατηρεῖσθαι
3291 1742 3555 1813 βούλομαι
3580 1746 3681 1797 σὺν

2086 1824 2208 1894 Θεῷ
2234 1826 2314 1887 είς
2340 1826 2433 1878 τὸν
2459 1826 2676 1880 ἅπαντα
2705 1829 2897 1898 χρόνον
2920 1846 2933 1860 ·
2963 1835 3011 1884 εἰ
3038 1832 3145 1904 γὰρ
3170 1835 3266 1887 καὶ
3296 1835 3680 1891 ἀποδέδεικται

402 1923 663 1970 contextu
695 1922 751 1969 et
778 1916 831 1970 vi
859 1914 1299 1971 demonstratum
1325 1917 1418 1981 sit,
1443 1933 1472 1971 a
1497 1919 1778 1989 proposito
1818 1918 1984 1987 maje-

2094 1915 2174 1984 τῷ
2199 1914 2510 1986 βουλομένῳ
2550 1922 2689 1972 νοεῖν
2719 1918 2917 1988 ὀρθῶς,
2949 1922 3058 1975 ἀπὸ
3089 1924 3187 1991 τῆς
3211 1924 3321 1977 τῶν
3351 1927 3680 1996 γραφέντων

402 2006 559 2061 statis
591 2022 726 2062 mete
745 2007 902 2062 valde
924 2008 1230 2065 abhorrere
1249 2018 1307 2065 et
1327 2009 1568 2065 alienum
1596 2025 1739 2076 esse,
1773 2018 1835 2066 ut
1862 2010 1988 2080 qui-

401 2100 525 2153 dam
571 2099 627 2153 in
683 2100 839 2155 illum
884 2101 1305 2171 introspiciendi
1331 2103 1488 2158 locus
1519 2102 1588 2157 de
1620 2117 1766 2157 novo
1792 2102 1984 2164 detur;

400 2192 590 2259 putavi
626 2198 809 2247 tamen
863 2191 1008 2247 hanc
1061 2193 1116 2247 in
1163 2194 1256 2249 illo
1290 2193 1704 2250 innovationem
1730 2210 1988 2265 expresse

401 2290 458 2336 et
490 2282 777 2352 speciatim
814 2283 1217 2354 prohibendam
1253 2287 1398 2354 esse)
1428 2303 1444 2353 ;
1483 2286 1606 2341 ideo
1636 2296 1785 2342 vetat
1816 2287 1988 2356 impe-

401 2375 607 2429 ratoria
640 2389 760 2430 mea
793 2377 1076 2446 majestas,
1112 2386 1169 2432 et
1200 2378 1428 2434 omnino
1456 2379 1732 2448 prohibet.
1754 2394 1853 2450 per
1883 2379 1988 2435 hoc

404 2479 590 2519 meum
621 2466 687 2521 de
712 2466 803 2521 illa
833 2482 893 2521 re
932 2466 1240 2535 decretum,
1294 2485 1363 2524 ne
1408 2470 1811 2540 qualiscunque
1856 2485 1987 2539 pro-

404 2569 631 2629 spectus
679 2561 734 2616 in
792 2560 998 2630 aliquid
1058 2561 1201 2617 intra
1256 2562 1525 2617 ambitum
1576 2561 1985 2617 conversationi

400 2652 800 2708 monacharum
843 2652 1182 2723 assignatum
1220 2668 1460 2722 unquam
1502 2650 1618 2718 fiat,
1663 2653 1750 2706 vel
1796 2651 1852 2706 in
1885 2667 1984 2706 au-

398 2746 508 2799 lam
558 2759 747 2799 earum
797 2745 913 2801 sive
955 2745 1305 2810 interiorem,
1353 2746 1468 2801 sive
1498 2746 1857 2809 exteriorem,
1889 2754 1985 2801 aut

399 2846 455 2899 in
486 2843 701 2906 septum
736 2854 750 2891 :
785 2836 1177 2907 undecunque,
1213 2837 1328 2892 sive
1362 2851 1429 2891 ex
1465 2836 1768 2907 despoticis
1804 2836 1978 2892 domi-

399 2928 524 2991 bus.
561 2930 679 2986 sive
715 2945 783 2985 ex
818 2930 974 2998 aliis;
1008 2930 1124 2986 sive
1172 2946 1241 2985 ex
1277 2930 1543 2985 exteriori
1591 2945 1783 2985 earum
1833 2931 1981 2996 aula,

398 3023 514 3076 sive
558 3038 624 3077 ex
676 3023 964 3088 interiori;
1004 3037 1101 3078 seu
1148 3039 1213 3076 ex
1255 3023 1531 3078 sententia
1569 3025 1875 3094 cujuspiam
1916 3040 1983 3080 ex

397 3115 720 3171 monasterii
785 3116 1057 3186 patronis,
1114 3131 1209 3170 seu
1267 3116 1380 3170 alio
1434 3115 1635 3185 quovis
1684 3116 1871 3170 modo.
1911 3116 1983 3171 Et

396 3221 678 3276 nunquam
716 3206 769 3259 in
820 3221 1035 3261 summa
1088 3206 1347 3275 cuiquam
1393 3205 1605 3271 licebit,
1649 3220 1977 3275 quacunque

396 3296 464 3350 de
494 3312 684 3361 causa,
716 3296 848 3351 licet
877 3312 942 3351 ea
994 3296 1238 3367 legitima
1270 3296 1415 3351 forte
1460 3295 1577 3350 visa
1636 3295 1824 3362 fuerit,
1852 3313 1979 3367 pro-

396 3399 648 3459 spectum
694 3388 1013 3458 quempiam
1048 3388 1104 3442 in
1149 3388 1549 3443 monasterium
1584 3388 1653 3443 de
1685 3404 1827 3443 novo
1857 3388 1977 3444 eiii-

397 3496 548 3543 cere,
576 3481 691 3537 sive
715 3495 813 3550 per
833 3479 1108 3550 quoddam
1139 3480 1427 3545 solarium,
1445 3490 1543 3535 aut
1571 3482 1975 3549 summitatem;

401 3573 518 3626 sive
550 3588 645 3642 per
686 3572 912 3643 januam
959 3572 1048 3627 vel
1083 3571 1341 3626 ostiolum
1395 3571 1478 3627 vel
1528 3571 1848 3639 fenestram,
1882 3584 1980 3630 aut

400 3666 677 3720 modicum
709 3665 943 3734 quodvis
976 3664 1244 3721 foramen.

472 3844 579 3901 Sed
604 3855 660 3901 et
686 3845 730 3899 si
756 3844 888 3916 quid
926 3843 1241 3915 huiusmodi
1275 3806 1547 3914 quispiam
1580 3859 1747 3899 ausus
1787 3843 1976 3910 fuerit,
2039 3868 2055 3883 -

400 3936 454 3990 id
484 3936 613 3991 licet
641 3950 710 3989 ex
751 3935 1054 4005 improviso
1098 3935 1301 3989 factum
1342 3935 1435 3995 sit,
1491 3949 1614 4004 qua:
1669 3943 1801 3989 tunc
1843 3944 1983 3989 tem.

399 4030 552 4101 poris
588 4039 821 4100 patrona
856 4028 964 4083 erit
1012 4027 1356 4095 monasterii,
1381 4042 1505 4082 cum
1533 4029 1775 4098 primum
1803 4042 1977 4083 nocu-

402 4129 648 4175 mentum
678 4135 746 4175 ex
787 4119 894 4174 hoc
945 4133 1233 4190 emergens
1278 4117 1445 4186 norit,
1474 4120 1607 4175 licet
1643 4120 1779 4176 illud
1812 4119 1977 4175 mini-

405 4229 554 4267 mum
608 4211 796 4277 fuerit,
829 4209 1111 4265 tenebitur
1153 4210 1292 4265 citra
1324 4210 1489 4265 ullam
1522 4210 1977 4266 deliberationem

399 4316 454 4358 et
487 4303 863 4360 conditionem
914 4302 1047 4356 illud
1092 4302 1303 4358 tollere.
1339 4303 1499 4369 Nam,
1543 4310 1600 4358 ut
1637 4302 1977 4359 declaratum

400 4405 507 4463 est,
537 4396 793 4466 majestas
818 4409 939 4449 mea
961 4409 1150 4448 curam
1181 4410 1398 4465 gerens,
1417 4403 1480 4449 ut
1501 4395 1824 4450 monialium
1849 4392 1982 4450 Gra-

401 4489 691 4558 tia-plena:
750 4488 845 4542 Dei
892 4487 1047 4543 Matri
1107 4498 1552 4575 consecratarum
1607 4489 1977 4552 conversatio,

2093 2006 2194 2077 ήδη
2230 2007 2577 2077 περιλήψεως
2627 2012 2723 2064 καὶ
2765 2011 3080 2082 δυνάμεως·
3128 2014 3203 2078 ὡς
3241 2017 3302 2069 τὸ
3331 2020 3678 2089 καινισθῆναι

2091 2101 2421 2153 κατοπτείαν
2491 2106 2547 2154 ὲν
2596 2105 2770 2174 τούτῳ
2820 2107 2945 2158 τινὰ
3016 2107 3126 2159 τῶν
3169 2107 3484 2179 ἀϐουλήτων
3534 2113 3676 2165 πάνυ

2092 2192 2186 2245 καὶ
2214 2193 2722 2265 ἀποτετραμμὲνων
2763 2198 2879 2251 ἐστὶ
2919 2199 2996 2269 τῷ
3027 2199 3217 2269 σκοπῷ
3259 2199 3362 2270 τῆς
3400 2199 3679 2271 βασιλείας

2096 2301 2196 2354 μου
2225 2301 2238 2315 ·
2274 2285 2410 2338 ἀλλὰ
2438 2286 2532 2341 καὶ
2569 2288 2748 2358 ῥητῶς
2781 2306 2839 2343 τε
2874 2291 2967 2343 καὶ⁵
3000 2291 3310 2355 ἰδιαζόντως
3332 2292 3442 2345 δεῖν
3464 2293 3677 2365 ᾠήθην,

2091 2374 2188 2443 τῆς
2237 2373 2495 2445 τοιαύτης
2554 2377 2640 2430 ἐπ’
2694 2377 2845 2448 αὑτῷ
2898 2380 3253 2449 καινοτομίας
3306 2383 3680 2454 ἀπαγόρευσιν

2091 2463 2318 2518 θέσθαιο
2355 2468 2658 2538 ἀποτρέπει
2704 2472 2994 2542 τοιγαροῦν
3040 2474 3071 2543 ή
3128 2473 3375 2543 βασιλεία
3432 2492 3534 2544 μου
3585 2479 3678 2529 καὶ

2090 2558 2353 2612 ἀποσοϐεῖ
2386 2562 2465 2623 είς
2513 2561 2574 2614 τὸ
2608 2563 2868 2627 παντελὲς
2900 2564 2989 2618 διὰ
3025 2565 3231 2636 ταύτης
3271 2585 3374 2637 μου
3410 2569 3510 2638 τῆς
3549 2571 3676 2639 περὶ

2088 2648 2252 2703 αὑτοῦ
2285 2652 2659 2723 ἐπισκήψεως,
2689 2654 2749 2707 τδ
2779 2655 3167 2727 ὀποιανδήτινα
3224 2658 3425 2729 ἄποψιν
3456 2663 3593 2731 πρός
3623 2678 3676 2714 τι

2092 2741 2203 2793 τῶν
2231 2742 2382 2807 ἐντὸς
2413 2743 2513 2813 τῆς
2545 2745 2855 2817 ἀπονενεμη
2866 2748 3033 2817 μένης
3072 2752 3140 2820 τῇ
3184 2750 3293 2804 τῶν
3327 2751 3677 2821 μοναζουσῶν

2090 2832 2335 2904 διαγωγῇ
2365 2836 2629 2906 περιοχῆς
2653 2838 2906 2905 γενέσθαι
2941 2840 3118 2909 χρόνῳ
3156 2841 3309 2906 ποτε,
3347 2843 3378 2911 ἢ
3411 2844 3549 2912 πρὶς
3579 2844 3680 2915 τὴν

2094 2923 2270 2995 αὐλήν
2316 2925 2518 2988 αὐτῶν,
2555 2928 2663 2981 εἶτε
2713 2929 2813 2998 τὴν
2864 2931 3035 2993 ἐντὸς,
3090 2932 3201 2985 εἴτε
3252 2934 3351 3003 τῂν
3391 2934 3675 3007 ἐξωθεν,ῆ

2096 3014 2371 3083 πρὸς,τὸν
2434 3018 2756 3087 περίϐολον,
2814 3019 3171 3091 ὀθενδήποτε,
3238 3022 3349 3074 εἴτε
3414 3023 3522 3075 τῶν
3577 3027 3671 3078 Δε-

2086 3106 2359 3160 σποτικῶν
2400 3110 2754 3177 οἰκημάτων,
2806 3109 2919 3162 εἴτε
2962 3112 3070 3164 τῶι
3128 3112 3348 3177 ἄλλων,
3397 3115 3512 3166 εἴτε
3572 3116 3675 3183 τῆς

2082 3193 2239 3258 ἐκτὸς
2263 3196 2434 3266 αὐλῆς
2463 3200 2691 3264 τούτων,
2724 3200 2832 3251 εῐτε
2866 3201 2963 3269 τῆς
2993 3201 3303 3271 ὲνδοτέρας,
3340 3202 3451 3255 εἴτε
3480 3204 3674 3275 γνώμῃ

2082 3285 2190 3339 τῶν
2211 3287 2308 3356 τῆς
2340 3289 2510 3359 μονῆς
2534 3289 3093 3357 ἀντιλαμϐανομένων
3119 3292 3283 3359 τινος,
3314 3294 3427 3349 εἴτε
3457 3297 3551 3349 καὶ
3576 3298 3672 3350 ἀλ-

2080 3376 2189 3442 λως
2223 3396 2337 3441 πως
2364 3394 2378 3410 ⁸
2412 3380 2505 3432 καλ⁸
2531 3378 2785 3433 οὐδέποτε
2808 3380 2944 3444 ὅλως
2983 3381 3197 3447 ἐξέσται
3226 3386 3337 3439 τινὶ
3366 3387 3489 3440 καθ’
3523 3390 3676 3457 ήντι-

2081 3469 2243 3523 ναοῦν
2282 3470 2485 3534 αἰτίαν,
2516 3470 2620 3526 κᾶν
2650 3471 3019 3546 εὐλογοφανής
3050 3493 3167 3539 πως
3194 3476 3334 3549 αὕτη
3360 3480 3513 3551 δοκῇ,
3540 3482 3676 3535 ἄπο-

2080 3561 2173 3629 ψίν
2206 3578 2326 3615 τινα
2370 3562 2506 3632 πρὸς
2542 3564 2608 3618 τά
2644 3564 2739 3619 τοῦ
2779 3568 3148 3638 μοναστηρίου
3193 3571 3479 3640 καινίζειν,
3523 3574 3555 3643 ἢ
3586 3573 3675 3627 διὰ

2082 3653 2308 3723 ἡλιακοῦ
2356 3670 2503 3718 τινος
2546 3657 2642 3710 καὶ
2695 3656 3027 3729 ὐψὼματος,
3083 3662 3115 3733 ἦ
3168 3662 3257 3717 διὰ
3305 3663 3512 3734 θύρας,
3561 3666 3672 3719 εἴτε

2083 3743 2444 3814 παραθυρίου,
2478 3744 2591 3798 εἴτε
2623 3745 2860 3818 Θυρίδος,
2903 3750 3013 3803 εἴτε
3061 3753 3293 3823 μετρίας
3323 3754 3470 3818 τινὸς
3501 3754 3667 3823 ὀπῆς.

2165 3834 2324 3888 Ἀλλὰ
2353 3834 2455 3890 κᾶν
2499 3854 2552 3890 τι
2582 3838 2830 3910 τολμηοῇ
2877 3841 3122 3895 τοιοῦτον
3170 3844 3322 3913 παρά
3359 3861 3528 3913 τινος,
3561 3849 3672 3902 εἴτε

2082 3926 2178 3978 καὶ
2220 3925 2278 3993 ἐξ
2313 3927 2625 3996 ἀπροόπτου
2668 3929 2915 4000 γένηται,
2944 3931 3221 4001 παρευοὺς
3259 3934 3394 4003 πρὸς
3423 3937 3670 4008 ἀνάγκης

2079 4020 2147 4089 τῇ
2194 4018 2497 4090 τηνικαῦτα
2544 4021 2646 4091 τῆς
2706 4022 2876 4091 μονῆς
2927 4023 3442 4099 ἀντιλαμϐανομένῃ
3489 4028 3666 4094 ἔσται,

2082 4111 2198 4181 ἅμα
2232 4111 2293 4165 τὸ
2336 4112 2435 4183 τὴν
2477 4112 2536 4177 ἐξ
2585 4112 2751 4167 αὑτοῦ
2785 4112 2988 4185 βλάϐην
3025 4116 3449 4187 διαγνωσθῆναι,
3481 4123 3529 4174 εἰ
3573 4123 3671 4176 καὶ

2082 4206 2339 4276 ἐλαχίστη
2378 4204 2519 4276 αὕτη
2577 4205 2724 4271 ἐστὶ,
2771 4206 2955 4275 χωρίς,
2990 4223 3134 4271 τινος
3185 4207 3523 4277 διασκέψεως
3575 4211 3671 4263 καὶ

2082 4296 2396 4360 ὑποθέσεως
2465 4297 2625 4351 τοῦτο
2682 4300 3008 4368 περιαιρεῖν.
3070 4300 3502 4353 Ἀκατόπτευτον
3560 4303 3670 4372 γὰρ

2082 4390 2462 4452 παντάπασιν,.
2484 4388 2558 4450 ὡς
2588 4388 2905 4460 δεδήλωται,
2954 4389 3229 4461 προσώπῳ
3269 4391 3430 4444 παντὶ
3458 4390 3558 4461 τὴν
3586 4395 3672 4445 ὲν-

2083 4481 2174 4545 τδς
2210 4480 2304 4534 τοῦ
2336 4482 2537 4535 οἰκείου
2582 4479 2837 4552 σεμνείου
2878 4481 3153 4553 διαγωγὴν
3187 4483 3293 4535 τῶν
3332 4485 3399 4555 τῇ
3430 4484 3672 4553 Κεχαρι-

402 4579 546 4634 intra
603 4579 889 4649 proprium
940 4580 1363 4645 monasterium,
1415 4572 1636 4651 penitus
1692 4580 1972 4652 inaspecta

2086 4572 2310 4644 τωμένῃ
2356 4590 2457 4643 μου
2494 4572 2803 4644 Θεομήτορι
2850 4572 3289 4641 ἁνατεθειμένων
3320 4573 3670 4643 μοναζουσῶν

401 4671 662 4726 munibus
689 4672 944 4740 personis
971 4681 1212 4736 maneat,
1246 4673 1326 4728 sic
1363 4673 1498 4727 illud
1527 4673 1645 4743 lege
1673 4673 1870 4729 sancit.

482 4858 589 4911 Sed
638 4870 817 4926 neque
852 4856 1006 4927 juxta
1052 4855 1410 4910 dirimentem
1455 4867 1680 4906 murum
1712 4854 1985 4911 enchore—

405 4965 535 5022 gum
569 4948 863 5004 exterioris
910 4948 1048 5002 aula:
1108 4956 1165 5002 et
1211 4944 1533 5000 monasterii
1584 4945 1846 5013 ambitus,
1891 4957 1988 5004 aut

406 5058 574 5112 supra
608 5041 865 5098 eumdem
900 5041 1096 5095 domos
1141 5037 1420 5093 aediﬁcare
1447 5036 1659 5103 licebit,
1683 5048 1808 5109 post
1851 5056 1986 5097 meae

404 5131 713 5201 majestatis
741 5132 810 5185 ab
838 5132 943 5186 hac
973 5131 1081 5185 vita
1108 5127 1648 5197 transmigrationem
1670 5170 1685 5194 ,
1716 5145 1814 5186 nee
1834 5131 1982 5187 aliud

404 5223 688 5293 quidpiam
711 5221 780 5277 de
807 5238 954 5277 novo
995 5229 1323 5276 construere
1358 5237 1371 5273 :
1414 5220 1665 5290 quinimo
1711 5220 1764 5276 id
1812 5238 1984 5291 pror-

406 5330 500 5371 sus
534 5315 763 5369 vetitum
794 5321 901 5378 est,
932 5319 1123 5381 utpote
1178 5311 1396 5366 volente
1432 5327 1553 5367 mea
1589 5314 1895 5381 majestate,
1922 5324 1984 5370 ut

405 5407 549 5477 idem
600 5421 793 5459 murus
840 5404 943 5459 sub
989 5402 1183 5457 eadem
1234 5402 1411 5456 forma
1446 5414 1790 5472 perseveret,
1831 5415 1888 5460 et
1927 5408 1980 5461 in

406 5512 517 5565 quo
549 5504 696 5551 statu
733 5502 991 5563 repertus
1035 5491 1219 5558 fuerit,
1250 5507 1360 5561 qua
1416 5492 1509 5546 die
1565 5493 1632 5546 ad
1673 5494 1844 5547 Deum
1892 5496 1982 5550 illa

404 5586 895 5656 migrarit;'utque
935 5582 1139 5636 nullam
1180 5597 1419 5654 unquam
1459 5584 1838 5649 mutationem,
1867 5588 1983 5641 sive

403 5693 502 5746 per
552 5677 1025 5740 additamentum,
1078 5675 1192 5732 sive
1239 5691 1336 5746 per
1385 5675 1826 5731 imminutionem
1883 5678 1982 5731 ad—

402 5770 605 5823 mittat.

2087 4664 2364 4734 διαμένειν
2405 4666 2438 4734 ή
2470 4664 2722 4734 βασιλεία
2767 4681 2869 4734 μου
2905 4664 3389 4738 προμηθευομένη,
3431 4666 3575 4720 οὕτω
3600 4667 3673 4721 τὰ

2090 4755 2220 4825 περὶ
2249 4755 2439 4810 τούτου
2475 4754 2963 4826 κατασφαλίζεται.

2170 4846 2310 4899 Ἀλλ’
2337 4846 2448 4901 οὐδ’
2478 4848 2570 4900 ἐπὶ
2600 4849 2676 4919 τῷ
2708 4848 2957 4918 διαιρέτῃ
2985 4846 3269 4916 ὲγχορήγῳ
3299 4845 3464 4916 τοίχῳ
3489 4846 3585 4916 τῆς
3612 4862 3668 4898 τε

2089 4938 2194 5002 ἔξω
2229 4939 2421 5008 αὐλῆς,
2455 4941 2549 4992 καὶ
2577 4940 2670 4992 τοῦ
2701 4939 2800 5009 τῆς
2843 4940 3010 5009 μονῆς
3052 4937 3359 5008 περιϐολίου
3392 4938 3669 5009 οἰκήματά

2087 5047 2231 5095 τινα,
2271 5031 2304 5102 ἢ
2342 5030 2842 5103 προσκολληθῆναι,
2890 5030 2924 5101 ἢ
2969 5029 3486 5100 ὲποικοδομηθῆναι,
3529 5030 3670 5099 μετὶι

2072 5122 2186 5197 ,τὴν
2221 5122 2322 5195 τῆς
2372 5123 2649 5194 βασιλείας
2693 5140 2796 5192 μου
2839 5124 2902 5176 ὲκ
2932 5122 3024 5175 τοῦ
3060 5121 3321 5191 παρόντος
3353 5121 3468 5190 βίου
3504 5122 3671 5189 μετά-

2089 5231 2301 5282 στασιν,
2329 5215 2362 5286 ἢ
2387 5215 2513 5270 ἄλλο
2539 5232 2592 5268 τι
2617 5212 3017 5285 νεουργηθῆναι
3046 5213 3107 5266 τὸ
3130 5212 3336 5264 οίονοῦν
3357 5214 3673 5282 ἐκκεχωρη-

2090 5308 2251 5376 μένον
2283 5305 2496 5379 [ἐγκῧί]
2525 5307 2676 5359 ἔσται
2699 5321 2711 5335 ·
2751 5306 3067 5358 παντάπασι
3099 5302 3153 5356 δὲ
3191 5301 3393 5372 μᾶλλον
3421 5301 3668 5355 κεκωλυ-

2088 5398 2271 5468 μένον,
2303 5398 2378 5460 Lb;
2402 5399 2498 5452 καὶ
2531 5397 2619 5452 τὸν
2653 5397 2895 5450 τοιοῦτον
2927 5397 3106 5466 τοῖχον
3131 5394 3226 5449 ἐπὶ
3259 5392 3351 5448 τοῦ
3385 5395 3668 5465 σχήματος

2084 5489 2179 5541 τοῦ
2217 5488 2385 5541 αὐτοῦ
2419 5487 2697 5557 διαμένειν
2739 5488 2842 5557 τῆς
2871 5485 3148 5555 βασιλείας
3182 5501 3282 5554 μου
3314 5483 3667 5555 βουλομένης,

2086 5584 2179 5634 καὶ
2209 5582 2301 5634 ἐπὶ
2330 5580 2428 5650 τῆς
2468 5580 2641 5649 αὐτῆς
2689 5578 3098 5640 καταστάσεως,
3129 5576 3197 5648 ἢν
3224 5576 3290 5631 ἂν
3318 5575 3570 5645 εὑρεθείη
3602 5578 3668 5644 τῇ

2085 5677 2269 5744 ἡμέρᾳ
2309 5675 2407 5743 τῆς
2447 5671 2584 5741 πρὸς
2627 5672 2759 5724 Θεὸν
2808 5670 2978 5740 αὐτῆς
3031 5669 3319 5741 ἐκδημίας,
3362 5667 3524 5737 ἔχων,
3573 5670 3666 5719 καὶ

2089 5771 2213 5839 μηδ’
2273 5766 2561 5821 ὁποιανοῦν
2624 5762 2912 5817 ἀλλοίωσιν
2962 5764 3256 5831 ὁτεδήποτε
3305 5761 3587 5828 δέξασθαι,
3634 5760 3664 5829 ῆ

2086 5863 2227 5916 κατὰ
2266 5858 2611 5931 προσθήκην,
2638 5856 2673 5926 ἦ
2713 5855 2851 5908 κατά
2889 5854 3099 5923 ὕφεσιν.
