4064 6424
385 395 529 464 1103

1703 398 1989 458 IIlENES
2026 398 2404 460 AUGUSTxE

3523 401 3663 467 ΗΜ

360 524 445 569 "ut
501 512 856 583 imperatoria
921 524 1040 566 mea
1093 508 1348 580 majcslas
1387 507 1664 579 disposuit
1706 527 1721 566 :
1769 526 1955 582 nempe

2070 510 2284 564 ἔσονται
2316 510 2578 582 γινόμενα
2613 510 2795 573 καθὼς
2837 512 2869 581 ή
2921 510 3171 580 βασιλεία
3214 532 3317 585 μου
3356 513 3662 582 διετάξατο.
3738 572 3747 575 _

385 605 725 661 accendetur
771 605 825 659 in
872 602 1104 674 singulis
1134 601 1406 672 sepulcris
1450 602 1662 673 lampas
1697 619 1805 659 una
1834 619 1964 674 per-

376 708 554 767 petuo
585 700 814 763 lucens;
859 696 902 751 si
934 711 1066 751 vero
1096 694 1305 765 aliquid
1335 695 1405 750 de
1441 711 1542 751 suo
1603 695 1808 752 oﬂ‘erre
1839 713 1968 768 pro—

385 791 509 860 prio
546 802 697 845 motu
729 798 786 844 et
819 788 1096 844 sententia
1131 788 1447 853 voluerint,
1487 787 1619 844 ﬁent
1647 797 1708 843 ut
1739 791 1871 860 ipsa:
1900 806 1967 845 ex

383 882 549 938 bonis
582 897 613 937 a
643 897 703 939 se
727 880 874 938 datis
901 880 1217 945 statuerint,
1252 880 1308 935 in
1344 879 1782 937 additamentum
1811 882 1969 938 vide-

373 975 513 1032 licet
542 975 610 1032 iis
642 991 765 1045 quae
794 991 898 1030 nos
929 973 1361 1045 deSignavimus.

450 1156 566 1212 Nec
594 1155 854 1226 cuiquam
901 1154 1148 1209 omnium
1188 1153 1399 1217 licebit,
1436 1153 1485 1209 is
1507 1155 1638 1210 licet
1672 1155 1963 1226 magistra-

382 1253 474 1299 tus
502 1242 693 1307 i‘uerit,
718 1243 806 1298 vel
839 1242 1107 1313 privatus,
1144 1242 1259 1297 sive
1289 1242 1569 1313 praefecta,
1601 1244 1717 1300 sive
1748 1246 1964 1300 monia-

379 1333 472 1400 lis,
512 1333 618 1390 etsi
670 1348 946 1404 magnam,
994 1332 1223 1403 largam,
1250 1342 1308 1387 et
1354 1333 1541 1389 utilem
1591 1335 1964 1391 accessionem

380 1424 720 1481 monasterio
784 1424 1018 1492 fecerit,
1073 1424 1487 1480 translationem
1548 1426 1856 1497 cujuspiam
1909 1429 1964 1483 in

380 1517 505 1587 ipso
541 1514 1001 1587 deponendorum
1035 1516 1369 1571 cadaverum
1402 1517 1653 1587 quolibet
1698 1528 1963 1589 pnetextu

377 1609 587 1674 moliri,
613 1608 818 1664 nedum
842 1608 1061 1664 eilicere
1087 1650 1101 1673 ,
1135 1609 1250 1664 sive
1281 1611 1508 1665 omnino
1537 1611 1749 1674 conari,
1776 1621 1836 1666 ut
1856 1627 1963 1666 una

377 1717 504 1758 cum
552 1703 661 1758 illis
689 1704 1017 1773 sepeliatur
1053 1712 1111 1758 et
1141 1702 1490 1773 deponatur;
1528 1704 1785 1775 majestas
1813 1705 1962 1759 enim

377 1810 501 1850 mea
538 1810 734 1851 omnes
780 1795 850 1849 ab
903 1794 1221 1867 huiusmodi
1272 1796 1557 1865 proposito
1583 1805 1639 1850 et
1671 1810 1836 1866 opere
1867 1812 1963 1858 per

377 1901 626 1955 praesens
658 1888 991 1958 rescriptum
1023 1902 1184 1943 suum
1218 1901 1447 1957 prorsus
1474 1887 1717 1943 cohibet.

892 2085 1127 2143 CAPUT
1168 2084 1429 2141 LXXVII.

375 2176 454 2232 De
480 2192 699 2233 numero
724 2175 1110 2230 breviculorum
1142 2185 1191 2229 et
1222 2178 1515 2247 typicorum
1535 2180 1825 2232 uenerandi
1855 2197 1960 2234 mo-

446 2250 669 2303 nasterii
700 2247 1115 2319 Gratia-piem,
1143 2255 1192 2301 et
1227 2249 1443 2302 ubinam
1483 2248 1748 2317 quodlibet
1775 2267 1957 2305 eorum

446 2321 514 2373 sit
545 2319 929 2390 reponendum.

445 2425 904 2497 Quandoquidem
956 2425 1063 2481 tria
1116 2425 1293 2497 typica
1357 2427 1777 2483 membranacee
1818 2428 1959 2484 blat-

375 2520 468 2576 tiis
497 2529 709 2591 operta,
742 2533 958 2575 necnon
982 2520 1092 2574 tria
1119 2518 1404 2574 brevicula
1437 2534 1467 2575 a
1499 2520 1956 2576 nobis-adornata

374 2622 524 2676 sunt,
567 2626 692 2667 cum
748 2611 1006 2681 praesenti
1054 2625 1256 2682 nempe
1297 2611 1514 2683 typico,
1560 2621 1618 2667 et
1666 2612 1955 2668 breviculo

373 2705 622 2760 omnium
662 2704 1000 2760 monasterio
1033 2701 1526 2760 consecratorum‘:
1552 2705 1849 2760 statuimus
1896 2714 1957 2760 ut

374 2797 485 2852 duo
515 2813 583 2852 ex
615 2797 746 2862 illis,
798 2795 1043 2867 typicum
1088 2796 1349 2852 videlicet
1398 2806 1452 2851 et
1498 2796 1866 2860 breviculum,
1899 2798 1955 2852 in

374 2888 585 2953 divino,
606 2897 724 2943 luto
745 2896 803 2943 et
830 2902 989 2942 sacro
1015 2901 1223 2958 magnae
1242 2886 1337 2942 Dei
1363 2886 1621 2943 Ecclesiae
1648 2889 1955 2959 seev0pliy-

374 2980 514 3036 lacio
567 2995 662 3036 seu
718 2978 962 3035 sacrario
1012 2977 1397 3048 deponantur,
1447 2979 1642 3034 eodem
1698 2980 1863 3035 modo
1901 2992 1955 3038 et

372 3076 494 3128 loco
529 3088 639 3142 quo
668 3073 909 3143 typicum
951 3082 1011 3127 et
1046 3071 1394 3127 breviculum
1450 3072 1771 3128 monasterii
1799 3074 1951 3128 viro-

371 3179 494 3217 rum
532 3162 939 3233 Philanthropi,
977 3162 1093 3216 sive
1125 3161 1428 3218 Salvatoris
1467 3162 1781 3233 depositum
1814 3164 1951 3231 fuit;

2071 601 2425 671 ὲφαπτούσης
2467 602 2685 672 ἑκάστῳ
2722 601 2878 672 τάφῳ
2914 600 3011 655 καὶ
3061 601 3330 672 κανδήλας
3360 606 3665 678 ἀκοιμήτου

2074 696 2225 764 μιᾶς.
2266 694 2388 748 Τῶν
2417 694 2473 748 δὲ
2521 694 2616 747 καί
2643 712 2695 748 τι
2729 694 2942 748 οἴκοθεν
2979 695 3347 766 προσενέγκαι
3374 700 3468 751 xui
3508 699 3671 767 ἀφιε-

2072 788 2245 856 ρῶσαι
2281 787 2477 859 γνώμῃ
2515 787 2611 842 xui
2641 789 2963 860 προαιρέσει
3008 790 3187 860 οἰκείᾳ
3232 791 3665 862 ἀσπασαμένων,

2072 872 2255 937 καθὼς
2291 874 2357 929 ἂν
2382 870 2545 931 αὗται
2571 877 2680 930 ἀπὸ
2716 878 2823 930 τῶν
2859 879 2991 947 παρ’
3020 878 3201 934 αὐτῶν
3245 879 3541 951 διδομένων
3573 901 3669 937 τυ-

2073 965 2339 1032 πώσαιεν,
2376 966 2456 1031 είς
2503 967 2829 1038 προσθήκην
2873 968 3117 1040 δηλονότι
3153 971 3261 1024 τῶν
3291 969 3669 1043 διωρισμένων

2073 1061 2208 1131 παρ’
2241 1062 2417 1131 ἡμῶν.

2145 1153 2259 1205 Οὐκ
2288 1152 2504 1219 ἐξέσται
2544 1153 2599 1206 δέ
2633 1170 2740 1207 τινι
2764 1154 2872 1207 τῶν
2898 1156 3181 1221 ἁπάντων,
3209 1158 3314 1211 κᾶν
3341 1158 3527 1230 ἄρχων
3550 1163 3660 1233 εἴη,

2071 1243 2173 1297 κᾶν
2212 1242 2452 1315 ἰδιώτης,
2485 1244 2591 1299 κᾶν
2620 1247 2921 1315 ἡγουμένη,
2953 1246 3057 1301 κᾶν
3092 1250 3322 1320 μοναχή,
3360 1251 3462 1304 κᾶν
3494 1271 3661 1325 προσ-

2071 1334 2297 1408 αγωγὴν
2324 1337 2594 1406 μεγάλην,
2628 1338 2721 1390 xui
2751 1336 2969 1408 δαψιλῆ,
3022 1342 3114 1393 xui
3164 1343 3421 1412 ἐπωφελῆ
3473 1345 3658 1397 ποιού-

2074 1442 2234 1495 μενος
2260 1428 2325 1497 τῇ
2362 1428 2521 1497 μονῇ,
2551 1426 2694 1479 κατά
2720 1444 2839 1479 τινα
2870 1427 3165 1496 πρόφασιν,
3201 1429 3493 1498 μετάθεσίν
3516 1448 3657 1497 τινος

2069 1516 2179 1571 τῶν
2214 1519 2273 1571 ὲν
2307 1519 2443 1589 αὐτῇ
2483 1518 2868 1590 τεθησομένων
2912 1519 3181 1589 λειψάνων
3217 1522 3609 1591 βουλεύσασθαι
3643 1564 3659 1588 ,

2069 1609 2268 1664 πολλοῦ
2297 1628 2360 1679 γε
2403 1614 2580 1666 εἰπεῖν
2615 1612 3023 1683 διαπράξασθαι
3045 1631 3060 1647 ο
3101 1615 3271 1684 ἡγουν
3299 1620 3536 1686 ταφῆναι
3566 1620 3662 1671 xui

2069 1702 2401 1771 συντεθῆναι
2449 1703 2658 1767 τούτοις
2709 1704 2849 1767 ὅλως
2888 1705 3300 1774 διαλογίσασθαι
3324 1724 3338 1740 ·
3370 1710 3509 1762 πάνυ
3550 1710 3661 1779 γὰρ

2068 1792 2163 1845 τοῦ
2198 1797 2444 1847 τοιούτου
2494 1794 2864 1864 βουλεύματός
2890 1814 2948 1849 τε
2980 1797 3074 1851 xui
3107 1799 3482 1870 δνεργήματος
3522 1804 3660 1857 πᾶν·

1998 1900 2038 1955 Β
2068 1903 2168 1949 τας
2209 1886 2615 1956 ἀναχαιτίζειή
2658 1886 2908 1958 βασι-λεία
2959 1905 3061 1958 μου
3110 1888 3200 1943 διὰ
3250 1891 3347 1959 τῆς
3376 1892 3659 1965 παρούσης

2061 1978 2237 2050 αὐτῆς
2271 1980 2511 2050 γραφῆς.

2667 2098 2927 2152 ΚΕΦΔΛ.
2964 2096 3085 2154 OZ'.

2061 2186 2201 2255 Περὶ
2257 2187 2362 2267 τοᾷ
2410 2188 2694 2269 ἀριθμοῦΔ
2716 2190 2843 2269 τῶν(
2879 2193 3510 2269 τεγυνιξτωνᾳβρεόίων
3556 2196 3656 2249 καί,

2131 2261 2395 2332 τοπικῶν
2438 2261 2546 2332 τῆς
2580 2261 2917 2332 σεϐᾳσμΙας
2941 2262 3138 2331 μονῆς
3176 2261 3302 2332 τῆς(
3332 2271 3658 2332 Κεχαριτω-

2124 2330 2336 2396 μένης,
2372 2329 2483 2382 καὶ.
2507 2330 2660 2385 ὅπου
2698 2329 2963 2386 ἕκαστοώ⁸
3006 2329 3245 2402 65:811ch
3266 2329 3656 2405 ἂποέὲθῆναι.

2143 2439 2295 2494 Ἐπεὶ
2321 2440 2378 2493 δὲ
2407 2441 2502 2495 xui
2534 2442 2659 2513 τρία
2690 2443 2897 2497 τυπικὰ
2931 2447 3191 2512 γεγόνασι
3221 2446 3498 2518 σωματιῖια
3524 2453 3656 2519 παρ’

2060 2526 2239 2595 ήμῶν,
2291 2527 2401 2580 ἀπὸ
2464 2528 2731 2598 βλαττίων
2805 2533 2919 2601 (Οὔ)
2969 2533 3326 2602 ἐνδεδυμένα,
3379 2539 3473 2589 xui
3528 2539 3657 2610 τρία

2060 2616 2253 2687 βρέϐια
2282 2619 2416 2688 (96).
2453 2621 2551 2674 σὺν
2601 2622 2681 2692 τῷ
2726 2626 2955 2693 παρόντι
3003 2625 3249 2695 δηλονότι
3298 2629 3519 2700 τυπικῷ
3557 2631 3651 2684 xui

2057 2708 2137 2779 τῷ
2188 2708 2394 2782 βρεόίῳ
2444 2712 2552 2765 τῶν
2596 2716 2663 2786 τῇ
2722 2718 2859 2786 μονῇ
2916 2717 3339 2787 ἀφιερωθέντων
3390 2722 3649 2775 πάντων·

2058 2802 2410 2873 διοριζόμεθα
2443 2806 2509 2859 τὰ
2552 2806 2650 2877 μὲν
2674 2807 2769 2861 δύο
2797 2809 3025 2873 τούτων,
3056 2810 3225 2880 ἤγουν
3252 2811 3312 2864 τό
3337 2829 3397 2865 τε
3421 2812 3653 2866 τυπικδν

2059 2896 2156 2949 xui
2188 2897 2249 2949 τ’»
2282 2896 2525 2969 βρέὸιον,
2561 2899 2639 2970 τῷ
2669 2900 2799 2971 θείῳ
2830 2903 2924 2955 xui
2954 2902 3140 2973 ἁσύλῳ
3169 2904 3265 2957 xui
3300 2906 3435 2977 ἱερῷ
3463 2923 3657 2960 σκευο-

2060 2986 2308 3059 φυλακίῳ
2338 2989 2438 3058 τῆς
2469 2990 2563 3043 τοῦ
2611 2991 2746 3044 Θεοῦ
2778 2993 3041 3063 Μεγάλης
3090 2995 3419 3065 Ἐκκλησίας
3457 2999 3655 3051 ἀποτε-

2059 3080 2237 3151 θῆναι,
2274 3079 2464 3151 ὥσπερ
2499 3083 2593 3135 xui
2625 3082 2758 3136 ὅπου
2805 3084 2900 3136 xui
2942 3085 3007 3137 τὰ
3050 3086 3149 3154 τῆς
3189 3085 3436 3155 ἀνδρῴας
3483 3092 3653 3155 μονῆς

2056 3170 2153 3225 τοῦ
2180 3171 2568 3242 Φιλανθρώπου
2602 3174 2738 3244 (97),
2785 3175 2954 3243 ήγουν
2988 3175 3050 3226 τό
3093 3166 3423 3228 ἰε’τυπικὸν
3461 3177 3556 3228 καὶ
3589 3177 3651 3229 τὸ

370 3264 431 3310 ιιι
463 3254 779 3310 indelebilia
815 3254 870 3335 in
904 3268 1069 3309 omne
1103 3254 1365 3309 saeculum
1405 3264 1614 3321 essent,
1647 3271 1769 3327 quae
1803 3272 1833 3311 a
1865 3273 1955 3313 uo-

2062 3264 2314 3335 βρέϐιον·
2358 3264 2433 3327 ὡς
2481 3263 2844 3328 ἀνεξάλειπτα
2896 3259 3033 3317 εἶναι
3083 3267 3163 3327 εἰς
3205 3264 3297 3316 τὸν
3345 3265 3518 3319 αίῶνα
3557 3268 3650 3320 τὸν

369 3349 456 3404 his
484 3347 541 3402 in
579 3348 673 3401 illo
701 3334 849 3402 circa
883 3344 1285 3401 monasterium
1326 3345 1709 3419 Philantbropi
1746 3356 1949 3406 statuta

370 3448 522 3506 sunt,
573 3446 631 3494 et
664 3452 789 3507 quae
823 3436 903 3491 illi
954 3436 1227 3508 assignata
1274 3446 1424 3492 sunt.
1472 3437 1658 3494 Altera
1692 3440 1803 3497 duo
1839 3442 1950 3496 sint

371 3532 519 3604 apud
548 3529 925 3602 quorumlibet
959 3537 1270 3600 temporum
1304 3532 1626 3587 monasterii
1665 3541 1946 3605 patronas,

371 3633 434 3682 ut
471 3630 788 3680 accuratam
818 3621 1039 3676 illorum
1064 3620 1317 3676 notitiam
1349 3620 1607 3689 habeant,
1634 3639 1755 3694 quae
1786 3641 1814 3679 a
1848 3640 1950 3680 no-

370 3716 460 3771 bis
482 3717 536 3771 in
569 3715 678 3770 illis
707 3722 910 3771 statuta
943 3721 1094 3770 sunt.
1121 3713 1240 3769 Alia
1285 3730 1419 3770 vero
1453 3714 1585 3782 duo,
1621 3717 1860 3788 typicum
1893 3728 1950 3773 et

374 3805 722 3860 breviculum
748 3813 1088 3874 reponantur
1114 3802 1169 3856 in
1201 3803 1444 3859 sacrario
1469 3807 1787 3862 monasterii
1815 3805 1951 3863 Gra-

372 3898 674 3968 tia-pleuze.
710 3896 882 3951 Porro
916 3895 1008 3949 alii
1058 3895 1169 3949 dun
1209 3895 1363 3962 libri,
1387 3911 1624 3966 quorum
1651 3915 1795 3955 unus
1828 3899 1951 3970 qui-

369 3993 493 4047 dem
543 3991 596 4045 in
635 3989 823 4062 typici,
877 3989 1016 4044 alter
1071 4001 1207 4042 vero
1260 3988 1316 4043 in
1370 3988 1639 4046 breviculi
1692 3990 1948 4047 ordinem

367 4090 624 4138 exaratus
648 4091 751 4145 est,
787 4080 950 4135 ambo
999 4078 1335 4151 bambyciui,
1391 4080 1717 4149 quotidiano
1754 4099 1948 4138 mona-

369 4174 521 4230 sterii
557 4174 678 4228 usui
712 4173 1037 4228 inserviant.

884 4380 1111 4438 CAPUT
1152 4380 1434 4437 LXXVIII.

595 4475 967 4528 Adhortaloria
1000 4477 1287 4544 parmuesis
1323 4475 1394 4529 ad
1429 4476 1733 4531 monachas.

443 4592 566 4648 llaec
588 4593 769 4661 itaque
790 4591 996 4646 fuerint
1020 4607 1140 4661 qua:
1163 4591 1394 4661 imperio
1423 4606 1545 4646 meo
1571 4592 1769 4660 placita
1795 4601 1945 4653 sunt.
1978 4621 2030 4683 Β

370 4684 532 4740 liceat
560 4683 767 4746 dicere,
805 4681 917 4736 Deo
952 4681 1142 4748 etiam,
1175 4691 1233 4737 et
1266 4680 1627 4754 sanctissimae
1657 4696 1791 4737 mete
1823 4682 1950 4736 Dei-

2060 3358 2303 3424 ἃπαντα,
2334 3358 2402 3411 τὰ
2430 3354 2563 3425 παρ’
2588 3355 2744 3424 ήμῶν
2768 3356 2827 3408 ἐν
2863 3354 3041 3427 τούτῳ
3071 3357 3197 3427 περὶ
3232 3358 3329 3425 τῆς
3362 3362 3530 3429 μονῆς
3554 3358 3646 3412 τοῦ

2056 3453 2451 3523 Φιλανθρὼπου
2478 3447 2845 3519 διορισθέντα,
2874 3448 3057 3503 καὶτὰ
3086 3450 3454 3518 ἀφορισθέντα
3480 3453 3645 3523 αὖτῇο

2058 3544 2223 3614 ἔτερα
2249 3543 2305 3598 δὲ
2342 3541 2435 3594 δύο
2463 3537 2604 3592 εἶναι
2637 3539 2789 3611 παρὰ
2817 3542 2941 3603 ταῖς
2977 3543 3121 3596 κατὰ
3155 3543 3380 3612 καιροὺς
3414 3543 3515 3610 τῆς
3550 3562 3649 3611 μο-

2058 3639 2154 3705 νῆς
2201 3631 2790 3703 ἀντιλαμϐανομέναις.
2848 3632 2924 3697 ὡς
2980 3634 3188 3706 εἴδησιν
3245 3637 3389 3707 ἔχειν
3442 3638 3643 3709 ἀκριϐῆ

2061 3727 2166 3781 τῶν
2202 3726 2333 3795 παρ’
2368 3725 2526 3794 ἡμῶν
2555 3728 2611 3778 ὲν
2643 3728 2854 3788 τούτοις
2881 3725 3278 3796 διωρισμένων.
3316 3729 3394 3783 Τὰ
3425 3730 3470 3783 δ’
3507 3732 3645 3785 ἄλλα

2057 3817 2171 3882 δύο,
2208 3816 2269 3867 τό
2301 3831 2358 3867 τε
2401 3815 2631 3867 τυπικὺν
2672 3815 2768 3868 xui
2814 3816 2874 3867 τὸ
2906 3815 3126 3886 βρέϐιον
3165 3818 3551 3873 ἐναποκεῖσθαι
3584 3823 3644 3872 ὲν

2057 3907 2134 3977 τῷ
2169 3905 2585 3975 σκευοφυλακξῳ
2606 3906 2703 3975 τῆς
2732 3906 2901 3984 μονῆς
2924 3908 3021 3977 τῆς
3044 3910 3535 3981 Κεχαριτωμένης.
3562 3913 3641 3965 Τὰ

2060 4001 2246 4068 μέντοι
2267 3996 2429 4068 ἕτερα
2458 3996 2551 4049 δύο
2573 3996 2759 4066 τεύχη,
2791 3989 2952 4050 ὧνθτὸ
2984 3997 3085 4069 μὲν
3114 4000 3193 4062 εἰς
3224 4001 3459 4054 τυπικοῦ
3487 4001 3641 4066 τάξιν

2056 4092 2268 4159 γέγονε,
2296 4090 2356 4145 τὸ
2378 4091 2431 4143 δὲ
2462 4090 2651 4160 ἕτερον
2685 4091 2764 4152 είς
2797 4090 3037 4161 βρεϐίου,
3068 4092 3380 4163 βαμϐύκινα
3405 4095 3514 4165 (98)
3547 4097 3639 4148 xui

2057 4181 2347 4252 ἀμφότερα
2381 4180 2511 4233 ὅντα
2544 4182 2622 4245 είς
2654 4179 3036 4254 καθημερινὴν
3075 4183 3272 4255 χρῆσιν
3308 4183 3519 4239 ἔσονται
3546 4186 3641 4239 xui

2058 4273 2196 4327 αὐτὰ
2224 4277 2290 4344 τῇ
2334 4277 2493 4345 μονῇ.

2640 4388 2892 4442 ΚΕΦΑΔ.
2928 4386 3057 4442 ΟΗ’.

2130 4479 2557 4550 Παρακλητικὴ
2586 4495 2691 4548 aa;
2707 4482 2940 4548 αἰνεσις
2967 4482 3119 4548 πρὸς
3149 4481 3254 4547 τὰς
3278 4481 3570 4553 μοναχὰς.

2131 4596 2313 4648 Ἔστω
2347 4596 2446 4665 μὲν
2478 4594 2569 4649 οὖν
2592 4597 2763 4650 ταῦτα
2790 4597 2894 4649 ὅσα
2912 4611 2976 4662 γε
3006 4597 3071 4666 τῇ
3105 4594 3353 4668 βασιλείᾳ
3386 4614 3487 4667 μου
3510 4596 3636 4665 βου-

2060 4685 2230 4758 λητά’
2265 4687 2351 4757 εἴη
2381 4686 2434 4739 δὲ
2466 4688 2639 4742 εἰπεῖν
2671 4688 2764 4740 καὶ
2796 4687 2872 4758 τῷ
2902 4685 3022 4757 Θεῷ
3053 4688 3414 4753 εὐαπόδεκτι,
3451 4691 3543 4743 xui
3570 4692 3635 4758 τῇ

1608 4839 2076 4906 Montfauconii
2127 4853 2314 4906 notua.

449 4996 563 5065 (95)
591 4995 909 5061 Βλάττιον,
937 5011 1004 5050 ex
1036 4996 1254 5053 erudito
1281 4996 1465 5053 Goaro
1490 4995 1544 5050 in
1582 4995 1737 5050 Notis
1757 4994 1825 5051 ad
1852 4996 1956 5052 Ce-

373 5068 610 5137 drenum
641 5065 793 5137 etad
820 5065 1220 5137 Codinum,est
1251 5080 1465 5137 pannus
1504 5065 1734 5137 sericus.

445 5136 555 5205 (96)
609 5135 840 5201 Βρέϐια.
879 5135 1055 5257 Ηυέιιε
1084 5134 1689 5203 vocis—explicationem
1734 5150 1799 5188 ex
1861 5134 1948 5190 his

445 5206 561 5257 rbis
612 5206 841 5257 accine:
884 5206 947 5257 BI.
988 5207 1076 5257 λία
1126 5210 1182 5257 ἐς
1227 5207 1392 5257 μέσον
1417 5246 1430 5257 .
1464 5240 1479 5255 .
1515 5239 1531 5257 .
1566 5205 1942 5257 προύτίθεντο.

370 5206 561 5262 verbis
612 5206 799 5274 accipe
829 5225 841 5258 :
884 5205 1076 5258 Βιϐλία
1126 5210 1182 5268 ἐς
1226 5207 1392 5274 μέσον
1417 5246 1430 5260 .
1462 5240 1479 5274 _.
1515 5239 1531 5257 .
1566 5205 1942 5274 προύτίθεντο,

374 5276 569 5349 βρέὸια
601 5268 832 5349 ταῦτάᾼή
874 5276 1162 5349 συνήθεια
1212 5268 1321 5349 οἶδε
1386 5268 1672 5349 κα).εζν,ἒν
1704 5268 1784 5349 οἷς
1812 5276 1944 5349 uva.-

371 5344 643 5417 γράφεται
677 5348 747 5417 τᾷ
781 5344 843 5417 ὲν
867 5344 1086 5417 ἑκάστῳ
1117 5345 1339 5417 τεμένει
1376 5344 1660 5417 κειμήλια.
1690 5345 1941 5417 Αιεαῖὶίιιι.

372 5414 562 5472 nam.
601 5415 804 5483 Βρέὁια
832 5416 1002 5485 igitur
1036 5430 1131 5469 seu
1191 5414 1670 5485 hrevicularerant
1722 5416 1944 5469 codices

374 5489 428 5542 in
456 5487 658 5556 quibus
679 5484 1037 5540 rei-Iesiarum
1073 5485 1287 5556 cimolia
1323 5484 1799 5556 describebantnr.

443 5554 557 5624 (97)
585 5556 660 5610 De
694 5556 800 5610 hoc
831 5555 1166 5609 monasterio
1200 5556 1313 5609 luec
1336 5556 1387 5609 in
1428 5554 1641 5607 Menazis
1670 5556 1737 5606 ad
1788 5571 1942 5609 com-

373 5627 832 5683 memorationem
894 5625 1079 5678 lrenes
1122 5625 1378 5696 Augusta:
1432 5625 1508 5696 15A
1547 5625 1777 5693 Augusti
1812 5648 1824 5680 :
1860 5626 1938 5696 Τῇ

384 5701 519 5766 αὑτῇ
545 5698 749 5766 ἡμέρᾳ,
788 5698 977 5764 μνήμη
1008 5697 1106 5764 τῆς
1142 5694 1388 5763 ἀοιδίμου
1426 5694 1522 5747 xui
1569 5695 1940 5764 παμμακαρί·

384 5714 519 5766 αυτῃ
545 5714 749 5815 ημερςῗ,
788 5714 977 5764 μνήμη
1008 5714 1106 5764 της
1142 5714 1388 5763 αοιοιμου
1426 5714 1522 5747 και
1569 5714 1939 5764 παμμακαρι-

375 5784 501 5820 στου
539 5767 885 5833 pasti-3013;,
922 5766 1014 5835 xui
1051 5768 1419 5835 κτητορίσσης
1474 5766 1570 5832 τῆς
1631 5767 1939 5835 σξὸασμίας

375 5837 543 5907 μονῆς
566 5835 658 5887 τοῦ
694 5833 1417 5907 παντοκράτοροςΣωτῆρος
1460 5833 1721 5905 Χριστοῦ,
1765 5836 1936 5907 Εἰρή-

2064 5016 2183 5067 νης,
2215 5000 2319 5066 τῆς
2374 4996 2465 5050 διὰ
2492 4996 2588 5050 τοῦ
2653 4998 2812 5065 ἁγίου
2859 4997 2953 5051 xui
2991 4995 3287 5067 ἀγγελικοῦ
3351 4997 3631 5067 σχήματος

2063 5066 2566 5138 μετονομασθείσης
2596 5067 2766 5136 Ξένης
2791 5068 3053 5137 μοναχῆς.
3083 5066 3355 5138 Incertum
3386 5066 3496 5123 est
3537 5086 3631 5123 au-

2058 5147 2191 5200 tem,
2227 5146 2415 5191 utrum
2450 5137 2554 5191 hoc
2608 5138 2993 5207 Pliilanthropi
3024 5137 3443 5200 monasterium,
3499 5138 3631 5193 illud

2055 5210 2233 5277 ipsum
2259 5210 2492 5277 sitquod
2523 5208 2591 5262 ab
2605 5208 2795 5263 Alexio
2816 5208 3098 5263 Conmeno
3124 5216 3470 5261 exstructum
3523 5223 3628 5272 esi,

2053 5278 2158 5333 sub
2184 5279 2242 5333 S.
2291 5279 2567 5332 Pachumii
2606 5279 2833 5348 Regula.
2869 5287 2931 5332 ut
2987 5286 3174 5348 narrat
3224 5277 3446 5332 Nicetas
3491 5279 3627 5334 Cho-

2054 5349 2229 5403 niates
2264 5349 2447 5416 :quod
2488 5348 2555 5401 ad
2595 5346 2927 5417 quingentos
2960 5346 3263 5401 monachos
3315 5349 3630 5406 excrevisse

2056 5417 2222 5489 refert
2248 5418 2541 5471 Anselmus
2568 5417 3075 5489 Ilavelshergeusis.

2126 5488 2236 5557 (98)
2282 5491 2645 5557 Βαμϐὑκινα.
2703 5486 3239 5556 ΑΙίειε’βαμ6ἁκινα,
3280 5492 3364 5545 vel
3419 5490 3618 5559 βομόύο

2052 5575 2200 5630 xtvu,
2227 5574 2291 5610 ex
2322 5563 2371 5612 vi
2401 5559 2641 5613 nominis
2663 5561 2922 5630 videntur
2944 5574 3064 5630 esse
3080 5559 3286 5617 charta:
3305 5578 3372 5617 ex
3389 5564 3623 5630 quadam

2049 5627 2328 5701 lanugine,
2351 5645 2472 5699 quae
2503 5630 2690 5701 Graece
2719 5628 2958 5700 βάμὸαξ.
2986 5628 3105 5701 Lat.
3131 5627 3441 5701 gossipiuui,
3468 5633 3618 5701 vulgi

2048 5705 2235 5771 toto".
2252 5700 2306 5751 Et
2326 5699 2671 5753 uditissimus
2696 5699 2875 5754 tamen
2890 5699 3619 5771 ϐριιείειέβαμὸύκιναρυιέιί

2047 5783 2169 5823 esse
2193 5770 2412 5824 chartas
2442 5785 2503 5821 rx
2531 5773 2729 5838 pannis
2762 5771 3044 5825 veteribus
3073 5778 3374 5834 coniectas,
3416 5790 3479 5825 ex
3516 5789 3620 5825 ma-

2049 5839 2187 5893 teria
2220 5854 2416 5909 nempe
2441 5855 2563 5909 qua:
2594 5840 2767 5910 priori
2799 5858 2904 5896 non
2943 5843 3173 5896 multum
3218 5845 3486 5898 absimils
3515 5856 3622 5896 est.
