4064 6412
358 353 505 418 1105

1829 344 2191 409 TYPICUM.

3503 339 3652 401 Ῑιοσ

358 470 645 542 ὑπεραγίᾳ
702 486 804 539 μου
842 467 1093 536 Θεοτόκῳ
1146 468 1214 536 τῇ
1254 462 1695 536 κεχαριτωμένη,
1744 466 1838 516 καὶ
1887 464 1952 533 τῇ

2076 477 2203 517 iane
2234 461 2407 534 gratia
2447 461 2618 533 plena:
2640 468 2885 530 accepta,
2912 474 3034 530 quae
3062 466 3256 513 vestrm
3282 474 3502 529 quoque
3537 460 3645 514 uti-

353 563 605 636 ὠφελείᾳ
633 561 790 632 ὑμῶν
820 562 921 614 οὐκ
970 561 1126 628 ὀλίγα
1153 559 1558 611 λυσιτελοῦντα.
1621 557 1781 627 Ὑμῖν
1811 555 1867 608 δέ
1894 556 1954 608 τὸ

356 656 494 724 ἑξῆς
531 654 759 727 μελήσει
792 652 1028 722 φυλάξαι
1074 650 1515 721 ἀπαράοραυστα
1544 666 1601 702 τε
1628 651 1722 703 καὶ
1754 649 1955 719 ἀπερι-

354 749 565 819 ποίητα
619 747 782 816 μέχρι
821 746 1056 807 παντός·
1109 744 1253 812 λέγω
1308 744 1372 811 δὴ
1412 742 1471 795 τὸ
1528 742 1955 813 ἁπαραλείπτως

354 842 465 914 τὴν
496 841 899 911 παραδοθεῖσαν
930 838 1060 909 ὑμῖν
1106 835 1426 889 ἀκολουθίαν
1475 835 1717 888 ἐκτελεῖν
1758 837 1816 889 ἐν
1848 835 1956 888 πά-

357 948 491 993 σαις
522 931 644 993 ταῖς
675 928 926 995 συνάξεσι
952 943 967 958 ο
1004 927 1066 979 τὸ
1105 926 1397 996 φυλάττειν
1448 927 1632 978 πίστιν
1670 928 1762 979 καὶ
1791 925 1956 996 τιμὴν

352 1025 471 1094 τὴν
498 1024 850 1092 ἁρμόζουσαν
871 1023 989 1083 ταῖς
1017 1017 1395 1089 προεστώσαις
1420 1017 1576 1084 ὑμῶν
1597 1034 1611 1049 ·
1637 1019 1695 1070 τὸ
1719 1018 1957 1089 ἀλλήλας

354 1117 617 1186 ἀγαπᾷν,
647 1116 740 1169 καὶ
771 1112 1095 1176 σπουδάζειν
1139 1113 1379 1182 ἑκάστην
1427 1112 1664 1183 ἑκάστης
1698 1112 1956 1183 προέχε.ν

357 1213 430 1263 ὲν
476 1204 914 1278 μετριοφροσύνῃ
936 1220 949 1236 ’
988 1206 1288 1274 συμπονεῖν
1314 1203 1370 1258 δέ
1394 1204 1577 1267 πάσας
1609 1203 1865 1276 ἀλλήλαις
1901 1208 1957 1257 ἐν

358 1302 541 1353 πᾶσιν
571 1300 646 1363 ὡς
680 1298 801 1361 ἐνὸς
829 1297 964 1367 μέλη
996 1296 1271 1365 σώματος,
1309 1298 1405 1349 καὶ
1435 1296 1505 1348 τὰ
1533 1295 1778 1366 ἀλλήλων
1824 1298 1958 1350 ἀνα-

361 1389 618 1461 πληροῦν
663 1390 1051 1457 ὑστερήματα·
1101 1386 1175 1457 μὴ
1228 1386 1364 1457 πρὸς
1402 1386 1552 1457 ἕρεις
1598 1388 1814 1457 ὁρμᾷν,
1881 1388 1956 1456 μὴ

364 1483 511 1554 πρὸς
543 1482 725 1551 φιλίας
779 1481 1069 1550 ἀπρεπεῖς,
1106 1480 1198 1531 καὶ
1247 1479 1675 1547 παρχσυνὰξεις,
1720 1481 1811 1532 καὶ
1844 1480 1959 1549 axi-

368 1591 595 1645 σματαο
656 1572 959 1644 ἀπέχεσθαι
1015 1570 1518 1642 πρωτοκαθεδρίας,
1579 1574 1674 1625 καὶ
1715 1572 1822 1625 τῶν
1869 1590 1960 1625 κο-

372 1665 592 1736 σμικῶν
649 1667 1039 1735 προτιμήσεων
1091 1679 1105 1693 ο
1140 1662 1278 1732 πρὸς
1330 1662 1388 1715 ἒν
1431 1662 1488 1715 δέ
1525 1663 1688 1732 μόνον
1734 1664 1866 1733 ὀρᾷν
1902 1663 1961 1716 τὸ

371 1755 651 1824 ἐναρέτως
683 1752 784 1825 ζῇν
816 1754 1059 1823 δηλονότι
1097 1754 1189 1807 καὶ
1219 1742 1633 1815 πολιτεύεσθαι,
1664 1757 1757 1809 καὶ
1791 1757 1959 1825 μηδὲν

374 1849 527 1913 ἄλλο,
558 1849 606 1900 εί
649 1846 899 1910 δυνατὸν,
933 1847 1215 1909 ἀναπνεῖν,
1265 1847 1297 1917 ἢ
1332 1847 1490 1915 λόγον
1528 1851 1814 1917 σωτήριον,
1868 1851 1958 1902 καὶ

383 1940 494 1992 πᾶν
524 1938 585 1991 τὸ
616 1939 695 2002 είς
718 1937 1012 2009 οἰκοδομὴν
1039 1938 1306 2007 τυγχάνον
1330 1939 1509 2007 ψυχῆς
1541 1940 1634 1991 καὶ
1669 1938 1960 2007 ὠφέλειαν·

382 2033 519 2102 πρὸς
546 2030 755 2094 τούτοις
786 2030 1051 2101 ἐξορίζειν
1081 2031 1175 2098 ἀφ’
1214 2031 1371 2099 ὑμῶν
1405 2031 1626 2085 πάντων
1650 2033 1755 2085 τῶν
1778 2034 1966 2086 κακῶν

379 2127 481 2195 τὴν
511 2126 714 2196 πηγὴν,
743 2125 843 2196 τὴν
882 2125 1321 2196 φιλοχρηματίαν
1368 2126 1534 2193 λέγω,
1571 2127 1664 2179 καὶ
1694 2127 1753 2181 τὸ
1789 2145 1966 2197 παρα-

376 2216 688 2287 κερδαίνειν
713 2218 821 2271 ἀπὸ
852 2217 951 2286 τῆς
976 2217 1170 2287 μονῆς,
1202 2217 1234 2289 ἢ
1280 2218 1469 2288 ἐτέρου
1507 2218 1600 2271 τοῦ
1638 2219 1968 2290 οἱουδήτινος

375 2308 608 2378 τρόπου,
646 2309 738 2359 καὶ
759 2306 1075 2360 ἀποτιθένσι
1103 2309 1196 2359 καὶ
1219 2306 1578 2380 θησαυρίζειν
1605 2309 1733 2380 ἄχρι
1757 2309 1966 2364 καὶτοῦ

373 2405 656 2472 τυχόντος,
693 2401 752 2453 ἐν
779 2393 822 2468 ᾧ
863 2398 939 2470 μὴ
977 2400 1274 2470 ηὑίόκησεν
1309 2401 1341 2471 ἡ
1379 2402 1724 2471 προεστῶσα,
1759 2403 1897 2472 μήτε
1940 2405 1970 2456 ὁ

380 2493 554 2557 δοθεὶς
602 2493 732 2562 ὑμῖν
777 2491 971 2546 Κανὼν
1002 2491 1404 2563 συνεχώρησεν.
1457 2493 1532 2546 Οὐ
1566 2494 1672 2564 μὴν
1704 2493 1820 2547 ἀλλ’
1860 2494 1970 2548 οὐδ’

382 2584 439 2649 ἐξ
467 2584 754 2655 ἀμελείας,
786 2584 821 2655 ἡ
876 2601 1023 2647 τινος
1053 2585 1245 2656 ἐτέρας
1292 2588 1754 2655 καταφρονήσεως
1787 2588 1883 2657 ἐᾷν
1915 2604 1969 2639 τι

380 2678 492 2729 τῶν
526 2676 627 2746 τῆς
666 2677 833 2747 μονῆς
862 2676 1338 2751 παραπόλλυσθαι.
1376 2675 1522 2729 Ἷσον
1546 2677 1653 2747 γὰρ
1680 2679 1773 2731 καὶ
1810 2677 1971 2732 τοῦτο

382 2768 464 2839 τῷ
489 2770 763 2841 προτέρῳ,
818 2770 921 2824 κᾶν
980 2788 1031 2823 τι
1062 2770 1345 2842 διαφέρειν
1381 2771 1535 2842 δοκῇ,
1584 2773 1678 2825 καὶ
1718 2774 1811 2842 τῆς
1847 2773 1969 2844 ίσης

386 2862 583 2934 ἐνοχῆς
615 2863 767 2930 παρὰ
793 2863 871 2933 τῷ
898 2862 1017 2934 Θεῷ
1046 2863 1304 2934 πρόξενον
1332 2879 1345 2894 '
1373 2864 1471 2935 τὴν
1504 2866 1817 2937 παρρησίαν
1874 2869 1971 2940 ὅση

382 2955 616 3027 δύναμις
647 2955 965 3025 ἐκκοπτέον,
989 2957 1080 3009 καί
1118 2955 1203 3009 ἵνα
1236 2956 1472 3009 συνελὼν
1505 2959 1661 3022 εἴπω,
1700 2960 1808 3012 πᾶν
1841 2959 1868 3013 ὃ
1896 2962 1973 3033 μὴ

386 3050 473 3121 εἴη
502 3049 638 3120 πρὸς
681 3049 957 3119 σωτηρίαν
986 3049 1216 3121 δδηγοῦν
1250 3049 1592 3104 ἐκδιωκτέον.

458 3234 552 3306 Μὴ
578 3230 692 3300 οὖν,
730 3228 775 3288 ὧ
803 3232 1131 3304 τιμιώταταί
1171 3251 1275 3304 μου
1310 3236 1565 3307 μητέρες,
1605 3237 1871 3310 μηδάμῶς
1904 3244 1973 3298 τὰ

389 3327 698 3397 βλάπτοντα
726 3327 1181 3396 προτιμήσωμεν,
1206 3327 1273 3380 τα
1308 3328 1363 3381 δὲ
1396 3328 1645 3392 σώζοντα
1688 3334 1974 3404 παραδρά-

392 3434 607 3488 μωμεν.
635 3416 769 3470 Οὑδέ
805 3414 914 3487 γάρ
938 3433 991 3467 τι
1023 3414 1131 3468 τῶν
1163 3414 1581 3485 παραδοθέντων
1613 3417 1742 3487 ὑμῖν
1771 3421 1972 3476 ἀδύνα-

388 3530 503 3573 τον,
548 3511 583 3580 ἢ
617 3507 1081 3579 δυσκατόρθωτον.
1138 3507 1199 3560 Εἰ
1254 3507 1309 3561 δέ
1346 3507 1438 3560 καί
1485 3525 1538 3562 τι
1590 3509 1796 3566 τούτων
1845 3514 1975 3581 ἴσως

390 3602 633 3656 τοιοῦτον
665 3598 963 3671 νομίζοιτο,
989 3598 1106 3653 ἀλλ’
1130 3599 1555 3669 ἀγωνισώμεθα,
1586 3602 1705 3656 ἀλλ’
1745 3606 1977 3676 ὐπομεί·

396 3708 593 3760 νωμεν,
623 3690 761 3745 ἀλλὰ
783 3690 1238 3761 καρτερήσωμεν,
1264 3689 1518 3762 φέρωμεν
1546 3696 1829 3761 γενναίως,
1857 3698 1976 3769 βια-

406 3782 618 3853 σώμεθα
658 3785 856 3856 μικρὸν
888 3785 1109 3847 ἑαυτάς.
1141 3783 1216 3837 Οὐ
1251 3785 1359 3855 γὰρ
1396 3785 1637 3851 ἀνέσεως
1680 3789 1846 3846 ἕνεκα
1881 3793 1977 3847 καὶ

402 3877 603 3946 τρυφῆς
653 3881 745 3931 τὸν
776 3877 981 3947 κόσμον
1026 3876 1347 3931 κατελίπετε
1372 3917 1388 3942 ,
1439 3879 1576 3934 ἀλλὰ
1611 3883 1848 3954 σπουδῆς
1883 3887 1978 3940 καὶ

394 3969 624 4036 ἀγῶνος,
660 3969 721 4021 τὸ
766 3967 909 4022 κατὰ
942 3967 1196 4039 δύναμιν,
1232 3969 1370 4040 πρὸς
1425 3971 1487 4024 τὸ
1538 3977 1721 4045 τυχεῖν
1763 3977 1872 4029 τῶν
1918 3980 1977 4034 ἐν

395 4062 752 4131 ἐπαγγελίαις
778 4060 1020 4130 ἀγαθῶν.
1041 4061 1366 4133 Βιασώμεθα
1408 4063 1500 4118 οὖν
1530 4066 1751 4131 ἐαυτάς,
1779 4068 1978 4139 βιασώ-

398 4154 556 4223 μεθα.
602 4171 621 4205 ι
656 4152 858 4225 Βιαστὴ
894 4171 911 4204 ι
943 4153 1053 4225 γάρ
1094 4173 1112 4205 ι
1138 4156 1287 4208 ἐστιν
1319 4156 1352 4224 ἡ
1383 4156 1631 4225 βασιλεία
1666 4157 1774 4211 τῶν
1809 4160 1978 4231 οὐρα-

396 4247 524 4308 νῶν,
561 4247 658 4299 καὶ
686 4245 902 4317 βιασταὶ
945 4246 1290 4318 ἁρπάζουσιν
1321 4250 1515 4319 αὐτήν.
1556 4268 1574 4302 ι
1620 4251 1809 4316 Οὐδεὶς
1836 4255 1977 4325 ἁμε-

394 4338 505 4391 λῶν
526 4339 719 4403 ἔστησε
747 4340 1009 4409 τρόπαιον
1031 4355 1046 4369 ⁸
1076 4340 1254 4404 οὺδεὶς
1276 4341 1573 4396 ὑπνώττων
1596 4344 1692 4397 καὶ
1721 4346 1980 4417 ὀιιειρώτ·

396 4448 505 4484 των
558 4430 650 4484 τὸν
703 4430 897 4485 ἐαυτοῦ
948 4430 1209 4502 πολέμιον
1270 4432 1646 4503 ἐτροπώσατο.
1722 4435 1980 4492 Ἐκείνων

2060 555 2198 609 litati
2228 570 2336 609 non
2371 569 2564 625 parum
2605 555 2915 609 conferant.
2948 552 3204 605 Vestrum
3237 550 3343 605 erit
3381 550 3645 621 deinceps

2058 662 2122 702 ea
2169 662 2390 716 semper
2436 647 2690 709 infracta,
2733 653 2788 700 et
2817 632 2972 699 nullo
3023 642 3401 697 additamento
3446 642 3645 697 all‘ecta

2059 741 2341 797 custodire
2369 759 2383 800 :
2410 742 2535 796 dico
2565 750 2749 796 autem
2779 740 3039 794 traditum
3070 738 3223 792 vobis
3248 736 3490 791 omcium
3523 736 3646 791 sine

2061 836 2360 890 emissione
2393 836 2447 889 in
2480 834 2739 889 omnibus
2778 831 3146 888 conventibus
3180 830 3495 901 persolvere
3529 846 3541 883 :
3578 828 3644 880 ii-

2061 928 2184 983 dem
2238 936 2294 981 et
2341 927 2609 982 honorem
2656 903 2937 997 praefectis
2990 923 3192 978 vestris
3243 929 3644 992 congruentem

2061 1035 2283 1075 servare
2306 1035 2320 1084 ;
2345 1034 2445 1074 vos
2477 1018 2713 1074 invicem
2751 1033 2959 1081 amare,
2986 1027 3043 1071 ct
3072 1015 3295 1072 studere
3324 1021 3385 1068 ut
3415 1013 3645 1083 singulae

2060 1108 2295 1179 singulis
2324 1108 2596 1163 modestia
2637 1107 2909 1163 anteeatis
2944 1124 2956 1159 :
2992 1105 3359 1177 quasilttnius
3398 1102 3646 1172 corporis

2062 1200 2309 1255 membra
2340 1199 2396 1254 in
2442 1201 2702 1255 omnibus
2753 1214 2949 1254 omnes
3002 1198 3271 1252 auxilium
3307 1208 3500 1253 mutuo
3543 1196 3647 1250 im-

2060 1293 2326 1365 pendere,
2377 1301 2433 1348 et
2477 1293 2597 1347 alia:
2644 1291 2880 1346 aliarum
2932 1290 3185 1346 deiectus
3230 1290 3534 1361 supplere:
3577 1286 3646 1341 ad

2060 1385 2265 1456 iurgia,
2312 1385 2381 1441 ad
2431 1384 2756 1447 indecentes
2811 1384 3103 1448 amicitias,
3158 1383 3222 1437 ad
3275 1384 3648 1438 clandestinos

2064 1487 2392 1543 conventus,
2424 1486 2481 1533 et
2526 1478 2592 1532 ad
2636 1478 2863 1533 dissidia
2917 1491 3265 1546 nequaquam
3303 1473 3645 1546 procedere:

2064 1571 2343 1626 abstinere
2371 1586 2401 1625 a
2434 1570 2619 1626 studio
2656 1570 2858 1640 prioris
2886 1582 3202 1631 consessus,
3228 1577 3282 1621 et
3307 1581 3337 1620 a
3369 1562 3648 1621 saeculari-

2065 1667 2169 1721 bus
2210 1665 2619 1737 pra'rogativis;
2661 1674 2716 1718 et
2765 1663 2831 1717 ad
2883 1678 3052 1717 unum
3104 1661 3400 1732 respicere,
3450 1672 3648 1727 nempe

2066 1766 2127 1812 ut
2179 1759 2235 1813 in
2272 1759 2477 1813 virtute
2518 1757 2689 1812 vitam
2744 1755 3082 1828 transigatis,
3124 1762 3179 1809 et
3213 1753 3355 1807 nihil
3386 1750 3556 1814 aliud,
3601 1748 3649 1805 si

2070 1852 2187 1907 tieri
2226 1861 2451 1922 potest,
2487 1849 2775 1920 reapiretis
2822 1863 2987 1919 quam
3037 1845 3268 1901 verbum
3301 1845 3566 1908 salutare,
3595 1852 3653 1898 et

2068 1946 2442 2016 quodcunque
2484 1942 2553 1999 ad
2581 1942 2775 1998 animae
2812 1939 3234 1995 aediﬁcationem
3269 1946 3324 1993 et
3355 1936 3654 1993 utilitatem

2070 2038 2351 2094 conducit.
2374 2036 2456 2092 Ad
2482 2035 2602 2090 hzec
2631 2032 3002 2089 exterminare
3025 2046 3055 2085 a
3080 2029 3239 2085 vobis
3264 2027 3511 2084 omnium
3544 2040 3656 2081 ma-

2069 2133 2251 2187 lorum
2287 2131 2522 2194 fontem,
2557 2126 2809 2199 pecuniae
2855 2124 3216 2195 cupiditatem
3250 2120 3395 2187 dico,
3419 2108 3489 2175 ἐι
3530 2134 3656 2175 θοι-κ

2075 2222 2266 2278 didum
2296 2222 2544 2286 lucrum,
2581 2222 2619 2275 ἐ
2660 2216 2982 2273 monasterii
3016 2215 3208 2282 rebus,
3245 2222 3341 2269 aut
3368 2212 3479 2267 alio
3515 2226 3657 2283 quo-

2075 2315 2158 2370 vis
2191 2312 2357 2369 modo
2393 2312 2639 2375 factum;
2692 2326 2796 2366 nec
2828 2309 3129 2381 quidquam
3168 2305 3525 2378 quantumvis
3559 2303 3659 2358 mi-

2072 2408 2286 2463 nimum
2329 2405 2635 2461 recondere
2681 2412 2738 2459 et
2772 2401 3172 2464 thesaurizare,
3204 2397 3351 2469 quod
3388 2395 3660 2469 praetecta:

2074 2516 2188 2555 non
2216 2499 2461 2563 libuerit,
2484 2507 2541 2553 et
2573 2496 2778 2568 Regula
2801 2495 2962 2550 vobis
2995 2492 3193 2548 tradita
3223 2506 3334 2546 non
3364 2504 3658 2546 concesse-

2075 2592 2179 2659 rit;
2232 2591 2329 2647 sed
2378 2606 2479 2646 nec
2528 2590 2743 2645 incuria
2772 2597 2868 2644 aut
2894 2588 3002 2642 alio
3033 2586 3293 2659 quopiam
3330 2591 3657 2653 contemptu

2075 2683 2261 2739 sinere
2309 2681 2519 2752 aliquid
2557 2680 2881 2737 monasterii
2929 2679 3217 2750 deperire;
3259 2678 3469 2747 aequale
3508 2676 3661 2732 enim

2078 2775 2183 2830 hoc
2212 2784 2296 2829 est
2319 2773 2416 2828 illo
2441 2771 2644 2842 priori;
2673 2787 2737 2827 ac
2764 2771 2896 2826 licet
2924 2770 2977 2825 in
3007 2771 3193 2840 aliquo
3222 2768 3446 2824 diﬂ‘crre
3476 2766 3662 2823 vidca<

2080 2878 2187 2933 tur,
2226 2867 2344 2938 pari
2382 2876 2564 2921 tamen
2605 2880 2746 2920 noxa
2773 2863 2920 2935 apud
2956 2864 3127 2919 Deum
3159 2860 3496 2931 obstringit:
3526 2874 3664 2915 con~

2079 2961 2307 3018 ﬁdentia
2341 2968 2610 3032 quantum
2662 2957 2782 3013 ﬁeri
2831 2964 3015 3029 potest
3050 2955 3291 3011 arcenda
3337 2965 3441 3019 est,
3478 2962 3553 3017 et,
3608 2961 3664 3009 at

2079 3052 2392 3109 summatim
2430 3051 2630 3115 dicam,
2664 3048 2936 3120 quidquid
2968 3047 3036 3102 ad
3068 3047 3301 3102 salutem
3337 3061 3446 3100 non
3486 3043 3659 3105 ducit,

2078 3145 2502 3202 cﬁnnnandunn

2152 3238 2480 3296 Nullatenus
2533 3236 2722 3308 igitur,
2757 3231 3200 3289 honoratissimae
3247 3240 3454 3285 matres
3503 3244 3661 3293 mem,

2082 3346 2205 3401 qua:
2247 3335 2453 3384 nocent
2499 3326 2677 3399 pluris
2723 3325 3012 3389 iaciamus,
3048 3332 3103 3379 et
3141 3337 3264 3394 qua:
3308 3321 3375 3377 ad
3426 3322 3663 3377 salutem

2082 3422 2378 3478 conferunt
2405 3419 2916 3489 praetermittamus.
2944 3416 3095 3473 Nihil
3137 3416 3288 3471 cnim
3316 3430 3510 3471 eorum
3543 3428 3667 3483 qua:

2082 3516 2243 3572 vobis
2283 3513 2487 3571 tradita
2526 3520 2659 3568 sunt
2691 3508 3034 3582 impossibile
3074 3516 3160 3564 est
3188 3516 3284 3564 aut
3316 3506 3406 3562 ad'
3431 3522 3668 3562 exsecu-

2085 3609 2291 3664 tionem
2322 3606 2591 3673 arduum;
2627 3604 2674 3659 si
2707 3603 2843 3674 quid
2890 3617 3024 3659 vero
3074 3602 3298 3658 illorum
3349 3598 3669 3672 huiusmodi

2082 3700 2227 3756 forte
2258 3707 2570 3769 reputetur,
2606 3708 2662 3751 at
2686 3696 3060 3761 decertemus,
3092 3702 3149 3749 at
3182 3693 3575 3755 sustineamus,
3610 3701 3670 3747 at

2084 3806 2527 3863 perseveremus,
2570 3788 2815 3845 feramus
2846 3802 3135 3860 generose,
3182 3786 3470 3860 paululum
3507 3784 3669 3839 nobis

2087 3887 2221 3958 ipsis
2254 3886 2368 3945 vim
2424 3884 2747 3940 inferamus.
2804 3882 2927 3937 Non
2960 3881 3108 3935 enim
3162 3880 3525 3934 relaxationis
3573 3886 3669 3932 aut

2084 3970 2384 4049 voluptatis
2407 3992 2572 4033 causa
2602 3974 2870 4030 mundum
2898 3971 3338 4043 reliquistis,sed
3368 3970 3668 4041 diligentiae

2086 4080 2144 4127 et
2179 4070 2499 4126 certaminis
2538 4083 2640 4140 pro
2672 4067 2909 4131 viribus,
2943 4073 3004 4121 ut
3034 4064 3307 4136 promissa
3337 4063 3482 4118 bona
3512 4076 3668 4117 assc—

2087 4163 2360 4235 quamini.
2379 4163 2501 4220 Vim
2527 4162 2697 4234 igitur
2726 4160 2888 4217 nobis
2913 4158 3238 4226 inferamus,
3256 4157 3393 4222 vim,
3419 4157 3664 4226 inquam,

2087 4258 2411 4312 inferamus.
2459 4275 2477 4308 ι
2525 4256 2773 4326 Regnum
2818 4254 2967 4309 enim
2994 4251 3263 4309 caalorum
3297 4252 3409 4306 vim
3438 4249 3667 4320 patitur,

2087 4360 2145 4405 et
2172 4349 2400 4404 violenti
2434 4348 2662 4419 rapiunt
2692 4347 2829 4403 illud
2854 4348 2923 4401 ”.
2961 4365 2979 4398 ι
3007 4345 3203 4401 Nullus
3238 4343 3522 4415 negligens
3556 4350 3671 4397 tro-

2088 4440 2304 4510 phmum
2326 4441 2541 4495 erexit:
2566 4455 2729 4495 nemo
2754 4438 3039 4494 dormiens
3060 4447 3115 4493 et
3143 4435 3426 4493 somnians
3453 4435 3667 4490 hostem

396 4525 534 4575 εἰσὶν
564 4524 633 4591 οἱ⁸
661 4523 916 4592 στέφανοι
952 4523 1044 4576 καὶ
1078 4523 1145 4577 τὰ
1175 4527 1438 4596 τρόπαια,
1475 4526 1584 4579 τῶν
1634 4528 1971 4597 κοπιώντων,

2088 4547 2249 4589 suum
2280 4531 2616 4603 proﬂigavit.
2670 4532 2903 4588 Coronae
2946 4538 3003 4586 et
3053 4541 3255 4601 tropaea
3298 4528 3679 4584 laborantium:

395 4614 506 4666 τῶν
561 4612 1000 4683 ἀγωνιζομένων,
1048 4614 1160 4668 τῶν
1213 4616 1599 4686 ὑπομενόντων
1649 4620 1718 4673 τὰ
1760 4621 1827 4673 ἐκ
1873 4621 1985 4676 τῶν

398 4706 629 4775 ἀγώνων
678 4709 993 4779 πονήματα.
1030 4727 1048 4760 ι
1088 4709 1188 4763 Διὰ
1230 4710 1444 4764 πολλῶν
1479 4710 1733 4781 θλίψεων,
1763 4732 1782 4765 ι
1820 4714 1986 4785 φησὶν

398 4798 427 4849 ὁ
461 4797 686 4867 Κύριος,
747 4817 765 4849 ι
817 4797 900 4851 δεῖ
927 4800 1076 4869 ἡμᾶς
1124 4798 1390 4853 εἰσελθεῖν
1439 4801 1520 4864 εῖς
1563 4802 1664 4871 τὴν
1708 4802 1987 4871 βασιλείαν

399 4889 509 4943 τῶν
559 4890 826 4963 οὐρανῶν.
865 4909 885 4943 ι
953 4892 1147 4946 Τοίνυν
1204 4893 1511 4958 παρακαλῶ
1574 4894 1755 4959 πάσας
1814 4895 1981 4967 ὑμᾶς,

403 4982 570 5046 ἀξίως
600 4982 907 5054 πορεύθητε
940 4983 1043 5053 τῆς
1092 4984 1339 5056 κλήσεως
1380 4985 1555 5057 ὑμῶν.
1582 4989 1986 5059 Παραστήσατε

402 5076 470 5129 τὰ
498 5075 722 5146 σώματα
747 5078 901 5147 ὑμῶν
926 5077 1058 5146 ἆγια
1095 5078 1174 5147 τῷ
1199 5078 1388 5150 Κυρίῳ
1404 5095 1422 5112 ο
1446 5080 1700 5147 ἀγαπᾶτε
1729 5079 1983 5149 ἀλλήλας.

407 5187 426 5218 ι
443 5169 634 5232 Καλῶς
662 5169 886 5242 τρέχετε
914 5171 1005 5225 τὸν
1022 5172 1384 5244 προκείμενον
1412 5172 1539 5242 ὑμῖν
1574 5172 1784 5241 ἀγῶνα.
1810 5192 1827 5224 ι
1850 5173 1991 5227 Ὅσα

402 5262 566 5325 καλὰ,
596 5262 698 5317 ὅσα
754 5263 1001 5335 θεοφιλῆ,
1034 5262 1207 5319 ταῦτα
1257 5264 1577 5332 λογίζεσθε·
1628 5264 1665 5318 ἃ
1715 5266 1993 5336 ἠκούσατε

403 5353 502 5408 καὶ
530 5353 787 5423 ἐμάθετε,
819 5354 994 5408 ταῦτα
1042 5357 1219 5409 ποιεῖν
1256 5354 1331 5425 μὴ
1359 5354 1698 5425 ἀπόσχησθε,
1754 5357 1992 5427 μητέρες

404 5445 582 5511 ἅγιαι,
636 5445 665 5498 ὁ
715 5445 910 5516 καιρὸς
956 5446 1389 5517 συνεσταλμένος
1434 5447 1570 5513 ἐστὶ,
1618 5447 1991 5522 μνημονεύετε

403 5537 514 5589 τῶν
546 5536 735 5607 ψυχῶν
763 5536 940 5608 ὑμῶν,

490 5626 651 5682 Ἀλλά
680 5627 789 5700 γὰρ
842 5628 1201 5686 ἐπιλαθέσθαι
1252 5630 1409 5686 ἔοικα
1454 5630 1701 5703 ἐμαυτῆς
1755 5632 1984 5687 τοιαῦτα

2087 4636 2239 4693 sunt,
2272 4626 2630 4692 certantium,
2661 4636 2719 4681 et
2739 4624 3137 4682 sustinentium
3164 4623 3385 4677 labores
3409 4619 3669 4676 certami-

2089 4735 2249 4775 num.
2300 4738 2321 4771 ι
2374 4719 2481 4775 Per
2525 4719 2729 4775 multas
2785 4718 3204 4779 tribulationes,
3243 4713 3321 4768 ait
3378 4714 3667 4774 Dominus,

2088 4819 2310 4884 Oportet
2340 4827 2444 4866 nos
2470 4811 2678 4867 intrare
2709 4810 2763 4865 in
2790 4824 3015 4880 regnum
3041 4810 3306 4864 castorum
3332 4806 3398 4860 ³ο.
3428 4824 3451 4856 ι
3479 4804 3670 4872 Itaque

2092 4920 2194 4960 vos
2236 4917 2432 4958 omnes
2465 4902 2752 4966 adhortor,
2793 4920 2811 4952 ι
2850 4912 2910 4956 ιιι
2956 4899 3123 4971 digne
3156 4896 3455 4954 ambuletis
3505 4910 3671 4950 voca-

2093 4996 2245 5051 tione
2274 5003 2460 5050 vestra
2483 4994 2553 5048 ³¹.
2589 5012 2609 5046 ι
2654 4992 2925 5049 Exhibete
2959 5006 3194 5062 corpora
3244 4999 3427 5045 vestra
3481 4997 3670 5043 sancta

2094 5086 2368 5143 Domino:
2407 5104 2428 5138 ι
2466 5085 2613 5141 Bene
2658 5084 2868 5140 currite
2917 5083 3262 5155 prepositum
3302 5081 3463 5138 vobis
3495 5087 3675 5135 certa-

2088 5195 2217 5235 men
2249 5180 2315 5235 “.
2359 5197 2377 5230 ι
2405 5179 2761 5249 Quaecunque
2793 5178 2961 5244 bona,
2996 5193 3340 5248 quaecunque
3371 5177 3484 5231 Deo
3513 5188 3676 5229 acce-

2086 5279 2204 5342 pta,
2229 5272 2347 5328 haec
2378 5272 2618 5342 cogitate
2642 5292 2656 5327 :
2686 5289 2808 5343 quae
2828 5272 3120 5327 audivistis
3145 5281 3203 5326 et
3231 5269 3528 5331 didicistis,
3558 5265 3677 5319 hare

2087 5365 2316 5435 exsequi
2339 5382 2409 5420 ne
2438 5365 2915 5427 eessetis,sanct:e
2946 5374 3170 5428 matres,
3208 5381 3226 5415 ι
3267 5370 3483 5430 tempus
3507 5358 3675 5412 breve

2089 5464 2176 5511 est
2197 5455 2269 5523 ³⁸,
2307 5476 2325 5508 ι
2356 5464 2691 5511 mementote
2713 5456 3023 5511 animarum
3059 5464 3391 5509 vestrarum.

2165 5633 2273 5690 Sed
2315 5632 2487 5689 oblita
2560 5634 2667 5688 mei
2704 5632 2880 5704 ipsius
2907 5632 3121 5693 videor,
3182 5642 3302 5699 quae
3333 5641 3429 5682 vos
3486 5620 3677 5677 isthtee

475 5813 522 5845 ¹⁹
560 5809 754 5868 Matth.
781 5830 859 5881 τι,
893 5814 979 5870 12.
1062 5815 1107 5849 ³ο
1140 5814 1265 5873 Act.
1304 5832 1419 5886 xxv,
1442 5816 1533 5873 2|.
1612 5817 1652 5852 ³⁸
1687 5817 1890 5890 Ephes.
1926 5834 1971 5874 tv

2077 5859 2088 5872 .
2165 5819 2208 5852 ³¹
2243 5816 2411 5873 llebr.
2451 5834 2544 5884 xu,
2579 5817 2631 5874 l.
2713 5816 2757 5849 ³³
2790 5815 2812 5871 1
2849 5813 2977 5872 Cor.
3007 5828 3115 5879 vn,
3144 5810 3231 5865 20.
