4064 6416
409 320 435 383 1
456 320 550 383 1θῦ

1866 307 2224 373 TYPICUM.

3541 300 3687 367 1110

403 432 638 485 ἐλπίδων
668 447 792 499 μοι),
831 426 966 497 πρὸς
987 426 1087 489 τὰς
1120 423 1372 488 αἰωνίους
1406 423 1612 495 μετέϐη
1647 424 1875 494 σκηνὰς,
1900 423 1994 476 καὶ

2107 417 2384 488 sperabam
2414 426 2591 486 rapta,
2623 418 2689 470 ad
2713 425 2917 471 aeterna
2947 415 3304 471 tabernacula
3331 414 3686 483 transmigra-

400 521 475 595 ἦν
504 524 802 591 ἀναγκαῖον
850 522 909 575 τὸ
931 518 1273 590 διορίσασθαι
1303 518 1404 585 τὴν
1451 517 1728 585 βασιλείαν
1758 534 1859 586 μου
1894 516 1989 569 καὶ

401 620 504 672 ἐπὶ
532 618 745 678 τούτοις
770 614 832 669 τὸ
856 613 1049 667 δοκοῦν
1075 613 1213 683 αὐτῇ
1235 629 1247 640 ·
1280 610 1443 665 τοῦτο
1472 609 1536 681 δὴ
1568 611 1665 663 καὶ
1700 609 1859 672 ποιῶ,
1896 608 1992 662 καὶ

401 710 739 780 διορίζομαι,
774 709 862 761 ἵνα
896 708 1036 777 μετὰ
1081 705 1179 776 τὴν
1203 705 1344 775 ἐμὴν
1378 703 1474 757 τοῦ
1504 704 1630 773 τῇδε
1657 701 1773 771 βίου
1830 703 1995 773 μετά-

406 822 626 867 στασιν,
654 802 862 873 κατέχῃ
896 800 990 854 καὶ
1019 799 1252 869 νέμηται
1280 798 1311 868 ἡ
1335 796 1688 863 ποθεινοτάτη
1730 813 1828 865 μου
1862 812 1995 863 πορ-

407 893 818 965 φυρογέννητος
842 890 935 943 καὶ
971 889 1323 958 Καισάρισσα
1370 886 1512 957 κυρά
1544 887 1710 939 ’Λννα
1736 888 1894 955 ἀχρις
1926 884 1992 938 ἂν

400 988 478 1057 ζῇ
509 986 652 1041 κατά
673 986 735 1039 τὸ
761 983 1060 1046 ἀκώλυτον,
1087 982 1149 1034 οὐ
1182 980 1345 1050 μόνον
1374 980 1439 1033 τὰ
1468 980 1644 1033 πάντα
1675 977 1862 1033 κελλία
1894 979 1993 1031 αὑ-

404 1082 536 1150 τῆς,
571 1080 630 1132 ὲν
653 1075 735 1141 οἷς
761 1078 856 1130 καὶ
886 1075 1068 1145 ζώσης
1095 1071 1230 1145 ὲμοῦ
1259 1074 1357 1145 τὴν
1387 1072 1702 1143 καταμονὴν
1733 1073 1990 1133 ἐποιεῖτο,

405 1169 552 1223 ἀ).λά
574 1168 638 1238 δὴ
672 1169 767 1222 καὶ
787 1167 966 1219 πάντα
991 1167 1059 1218 τι
1088 1165 1146 1217 ἐν
1176 1166 1243 1234 τῇ
1283 1163 1716 1236 Κεχαριτωμένῃ
1761 1164 1997 1233 οἰκήμα-

407 1277 506 1322 τα,
535 1261 637 1313 ὅσα
668 1256 911 1327 δηλονότι
956 1256 1037 1317 είς
1068 1254 1262 1323 χρῆσ.ν
1295 1254 1543 1325 ὑπῆρχον
1585 1254 1683 1323 τῆς
1715 1252 1995 1322 βασιλείας

413 1370 543 1422 μου,
576 1351 672 1404 καὶ
711 1349 815 1403 τῶν
842 1350 1051 1404 παίδων
1078 1348 1173 1401 καὶ
1198 1347 1307 1400 τῶν
1338 1349 1665 1418 ὑποχειρίων
1705 1348 1863 1416 ήμῶν
1905 1349 1997 1401 ἀν-

406 1444 556 1513 δρῶν
599 1460 660 1497 τι
709 1442 802 1496 καὶ
847 1440 1146 1509 γυναικῶν,
1182 1442 1281 1494 σὺν
1315 1443 1382 1511 τῇ
1435 1440 1542 1506 ἔξω
1569 1440 1727 1510 αὐλῇ,
1777 1442 1843 1511 τῇ
1874 1442 1994 1493 κατ’

411 1535 631 1588 εὐθείαν
665 1534 893 1604 κειμένῃ
932 1533 1030 1603 τῆς
1079 1534 1229 1595 ἐντὸς
1259 1533 1429 1601 αὐλῆς
1470 1532 1579 1585 τῶν
1614 1531 1999 1586 πολυτελεστέ-

411 1642 525 1695 ρων
557 1625 893 1694 οἰκημάτων.
925 1626 1059 1695 Περὶ
1090 1626 1200 1695 γὰρ
1229 1626 1328 1693 τῆς
1353 1625 1523 1694 ἄλλης
1559 1624 1729 1694 αὐλῆς
1755 1625 1788 1695 ἣ
1820 1625 1998 1691 ἀμπε-

412 1717 523 1772 λών
544 1735 676 1772 ποτε
704 1718 1122 1789 χρηματίζουσα
1150 1722 1230 1782 είς
1250 1718 1420 1789 αὐλὴν
1456 1717 1829 1788 μετημείφθη,
1862 1734 1999 1787 κρα-

2096 509 2187 574 rit,
2222 517 2279 564 et
2311 524 2537 563 necesse
2571 508 2758 572 fuerit,
2790 518 2849 563 ut
2876 507 3172 578 imperium
3224 522 3404 561 meum
3459 507 3527 562 de
3573 507 3683 560 illis

2094 617 2313 673 quoque
2348 610 2635 664 statueret,
2659 602 2804 672 quod
2837 601 2942 656 sibi
2970 601 3148 654 visum
3175 609 3321 655 esset
3354 616 3368 652 :
3409 598 3460 653 id
3482 597 3678 657 cilicio.

2094 704 2149 748 et
2171 702 2352 767 statuo
2373 702 2431 747 ut
2458 702 2581 763 post
2622 708 2801 747 meum
2841 707 2909 747 ex
2937 692 3041 747 hac
3071 693 3182 746 vita
3231 691 3561 753 discessum,
3592 689 3681 743 di-

2095 785 2391 840 lectissime
2425 801 2541 840 mea
2575 786 3037 857 porphyrogenita
3061 796 3117 840 et
3147 783 3447 840 Czesarissa
3474 784 3678 839 domna

2095 878 2274 943 Anna,
2301 878 2455 931 nullo
2518 877 2776 933 obstante
2837 878 2928 932 illa
2974 877 3225 932 ohtineat
3287 884 3344 931 et
3406 875 3683 946 possideat

2095 971 2273 1026 donec
2305 971 2527 1040 vixerit,
2586 987 2696 1027 non
2738 972 2914 1026 solum
2965 987 3160 1026 omnes
3216 970 3382 1025 cellas
3425 985 3577 1032 suas,
3629 968 3686 1021 in

2095 1064 2320 1135 quibus,
2354 1080 2441 1119 me
2472 1079 2693 1135 quoque
2728 1065 2970 1131 vivente,
3030 1064 3354 1128 habitabat,
3391 1062 3487 1118 sed
3517 1062 3683 1117 etiam

2096 1154 2278 1209 omnia
2313 1168 2435 1223 qua:
2459 1153 2514 1208 in
2546 1154 3013 1210 Kecharitomene
3047 1168 3144 1209 seu
3177 1152 3559 1222 Gratia-plena
3591 1166 3687 1205 ex-

2097 1255 2244 1302 stant
2273 1246 2574 1309 domicilia,
2631 1262 2978 1317 quacunque
3035 1246 3296 1301 videlicet
3351 1245 3474 1300 usui
3529 1243 3687 1297 fuere

2098 1338 2367 1410 majestati
2399 1353 2554 1404 meae,
2589 1337 2849 1408 ﬁliisque,
2876 1349 2934 1393 et
2988 1338 3165 1394 servis
3193 1338 3418 1402 nostris,
3445 1336 3578 1391 \iris
3632 1343 3690 1390 et

2101 1431 2452 1497 mulieribus,
2491 1445 2619 1486 cum
2655 1431 2937 1486 exteriore
2964 1430 3113 1489 aula.
3173 1444 3297 1499 quae
3351 1430 3457 1484 sita
3524 1436 3612 1481 est
3657 1443 3689 1479 e

2101 1523 2324 1593 regione
2351 1522 2636 1578 interioris
2654 1523 2791 1578 aulae
2811 1522 3282 1591 sumptuosiorum
3301 1519 3523 1575 aedium.
3552 1519 3689 1573 Nam

2099 1614 2247 1684 quod
2285 1614 2353 1670 ad
2383 1615 2544 1668 aliam
2589 1614 2793 1680 aulam,
2827 1630 2949 1683 qua:
2980 1629 3104 1669 cum
3130 1614 3262 1667 olim
3289 1613 3447 1667 vinea
3471 1611 3687 1675 fuisset,

2103 1710 2158 1763 in
2188 1709 2370 1785 aulam
2402 1715 2613 1762 mutata
2642 1715 2747 1770 est,
2801 1706 3079 1760 obtinebit
3115 1703 3260 1775 quod
3296 1703 3495 1773 quovis
3547 1713 3691 1757 tem-

415 1808 572 1875 τήσει
599 1808 632 1875 ἡ
663 1806 793 1876 περὶ
818 1806 988 1872 αὐτῆς
1015 1809 1147 1875 παρ’
1171 1808 1307 1877 ἐμοῦ
1331 1810 1672 1878 γενησομένη
1703 1810 1995 1878 ὁτεδὴτιοτε

2107 1815 2234 1872 pore
2259 1799 2526 1870 scriptum
2559 1800 2706 1853 circa
2734 1796 2882 1852 illam
2908 1798 3191 1851 decretum
3221 1796 3379 1851 edam
3404 1814 3418 1850 :
3449 1809 3551 1849 nec
3572 1808 3686 1848 non

420 1895 693 1966 ἔγγραφος
718 1898 1035 1968 πρόσταξις.
1071 1900 1192 1952 Ἔτι
1217 1917 1282 1968 γε
1306 1901 1413 1971 μὴν
1446 1904 1542 1954 καὶ
1561 1905 1661 1973 τὴν
1693 1902 1995 1972 ἐκκλησίαν

422 1986 517 2039 τοῦ
541 1987 696 2054 ἀγίου
729 1989 1069 2058 Δημητρίου,
1112 1990 1209 2043 σὺν
1258 1993 1369 2052 τοῖς
1422 1990 1544 2044 δυσὶ
1579 1991 1848 2061 λουτροῖς,
1900 1993 1998 2046 καὶ

417 2082 483 2149 τῇ
510 2079 669 2151 τρίτῃ
700 2080 884 2151 μερίδι
923 2081 1016 2134 τοῦ
1059 2083 1421 2153 εἰσαγομένου
1459 2083 1519 2136 ὲν
1544 2085 1657 2147 τοῖς
1686 2084 1785 2154 τῆς
1824 2085 1996 2155 μονῆς

416 2170 617 2243 βρυτοῦ
640 2171 855 2238 ὓδατος,
878 2174 1059 2237 καθὼς
1082 2175 1326 2243 δηλονότι
1348 2176 1476 2243 παρ’
1494 2176 1629 2244 ἐμοῦ
1654 2177 1997 2246 κατέχονται,

415 2261 715 2331 ὀφείλουσα
743 2263 925 2318 πᾶσαν
961 2262 1107 2334 ἔχειν
1134 2265 1321 2319 ἄδειαν
1361 2264 1458 2318 καὶ
1502 2266 1567 2320 ὲκ
1612 2267 1806 2336 καινῆς
1836 2266 1999 2338 ἕτερα

410 2353 693 2423 οἰκήματα
727 2354 1066 2425 ἀνεγείρειν,
1112 2351 1199 2408 οἷα
1228 2356 1502 2425 βούλεται,
1545 2358 1639 2411 καὶ
1675 2358 1744 2412 τὰ
1766 2359 1897 2411 ὄντα
1929 2360 1998 2413 τά

411 2459 473 2498 τι
519 2445 826 2498 δεσποτικὰ
854 2447 949 2499 καὶ
977 2447 1044 2500 τὰ
1081 2447 1218 2501 ἄλλα
1246 2447 1492 2500 ἀλλοιοῦν
1527 2448 1604 2511 ὡς
1653 2448 1719 2502 ἂν
1754 2450 1997 2519 αίρῆται,

415 2534 515 2588 καὶ
543 2539 859 2605 μεταποιεῖν
884 2538 965 2601 είς
993 2537 1021 2590 ὃ
1052 2536 1197 2590 θέλει
1228 2538 1448 2608 σχῆμα·
1482 2540 1640 2592 τοῦτο
1689 2541 1849 2610 μόνον
1896 2559 2002 2595 πα-

417 2624 862 2695 ραφυλάττουσα,
894 2626 956 2679 τὸ
987 2628 1133 2696 μήτε
1174 2627 1340 2698 βάρος
1372 2629 1489 2683 νέον
1518 2622 1836 2702 οίονδήποτε
1878 2633 1999 2685 ἐπι-

412 2717 595 2771 θέῐναι
617 2716 697 2788 τῷ
726 2717 975 2790 διαιρέτῃ
1000 2719 1163 2789 τοίχῳ
1186 2721 1516 2794 ἀμφοτέρων
1538 2721 1645 2775 τῶν
1683 2722 1879 2791 μονῶν,
1904 2723 1999 2776 τοῦ

417 2824 479 2860 τε
509 2807 896 2880 Φιλανθρὼπου
946 2810 1173 2881 δηλαδὴ,
1219 2813 1316 2865 καὶ
1369 2811 1469 2882 τῆς
1516 2813 2001 2885 Κεχαριτωμένης,

420 2900 564 2972 μήτε
595 2900 702 2973 μὴν
728 2904 1054 2957 κατοπτείαν
1079 2904 1223 2974 ἔχειν
1252 2905 1369 2958 κατ’
1402 2905 1601 2960 αὐτῶν.

491 2992 647 3045 Μετὰ
677 2992 735 3046 δὲ
785 2994 1116 3065 παρέλευσιν
1159 2996 1350 3066 αὐτῆς,
1387 2996 1476 3050 ἵνα
1517 2997 1615 3069 ἔχη
1664 2997 1763 3067 τὴν
1809 2998 2003 3069 χρῆσιν

424 3084 522 3137 καὶ
578 3084 814 3157 κατοχὴν
842 3087 936 3141 καὶ
963 3087 1135 3158 νομὴν
1182 3087 1289 3140 τῶν
1329 3089 1839 3159 ἀναγεγραμμένων
1872 3090 2005 3142 πάν-

417 3193 531 3230 των
582 3177 853 3248 ἀκινήτων
892 3180 989 3232 καὶ¹
1026 3178 1233 3233 λοιπῶν
1283 3180 1532 3246 δικαίων,
1574 3183 1605 3251 ἡ
1645 3183 2003 3253 ποθεινοτὰτη

427 3287 534 3340 μου
589 3270 789 3341 ἔγγόνη
828 3272 973 3341 κυρά
1025 3273 1232 3344 Εἰρήνη
1264 3276 1297 3344 ή
1351 3273 1645 3339 Δυύκαινα,
1685 3274 1718 3343 ή
1758 3275 2006 3345 Θυγάτηρ

421 3361 525 3430 τῆς
560 3363 734 3431 κυρᾶς
785 3364 1007 3431 Ἀννης,
1052 3364 1191 3418 κατά
1220 3365 1279 3417 τὸ
1330 3366 1677 3420 ἀδιάστικτον
1712 3368 1803 3419 καὶ
1836 3369 2007 3420 ἀνυπ-

424 3457 711 3527 εξαίρετον
731 3474 747 3489 ’
783 3459 946 3529 μόνον
992 3459 1361 3529 καταλυθῆναι
1392 3460 1717 3530 ὀφειλόντων
1750 3461 1887 3530 μετὰ
1910 3461 2008 3530 τὴν

424 3550 520 3603 τοῦ
549 3550 676 3623 τῇδε
709 3550 828 3622 βίου
861 3551 1201 3621 μετάστασιν
1231 3553 1328 3622 τῆς
1363 3552 1879 3629 πορφυρογεννήτου
1915 3571 2010 3604 κυ-

432 3644 529 3710 ρᾶς
561 3645 784 3715 ’Λννης,
817 3645 925 3698 τῶν
980 3644 1407 3717 ἀπῃωρημένων
1436 3646 1757 3715 οίκημὰτων
1809 3644 2011 3709 ἔξωθεν

434 3734 525 3787 τοῦ
553 3736 826 3807 διαιρέτου
878 3735 1084 3806 τοίχου,
1127 3736 1223 3789 καὶ
1272 3735 1693 3790 ἀποϐλεπόντων
1730 3737 1865 3806 πρὸς
1917 3728 2025 3791 τὸν

437 3825 605 3894 κῆπον
631 3828 730 3898 τῆς
761 3825 853 3880 τοῦ
896 3825 1289 3897 Φιλανθρώπου
1325 3827 1511 3898 μονῆς,
1543 3828 1600 3880 ὲν
1636 3820 1716 3891 οἷς
1766 3827 2009 3898 δηλονότι

434 3920 675 3989 σήμερον
716 3919 1014 3989 καταμένει
1070 3919 1102 3989 ή
1142 3917 1445 3989 δηλωθεῖσα
1466 3919 2004 3989 πορφυρογέννητος,

422 4010 731 4077 ὀφείλοντος
780 4010 876 4062 τοῦ
931 4008 1176 4064 τοιούτου
1229 4009 1409 4081 τοίχου
1465 4010 1750 4080 ὑψωθῆναι
1800 4010 1895 4065 καὶ
1929 4010 2009 4063 ἔτι

428 4103 624 4171 πήχεις
654 4101 768 4156 δύο.
812 4100 968 4155 Μετὰ
994 4101 1049 4154 δὲ
1105 4102 1365 4169 τελευτὴν
1393 4101 1494 4173 τῆς
1526 4103 1698 4172 κυρᾶς
1747 4103 2007 4174 Εἰρήνης,

425 4195 476 4245 εί
508 4193 607 4261 μὲν
648 4194 742 4246 ἐπὶ
768 4193 1003 4265 διαθήκῃ
1031 4194 1259 4265 τελευτᾷ
1309 4195 1343 4265 ἡ
1376 4198 1559 4266 μήτηρ
1598 4195 1766 4264 αὐτῆς
1802 4196 1835 4266 ἡ
1878 4212 2012 4266 πορ-

430 4284 853 4356 φυρογέννητος,
876 4285 963 4338 ἵνα
984 4284 1336 4358 παραπέμπῃ
1350 4286 1597 4340 ταῦτάτε
1618 4287 1687 4340 τὰ
1710 4289 2008 4343 δεσποτικᾶ

426 4375 727 4446 οίκήματα,
784 4377 877 4428 καὶ
908 4375 1091 4440 λοιπὰ,
1137 4378 1219 4439 εἰς
1248 4369 1359 4429 οἷον
1390 4376 1455 4429 ἂν
1486 4377 1695 4448 αίροῖτο
1731 4376 1842 4429 τῶν
1882 4380 2009 4431 παί-

2096 1893 2394 1951 ecclesiam
2439 1892 2625 1947 Sancti
2668 1891 2954 1955 Demetrii,
3011 1906 3134 1945 eum
3181 1889 3397 1944 duobus
3454 1888 3690 1952 balneis,

2096 1998 2153 2044 et
2184 1986 2349 2041 tertia
2402 1994 2559 2056 parte
2590 1983 2948 2039 scaturientia
3006 1999 3184 2052 aquae,
3248 1997 3369 2052 qum
3399 1981 3466 2035 ad
3497 1996 3691 2036 mona-

2097 2075 2325 2129 sterium
2389 2075 2691 2141 derivatur,
2761 2074 3225 2145 quemadmodum
3277 2074 3550 2129 sciliceta
3600 2087 3691 2129 me

2100 2175 2492 2235 occupantur;
2525 2175 2581 2223 et
2621 2184 2791 2238 penes
2837 2183 2960 2222 eam
3011 2167 3238 2222 omnino
3266 2168 3377 2221 erit
3431 2166 3567 2221 alias
3619 2164 3691 2220 de

2099 2270 2242 2310 novo
2282 2257 2476 2313 domos
2539 2260 2802 2323 excitare,
2836 2259 3114 2329 quaslibet.
3166 2258 3425 2323 voluerit,
3463 2268 3542 2340 ,οι
3594 2271 3690 2312 eas

2101 2363 2223 2417 quae
2251 2349 2364 2419 jam
2393 2357 2615 2405 exs'ant
2638 2366 2760 2406 cum
2784 2350 3120 2421 despoticas.
3154 2361 3267 2406 tum
3300 2352 3458 2417 alias,
3488 2353 3692 2408 inimu-

2103 2448 2218 2495 tare
2258 2450 2319 2494 ut
2348 2441 2597 2506 libuerit,
2640 2443 2775 2497 etin
2818 2459 2978 2513 quam
3018 2444 3259 2499 voluerit
3300 2444 3531 2499 formam
3576 2452 3689 2499 tra-

2101 2532 2305 2588 ducere
2347 2553 2359 2587 :
2396 2534 2447 2587 id
2475 2535 2654 2589 solum
2688 2539 3010 2599 observans,
3056 2548 3110 2591 ut
3159 2553 3357 2590 novam
3385 2552 3691 2606 quamcun-

2101 2638 2209 2692 que
2240 2624 2436 2678 molem
2470 2639 2577 2678 non
2612 2609 2857 2693 imponat
2894 2625 3175 2680 dirimenti
3212 2642 3368 2678 muro
3395 2627 3689 2681 amborum

2103 2716 2585 2780 monasteriorum,
2612 2731 2811 2787 nempe
2838 2718 3218 2788 Philanthrnpi
3246 2734 3342 2772 seu
3368 2718 3689 2781 Salvatoris,

2102 2815 2159 2862 et
2198 2806 2682 2863 Kecbaritomenes
2707 2824 2805 2863 seu
2836 2808 3022 2864 Gratia
3059 2810 3255 2880 plen’m,
3293 2827 3473 2868 necne
3499 2812 3684 2867 locum

2106 2900 2303 2955 habeat
2345 2916 2454 2970 quo
2487 2900 2574 2954 illa
2609 2901 2806 2971 inspici
2834 2911 3061 2971 queant.

2176 2994 2310 3049 Post
2335 2993 2548 3049 obitum
2582 3009 2715 3048 vero
2751 2996 2892 3066 ejus,
2937 3010 3122 3059 usum,
3173 2997 3578 3065 possessionem
3634 3008 3693 3054 et

2110 3085 2578 3155 dispensationem
2604 3086 3009 3156 descriptornm
3029 3086 3277 3141 omnium
3298 3086 3691 3153 immobilium,

2112 3178 2562 3247 reliquorumque
2621 3177 2807 3249 jurum
2842 3177 3086 3239 obtineat
3146 3178 3507 3237 dilectissime
3572 3197 3693 3236 mea

2112 3272 2315 3341 neptis,
2347 3271 2548 3325 domna
2576 3271 2735 3326 [rene
2776 3272 3032 3337 Ducarna,
3090 3271 3199 3327 ﬁlia
3254 3272 3470 3329 domnae
3501 3275 3691 3336 Annae,

2111 3364 2250 3418 citra
2286 3364 2450 3418 ullam
2482 3363 2899 3418 distinctionem
2953 3375 3010 3419 et
3034 3367 3453 3435 exceptionem;
3485 3383 3550 3421 ea
3574 3368 3695 3437 lege

2113 3464 2318 3518 tamen,
2353 3464 2413 3508 ut
2459 3464 2584 3524 post
2644 3456 3157 3511 translationem’ex
3182 3456 3285 3513 hac
3310 3457 3422 3512 vita
3447 3458 3692 3529 porphyo

2113 3546 2374 3617 rogenitae
2405 3547 2622 3602 domnae
2678 3550 2869 3614 Anum,
2928 3549 3224 3605 diruantur
3257 3550 3525 3607 sublimes
3554 3551 3701 3607 aedes

2110 3646 2264 3691 extra
2285 3653 2503 3691 murum
2528 3638 2882 3692 dirimentem
2920 3639 3061 3705 sitm,
3129 3649 3186 3695 et
3217 3641 3284 3694 ad
3316 3641 3537 3696 hortum
3571 3656 3693 3695 mo-

2112 3729 2336 3783 nasterii
2368 3727 2749 3798 Philanthmpi
2792 3730 3172 3800 respicientes,
3206 3732 3260 3784 in
3291 3732 3496 3802 quibus
3534 3733 3701 3787 nimi-

2114 3836 2233 3874 rum
2297 3819 2462 3874 hodie
2524 3820 2739 3873 habilat
2798 3820 3022 3889 przefata
3075 3821 3552 3894 porphyrogenita,
3602 3824 3698 3893 qni

2113 3927 2301 3967 murus
2325 3911 2537 3967 duobus
2555 3912 2737 3967 adhuc
2764 3912 2968 3967 cubitis
2997 3914 3301 3969 attolletur.
3328 3916 3460 3969 Post
3484 3914 3698 3971 obitum

2114 4013 2295 4059 autem
2351 4004 2567 4058 domnae
2620 4004 2841 4067 lrencs,
2877 4004 2920 4059 si
2981 4004 3204 4075 quidem
3269 4014 3471 4062 testato
3523 4016 3699 4064 mater

2113 4097 2233 4169 ejus
2262 4096 2731 4169 porphyrogenita
2796 4106 3029 4152 mortem
3070 4097 3297 4164 obierit,
3359 4100 3700 4157 transmittat

2116 4192 2260 4261 ipsas
2301 4193 2611 4263 despotieas
2648 4193 2843 4251 domos
2876 4204 2931 4249 et
2966 4204 3162 4251 caetera
3210 4196 3279 4250 ad
3309 4211 3698 4267 quemcunque

2115 4284 2350 4339 voluerit
2378 4301 2409 4340 e
2468 4284 2616 4350 filiis,
2652 4287 2965 4356 nepotibus,
3005 4296 3100 4343 aut
3132 4289 3528 4360 pronepotibus
3556 4289 3695 4345 suis.

2114 4376 2229 4431 sive
2260 4377 2546 4432 masculini
2609 4378 2725 4434 sive
2773 4379 3029 4434 feminini
3070 4398 3252 4438 sexus.
3304 4382 3360 4437 Si
3393 4397 3524 4437 vero
3571 4391 3700 4437 ante

425 4472 535 4520 ὅων
565 4467 759 4538 αὐτῆς,
787 4467 819 4537 ἢ
852 4468 1113 4537 ἐγγόνων,
1143 4469 1176 4539 ἢ
1208 4470 1555 4541 προεγγόνων
1577 4486 1591 4499 ⁸
1621 4471 1731 4522 εἴτε
1755 4471 2004 4541 ἄρρενος,

2116 4469 2375 4524 domnam
2408 4471 2623 4525 lrenem
2648 4482 2820 4526 mater
2846 4475 2966 4544 ejus
2994 4475 3252 4544 praesenti
3279 4474 3391 4531 vita
3417 4474 3698 4548 fungatur,

428 4558 540 4611 εἴτε
562 4557 751 4629 θήλεος
783 4557 970 4625 γένους
1007 4559 1172 4613 ἐστίν.
1199 4560 1260 4613 Εἰ
1300 4560 1355 4613 δὲ
1387 4560 1492 4631 πρὸ
1529 4559 1630 4630 τῆς
1653 4562 1823 4629 κυρεῖς
1844 4561 2009 4632 Εἰρή-

429 4670 530 4724 νης
572 4653 607 4723 ή
639 4653 823 4724 μήτηρ
869 4653 1038 4724 αὐτῆς
1076 4653 1167 4707 τὸν
1196 4654 1323 4724 τῇδε
1357 4653 1651 4709 καταλύσει
1677 4654 1811 4725 βίον,
1854 4655 1887 4726 ἢ
1918 4655 2012 4709 καὶ

429 4744 660 4817 ὕστερον
713 4744 812 4816 μὲν
840 4745 1079 4815 ἐκείνης,
1131 4745 1208 4817 μὴ
1255 4746 1507 4817 διάθηται
1544 4738 1600 4799 δὲ
1652 4746 1783 4817 περὶ
1816 4746 2010 4801 τούτου

427 4836 747 4908 [ἀδιάφορον
773 4836 946 4909 γάρ)·
990 4838 1112 4892 τότε
1160 4839 1221 4891 τὸ
1250 4838 1458 4891 δίκαιον
1508 4839 1606 4906 τῆς
1652 4841 1888 4910 κατοχῆς
1917 4840 2011 4892 καὶ

428 4927 606 4999 νομῆς
637 4927 745 4981 τῶν
774 4929 1290 5001 ἀναγεγραμμένων
1329 4931 1644 5001 οἰκημάτων
1684 4930 1780 4983 καὶ
1808 4932 2013 4985 λοιπῶν

434 5020 848 5092 περιελεύσεται
878 5022 959 5085 είς
999 5021 1090 5075 τὸν
1120 5021 1199 5093 τῷ
1245 5022 1421 5094 χρόνῳ
1476 5029 1809 5094 προήκοντα,
1850 5023 1881 5092 ἢ
1914 5024 2012 5094 τὴν

434 5114 783 5183 προήκουσαν
806 5113 915 5167 τῶν
964 5114 1195 5179 παίδων,
1229 5115 1263 5186 ἥ
1295 5117 1557 5185 ἐγγόνων,
1590 5118 1624 5188 ἢ
1660 5120 2012 5187 προεγγόνων

429 5202 531 5271 τῆς
554 5204 1066 5275 πορφυρογεννήτου
1091 5205 1265 5275 κυρᾶς
1296 5205 1496 5274 Ἀννης
1530 5206 1669 5276 μετά
1698 5205 2015 5271 διαστίξεως

436 5284 620 5365 μέντοι
656 5294 914 5366 τοιαύτης
938 5311 952 5325 ’
1017 5294 1158 5349 ὥστε
1199 5299 1247 5348 εἰ
1308 5296 1407 5366 μὲν
1451 5296 1511 5348 τὸ
1544 5296 1856 5364 πρόσωπον,
1882 5290 1926 5364 ᾧ
1956 5298 2015 5350 τὸ

432 5384 676 5440 τοιοῦτον
710 5385 943 5454 ἁρμόσει
991 5385 1199 5438 δίκαιον
1226 5386 1318 5437 ἐπὶ
1349 5385 1585 5456 διαθήκῃ
1617 5386 1710 5438 τοῦ
1746 5385 1860 5456 βίου
1887 5385 2014 5439 τού-

431 5494 528 5531 του
557 5477 896 5549 μεθίσταται,
923 5475 1068 5547 ἔχειν
1099 5478 1286 5532 ἄδειαν
1315 5477 1713 5548 παραπέμπειν
1740 5476 1914 5531 ταῦτα
1935 5481 2014 5542 εἰς

433 5565 546 5622 οἷον
578 5571 644 5623 ἂν
672 5568 917 5639 βούλοιτο
946 5569 1054 5624 τῶν
1084 5571 1143 5637 ἐξ
1170 5569 1334 5622 αὑτοῦ
1364 5568 1755 5640 καταγομένων
1786 5570 2013 5635 παίδων,

432 5658 697 5729 ἐγγόνων,
729 5659 823 5713 καὶ
846 5659 1068 5730 ἑφεξῆς.
1096 5661 1158 5713 Εἰ
1198 5660 1254 5714 δὲ
1283 5660 1315 5731 ἢ
1360 5660 1484 5724 τοὺς
1512 5662 1922 5732 καταγομένους
1956 5661 2015 5727 ἐξ

428 5751 603 5808 αὐτοῦ
651 5753 751 5807 οὐκ
811 5751 945 5823 ἔχοι,
978 5752 1011 5823 ἢ
1046 5753 1122 5824 μὴ
1181 5754 1306 5825 περὶ
1341 5752 1531 5807 τούτου
1560 5751 1835 5824 διάθηται,
1867 5771 2017 5824 τηνι-

2118 4562 2203 4617 vel
2233 4572 2358 4633 post
2391 4564 2534 4618 illam
2564 4564 2811 4634 quidem,
2841 4565 2982 4620 nihil
3034 4574 3213 4621 tamen
3246 4567 3315 4623 de
3356 4568 3449 4622 illo
3508 4575 3701 4622 testata

2117 4650 2469 4723 (indiﬂ‘erens
2488 4653 2635 4708 enim
2660 4654 2789 4724 est),
2816 4665 2947 4710 tunc
2968 4656 3060 4725 jus
3088 4655 3454 4726 possessionis
3481 4662 3538 4710 et
3570 4671 3703 4711 usus

2116 4742 2523 4815 descriptarum
2551 4745 2775 4808 aedium,
2816 4756 2872 4801 et
2933 4746 3298 4815 reliquorum,
3336 4746 3595 4801 deveniet
3628 4749 3698 4801 ad

2116 4841 2275 4887 artato
2305 4833 2653 4904 grandiorem
2685 4832 2927 4903 cujusvis
2956 4848 3170 4887 sexuse
3200 4833 3350 4898 ﬁliis,
3376 4834 3698 4905 nepotibus.

2117 4933 2212 4978 aut
2240 4922 2638 4993 pronepotibus
2692 4922 3178 4993 porphyrogenitze
3237 4921 3454 4978 domnae
3480 4924 3695 4991 Annae;

2117 5031 2240 5071 cum
2281 5016 2593 5087 hujusmodi
2654 5025 2834 5070 tamen
2868 5016 3247 5079 distinctione,
3278 5017 3413 5082 ut,si
3473 5017 3699 5087 quidem

2119 5121 2352 5176 persona
2382 5106 2469 5161 cui
2496 5107 2602 5160 tale
2631 5106 2722 5176 jus
2773 5117 3051 5177 competet
3084 5116 3281 5162 testato
3317 5108 3418 5163 hac
3448 5111 3560 5165 vita
3594 5112 3698 5163 mi-

2118 5197 2315 5269 grarit,
2354 5211 2522 5268 penes
2553 5211 2673 5251 eam
2714 5197 2786 5252 sit
2814 5198 2903 5251 illa
2959 5198 3333 5254 transmittere
3385 5200 3450 5255 ad
3498 5217 3695 5271 quem-

2118 5306 2335 5360 cunque
2362 5290 2597 5344 volucrit
2644 5305 2711 5344 ex
2743 5288 3046 5344 oriundisa
3081 5306 3139 5346 sc
3191 5290 3341 5356 ﬁliis,
3401 5293 3697 5363 nepotibus

2120 5393 2176 5439 et
2198 5383 2577 5454 sequentibus.
2637 5383 2693 5438 Si
2723 5393 2906 5439 autem
2931 5385 3017 5440 vel
3063 5386 3313 5443 oriundis
3373 5396 3575 5453 careat,
3610 5389 3696 5442 vel

2122 5477 2190 5533 de
2224 5477 2319 5531 illo
2349 5483 2544 5530 testata
2609 5492 2719 5529 non
2779 5476 2968 5542 fuerit,
3032 5484 3164 5531 tunc
3211 5489 3575 5534 memoratum
3603 5482 3694 5547 jus

2123 5577 2374 5624 recurret
2422 5568 2490 5622 ad
2546 5578 2707 5623 aetate
2739 5567 3089 5639 grandiorem
3151 5568 3392 5638 cujusvis
3433 5584 3598 5624 sexus
3627 5585 3694 5624 ex

2122 5658 2433 5714 oriundisa
2488 5659 2954 5730 porphyrogen’ta
3019 5658 3217 5713 domna
3270 5661 3447 5714 Anna.
3488 5659 3554 5713 Et
3604 5660 3693 5713 illa

2122 5750 2402 5808 distinctio
2455 5766 2677 5821 semper
2728 5752 2922 5815 valeat,
2973 5752 3211 5820 quandiu
3267 5761 3626 5809 orunutorum
3665 5772 3698 5809 e
