4100 6422
391 265 524 331 1111
880 288 889 297 ‘
1706 288 1990 351 IRENES

2039 295 2409 357 AUGUST/E
3522 303 3658 385 me

382 383 530 438 linea
588 383 829 455 praefatae
881 387 1361 464 porphyrogeuita:
1395 395 1667 466 quispiam
1693 407 1972 468 superstes

2038 438 2046 464 ι
2079 408 2256 460 καῦτα
2287 410 2453 463 πάλιν
2482 410 2713 483 δραμεῖν
2743 414 2803 467 τὸ
2831 415 3208 485 μνημονευθὲν
3254 418 3465 472 δίκαιον
3516 383 3657 493 πρὸς

383 480 579 538 fuerit.
1610 573 1623 581 .
2079 502 2167 553 τὸν
2195 500 2270 571 τῷ
2302 503 2483 573 χρόνῳ
2519 480 2852 575 προήκοντα,
3068 510 3422 580 προήκουσαν
3445 513 3510 565 ἐκ

384 579 496 634 ἀπὸ
530 581 632 651 τῆς
682 594 1201 660 πορφυρογεννητου
1253 595 1429 663 κυρᾶς
1481 579 1712 668 "Aw—ng-
1766 600 1861 652 καὶ
1906 598 2006 669 τὴν
2044 596 2306 669 τοιαύτην
2359 599 2627 665 διάστιξιν
2679 602 2823 655 οὕτω
2868 603 3031 674 μέχρι
3063 579 3266 670 παντὸς
3339 608 3685 685 προϐαίνειν.

382 678 545 750 ἄχρις
570 680 638 735 ἂν
667 681 701 750 ἡ
727 681 836 735 τῶν
869 682 980 737 ἀπὸ
1005 688 1106 757 τῆς
1133 692 1323 760 σειρᾶς
1352 692 1450 763 τῆς
1465 688 1805 766 δηλωθείσης
1833 696 2349 765 πορφυρογεννήτου
2392 695 2645 766 διάρκεια
2678 697 3075 769 περισώζηται.
3666 678 3685 734 ξ

454 773 569 829 Nec
593 774 661 829 ad
682 774 833 833 solos
852 775 1016 842 filios,
1044 791 1140 835 aut
1199 795 1449 852 nepotes,
1490 800 1587 844 aut
1636 798 1980 859 pronepotes

2138 788 2253 841 Οὐκ
2298 790 2377 850 είς
2426 790 2624 859 μόνους
2664 790 2721 843 δὲ
2772 793 2899 855 τοὺς
2950 794 3169 856 παῖδας,
3230 795 3262 865 ἦ
3315 797 3575 864 ἐγγόνους
3620 800 3651 867 ἢ

378 880 513 922 suos
545 868 762 941 talejus
794 885 895 940 per
931 880 1326 932 testamentum
1360 882 1695 937 transmittet
1724 885 1965 954 porphy-

2064 881 2430 949 προεγγὸνους
2487 881 2658 952 αὐτῆς
2701 885 3067 955 παραπέμψει
3126 889 3235 942 ἀπὸ
3285 887 3554 958 διαθήκης
3592 891 3654 943 τὸ

376 959 649 1029 rogenita,
684 971 746 1018 ut
778 979 944 1035 supra
968 965 1178 1023 dictum
1224 958 1483 1033 est,‘sed
1518 982 1572 1029 et
1599 975 1668 1029 ad
1731 992 1895 1030 unam
1931 993 1963 1031 e

2059 974 2304 1025 τοιοῦτον
2320 973 2530 1028 δίκαιον
2549 976 2581 1045 ἡ
2606 975 3147 1047 πορφυρογέννητος,
3168 977 3244 1041 ὡς
3269 978 3477 1031 ἄνωθεν
3504 982 3655 1051 erm-

374 1050 611 1108 nuribus
642 1055 782 1123 suis,
821 1056 1041 1113 illorum
1060 1061 1357 1132 cujuslibet
1388 1080 1634 1130 uxorem,
1659 1082 1963 1136 quamcun-

2061 1081 2174 1125 ται,
2204 1064 2340 1117 ἀλλὰ
2373 1067 2470 1118 καὶ
2499 1067 2581 1129 είς
2605 1067 2733 1136 μίαν
2757 1067 2867 1120 τῶν
2903 1068 2997 1121 ἐπί
3027 1085 3136 1122 τινι
3172 1070 3382 1124 τούτων
3416 1073 3651 1141 νυμςῶν

374 1157 484 1210 que
513 1143 794 1212 voluerit;
830 1162 953 1218 qua:
979 1149 1070 1205 illa
1114 1151 1282 1207 simili
1343 1156 1505 1211 modo
1539 1157 1864 1226 possidebit.
1916 1160 1961 1215 si

2059 1157 2249 1225 αὐτῆς,
2279 1157 2345 1227 ἢν
2380 1157 2445 1211 ἂν
2478 1157 2723 1227 βούλοιτο
2744 1174 2757 1187 ·
2788 1160 2883 1213 καὶ
2923 1159 3145 1227 καθέξει
3174 1160 3267 1214 καὶ
3299 1162 3438 1229 αὕτη
3478 1162 3650 1218 ταῦτα

375 1230 602 1299 quidem
639 1236 707 1289 ad
765 1239 1039 1295 secundas
1086 1244 1314 1312 nuptias
1372 1261 1484 1301 non
1534 1250 1880 1319 respexerit:
1914 1252 1959 1305 si

2062 1250 2345 1313 ὡσαύτως,
2381 1252 2541 1322 εῐπερ
2591 1252 2666 1322 μὴ
2717 1255 2855 1322 πρὸς
2896 1254 3088 1324 ἕτερον
3119 1256 3300 1324 γάμον
3325 1256 3544 1310 άπίδοι’
3596 1258 3647 1310 εί

371 1323 522 1380 enim
578 1327 646 1381 ad
684 1328 803 1385 illas
864 1332 1175 1402 deelinarit,
1220 1337 1539 1408 hujusmodi
1586 1342 1710 1411 jure
1771 1344 1956 1399 statim

2062 1342 2173 1412 γάρ
2208 1343 2341 1410 πρὸς
2381 1342 2571 1397 τοῦτον
2611 1342 2917 1410 ἀποκλίνοι,
2980 1345 3144 1408 εὐθὺς
3185 1347 3505 1400 ἐκπεσεῖται
3550 1346 3642 1400 τοῦ

369 1417 612 1484 excidet,
640 1430 697 1475 et
728 1423 861 1478 illud
895 1440 1122 1494 prorsus
1167 1429 1497 1487 devolvetur
1545 1434 1614 1490 ad
1647 1437 1959 1509 porphyre-

2059 1433 2305 1486 τοιούτου
2327 1434 2561 1499 δικαίου,
2594 1434 3088 1505 περιελευσομένου
3135 1436 3353 1498 πάντως
3382 1437 3519 1507 πρὸς
3548 1438 3644 1508 τὴν

369 1511 573 1578 genitae
593 1512 796 1570 lineam
828 1535 847 1571 :
870 1519 1014 1588 quod
1033 1519 1243 1591 absque
1270 1523 1380 1578 ullo
1400 1524 1722 1583 discrimine
1743 1530 1955 1584 servari

2057 1528 2123 1579 ἐκ
2140 1527 2239 1595 τῆς
2266 1529 2781 1598 πορφυρογεννήτου
2811 1529 3001 1599 σειράν
3021 1544 3034 1559 ο
3064 1527 3255 1601 ὥσπερ
3267 1529 3473 1599 ὀφείλει
3499 1531 3649 1598 γίνε·

369 1620 592 1675 quoque
630 1607 799 1666 debet
826 1626 956 1681 erga
987 1614 1124 1669 alias
1155 1631 1349 1673 omnes
1371 1635 1568 1687 nurus,
1619 1621 1824 1691 quibus
1847 1625 1955 1679 tale

2032 1618 2184 1671 ησθαι
2211 1619 2649 1689 ἀπαραλλάκτως
2700 1621 2796 1674 καὶ
2831 1619 3055 1673 ἐπὶτῶν
3088 1620 3265 1674 ἄλλων
3294 1619 3487 1676 πασῶν
3511 1638 3648 1691 νυμ-

361 1697 458 1766 jus
496 1710 776 1771 competet
820 1719 888 1760 ex
915 1708 1339 1765 transmissione
1392 1713 1698 1784 cuiuspiam
1757 1730 1950 1772 eorum

2057 1710 2175 1780 φῶν
2214 1706 2299 1775 αἷς
2331 1711 2393 1764 τὸ
2447 1711 2692 1766 τοιοῦτον
2739 1713 2974 1782 άρμόσοι
3024 1712 3261 1776 δίκαιον,
3314 1712 3424 1765 ἀπὸ
3461 1728 3646 1782 παρα-

369 1790 463 1858 qui
489 1790 578 1846 illa
607 1796 976 1862 possederint,
1008 1809 1250 1871 utsupra
1283 1805 1489 1860 dictum
1519 1817 1623 1862 est.
1659 1808 1778 1863 Non
1803 1809 1950 1865 enim

2058 1804 2283 1874 πομπῆς
2324 1821 2470 1868 τινος
2518 1806 2628 1857 τῶν
2678 1803 2836 1857 τοῦτο
2876 1805 3262 1875 κτησαμένων,
3310 1803 3388 1866 ὡς
3434 1803 3645 1856 ἄνωθεν

364 1882 471 1936 soli
512 1886 1014 1960 porphyrogenitaa,
1073 1894 1169 1948 sed
1237 1898 1404 1951 etiam
1438 1898 1688 1956 oriundis
1710 1901 1779 1957 ab
1835 1903 1950 1972 ipsa

2056 1899 2294 1969 εἴρηται.
2332 1898 2408 1951 Οὐ
2439 1898 2548 1969 γάρ
2575 1896 2713 1968 μόνῃ
2744 1899 2810 1967 τῇ
2842 1897 3363 1968 πορφυρογεννήτῳ,
3388 1894 3524 1947 ἀλλὰ
3548 1894 3645 1946 καὶ

362 1973 556 2030 licebit
578 1976 711 2032 illud
734 1995 835 2050 per
857 1989 1247 2041 testamentum
1274 1990 1673 2057 transmittere,
1696 1992 1741 2047 si
1769 1994 1953 2049 volue-

2055 1993 2166 2053 τοῖς
2201 1990 2260 2056 ἐξ
2299 1990 2470 2060 αὐτῆς
2523 1990 2922 2059 καταγομένοις
2973 1987 3189 2053 ἐξέσται
3244 1987 3644 2057 παραπέμπειν

365 2069 499 2135 rint,
524 2070 592 2125 ad
625 2071 864 2144 aliquam
902 2091 934 2131 e
958 2077 1195 2135 nuribus
1218 2080 1355 2149 suis,
1386 2098 1619 2140 uxorem
1650 2087 1953 2159 cujuslibet

2053 2082 2214 2136 τοῦτο
2237 2082 2344 2136 ἀπο
2385 2081 2675 2154 διαθήκης,
2708 2083 2758 2135 εἰ
2794 2080 3095 2152 βούλοιντο,
3137 2082 3218 2143 είς
3252 2079 3382 2149 μίαν
3411 2078 3520 2131 τῶν
3548 2078 3642 2129 ἐπὶ

363 2158 435 2214 ab
466 2160 557 2215 illa
580 2164 826 2219 oriundi.
858 2166 1029 2237 quue
1064 2170 1118 2224 in
1151 2171 1406 2228 confesso
1433 2189 1556 2231 esse
1582 2158 1769 2243 debet,
1803 2180 1951 2249 quod

2053 2176 2169 2237 τοῖς
2197 2172 2256 2238 ἐξ
2300 2173 2470 2242 αὐτῆς
2505 2172 2735 2243 νυμφῶν
2770 2173 2986 2226 αὐτῶν·
3041 2172 3253 2225 ἐκείνου
3290 2170 3401 2223 τῶν
3450 2167 3643 2238 ὁμολο-

364 2254 582 2309 tametsi
619 2255 687 2311 de
718 2257 836 2313 solo
859 2261 1165 2317 masculino
1179 2278 1381 2332 genere
1399 2268 1685 2336 speciatim
1718 2272 1954 2328 mentio-

2054 2269 2338 2336 γουμὲνων
2373 2260 2517 2319 εἶναι
2564 2266 2912 2335 ὀφείλοντος,
2961 2265 3037 2328 ὡς
3087 2265 3138 2316 εί
3188 2264 3283 2317 καὶ
3322 2261 3640 2332 ἰδικώτερον

361 2359 487 2400 nem
530 2346 784 2416 facimus,
824 2367 933 2407 una
963 2361 1144 2410 tamen
1179 2355 1505 2415 femininum
1532 2358 1948 2434 intelligendum

2051 2360 2146 2414 τοῦ
2179 2361 2409 2432 ἄρρενος
2441 2359 2632 2428 γένους
2664 2358 3081 2429 μνημονεύομεν
3133 2357 3321 2427 μόνου.
3360 2354 3521 2409 Ἀλλὰ
3544 2355 3640 2407 καὶ

361 2447 468 2501 est,
495 2450 553 2494 et
590 2444 748 2512 quasi
783 2459 1105 2515 expressum
1131 2452 1528 2521 reputandum,
1582 2465 1853 2527 quantum
1880 2458 1948 2514 ad

2051 2451 2112 2505 τὸ
2135 2450 2271 2522 θῆλυ
2306 2451 2647 2504 συννοεῖσθαι
2681 2450 2858 2521 τούτῳ
2882 2449 3113 2517 ὀφείλει,
3137 2448 3233 2501 καὶ
3278 2446 3356 2509 ὼς
3389 2447 3483 2499 καὶ
3507 2444 3640 2500 αὐτὸ

361 2540 527 2602 caput
553 2533 623 2588 dc
648 2534 757 2592 illis
784 2536 1019 2594 aedibus.

2050 2544 2468 2615 ὲκεςωνούμενον
2503 2542 2838 2611 λογίζεσθαι,
2870 2544 2995 2595 ὅσον
3026 2543 3117 2594 ιπὶ
3148 2539 3226 2611 τῷ
3255 2539 3386 2612 περὶ
3417 2538 3527 2593 τῶν
3563 2538 3641 2592 ol-

2050 2639 2318 2710 κημάτων
2357 2637 2563 2691 τούτων
2599 2634 2902 2706 κεφαλαίῳ.

431 2712 487 2769 Si
517 2730 650 2772 vero
675 2716 844 2788 (quod
870 2720 1039 2795 absit)
1067 2728 1323 2797 cognatio
1346 2728 1418 2784 ita
1441 2729 1682 2797 deﬁciat,
1715 2741 1777 2787 ut
1797 2735 1946 2790 nulla

2122 2733 2185 2786 Εί
2230 2731 2276 2785 δ’
2311 2733 2471 2801 (ὅπερ
2515 2729 2848 2801 ἀπεύχομαι)
2898 2730 2932 2800 ἡ
3002 2728 3293 2797 συγγένεια
3347 2725 3635 2795 ἐπιλείψει,

313 2817 321 2824 ’
356 2820 424 2862 ex
460 2806 608 2864 linea
640 2812 1123 2888 porphyrogenitze
1146 2818 1364 2877 damna:
1440 2825 1611 2881 Annae
1661 2838 1932 2897 superstet

2049 2827 2125 2891 ὡς
2158 2825 2429 2901 μηδεμίαν
2457 2828 2519 2884 ὲκ
2558 2826 2658 2895 τῆς
2685 2822 2781 2878 τοῦ
2815 2822 3010 2893 γένους
3042 2823 3145 2893 τῆς
3185 2818 3638 2894 πορφυρογεννή-

358 2900 431 2954 sit
462 2917 477 2966 ;
526 2904 715 2959 sancio
747 2914 807 2959 ut
838 2915 952 2962 tum
1002 2909 1087 2965 ha:
1112 2910 1311 2969 domus
1339 2915 1394 2969 in
1426 2927 1752 2986 potestatem
1789 2920 1947 2976 femi-

2048 2936 2142 2972 του
2170 2919 2344 2990 κυρᾶς
2393 2919 2592 2988 ’Λννης
2636 2918 2825 2987 σειρᾶς
2863 2913 3286 2984 περισώζεσθαι,
3331 2910 3637 2982 τηνικαῦτα

358 2992 448 3047 nei
479 2993 711 3065 hujusce
762 3002 1085 3057 monasterii
1120 3005 1475 3077 redigantur,
1539 3013 1977 3098 exteriorisque‘

359 3085 494 3111 nul...
530 3087 721 3111 -Ι-...---
752 3090 802 3111 3-
840 3107 909 3111 --ν
954 3092 972 3111 ι
1055 3096 1133 3111 ..-ι
1332 3108 1339 3111 .
1427 3110 1435 3111 ,

2049 3010 2362 3083 διορίζομαι
2395 3009 2465 3064 τὰ
2516 3008 2745 3064 τοιαῦτα
2789 3009 3065 3077 οἰκήματα
3098 3008 3179 3069 είς
3234 3005 3332 3077 τὴν
3384 3005 3636 3068 ὲξουσέαν

357 3085 496 3142 aulae
526 3087 723 3146 domus
752 3090 808 3147 in
831 3092 1199 3154 conductitias
1224 3108 1531 3168 mutentur,
1554 3119 1790 3175 quarum
1816 3123 1945 3179 pro-
1972 3085 1976 3097 V

2016 3087 2019 3103 y
2050 3107 2153 3177 τῆς
2189 3107 2510 3173 γυναικείας
2541 3104 2749 3175 ταύτης
2797 3106 2965 3173 μονῆς
2999 3098 3473 3157 ἀποκαθίστασθαι
3498 3115 3512 3129 ·
3542 3099 3635 3150 καὶ

356 3191 525 3236 ventu
560 3181 781 3240 fruetur
828 3190 1252 3260 monasterium;
1298 3193 1580 3253 interioris
1625 3213 1760 3255 vero
1809 3201 1947 3257 aula:

2050 3201 2120 3255 τά
2165 3200 2265 3272 μὲν
2291 3204 2389 3270 τῆς
2416 3199 2520 3263 ἔξω
2544 3198 2711 3269 αὐλῆς
2744 3198 3024 3267 οἰκήματα
3055 3190 3632 3263 μετασχηματίζεσθαι

357 3271 557 3330 domus
583 3275 655 3332 de
687 3278 871 3335 medio
903 3282 1189 3350 tollantur,
1222 3302 1458 3357 quarum
1501 3291 1731 3346 materia
1759 3301 1947 3348 utetur

2050 3295 2129 3357 si;
2171 3271 2437 3357 ἐνοικικὰ,
2475 3290 2569 3343 καὶ
2612 3288 2713 3359 τὴν
2742 3289 3006 3357 πρόσοδον
3051 3285 3257 3340 τούτων
3287 3281 3632 3353 καρποῦσθαι

357 3380 458 3433 pro
488 3366 666 3424 lubito
705 3385 720 3424 :
751 3371 930 3428 solum
962 3383 1148 3431 autem
1184 3377 1240 3433 in
1269 3391 1423 3449 septa
1484 3391 1540 3437 et
1598 3397 1945 3454 quaestuosos

2048 3384 2147 3455 τὴν
2180 3386 2382 3455 μονήν⁸
2419 3386 2489 3436 τά
2535 3382 2592 3436 δὲ
2631 3381 2733 3453 τῆς
2777 3381 2887 3435 ἔσω
2926 3380 3096 3450 αὐλῆς
3125 3376 3396 3446 περιελεῖν
3437 3375 3532 3428 καὶ
3566 3375 3631 3444 τῇ

359 3456 552 3514 hortos
596 3471 904 3529 convertet,
957 3482 1218 3537 quorum,
1275 3486 1378 3527 nec
1432 3489 1542 3528 non
1593 3474 1941 3543 balneorum,

2052 3477 2153 3549 μὲν
2198 3475 2302 3549 ὕλῃ
2346 3474 2680 3547 χρήσασθαι,
2722 3472 2905 3535 καθὼς
2938 3475 3075 3545 αὐτῇ
3124 3469 3425 3543 βουλητὸνο
3467 3466 3544 3538 τῷ
3572 3466 3632 3520 δὲ

361 3550 634 3609 reditibus
669 3557 929 3615 omnibus
958 3564 1351 3620 monasterium
1379 3564 1613 3624 fruetur.

2046 3568 2257 3639 ἐδάφει,
2291 3571 2372 3633 είς
2410 3566 2698 3639 περιϐόλιά
2733 3583 2792 3620 τε
2846 3567 2941 3619 καὶ
2996 3564 3362 3636 παραδείσους
3410 3562 3634 3630 ἐπικερ-

2047 3663 2181 3727 δτῖς,
2216 3655 2293 3717 ὧν
2331 3661 2432 3723 τὰς
2466 3660 2765 3732 προσόδους
2792 3658 3012 3721 ἁπάσας
3042 3659 3075 3729 ἡ
3107 3656 3243 3727 μονὴ
3274 3653 3634 3726 καρπώσεται

2051 3758 2191 3827 μετὰ
2217 3755 2310 3809 καὶ
2337 3753 2449 3807 τῶν
2477 3753 2741 3825 λουτρῶν.

428 3833 532 3901 Qui
558 3834 727 3908 igitur
749 3837 1000 3908 quolibet
1032 3848 1280 3911 tempore
1312 3843 1712 3904 habitationem
1752 3861 1806 3906 et
1840 3851 1941 3905 do-

2120 3853 2183 3904 Ol
2221 3851 2403 3919 μὲντοι
2431 3850 2530 3920 τὴν
2558 3850 2730 3918 νομήν
2762 3865 2822 3900 τε
2862 3847 2951 3901 καὶ
2981 3848 3195 3914 οἴκησιν
3234 3843 3374 3897 κατὰ
3406 3842 3632 3913 καιροὺς

357 3927 623 3985 micilium
652 3930 709 3986 in
733 3931 973 4002 praefatis
1020 3933 1282 3992 domibus
1326 3936 1630 4006 habebunt,
1686 3943 1943 4015 religiose

2049 3944 2195 4013 ἔχειν
2226 3942 2533 4012 ὀφείλοντες
2560 3944 2618 3996 ὲν
2666 3942 2781 4003 τοῖς
2814 3940 3137 4009 δηλωθετσιν
3181 3938 3500 4008 οἰκήμασιν,
3538 3936 3630 3988 εύ-

358 4021 413 4076 in
443 4022 574 4092 ipsis
600 4022 822 4095 degent,
852 4026 1173 4098 nullamque
1197 4029 1710 4104 omninojacturam
1747 4052 1941 4091 mona-

2047 4036 2230 4100 λασῶς
2283 4037 2343 4088 ὲν
2380 4036 2565 4097 αὐτοῖς
2606 4034 2869 4099 διάξουσι,
2912 4033 3006 4086 καὶ
3037 4032 3347 4100 περικοπὴν
3395 4045 3515 4081 τινα
3563 4028 3631 4097 τῇ

355 4116 528 4171 sterio
564 4114 958 4191 Gratia-plenas
1022 4118 1281 4177 inferent.
1335 4122 1404 4178 At
1459 4141 1626 4195 penes
1654 4128 1778 4183 illos
1837 4129 1945 4184 erit

2052 4134 2187 4203 μονῇ
2235 4130 2336 4200 τῆς
2369 4129 2836 4200 Κεχαριτωμένης
2871 4126 2932 4181 τὸ
2982 4126 3199 4178 σύνολον
3251 4125 3351 4177 οὐκ
3400 4122 3632 4187 ἐπάξου-

353 4205 629 4262 tedificare
679 4205 774 4263 ubi
805 4209 1101 4276 voluerint,
1135 4212 1277 4267 intra
1342 4215 1610 4270 ambitum
1647 4233 1943 4275 concessa-

2051 4242 2156 4279 σιν.
2190 4223 2414 4290 Ἕξουσι
2456 4222 2514 4276 δὲ
2559 4223 2646 4275 ἐπ’
2687 4220 2869 4284 ἀδείας
2919 4218 3126 4283 κτίζειν
3173 4217 3302 4269 ἔνθα
3347 4215 3631 4281 βούλονται

356 4312 479 4351 rum
505 4297 610 4353 sibi
652 4297 969 4369 domorum,
997 4311 1054 4358 et
1085 4303 1166 4359 sic
1194 4305 1473 4373 attollere,
1512 4318 1571 4364 ut
1593 4310 1730 4364 nihil
1758 4318 1942 4366 tamen

2050 4316 2203 4380 ὲντὺς
2228 4317 2327 4388 τῆς
2364 4316 2628 4387 περιοχῆς
2658 4316 2768 4368 τῶν
2800 4312 3230 4384 ὲκχωρηθέντων
3256 4309 3439 4371 αὐτοῖς
3469 4312 3628 4376 οἰκη-

351 4390 544 4446 τίιιοτο
577 4402 785 4458 queant
811 4394 955 4450 intra
981 4400 1379 4455 monasterium
1407 4402 1678 4471 virorum,
1706 4406 1791 4461 vel
1822 4423 1940 4461 mu-

2009 4397 2019 4440 ⁵
2053 4409 2241 4479 μάτων
2264 4426 2275 4440 ·
2312 4409 2406 4463 καὶ
2440 4407 2694 4462 τοσοῦτον
2740 4404 2933 4475 ὑψοῦν,
2973 4404 3114 4458 ὣστε
3159 4401 3233 4473 μὴ
3269 4399 3628 4457 κατοπτεύειν

350 4480 573 4537 lierum.
603 4482 712 4539 Sed
734 4501 915 4556 neque
943 4504 1042 4558 per
1066 4488 1358 4547 circuitum
1379 4509 1548 4565 supra
1590 4512 1780 4553 muros
1808 4499 1942 4554 diri-

2043 4517 2095 4553 τι
2127 4499 2237 4553 τῶν
2273 4501 2331 4553 ἐν
2353 4501 2419 4571 τῇ
2450 4497 2670 4571 άνδρῴᾳ
2703 4500 2862 4570 μονῇ,
2891 4498 2999 4551 εἴτε
3036 4499 3102 4568 τῇ
3134 4494 3442 4566 γυναικείᾳ.
3486 4492 3630 4547 Ἀλλ’

353 4585 593 4642 mentes,
658 4586 759 4634 aut
812 4579 1091 4637 domicilia
1165 4588 1489 4642 monasterii
1551 4604 1944 4663 quamcunque

2044 4593 2166 4646 οὐδὲ
2196 4592 2431 4662 γύροθεν
2478 4593 2587 4645 τῶν
2632 4590 2821 4664 ἀργῶν
2854 4590 3051 4661 τοίχων
3093 4589 3172 4659 (‘2)
3225 4589 3322 4658 τῆς
3370 4585 3626 4657 μονῆςοῆ

351 4670 580 4727 domum
612 4672 1005 4739 reclinabunt;
1038 4676 1138 4733 sed
1172 4678 1345 4737 libera
1372 4682 1600 4745 omnino
1657 4695 1845 4752 erunt,
1883 4697 1944 4741 ut

2044 4686 2154 4740 τῶν
2203 4687 2523 4758 οἰκημάτων
2568 4682 3044 4756 ἐπακουμόίσουσί
3097 4699 3151 4736 τι
3207 4682 3449 4751 οἴκημα·
3500 4677 3628 4751 βάλλ’

348 4781 379 4820 a
412 4764 574 4821 nobis
608 4779 889 4824 exsuucta
940 4780 1091 4826 sunt.
1134 4770 1180 4827 A
1207 4774 1358 4829 nulla
1394 4791 1527 4831 vero
1581 4792 1942 4847 personarum

2044 4778 2309 4849 ιλεύθερα
2362 4778 2538 4849 πάντη
2594 4777 2832 4839 ἔσονται,
2865 4774 3050 4838 καθὼς
3100 4776 3234 4848 παρ’
3263 4775 3421 4846 ἡμῶν
3468 4772 3628 4844 γεγό-

346 4856 551 4926 quibus
573 4859 924 4929 praefatarum
970 4862 1260 4919 domorum
1293 4870 1572 4936 possessio
1592 4877 1647 4923 et
1677 4869 1947 4925 habitatio

2043 4888 2186 4926 νασι.
2226 4870 2410 4934 Ξένοις
2453 4870 2509 4923 δὲ
2560 4868 2877 4940 προσώποις
2918 4868 2950 4938 ἢ
2995 4869 3063 4922 δι’
3101 4867 3558 4939 ἀπεμπολήσεως,
3592 4865 3625 4937 ἢ

348 4949 625 5020 assignata
672 4961 779 5017 est,
815 4969 952 5011 usus
985 4972 1177 5013 earum
1210 4961 1494 5016 extraneis
1523 4962 1780 5030 personis
1831 4981 1938 5019 un-

2050 4964 2391 5037 μισθώσεως,
2426 4964 2458 5036 ἢ
2507 4962 2872 5031 άνταλλαγῆς,
2909 4961 2940 5032 ἢ
2976 4961 3205 5031 δωρεᾶς,
3240 4960 3272 5032 ἢ
3322 4958 3625 5028 ὑποθήκης,

349 5056 519 5109 quam
555 5044 917 5112 concedetur,
948 5048 1065 5104 sive
1105 5050 1450 5119 venditione,
1489 5053 1607 5108 sive
1658 5056 1936 5121 mercede,

2046 5059 2079 5129 ἢ
2126 5056 2472 5129 ἐνεχύρου,ῆ
2522 5056 2709 5127 ἑτέρου
2744 5054 3059 5126 οίουδήποτε
3096 5053 3323 5122 τρόπου,
3366 5051 3497 5121 παρ’
3532 5050 3627 5101 ού-

349 5143 446 5187 aut
497 5136 958 5203 commutatione,
1012 5139 1308 5209 autdono,
1363 5146 1451 5199 vel
1484 5144 1812 5216 hypotheca,
1845 5154 1941 5203 aut

2044 5146 2196 5212 δενδς
2223 5147 2335 5202 τῶν
2365 5146 2677 5217 προσώπων
2704 5144 2812 5198 τῶν
2841 5143 3169 5216 ὁρισθέντων
3219 5140 3364 5212 ἔχειν
3393 5139 3491 5211 τὴν
3517 5137 3626 5191 τῶν

349 5225 828 5296 oppigneratione,
871 5248 968 5288 seu
1029 5233 1140 5290 alio
1168 5235 1368 5305 quovis
1417 5238 1602 5290 modo.
1625 5236 1731 5293 Sed
1759 5255 1939 5311 neque

2048 5239 2538 5313 μνημονευθέντων
2560 5239 2879 5309 οἰκημάτων
2919 5234 3177 5306 κατοχὴν,
3215 5233 3309 5288 καὶ
3330 5233 3525 5303 νομὴν,
3589 5231 3623 5298 ἡ

349 5320 577 5376 cumino
620 5326 994 5394 permittetur,
1023 5337 1084 5383 ut
1108 5329 1203 5397 qui
1234 5329 1448 5399 talejus
1470 5330 1734 5399 possidet,
1767 5334 1936 5388 alium

2041 5335 2253 5388 τούτων
2284 5333 2483 5405 χρῆσις
2509 5332 2867 5401 ὁπωσδήποτε
2902 5328 3349 5400 ἐκχωρηθήσεται
3373 5323 3517 5398 [ὲγχ.
3538 5321 3586 5395 ?]
3609 5337 3622 5351 '

350 5414 405 5468 in
448 5415 586 5487 ipsis
643 5418 1023 5477 habitaturum
1083 5422 1420 5488 introduc-at,
1471 5439 1596 5478 cum
1647 5424 1763 5496 ipse
1797 5426 1937 5482 forte

2006 5428 2158 5483 ιάλλ⁹
2210 5427 2331 5482 οὐδὲ
2382 5425 2567 5489 ἁπλῶς
2617 5424 2885 5478 ὲνοικίσαι
2936 5422 3059 5481 τινὰ
3106 5421 3296 5492 ἕτερον
3336 5422 3394 5473 ἐν
3440 5418 3625 5478 αὐτοῖς

1587 5543 2049 5607 Montfauconii
2119 5553 2302 5609 uotae.

425 5655 502 5735 (2)
548 5657 804 5735 Ἀριιξῷνη
841 5660 1091 5735 τοίχων.
1158 5660 1342 5719 Muros
1394 5663 1689 5719 dirimendi
1750 5663 1928 5719 solum
1968 5681 2044 5721 ca:

2003 5682 2133 5723 ausa
2192 5677 2507 5724 exstructos
2563 5673 2724 5722 vocat
2768 5663 2996 5735 ἀργοὺς,
3051 5678 3150 5721 seu
3190 5663 3419 5728 otiosos,
3470 5660 3618 5733 quod

352 5728 561 5783 nullam
592 5728 807 5785 aedilicii
836 5731 1033 5786 molem
1069 5731 1266 5789 ferant.
3602 5778 3613 5785 ς
