4100 6434
351 324 501 392 1H3

1806 344 1898 405 TY
1910 346 2162 408 PlCUM.

3478 360 3619 424 1114

347 443 849 516 συγχωρηθήσεται
878 445 907 498 ὸ
952 444 1012 498 τὸ
1042 444 1284 499 τοιοῦτον
1322 449 1663 521 κτησάμενος
1704 452 1934 517 δίκαιον,

2043 459 2171 516 alibi
2200 464 2478 533 propriam
2505 468 2901 525 rccrcationem
2935 470 3134 528 habeat
3159 492 3173 542 ;
3211 474 3326 531 hate
3350 475 3495 530 cnim
3523 493 3620 547 pe-

342 538 496 609 ἕχων
545 541 676 599 ἴσως
704 537 941 609 ἀλλαχοῦ
983 538 1083 607 τὴν
1130 541 1338 595 οῖκεέαν
1380 543 1724 598 ἀνάπαυσιν·
1763 547 1937 600 ταῦτα

343 634 465 702 γὰρ
500 631 779 696 παντελῶς
804 633 1155 702 ἀπείργομεν,

423 725 491 777 Ei
532 724 589 776 δέ
628 740 759 776 ποτε
804 723 854 789 (ὃ
884 724 960 794 μὴ
994 724 1229 792 γένοιτο)
1264 724 1323 778 τὸ
1370 726 1669 796 πρόσωπον
1701 730 1760 784 τὸ
1811 733 1935 786 καθ’

343 815 661 886 οῖονδήτινα
694 814 890 885 καιρὸν
937 814 1032 887 τὴν
1084 820 1280 887 χρῆσιν
1309 817 1430 890 ἔχον
1469 821 1580 873 τῶν
1617 824 1936 894 οἰκημάτων

342 908 457 976 τῆς
502 907 671 976 μονῆς
720 907 1155 976 (ἐπαναληπτέον
1200 910 1310 981 γὰρ
1354 913 1447 964 καὶ
1484 910 1643 977 αὖθις
1683 915 1774 968 τὸν
1807 918 1936 985 περὶ

341 998 536 1054 αὐτῶν
562 997 764 1068 λόγον),
793 1001 949 1070 ἐνοχῇ
987 1017 1091 1054 τινι
1117 1001 1502 1073 καθυποεληθῇ
1536 1004 1865 1075 δημοσιακῇ.
1901 1007 1932 1076 ἦ

344 1093 628 1162 ἰδιωτικῇ.
652 1091 713 1156 ἐξ
735 1091 1066 1161 οῑουδήτινος
1089 1092 1314 1162 τρόπου,
1340 1099 1656 1166 χρηματικῇ
1681 1097 1712 1166 ἦ
1738 1099 1935 1167 ἐγκλη-

347 1185 652 1255 ματικῇ,ἢ
688 1186 783 1238 καὶ
813 1185 1142 1239 καθοσιτῦσει
1181 1186 1558 1254 ύποπεσεῖται,
1593 1190 1651 1241 ού
1687 1190 1934 1258 βούλεται

341 1281 377 1350 ἡ
412 1279 664 1349 βασιλεία
693 1296 795 1346 μου
821 1279 1253 1349 ἐνοχοποιεῖσθαι
1282 1280 1351 1333 τὰ
1380 1282 1601 1335 τοιαῦτα
1634 1285 1934 1353 οἰκήματα,

341 1369 377 1438 ἢ
411 1367 515 1438 τὴν
553 1366 736 1421 αὐτῶν
764 1366 983 1437 χρῆσιν,
1032 1366 1171 1421 ἀλλὰ
1220 1367 1405 1436 μένειν
1448 1369 1708 1434 ἐλεύθερα
1757 1372 1937 1442 πάσης

342 1462 567 1531 ἐνοχῆς.
594 1460 704 1514 Καὶ
730 1460 780 1513 si
811 1460 909 1529 μὲν
933 1460 1250 1531 χρηματική
1270 1460 1353 1524 τίς
1370 1463 1568 1532 ἐστινὴ
1594 1464 1770 1534 ἐνοχὴ,
1801 1481 1905 1517 κατ
1923 1495 1935 1503 -

343 1554 500 1624 ἐχειν
560 1552 731 1604 ταῦτα
784 1554 879 1603 καὶ
937 1550 1201 1621 νέμεσθαι
1268 1548 1424 1616 αὖθις
1471 1554 1604 1607 αὐτὸ
1655 1557 1830 1608 ἐκεῖνο
1873 1556 1936 1608 τὺ

346 1644 671 1714 πρόσωπον,
708 1643 766 1697 τὸ
796 1643 893 1714 τὴν
927 1644 1123 1713 χρῆσιν
1163 1643 1287 1713 ἔχον
1323 1644 1563 1698 ’τούτων⁹
1595 1647 1698 1700 κᾶν
1726 1648 1758 1717 ή
1801 1646 1932 1718 ἄλλη

348 1742 505 1793 πᾶσα
556 1737 845 1806 περιουσία
891 1737 1082 1791 τούτου
1125 1740 1236 1801 τοῖς
1268 1738 1573 1810 χρεώσταις
1617 1741 1748 1801 iam;
1794 1741 1936 1794 κατὰ

352 1833 558 1900 νόμους
613 1830 923 1882 ὑπόκειται.
957 1827 1105 1897 Αὕτη
1136 1829 1245 1900 γὰρ
1277 1833 1310 1902 ἡ
1359 1832 1554 1901 χρῆσις
1595 1833 1687 1885 καὶ
1729 1835 1930 1901 κατοχὴ
1964 1822 2007 1879 Β

356 1923 474 1975 τῶν
503 1922 749 1973 τοιούτων
777 1920 1115 1991 οἰκημάτων,
1144 1923 1239 1976 καὶ
1274 1923 1383 1975 τῶν
1415 1925 1508 1977 ὑπ’
1547 1924 1685 1978 αὐτὰ
1714 1926 1932 1978 πάντων

361 2012 675 2081 ὑπερτερεῖν
705 2009 982 2079 ὀφείλουσι
1029 2012 1209 2079 πάσης
1247 2016 1597 2083 χρηματικῆς
1627 2014 1835 2083 ἐνοχῆς,
1862 2015 1935 2074 ὡς

358 2103 780 2167 τοιουτοτρόπως
808 2104 1287 2173 παραπεμπούσης
1323 2105 1495 2159 ταῦτα
1534 2106 1635 2174 τῆς
1659 2106 1936 2176 βασιλείας

356 2211 463 2266 μου
497 2194 631 2263 πρὸς
677 2194 806 2256 τοὺς
871 2193 1166 2262 μέλλοντας
1214 2195 1390 2250 ταῦτα
1446 2197 1720 2268 κατέχειν.
1767 2200 1828 2250 Εἰ
1879 2198 1935 2250 δέ

351 2287 734 2357 ἐγκληματική
775 2288 995 2358 ἐστινὴ
1056 2287 1282 2357 εύθύνη,
1339 2288 1371 2359 ἢ
1433 2289 1789 2353 καθοσίωσις,
1842 2291 1938 2342 καὶ

352 2376 647 2429 ἐκπίπτειν
683 2375 866 2446 μέλλοι
896 2377 993 2445 τῆς
1036 2377 1296 2449 τοιαύτης
1343 2382 1615 2449 χρήσεως,
1647 2378 1734 2433 ἵνα
1763 2380 1935 2431 ἐπαν-

354 2469 584 2539 έρχηται
622 2466 763 2534 αὕτη
795 2468 876 2530 εις
923 2468 984 2520 τὸ
1019 2468 1361 2536 καλούμενον
1391 2470 1512 2537 μετ’
1542 2470 1675 2522 αὐτὸ
1724 2472 1940 2539 πρόσω-

366 2577 475 2617 πον,
498 2560 642 2613 κατὰ
662 2562 761 2630 τὴν
784 2562 1041 2632 ἀνωτέρω
1063 2561 1326 2628 διάστιξιν
1344 2565 1436 2615 καὶ
1459 2565 1741 2634 διαίρεσιν.
1785 2567 1935 2618 Ἐπιο

356 2653 624 2706 λιπόντων
675 2653 732 2705 δὲ
781 2653 888 2704 τῶν
946 2657 1256 2724 προσώπων
1287 2654 1440 2719 ἴσως,
1486 2656 1938 2710 ἐπανελεύσονται

354 2748 493 2817 πρὸς
526 2747 624 2818 τὴν
656 2746 947 2802 δεσπότιδα
979 2750 1170 2817 μονήν.

426 2841 544 2894 Κάν
593 2857 725 2893 ποτε
779 2840 1112 2911 ἴσως(ὃπερ
1157 2841 1419 2912 ἀπέστω)
1472 2841 1821 2909 πυρίκαυστα
1869 2841 1939 2895 τὰ

352 2934 583 2989 τοιαῦτα
616 2934 893 3003 οἰκήματα
917 2933 1209 3001 γένωνται,
1238 2935 1301 2985 ἐκ
1329 2934 1548 3003 μέρους,
1572 2934 1605 3003 ἢ
1632 2933 1690 2998 ἐξ
1717 2934 1939 3004 ὁλοκλή-

356 3044 478 3100 pou,
512 3027 573 3078 οὐ
608 3026 857 3095 βούλεται
888 3026 921 3094 ἡ
951 3023 1204 3092 βασιλεία
1238 3041 1340 3095 μου
1363 3023 1644 3095 σχολάζειν
1673 3022 1772 3095 τὴν
1806 3024 1941 3094 χρῆ-

358 3137 465 3184 σιν,
500 3119 575 3181 ὡς
601 3118 710 3171 τῶν
756 3117 1094 3187 οἰκημάτων,
1142 3118 1200 3170 ἐν
1243 3112 1325 3181 οἷς
1368 3117 1656 3188 θεωρεῖται
1687 3116 1939 3184 ἰγκατοί-

357 3226 542 3277 κητις.
603 3210 684 3271 εἰς
747 3208 809 3261 τ’)
862 3207 937 3279 μὴ
1000 3205 1140 3262 εἶναι
1195 3209 1603 3281 χωρησάντωνο
1665 3208 1801 3262 ἀλλὰ
1850 3208 1941 3261 τὸν

355 3303 659 3373 τηνικαῦτα
699 3301 758 3353 τὸ
780 3300 988 3354 δίκαιον
1015 3301 1113 3371 τῆς
1143 3301 1402 3372 τοιαύτης
1434 3301 1687 3373 χρήσεως
1724 3302 1940 3372 ἔχοντα,

357 3398 501 3452 κατὰ
530 3396 632 3467 τὴν
657 3395 865 3450 ἄνωθεν
887 3395 1246 3462 διατύπωσιν,
1271 3394 1415 3464 ἔχειν
1443 3396 1538 3448 καὶ
1568 3395 1729 3449 πάλιν
1749 3394 1939 3467 αὐτὴν,

358 3492 451 3543 καὶ
481 3489 736 3558 κατέχειν
776 3489 846 3542 τὰ
874 3488 1097 3542 τοιαῦτα
1127 3488 1331 3552 δίκαια,
1361 3486 1436 3550 ὡς
1464 3488 1671 3542 ἄνωθεν
1701 3489 1941 3559 εἴρηται,

361 3585 456 3636 καὶ
483 3582 718 3653 χρῆσθαι
748 3581 980 3643 τούτοις,
1013 3580 1207 3657 ἔχοντα
1246 3580 1435 3633 ἄδειαν
1467 3579 1837 3648 ἀνοικοδομεῖν
1867 3582 1943 3632 oi-

365 3676 590 3745 κήματα
627 3676 686 3727 ἐν
714 3676 827 3736 τοῖς
857 3673 1046 3737 τόποις
1074 3672 1184 3725 τῶν
1222 3671 1559 3738 καυθέντων,
1591 3673 1749 3724 ὁποῖα
1780 3671 1942 3725 δύνα-

370 3783 491 3818 ται⁹
521 3767 624 3820 τῶν
654 3766 975 3830 διαστὶξεων
1025 3765 1134 3818 τῶν
1164 3767 1294 3835 περὶ
1329 3762 1424 3817 τοῦ
1469 3764 1942 3835 παραπέμπεσθαι

372 3857 559 3920 ταῦτα.
584 3862 673 3913 καὶ
700 3858 1110 3930 περιέρχεσθαι,
1146 3856 1327 3920 καθὼς
1357 3858 1567 3911 ἄνωθεν
1609 3861 1943 3926 σαφέστερον

365 3950 601 4020 εἴρηται,
654 3951 927 4014 σώζεσθαι
979 3951 1074 4003 καὶ
1122 3948 1296 4013 οὕτως
1334 3950 1687 4018 όφειλουσῶν,
1743 3951 1835 4003 καὶ
1886 3952 1945 4002 τὸ

367 4042 585 4112 laxqu
606 4042 750 4112 ἔχειν
782 4043 878 4096 καὶ
917 4043 1166 4114 ἐνεργόν.

436 4134 582 4206 Πλὴν
605 4136 704 4188 οὐκ
738 4135 951 4200 ἐξέσται
983 4136 1090 4188 τινὶ
1126 4136 1331 4190 τούτων
1364 4136 1634 4190 ἐκδιδόναι
1664 4135 1756 4188 τὸν
1777 4134 1942 4187 τόπον

366 4228 504 4294 πρός
537 4244 660 4281 τινα
694 4228 1019 4299 κηπεύσεως
1058 4229 1240 4299 χάριν,
1273 4230 1305 4301 ἢ
1352 4229 1579 4293 κτίσεως
1628 4228 1941 4280 ἐνοικικῶν·

364 4320 501 4374 ἀλλὰ
523 4321 687 4375 πάλιν
700 4323 783 4375 ἔτε
793 4338 860 4393 ρα
874 4323 989 4375 ἀντ’
1013 4322 1203 4385 αὐταῖς
1220 4321 1377 4394 [-τῶν
1393 4320 1439 4393 ?]
1464 4322 1641 4376 οἰκοδο
1649 4321 1841 4391 μῆσαι,
1856 4314 1943 4373 οἷα

367 4413 615 4481 δύναται,
649 4414 744 4469 ἐπὶ
793 4415 873 4486 τῷ
907 4416 1244 4485 καταμένειν
1273 4416 1332 4468 ἐν
1380 4415 1586 4478 αὐτοῖς.
1641 4415 1744 4467 Τὸν
1770 4414 1826 4467 δὲ
1869 4412 1946 4481 τῷ

2038 558 2189 612 nitus
2218 560 2598 628 prohibemus.

2107 743 2162 797 Si
2198 759 2328 796 vero
2380 744 2547 815 (quod
2595 745 2767 815 absit),
2802 760 3034 815 persona
3078 763 3200 816 qua:
3251 749 3448 818 quovis
3479 759 3617 803 tem-

2035 850 2171 905 pore
2232 835 2523 890 domorum
2583 840 2901 892 monasterii
2966 855 3063 893 usu
3124 841 3366 908 potietur
3414 841 3618 901 (sermo

2036 929 2183 982 enim
2213 929 2281 982 de
2335 928 2444 982 illis
2475 929 2660 982 denuo
2697 931 3062 984 resumendus
3108 932 3239 996 est),
3290 931 3615 1001 obligationi

2036 1020 2275 1089 cuipiam
2306 1020 2659 1090 subjiciatur,
2694 1022 2929 1090 publica:
2959 1031 3056 1076 aut
3079 1025 3327 1091 privatas,
3354 1037 3420 1075 ex
3440 1020 3618 1090 quali-

2037 1115 2128 1163 bet
2156 1110 2385 1170 ratione,
2424 1110 2776 1177 pecuniaria},
2807 1118 2902 1163 aut
2935 1111 3230 1173 criminali,
3259 1111 3343 1164 vel
3371 1112 3413 1163 si
3447 1110 3615 1163 etiam

2036 1201 2437 1256 condemnatus
2496 1200 2709 1256 fuerit:
2744 1218 2854 1256 non
2916 1204 3032 1256 vult
3064 1202 3357 1271 imperium
3409 1217 3613 1263 meum,

2039 1303 2099 1346 ut
2125 1292 2435 1363 hujusmodi
2473 1293 2672 1348 domus
2703 1306 2798 1348 aut
2823 1310 3013 1348 earum
3041 1311 3172 1350 usus
3222 1294 3614 1364 obligationem
3701 1325 3707 1330 -

2038 1383 2401 1446 contrahant;
2432 1383 2525 1437 sed
2560 1385 2992 1439 maneantomni
3023 1385 3363 1455 obligatione
3403 1385 3614 1438 liberas.

2038 1476 2172 1529 Etsi
2204 1476 2424 1538 quidem
2458 1475 2777 1544 pecuniaria
2818 1476 2988 1531 fuerit
3049 1477 3338 1547 obligatio,
3383 1491 3617 1545 persona

2037 1583 2160 1636 qua:
2187 1567 2405 1621 illarum
2432 1582 2531 1621 usu
2582 1568 2814 1637 potitur,
2851 1570 2996 1638 ipsas
3026 1585 3229 1623 rursus
3261 1569 3511 1623 obtineat
3561 1575 3620 1620 et

2038 1659 2320 1729 possideat
2345 1677 2357 1712 :
2392 1660 2522 1714 licet
2557 1661 2775 1715 residua
2802 1662 2921 1731 ejus
2955 1662 3135 1716 omnis
3161 1660 3470 1716 substantia
3493 1673 3616 1713 cre—

2040 1753 2319 1806 ditoribus
2378 1752 2685 1807 secundum
2743 1754 2894 1823 leges
2928 1754 3070 1808 forte
3122 1755 3424 1824 suhjaceat.
3480 1752 3621 1807 Usus

2038 1843 2185 1897 cnim
2226 1853 2281 1897 et
2314 1846 2588 1913 possessio
2610 1845 2884 1914 ejusmodi
2939 1845 3254 1910 domorum,
3284 1859 3340 1898 et
3372 1842 3619 1895 omnium

2037 1951 2158 2004 quae
2193 1935 2259 1989 ad
2289 1935 2405 2005 ipsa
2458 1946 2707 2005 spectant
2740 1937 3037 2005 praevalere
3085 1935 3250 1990 debet
3279 1933 3428 1988 omni
3459 1948 3624 2003 pecu-

2038 2028 2227 2083 niaria:
2257 2029 2577 2097 obligationi
2606 2047 2620 2094 ;
2651 2030 2940 2098 imperium
2967 2030 3168 2099 quippe
3202 2042 3383 2082 meum
3416 2041 3479 2079 ca
3503 2023 3621 2093 lege

2040 2120 2162 2173 illas
2199 2120 2526 2173 transmittit
2554 2120 2622 2174 iis
2663 2120 2762 2190 qui
2813 2121 3035 2175 easdem
3106 2117 3417 2189 posscssuri
3468 2127 3618 2170 sunt.

2040 2213 2094 2265 Si
2122 2223 2304 2267 autem
2329 2213 2635 2268 criminalis
2662 2214 2734 2268 sit
2764 2215 3064 2278 accusatio,
3102 2213 3187 2267 vel
3209 2208 3620 2269 condemnatio,

2039 2315 2093 2359 et
2162 2305 2479 2377 ltujusmodi
2522 2321 2626 2360 usu
2712 2305 2971 2361 excidere
3033 2306 3253 2371 debeat,
3312 2312 3624 2357 revertatur

2042 2396 2157 2465 ipse
2181 2411 2315 2451 usus
2338 2395 2405 2450 ad
2443 2410 2755 2466 personam,
2781 2395 2868 2449 cui
2900 2405 3023 2465 post
3049 2396 3203 2451 illum
3241 2394 3290 2448 is
3338 2391 3621 2461 competit,

2034 2490 2187 2559 juxta
2251 2491 2592 2557 superiorem
2656 2487 3067 2543 distinctionem
3147 2495 3205 2541 et
3270 2484 3622 2539 divisionem.

2039 2579 2095 2635 Si
2118 2579 2260 2635 forte
2285 2579 2544 2633 deﬁciant
2574 2594 2842 2649 personae,
2885 2579 2952 2633 ad
2986 2578 3292 2643 dominum,
3332 2590 3527 2642 nempe
3555 2570 3626 2635 ad

2040 2670 2460 2733 monasterium,
2495 2679 2869 2725 revertentur.

2110 2858 2167 2913 Si
2194 2872 2325 2913 vero
2348 2856 2546 2911 domus
2568 2856 2673 2911 illae
2696 2855 2862 2926 (quod
2887 2853 3053 2920 absit)
3079 2853 3334 2910 incendio
3382 2824 3622 2920 unquam

2040 2950 2343 3020 depereant
2370 2964 2436 3003 ex
2473 2954 2624 3017 parte
2658 2947 2741 3000 vel
2775 2961 2840 3000 ex
2875 2954 3013 3009 toto,
3041 2961 3151 3000 non
3173 2944 3289 2998 vult
3320 2943 3623 3012 imperato-

2044 3043 2121 3098 ria
2155 3057 2272 3097 mea
2309 3040 2586 3108 majestas,
2624 3049 2684 3093 ut
2714 3046 2894 3093 cesset
2919 3037 3011 3092 ille
3044 3052 3197 3100 usus,
3229 3043 3418 3104 utpote
3445 3031 3625 3086 domi-

1966 3163 2011 3222 ο
2043 3135 2148 3190 bus
2180 3134 2233 3188 in
2266 3133 2468 3204 quibus
2506 3131 2779 3185 habitatio
2832 3144 2955 3184 esse
2998 3143 3159 3199 posse
3207 3127 3479 3190 cernitur,
3516 3138 3625 3177 non

2044 3228 2281 3297 amplius
2309 3224 2695 3280 exstantibus:
2732 3223 2825 3279 sed
2857 3223 2951 3293 qui
2978 3233 3109 3276 tunc
3136 3221 3402 3289 temporis
3434 3218 3629 3287 hujus-

2044 3319 2191 3375 modi
2219 3333 2354 3373 usus
2386 3318 2510 3388 jure
2544 3317 2753 3386 potitur
2799 3315 2953 3385 juxta
2986 3312 3331 3382 superiorem
3383 3307 3627 3363 sanctio-

2045 3429 2191 3484 nem.
2224 3411 2408 3466 denuo
2433 3410 2582 3464 illum
2616 3408 2883 3473 obtineat,
2924 3416 2981 3461 et
3005 3402 3325 3476 hujasmodi
3350 3402 3441 3473 jus
3492 3414 3629 3454 con-

2045 3515 2248 3567 servet,
2279 3512 2340 3558 ut
2378 3517 2544 3573 supra
2602 3501 2813 3556 dictum
2848 3507 2954 3563 est,
3012 3500 3215 3567 illoque
3276 3495 3520 3556 fruatur;
3568 3507 3632 3548 ac

2047 3611 2216 3667 penes
2242 3595 2394 3650 illum
2421 3594 2529 3648 erit
2553 3593 2607 3647 in
2635 3591 2773 3647 locis
2803 3591 3219 3646 evmhustarum
3248 3602 3417 3642 novas
3440 3586 3634 3640 domos

2045 3687 2346 3750 tedifieare,
2396 3686 2589 3756 quales
2646 3682 2874 3754 poterit.
2903 3684 2983 3738 Eo
3016 3694 3177 3752 pacto
3244 3679 3634 3734 distinctiones

2047 3781 2117 3836 de
2170 3796 2361 3835 earum
2401 3777 2820 3834 transmissione
2875 3784 2932 3828 et
2969 3774 3347 3834 devolutione,
3380 3781 3438 3823 ut
3467 3784 3632 3836 supra

2046 3874 2313 3945 liquidius
2357 3872 2565 3927 dictum
2594 3878 2699 3936 est,
2749 3869 2957 3923 servari
3012 3866 3242 3930 debent,
3294 3865 3518 3933 vimque
3577 3871 3633 3916 et

2047 3966 2347 4022 cllicaciam
2382 3966 2612 4021 habere.

2119 4149 2414 4212 Caeterum,
2462 4142 2824 4200 non~licebit
2858 4141 3116 4209 cuiquam
3160 4153 3225 4193 ex
3282 4134 3392 4191 illis
3448 4133 3629 4188 locum

2050 4242 2362 4299 conducere
2392 4239 2553 4293 alicui
2580 4237 2869 4290 hortorum
2901 4230 3281 4311 parandorum
3310 4242 3498 4289 causa,
3547 4225 3631 4280 vel

2050 4335 2117 4389 ad
2173 4331 2539 4388 exstruendas
2594 4327 2966 4383 conductitias
2999 4323 3244 4378 domos:
3292 4320 3387 4375 sed
3442 4332 3635 4372 rursus

2051 4427 2187 4480 alias
2212 4430 2521 4487 construat,
2564 4420 2756 4490 quales
2788 4417 3014 4488 poterit,
3041 4423 3102 4469 ut
3142 4415 3197 4469 in
3222 4412 3356 4484 ipsis
3403 4410 3635 4465 habitet.

362 4506 518 4577 τόπῳ
548 4508 899 4578 χρησάμενον
926 4508 1132 4578 ἑτέρως
1174 4507 1327 4578 παρά
1371 4507 1461 4562 τὸν
1504 4506 1750 4578 παρόντα
1785 4505 1943 4574 ἡμῶν

2051 4518 2155 4585 Qui
2203 4526 2387 4571 autem
2441 4517 2563 4571 loco
2605 4522 2811 4577 utetur,
2860 4509 3022 4567 modo
3058 4523 3088 4563 a
3160 4507 3411 4578 prmsenti
3455 4515 3636 4559 nostra

363 4599 617 4670 ὁρισμὸν,
650 4600 941 4654 ἐκπίπτειν
972 4601 1178 4654 τούτων
1202 4600 1570 4670 διοριζόμεθα,
1601 4601 1701 4653 καὶ
1723 4600 1950 4670 περιέρ-

363 4693 555 4761 χεσθαι
594 4691 771 4744 ταῦτα
814 4691 954 4762 πρὸς
985 4692 1049 4745 τὸ
1096 4694 1236 4763 μετὰ
1267 4693 1370 4762 ξτὸν
1413 4692 1741 4755 ἐκπεσόντα,
1787 4693 1820 4763 ἢ
1852 4694 1953 4762 τὴν

367 4784 734 4851 ἐκπεσοῦσαν,
768 4783 1106 4857 καλούμενον
1133 4787 1450 4857 πρόσωπον,
1475 4785 1662 4853 καθὼς
1691 4785 1953 4854 ἀνωτέρω

364 4878 695 4948 διείληπται.

440 4971 628 5033 Πάσας
665 4970 850 5039 μέντοι
901 4971 1002 5035 τὰς
1060 4970 1462 5040 διαλειφθεῑσας
1511 4970 1602 5044 [ι’.
1634 4968 1950 5041 διαληφθεί-

372 5061 500 5135 σας]
528 5063 736 5128 ταύτας
786 5064 1053 5133 διαταγὰς
1105 5081 1164 5117 τε
1198 5065 1295 5118 καὶ
1342 5064 1640 5130 διαστῑξεις
1687 5046 1953 5133 βούλομαι

370 5157 599 5229 βεὸαιας
626 5158 809 5228 μένειν
828 5174 842 5188 ο
888 5158 963 5229 μὴ
994 5159 1210 5230 ἔχοντος
1242 5158 1427 5213 ἄδειαν
1474 5156 1572 5210 τοῦ
1621 5157 1821 5227 μέρους
1854 5156 1953 5226 τῆς

371 5251 541 5321 μονῆς
592 5251 717 5305 καθ’
769 5251 1072 5322 οἱονδήτινα
1119 5252 1320 5323 τρόπον
1370 5250 1703 5313 ἀπεναπίας
1751 5252 1952 5321 χωρεῖν

368 5339 482 5395 τῶν
511 5341 662 5411 παρά
686 5342 784 5408 τῆς
822 5340 1103 5411 βασιλείας
1136 5359 1240 5413 μου
1267 5340 1648 5412 διορισθέντων
1676 5342 1948 5395 ἐνταυθοῖ.

372 5435 489 5506 Τὴν
518 5436 627 5507 γὰρ
676 5435 1065 5507 προσκύρωσιν
1115 5436 1225 5489 τῶν
1255 5435 1511 5488 τοιούτων
1563 5436 1836 5507 ἀκινήτων
1879 5435 1957 5488 δι·-

370 5527 549 5581 καίων
613 5529 750 5597 πρὸς
784 5530 847 5581 τὸ
897 5531 998 5599 τῆς
1036 5529 1204 5599 μονῆς
1257 5528 1443 5596 μέρος,
1478 5525 1621 5581 οὕτω
1670 5529 1764 5581 καὶ
1816 5527 1956 5601 μετὰ

370 5620 636 5675 τοιούτων
672 5621 992 5688 διαστίξεων
1016 5621 1313 5690 ἐποιήσατο
1343 5619 1437 5671 καὶ
1469 5622 1704 5672 ποιεῖται
1742 5620 1776 5689 ἠ
1803 5618 1953 5689 βασι·

367 5714 492 5766 λεὲα
522 5730 619 5782 μου
645 5728 658 5741 ·
687 5714 780 5767 καὶ
812 5713 953 5766 κατὰ
974 5715 1100 5775 τοὺς
1131 5712 1456 5785 εἰρημένους
1481 5712 1714 5780 τρόπους
1738 5711 1955 5766 διατάτ-

367 5822 523 5862 τεται
554 5805 652 5878 τὴν
677 5806 995 5863 δεσποτείαν
1028 5804 1207 5860 αὒτῶν
1245 5806 1783 5878 προσκεκυρωμένην
1814 5801 1949 5860 εἶναι

2055 4609 2343 4664 sanctione
2364 4606 2567 4670 alieno,
2594 4603 2896 4660 statuimus
2941 4609 3004 4656 ut
3057 4598 3105 4652 is
3148 4598 3260 4651 illis
3314 4593 3550 4657 excidat,
3581 4600 3637 4645 et

2054 4701 2425 4757 devolvuntur
2451 4701 2516 4754 ad
2542 4711 2834 4769 personam
2875 4694 2962 4748 cui
3013 4700 3140 4761 post
3185 4688 3336 4742 illum
3371 4684 3456 4738 vel
3488 4683 3636 4737 illam

2054 4809 2179 4863 qua;
2212 4792 2281 4847 iis
2305 4791 2533 4856 excidit,
2571 4788 2628 4843 id
2651 4785 2936 4855 competit,
2977 4789 3039 4836 ut
3060 4777 3317 4848 superius
3336 4774 3633 4830 dissertum

2054 4895 2157 4940 cst.

2125 4976 2330 5032 Omnes
2354 4974 2524 5045 igitur
2559 4972 2862 5042 explicatas
2892 4967 3208 5022 sanctiones
3235 4972 3291 5019 et
3317 4958 3638 5017 distinctio-

2058 5087 2156 5126 nes
2193 5079 2338 5124 ratas
2365 5081 2589 5122 manere
2623 5064 2770 5127 volo,
2797 5070 2858 5117 ut
2884 5076 2992 5115 non
3024 5061 3201 5129 possit
3244 5055 3643 5112 monasterium

2057 5163 2308 5234 quolibet
2341 5159 2504 5214 modo
2530 5155 2811 5211 adversari
2865 5153 2934 5208 iis
2975 5168 3094 5222 quzc
3128 5151 3219 5207 hie
3255 5168 3284 5204 a
3311 5164 3434 5204 mea
3470 5148 3647 5216 maje-

2056 5264 2199 5311 state
2232 5261 2433 5308 statuta
2465 5258 2612 5304 sunt.
2649 5246 3037 5302 Addictionem
3085 5243 3238 5296 enim
3276 5238 3643 5295 immobilium

2059 5348 2281 5403 illorum
2313 5347 2501 5418 jurum
2536 5343 2895 5405 monasterio,
2924 5356 2991 5396 eo
3016 5349 3275 5411 pacto,et
3298 5352 3422 5392 eum
3455 5335 3641 5403 hujus-

2059 5438 2206 5494 modi
2235 5438 2687 5494 distinctionibus
2717 5434 2905 5490 effecit
2929 5443 2983 5486 et
3011 5430 3180 5486 efﬁcit
3206 5431 3465 5501 maiestas
3483 5441 3602 5480 mea
3628 5441 3644 5490 ;

2053 5529 2324 5601 jubctque
2378 5536 2437 5583 ut
2495 5527 2802 5583 secundum
2864 5522 3119 5595 prmlatas
3169 5521 3412 5575 rationes
3463 5516 3643 5570 domi-

2058 5623 2213 5677 nium
2245 5636 2436 5675 earum
2492 5619 2775 5675 addictum
2828 5617 2901 5672 sit
2950 5613 3306 5670 monasterio.
3334 5608 3446 5664 Etsi
3499 5607 3645 5662 forte

2061 5714 2454 5770 monasterium
2481 5713 2607 5784 jura
2661 5709 2912 5781 quaedam
2969 5724 3037 5762 ex
3083 5705 3363 5773 aliquibus
3414 5701 3641 5770 scriptis

2060 5806 2430 5873 documentis,
2478 5814 2576 5861 aut
2628 5803 2852 5861 aliunde
2897 5796 3229 5857 obtineat-in
3265 5795 3386 5852 illas
3421 5793 3637 5857 domos,
