4100 6424
450 327 591 393 1115
1736 326 2018 388 IRENES

2121 327 2450 389 UGUST/E

448 459 664 503 necnon
700 460 757 498 tn
797 451 1019 508 caetera,
1047 450 1105 499 et
1136 443 1191 497 in
1238 457 1462 499 omnem
1496 458 1687 500 earum
1715 444 2018 508 ambitum;

2131 446 2199 514 τῇ
2236 447 2394 515 μονῇ.
2457 444 2574 499 Κᾶν
2611 448 2742 511 ῐσως
2788 449 2848 503 τὸ
2897 451 3062 522 μέρος
3124 450 3292 523 αὐτῆς
3349 452 3532 508 δίκαιά
3588 473 3711 509 τινα

446 552 561 591 non
593 534 709 589 vult
739 533 1029 603 imperium
1062 546 1246 586 meum
1277 531 1559 601 quidpiam
1600 531 1716 587 ﬁeri
1741 542 1943 602 praeter
1965 546 2018 587 ea

2126 535 2392 604 κέκτηται
2417 536 2525 589 ἀπό
2549 554 2712 590 τινων
2738 542 3057 612 ἐγγράφων,
3085 543 3117 614 ἢ
3149 542 3447 613 ἀλλαχόθεν
3476 545 3567 597 ἐπὶ
3596 550 3711 610 τοῖς

447 643 571 698 quae
603 626 693 681 hic
723 624 932 678 sancita
964 631 1116 678 sunt.
1142 623 1342 678 Totum
1371 631 1608 695 namque
1633 625 2018 679 monasterium

2124 624 2391 689 τοιούτοις
2420 628 2541 695 οίκή
2553 646 2706 697 μασι,
2735 633 2827 683 καὶ
2869 633 3101 696 λοιποῖς,
3134 635 3227 686 καὶ
3258 634 3408 705 πάσῃ
3441 635 3621 689 αὐτῶν
3645 641 3708 709 τῇ

3570 333 3708 398 1H6

442 733 572 774 cum
622 716 689 770 iis
721 730 843 784 quae
880 714 983 784 ipsi
1037 714 1328 786 subiacent
1360 724 1418 771 et
1464 716 1613 771 circa
1666 715 1842 784 ipsum
1879 724 2028 780 sunt,

446 810 658 880 magnis
686 809 802 863 suis
831 808 1151 878 sumptibus
1176 820 1233 864 et
1268 809 1527 878 expensis
1552 807 1820 863 excitavit
1854 808 2031 877 impe-

375 887 391 937 ³
444 901 652 956 ratoria
711 914 831 954 mea
888 901 1188 971 majestas;
1218 909 1383 970 atque
1433 901 1572 956 adeo
1620 899 1750 954 licet
1801 901 2029 953 omnino

445 993 546 1063 ipsi
586 993 654 1047 de
686 993 1067 1048 immobilibus
1103 993 1212 1048 illis
1246 1004 1488 1048 statuere
1518 1001 1578 1048 ut
1604 992 1848 1056 libuerit,
1875 992 2022 1047 vult-

442 1100 551 1155 que
590 1087 932 1141 sanctionem
963 1101 1117 1140 suam
1155 1085 1499 1140 immutatam
1526 1100 1773 1140 manere.
1791 1084 1948 1150 Quod
1976 1086 2022 1139 si

440 1177 585 1233 forte
638 1179 909 1233 moniales
950 1179 1098 1232 aliud
1144 1178 1426 1247 quidpiam
1476 1178 1680 1233 molita:
1718 1177 2023 1239 fuerint,in

443 1268 596 1322 nullo
625 1268 885 1322 tribunali
918 1268 1286 1322 admittentur
1317 1285 1330 1320 :
1358 1277 1414 1321 et
1451 1282 1577 1337 qua:
1614 1267 1738 1322 talis
1787 1266 2028 1321 molimi-

444 1358 529 1411 nis
555 1366 810 1413 auctores
832 1359 956 1412 aliis
1008 1357 1235 1421 fuerint,
1267 1374 1299 1412 e
1333 1360 1669 1415 monasterio
1708 1360 2021 1429 ejicientur.

2127 719 2382 786 περιοχῇ.
2421 717 2482 769 ού
2531 717 2782 787 βούλεται
2813 725 2847 792 ὴ
2885 722 3135 793 βασιλεία
3172 741 3273 793 μου
3317 726 3444 779 ἄλλο
3477 745 3528 778 τι
3555 730 3711 795 γενέ-

2127 807 2253 861 σθαι
2294 810 2382 863 ἐπ’
2424 812 2611 875 αὐτοῖς
2660 815 2815 883 παρὰ
2862 815 2930 869 τὰ
2978 816 3236 868 ἐνταυθοῖ
3286 818 3709 887 διατεταγμένα.

2125 898 2236 968 Τὴν
2269 902 2378 970 γὰρ
2409 901 2539 972 ὅλην
2569 903 2739 973 μονὴν
2783 906 2879 959 καὶ
2909 909 2978 959 τὰ
3006 909 3100 960 ὑπ’
3128 909 3298 979 αὐτὴν
3327 910 3423 963 καὶ
3450 912 3578 979 περὶ
3607 913 3713 964 αὐ-

2123 991 2221 1061 τὴν
2252 995 2647 1067 συστησαμένη
2680 1001 2712 1067 ἡ
2745 998 2991 1068 βασιλεία
3022 1019 3122 1071 μου
3162 1001 3221 1066 ἐξ
3245 1004 3465 1056 οἰκείων
3499 1004 3714 1057 πολλῶν

2124 1085 2496 1155 ἁναῖωμάτων
2544 1091 2635 1142 καὶ
2679 1090 2955 1156 δαπανῶν,
2991 1094 3178 1147 ἄδειαν
3224 1094 3340 1165 ἔχει
3375 1097 3592 1160 πάντως
3637 1096 3715 1149 δι-

2123 1176 2413 1244 ορίσασθαι
2465 1180 2559 1234 ἐπὶ
2610 1184 2725 1244 τοῖς
2752 1183 3016 1247 τοιούτοις
3064 1187 3366 1255 ἀκινήτοις,
3405 1186 3466 1239 τὸ
3515 1188 3711 1240 δοκοῦν

2124 1271 2299 1338 αὑτῇ’
2364 1270 2478 1326 παὶι
2510 1273 2759 1345 βούλεται
2812 1277 2903 1329 τὸν
2956 1279 3131 1346 αὐτῆς
3190 1280 3475 1347 διορισμὸν
3524 1282 3711 1349 μένειν

2124 1361 2508 1418 ἀναλλοίωτον.
2564 1367 2681 1420 Κᾶν
2734 1369 3047 1437 πειραθεῖεν
3097 1372 3228 1433 ἴσως
3275 1373 3330 1423 αἱ
3378 1374 3706 1440 μονάζουσαι

440 1452 571 1505 ἄλλο
602 1468 655 1506 τι
704 1451 1078 1523 ἐπιχειρῆσαι,
1151 1453 1517 1521 άπρόσδεκτοι
1564 1453 1781 1507 ἔσονται
1822 1455 1986 1507 παντὶ
2020 1454 2375 1527 δικαπηρὲῳ,
2415 1461 2514 1513 καὶ
2558 1462 2656 1529 τῆς
2706 1463 2871 1531 μονῆς
2921 1463 3378 1533 ἐκδιωχθήσονται
3410 1465 3466 1518 αί
3534 1481 3711 1537 πρωτ-

442 1543 604 1597 αίτιοι
628 1547 747 1607 ταῖς
781 1545 972 1606 ἄλλαις
1001 1544 1103 1612 τῆς
1132 1545 1392 1613 τοιαύτης
1426 1547 1848 1617 ἐπιχειρήσεως.

970 1635 1197 1692 CAPUT
1234 1636 1452 1691 LXXX.

442 1725 602 1785 Deiis
649 1745 769 1800 qua:
818 1731 1194 1800 inspectionem
1245 1730 1553 1785 monasterii
1595 1730 1786 1785 habere
1816 1729 2018 1785 debent.

514 1891 583 1947 Ut
616 1891 844 1946 omnino
874 1906 1098 1946 necesse
1126 1890 1231 1945 fuit
1259 1890 1552 1962 quamdam
1586 1908 1616 1946 a
1641 1908 1727 1946 me
1759 1893 2020 1948 constitui

436 2000 562 2052 qua:
600 1983 937 2039 monasterio
961 1983 1427 2053 patrocinarctur,
1447 1992 1505 2039 et
1533 1994 1757 2039 curaret
1786 1982 2021 2039 infracta

439 2075 495 2128 in
530 2075 789 2130 omnibus
816 2076 1023 2131 servari
1053 2091 1175 2145 qua
1220 2076 1275 2129 in
1304 2078 1488 2147 typico
1513 2076 1896 2142 declarantur;
1929 2076 2025 2131 de-

436 2169 657 2222 ﬁnierat
689 2169 985 2238 imperium
1022 2184 1206 2223 meum
1240 2168 1295 2223 in
1321 2169 1501 2239 capite
1537 2169 1605 2224 de
1639 2169 1707 2223 iis
1737 2184 1860 2238 qua:
1906 2184 2023 2223 mo-

436 2263 681 2317 nasterio
730 2262 1064 2332 patrocinari
1101 2263 1329 2325 debent,
1370 2271 1429 2315 ut
1467 2263 1668 2318 dilecta
1718 2262 1829 2317 ﬁlia
1878 2278 2019 2323 mea.

433 2365 497 2410 et
534 2355 1001 2427 porpltyrogenita
1032 2355 1231 2409 doutna
1277 2353 1518 2409 Eudocia
1556 2355 1733 2423 ipsum
1782 2354 2022 2407 admini-

436 2455 664 2507 straret,
688 2453 745 2500 ct
769 2446 1075 2500 vindicaret
1103 2447 1171 2500 ab
1203 2445 1312 2501 illis
1350 2446 1445 2514 qui
1477 2444 1616 2499 forte
1669 2448 1853 2500 conati
1905 2447 2022 2498 fue-

441 2538 553 2592 rint
594 2538 697 2609 ipsi
748 2538 1008 2593 damnum
1059 2539 1265 2594 inferre
1302 2556 1316 2595 :
1348 2538 1709 2607 studeretque
1760 2538 2019 2592 insiolata

2726 1640 2980 1694 ΚΕΦΑΛ.
3029 1641 3108 1694 11⁸.

2125 1725 2263 1795 Περὶ
2315 1726 2433 1781 τῶν
2467 1728 2849 1797 dgniova
2889 1733 3054 1811 ἔχειν
3114 1733 3231 1800 τὴν
3280 1734 3560 1804 ἔξευρε-ιιι.⁸
3603 1733 3715 1804 τῆς

2851 1818 3024 1859 υνυς.

2851 1820 2944 1855 ora
3008 1843 3024 1859 .

2208 1888 2361 1943 Ἐπεὶ
2392 1891 2450 1944 δὲ
2479 1820 2857 1963 ἀπαραίτητόίι
2884 1822 3101 1964 ἦνῖςκαί
3131 1912 3254 1948 τινα
3285 1895 3418 1965 παρ’
3447 1895 3583 1964 ἐμοῦ
3616 1913 3717 1949 κα-

2126 1982 2416 2049 ταστῆναι,
2475 1982 2615 2036 ὥστε
2672 1986 3176 2055 ἀντιλαμϐάνεσθαι
3210 1988 3309 2057 τῆς
3376 1989 3566 2057 μονῆς,
3618 1992 3713 2042 καὶ

2126 2071 2449 2137 σπουδάζειν
2483 2074 2543 2126 ἐν
2571 2074 2778 2128 ἅπασιν
2807 2077 3212 2147 ἀπαράθαυστα
3241 2079 3528 2149 τηρεῖσθαι
3562 2078 3628 2131 τὰ
3658 2083 3716 2132 ἐν

2124 2166 2201 2235 τῷ
2238 2166 2453 2237 τυπικῷ
2487 2166 2922 2237 διηγορευμένα·
2961 2169 3059 2221 καὶ
3083 2168 3267 2238 μέντοι
3297 2171 3389 2221 καὶ
3421 2168 3717 2237 διωρίεατο

2123 2260 2156 2327 ἡ
2192 2256 2442 2327 βασιλεία
2494 2275 2597 2328 μου
2650 2260 2707 2311 ἐν
2742 2259 2820 2330 τῷ
2868 2260 3139 2331 περὶτῶν
3190 2259 3513 2328 ὀφειλόντων
3567 2263 3718 2314 ἅντι-

2124 2349 2501 2419 λομϐάνεσθαι
2541 2354 2640 2420 τῆς
2701 2351 2894 2422 μονῆς,
2935 2352 3219 2423 κεφαλαίῳ
3258 2354 3356 2424 τὴν
3409 2354 3715 2422 περιπέθη-

2124 2441 2215 2493 τό]
2245 2459 2346 2509 μου
2388 2441 2665 2511 θυγατέρα
2702 2445 2800 2496 καὶ
2845 2445 3358 2515 πορφυρογέννητον
3390 2447 3565 2513 κυρὰν
3616 2447 3716 2498 Εὐ·-

2122 2533 2311 2587 δοκίαν
2370 2535 2658 2604 περιέπειν
2711 2535 2904 2606 αὐτὴν,
2948 2538 3043 2589 καὶ
3096 2536 3389 2590 διεκδικεῖν
3439 2538 3550 2591 ἀπὸ
3606 2538 3714 2592 τῶν

438 2630 646 2683 servari
673 2646 796 2700 quae
828 2631 878 2683 in
920 2631 1101 2703 typico
1137 2646 1167 2685 a
1202 2647 1289 2686 me
1332 2630 1483 2686 edito
1526 2629 1901 2687 declarantur.
1929 2631 2018 2685 lila

2126 2627 2484 2696 πειρωμένων
2528 2630 2662 2691 ίσως
2715 2629 2856 2699 αὐτῇ
2913 2630 3264 2699 ἐπηρεάζειν,
3311 2632 3404 2684 καὶ
3459 2632 3711 2685 σπεύδειν

436 2737 568 2777 vero
595 2735 823 2793 prepter
852 2733 1079 2794 peccata
1108 2739 1249 2788 mea.
1281 2733 1341 2779 ut
1386 2724 1595 2779 dictum
1643 2732 1750 2787 est,
1796 2739 1863 2779 ex
1918 2724 2018 2777 hac

2123 2718 2411 2788 τηρεῖσθαι
2466 2720 2535 2772 τά
2580 2722 2641 2772 ἐν
2684 2720 2761 2791 τῷ
2787 2722 3068 2776 ἐκτεθέντι
3121 2725 3251 2792 παρ’
3303 2724 3441 2791 ἐμοῦ
3491 2724 3709 2795 τυπικῷ

438 2813 546 2867 vita
581 2813 853 2886 migravit.
884 2815 1078 2870 Statue
1105 2824 1165 2869 ut
1188 2823 1311 2885 post
1337 2830 1518 2870 meum
1548 2830 1617 2870 ex
1643 2814 1746 2869 hac
1775 2815 1887 2869 vita
1915 2814 2018 2869 dis-

2124 2812 2526 2883 διηγορευμὲνα
2572 2813 3034 2884 άπαράθραυστα.
3077 2816 3140 2869 Ἦ
3180 2817 3237 2869 δὲ
3263 2816 3351 2869 διὰ
3393 2818 3492 2880 τὰς
3535 2820 3715 2887 ἁμαρ-

431 2919 675 2970 cessum,
703 2907 1025 2961 monasterii
1062 2908 1463 2977 inspectionem
1487 2906 1696 2961 habeat
1719 2905 2020 2963 dilectissi.

432 3013 523 3051 tua
553 3012 673 3053 mea
705 2998 1170 3068 porphyrogeuita
1193 3006 1250 3053 et
1268 2996 1565 3053 Caesarissa
1591 2997 1794 3054 domna
1820 3000 1975 3054 Anna
2001 3015 2016 3064 ;

434 3096 559 3157 post
586 3090 707 3159 ejus
728 3105 860 3144 vero
883 3089 1095 3145 obitum
1124 3090 1530 3161 inspectionem
1555 3090 1800 3161 ejusdem
1839 3105 2019 3145 mena-

433 3180 587 3236 sterii
630 3181 848 3247 habeat,
895 3182 1094 3237 dilecta
1150 3197 1270 3235 mea
1324 3182 1791 3253 porphyrogenita
1825 3190 1881 3236 et
1910 3182 2018 3236 ﬁlia

433 3273 635 3328 dotnna
670 3273 840 3327 Maria
871 3288 979 3327 una
1019 3288 1146 3328 cum
1207 3273 1407 3327 dilecta
1449 3288 1569 3326 mea
1618 3281 1783 3341 nepte
1817 3271 2017 3326 domna

433 3362 591 3418 lrene
623 3363 880 3426 Ducaena,
908 3360 1020 3415 ﬁlia
1059 3359 1543 3430 porphyrogenitaa
1581 3361 1794 3413 domnae
1825 3358 2015 3412 Annae.

433 3455 550 3510 lllis
576 3469 709 3509 vero
741 3470 811 3509 ex
859 3453 966 3509 bac
1005 3456 1116 3507 vita
1163 3452 1466 3517 translatis,
1510 3451 1784 3525 ejusmodi
1835 3451 2019 3520 inSpe-

434 3547 547 3601 ctio
596 3546 921 3601 devolvatur
954 3545 1018 3598 ad
1050 3544 1278 3598 alteram
1322 3544 1486 3598 ﬁliam
1535 3543 2017 3615 porpbymgenita:

435 3640 650 3691 domum
687 3636 876 3699 Annae,
928 3645 1022 3689 aut
1068 3643 1287 3704 neptem
1331 3649 1429 3689 seu
1478 3643 1828 3705 proneptem,
1854 3644 1910 3690 et
1939 3635 2019 3691 sic

436 3739 858 3798 consequenter.
908 3727 1036 3782 Vult
1090 3727 1239 3782 enim
1298 3725 1590 3796 imperium
1647 3742 1830 3781 meutn
1884 3726 2024 3782 ﬁlias

433 3820 573 3890 ejus,
594 3827 807 3889 neptes,
856 3826 1172 3889 proneptes,
1203 3828 1259 3873 et
1310 3833 1433 3888 quae
1476 3829 1798 3887 sequentur,
1845 3817 2023 3873 donec

433 3911 576 3967 linea
609 3912 730 3982 ejus
771 3910 1025 3967 feminini
1065 3925 1230 3966 sexus
1283 3909 1691 3980 perduraveril,
1738 3920 2021 3965 monaste-

434 4002 577 4057 rium
607 4003 781 4075 gratia
829 4003 1007 4073 plenae
1042 4016 1179 4056 mea:
1220 4002 1471 4072 Deipam
1521 4002 1864 4068 observare;
1898 4017 2020 4058 eam

431 4110 628 4166 nempe
663 4111 787 4165 quae
814 4103 973 4151 aetate
1009 4095 1148 4149 alias
1178 4094 1548 4164 praecesserit.

2123 2904 2245 2958 τίαε
2304 2921 2430 2973 μου,
2467 2904 2543 2966 ὡς
2594 2904 2837 2975 εἴρηται,
2892 2907 2987 2960 τοῦ
3039 2909 3167 2978 τῇδε
3220 2909 3335 2977 βίου
3385 2910 3711 2980 ἐξεδήμῃσε.

2124 2998 2462 3067 Διορίζομαι,
2519 2998 2605 3050 ἵνα
2648 3000 2784 3066 μετὰ
2830 3001 2928 3069 τὴν
2968 3002 3111 3070 ἐμὴν
3141 3002 3236 3055 τοῦ
3285 3002 3414 3071 τῇδε
3457 3002 3573 3071 βίου
3612 3020 3712 3071 με·

2121 3090 2401 3152 τάσταστν,
2440 3090 2538 3160 ἔχῃ
2575 3090 2675 3159 τὴν
2729 3092 2988 3161 ἐφορείαν
3029 3096 3130 3161 τῆς
3181 3094 3348 3162 μονῆς
3384 3096 3415 3161 ἡ
3467 3094 3712 3147 ποθεινο-

2120 3180 2259 3249 τάτη
2308 3196 2411 3248 μου
2466 3182 2982 3252 προφυρογέννητος
3012 3183 3106 3234 καὶ
3160 3182 3506 3252 Καισάρισσα
3563 3182 3709 3250 κυρᾶι

2125 3273 2294 3324 ’Ἄννα
2318 3287 2332 3302 ·
2368 3272 2506 3340 μετὰ
2534 3272 2591 3325 δὲ
2622 3273 2952 3344 παρέλευσιν
2978 3273 3171 3339 αὐτῆς.
3201 3273 3299 3343 ἔχῃ
3326 3275 3422 3341 τὴν
3450 3274 3707 3343 ἐφορείαν

2120 3365 2220 3432 τῆς
2270 3365 2528 3433 τοιαύτης
2576 3368 2770 3433 μονῆς,
2811 3365 3235 3436 ηπεριπόθητός
3274 3382 3375 3433 μου
3429 3381 3709 3435 πορφυρο-

2120 3457 2380 3526 γέννητος
2424 3459 2519 3510 κα)⁸
2563 3446 2813 3527 θυγάτηρ
2858 3458 3000 3522 κυρὶ
3047 3456 3257 3526 Μαρία,
3294 3457 3411 3523 ἅμα
3441 3459 3505 3527 τῇ
3552 3473 3705 3527 περι-

2121 3549 2344 3619 ποθήτῳ
2382 3566 2486 3619 μου
2528 3549 2729 3619 ἐγγόνῃ
2776 3550 2921 3620 κυρᾷ
2970 3549 3177 3619 Εἰρήνῃ
3210 3552 3277 3617 τῇ
3324 3549 3610 3621 Δουκαίνᾳ,
3642 3551 3709 3620 τῇ

2120 3639 2355 3710 θυγατρὶ
2398 3643 2498 3711 τῆς
2547 3642 3065 3712 πορφυρογεννήτου
3114 3641 3288 3710 κυρᾶς
3317 3642 3536 3711 Ἀννης.
3575 3640 3712 3693 Τού-

2117 3740 2226 3788 των
2270 3734 2328 3787 δὲ
2374 3733 2792 3804 μεθισταμένων
2839 3734 2933 3787 τοῦ
2968 3735 3093 3805 τῇδε
3129 3734 3269 3804 βίου,
3321 3736 3708 3804 περιέρχεσθαι

2117 3829 2219 3895 τὴν
2250 3825 2510 3885 τοιαύτην
2532 3826 2787 3894 ἐφορείαν
2813 3826 2895 3888 είς
2928 3824 3025 3894 τὴν
3057 3825 3251 3893 ἑτέραν
3292 3825 3571 3895 θυγατέρα
3612 3824 3711 3892 τῆς

2121 3916 2636 3989 πορφυρογεννήτου
2659 3917 2833 3987 κυρᾶς
2860 3917 3083 3984 Ἀννης,
3110 3917 3141 3986 ἢ
3170 3918 3427 3984 ἐγγόνην.
3452 3917 3484 3986 ἢ
3513 3933 3709 3986 προεγ.

2120 4013 2308 4079 γόνην,
2343 4009 2439 4062 καὶ
2487 4008 2709 4079 ἐφεξῆς.
2758 4009 2870 4071 Τὰς
2904 4008 3012 4079 γάρ
3048 4008 3109 4073 ἐξ
3157 4010 3327 4079 αὐτῆς
3377 4009 3709 4082 θυγατέρας,

2123 4103 2218 4156 καὶ
2250 4101 2482 4169 ἐγγόνας
2533 4101 2628 4153 καὶ
2673 4100 3040 4170 προεγγόνας.
3074 4101 3169 4154 καὶ
3214 4102 3414 4169 ἐφεξῆς
3462 4102 3622 4172 ἄχρις
3646 4101 3713 4154 ἂν

427 4190 463 4256 ἡ
492 4187 584 4240 τοῦ
617 4187 809 4257 θήλεος
836 4189 1028 4255 γένους
1090 4188 1262 4258 αὐτῆς
1331 4188 1490 4258 σειρὰ
1530 4186 1929 4260 περισώζηται,
1978 4192 2183 4267 ἐφορᾷν
2224 4196 2325 4267 τὴν
2361 4196 2530 4267 μονὴν
2560 4195 2658 4265 τῆς
2704 4196 3153 4266 κεχαριτωμένης
3228 4213 3329 4266 μου
3368 4197 3635 4249 Θεοτόκου
3677 4197 3710 4265 ἠ

429 4282 682 4352 βα’σι).εία
731 4302 835 4353 μου
878 4284 1152 4353 βούλεται,
1188 4284 1285 4355 τὴν
1322 4284 1401 4355 τῷ
1429 4284 1608 4355 χρόνῳ
1646 4286 1832 4354 μέντοι
1867 4287 2085 4352 πάντως
2114 4292 2224 4344 τῶν
2249 4293 2425 4347 ἄλλων
2457 4292 2820 4364 προέχουσαν.

499 4374 673 4429 Linea
727 4392 863 4432 vero
921 4376 1173 4432 feminini
1233 4392 1398 4431 sexus
1451 4392 1479 4430 a
1533 4377 1745 4447 pluries
1792 4378 2013 4434 laudata

2193 4384 2307 4452 Τῆς
2351 4386 2542 4455 σειρᾶς
2588 4383 2645 4436 δέ
2701 4382 2796 4435 τοῦ
2831 4381 3025 4451 θήλεος
3053 4382 3268 4449 γένους,
3318 4382 3414 4434 τοῦ
3462 4382 3571 4435 ἀπὸ
3611 4383 3712 4452 τῆς

428 4465 891 4538 porphyrogenita
915 4469 1115 4524 domna
1139 4469 1292 4525 Anna
1322 4468 1730 4535 descendentis,
1754 4470 2019 4527 deﬁcien-

430 4568 516 4625 te,
554 4570 687 4615 tunc
713 4561 1034 4616 monasterii
1065 4561 1296 4632 hujusce
1339 4562 1731 4632 patrocinium,
1756 4578 1823 4619 ex
1873 4580 2014 4633 prm-

427 4652 570 4707 senti
626 4655 929 4726 majestatis
961 4671 1098 4711 meae.
1131 4657 1335 4728 scripta
1384 4658 1728 4720 deﬁnitione,
1753 4657 2014 4714 devolve-

431 4752 521 4797 tur
554 4745 622 4799 ad
673 4761 836 4800 unum
869 4762 933 4803 ex
995 4748 1264 4802 uxoribus
1306 4747 1604 4818 alicujus‘a
1641 4749 2015 4821 porpltyroge-

426 4837 543 4891 nita
582 4836 850 4908 originem
880 4839 1155 4905 ducentis,
1178 4838 1247 4893 ad
1285 4840 1576 4912 conjugem
1604 4840 1818 4896 scilicet
1849 4849 2013 4896 actate

427 4930 745 4997 pra‘euntis.
774 4930 845 4985 Et
874 4931 931 4986 id
981 4942 1175 4987 rursus
1212 4931 1624 4994 observabitur,
1650 4932 1828 4988 donec
1877 4947 2017 4988 uxo-

430 5032 518 5073 res
576 5019 903 5076 eorumdem
953 5023 1325 5077 masculorum
1359 5021 1669 5077 defecerint
1704 5040 1717 5076 :
1748 5037 1815 5078 ea
1872 5024 2012 5094 lege,

427 5118 489 5161 ut
539 5125 662 5179 qua:
695 5112 1013 5166 monasterii
1068 5113 1469 5184 inspectionem
1527 5113 1781 5169 obtinere
1827 5113 2012 5179 debet,

428 5209 552 5270 post
583 5213 815 5258 mortem
849 5206 1099 5279 conjugis
1124 5207 1209 5262 sui
1246 5206 1314 5261 ad
1349 5206 1623 5262 secundas
1645 5206 1870 5275 nuptias
1900 5222 2011 5261 non

425 5295 699 5349 convolet.
733 5294 971 5373 Quodsi
1026 5298 1288 5370 obtigerit
1325 5314 1447 5354 eam
1480 5298 1535 5353 in
1570 5298 2010 5354 observationem

422 5386 712 5452 constitui,
732 5398 787 5443 et
815 5387 1018 5446 dehinc
1045 5391 1113 5451 ad
1145 5391 1418 5447 secundas
1446 5391 1666 5462 nuptias
1695 5391 2010 5457 declinare;

424 5477 771 5545 inspectione
800 5481 987 5537 statim
1021 5483 1258 5547 excidet,
1301 5498 1426 5553 quae
1459 5482 1719 5538 transibit
1752 5483 1820 5537 ad
1860 5483 2006 5538 illam

423 5570 514 5623 cui
538 5577 662 5638 post
676 5569 818 5625 hanc
838 5571 1151 5628 observatio
1174 5573 1263 5628 illa
1286 5573 1573 5643 competit,
1596 5581 1652 5628 et
1680 5573 1797 5628 hac
1813 5572 1980 5628 distin
1998 5604 2011 5615 -

420 5658 540 5715 Clio
577 5676 707 5732 erga
747 5670 977 5718 cunctas
1006 5665 1349 5720 servabitur.
1375 5665 1673 5736 Postquam
1704 5682 1837 5720 vero
1879 5666 2010 5736 ipsa:

420 5767 620 5812 amnes
646 5753 969 5825 defecerint,
999 5756 1065 5814 ad
1087 5773 1210 5815 eam
1229 5774 1348 5843 qua:
1374 5774 1440 5816 ex
1474 5759 1801 5815 clarioribus
1828 5760 2001 5818 nostri

2121 4474 2384 4537 πολλάκις
2421 4473 2693 4545 ρηθείσης
2735 4475 3253 4544 πορφυρογεννήτου
3303 4477 3478 4544 κυρᾶς
3507 4475 3709 4544 Ἀννης

2120 4564 2525 4634 καταγομένου,
2554 4563 2939 4633 ἐπιλιπούσης,
2970 4564 3090 4617 τότε
3118 4566 3272 4635 ήτῆς
3305 4567 3474 4634 μονῆς
3503 4566 3711 4636 ταύτης

2119 4656 2407 4724 ἀντίληψις
2451 4655 2871 4723 περιελεύσεται
2908 4656 3017 4708 ἀπὸ
3051 4654 3145 4707 τοῦ
3183 4656 3455 4726 παρόντος
3500 4657 3709 4727 ἐγγρά-

2121 4765 2223 4816 φου
2260 4748 2358 4817 τῆς
2391 4747 2673 4818 βασιλείας
2716 4765 2819 4818 μου
2866 4747 3147 4818 διορισμοῦ
3179 4749 3274 4802 καί⁴
3318 4749 3397 4812 είς
3441 4749 3569 4819 μίαν
3602 4749 3711 4802 τῶν

2120 4840 2212 4892 ἐπί
2246 4857 2353 4892 τινι
2384 4839 2492 4894 τῶν
2520 4842 2585 4893 ἐκ
2617 4840 2717 4908 τῆς
2763 4841 3282 4910 πορφυρογεννήτου
3315 4843 3709 4910 καταγομένων

2118 4932 2373 5003 νυμφῶν,
2406 4918 2576 5003 ἦγουν
2610 4932 2710 5002 τὴν
2739 4931 2833 4984 τοῦ
2868 4932 3048 5002 χρόνῳ
3081 4934 3418 5003 προήκοντος
3443 4948 3456 4962 ·
3489 4933 3582 4985 καὶ
3613 4928 3709 4985 αύ-

2120 5026 2202 5089 θις
2240 5027 2395 5080 ἔσται
2435 5026 2597 5081 τοῦτο
2649 5025 3114 5096 συντηρούμενον,
3167 5026 3364 5097 μέχρις
3409 5026 3477 5079 ἂν
3521 5026 3617 5080 καὶ
3650 5026 3709 5079 αἱ

2118 5119 2214 5172 ἐπὶ
2241 5118 2439 5189 ἄρρεσι
2473 5117 2684 5187 νύμφαι
2711 5117 2977 5170 ἐκλίπωσι
3002 5133 3014 5147 ·
3044 5116 3238 5169 τούτου
3274 5115 3704 5185 φυλαττομένου,

2116 5207 2212 5261 τοῦ
2255 5209 2333 5278 μὴ
2361 5206 2461 5277 τὴν
2493 5206 2798 5277 μέλλουσαν
2828 5207 2928 5279 τῆς
2967 5207 3138 5278 μονῆς
3171 5208 3399 5277 ἐφορᾷν,
3431 5210 3570 5278 μετὰ
3609 5207 3705 5261 θά-

2119 5318 2281 5355 νατον
2320 5299 2417 5354 τοῦ
2445 5300 2650 5355 οἰκείου
2698 5300 2955 5369 συζύγου,
2993 5300 3300 5370 περιελθεῖν
3343 5303 3421 5364 είς
3452 5302 3706 5372 δεύτερον

2118 5394 2315 5462 γάμον.
2350 5393 2703 5465 Κᾶνφθάσῃ
2752 5393 2882 5457 ἴσως
2923 5393 3263 5465 καταστῆναι
3308 5396 3388 5457 είς
3430 5396 3705 5465 ἐφορείαν,

2119 5480 2237 5536 εἶτα
2272 5483 2410 5554 πρὸς
2437 5483 2693 5553 δεύτερον
2724 5483 2997 5555 ἀποκλίνῃ
3026 5482 3228 5553 γάμον,
3263 5485 3426 5549 εὐθὺς
3455 5487 3707 5538 ἐκπεσεῖ-

2118 5591 2229 5637 ται,
2268 5575 2363 5627 καὶ
2411 5576 2512 5645 τῆς
2560 5574 2845 5645 ἐφορείας,
2885 5575 2981 5627 καὶ
3027 5576 3395 5646 μεταόήσεται
3434 5576 3575 5646 αὕτη
3622 5578 3704 5641 εἰς

2118 5666 2218 5735 τὴν
2256 5665 2375 5736 μετ’
2422 5666 2643 5736 ἐκείνην
2693 5667 3059 5738 καλουμένην,
3091 5669 3190 5739 τῆς
3231 5668 3545 5735 διαστίξεως
3574 5671 3706 5723 ταύ-

2114 5776 2215 5831 της
2245 5759 2338 5812 ἐπὶ
2368 5759 2568 5824 πάσαις
2595 5758 2958 5831 φυλάττεσθαι
3002 5760 3345 5833 ὀφειλούσης.
3380 5763 3533 5815 Μετὰ
3566 5763 3695 5832 μέν-
