4100 6408
353 331 494 396 ΗΠ
1812 332 2170 392 TYPICUM.
3487 332 3629 393 1118

338 468 427 502 τοι
464 448 562 502 καὶ
592 445 798 510 ταύτας
851 446 1097 499 ἐκλιπεῖν
1134 446 1334 509 πάσας,
1378 445 1513 516 πρὸς
1548 445 1650 510 τὴν
1689 445 1797 497 ἀπὸ
1829 441 1934 495 τῶν

2051 439 2257 510 generis
2283 439 2411 503 erit,
2428 449 2482 495 at
2508 455 2617 495 non
2644 451 2801 497 aetate
2822 442 2945 498 aliis
2967 451 3328 512 prmeuntem,
3348 443 3443 498 sed
3463 458 3626 512 quam

342 540 798 607 ἔπιφανεστέρων
847 539 943 592 τοῦ
1003 539 1200 605 γένους
1247 537 1425 608 ἡμῶν.
1462 537 1608 607 Πλὴν
1659 536 1779 605 ούχί
1839 535 1939 588 καὶ

2051 535 2150 590 illis
2183 536 2525 605 temporibus
2542 536 2824 591 monac-ha:
2837 538 3075 592 ascetice
3096 538 3148 592 in
3169 537 3273 592 hoc
3295 539 3630 593 monasterio

344 634 527 702 αὐτὴν
564 633 666 702 τὴν
708 631 788 702 τῷ
824 632 1005 702 χρόνῳ
1034 631 1143 684 τῶν
1177 628 1354 685 ἄλλων
1385 632 1733 701 προήκουσαν
1758 643 1770 654 ·
1798 627 1936 681 ἀλλὰ

2051 627 2322 698 legentes.
2336 644 2446 682 una
2461 644 2587 683 cum
2623 629 2877 698 praelecta
2900 631 3123 701 eligent.
3147 630 3395 700 liludque
3414 645 3631 699 semper

344 725 417 796 ἢν
435 724 544 791 ἄρα
572 722 714 777 κατὰ
739 721 966 790 καιροὺς
996 722 1437 790 αἰρετξσονταιαί
1464 722 1530 790 τῇ
1555 718 1781 788 τοιαύτῃ
1800 719 1935 788 μονῇ

2051 718 2387 777 servabitur.
2410 719 2672 789 quamdiu
2695 721 3203 789 praesenssarculum
3224 722 3632 790 perduraverit.

348 815 749 886 ενασκούμεναι
781 813 1113 883 μονάζουσαι
1149 815 1248 868 σὺν
1277 815 1340 884 τῇ
1368 811 1781 883 καθηγουμένῃ.
1808 811 1915 863 Καὶ
1950 808 2106 863 τοῦτο
2131 809 2304 876 οὕτως
2336 811 2809 883 συντηρηθήσεται
2841 811 3003 883 μέχρι
3054 811 3275 878 παντὸς,
3309 812 3472 883 ἄχρις
3507 812 3573 865 ἂν
3606 812 3635 862 ό

349 908 548 979 παρὼν
601 908 854 980 διαρκοίη
872 908 1029 962 αἰών.

437 1001 535 1053 Ἐν
558 1003 627 1072 τῇ
661 1003 796 1073 μονῇ
836 1001 893 1055 δὲ
922 1004 957 1073 ἡ
987 1002 1047 1056 τὸ
1070 1001 1171 1068 τῆς
1208 999 1463 1074 ἐφορείας
1499 1000 1712 1055 δίκαιον
1748 996 1948 1068 ἔχουσα

352 1092 647 1147 οὐπώποτε
682 1093 874 1147 ἄλλοτε
918 1093 1308 1159 εἰσελεύσεται,
1334 1095 1383 1146 εἰ
1421 1093 1496 1163 μὴ
1527 1093 1617 1147 ὅτε
1652 1093 1686 1162 ἡ
1723 1090 1951 1146 ἀκολου-

355 1185 450 1238 θὲα
490 1186 591 1257 τῆς
636 1187 935 1257 ἐκκλησίας
976 1187 1227 1254 γίνεται·
1279 1188 1375 1241 καὶ
1413 1185 1618 1254 ταύτης
1657 1181 1946 1237 συντελου-

357 1280 555 1348 μένης,
610 1277 772 1341 εὐθὺς
817 1278 917 1332 καὶ
958 1277 1099 1347 αὐτὴ
1154 1277 1535 1344 ἐξελεύσεταιο
1597 1278 1648 1328 εἰ
1707 1276 1782 1345 μή
1843 1289 1949 1326 που

350 1370 543 1439 ὁμιλία
589 1386 676 1433 τις
729 1369 1020 1441 πρόκειται
1061 1370 1359 1436 ἀναγκαία,
1410 1369 1506 1423 καὶ
1557 1368 1638 1430 εἰς
1689 1366 1948 1419 σύστασιν

352 1463 456 1530 τῆς
510 1463 681 1532 μονῆς
733 1461 1090 1515 συντείνουσα
1114 1478 1129 1492 “
1162 1460 1261 1514 καὶ
1314 1462 1436 1515 τότε
1480 1459 1621 1530 μετά
1657 1457 1752 1511 δύο
1782 1458 1817 1528 ἢ
1853 1457 1949 1511 καλ⁵

354 1553 529 1621 τριῶν
557 1553 861 1622 γυναικῶν.
897 1552 961 1607 Εἰ
1012 1553 1068 1606 δὲ
1108 1553 1202 1608 καί
1252 1570 1377 1607 τινα
1418 1552 1529 1604 τῶν
1575 1548 1948 1618 ἁρχοντισσῶν

357 1645 646 1714 συγγενῶν
681 1645 861 1716 ἡμῶν,
890 1645 924 1717 ἢ
958 1647 1053 1698 καί
1091 1646 1286 1715 ἑτέραν
1324 1644 1479 1715 τύχοι
1504 1642 1798 1713 εὑρεθῆναι
1832 1639 1950 1711 μετ’

357 1738 555 1807 αὐτῆς,
594 1736 1069 1791 συνεισελεύσεται
1115 1738 1211 1790 καὶ
1237 1735 1378 1807 αὑτὴ
1427 1735 1565 1805 μόνη
1612 1735 1692 1796 εἰς
1722 1733 1822 1803 τὴν
1854 1748 1950 1800 μο-

2105 999 2239 1067 Quae
2288 1006 2473 1053 autem
2506 997 2869 1069 inspectionis
2909 997 3003 1068 jus
3038 999 3234 1063 habet,
3260 998 3316 1052 in
3350 1007 3632 1053 monaste-

2045 1093 2191 1148 rium
2212 1107 2495 1162 nunquam
2537 1091 3060 1164 aliasingredietur,
3085 1099 3452 1161 praeterquam
3490 1099 3634 1144 tem-

2044 1201 2179 1256 pore
2211 1184 2569 1240 ecclesiastici
2599 1184 2785 1245 ofﬁcii,
2826 1198 2937 1252 quo
2965 1183 3246 1247 absoluto,
3286 1182 3472 1236 statim
3518 1182 3637 1251 ipsa

2045 1277 2379 1348 egredietur,
2426 1277 2533 1332 nisi
2572 1277 2886 1331 necessario
2931 1275 3210 1344 colloquio
3240 1285 3299 1328 et
3327 1273 3396 1327 ad
3433 1289 3627 1326 mona-
3684 1280 3687 1283 ‘

2044 1368 2200 1423 sterii
2230 1367 2678 1422 constitutionem
2707 1373 2992 1436 spectante
3013 1364 3330 1419 detineatur
3366 1379 3381 1416 :
3416 1370 3474 1416 et
3507 1370 3637 1415 tunc

2045 1475 2170 1514 cum
2200 1457 2420 1512 duabus
2452 1456 2535 1511 vel
2566 1455 2745 1509 tribus
2772 1451 3119 1508 mulieribus.
3142 1450 3201 1506 Si
3237 1465 3368 1505 vero
3395 1449 3636 1517 aliquam

2044 1566 2077 1607 e
2133 1548 2413 1620 primariis
2463 1547 2683 1602 leoninis
2720 1544 2976 1600 amnibus
3027 1543 3258 1607 nostris,
3289 1556 3385 1595 seu
3444 1540 3633 1601 aliam,

2047 1654 2172 1694 cum
2205 1638 2294 1692 illa
2351 1636 2547 1691 adesse
2594 1633 2910 1703 contigerit,
2965 1647 3072 1686 una
3128 1629 3472 1701 ingredietur
3517 1628 3636 1696 ipsa

2049 1730 2162 1785 sola
2195 1730 2248 1783 in
2282 1725 2675 1783 monasterium
2703 1744 2717 1780 :
2746 1726 2831 1779 vir
2855 1740 2986 1780 vero
3019 1722 3242 1786 nullus;
3295 1721 3637 1774 inaccessum

358 1833 464 1902 νήν
483 1847 497 1862 ⁸
529 1833 663 1903 ἀνὴρ
696 1832 753 1887 δὲ
779 1833 902 1886 οὐδὲ
934 1828 1014 1896 εἷς
1036 1849 1051 1867 ·
1085 1836 1167 1888 ὅτι
1197 1834 1398 1888 ἄϐατον
1430 1828 1570 1886 εἶναι
1603 1832 1664 1886 τὸ
1689 1829 1953 1901 μοναστή-

2059 1835 2297 1891 namque
2338 1827 2395 1874 et
2424 1826 2691 1889 perpetuo
2720 1817 2964 1871 clausum
3013 1828 3136 1869 esse
3188 1811 3447 1867 omnibus
3487 1808 3640 1873 viris,

369 1940 490 1993 ριον
515 1925 863 1989 παντάπασιν,
888 1927 1137 1996 ἀνδράσι,
1166 1927 1261 1980 καὶ
1286 1927 1473 1989 αὐτοῖς
1497 1926 1608 1988 τοῖς
1640 1923 1944 1992 εὐνούχοις,

367 2014 732 2086 διοριζόμεθα,
770 2017 865 2070 καὶ
898 2018 1293 2087 κεκλεισμένον
1315 2018 1580 2088 διηνεκῶς
1609 2032 1622 2047 ⁸
1647 2018 1695 2070 εἰ
1719 2016 1776 2071 δέ
1800 2033 1945 2079 τινες

360 2106 474 2158 τῶν
504 2107 754 2177 ἀρρένων
786 2106 995 2160 παίδων
1033 2107 1215 2179 ἡμῶν,
1245 2107 1341 2161 καὶ
1383 2108 1492 2161 τῶν
1519 2108 1613 2160 ἐπὶ
1641 2104 1948 2174 θυγατράσι

358 2198 645 2270 γαμϐρῶν,
666 2201 699 2270 ἢ
721 2201 818 2252 καί⁵
840 2200 1103 2269 ἐγγόνων,
1138 2200 1290 2271 πόθῳ
1303 2198 1381 2270 τῷ
1403 2199 1541 2270 πρὸς
1567 2201 1736 2271 ἡμᾶς,
1755 2198 1789 2268 ἢ
1818 2199 1949 2251 ὑπο-

357 2288 561 2350 υέεεως
584 2288 772 2341 ἕνεκεν
798 2291 862 2359 τῇ
898 2291 1032 2358 μονῇ
1067 2289 1396 2357 ἀναγκαίας,
1428 2289 1752 2359 θελήσουσιν
1779 2291 1857 2350 εἰς
1888 2288 1951 2340 τὸ

359 2381 727 2452 μοναστήριον
755 2381 1038 2446 εἰσελθεῖν,
1062 2383 1462 2436 εἰσελεύσονται
1485 2384 1563 2444 εἰς
1590 2382 1652 2433 τὸ
1672 2381 1951 2450 ὲξωάρθη-

360 2494 453 2529 κον
474 2477 585 2529 ἀπὸ
603 2477 699 2531 τοῦ
735 2478 936 2550 μέρους
954 2480 1053 2549 τῆς
1071 2478 1169 2548 τῆς
1195 2482 1361 2550 μονῆς
1382 2477 1947 2546 ἀντιλαμϐανομένης,

367 2570 503 2639 μετᾶ
538 2570 635 2624 καὶ
658 2558 1036 2642 αὐτῆς,ἀὑτοί
1068 2571 1217 2641 μόνοι
1236 2587 1250 2603 ⁸
1276 2572 1370 2626 καὶ
1400 2571 1629 2633 στάντες
1648 2568 1776 2638 ἄχρι
1815 2585 1951 2636 συμ-

362 2659 699 2729 πληρώσεως
743 2663 842 2728 τῆς
892 2661 1251 2727 ἀκολουθίας,
1310 2661 1449 2730 μετὰ
1499 2655 1951 2729 συμπληρώσεως

362 2750 680 2823 [[.-ρωσιν]
723 2751 947 2829 ταύτης,
1010 2751 1366 2804 ἁπελθουσῶν
1423 2749 1533 2804 τῶν
1595 2745 1948 2818 μοναξουσῶν

362 2845 444 2904 εἱς
474 2840 534 2893 τὸ
558 2842 919 2913 κοιμητήριον
953 2842 1155 2904 αὐτῶν,
1190 2840 1592 2895 εἰσελεύσονται
1619 2841 1700 2903 εἰς
1731 2839 1828 2906 τὴν
1858 2839 1953 2888 ὲκ-

363 2933 637 3003 κλησίαν,
703 2934 1168 3005 καταλειφθείσης
1227 2937 1396 3005 μόνης
1442 2935 1540 3003 τῆς
1598 2930 1948 3000 ἡγουμένης,

364 3027 513 3096 μετὰ
537 3026 633 3081 δύο
682 3026 715 3099 ἢ
763 3028 857 3080 καί⁵
896 3026 1060 3098 τμῦν
1117 3027 1550 3098 γηραλεωτέρων
1599 3019 1951 3096 μοναζουσῶν

365 3118 652 3173 εὐλαὸὦν·
708 3119 806 3173 κα)⁸
855 3119 1217 3188 ὁμιλήσαντες
1245 3120 1437 3184 αὑταῖς
1476 3120 1545 3172 τὰ
1580 3116 1951 3187 προσήκοντα,

2042 1913 2209 1966 etiam
2238 1910 2511 1965 eunuchis
2541 1907 2938 1963 monasterium
2975 1904 3290 1960 statuimus.
3334 1902 3393 1956 Si
3447 1909 3629 1954 autem

2044 2003 2265 2074 quidam
2295 2002 2399 2057 viri
2429 2016 2497 2057 ex
2532 2000 2679 2061 ﬁliis,
2704 1999 2924 2070 generis
2966 2006 3023 2051 ct
3069 1976 3629 2065 nepotibus°nostris,

2045 2110 2232 2152 amore
2278 2111 2407 2166 erga
2452 2108 2699 2159 nos,seu_
2728 2092 2911 2161 aliqua
2964 2090 3032 2144 de
3084 2104 3247 2142 causa
3290 2087 3633 2139 monasterio

2048 2187 2378 2253 necessaria,
2422 2184 2700 2239 voluerint
2735 2184 2789 2238 in
2847 2180 3239 2236 monasterium
3281 2178 3516 2249 ingredi,
3546 2178 3636 2230 in-

2049 2285 2267 2333 troeant
2304 2276 2359 2330 in
2391 2275 2637 2330 exterius
2688 2272 3022 2327 vestibulum
3066 2286 3135 2325 cx
3187 2276 3339 2339 parte
3389 2277 3640 2337 patrona:

2049 2369 2393 2436 monasterii,
2443 2383 2552 2423 una
2626 2382 2753 2421 cum
2828 2365 2942 2427 illa,
2990 2363 3093 2433 ipsi
3142 2361 3249 2416 soli
3282 2378 3295 2415 :
3325 2369 3382 2415 et
3432 2366 3643 2415 stantes

2050 2477 2224 2531 usque
2278 2459 2346 2514 ad
2401 2458 2566 2513 ﬁnem
2616 2456 2804 2520 cilicii,
2857 2464 3147 2525 postquam
3201 2452 3320 2521 ipso
3371 2450 3644 2517 completo

2049 2552 2317 2605 moniales
2368 2550 2437 2605 ad
2494 2548 2883 2614 dormitorium
2935 2561 3096 2600 suum
3151 2542 3416 2607 abierint,
3460 2541 3643 2611 ingre—

2051 2642 2275 2698 dientur
2306 2641 2410 2710 ipsi
2438 2641 2492 2695 in
2516 2640 2827 2702 ecclesiam,
2846 2638 2961 2693 sola
2988 2634 3244 2708 praelecta
3271 2649 3397 2688 cum
3426 2632 3644 2689 duabus

2051 2745 2150 2790 aut
2179 2735 2358 2789 tribus
2389 2749 2421 2789 e
2451 2731 2768 2789 senioribus
2791 2732 2896 2802 piis
2923 2727 3255 2783 monialibus
3284 2731 3640 2785 remanente;

2052 2836 2109 2883 et
2157 2835 2447 2897 postquam
2486 2840 2582 2880 eas
2621 2822 3014 2879 convenienter
3055 2818 3282 2874 allocuti
3334 2817 3561 2880 fuerint,
3585 2824 3643 2869 et

2051 2919 2226 2991 gratia
2256 2918 2472 2988 plenam
2529 2915 2816 2986 Dciparam
2844 2911 3218 2975 adoraveriut,
3242 2908 3600 2981 egredientur
3626 2922 3639 2959 :

2052 3021 2109 3066 et
2144 3012 2217 3065 ita
2247 3009 2450 3064 facient
2474 3007 2643 3063 semel
2673 3016 2768 3062 aut
2799 3005 2885 3061 bis
2916 3018 3015 3075 per
3039 3016 3267 3067 annum,
3289 3009 3346 3056 et
3393 2998 3449 3054 in
3502 2997 3644 3053 festo

2057 3103 2327 3173 Deiparze.

364 3215 458 3266 καὶ
486 3216 553 3284 τῇ
585 3184 1017 3284 κεχαριτωμένη
1074 3213 1329 3285 Θεοτόκῳ
1368 3184 1873 3287 προσκυνήσαντες,
1946 3198 2330 3266 ἐξελεύσονται
2355 3213 2368 3227 ο
2429 3195 2527 3251 καὶ
2598 3192 2757 3248 τοῦτο
2800 3189 3094 3262 δράσουσιν
3127 3185 3297 3252 απαξ,
3349 3184 3495 3255 asa;
3538 3184 3637 3236 τοῦ

365 3306 643 3373 ἐνιαυτοῦ,
675 3309 766 3360 καὶ
802 3308 944 3361 κατὰ
979 3308 1076 3378 τὴν
1111 3310 1305 3380 ἑορτὴν
1335 3310 1436 3380 τῆς
1477 3307 1765 3361 Θεοτόκου.

435 3404 502 3456 Αἰ
540 3401 726 3470 μέντοι
758 3400 1118 3471 περιπόθητοί
1151 3419 1254 3471 μου
1293 3401 1617 3473 θυγατέρες,
1652 3400 1709 3454 αἰ
1744 3411 1954 3464 πορφυ-

373 3496 706 3564 ρογέννητοι.
737 3494 773 3565 ἦ
798 3509 857 3545 τε
878 3491 1026 3563 κυρὰ
1055 3494 1246 3557 Ἀννα,
1270 3495 1364 3546 καλ⁸
1394 3495 1429 3564 η
1451 3494 1593 3563 κυρὰ
1617 3492 1828 3562 Μαρία.
1861 3488 1954 3542 καὶ

370 3587 405 3654 ὴ
436 3583 793 3655 ποθεινοτάτη
821 3604 922 3656 μου
953 3587 1153 3655 ἑγγόνη
1190 3587 1333 3651 κυρὰ
1368 3583 1574 3655 Εἰρήνη
1599 3583 1633 3653 ἡ
1660 3581 1952 3642 Δούκαινα,

373 3681 584 3744 ἕξουσιν
610 3680 819 3746 ἄδειαν,
852 3681 1014 3734 ὁπότε
1045 3680 1141 3733 καὶ
1182 3678 1479 3749 βούλοιντο,
1517 3680 1576 3730 έν
1602 3676 1806 3736 πάσαις
1831 3673 1951 3735 ταῖς

382 3773 548 3837 θείαις
589 3775 864 3840 συνάξεσι,
917 3775 1012 3829 καὶ
1062 3777 1120 3828 ὲν
1168 3773 1247 3845 τῷ
1291 3771 1471 3843 καιρῷ
1524 3771 1623 3840 τῆς
1655 3768 1954 3831 ἑστιάσεως

381 3864 954 3935 συνεκκλησιάζεσθαι,
976 3865 1072 3919 καὶ
1114 3865 1501 3920 συνεστιᾶσθαι
1538 3864 1659 3925 ταῖς
1691 3856 1958 3931 μοναξοῦ-

376 3972 529 4019 σαις·
566 3957 707 4026 πλὴν
743 3957 884 4028 μετὰ
917 3957 1011 4011 δύο
1042 3957 1314 4026 γυναικῶν
1347 3956 1549 4019 αὐτῶν,
1579 3957 1611 4026 ἢ
1659 3955 1847 4024 τριῶν.
1890 3955 1956 4008 Ἠ

370 4050 426 4102 δὲ
472 4047 613 4119 θύρα
658 4050 692 4119 ἠ
736 4050 1035 4116 εἰσάγουσα
1073 4051 1152 4115 εἰς
1198 4048 1456 4119 τοιαύτην
1503 4046 1692 4118 μονὴν,
1725 4046 1834 4099 ἀπὺ
1863 4044 1955 4098 τοῦ

376 4141 578 4212 μέρους
621 4141 732 4195 τῶν
781 4141 1121 4196 δεσποτικῶν
1172 4140 1528 4209 οἰκημάτων,
1587 4136 1792 4191 ἔσωθεν
1855 4134 1958 4206 μὲν

373 4232 760 4304 κλεισθήσεται
818 4231 973 4303 παρὰ
1016 4234 1115 4303 τῆς
1163 4229 1602 4299 καθηγουμένης,
1653 4225 1852 4292 ἔξωθεν
1898 4224 1956 4277 δὲ

372 4324 526 4393 παρὰ
564 4324 663 4393 τῆς
717 4323 1262 4392 ἀντιλαμϐανομένης
1313 4324 1412 4390 τῆς
1477 4319 1683 4389 μον-ἧς’
1738 4318 1958 4373 πάντων

369 4416 481 4468 τῶν
511 4415 686 4469 ἄλλων
705 4416 814 4470 τῶν
842 4415 1366 4486 διαλαμϐανομένων
1397 4415 1456 4466 ὲν
1479 4410 1558 4480 τῷ
1585 4409 1755 4482 τρίτῳ
1788 4425 1958 4477 κεφα-

371 4507 510 4576 λαίῳ
541 4506 621 4577 τῷ
672 4507 802 4579 περί
846 4507 947 4578 τῆς
984 4506 1241 4579 ἐφορείας
1293 4503 1619 4574 ὀφειλόντων
1669 4498 1956 4570 τηρεῖσθαι

373 4598 755 4653 ἀναλλοιώτων
794 4599 853 4661 ὲς
886 4597 995 4654 ἀεί.

613 4693 754 4759 Περί
787 4689 895 4745 τοῦ
932 4688 1323 4760 περιορισμοῦ
1357 4687 1470 4758 τῆς
1502 4686 1714 4758 μονῆς.

455 4781 520 4834 '0
567 4780 848 4851 διαιρέτης
907 4782 1087 4851 τοῖχος
1133 4780 1235 4850 τῆς
1267 4779 1592 4848 γυναικείας
1642 4778 1810 4849 μονῆς
1857 4778 1958 4849 τῆς

375 4871 871 4942 Κεχαριτωμένης,
935 4869 1168 4941 ἄρχεται
1223 4869 1333 4922 ἀπὸ
1378 4867 1471 4921 τοῦ
1532 4865 1803 4921 εἰσοδικοῦ
1859 4881 1963 4918 πυ-

376 4966 548 5028 λῶνος
593 4966 696 5034 τῆς
747 4964 915 5034 μονῆς
955 4963 1049 5016 τοῦ
1087 4960 1505 5032 κατέμπροσθεν
1552 4959 1808 5030 κειμένου
1861 4956 1962 5027 τῆς

378 5058 652 5129 δημοσίας
674 5056 799 5112 ὁδοῦ
836 5057 935 5127 τῆς
964 5056 1269 5127 ἐρχομένης
1296 5054 1404 5109 ἀπὸ
1433 5054 1531 5125 τῆς
1572 5054 1732 5122 ἁγίας
1761 5053 1962 5122 ’Δννης

376 5152 474 5206 τοῦ
505 5152 775 5223 Δευτέρου
802 5149 902 5222 ('5),
933 5150 1032 5203 καὶ
1060 5150 1336 5220 διέρχεται
1370 5148 1507 5218 πρὸς
1537 5146 1802 5208 ἀνατολὰς
1826 5162 1961 5212 κρα-

379 5245 490 5299 τῶν
524 5245 624 5316 τὴν
661 5247 834 5314 αὐτὴν
885 5243 1155 5316 δημοσίαν
1201 5241 1342 5308 όδδν,
1370 5241 1464 5294 καὶ
1500 5240 1798 5310 ἀπέρχεται
1827 5237 1956 5306 ἄχρι

377 5340 473 5394 τοῦ
510 5338 883 5410 παρακελλίου
919 5337 999 5408 (4)
1028 5336 1118 5389 τοῦ
1155 5334 1456 5403 νοσοκόμου
1487 5331 1588 5400 τῆς
1637 5331 1827 5401 μονῆς,
1858 5327 1956 5382 τοῦ

1980 3388 2027 3451 C
2126 3381 2302 3436 Porro
2333 3391 2500 3448 penes
2527 3374 2756 3430 dilectas
2788 3369 3101 3426 measﬂlias
3125 3376 3181 3422 et
3208 3361 3644 3436 porpliyrogeni-

2059 3485 2142 3529 tas
2189 3473 2448 3527 domnam
2483 3468 2720 3531 Annam,
2752 3474 2810 3520 et
2836 3464 3094 3520 domnam
3151 3458 3404 3522 Mariam,
3427 3468 3643 3512 necnon

2058 3578 2231 3636 penes
2282 3559 2699 3616 dilectissimam
2750 3568 2928 3610 meam
2966 3558 3189 3622 neptem
3239 3547 3496 3604 domnam
3528 3541 3644 3598 Ire-

2056 3672 2180 3711 nem
2219 3655 2507 3709 Duczenam
2554 3636 2690 3712 ἐι-11,
2743 3645 3188 3716 qnandocunque
3241 3640 3542 3704 voluerint,
3589 3636 3649 3690 in

2058 3747 2316 3803 omnibus
2365 3742 2569 3798 divinis
2608 3736 2996 3801 conventibus,
3026 3744 3079 3790 et
3111 3735 3167 3787 in
3201 3738 3452 3799 tempore
3507 3725 3649 3782 refe-
3720 3744 3731 3752 ·

2054 3840 2278 3905 ctionis,
2306 3835 2553 3893 ecclesia;
2577 3830 2756 3888 cilicio
2794 3837 2853 3884 et
2882 3825 3206 3883 comestioni
3241 3839 3349 3878 una
3370 3836 3495 3877 cum
3528 3835 3643 3873 mo-

2055 3933 2294 3989 nialibus
2322 3930 2613 3989 interesse,
2642 3932 2699 3979 at
2724 3936 2850 3977 cum
2900 3919 3114 3974 duabus
3148 3932 3177 3970 e
3204 3914 3321 3969 suis
3340 3912 3428 3968 vel
3465 3910 3649 3966 tribus

2056 4023 2403 4080 mulieribus.
2423 4021 2597 4077 Janua
2629 4029 2765 4070 vero
2793 4028 2916 4084 quae
2947 4009 3101 4066 ducit
3134 4009 3190 4061 in
3230 4006 3338 4060 hoc
3363 4010 3640 4058 monaste-

2057 4119 2202 4173 rium
2250 4131 2317 4170 ex
2354 4122 2508 4182 parte
2554 4106 2966 4178 despoticarum
3015 4100 3330 4161 domorum,
3365 4094 3435 4149 ab
3494 4092 3647 4145 intus

2056 4209 2278 4281 quidem
2305 4204 2593 4261 claudetur
2620 4217 2650 4255 a
2681 4197 2957 4270 praelecta,
2980 4193 3148 4249 aforis
3188 4204 3322 4245 vero
3353 4203 3383 4242 a
3413 4194 3645 4257 patrona

2060 4297 2401 4355 monasterii.
2447 4293 2645 4351 Omnia
2699 4305 2920 4362 quoque
2981 4287 3108 4348 alia,
3156 4288 3413 4339 enarrata
3470 4276 3650 4346 capite

2061 4387 2222 4444 tertio
2246 4386 2314 4441 de
2349 4382 2712 4455 inspectione,
2761 4381 3035 4434 inmutata
3067 4376 3120 4430 in
3166 4381 3495 4445 perpetuum
3527 4381 3648 4422 scr-

2061 4482 2358 4537 vabuntur.

2526 4678 2601 4733 De
2630 4677 2829 4732 ambitu
2856 4673 3176 4729 monasterii.

2136 4776 2328 4831 Murus
2344 4774 2614 4829 dirimens
2640 4770 2860 4825 feminei
2886 4763 3204 4821 monasterii
3229 4758 3647 4828 Gratia—plenae,

2064 4870 2285 4927 initium
2340 4867 2494 4922 ducit
2539 4864 2610 4919 ab
2663 4863 2805 4918 ostio
2853 4855 3196 4916 monasterii,
3224 4854 3391 4907 sitoe
3423 4849 3651 4920 regione

2064 4962 2299 5035 publica:
2330 4959 2454 5023 vite,
2491 4971 2600 5026 qua
2645 4954 2865 5009 venitur
2894 4967 2923 5005 a
2951 4956 3140 5004 sancta
3184 4945 3344 5000 Anna
3384 4942 3610 4998 [tenteri
3635 4958 3649 5005 ;
3677 4966 3679 4968 -

2058 5034 2116 5111 et
2138 5052 2335 5110 transit
2369 5051 2437 5105 ad
2476 5048 2767 5107 orientem,
2789 5044 3047 5098 obtinens
3080 5038 3332 5094 eamdem
3369 5034 3648 5104 publicam

2059 5148 2230 5210 viam,
2259 5152 2317 5200 et
2346 5140 2590 5198 excurrit
2633 5151 2808 5207 usque
2835 5124 2925 5190 ad'
2954 5131 3310 5203 paraCellium
3360 5128 3648 5183 nosocomi

2062 5253 2161 5295 seu
2184 5232 2519 5292 inﬁrmitorii
2552 5227 2893 5292 monasterii,
2914 5224 3061 5297 quod
3092 5234 3176 5279 est
3200 5239 3230 5278 e
3256 5223 3478 5293 regione
3503 5234 3654 5275 sum-

2064 5332 2137 5387 mi
2191 5327 2379 5385 solarii
2435 5324 2724 5380 domorum
2783 5334 3026 5390 quercus
3082 5315 3443 5380 monasterii;
3485 5312 3652 5366 habet

1654 5420 2118 5485 Montfauconii
2175 5428 2363 5482 notae.

452 5535 531 5604 (2)
554 5534 866 5604 Asvrépov,
897 5530 1080 5586 Locus
1113 5538 1185 5604 et
1224 5535 1428 5604 tractus
1448 5522 1958 5604 Constantinopolis

379 5607 435 5662 in
458 5593 570 5676 quo
595 5593 755 5676 erant
777 5603 924 5676 mdes
941 5617 1133 5676 sacrae,
1153 5598 1576 5676 SanctaeAnnai,
1598 5594 1780 5676 Sancti
1802 5593 1973 5648 Geor-

377 5664 492 5747 gii:
505 5674 689 5747 Sancti
718 5673 876 5747 Pauli
897 5682 954 5728 et
983 5664 1317 5747 Sanctorum
1343 5665 1719 5747 Notariorum,
1745 5664 1814 5718 de
1858 5677 1970 5747 quo

378 5734 598 5805 necnon
632 5746 700 5801 de
729 5745 895 5815 iulius
927 5739 1317 5814 appellationis
1352 5736 1566 5808 origine
1611 5735 1739 5789 vide
1785 5734 1971 5789 erunti-

2069 5521 2342 5576 tissimum
2375 5514 2642 5586 Cangium
2703 5513 2756 5565 in
2797 5505 3255 5586 ροιιειιιηιὶιιρροίὶ
3317 5501 3640 5586 (ΣΙιιςίκιῑαηια.

2150 5570 2738 5659 ξδῇί-Παρακὲλαίιόυ,
2794 5580 2959 5659 (Eolla;
3031 5570 3322 5647 adjuncm'.
3368 5570 3654 5659 ἰξΙλρακέλι

2076 5650 2281 5717 ῧτξιιὸίε
2312 5650 2482 5712 infimi
2515 5655 2613 5710 aevi
2656 5662 2787 5708 sunt
2826 5650 3060 5709 latrinas,
3101 5663 3213 5716 quo
3256 5658 3419 5700 sensu
3460 5657 3648 5716 παρος

2080 5731 2292 5785 κέλλιον
2321 5728 2411 5784 hic
2439 5724 2667 5786 intelligi
2700 5738 2860 5779 nosse
2890 5719 3120 5775 videtur.
