4100 6428
427 354 567 423 1119

1709 361 1990 421 IRENES
2033 361 2183 422 AUG
2197 360 2407 421 USTzE

3546 351 3681 415 1120

421 472 819 542 longitudinem
861 472 1217 543 quadraginta
1243 481 1300 527 et
1328 480 1453 526 octo
1489 471 1828 536 cubitorum,
1856 472 1990 527 diri-

2104 472 2393 526 κατέναντι
2424 469 2518 524 τοῦ
2574 472 2746 543 ἄκρου
2792 471 2885 526 τοῦ
2925 468 3169 542 ήλιακοῖλ
3207 467 3314 519 τῶν
3362 470 3684 540 οἰκημάτων

423 581 579 619 mens
631 566 851 617 sinistra
900 564 1176 618 domicilia
1237 565 1581 628 monasterii,
1622 565 1811 618 dextra
1866 580 1998 618 vero

419 657 693 730 publicam
731 657 890 710 viam.
928 656 1193 710 Flectitur
1228 672 1542 727 parumper.
1575 657 1830 711 obtinens
1873 673 1996 710 rur-

421 768 518 808 sus
542 751 789 806 eamdem
821 751 1094 820 publicam
1128 751 1294 812 viam,
1328 761 1384 805 et
1416 751 1593 821 pergit
1624 766 1799 817 usque
1824 752 1888 803 ad
1918 751 1997 804 vi-

417 860 541 899 cum
569 844 660 914 qui
692 853 777 899 est
808 859 950 913 pone.
983 844 1149 897 cellas
1181 843 1563 912 patriarchalis
1609 842 1831 896 feminei
1878 857 1965 894 mo
1986 871 1998 883 -

418 936 641 990 nasterii
670 936 854 990 Sancti
892 936 1139 997 Nicolai;
1187 936 1352 989 habet
1387 934 1729 1005 longitudine
1778 934 1997 989 cubitus

415 1028 814 1098 quinquaginta
852 1037 979 1092 tres,
1009 1027 1280 1082 dirimens
1308 1029 1529 1084 sinistra
1572 1026 1847 1080 domicilia
1881 1042 1995 1079 mo-

414 1119 670 1181 nasterii,
696 1118 889 1173 dextra
926 1134 1058 1172 vero
1108 1117 1385 1187 publicam
1422 1118 1591 1170 viam.
1637 1116 1889 1171 Declinat
1927 1116 1995 1170 ad

415 1210 726 1279 aquilonem
751 1211 1008 1264 obtinens
1040 1211 1243 1275 vicum,
1265 1219 1321 1263 et
1371 1209 1587 1263 dirimit
1639 1209 1828 1263 dextra
1861 1219 1997 1262 tem-

418 1301 567 1367 plum
595 1299 779 1354 Sancti
810 1298 1036 1358 Nieolai,
1056 1299 1279 1351 sinistra
1307 1296 1499 1351 domos
1523 1296 1875 1360 monasterii;
1904 1296 1998 1349 ba—

418 1388 511 1442 bct
534 1389 932 1458 longitudinem
966 1388 1155 1442 decem
1176 1394 1232 1441 et
1271 1397 1395 1441 octo
1410 1387 1721 1441 cubitorum
1747 1396 1803 1441 et
1834 1387 1998 1440 dimi-

416 1482 514 1536 dii.
539 1482 783 1535 Declinat
813 1481 879 1535 ad
901 1483 1192 1546 orientem,
1211 1480 1377 1534 habet
1410 1480 1807 1550 longitudinem
1832 1480 1994 1533 trium

415 1572 1031 1627 enbitorum.Flectitur
1065 1573 1349 1641 paululum
1376 1571 1441 1625 ad
1474 1572 1998 1640 aquilonem,habet

414 1660 816 1729 longitudinem
848 1662 1020 1715 cubiti
1063 1662 1246 1716 unius.
1273 1662 1461 1729 Vergit
1501 1662 1698 1714 iterum
1733 1660 1799 1714 ad
1820 1663 1998 1715 orien-

414 1762 546 1817 tem,
581 1754 926 1822 longitudine
970 1758 1216 1825 quinque
1265 1756 1601 1810 cubitorum.
1649 1755 1860 1810 Rursus
1896 1754 1994 1809 lle-

2098 566 2192 618 τοῦ
2222 564 2404 635 δρυὸς,
2440 564 2540 633 τῆς
2575 565 2763 634 μονῆς,
2809 566 2917 636 ἔχει
2955 566 3129 634 μῆκος
3177 563 3377 632 πήχεις
3406 579 3681 628 τεσσαρα-

2100 655 2444 710 κονταοκτώ’
2493 657 2717 726 διαιρῶν
2747 659 3009 728 ἀριστερὰ
3041 658 3107 709 τὰ
3140 658 3416 725 οἰκήματα
3455 656 3555 725 τῆς
3583 674 3681 725 μο-

2098 748 2226 817 νῆς·
2257 748 2405 814 δεξιὰ
2448 749 2505 801 δὲ
2548 747 2647 819 τὴν
2689 750 2955 819 δημοσίαν
2988 749 3104 801 ὁδόν
3125 767 3137 780 ο
3176 748 3544 813 ἀπαγκαλίζει
3570 766 3675 818 ,μια

2099 840 2254 909 κρὸν,
2300 840 2521 909 κρατῶν
2557 840 2719 892 πάλιν
2750 840 2847 911 τὴν
2883 842 3052 910 αὐτὴν
3085 839 3353 910 δημοσίαν
3391 839 3543 891 ὁδόν·
3585 839 3685 891 καὶ

2099 928 2400 996 ἀπέρχεται
2427 928 2556 998 ἄχρι
2589 928 2689 997 τῆς
2735 930 2962 999 ρυμίδος
3004 930 3107 998 τῆς
3138 928 3367 982 ὄπισθεν
3410 929 3517 982 τῶν
3551 928 3679 982 κελ-

2101 1017 2229 1070 λίων
2258 1018 2357 1086 τῆς
2392 1019 2793 1088 πατριαρχικῆς
2829 1020 3150 1085 γυναικείας
3192 1020 3359 1089 μονῆς
3398 1017 3491 1072 τοῦ
3520 1019 3681 1087 ἁγίου

2102 1110 2404 1172 Νικολάου,
2448 1110 2563 1179 ἔχει
2614 1112 2786 1180 μῆκος
2846 1112 3041 1183 πήχεις
3101 1112 3438 1183 πεντήκοντα
3496 1114 3681 1181 τρεῖς”

2098 1202 2327 1273 διαιρῶν
2365 1203 2629 1272 ἀριστερὰ
2674 1205 2742 1255 τὰ
2777 1204 3056 1272 οἰκήματα
3085 1205 3183 1271 τῆς
3217 1204 3407 1272 μονῆς,
3450 1203 3599 1266 δεξιᾶ
3626 1203 3683 1257 δὲ

2098 1294 2199 1362 τὴν
2236 1294 2503 1364 δημοσίαν
2544 1294 2679 1348 ὀδόν.
2728 1295 2987 1359 Κάμπτει
3039 1296 3173 1367 πρὸς
3223 1296 3423 1363 ἄρκτον
3460 1295 3685 1366 κρατῶν

2098 1386 2196 1454 τὴν
2242 1386 2468 1455 ρυμίδα³
2505 1385 2728 1452 διαιρῶν
2753 1387 2903 1451 δεξιὰ
2942 1387 3029 1440 τὸν
3061 1390 3189 1441 ναὸν
3226 1388 3321 1441 τοῦ
3359 1387 3541 1455 Ἀγίου
3585 1388 3683 1441 Νι-

2100 1477 2316 1539 κολάου,
2362 1479 2624 1550 ἀριστερὰ
2664 1480 2719 1533 δὲ
2768 1480 2837 1533 τὰ
2888 1480 3165 1550 οἰκήματα
3191 1483 3291 1550 τῆς
3344 1480 3514 1550 μονῆς
3567 1480 3681 1549 ἒχῖι

2103 1568 2276 1636 μῆκος
2329 1571 2525 1639 πήχεις
2564 1570 2846 1622 δεκαοκτὼ
2889 1572 3083 1640 ἥμισυ.
3134 1572 3320 1624 Κλίνει
3370 1569 3505 1639 πρὸς
3544 1571 3681 1622 ἀνα-

2098 1660 2280 1730 τολὴν,
2309 1659 2421 1730 ἔχει
2466 1663 2638 1731 μῆκος
2684 1664 2877 1733 πήχεις
2912 1666 3083 1733 τρεῖς.
3117 1663 3283 1715 Νεύει
3317 1662 3512 1733 μικρδν
3543 1661 3682 1730 πρὸς

2098 1750 2302 1816 ἄρκτον
2347 1752 2458 1819 ἔχει
2512 1753 2684 1820 μῆκος
2736 1754 2915 1822 πῆχυν
2973 1752 3122 1822 μίαν.
3183 1754 3467 1822 Διέρχεται
3519 1751 3685 1805 πάλιν

412 1844 584 1899 ctitur
640 1846 706 1899 ad
756 1847 1050 1908 orientem.
1099 1850 1260 1903 habet
1309 1848 1709 1918 longitudinem
1762 1858 1990 1916 quatuor

2104 1841 2239 1910 πρὸς
2267 1842 2531 1910 ἀνατολὴν
2568 1846 2742 1913 μῆκος
2770 1845 2969 1914 πήχεις
3006 1846 3188 1898 πέντε.
3237 1844 3407 1897 Πάλιν
3436 1844 3683 1913 κάμπτει

414 1936 730 1992 cubitorum
767 1949 822 1992 et
856 1939 1093 2004 dimidii,
1136 1941 1344 1994 Dehine
1394 1956 1588 1994 rursus
1646 1940 1888 1994 declinat
1926 1941 1992 1994 ad

414 2027 709 2093 orientem,
753 2029 920 2084 habet
956 2032 1358 2101 longitudinem
1393 2041 1632 2101 quatuor
1677 2032 1992 2086 cubitorum

408 2126 463 2172 et
494 2119 727 2173 dimidii.
761 2122 963 2175 lterum
1002 2122 1244 2177 nectitur
1278 2124 1345 2177 ad
1382 2124 1700 2193 aquilonem
1729 2123 1997 2178 dirimens

408 2206 635 2263 dextera
672 2208 865 2264 domos
894 2209 955 2265 S.
991 2210 1230 2277 Nicolai,
1262 2214 1484 2267 sinistra
1534 2228 1668 2267 vero
1717 2212 1994 2268 domicilia

411 2301 754 2365 monasterii,
787 2311 844 2357 et
884 2303 1140 2371 procedit
1175 2320 1349 2373 usque
1402 2302 1497 2359 ad
1524 2320 1743 2359 murum
1798 2304 1996 2360 domus

412 2391 721 2460 superioris
757 2401 813 2447 et
861 2392 1142 2449 inferioris
1192 2395 1437 2450 vestiarii
1486 2396 1701 2465 imperii
1743 2399 1868 2457 mei.
1899 2397 1995 2449 ha-

410 2484 503 2539 bet
528 2485 923 2555 longitudinem
954 2488 1245 2544 duodecim
1293 2492 1632 2548 cubitorum.
1673 2492 1862 2561 Verg’t
1897 2507 1993 2560 pa-

410 2592 636 2646 rumper
665 2578 731 2631 ad
774 2580 1140 2647 occidentem,
1175 2584 1339 2638 habet
1370 2584 1508 2639 duos
1551 2584 1770 2639 cubitus
1814 2586 1993 2654 longi-

414 2666 639 2720 tudinis.
675 2667 977 2731 Pertransit
1012 2685 1202 2724 rursus
1235 2668 1305 2723 ad
1356 2669 1692 2740 aquilonem.
1724 2671 1994 2727 dirimens

409 2755 636 2812 sinistra
669 2757 849 2812 vicum
879 2759 971 2829 qui
1010 2770 1095 2814 est
1127 2776 1158 2815 e
1193 2760 1418 2830 regione
1442 2762 1721 2833 ergodosii
1747 2777 1844 2817 seu
1879 2764 1993 2817 cel-

409 2849 476 2904 laa
501 2850 683 2921 operis
722 2852 1066 2918 monasterii,
1091 2852 1280 2907 dextra
1308 2868 1441 2908 vero
1487 2853 1683 2910 domos
1728 2857 1990 2925 majesta-

409 2941 481 2997 tis
520 2942 781 3005 meaa,eui
818 2959 978 2998 muro
1012 2944 1306 3014 impositus
1341 2953 1426 3001 est
1451 2947 1772 3017 omphaitus
1793 2948 1994 3002 vestia-

410 3032 477 3086 rii
517 3033 731 3104 imperii
770 3034 899 3101 mei,
927 3045 983 3092 et
1007 3036 1270 3091 solarium
1316 3038 1514 3095 caricae
1556 3039 1705 3111 ligno
1750 3038 1991 3094 fabrica-

411 3135 548 3188 tum.
585 3128 802 3183 detecto
832 3128 1036 3184 salario
1064 3129 1173 3184 situ
1201 3130 1433 3201 aequale,
1484 3131 1652 3187 habet
1690 3131 1991 3201 longitudi-

2100 1933 2237 2002 πρὸς
2266 1935 2552 2003 ἀνατολὴν.
2586 1936 2699 2006 ἔχει
2736 1940 2909 2007 μῆκος
2937 1938 3131 2007 πήχεις
3166 1938 3438 2008 τέσσαρας
3477 1937 3676 2006 ἥμισυ.

2099 2021 2227 2077 Εἶτα
2259 2025 2424 2079 πάλιν
2451 2028 2620 2079 κλίνει
2655 2027 2788 2092 πρὸς
2816 2026 3100 2092 ἀνατολὰς,
3134 2029 3244 2099 ἔχει
3280 2029 3454 2098 μῆκος
3486 2030 3683 2099 πήχεις

2098 2115 2373 2186 τέσσαρας
2412 2117 2608 2189 ἥμισυ.
2643 2119 2813 2172 Πάλιν
2852 2121 3096 2190 κάμπτει
3131 2121 3268 2191 πρὸς
3315 2120 3517 2188 ἄρκτον
3544 2121 3685 2173 διαι-

2102 2210 2212 2279 ρῶν
2249 2208 2399 2274 δεξιὰ
2443 2211 2510 2264 τὰ
2550 2213 2827 2282 οἰκήματα
2875 2214 2969 2265 τοῦ
3014 2213 3200 2280 Ἀγίου
3227 2213 3518 2273 Νικολάου,
3562 2214 3685 2282 ἀρι-

2100 2302 2268 2371 στερὰ
2315 2302 2372 2354 δὲ
2409 2302 2479 2355 τὰ
2536 2304 2814 2372 οἰκήματα
2850 2305 2945 2373 τῆς
2982 2305 3173 2375 μονῆς,
3234 2307 3327 2357 καὶ
3380 2305 3682 2376 ἀπέρχεται

2098 2394 2225 2464 ἄχρι
2251 2393 2345 2447 τοῦ
2376 2393 2558 2464 τοίχου
2590 2394 2684 2449 τοῦ
2708 2397 2976 2449 ἀνωκὰτω
3009 2399 3315 2467 οἰκήματος
3345 2397 3438 2450 τοῦ
3466 2397 3683 2466 βεστια-

2100 2484 2218 2552 ρίου
2248 2483 2347 2552 τῆς
2377 2483 2657 2553 βασιλείας
2691 2502 2815 2554 μου,
2849 2485 2963 2555 ἔχει
2996 2486 3171 2555 μῆκος
3206 2487 3405 2565 πήχεις
3446 2486 3674 2539 δώδεκα.

2098 2576 2284 2628 Ῑίλίνει
2317 2577 2513 2647 μικρὸν
2558 2578 2697 2647 πρὸς
2738 2576 2891 2630 δύσιν
2936 2578 3052 2649 ἔχει
3102 2578 3281 2647 μῆκος
3329 2579 3528 2648 πήχεις
3560 2578 3673 2631 δύο.

2098 2669 2380 2738 Διέρχεται
2410 2670 2573 2723 πάλιν
2598 2669 2734 2741 πρὸς
2769 2669 2993 2740 ἄρκτον,
3030 2671 3256 2743 διαιρῶν
3282 2672 3547 2742 ἀριστερὰ
3578 2670 3676 2741 τήν

2099 2762 2302 2830 ρυμίδα
2340 2762 2444 2832 τὴν
2485 2761 2798 2832 ἔμπροσθεν
2828 2763 2922 2816 τοῦ
2972 2765 3282 2833 ὲργοδοσίου
3330 2765 3429 2835 τῆς
3476 2766 3673 2834 μονῆς·

2096 2853 2248 2917 δεξιὰ
2279 2852 2337 2906 δὲ
2366 2853 2436 2907 τὰ
2464 2856 2744 2925 οἰκήματα
2769 2855 2868 2925 τῆς
2907 2854 3186 2924 βασιλείας
3215 2872 3340 2925 μου,
3366 2859 3447 2919 εἰς
3490 2856 3548 2908 δν
3572 2859 3681 2908 τοῖ-

2097 2962 2191 3015 χον
2224 2944 2500 2999 ἑπίκειται
2538 2947 2567 3000 ὀ
2599 2945 2871 3016 ὀμφαῖτος
2906 2945 3000 3000 τοῦ
3040 2945 3352 3017 βεστιαρίου
3398 2950 3497 3018 τῆς
3528 2948 3680 3017 βασι-

2096 3036 2246 3099 λείας
2276 3036 2508 3107 μου,καὶ
2542 3038 2570 3090 ὁ
2594 3036 2682 3091 διὰ
2710 3036 3066 3109 καρικοξύλου
3098 3040 3340 3110 ήλιακὸς,
3359 3042 3387 3093 ὁ
3414 3039 3537 3092 κατ’
3557 3035 3677 3091 ἴσον

2098 3128 2193 3181 τοῦ
2234 3129 2513 3194 ἁσκεποῦς
2554 3130 2818 3201 ήλιακοῦ’
2868 3131 2980 3203 ἔχει
3023 3133 3196 3202 μῆκος
3234 3133 3434 3201 πήχεις
3475 3133 3675 3183 εἰκοσι-

408 3234 531 3271 nem
552 3219 863 3274 cubitorum
887 3220 1082 3291 viginti
1117 3221 1304 3276 trium.
1334 3221 1602 3277 Flectitur
1634 3223 1701 3277 ad
1733 3223 1989 3278 occiden-

2099 3221 2269 3290 τρεῖς.
2304 3221 2564 3290 Κάμπτει
2615 3222 2752 3293 πρὸς
2789 3223 2962 3283 δύσιν,
2994 3225 3219 3293 διαιρῶν
3264 3225 3526 3294 ἀριστερᾶ
3574 3223 3672 3292 τὴν

410 3318 519 3361 tem
551 3309 819 3365 dirimens
847 3311 1071 3366 sinistra
1102 3311 1309 3377 vicum,
1337 3322 1395 3368 et
1419 3314 1771 3385 ergodosium
1799 3330 1984 3370 mona-

405 3400 583 3465 sterii,
609 3401 799 3455 dextra
831 3416 963 3456 vero
1003 3403 1280 3457 domicilia
1313 3404 1616 3475 majestatis
1644 3420 1801 3472 meae,
1822 3406 1986 3460 habet

406 3491 809 3559 longitudinem
862 3493 1179 3548 cubitorum
1214 3494 1553 3565 quindecim.
1604 3496 1850 3552 Declinat
1916 3498 1982 3553 ad

406 3587 723 3651 aquilonem
777 3586 1042 3641 dirimens
1080 3586 1305 3643 sinistra
1358 3604 1591 3644 vacuum
1644 3590 1827 3645 locum
1887 3592 1981 3661 qui

406 3674 548 3728 situs
579 3685 664 3730 est
701 3692 841 3745 pone
887 3678 1291 3750 presbyterium
1348 3682 1597 3737 ecclesia
1642 3683 1982 3748 monasterii,

405 3765 594 3821 dextra
624 3784 755 3824 vero
785 3768 1065 3826 domicilia
1097 3773 1398 3844 majestatis
1430 3774 1769 3840 meaa,habet
1807 3776 1986 3843 longi-

403 3857 647 3913 tudinem
668 3861 977 3918 cubitorum
994 3863 1255 3920 sedecim.
1275 3867 1484 3921 Rursus
1504 3865 1743 3923 declinat
1760 3870 1826 3921 ad
1840 3871 1985 3924 occi-

402 3951 644 4018 dentem,
664 3953 927 4011 dirimens
954 3956 1177 4012 siniStra
1206 3968 1555 4028 parapterum
1591 3959 1838 4015 ecclesia:
1863 3977 1985 4016 mo-

402 4044 627 4098 naslerii
651 4064 665 4111 ;
691 4046 882 4102 dextra
914 4064 1047 4104 vero
1077 4051 1589 4122 tetracarieoxylum
1607 4051 1826 4122 imperii
1855 4054 1983 4118 mei,

404 4134 570 4189 habet
599 4137 999 4207 longitudinem
1039 4140 1356 4195 cubitorum
1390 4156 1610 4197 novem.
1639 4140 1855 4198 Rursus
1889 4142 1985 4198 lle-

402 4228 571 4283 ctitur
593 4231 661 4285 ad
695 4233 1430 4301 septentrionem,dirimcns
1459 4235 1683 4290 sinistra
1713 4236 1954 4291 iconosta

402 4320 545 4373 sium
579 4322 879 4392 maiestatis
901 4339 1054 4388 meae,
1081 4323 1269 4378 dextra
1291 4339 1421 4378 vero
1440 4327 1981 4397 tetracaricoxylum,

404 4410 571 4466 habet
607 4413 1006 4483 longitudinem
1040 4416 1354 4470 cubitorum
1394 4416 1731 4484 duodecim;
1766 4418 1819 4471 in
1873 4434 1984 4488 quo

402 4514 488 4560 est
517 4522 704 4561 mono.
735 4548 749 4562 .
768 4546 782 4561 .
810 4546 827 4563 .
853 4544 901 4561 ..

2102 3312 2304 3382 ρυμίδα
2341 3313 2438 3366 καὶ
2486 3312 2548 3365 τδ
2598 3314 2908 3384 ἔργοδόσιον
2939 3316 3037 3384 τῆς
3083 3317 3284 3386 μονήςο
3325 3315 3476 3380 δεξιὰ
3518 3315 3671 3368 δὲτὰ

2098 3403 2377 3473 οἰκήματα
2415 3405 2513 3473 τῆς
2543 3404 2822 3474 βασιλείας
2853 3424 2974 3477 μου,
3001 3406 3116 3477 ἔχει
3150 3407 3325 3477 μῆκος
3360 3410 3555 3478 πήχεις
3593 3409 3678 3461 δε-

2097 3497 2355 3551 καπέντε.
2388 3498 2573 3553 κλίνει
2605 3501 2742 3571 πρὸς
2771 3500 2997 3570 ἄρκτον,
3038 3500 3262 3571 διαιρῶν
3294 3502 3557 3572 ἀριστερὰ
3585 3502 3676 3554 τὸν

2096 3590 2286 3643 ἄνετον
2313 3591 2480 3645 τόπον
2523 3592 2616 3645 τὸν
2653 3592 2877 3645 ὄπισθεν
2916 3593 3010 3647 τοῦ
3053 3593 3297 3664 βήματος
3344 3595 3446 3663 τῆς
3479 3595 3677 3662 ἐκκλη-

2100 3684 2222 3747 σίας
2252 3685 2350 3755 τῆς
2386 3685 2584 3755 μονῆςο
2617 3685 2769 3751 δεξιὰ
2790 3685 2848 3737 δὲ
2874 3686 2941 3739 τὰ
2960 3688 3238 3757 οἰκήματα
3264 3687 3362 3756 τῆς
3395 3687 3677 3755 βασιλείας

2099 3790 2231 3846 μουο
2278 3776 2393 3847 ἔχει
2449 3776 2626 3847 μῆκος
2678 3781 2877 3848 πήχεις
2933 3778 3147 3842 δεκαέξ.
3208 3778 3375 3830 Πάλιν
3432 3780 3680 3846 κάμπτει

2096 3868 2233 3939 πρὸς
2261 3868 2413 3923 δύσιν
2460 3869 2691 3940 διαιρῶν
2739 3870 3009 3941 ἀριστερὰ
3050 3869 3109 3922 τὸ
3142 3868 3531 3937 πταρὰπτερον
3562 3868 3676 3940 [ἵσ.

2095 3961 2472 4034 παράπτερον]
2497 3962 2573 4031 (5)
2604 3962 2703 4031 τῆς
2734 3961 3033 4028 ἐκκλησίας
3060 3962 3156 4031 τῆς
3193 3963 3362 4031 μονῆς
3383 3978 3396 3990 ·
3438 3962 3589 4026 δεξιὰ
3619 3964 3674 4015 δὲ

2093 4055 2155 4106 τὸ
2191 4053 2717 4124 τετρακαρικὸξυλον
2757 4053 2857 4121 τῆς
2888 4051 3167 4121 βασιλείας
3201 4070 3301 4121 μου
3353 4051 3466 4121 ἔχει
3501 4052 3676 4120 μῆκος

2096 4147 2289 4214 πήχεις
2320 4144 2501 4199 ἑννέώ
2534 4144 2703 4198 Πάλιν
2744 4144 2990 4214 κάμπτει
3020 4142 3155 4214 «pb;
3192 4144 3397 4211 ἄρκτον
3446 4142 3676 4211 διαιρῶν

2095 4236 2358 4306 ἀριστερὰ
2401 4236 2462 4289 τὸ
2502 4237 2907 4291 εἰκονοστάσιον
2950 4236 3026 4306 (6)
3075 4237 3173 4305 τῆς
3214 4235 3497 4305 βασιλείας
3551 4252 3673 4303 μου,

2092 4332 2240 4396 δεξιὰ
2275 4331 2330 4384 δὲ
2380 4330 2440 4383 τὸ
2482 4330 3032 4399 τετρακαρικὸξυλον,
3083 4329 3198 4401 ἔχει
3250 4330 3424 4400 μῆκος
3478 4330 3676 4399 πήχεις

2092 4425 2334 4478 δώδεκαο
2375 4426 2432 4478 ἐν
2460 4416 2504 4492 ᾧ
2526 4425 2646 4476 ὲστι
2683 4424 2780 4475 και
2814 4423 3040 4494 μονόμη

1675 4602 2135 4665 Monlfauconii
2199 4607 2385 4662 natm.

474 4700 1028 4773 (5)7Hrapdxtspor.
1067 4702 1230 4758 Forte
1262 4701 1642 4773 παράπτερον.
1676 4711 1735 4756 ιιι
1756 4705 1983 4758 doctiss.

399 4770 643 4854 pangius
670 4774 987 4839 existimat;
1024 4773 1082 4829 id
1134 4784 1239 4838 est,
1282 4770 1410 4844 pars
1446 4772 1697 4827 ecclesiae
1729 4775 1832 4829 ala:
1885 4775 1986 4828 ad-

395 4857 606 4912 iacens.

1173 4953 1433 4964 ——-———

2092 4704 2244 4771 (“(5)
2283 4700 2776 4755 Εικονοστάσιον.
2827 4699 2889 4755 ld
2921 4707 3037 4771 est,
3074 4698 3305 4767 capella,
3339 4695 3670 4771 ex_laudat_o

2096 4766 2235 4900 scim,
2263 4774 2357 4841 qui
2376 4773 2445 4827 de
2484 4773 2588 4826 hac
2632 4787 2766 4827 voce
2814 4772 2935 4827 fuse
2989 4766 3236 4839 diSputat
3293 4773 3351 4823 in
3394 4766 3669 4822 Glossario

2119 4860 2297 4897 .ra‘co.

1428 5052 1967 5141 ERUDl'l‘O
2045 5048 2599 5139 LECTORI.

476 5197 783 5277 Scauentes
823 5208 1038 5263 tabellae
1092 5206 1291 5274 saepius
1342 5206 1565 5262 laudato
1609 5207 1784 5261 codici
1831 5207 1980 5277 regio
2026 5207 2245 5262 insertae
2288 5206 2342 5261 in
2378 5206 2567 5261 charta
2605 5221 2911 5277 papyracea
2933 5197 3454 5277 vulgaridescriptm
3485 5207 3664 5256 erant.

396 5284 507 5324 non
543 5268 735 5348 eadem
760 5293 930 5348 manu
958 5293 1065 5347 qua
1097 5268 1376 5348 reliquum
1411 5293 1570 5345 opus,
1600 5278 1693 5331 sed
1725 5268 2233 5348 longevreeentiore
2262 5287 2318 5332 et
2356 5268 2694 5345 imperitioré
2715 5268 2820 5348 37in
2854 5268 3670 5348 quibusinbelltscltaracteres

395 5351 525 5416 sunt
552 5342 770 5416 plurimi
804 5348 855 5402 in
879 5337 1043 5402 editis
1071 5337 1316 5399 nondum
1347 5337 1555 5409 usitati,
1587 5361 1641 5402 et
1679 5350 1750 5401 ita
1783 5337 2047 5416 p5rplexi,
2097 5360 2159 5402 ut
2195 5365 2303 5401 non
2360 5337 2553 5416 parum
2617 5348 2670 5401 in
2735 5347 2802 5401 iis
2855 5337 3454 5416 legendis_desudarim
3487 5354 3668 5406 :quos

397 5410 520 5473 tibi,
553 5412 751 5470 Lector
786 5418 1070 5489 benevole.
1098 5416 1343 5489 edendos
1376 5418 1589 5481 curavi,
1627 5410 1794 5472 unde.
1820 5410 1927 5471 non
1951 5419 2221 5473 modicam
2254 5410 2612 5489 voluptatem,
2644 5432 2745 5489 nec
2776 5410 3055 5489 minorem
3111 5410 3353 5489 fructum
3393 5415 3445 5489 te
3477 5423 3667 5489 ρει-,ρετ

396 5489 622 5556 pturum
649 5500 831 5554 spero.
867 5487 937 5543 Ut
962 5486 1383 5556 autemtabellze
1407 5489 1522 5541 ista:
1547 5478 1615 5541 ab
1659 5489 1915 5556 imperita
1946 5504 2107 5542 manu
2139 5478 2398 5553 curatae,-
2429 5497 2485 5543 et
2535 5487 2717 5541 lituris
2771 5499 2915 5555 saepe
2959 5484 3280 5539 deformata:
3316 5485 3465 5541 sunt,
3527 5478 3666 5545 nihil

396 5550 600 5632 mirum
626 5550 759 5610 si‘in
790 5555 1281 5632 supputationibus
1302 5557 1451 5610 leves
1480 5550 2068 5632 errores-irrepserint.
2244 5629 2294 5632 __
2383 5550 2391 5553 ’
2627 5628 2639 5632 Δ
2688 5627 2706 5632 Δ
2774 5626 2807 5632 __
2849 5550 2889 5632 '_
3135 5631 3143 5632 ί
3279 5620 3291 5632 ⁸
3405 5615 3444 5632 ,ξ
3492 5631 3499 5632 7
3559 5617 3571 5628 ,

466 5621 762 5687 Caeterum,
799 5621 1070 5681 modicam
1098 5633 1310 5679 tantum
1341 5629 1657 5681 monasterii
1692 5621 1969 5682 reditunm
2006 5639 2213 5696 partem
2244 5629 2331 5683 hic
2364 5628 2640 5685 recenseri
2684 5626 2846 5681 facile
2878 5622 3171 5696 intelliget,
3201 5621 3664 5696 quisquiianim-

397 5689 671 5765 advertat,
722 5711 931 5755 omnes.
962 5697 1227 5764 pecunias
1261 5696 1351 5751 hic
1392 5707 1735 5765 computatas
1775 5699 1860 5752 vix
1899 5686 2120 5753 centum
2167 5700 2493 5755 nonnistnata
2553 5697 2845 5764 excedere,
2883 5709 2914 5751 e
2957 5686 3164 5765 quibus
3203 5686 3387 5746 tamen
3418 5686 3489 5741 42
3544 5694 3665 5746 solo

402 5761 628 5817 vmitori
656 5765 710 5820 in
737 5761 1045 5822 mercedem
1073 5767 1367 5836 quotannis
1392 5761 1770 5824 solvebantur.
