4100 6410
430 300 582 362 ἴ131

510 413 566 465 7.
600 409 683 466 Ad
725 418 1161 466 consummatam
1190 406 1622 461 vindicationem
1655 419 1687 459 a
1726 403 1878 459 vitiis
1908 418 2018 457 non
2053 407 2092 459 Α

438 503 645 560 suilicit
672 504 869 557 animae
889 500 1196 555 voluntaria
1222 498 1522 562 amictatio,
1575 498 1680 552 nisi
1714 497 1880 551 etiam
1912 511 2020 551 non

440 594 767 651 voluntariis
812 591 1169 655 inﬂammata,
1229 591 1460 646 minime
1494 600 1757 645 enervata
1787 588 2020 643 dimuat.

441 687 637 742 Anima
667 684 814 740 enim
838 681 1018 752 gladio
1049 680 1250 735 similis
1282 688 1369 735 est
1418 698 1430 733 :
1486 680 1591 733 nisi
1630 694 1729 748 per
1759 678 1941 748 ignem
1970 693 2025 730 ct

441 792 640 848 aquam
679 774 979 838 transierit,
1014 773 1120 828 hoc
1150 783 1236 828 est
1285 788 1383 842 per
1430 772 1649 827 labores
1682 770 2026 824 voluntarios

434 878 501 924 et
543 867 967 930 involuntarios,
1005 865 1136 920 dum
1191 865 1542 936 quotidianas
1572 862 1906 917 tentationes
1939 876 2025 916 re-

442 961 706 1030 percutit,
736 960 892 1013 lirma
922 967 980 1013 et
1013 959 1249 1013 infracta
1281 973 1392 1012 non
1426 954 1795 1027 permanebit.

516 1050 570 1104 8.
626 1049 1106 1117 Quemadmodum
1167 1049 1603 1104 voluntariarum
1658 1046 2024 1101 tentationum

445 1154 560 1200 tres
590 1155 722 1199 sunt
750 1158 930 1199 causa;
969 1141 1415 1212 generalissimze,
1459 1141 1687 1202 sanitas,
1729 1137 1938 1193 divitia:
1971 1145 2027 1191 et

441 1236 642 1306 gloria,
671 1251 781 1290 non
824 1233 905 1291 sic
931 1230 1371 1289 voluntariarum
1404 1230 1634 1285 totidem
1673 1238 1826 1291 sunt,
1851 1226 2028 1281 detri-

412 1337 695 1389 ,inentum
741 1343 840 1383 seu
873 1328 1158 1391 damnum,
1187 1323 1561 1388 contumeliae,
1596 1319 2023 1377 invaletudines.

444 1422 628 1488 Atque
654 1420 770 1473 haec
785 1419 1115 1489 quibsdam
1141 1418 1208 1473 ad
1232 1415 1677 1479 mdilicationem,
1695 1411 2027 1484 quibusdam

442 1511 511 1566 ad
536 1510 971 1566 destructionem
996 1509 1349 1581 contingunt.
1534 1580 1535 1583 η
1962 1492 1974 1505 ’

514 1603 569 1657 9.
609 1602 724 1659 Una
749 1618 874 1658 cum
909 1602 1091 1656 anima
1125 1602 1436 1657 subsistunt
1461 1609 1516 1655 et
1544 1599 1827 1655 cobaarent
1864 1599 2026 1670 cupi-

445 1693 592 1748 ditas
622 1702 680 1748 et
712 1692 975 1757 tristitia;
1010 1706 1136 1746 cum
1183 1705 1418 1761 corpore
1451 1690 1701 1759 voluptas
1749 1696 1805 1744 et
1846 1688 2025 1744 dolor.

433 1784 622 1841 Causa
652 1784 860 1839 doloris
888 1792 975 1838 cst
996 1784 1270 1852 voluptas.
1305 1781 1441 1837 Nam
1474 1781 1604 1838 dum
1639 1779 1903 1836 acerbum
1928 1779 2025 1835 do-

426 1879 579 1933 .loris
604 1893 831 1933 sensum
860 1877 1103 1948 ellugere
1125 1878 1401 1940 volumus,
1432 1877 1497 1931 ad
1520 1877 1856 1946 voluptatem
1889 1890 2027 1931 con-

421 1970 702 2039 .l‘ugimus.
739 1967 1030 2037 Cupiditas
1055 1978 1240 2022 autem
1287 1967 1527 2021 tristitiae
1558 1976 1734 2021 mater
1766 1978 1874 2023 est.

507 2061 599 2116 10.
643 2061 745 2127 Qui
793 2060 1003 2114 virtute
1046 2069 1131 2114 est
1166 2059 1454 2128 praeditus,
1491 2058 1827 2113 intrinsecus
1859 2066 1917 2113 et
1968 2056 2024 2112 in

432 2153 627 2208 animo
660 2167 762 2206 suo
793 2151 1065 2206 inclusum
1093 2150 1338 2220 possidet
1373 2150 1580 2205 bonum
1614 2164 1809 2204 :vanae
1838 2149 2027 2219 gloria

441 2244 700 2315 cupidus.
728 2245 846 2300 sola
873 2245 1208 2315 cogitatione
1240 2251 1571 2312 conceptum
1613 2252 1672 2297 et
1711 2242 2027 2313 imaginati-

444 2336 607 2391 tium.
635 2337 706 2391 At
745 2351 878 2391 vero
909 2336 1112 2390 malum
1145 2335 1354 2405 probus
1384 2333 1679 2404 superficie
1709 2343 1893 2400 tenus,
1924 2347 2026 2387 vo-

440 2426 641 2497 luptati
676 2426 896 2482 deditus
923 2426 1254 2497 profundum
1290 2425 1478 2481 habet.

519 2520 601 2573 11.
632 2519 825 2574 Praxis
853 2518 1050 2575 anima:
1092 2529 1180 2575 est
1219 2520 1586 2589 temperantia
1642 2518 2025 2590 simplicitate,

441 2617 493 2663 ct
522 2609 851 2679 simplicitas
880 2609 1243 2680 temperantia
1282 2608 1597 2665 obﬁrmata.

514 2704 604 2758 l2.
636 2704 833 2760 Praxis
858 2704 1095 2774 spiritus
1116 2712 1200 2759 est
1226 2704 1283 2758 in
1320 2702 1789 2773 contemplatione
1818 2702 2022 2766 oratio,

439 2802 497 2849 ct
526 2793 583 2847 in
609 2794 860 2849 oratione
890 2793 1308 2863 contemplatio.

514 2884 607 2939 15.
634 2883 756 2939 Non
804 2899 950 2954 stupe
991 2884 1295 2948 invenitur,
1334 2883 1429 2954 qui
1469 2884 1663 2939 vitium
1705 2883 1941 2940 sollicite
1967 2892 2026 2939 et

441 2992 567 3031 cum
603 2992 735 3032 cura
771 2991 883 3031 non
924 2976 1131 3042 oderit,
1188 2977 1391 3046 saepius
1426 2988 1614 3033 autem
1651 2978 1745 3048 qui
1776 2977 2024 3034 effectri-

441 3069 604 3125 cibus
630 3070 751 3140 ejus
779 3069 963 3126 causis
992 3070 1161 3125 etiam
1198 3072 1470 3127 attentius
1492 3071 1784 3127 inhaereat.

520 3258 603 3311 14.
629 3256 844 3324 Quibus
874 3272 985 3314 non
1020 3266 1107 3313 est
1151 3274 1370 3329 semper
1410 3256 1554 3328 apud
1612 3256 1856 3311 animum
1896 3272 2027 3329 pro-

442 3348 620 3418 posita
654 3349 1007 3418 poenitentia,
1038 3349 1205 3405 iidem
1228 3351 1392 3403 etiam
1428 3351 1483 3408 in
1514 3359 1741 3420 peccata
1766 3350 2030 3421 frequen-

444 3439 557 3491 tius
586 3439 872 3494 labuntur.
906 3438 975 3493 At
1000 3439 1095 3509 qui
1123 3455 1233 3493 non
1254 3455 1319 3494 ex
1354 3439 1638 3509 proposito
1657 3442 1875 3511 culpam
1897 3455 2032 3495 con-

446 3532 695 3594 trahunt,
728 3531 796 3586 iis
814 3539 968 3587 certo
989 3548 1310 3602 persuasum
1333 3543 1417 3588 est
1436 3532 1729 3603 ptenitere,
1754 3543 1811 3589 et
1836 3549 2031 3604 quam-

446 3624 640 3680 obrem
674 3625 997 3692 pmniteant,
1028 3626 1178 3681 haud
1206 3628 1280 3681 ita
1310 3628 1510 3683 crebro
1551 3643 1775 3683 causam
1801 3628 2026 3683 habent.

520 3717 606 3771 15.
645 3718 854 3773 Sensus
884 3730 941 3773 et
960 3722 1300 3775 conscientia
1336 3722 1390 3776 in
1416 3720 1604 3776 verbis
1628 3737 1750 3791 qua:
1783 3736 1878 3776 ore
1906 3737 2034 3792 pro-

448 3806 702 3862 feruntur
732 3810 1087 3874 conveniant,
1118 3822 1178 3866 ut
1218 3813 1468 3867 divinum
1501 3813 1768 3877 Verbum,
1799 3812 1946 3882 quod
1972 3828 2033 3867 se

449 3899 505 3952 in
568 3899 754 3954 medio
805 3901 861 3955 in
917 3902 1141 3957 nomine
1191 3918 1293 3958 suo
1320 3911 1778 3974 congregatorum
1810 3902 2034 3959 adfutu-

438 4006 571 4045 rum
627 3991 880 4061 promisit
917 3994 959 4061 ³,
985 4011 1083 4065 per
1130 3995 1467 4067 proterviam
1493 4005 1590 4051 aut
1614 3995 2032 4051 immoderatio-

436 4100 573 4140 -nem
596 4099 789 4140 eorum
824 4103 947 4156 qua:
982 4088 1245 4143 dicuntur
1285 4096 1382 4142 aut
1416 4087 1575 4151 ﬁunt,
1612 4104 1723 4143 non
1764 4087 2028 4159 pudefiat.

519 4177 606 4231 16.
651 4178 773 4232 Non
811 4179 906 4249 qui
940 4180 1207 4249 operibus
1248 4181 1447 4237 animat
1494 4198 1608 4237 suae
1633 4182 1891 4251 injuriam
1920 4198 2031 4237 non

440 4267 635 4333 infert;
673 4270 764 4325 hic
793 4272 961 4326 etiam
989 4287 1020 4326 a
1059 4272 1229 4328 dictis
1256 4273 1747 4331 incontaminatam
1780 4282 1968 4331 tuetur
2014 4293 2030 4330 :

440 4379 555 4418 nec
589 4363 685 4434 qui
716 4365 919 4434 linguae
948 4365 1290 4432 moderatur,
1320 4367 1432 4439 iam
1469 4369 1622 4423 nulla
1648 4384 1771 4424 eam
1794 4369 2034 4440 impuri-

1828 281 2032 346 ΕΙ.ῐῶ
2073 277 2329 342 ECDICI

3577 259 3718 321 1132

2208 406 2273 471 ζ’.
2309 406 2422 459 Οὐκ
2447 407 2606 476 ἀρκεῖ
2633 411 2698 477 τῇ
2730 408 2875 477 ψυχῇ
2910 407 3278 478 πρδ;.τελείαν
3311 408 3509 471 κακίας
3538 409 3706 463 ἀπαλ-

2136 497 2344 566 λαγὴν,
2384 498 2418 566 ἡ
2463 496 2709 559 ἑκούσιος
2757 498 3117 561 κακοπάθεια,
3166 500 3297 568 εἰμὴ
3341 502 3434 551 καὶ
3471 499 3559 551 διὰ
3609 501 3709 568 τῆς

2139 588 2393 642 ἀκουσίου
2413 628 2429 654 ,
2464 590 2849 659 ὲκπυρουμένη
2882 590 2956 660 μὴ
2984 588 3290 659 διαλύηται.
3323 584 3424 644 Οἷα
3471 591 3577 659 γάρ
3624 607 3709 654 τις

2144 681 2441 749 μάχαιρα-ἡ
2467 679 2633 750 ψυχὴ,
2666 682 2714 733 εἰ
2748 680 2821 750 μὴ
2844 681 2930 733 διὰ
2965 682 3137 751 πυρὸς
3161 681 3342 751 διέλθῃ
3373 682 3466 733 καὶ
3497 678 3708 742 ὕδατος.

2137 771 2411 823 τουτέστιν
2449 771 2708 825 ἑκουσίων
2745 772 2922 825 πόνων
2951 773 3044 825 καὶ
3073 771 3342 825 ἀκουσίων
3360 813 3376 837 ,
3406 771 3712 841 ἄθραυστος

2137 863 2259 923 ταῖς
2307 861 2648 924 ἀντιτυπίαις
2694 862 2803 915 τῶν
2847 863 3357 932 ὲπισυμὸαινόντων
3409 862 3471 915 ού
3513 877 3712 931 συντηοο

2143 953 2336 1020 ρεῖται.

2209 1047 2278 1109 η’.
2318 1041 2526 1110 Ὠσπερ
2558 1039 2667 1092 τῶν
2702 1042 2964 1095 ἑκουσίων
2998 1041 3320 1111 πειρασμῶν
3356 1042 3482 1113 τρία
3509 1041 3616 1095 εἰσὶ
3642 1041 3712 1093 τά

2140 1130 2541 1200 καθολικώτερα
2580 1131 2762 1194 αἴτια,
2793 1132 2985 1199 ὑγεία,
3022 1131 3288 1196 πλοῦτος,
3329 1132 3423 1186 καὶ
3470 1130 3711 1192 εὔκλεια,

2139 1221 2281 1274 οὕτω
2324 1222 2418 1274 καὶ
2441 1221 2551 1272 τῶν
2576 1222 2847 1275 ἀκουσίων
2877 1222 3004 1293 τρία
3027 1224 3154 1283 sict,
3182 1222 3399 1292 ζημίαι,
3428 1222 3710 1293 λοιδορίαι.

2139 1311 2434 1365 ἀσθένειαι.
2468 1312 2711 1366 Γίνονται
2736 1313 2793 1367 δὲ
2822 1314 2994 1367 ταῦτα
3021 1316 3131 1367 τισὶ
3160 1315 3258 1383 μὲν
3283 1316 3364 1377 εἰς
3396 1314 3711 1381 οίκοδομὴν,

2139 1402 2255 1455 τισὶ
2274 1400 2331 1454 δὲ
2365 1403 2445 1466 είς
2470 1403 2808 1476 καθαίρεσιν.

2215 1599 2280 1655 θ’.
2316 1601 2714 1672 Παρυφέστηκε
2746 1603 2893 1673 ψυχῇ
2938 1603 3070 1673 μὲν,
3102 1602 3367 1672 δπιθυμία
3401 1604 3496 1657 καὶ
3531 1602 3678 1674 λύπη
3702 1617 3716 1631 ⁸

2146 1689 2360 1758 σώματι
2386 1691 2464 1751 δὲ,
2484 1691 2643 1761 ἡδονὴ
2661 1692 2755 1746 καὶ
2769 1692 2950 1763 ὀδύνη.
2978 1694 3159 1747 Δῐτιον
3179 1692 3236 1746 δὲ
3259 1692 3359 1761 τῆς
3386 1691 3484 1761 μιν
3500 1692 3716 1762 ὀδύνης,

2063 1744 2101 1799 Β
2146 1782 2179 1850 ἠ
2202 1744 2386 1850 ἡδονή.
2418 1744 2673 1844 eam;
2704 1744 2811 1852 γάῤ
2838 1744 3095 1852 risu—{en
3123 1744 3222 1852 τη.
3239 1744 3719 1852 καὲῖτηνδδύνὲίᾷ

2059 3122 2099 3154 ἱ.

2146 1870 2401 1923 ἐπίπονον
2436 1870 2718 1942 αίσθησιν,
2751 1872 2889 1941 πρὸς
2918 1872 3019 1941 τὴν
3050 1870 3242 1942 ἡδονὴν
3271 1870 3716 1940 καταφεύγομεν.

2149 1959 2260 2029 Τῆς
2292 1962 2349 2014 δὲ
2382 1960 2579 2031 λύπης,
2617 1961 2901 2032 ἐπιθυμία.

2224 2055 2275 2102 ι’.
2293 2050 2651 2103 ’Ἑνδιάθετον
2680 2050 2777 2118 μὲν
2807 2052 2836 2103 6
2867 2052 3118 2119 ἐνάρετος
3145 2050 3405 2119 κέκτηται
3435 2048 3493 2103 τὸ
3534 2048 3718 2112 καλὸν,

2148 2139 2600 2210 περινενοημένον
2649 2140 2704 2193 δὶ
2747 2141 2777 2194 6
2817 2140 3092 2205 κενόδοξος
3113 2156 3128 2173 ο
3152 2141 3214 2193 τὸ
3241 2140 3298 2195 δὶ
3324 2140 3493 2195 κακὸν
3511 2181 3527 2206 ,
3562 2141 3593 2193 6
3619 2140 3724 2209 μὲν

2151 2231 2475 2294 σπουδαῖος,
2508 2230 2566 2296 ἐξ
2592 2231 2854 2301 ἐπιπολῆς
2893 2232 3026 2301 ἔχει,
3059 2231 3197 2284 κατά
3245 2232 3409 2302 βάθος
3451 2231 3511 2285 δὲ
3534 2233 3562 2285 6
3594 2232 3719 2301 φιλ-

2150 2322 2359 2391 ήδονος.

2216 2511 2299 2564 ια’.
2346 2511 2549 2582 Πρᾶξις
2577 2512 2757 2581 ψυχῆς
2799 2515 2975 2575 ἐστιν,
3005 2511 3303 2580 ἐγκράτεια
3317 2512 3395 2581 ’τῇ
3430 2509 3713 2580 ἁπλότητι,

2145 2602 2239 2654 καὶ
2266 2601 2505 2671 ἁπλότης
2544 2604 2609 2671 τῇ
2650 2602 2946 2672 ὲγκρατείᾳ
2980 2600 3367 2671 ἐνεργουμένη.

2219 2692 2305 2760 ιβ’.
2340 2691 2451 2746 Νοῦ
2488 2692 2683 2761 πρᾶξίς
2710 2693 2879 2756 ἐστιν,
2906 2695 2940 2764 η
2972 2694 3032 2746 tv
3056 2692 3259 2763 θεωρίᾳ
3292 2691 3445 2762 εὐχὴ,
3474 2690 3623 2760 καὶὴ
3653 2691 3714 2743 ἐν

2146 2782 2277 2851 εὐχῇ
2309 2780 2530 2849 θεωρία.

2221 2870 2311 2939 ιγ’.
2361 2870 2636 2937 Ὀλιγάκις
2673 2870 2792 2940 μὲν,
2818 2868 2915 2923 καὶ
2935 2868 3036 2921 οὐκ
3062 2867 3331 2937 ἐπιμελῶς
3363 2868 3498 2939 πρὸς
3529 2867 3587 2921 τὸ
3619 2884 3719 2920 xa-

2151 2965 2244 3016 κον
2282 2963 2596 3033 εὑρίσκεται
2646 2962 2675 3014 6
2721 2959 2880 3013 τοῦτο
2931 2956 3103 3029 μισῶν
3129 2972 3142 2988 ο
3193 2958 3481 3021 πλεονάκις
3528 2958 3587 3011 δι
3624 2958 3719 3010 καὶ

2152 3051 2658 3125 προσεκτικώτερον
2680 3096 2694 3117 ,
2718 3052 2748 3105 6
2784 3049 2880 3103 ἐπὶ
2909 3051 3032 3113 ταῖς
3065 3049 3268 3113 αιτίαις
3309 3050 3517 3103 ἐκείνου
3547 3063 3717 3114 προσ-

2154 3152 2428 3213 κείμενος.

2223 3259 2301 3313 t6'.
2344 3255 2438 3323 Οἷς
2474 3262 2549 3330 μὴ
2585 3267 2726 3313 κατα
2768 3257 3022 3328 πρόθεσιν
3064 3257 3125 3309 τὸ
3159 3257 3469 3324 μετανοεῖν,
3501 3250 3708 3310 τούτοις

2153 3352 2389 3422 συνεχῶς
2424 3354 2517 3405 καὶ
2549 3352 2611 3405 τδ
2657 3349 3016 3420 πλημμελεῖν.
3050 3344 3147 3411 Οἷς
3178 3347 3231 3399 δὲ
3267 3344 3416 3413 παρὰ
3458 3343 3711 3414 πρόθεσιν

2147 3443 2209 3498 τὸ
2239 3440 2594 3512 ἁμαρτάνειν,
2639 3435 3123 3505 ἐμπληροςρόρητος
3156 3434 3190 3503 ἡ
3225 3431 3503 3503 μετάνοια,
3535 3433 3628 3499 καὶ
3659 3432 3721 3486 τὸ

2152 3536 2324 3589 αἴτιον
2353 3531 2552 3599 ταύτης
2582 3530 2705 3600 οὐχὶ
2730 3529 2943 3598 συχνόν.

2230 3724 2314 3774 ts'.
2351 3717 2635 3786 Αἴσθησις,
2667 3717 2761 3771 καὶ
2787 3717 3109 3785 συνείδησις,
3136 3718 3279 3788 λόγῳ
3310 3719 3388 3789 τῷ
3415 3721 3555 3775 κατὰ
3595 3736 3724 3790 προ-

2153 3825 2349 3879 φοραν,
2382 3808 2853 3878 συνερχέσθωσαν.
2889 3812 3077 3872 Ὅπως
3105 3809 3131 3861 6
3160 3810 3435 3879 εἰρηνικὸς
3464 3811 3559 3864 καὶ
3590 3810 3725 3874 θεῖος

2151 3901 2330 3969 λόγος,
2366 3902 2425 3953 ἒν
2456 3900 2604 3971 μέσῳ
2632 3901 2837 3954 τούτων
2867 3901 3233 3971 εὑρίσκεσθαι.
3264 3902 3337 3971 μὴ
3370 3902 3725 3972 καταισχύνη-

2151 4009 2241 4045 ται
2264 3992 2351 4046 διὰ
2396 3992 2497 4061 τῆς
2527 3994 2879 4062 προπετείας,
2909 3993 2942 4062 ἢ
2988 3992 3086 4061 τῆς
3126 3993 3392 4063 ἀμετρίας
3419 3995 3528 4048 τῶν
3575 3996 3726 4064 λεγο-

2155 4084 2352 4153 μένων.

2231 4190 2290 4236 ις
2312 4214 2324 4225 .
2353 4173 2463 4242 Ούχ
2485 4175 2512 4226 6
2539 4176 2651 4238 τοῖς
2679 4174 2861 4241 ἔργοις
2894 4174 2968 4243 μὴ
2992 4173 3193 4228 ἀδικῶν
3222 4176 3320 4246 τὴν
3342 4176 3521 4247 ψυχὴν
3541 4179 3730 4245 αὐτοῦ,

2148 4256 2303 4323 οὗτος
2340 4263 2436 4315 καὶ
2481 4266 2593 4326 τοῖς
2629 4264 2807 4331 λόγοις
2851 4265 3111 4334 ἀμίαντον
3142 4266 3310 4334 αὐτὴν
3344 4270 3729 4338 συνετήρησεν.

2149 4352 2287 4405 Οὐδὲ
2325 4352 2354 4404 6
2396 4354 2607 4417 τούτοις
2657 4353 2975 4422 φυλάττων,
3020 4355 3120 4424 ἠδη
3172 4358 3266 4409 καὶ
3305 4357 3603 4427 μολυσμοϊς
3634 4359 3730 4413 οὐκ

455 4461 572 4509 tate
600 4455 933 4524 inquinavit.
965 4456 1071 4524 Qui
1131 4457 1283 4513 enim
1335 4459 1675 4531 cogitatione
1736 4461 2031 4531 delinquit,

2150 4443 2399 4511 ὲμόλυνε.
2433 4444 2658 4515 Τριττδν
2688 4443 2799 4516 γάρ
2828 4445 2890 4499 τὸ
2928 4446 3266 4517 ἁμαρτάνειν
3295 4448 3658 4521 καθέστηκεν.

447 4546 595 4618 quod
626 4549 860 4603 tertium
888 4541 995 4617 est,
1029 4551 1179 4607 facit.

526 4640 612 4696 17.
637 4641 757 4696 Non
783 4643 993 4713 poteris
1020 4643 1213 4700 faciem
1240 4647 1463 4704 virtutis
1495 4650 1745 4719 aspicere
1775 4650 1823 4706 si
1858 4651 2041 4706 adhuc

450 4731 573 4785 vitii
604 4733 824 4787 vultum
851 4734 1100 4805 jucunde
1137 4739 1484 4795 consideras.
1520 4733 1679 4795 Tunc
1729 4749 1911 4797 autem
1949 4743 2040 4798 hic

449 4824 548 4879 tibi
573 4826 702 4880 odio
738 4829 1161 4898 prosequendus
1199 4831 1504 4895 videbitur.
1553 4833 1599 4889 si
1637 4834 1786 4890 illius
1813 4845 2034 4906 gustum

450 4917 966 4991 experientiamque
998 4924 1411 4993 concupiveris,
1436 4935 1493 4980 et
1517 4940 1547 4981 a
1596 4926 1898 4997 spectanda
1931 4927 2040 4982 im-

446 5010 743 5078 probitatis
768 5010 945 5066 l'orma
966 5015 1159 5069 oculos
1178 5030 1343 5085 quam
1374 5015 1692 5089 longissime
1714 5019 2035 5076 abduxeris.

524 5098 614 5154 18.
655 5102 762 5157 Per
809 5105 1179 5174 cogitationes
1234 5108 1534 5179 pmcipue,
1592 5114 1704 5166 non
1738 5127 1838 5182 per
1867 5127 2035 5183 Opera

447 5191 731 5247 (LL-mones
759 5195 958 5250 anima:
989 5196 1197 5253 bellum
1244 5211 1487 5255 movent.
1534 5201 1655 5273 Ipsa
1693 5203 1843 5257 enim
1871 5219 2038 5273 opera

447 5301 549 5354 per
580 5301 640 5340 se
666 5292 984 5345 necessaria
1018 5302 1171 5348 sunt.
1201 5292 1267 5347 Et
1298 5294 1520 5350 illorum
1573 5296 1797 5365 quidem
1825 5298 2038 5353 auditio

447 5386 776 5447 aspectusve
810 5395 977 5437 causa
997 5391 1105 5451 est,
1136 5383 1537 5455 cogitationum
1579 5398 1765 5445 autem
1798 5405 2038 5446 consue-

447 5470 583 5525 tudo
607 5480 665 5526 et
699 5472 929 5529 diaboli.

517 5561 608 5617 19.
636 5563 699 5619 ln
730 5567 932 5636 triplici
979 5570 1179 5625 animae
1201 5580 1327 5627 actu
1373 5583 1662 5645 peccatum
1700 5575 2033 5641 invenimus,

446 5670 645 5725 rmmpe
676 5658 730 5712 in
756 5661 1043 5729 operibus,
1060 5665 1248 5721 verbis
1275 5676 1333 5723 et
1365 5668 1815 5740 cogitationibus.
1841 5669 2037 5725 Sextu-

448 5747 571 5814 plcx
608 5761 790 5805 autem
851 5753 1185 5814 innocentiae
1236 5759 1359 5816 laus
1397 5778 1411 5814 :
1463 5761 1674 5816 innoxii
1720 5762 1871 5817 enim
1918 5778 2034 5819 ser-

527 5872 548 5903 ³
578 5869 771 5929 Matth.
802 5887 957 5940 xvm,
982 5872 1076 5930 ΞΟ.

2054 4692 2063 4701 ι

2231 4654 2316 4717 ιζ’.
2350 4655 2426 4708 Οὐ
2456 4655 2659 4727 δυνήσῃ
2691 4655 2750 4709 τὸ
2783 4656 3076 4726 πρόσωπον
3106 4658 3203 4727 τῆς
3236 4658 3440 4728 ἀρετῆς
3474 4661 3730 4728 κατιδεῖν,

2149 4745 2319 4815 ἡδέως
2358 4744 2440 4798 ἔτι
2470 4747 2529 4799 τὸ
2569 4747 2665 4814 τῆς
2705 4748 2901 4809 κακίας
2937 4748 3236 4803 κατανοῶν.
3279 4750 3523 4820 Μισητδν
3554 4751 3611 4804 δέ
3649 4769 3732 4805 σοι

2144 4840 2271 4891 τότε
2307 4842 2558 4905 φανεῖται
2591 4839 2651 4892 τὸ
2687 4839 2941 4909 δεύτερον
2962 4881 2977 4904 ,
3014 4841 3102 4893 ὅτε
3145 4841 3360 4912 τρυφῆς
3392 4841 3731 4912 ἐπιθυμητής

2146 4930 2247 4999 τὴν
2274 4929 2481 4997 γεῦσιν,
2521 4931 2617 4983 καὶ
2649 4930 2903 5000 τοιαύτης
2932 4931 3030 5002 τὴν
3064 4931 3186 5000 ὄψιν
3221 4932 3573 5005 ἀποξενώσῃς
3605 4950 3734 5004 μορ-

2151 5037 2279 5089 φης.

2222 5117 2314 5182 ιη’.
2366 5114 2462 5165 Διὰ
2514 5114 2623 5167 τῶν
2664 5114 2962 5184 λογισμῶν,
3008 5116 3070 5168 οὐ
3115 5115 3204 5168 διὰ
3247 5115 3358 5170 τῶν
3397 5115 3737 5187 πραγμάτων

2148 5204 2587 5272 προηγουμένως
2635 5204 2966 5275 πολεμοῦσιν
3016 5209 3066 5259 οἱ
3110 5207 3364 5275 δαίμονες
3406 5207 3503 5277 τὴν
3536 5206 3735 5276 ψυχήν*

2146 5292 2288 5346 αὐτὰ
2326 5293 2436 5365 γὰρ
2482 5296 2606 5348 καθ’
2651 5296 2819 5349 ἑαυτὰ
2852 5296 3150 5365 πολεμοῦσι
3181 5297 3249 5349 τὰ
3277 5299 3577 5367 πράγματα
3599 5314 3613 5327 ⁸
3645 5298 3734 5351 καὶ

2147 5384 2263 5437 τῶν
2298 5386 2398 5453 μὲν
2431 5388 2797 5455 πραγμάτων,
2840 5389 2873 5457 ἠ
2917 5389 3052 5454 ἀκοὴ
3088 5389 3287 5453 αἴτιος,
3325 5392 3421 5443 καὶ
3463 5391 3496 5460 ἠ
3525 5390 3736 5460 apum;-

2147 5477 2256 5529 τῶν
2278 5476 2336 5530 δὲ
2364 5478 2645 5548 λογισμῶν
2672 5482 2704 5548 ἡ
2735 5481 3015 5549 συνήθεια,
3053 5482 3145 5533 καὶ
3178 5484 3225 5534 οἱ
3249 5482 3521 5549 δαίμονες.

2220 5564 2308 5622 ιθ’.
2336 5567 2565 5637 Τριττὸν
2599 5571 2697 5639 μὲν
2724 5571 2785 5622 τὸ
2822 5570 3202 5640 ἁμαρτητικὸν
3244 5574 3409 5643 μέρος
3434 5576 3532 5643 τῆς
3559 5572 3734 5642 ψυχῆς

2147 5657 2500 5728 εὑρίσκομεν·
2533 5662 2593 5713 ἐν
2622 5662 2826 5731 ἔργοις,
2853 5662 2910 5712 ὲν
2938 5661 3136 5729 λόγοις,
3166 5665 3262 5717 καὶ
3291 5664 3540 5726 ἐννοίαις.
3580 5663 3731 5727 Ἑξα-

2146 5747 2295 5805 δικὶν
2326 5750 2381 5803 δὲ
2424 5752 2483 5805 τὸ
2527 5753 2627 5821 τῆς
2671 5754 3094 5824 ἀναμαρτησίας
3132 5756 3318 5809 καλόν.
3378 5756 3731 5819 Ἀπταίστους
