4100 6424
397 313 416 369 1
441 311 540 372 [3‘3

1734 303 2322 363 ANTllOLOGIUM.

3522 297 3660 358 llfl’t

390 431 497 497 γὰρ
529 429 624 490 τὰς
665 428 828 481 πέντε
882 429 1199 497 αἰσθήσες,
1260 427 1353 480 καὶ
1400 428 1491 480 τὸν
1535 429 1865 498 προφορικὸν
1908 429 1971 499 δὴ

2082 419 2241 472 vamli
2295 427 2417 470 sunt
2486 415 2730 484 quinque
2772 428 2966 467 sensus
3015 422 3068 465 et
3125 412 3372 481 prolatus
3426 427 3491 464 ex
3561 427 3660 464 ore

390 520 675 587 συντηρεῖν
707 517 892 584 λόγον·
925 519 982 569 ὲν
1013 511 1094 578 οἷς
1119 519 1150 568 ὁ
1181 517 1260 587 μὴ
1291 517 1496 570 πταίων
1515 558 1531 583 ,
1561 518 1700 588 ἀνὴρ
1727 519 1930 582 τέλειος
1954 558 1970 584 ,

387 609 613 669 δυνατὸς
637 609 1086 676 χαλιναγωγῆσαι
1107 611 1198 664 καὶ
1219 609 1289 662 τὰ
1311 610 1472 662 λοιπὰ
1497 610 1639 680 μέρη
1657 611 1750 678 τῆς
1771 611 1968 680 ψυχῆς.

464 705 530 751 κο,
574 698 814 769 ἐξαχῶς
843 700 902 750 τὺ
924 700 1118 765 ἄλογον
1147 701 1312 770 μέρος
1335 701 1622 768 διαιρεῖται
1652 703 1750 770 τῆς
1770 701 1966 769 ψυκῆςν

390 791 470 852 εἷς
496 807 556 841 τε
589 791 686 851 τὰς
718 793 878 842 πέντε
903 790 1205 860 αἰσθήσεις,
1239 790 1332 842 καὶ
1364 791 1443 853 εἰς
1471 791 1563 842 τὸν
1599 791 1742 844 κατὰ
1770 809 1973 860 προφο-

393 885 494 950 ρὰν
522 883 700 947 λόγον.
746 884 838 941 ⁸·ος
884 881 1324 950 συνδιατηρεῖται
1379 882 1478 951 μὲν
1531 881 1848 952 ἁδιαιρέτως
1896 881 1972 951 τῷ

395 972 680 1038 πάσχοντι,
707 968 925 1038 ἀπαθὴς
952 967 1050 1020 ὢνο
1080 969 1456 1037 ἀναμάσσεται
1478 968 1535 1022 δὲ
1555 969 1654 1040 τὴν
1681 969 1845 1023 αὑτοῦ
1871 986 1973 1022 κα-

393 1061 544 1120 κέαν,
573 1059 873 1128 παθητικὸς
899 1058 1308 1128 εὑρισκόμενος.

463 1150 570 1202 καί.
601 1149 739 1202 Οὔτε
770 1151 928 1218 σῶμα
963 1150 1188 1201 δύναται
1223 1149 1473 1217 νηστείας
1495 1189 1508 1210 .
1541 1151 1635 1202 καὶ
1669 1151 1974 1220 ἀγρυπνίας

398 1241 796 1310 καθαρισθῆναι
824 1242 1011 1309 χωρὶς,
1039 1239 1160 1292 οὔτε
1186 1241 1387 1300 ἐλέους,
1416 1242 1508 1292 καὶ
1530 1241 1789 1310 ἀληθείας
1803 1242 1970 1312 ψυχή’

396 1333 512 1384 ἀλλ’
541 1331 663 1384 οὔτε
694 1330 816 1392 νοῦς
848 1332 975 1384 ἄνευ
1002 1331 1238 1399 ὁμιλίας,
1270 1332 1360 1383 καὶ
1399 1331 1632 1400 Θεωρίας
1672 1333 1832 1386 Θεοῦ.
1866 1330 1973 1388 A5-

394 1439 486 1474 ται
515 1422 623 1492 γὰρ
653 1423 709 1474 αἰ
743 1421 1019 1488 συζυγίαι,
1050 1423 1108 1474 ἐν
1137 1421 1346 1484 τούτοις
1377 1423 1796 1492 ὲπισημόταται.

466 1625 569 1694 κβ’.
619 1625 1111 1696 Κυκλοφορουμένη
1154 1629 1272 1689 ταῖς
1324 1627 1646 1697 εἰρημέναις
1687 1629 1906 1698 ἀρεταῖς
1937 1631 1971 1698 ὴ

2082 527 2262 564 sermo
2297 529 2310 563 ε
2347 511 2398 561 in
2431 508 2636 577 quibus
2671 522 2777 559 non
2808 505 3097 559 oﬂcndens
3138 504 3244 565 vir,
3276 514 3360 558 est
3385 505 3661 573 perfectus

2081 615 2136 658 et
2166 619 2337 671 capax
2373 598 2696 653 moderandi
2725 604 2952 650 carleras
2985 595 3181 649 anima:
3219 604 3426 664 partes.

2152 697 2245 748 20.
2279 695 2338 748 lu
2370 709 2466 747 sex
2509 691 2779 744 dividitur
2819 687 3219 742 irrationabilis
3258 688 3455 742 animae
3510 703 3660 757 pars,

2081 790 2294 844 scilicet
2325 790 2378 843 in
2411 787 2655 857 quinque
2686 801 2881 840 sensus
2913 795 2967 839 et
2992 786 3043 838 in
3070 800 3380 839 sermonem
3408 800 3502 839 ore
3537 801 3662 855 pro-

2080 882 2269 935 latmn.
2309 881 2411 946 Qui
2442 881 2663 949 quidem
2704 887 2948 934 remanet
2981 879 3254 948 passionis
3289 895 3507 947 expers,
3534 895 3660 933 cum

2081 975 2153 1030 sit
2187 974 2584 1044 impassibilis;
2617 973 2881 1042 exprimit
2936 989 3070 1028 vero
3124 974 3290 1044 hujus
3330 974 3658 1042 nequitiam.

2081 1085 2206 1123 cum
2244 1068 2528 1136 passiones
2567 1067 2953 1122 commovendi
2981 1083 3151 1136 capax
3185 1065 3514 1134 reperiatur.

2153 1168 2241 1219 2|.
2281 1167 2469 1236 Neque
2503 1181 2707 1235 corpus
2740 1165 2860 1219 sine
2889 1164 3104 1234 jejunio
3136 1175 3192 1217 et
3231 1162 3439 1234 vigilia,
3479 1178 3660 1232 neque

2083 1259 2264 1314 anima
2300 1261 2419 1314 sine
2457 1260 2689 1313 veritate
2718 1269 2775 1312 et
2826 1256 3232 1318 misericordia,
3281 1270 3458 1324 neque
3509 1270 3662 1306 mens

2083 1353 2202 1406 sine
2224 1352 2628 1407 consuetudine
2673 1361 2729 1406 ct
2771 1350 3132 1404 meditatione
3174 1347 3489 1401 Divinitatis
3529 1361 3664 1415 pur~

2083 1443 2196 1512 gari
2228 1453 2428 1513 potest.
2460 1446 2639 1513 Atque
2667 1445 2750 1498 hae
2785 1444 3012 1498 istarum
3041 1457 3226 1497 rerum
3256 1439 3469 1509 copula:
3507 1438 3663 1494 nobi-

2083 1537 2306 1591 lissima:
2344 1545 2494 1591 sunt.

2151 1631 2242 1684 22.
2277 1629 2374 1684 llis
2403 1644 2540 1698 quas
2571 1629 2814 1683 diximus
2846 1627 3144 1683 virtutibus
3188 1626 3241 1678 in
3276 1625 3468 1678 orbem
3497 1638 3656 1676 exer-

394 1719 562 1786 ψυχὴ,
586 1718 1030 1786 ἀπερικτύπητον
1056 1719 1115 1770 τὸ
1139 1719 1341 1789 ταύτης
1371 1721 1434 1771 ὲκ
1478 1719 1801 1788 πειρασμῶν
1837 1720 1968 1772 καθ-

2085 1723 2249 1778 citata
2309 1722 2529 1785 anima,
2589 1721 2996 1791 quietissimum
3045 1719 3149 1772 sibi
3201 1734 3230 1772 a
3292 1715 3662 1770 teutationuut

401 1810 581 1876 ἱστησι
602 1807 879 1878 φρούριον,
905 1807 933 1860 ὃ
952 1809 1146 1876 ὲστὶνὴ
1163 1809 1429 1879 ὑπομονὴ.
1461 1827 1480 1860 ι
1525 1810 1614 1863 Ἐν
1635 1813 1701 1880 τῇ
1726 1813 1970 1879 ὑπομονῇ

406 1901 554 1965 ὑμῶν
577 1901 683 1970 γὰρ
711 1899 988 1969 κτήσασθε
1016 1899 1111 1962 τὰς
1141 1900 1318 1970 ψυχὰς
1349 1901 1524 1970 ὑμῶν,
1569 1920 1587 1952 ι
1617 1905 1645 1954 ὁ
1685 1902 1840 1969 λόγος
1870 1919 1972 1972 φη-

409 1993 513 2044 σίν.
552 1989 611 2042 Εἰ
635 1991 692 2042 δὲ
722 1992 924 2061 ἑτέρως
947 1991 1186 2060 ἐχόμενα
1217 1995 1324 2063 εἴη,
1352 1987 1443 2046 οἷά.
1470 2010 1556 2056 τις
1589 1995 1742 2056 πόλις
1771 1995 1971 2063 ἀτείχι-

408 2099 527 2144 στος
554 2083 649 2147 καὶ
673 2083 779 2134 ὑπὸ
809 2081 918 2133 τῶν
945 2082 1230 2153 πόρρωθεν
1267 2083 1486 2152 ψόφων,
1517 2083 1715 2147 δειλίας
1757 2083 1973 2152 μοχλοῖς

404 2169 789 2224 κατασείεσθαι
820 2169 1029 2223 εἴωθεν.

469 2373 572 2435 κγ’.
608 2369 719 2436 Οὐχ
748 2369 860 2422 ὅσοι
890 2371 966 2429 εἰς
991 2367 1058 2418 τὰ
1091 2366 1230 2419 κατὰ
1255 2367 1413 2433 λόγον
1435 2369 1542 2420 εἰσὶ
1572 2368 1842 2439 φρόνιμοι.
1874 2363 1967 2421 05-

394 2475 474 2509 τοι
499 2459 593 2510 καὶ
611 2459 691 2518 εἰς
721 2458 785 2509 τὰ
820 2459 939 2509 κατ’
966 2455 1173 2507 ἔννοιαν
1195 2473 1208 2485 ο
1250 2456 1370 2508 οὑδὲ
1402 2456 1517 2508 ὅσοι
1542 2460 1622 2519 εἰς
1643 2458 1709 2509 τὰ
1737 2458 1855 2510 κατ’
1877 2457 1965 2510 ἐν·

398 2567 567 2610 νοιαν,
619 2541 763 2600 οὗτοι
799 2548 890 2599 καὶ
939 2549 1017 2610 εἰς
1065 2549 1135 2600 τὰ
1185 2550 1303 2601 κατ’
1342 2548 1593 2616 αῐσθησιν
1632 2548 1730 2618 τὴν
1769 2548 1966 2610 ἔξωθεν

400 2641 806 2709 εὑρεθήσονται.
845 2641 904 2691 Εἰ
931 2641 1038 2710 γὰρ
1072 2641 1166 2693 καὶ
1199 2640 1404 2702 πάντας
1433 2640 1736 2709 ὑποφόρους
1776 2639 1887 2706 ἔχει
1932 2642 1966 2708 ἡ

401 2731 652 2798 αἴσθησις
673 2770 689 2794 ,
720 2729 834 2782 ἀλλ’
871 2730 971 2798 οὑχ
999 2729 1200 2798 ὁμοίως
1229 2729 1364 2798 αὐτῇ
1390 2729 1514 2790 τοὺς
1542 2728 1739 2796 φόρους
1781 2726 1966 2779 ἀποδι-

400 2823 573 2874 δόασι.
637 2821 727 2886 Ἐξ
778 2821 1104 2890 ἀφελότητος
1137 2822 1244 2890 γὰρ
1275 2821 1324 2871 οἰ
1371 2819 1588 2881 πλείους
1618 2821 1695 2880 εἰς
1741 2819 1809 2872 τὰ
1845 2819 1970 2870 κατ’

400 2914 567 2983 αὐτὴν
591 2914 758 2982 τιμᾷν
784 2912 975 2981 αὐτὴν,
998 2911 1073 2973 ῶς
1092 2911 1230 2980 αὑτὴ
1249 2912 1492 2976 ἀπαιτεῖ,
1507 2912 1608 2963 οὐκ
1631 2911 1966 2963 ἐπίστανται.

468 3212 564 3266 κδ’.
599 3213 678 3281 Τῇ
715 3212 873 3280 φύσει
906 3213 1149 3284 ἄτμητος
1171 3217 1307 3270 οὖσα
1337 3218 1370 3287 ἡ
1402 3219 1683 3288 φρόνησις,
1711 3220 1965 3289 τέμνεται

397 3303 476 3365 εἰς
517 3303 808 3374 διαφόρους
843 3306 1038 3373 τομάς.
1075 3301 1145 3376 ᾯ
1179 3309 1278 3376 μὲν
1317 3308 1426 3378 γὰρ
1457 3309 1662 3363 δίδοται
1695 3310 1888 3374 πλέον,
1921 3304 1966 3377 ᾧ

396 3394 452 3444 δὲ
483 3395 700 3447 ἔλαττον
729 3397 918 3464 αὐτῆς,
952 3397 1056 3459 ἕως
1088 3398 1440 3469 αὑξηθεῖσαὴ
1472 3402 1749 3473 πρακτικὴ
1776 3403 1962 3473 ἀρετὴ,

401 3482 730 3552 συνδρόμους
760 3501 819 3536 τε
856 3486 993 3556 αὑτῇ
1023 3487 1120 3548 τὰς
1152 3489 1372 3553 γενικὰς
1413 3489 1610 3558 ἔχουσα
1643 3491 1869 3560 ἀρετὰς,
1905 3493 1968 3545 τὸ

400 3571 743 3640 ἐνδεχόμενον
773 3573 978 3646 ἑκάστῃ
1010 3576 1399 3656 ἀποπληρώσῃ.
1423 3581 1605 3635 καλόν.
1639 3583 1966 3647 Οἰ’πλείους

399 3663 506 3731 γὰρ
534 3663 673 3715 κατὰ
704 3664 802 3733 τὴν
829 3665 1064 3734 ἔλλειψιν
1093 3668 1186 3736 τῆς
1223 3671 1546 3738 ὲμπράκτου
1587 3672 1762 3741 ζωῆς,
1792 3673 1966 3726 καὶτὸ

403 3756 612 3820 φρονεῖν
648 3755 1048 3826 ἐκληρώσαντο.

468 3851 559 3896 κε’.
591 3847 682 3909 Εἰς
715 3847 812 3915 μὲν
842 3847 909 3900 τὰ
941 3849 1082 3901 κατὰ
1119 3849 1300 3918 φύσιν,
1330 3852 1500 3920 ὀλίγοι
1525 3853 1780 3923 φρόνειιοι
1808 3855 1966 3925 εὑρε-

395 3932 647 4003 θήσονται
669 3957 685 3970 υ
725 3941 804 4003 εἰς
831 3941 889 3993 δὲ
919 3941 988 3992 τὰ
1026 3943 1173 4011 παρὰ
1216 3942 1313 4012 τὴν
1347 3943 1496 4012 φύσιι
1522 3987 1536 4005 ,
1585 3947 1789 3999 πολλοί.
1839 3948 1962 4002 Met

392 4026 496 4091 γὰρ
529 4025 607 4093 τῷ
637 4026 764 4095 περὶ
799 4027 956 4091 αὐτὰ,
993 4027 1121 4097 δλην
1151 4029 1331 4081 αὐτῶν
1359 4030 1459 4098 τὴν
1492 4030 1729 4099 φυσικὴν
1761 4030 1966 4099 φρόνη-

393 4134 478 4169 σιν
504 4116 908 4178 ἐκκενώσαντες
928 4157 944 4177 ,
984 4117 1199 4187 ἔχουσιν
1231 4121 1346 4170 ὲκεῖ
1378 4119 1476 4188 μὲν
1509 4121 1570 4171 τὸ
1607 4123 1825 4189 φρονεῖν
1852 4120 1964 4172 ὀλί-

391 4224 506 4273 γον,
527 4208 587 4260 τδ
611 4209 862 4262 πλεῖστον
887 4209 942 4260 δὲ
971 4210 1029 4260 ὲν
1051 4213 1164 4272 τοῖς
1184 4213 1476 4279 περιττοῖς,
1502 4212 1597 4264 καὶ
1622 4211 1682 4263 οὑ
1714 4213 1780 4282 τῇ
1809 4212 1966 4280 φύσει

392 4301 715 4361 ἐπαινετοῖς.

463 4389 576 4455 κς’.
610 4390 722 4460 Τῆς
751 4391 972 4460 εὐλόγου
1005 4393 1235 4461 σιωπῆς,
1273 4396 1300 4447 ὸ
1335 4396 1524 4465 καιρὸς
1557 4398 1649 4450 καὶ
1678 4399 1738 4452 τὸ
1772 4403 1969 4470 μέτρον

393 4483 822 4553 συνεστιάτορες.
867 4484 1164 4538 Πανδαισὲα
1201 4485 1257 4538 δὲ
1290 4463 1480 4540 τούτου
1515 4490 1724 4557 γίνεται
1839 4463 1969 4564 ἀλή-
2011 4463 2054 4521 D

394 4573 534 4637 θεια,
568 4573 689 4624 καθ’
724 4573 788 4642 ἢν
817 4573 844 4622 ὁ
877 4573 970 4625 τοῦ
1010 4574 1239 4642 ψεύδους
1279 4577 1463 4648 πατὴρ
1496 4579 1588 4632 ἐπὶ
1619 4580 1798 4652 ψυχὴν
1825 4583 1961 4636 ἀποο

393 4665 671 4733 δημοῦσαν
715 4666 1011 4736 ἐρχόμενος
1035 4704 1051 4729 ,
1091 4667 1335 4738 εὑρίσκει
1360 4667 1468 4723 τῶν
1522 4671 1969 4744 ἐπιζητουμένων

393 4755 562 4808 οὐδέν.
1891 4801 1896 4808 ,

467 4845 568 4908 κζ’.
619 4846 900 4917 Ἑλεήμων
940 4846 1166 4916 ἀληθὴς,
1212 4849 1310 4918 οὐχ
1348 4851 1376 4902 ὁ
1425 4851 1674 4922 παρέχων
1710 4856 1971 4920 ἑκουσίως

398 4936 464 4988 τὰ
521 4938 784 5006 περιττὰ,
834 4937 948 4990 ἀλλ’
991 4939 1020 4990 ὁ
1071 4939 1370 5007 συγχωρῶν
1420 4946 1489 4995 τὰ
1537 4945 1808 5012 ἀναγκαῖα
1859 4949 1971 5010 τοῖς

399 5029 723 5098 ἁρπάζουσι.

469 5119 575 5186 κη’.
611 5122 670 5173 0i
705 5121 823 5188 μὲν,
860 5119 934 5188 τῷ
979 5120 1149 5190 ὲνύλῳ
1184 5120 1399 5190 πλούτῳ
1430 5123 1664 5176 κτῶνται
1693 5126 1783 5178 τὸν
1813 5127 1975 5180 ἄῦλον

401 5208 768 5277 ἐλεημοσύνης
824 5207 1044 5277 θεσμοῖς
1068 5225 1080 5238 ⁸
1114 5210 1160 5260 οἱ
1201 5209 1280 5272 δὲ,
1316 5210 1393 5279 τῷ
1442 5211 1590 5281 ἀΰλῳ
1632 5215 1976 5268 ἀποκτῶνται

401 5299 490 5350 τὸν
522 5298 706 5351 ἕνυλον
750 5300 806 5350 ἐν
841 5299 1092 5369 αἰσθήσει
1141 5299 1234 5352 τοῦ
1281 5301 1636 5355 ἀνεκλείπτου
1677 5305 1973 5375 γινόμενοι.

473 5391 570 5445 κθ’.
604 5392 759 5442 Φίλον
791 5394 888 5460 μὲν
921 5393 1080 5444 παντὶ
1102 5433 1116 5457 ,
1141 5393 1200 5444 τὸ
1231 5392 1476 5446 πλουτεῖν
1500 5395 1554 5445 ὲν
1583 5395 1782 5458 καλοῖς
1801 5397 1977 5467 λυπη-

404 5483 495 5551 ρὸν
530 5483 629 5551 μὲν
663 5482 739 5552 τῷ
770 5482 930 5546 θείως
979 5483 1327 5536 πλουτίσαντι
1363 5485 1484 5553 μὲν,
1527 5485 1601 5556 μὴ
1632 5487 1977 5542 ὲπιπλεῖστον

403 5574 821 5644 συγχωρηθῆναι
854 5575 908 5627 δὲ
942 5574 1376 5644 ὲνευφρανθῆναι
1416 5574 1584 5643 αὐτῷ.

471 5666 534 5720 λ’.
574 5667 812 5731 Ἕξωθεν
845 5666 943 5734 μὲν
975 5669 1006 5736 ἡ
1037 5667 1192 5735 ὑγεία
1218 5667 1364 5718 δοκεῖ
1391 5670 1454 5737 τῇ
1485 5667 1654 5736 ψυχῇ,
1687 5668 1896 5722 ἔνδοθεν
1923 5668 1978 5723 δὲ

401 5759 456 5808 ὲν
485 5756 560 5824 τῷ
595 5757 692 5824 τῆς
727 5757 1031 5826 αἰσθήσεως
1064 5757 1299 5828 πυθμένι
1332 5758 1542 5826 πέφυκε
1579 5757 1915 5828 κρύπτεσθαι
1945 5762 1977 5829 ὴ

456 5866 476 5896 ⁵
512 5865 650 5921 Luc.
687 5883 800 5931 xxi,
833 5871 919 5928 19.

2083 1815 2317 1884 strepitu
2359 1815 2647 1868 castellum
2677 1813 2987 1879 constituit,
3021 1813 3166 1882 quod
3222 1824 3304 1866 est
3345 1812 3613 1882 patientia
3651 1829 3661 1861 :

2090 1927 2108 1960 ι
2144 1909 2202 1963 In
2239 1908 2502 1978 patientia
2529 1909 2675 1962 enim
2719 1920 2902 1961 vestra
2935 1906 3291 1977 possidebitis
3333 1906 3548 1959 animas
3571 1919 3664 1957 ve-

2081 2012 2244 2067 stras,
2279 2021 2298 2055 ι
2347 2002 2422 2056 ait
2470 2001 2756 2070 Scriptura
2788 2002 2829 2054 ⁸.
2889 2000 2984 2054 Sin
3031 2001 3191 2054 aliter
3231 2000 3447 2059 fecerit,
3512 1998 3663 2050 velut

2082 2113 2190 2151 non
2227 2097 2436 2150 munita
2473 2095 2624 2157 urbs,
2657 2094 2822 2148 etiam
2858 2093 3160 2162 longinquo
3203 2092 3386 2145 adhuc
3425 2090 3661 2143 tumultu

2081 2197 2138 2242 et
2164 2187 2424 2252 clamore,
2459 2187 2749 2248 exterreri,
2777 2195 2834 2239 et
2877 2184 3132 2239 vectibus
3189 2181 3662 2251 pusillanimitatis

2081 2278 2335 2347 quassari
2363 2288 2530 2347 atque
2563 2277 2826 2331 contundi
2859 2277 3020 2330 solet.

2151 2370 2244 2424 23.
2269 2368 2389 2422 Non
2415 2369 2734 2439 quicunque
2767 2369 2820 2422 in
2852 2367 3154 2439 loquendo,
3187 2367 3241 2420 hi
3291 2367 3341 2421 in
3370 2366 3664 2436 cogitando

2080 2477 2302 2532 quoque
2356 2463 2661 2532 prudentes
2685 2473 2743 2518 et
2775 2463 3109 2518 considerati
3143 2472 3292 2516 sunt.
3323 2461 3428 2528 Qui
3477 2469 3662 2518 autem

2079 2556 2396 2626 cogitando,
2431 2555 2487 2608 lii
2518 2557 2689 2609 etiam
2721 2556 2776 2608 in
2799 2554 3062 2609 sensibus
3107 2553 3482 2608 exterioribus
3515 2553 3664 2608 cauti

2082 2663 2146 2701 ac
2199 2647 2417 2716 providi
2497 2647 2882 2702 inveniuntur.
2944 2647 3061 2700 Etsi
3115 2648 3264 2700 enim
3323 2662 3522 2701 sensus
3566 2662 3666 2699 nos

2078 2755 2272 2795 omnes
2289 2740 2587 2810 vectigales
2602 2755 2698 2794 seu
2721 2740 3047 2795 tributarios
3067 2739 3255 2804 habet,
3277 2754 3386 2792 non
3410 2750 3589 2794 tamen
3610 2741 3661 2793 ei

2078 2832 2148 2886 ab
2173 2832 2431 2885 omnibus
2454 2831 2739 2900 aiqualiter
2757 2831 2987 2901 vectigal
3024 2831 3304 2900 penditur.
3334 2830 3664 2900 Complures

2075 2925 2247 2989 enim,
2277 2941 2342 2979 ex
2367 2925 2720 2994 simplicitate
2762 2934 3016 2978 naturam
3045 2933 3100 2978 et
3127 2923 3504 2978 conditionem
3542 2925 3665 2993 ejus

2077 3019 2412 3080 nescientes,
2481 3017 2950 3087 quemadmodum
3008 3017 3276 3072 honorem
3321 3018 3373 3071 ei
3411 3017 3661 3072 debitum
3749 3038 3772 3058 ο

1999 3112 2045 3174 C
2078 3111 2489 3182 impertiantur,
2525 3113 2799 3181 ignorant.
3724 3090 3729 3095 ’

2147 3224 2238 3278 ιιι.
2259 3221 2582 3287 Prudentia,
2600 3237 2696 3277 sua
2716 3231 2910 3276 natura
2932 3221 3188 3285 indivisa,
3208 3220 3356 3275 varie
3374 3217 3664 3276 dividitur.

2078 3315 2221 3371 Huic
2252 3316 2398 3370 enim
2427 3317 2548 3386 ejus
2571 3317 2746 3386 major
2773 3329 2900 3384 pars
2924 3316 3108 3380 datur,
3133 3313 3262 3368 huic
3293 3316 3492 3381 minor,
3518 3316 3666 3385 quod

2079 3422 2240 3465 aucta
2275 3411 2451 3465 virtus
2481 3411 2744 3480 practica,
2769 3419 2825 3464 et
2849 3411 3079 3465 comites
3109 3410 3215 3464 sibi
3245 3410 3480 3464 virtutes
3498 3426 3667 3481 gene-

2079 3505 2225 3559 rales
2252 3505 2587 3574 adjungens,
2621 3504 2766 3558 bono
2820 3514 3088 3574 quantum
3137 3513 3318 3574 potest
3362 3505 3670 3573 quemlibet

2079 3589 2464 3659 compleverit.
2499 3588 2694 3642 Plures
2718 3587 2866 3641 enim
2900 3599 3063 3656 prout
3119 3587 3173 3640 in
3219 3588 3331 3641 vita
3361 3586 3417 3640 in
3453 3588 3669 3642 actione

2050 3739 2055 3744 _
2077 3679 2378 3732 constituta
2399 3677 2801 3739 claudicaruut,
2835 3677 2908 3731 ita
2929 3677 3280 3747 prudentiam
3299 3693 3522 3750 quoque
3551 3694 3669 3735 sor-

2079 3763 2166 3817 titi
2194 3773 2346 3818 sunt.

2148 3871 2240 3925 25.
2272 3870 2353 3924 Ad
2383 3885 2470 3924 res
2492 3879 2796 3926 secundum
2823 3877 3078 3924 naturam
3107 3872 3267 3940 pauci
3297 3871 3670 3942 intelligentcs

2077 3964 2616 4035 deprehenduntur;
2648 3965 2716 4020 ad
2752 3981 2815 4021 ea
2848 3982 2971 4036 qua:
3029 3966 3173 4022 circa
3208 3977 3464 4020 naturam
3515 3977 3667 4028 sunt,

2079 4060 2259 4113 tuulti.
2289 4059 2425 4113 Nam
2460 4075 2586 4113 cum
2623 4059 2814 4114 timide
2869 4059 2922 4112 in
2977 4059 3064 4113 his
3112 4059 3511 4130 cognoscendis
3546 4075 3668 4112 ver-

2078 4163 2281 4218 santes,
2318 4163 2486 4209 totam
2531 4170 2683 4210 suam
2741 4155 3046 4209 naturalem
3096 4155 3512 4224 intelligentiam
3567 4170 3666 4206 ex-

2080 4242 2388 4307 hauseririt,
2423 4261 2615 4314 parum
2645 4245 2697 4298 in
2732 4245 2840 4299 illis
2871 4246 3110 4314 sapiunt,
3140 4244 3440 4317 plurinmm
3480 4252 3663 4297 autem

2080 4332 2134 4391 in
2167 4339 2593 4407 supervacaneis
2619 4346 2675 4393 et
2704 4347 2898 4392 natura
2928 4337 3073 4392 haud
3107 4337 3498 4392 laudabilibus.

2149 4421 2240 4475 26.
2270 4421 2491 4475 Silentii
2521 4421 2871 4477 rationabilis
2895 4431 2954 4477 et
2981 4434 3200 4492 tempus
3229 4431 3283 4475 et
3315 4421 3512 4475 modus
3535 4435 3667 4474 con-

2083 4510 2218 4565 viva:
2234 4519 2387 4578 sunt,
2407 4512 2611 4581 quibus
2631 4513 2955 4584 omnigenas
2969 4514 3163 4584 epulas
3181 4513 3408 4583 apponit
3425 4513 3664 4565 veritas:

2079 4621 2201 4674 quae
2228 4604 2357 4659 facit
2393 4614 2454 4660 ut
2503 4606 2778 4662 mendacii
2826 4615 3002 4676 pater,
3043 4608 3098 4660 iu
3148 4608 3388 4661 animam
3414 4604 3666 4676 peregri—

2079 4709 2302 4752 nantem
2373 4698 2715 4769 ingrediens,
2766 4699 2906 4753 nihil
2965 4714 3157 4753 eorum
3225 4698 3469 4753 inveniat
3545 4715 3668 4768 qua:

2079 4790 2357 4845 cupiebat.

2193 4807 2357 4845 iebat.

2151 4807 2242 4928 2P7.
2269 4876 2445 4930 Verus
2470 4875 2943 4946 eleemosyuarius
2973 4884 3078 4934 est,
3111 4889 3219 4928 non
3250 4875 3345 4944 qui
3373 4885 3572 4944 sponte
3599 4889 3668 4930 ac

2080 4969 2260 5023 libens
2275 4977 2469 5039 erogat
2493 4969 2798 5038 superﬂua,
2831 4968 2927 5023 sed
2945 4968 3038 5037 qui
3069 4968 3378 5022 necessaria
3410 4982 3510 5022 sua
3535 4982 3664 5023 sur-

2082 5061 2413 5131 ripientibus
2441 5063 2734 5116 condonat.

2151 5155 2244 5210 28.
2274 5153 2375 5206 Alii
2408 5167 2504 5220 per
2538 5150 2764 5216 divitias
2796 5149 3112 5204 materialcs
3135 5153 3437 5220 acquirunt
3469 5152 3666 5207 imma-

2084 5246 2328 5310 teriales,
2365 5245 2731 5314 eleemosynm
2777 5259 2927 5313 0pc;
2974 5243 3068 5297 alii
3117 5258 3218 5313 per
3270 5245 3668 5302 immateriales

2084 5337 2468 5392 materialibus
2498 5352 2556 5391 se
2587 5337 2848 5406 spoliant.
2879 5344 3118 5390 mternas
3149 5346 3558 5406 exspectantes.

2153 5427 2241 5480 29.
2273 5425 2500 5479 Gratum
2527 5424 2758 5479 cuilibet
2813 5423 2963 5492 quod
2993 5423 3295 5478 virtutibus
3341 5425 3496 5478 dives
3551 5424 3664 5488 sit;

2085 5518 2377 5571 molestum
2413 5532 2547 5571 vero
2589 5517 2638 5570 ei
2693 5517 2788 5587 qui
2821 5517 2958 5571 alios
2987 5516 3192 5570 divinis
3235 5516 3430 5570 ditavit
3482 5515 3665 5577 bonis,

2084 5609 2231 5677 quod
2262 5607 2365 5662 sibi
2397 5608 2721 5677 plerumque
2760 5623 2868 5662 non
2906 5607 3070 5662 detur
3099 5606 3168 5662 de
3198 5607 3302 5660 hoc
3328 5605 3520 5660 laetari.

2157 5692 2246 5746 50.
2279 5692 2501 5747 Sauitas
2549 5693 2745 5761 anima:
2788 5692 3036 5747 exterius
3077 5701 3324 5760 apparet,
3377 5689 3667 5745 infirmitas

2087 5800 2219 5840 vero
2267 5786 2388 5856 ejus
2436 5785 2492 5840 in
2543 5785 2754 5840 intimis
2813 5783 3165 5839 conscientia:
3222 5784 3452 5838 latebris
3496 5783 3668 5838 latere
