4100 6418
432 325 457 388 ί
478 323 578 387 135

1822 308 2023 369 ELl/E
2068 302 2316 365 ECDICI

3573 296 3718 363 113(

428 441 593 496 solet.
618 436 675 493 Si
709 450 897 492 autem
929 430 1155 488 omnino
1188 437 1409 499 oportet
1449 427 1608 481 istam
1641 423 2019 480 inﬁrmitatem

2141 424 2419 495 ἀρρωστία
2463 424 2652 493 αὐτῆς.
2680 425 2742 478 Ei
2784 426 2839 478 δὲ
2868 426 2951 479 δεῖ
2989 428 3205 491 πάντως
3245 430 3445 494 ἔξωθεν
3479 434 3577 499 μὲν
3615 439 3717 506 τὴν

428 529 684 589 cauterio
739 522 1107 582 confessionis
1158 519 1407 575 exterius
1439 517 1687 588 prodire,
1721 515 2019 570 sanitatem

430 641 565 681 vero
615 623 762 678 illam
796 620 941 674 intro
976 616 1162 671 induci
1203 614 1564 669 renovatione
1614 607 1817 663 mentis
1846 624 1860 662 ι
1887 622 2021 678 ergo

432 718 663 772 detuens
713 720 799 767 est
824 709 915 764 ille
945 708 1040 779 qui
1068 704 1475 762 confessionem
1517 700 1728 773 alvjicit,
1759 707 1816 755 et
1845 699 1899 752 in
1931 699 2018 767 pi-

430 808 607 882 gritiae
649 803 1052 858 valetudinario
1084 813 1303 869 semper
1328 797 1509 868 jacere
1561 810 1673 849 non
1714 792 2018 849 erubescit.

496 973 592 1028 3i.
616 971 696 1028 Ne
723 969 1072 1040 exaspereris
1098 965 1363 1021 adversus
1389 978 1515 1019 eum
1547 963 1643 1034 qui
1680 963 1778 1018 tibi
1809 962 2020 1017 nolenti

428 1081 628 1123 manus
654 1063 898 1119 medicas
926 1060 1173 1116 admovit
1216 1077 1230 1113 :
1262 1058 1359 1113 sed
1394 1057 1460 1110 ad
1502 1056 1809 1112 detractam
1849 1054 2018 1109 mole-

428 1159 593 1215 stiam
645 1156 972 1227 respiciens,
1004 1161 1056 1207 te
1092 1150 1356 1205 miserum
1386 1147 1574 1217 judica
1606 1163 1622 1211 ;
1672 1146 1828 1200 illum
1854 1143 2018 1198 lauda

428 1254 548 1325 qui,
584 1252 696 1307 Deo
724 1252 798 1305 ita
826 1248 1173 1319 providente,
1207 1243 1370 1313 hujus
1401 1239 1694 1297 levationis
1709 1253 1776 1294 ac
1808 1239 2020 1293 sanita-

434 1346 504 1403 tis
539 1360 703 1401 causa
735 1344 856 1397 fuit.

502 1438 595 1493 '52.
622 1436 701 1493 Ne.
730 1442 960 1506 prepter
986 1430 1167 1486 morbi
1201 1427 1561 1484 acrimoniam
1604 1424 1911 1479 turbidiore
1942 1423 2022 1478 sis

431 1532 617 1587 animo
641 1548 654 1584 :
678 1529 774 1585 sed
804 1544 902 1598 per
937 1523 1266 1580 industriam
1308 1520 1728 1576 medicamentis
1777 1516 2016 1572 efﬁcaci-

433 1624 536 1678 bus
582 1619 869 1683 adhibitis,
915 1632 1044 1673 eum
1103 1614 1341 1685 depelle,
1364 1611 1458 1682 qui
1512 1611 1768 1666 sanitatis
1823 1609 2019 1664 animae

430 1730 620 1772 curam
655 1712 822 1783 geris.

2134 516 2451 586 ἀρρωστίαν
2507 516 2724 586 ἐκείνην
2776 517 2854 583 τῷ
2906 519 3264 589 ἁναθερισμῷ
3317 523 3426 573 τῶν
3477 523 3722 593 ἐλέγχων

2138 607 2411 672 γενέσθαι,
2443 606 2653 658 ἔνδοθεν
2682 607 2737 659 δὲ
2773 607 2869 678 τὴν
2902 609 3091 677 ὑγείαν
3116 611 3357 680 δηλονότι
3398 613 3602 684 ταύτην
3638 616 3723 688 τῷ

2137 692 2520 763 ἁνακαινισμῷ
2547 693 2641 746 τοῦ
2672 695 2809 757 νοός.
2850 696 3072 766 Ἄφρων
3094 700 3122 752 6
3147 701 3274 760 τοὺς
3300 700 3553 768 ἐλέγχους
3583 702 3719 755 ἀπο-

2140 787 2450 856 σειόμενος,
2492 787 2586 840 καὶ
2619 789 2679 841 ὲν
2715 786 2795 856 τῷ
2824 789 2926 854 τῆς
2951 789 3287 857 ἀναλγησίας
3321 795 3552 846 πάντοτε
3581 795 3717 847 dva-

2138 876 2351 930 κεῖσθαι
2378 877 2710 948 νοσοκομείῳ
2747 878 2822 948 μὴ
2860 881 3269 949 αἰσχυνόμενος.

2209 965 2311 1017 λα’.
2343 965 2434 1036 Μὴ
2462 967 2770 1035 τρανχυνθῇς
2793 966 2932 1018 κατὰ
2961 968 3056 1019 τοῦ
3079 969 3349 1029 ἀκουσίως
3375 987 3433 1021 σε
3461 987 3715 1039 χειρουρο

2141 1057 2440 1125 γήσαντος·
2504 1056 2641 1109 ἀλλὰ
2698 1056 2833 1125 πρὸς
2901 1056 3001 1126 τὴν
3066 1060 3463 1113 ἑκκενωθεῖςαν
3521 1061 3720 1129 ἀηδίαν

2139 1148 2615 1217 ἀποϐλεψάμενος,
2650 1147 2937 1201 ταλάνεσον
2969 1149 3066 1217 μὲν
3107 1151 3371 1223 σεαυτὸν,
3408 1153 3718 1223 μακάμσον

2137 1239 2192 1292 δὲ
2223 1237 2315 1291 τὸν
2363 1237 2534 1290 αἴτιόν
2588 1253 2671 1289 σοι
2715 1236 2920 1308 ταύτης
2945 1238 3238 1308 γενόμενον
3271 1221 3371 1307 τῆς
3418 1221 3715 1309 ὠφελείας.

2134 1326 2418 1395 οἰκονομίᾳ
2448 1324 2603 1378 Θεοῦ.

2208 1418 2307 1489 λβ’.
2344 1419 2435 1488 Μὴ
2476 1419 2612 1486 πρός
2649 1435 2701 1471 τι
2749 1418 2922 1471 δεινὸν
2969 1419 3349 1492 ἀπευδοκήσῃς
3387 1423 3486 1489 τῆς
3534 1423 3716 1494 ἀρρω-

2139 1514 2289 1576 στίας
2325 1529 2441 1574 σου,
2477 1511 2611 1564 ἀλλὰ
2645 1509 2732 1563 διὰ
2764 1510 2871 1562 τῶν
2921 1509 3024 1578 τῆς
3066 1510 3378 1576 φιλοπονίας
3407 1512 3711 1580 δραστικω-

2135 1606 2310 1674 τέρων
2336 1603 2669 1672 φαρμάκιον,
2702 1603 2895 1673 πόῤῥω
2920 1600 3085 1665 γενσῦ
3114 1600 3351 1670 ταύτης,
3388 1604 3415 1655 6
3440 1602 3540 1672 τῆς
3572 1604 3715 1657 κατὰ

2130 1698 2313 1768 ψυχὴν
2342 1698 2531 1764 ὑγείας
2563 1695 3014 1763 ἐπιμελούμενος.

498 1806 593 1863 ’55.
624 1805 704 1861 Ne
735 1803 980 1874 refugias
1004 1803 1157 1857 illum
1189 1802 1286 1871 qui
1314 1810 1366 1854 te
1395 1806 1711 1869 opportune
1739 1795 2015 1859 verberat,

2207 1788 2305 1855 λγ’.
2332 1788 2424 1857 Μὴ
2455 1787 2723 1856 συσταλῇς
2754 1784 2862 1839 ἀπὸ
2889 1785 2985 1838 τοῦ
3013 1785 3241 1855 καιρίως
3272 1803 3331 1837 σε
3364 1787 3711 1854 πλήττοντος·

433 1901 529 1955 sed
558 1898 760 1955 accede
784 1897 850 1953 ad
890 1912 1041 1959 eum,
1068 1905 1124 1949 et
1156 1894 1413 1950 ostendet
1438 1892 1535 1947 tibi
1566 1905 1732 1962 quam
1765 1889 1910 1945 bona
1943 1889 2018 1943 sit

433 1994 585 2064 virga
615 2006 838 2048 sensum
871 2005 1178 2061 emungens
1207 1998 1386 2043 tuum.
1416 1987 1483 2042 Et
1509 1984 1769 2041 eomedes
1796 1984 2017 2039 dulcem

432 2089 687 2143 sanitatis
714 2102 923 2151 escam,
946 2084 1241 2155 postquam
1280 2080 1695 2153 consumpseris
1725 2078 2019 2151 rejicuinrn

433 2180 826 2237 amaritudinis
858 2179 1070 2235 cibum.

504 2277 594 2331 54.
622 2274 901 2339 Quantum
949 2269 1193 2326 senseris
1219 2268 1459 2331 labores,
1489 2277 1702 2322 tantum
1752 2264 1852 2318 tibi
1902 2263 2019 2334 pla-

435 2375 578 2430 ceat,
609 2365 701 2435 qui
736 2364 814 2419 tui
836 2362 1103 2434 probandi
1123 2377 1222 2417 eos
1242 2360 1342 2415 tibi
1363 2367 1517 2415 creat
1549 2377 1561 2412 ε
1588 2357 1847 2429 perfectae
1871 2358 2019 2409 enim

436 2456 781 2527 purgationis
818 2458 995 2521 causa:
1016 2455 1117 2508 tibi
1150 2456 1309 2518 llunt,
1338 2452 1458 2507 sine
1493 2466 1601 2522 qua
1640 2466 1799 2505 mens
1828 2464 2020 2519 puram

436 2550 672 2604 fundere
698 2545 1007 2603 orationem
1048 2561 1159 2601 non
1200 2554 1404 2617 potest.

504 2713 598 2770 35.
626 2712 763 2770 Cum
814 2709 1256 2781 reprehenderis.
1291 2719 1387 2765 aut
1431 2717 1614 2764 taceas
1662 2715 1904 2777 oportet,
1928 2721 2019 2760 aut

436 2808 626 2864 sedate
658 2804 968 2873 leniterque
1006 2803 1276 2858 adversus
1305 2799 1802 2870 reprehendentem
1837 2809 1890 2855 te
1928 2800 2025 2854 de-

434 2899 668 2956 fendas:
705 2914 815 2952 non
862 2906 923 2952 ut
960 2904 1052 2951 tua
1092 2894 1473 2957 commendes,
1522 2892 1620 2947 sed
1669 2902 1728 2945 ut
1770 2892 2024 2961 gcastign-

322 3018 339 3031 ·
439 3002 615 3048 torem
645 3005 713 3046 ex
754 2988 1067 3061 ignorantia
1126 2986 1361 3042 fortasse
1414 2992 1696 3041 errantem
1757 2984 2022 3054 corrigas,

439 3092 493 3138 et
518 3083 669 3138 velut
699 3082 915 3152 lapsum
943 3082 1147 3149 erigas.

508 3170 598 3227 56.
619 3169 721 3236 Qui
745 3171 892 3240 juste
921 3168 1267 3230 molestatus,
1298 3174 1594 3234 antequam
1627 3180 1656 3218 a
1693 3165 2025 3232 corripicptc
2057 3154 2099 3208 C

439 3264 668 3326 citetur,
703 3259 1002 3330 resipiscit,
1033 3259 1172 3313 nihil
1201 3259 1469 3313 decentia:
1498 3259 1702 3313 amittit
1732 3275 1746 3323 ;
1783 3259 1875 3327 qui
1908 3268 2029 3329 post

441 3354 759 3412 citationem
822 3359 1070 3417 tantum,
1127 3349 1418 3405 dimidium
1478 3351 1757 3420 patientia:
1815 3351 2028 3419 perdit;

443 3451 693 3503 iucralur
721 3456 904 3501 tamen
934 3444 1203 3514 quidquid
1229 3443 1433 3508 amisit,
1454 3444 1546 3513 qui
1573 3445 1839 3499 molestia:
1867 3461 2029 3500 causa

445 3542 748 3597 Ecclesiam
784 3555 1066 3610 nunquam
1101 3538 1340 3607 deserit;
1364 3554 1428 3594 ac
1465 3540 1687 3594 demum
1721 3541 2029 3596 mercedem

445 3637 673 3706 insuper
713 3642 979 3698 meretur,
1016 3632 1110 3702 qui
1162 3634 1215 3687 in
1261 3633 1522 3687 omnibus
1577 3634 1797 3704 culpam
1867 3634 1919 3687 iu
1972 3649 2031 3688 se

447 3728 643 3798 rejicit.

515 3814 605 3868 37.
633 3809 747 3869 Nec
794 3811 1071 3881 superbus
1128 3826 1226 3865 sua
1283 3811 1437 3874 vitia,
1474 3828 1576 3865 nec
1630 3812 1853 3867 humilis
1903 3826 2033 3867 suas

447 3898 685 3955 virtutes
719 3898 1034 3971 cognoscit;
1070 3900 1206 3971 tegit
1239 3900 1387 3954 enim
1420 3902 1552 3954 vitia
1601 3902 1828 3971 quidem
1883 3904 2035 3959 illius

446 3994 609 4057 mala,
642 3993 805 4064 hujus
827 4006 1010 4047 autem
1045 3993 1186 4049 bona
1212 4010 1275 4049 ac
1297 3994 1408 4049 Deo
1443 3994 1667 4065 placens
1702 3996 2030 4066 ignorantia.

516 4085 604 4139 58.
640 4085 860 4141 Honore
894 4086 1121 4155 paribus
1171 4085 1445 4156 superbus
1497 4089 1770 4157 exa'quari
1818 4104 1877 4142 se
1924 4104 2033 4140 non

448 4178 657 4248 patitur
682 4180 734 4232 in
768 4178 960 4243 bonis;
988 4181 1042 4235 in
1078 4180 1235 4234 malis
1258 4189 1440 4235 autem
1471 4198 1625 4235 suam
1659 4180 2033 4234 infirmitatem

446 4286 574 4325 cum
610 4272 1035 4341 improbissimis
1083 4288 1431 4342 comparans,
1462 4273 1803 4327 tolerabilem
1860 4283 2032 4343 putat.

524 4475 614 4530 59.
653 4475 1001 4544 Vituperatio
1055 4475 1295 4530 animam
1354 4476 1636 4532 robustam
1672 4494 1735 4532 ac
1782 4477 2040 4543 solidam,
2077 4505 2118 4559 υ

450 4568 697 4625 laudatio
727 4568 792 4623 ad
822 4568 963 4623 bona
992 4569 1307 4639 languidam
1332 4578 1388 4623 et
1421 4570 1656 4625 inertem
1690 4571 1895 4627 reddit.

522 4755 610 4810 40.
635 4754 848 4807 [λίνῖιίςο
874 4753 927 4806 in
955 4769 1110 4817 auro,
1138 4754 1315 4808 virtus
1343 4754 1397 4809 in
1421 4739 1732 4811 humilitate
1762 4758 2038 4813 consistit.

450 4844 740 4912 Quomodo
773 4845 943 4915 igitur
968 4844 1063 4914 qui
1098 4860 1237 4899 auro
1270 4855 1446 4907 caret,
1476 4862 1687 4916 pauper
1713 4858 1819 4911 est,
1857 4865 2041 4915 quan-

450 4952 617 5005 quam
672 4937 810 4993 foris
852 4953 961 4993 non
996 4946 1271 5006 apparet:
1306 4938 1386 4992 sic
1431 4939 1525 5007 qui
1561 4940 1682 4996 sine
1727 4941 2039 4997 humilitate

454 5030 510 5083 in
538 5030 842 5086 certamine
875 5031 1179 5086 monastico
1214 5044 1490 5097 versatur,
1526 5034 1638 5089 Deo
1666 5051 1774 5090 non
1806 5036 2006 5105 placet.

523 5144 614 5197 41.
648 5144 804 5199 δῐσυῑ
827 5145 1036 5215 absque
1061 5162 1197 5200 auro
1228 5164 1336 5201 non
1356 5158 1448 5203 est
1478 5159 1757 5203 mercator
1776 5191 1792 5214 ,
1820 5152 2041 5207 etiamsi

454 5233 520 5287 ad
558 5242 926 5289 mercaturam
981 5236 1292 5292 faciendam
1348 5240 1505 5293 valde
1561 5240 1632 5293 sit
1680 5241 1934 5305 idoneus,
1967 5245 2039 5299 ita

455 5341 556 5379 nec
591 5325 799 5395 absque
837 5329 1145 5383 humilitate
1179 5331 1745 5402 monacliusjueunda
1774 5336 2040 5391 virtutum

455 5417 779 5485 possidebit,
811 5420 1067 5488 quamvis
1103 5420 1413 5491 prudentiae
1446 5437 1559 5479 sua:
1601 5427 1833 5481 multum
1889 5428 2043 5483 ﬁdat.

526 5596 614 5650 42.
647 5596 754 5663 Qui
809 5600 877 5653 ad
920 5601 1289 5658 humilitatem
1328 5604 1508 5673 redit,
1543 5608 1841 5666 demissius
1875 5629 2041 5683 quam

455 5695 617 5740 antea
649 5687 718 5742 de
754 5690 939 5759 seipse
968 5692 1181 5761 sentit;
1214 5696 1411 5752 elatius
1460 5715 1614 5766 vero,
1647 5704 1741 5772 qui
1790 5718 1909 5757 eam
1943 5705 2044 5759 de-

459 5778 627 5849 serit;
657 5782 753 5852 qui
785 5784 1010 5853 quidem
1040 5802 1149 5842 non
1184 5789 1423 5849 libenter
1450 5796 1658 5858 patitur
1686 5812 1743 5851 se
1777 5813 1902 5852 cum
1935 5800 2042 5853 mi-

2137 1879 2359 1949 πρόσιθι
2385 1879 2441 1931 δὲ
2466 1876 2641 1946 τούτῳ
2665 1878 2760 1930 καὶ
2788 1877 3063 1942 ύποὸιέξει
3094 1891 3198 1938 σοι,
3227 1877 3357 1930 ὅσον
3380 1878 3438 1930 τὸ
3462 1878 3716 1948 ὑποσμῆ-

2137 1988 2233 2040 χον
2261 1970 2362 2039 τὴν
2389 1968 2641 2037 αἴσθησίν
2683 1983 2778 2021 σου
2812 1966 2997 2021 καλόν.
3041 1966 3152 2021 Καὶ
3193 1966 3342 2038 φάγῃ
3371 1967 3500 2036 64m
3528 1970 3626 2039 ἡδὺ
3653 1970 3718 2023 τι

2137 2062 2203 2113 ἐκ
2232 2061 2330 2127 τῆς
2364 2058 2575 2127 ὑγείας.
2618 2057 2760 2127 μετὰ
2798 2057 2860 2110 τὸ
2899 2057 3243 2128 ἀναλωθῆναι
3272 2058 3335 2112 τὸ
3380 2060 3444 2111 ὲκ
3486 2060 3714 2130 πικρίας

2137 2151 2465 2221 ἀπόὄλητον.

2208 2239 2303 2295 16'.
2340 2243 2502 2294 ὀσον
2532 2240 2765 2311 αἰσθάνῃ
2797 2239 2905 2292 τῶν
2944 2240 3141 2298 πόνων.
3175 2240 3424 2292 τοσοῦτον
3448 2240 3717 2311 ἀποδέχου

2144 2334 2234 2389 τὸν
2283 2332 2506 2396 τούτους
2557 2333 2647 2386 διὰ
2696 2331 2804 2384 τῶν
2846 2331 3085 2402 ἐλέγχων
3133 2331 3552 2386 ὑποδεικνύοντά
3608 2351 3715 2387 σοι.

2140 2424 2480 2494 Καθάρσςως
2511 2424 2618 2493 γὰρ
2668 2423 2881 2486 τελείας
2930 2423 3100 2484 αἴτιός
3140 2440 3221 2474 σοι
3255 2422 3576 2477 καθίσταται
3602 2442 3615 2455 ο
3649 2421 3714 2495 ἦς

2141 2518 2291 2579 ἄνευ,
2328 2517 2386 2570 ὲν
2430 2515 2655 2586 καθαρῷ
2688 2516 2874 2586 χωρίῳ
2899 2514 2977 2585 τῷ
3014 2514 3114 2583 τῆς
3146 2514 3311 2583 εὐχῆς
3336 2552 3352 2576 ,
3399 2514 3462 2567 οὐ
3495 2515 3715 2570 δύναται

2139 2606 2392 2669 γενέσθαι
2417 2608 2445 2658 6
2466 2606 2609 2669 νοῦς.

2206 2696 2301 2754 λε’.
2367 2700 2457 2751 Ἐν
2494 2697 2574 2767 τῷ
2618 2696 2955 2765 ἐλέγχεσθαι,
3006 2698 3037 2766 ἢ
3081 2700 3290 2769 σιωπᾷν
3318 2698 3420 2763 δεῖ,
3476 2698 3710 2769 ἢήπίως

2122 2787 2521 2854 ’ἀπολογεῖσθαι
2549 2787 2626 2856 τῷ
2657 2786 3026 2853 καταλέγοντιο
3060 2788 3121 2838 ού
3151 2788 3238 2840 διὰ.
3263 2787 3324 2840 τὺ
3353 2789 3618 2856 συστῆσαι
3647 2787 3715 2841 τὰ

2139 2878 2313 2931 οἰκεία
2352 2878 2444 2929 τὸν
2486 2877 2863 2946 ἐλεγχόμενον,
2905 2876 2992 2928 διὰ
3035 2876 3090 2929 δὲ
3132 2878 3193 2930 τὸ
3235 2878 3538 2947 ἀναστῆσαι
3588 2879 3715 2940 ἴσως

2144 2969 2571 3039 πφσκιὶιιίωαντα⁸
2606 2969 2698 3021 τὸν
2727 2969 2785 3020 ὲν
2814 2970 3004 3038 ἀγνοὲᾳ
3034 2968 3346 3038 ἐλέγχοντα.

2213 3175 2321 3240 λς’.
2357 3174 2446 3243 Τῷ
2475 3175 2774 3239 luminat:
2811 3174 3031 3234 δικαίως
3057 3212 3071 3231 .
3102 3173 3131 3224 6
3173 3173 3279 3245 πρὸ
3306 3171 3398 3225 τοῦ
3439 3178 3715 3239 προσκλη-

2143 3267 2304 3332 θῆναι
2338 3267 2428 3321 ὑπ’
2468 3265 2633 3320 αὑτοῦ
2668 3264 2944 3335 μετανοῶν
2968 3305 2981 3328 ,
3014 3264 3314 3334 ὲζημίωται
3344 3263 3452 3316 τῶν
3478 3261 3710 3330 ἀνηκόν-

2143 3375 2251 3411 των
2286 3358 2459 3411 οὐδέν·
2486 3360 2514 3411 6
2541 3358 2598 3411 δὲ
2633 3357 2769 3427 μετὰ
2801 3357 2901 3427 τὴν
2931 3357 3288 3427 πρόσκλησιν,
3318 3356 3415 3425 τῆς
3454 3352 3712 3424 εύφορίας

2144 3449 2204 3501 τὺ
2227 3449 2419 3519 ἥμισυ.
2456 3448 2740 3519 Κερδαίνει
2777 3448 2957 3515 μέντοι
2989 3449 3110 3501 ὅλον
3138 3450 3197 3501 τὸ
3228 3446 3671 3518 προκαταϐληθὶν
3695 3488 3711 3509 ,

2145 3542 2173 3593 6
2207 3540 2472 3610 μηδέποτε
2503 3540 2591 3593 διὰ
2619 3541 2795 3609 λύπην
2842 3540 3270 3608 ἀποσυνάγωγος
3308 3538 3714 3609 εὑρισκόμενος

2148 3633 2468 3702 προστίθησι
2494 3633 2550 3686 δὲ
2580 3635 2672 3685 καὶ
2714 3632 2907 3703 μισθὸν
2941 3634 3141 3704 ἑαυτῷ,
3181 3635 3209 3685 6
3241 3632 3318 3701 τῷ
3346 3630 3563 3699 σφάλμα
3590 3628 3717 3698 βάλε-

2146 3720 2249 3774 λων
2277 3721 2460 3774 ἐπάνω
2488 3722 2653 3774 αὐτοῦ
2679 3724 2735 3773 ὲν
2760 3723 2940 3775 παντί.

2222 3810 2318 3877 λζ’.
2343 3811 2480 3865 Οὔτε
2508 3815 2536 3863 6
2569 3814 2895 3885 ὑψηλόφρων
2930 3812 3277 3880 ἐπιγινώσκει
3311 3809 3400 3865 οἷα
3427 3812 3495 3863 τὰ
3524 3808 3719 3863 ἑαυτοῦ

2148 3900 2524 3970 ἐλαττώματα.
2569 3900 2691 3954 οὔτε
2742 3904 2811 3954 τὰ
2839 3904 3012 3954 οἰκεῖα
3055 3903 3083 3954 6
3127 3901 3504 3967 ταπεινόφρων
3553 3900 3715 3954 καλά.

2149 3991 2429 4049 Καλύπτει
2442 3992 2551 4062 γὰρ
2567 3993 2656 4045 τὸν
2671 3993 2769 4062 μὲν
2784 3992 2935 4046 ἄνοια
2956 3990 3156 4059 φαύλη.
3176 3990 3267 4043 τὸν
3283 3989 3384 4059 δὲή
3402 3989 3692 4059 θεάρεστος
3704 3976 3730 4043 .’

2141 4119 2156 4128 -
2213 4088 2312 4153 λη’.
2348 4089 2472 4151 Τοῖς
2504 4087 2765 4157 ἰσοτίμοις
2787 4090 2814 4142 6
2839 4088 3204 4157 ὑπερήφανος,
3230 4090 3288 4141 tv
3313 4087 3495 4149 καλοῖς
3531 4104 3712 4158 παρα-

2144 4176 2460 4247 μετρεῖσθαι
2492 4178 2551 4229 ού
2587 4175 2834 4244 βούλεται
2861 4193 2873 4206 ’
2917 4180 2974 4230 ὲν
3011 4177 3069 4232 δὲ
3098 4179 3206 4240 τοῖς
3242 4176 3543 4238 ἐναντίοις,
3581 4176 3716 4245 πρὸς

2140 4267 2265 4329 τοὺς
2296 4266 2664 4334 ὑπερέχοντας
2688 4305 2701 4326 ,
2744 4264 2978 4333 φορητὸν
3002 4305 3017 4328 ,
3049 4264 3108 4316 τὸ
3138 4262 3330 4317 ἑαυτοῦ
3363 4261 3715 4332 παραϐαλλό-

2146 4370 2307 4424 μενος
2336 4356 2553 4424 ἡγεῖται
2583 4354 2895 4423 ἐλάττωμα.

2213 4468 2310 4522 λθ’.
2359 4468 2418 4522 '0
2451 4469 2549 4539 μὲν
2581 4468 2769 4538 ψόγος,
2801 4468 3062 4538 στερρὰν·
3095 4468 3317 4520 ἔκλυτον
3351 4467 3409 4520 δὲ
3443 4467 3470 4517 6
3500 4464 3721 4525 ἔπαινος

2142 4560 2242 4630 τὴν
2279 4560 2456 4631 ψυχὴν
2488 4561 2893 4630 ἀπεργάζεταιο
2945 4564 3038 4613 καὶ
3083 4559 3424 4629 νωθροτέραν
3475 4559 3611 4627 πρὸς
3653 4556 3723 4608 τὰ

2146 4651 2311 4706 καλά.

2216 4766 2289 4828 μ’.
2336 4759 2663 4821 ’Υπύστασις
2702 4760 2799 4827 μὲν
2830 4758 3081 4820 πλούτου,
3110 4758 3327 4826 χρυσός·
3348 4755 3549 4826 ἀρετῆς
3578 4756 3656 4819 δὲ,
3688 4757 3720 4824 ἡ

2144 4852 2493 4910 ταπείνωσιῖ.
2548 4849 2636 4911 Ὠς
2679 4849 2770 4902 οὖν
2805 4852 2833 4902 6
2879 4847 3081 4918 χρυσοῦ
3130 4848 3349 4915 ἀπορῶν
3384 4847 3553 4918 πένης
3586 4848 3719 4905 ἐστὶ,

2146 4943 2250 4994 κᾶν
2297 4944 2371 5011 μὴ
2404 4943 2515 5001 τοῖς
2548 4939 2746 5003 ἔξωθεν
2801 4940 3060 5008 φαίνηται
3085 4953 3099 4968 ·
3125 4937 3270 4991 οὕτω
3320 4936 3703 4994 ταπεινώσεως

2146 5029 2296 5092 ἄνευ,
2329 5027 2583 5097 ἐνάρετος
2612 5027 2712 5079 ούκ
2733 5027 2886 5078 ἔσται
2918 5027 2946 5076 6
2980 5024 3403 5095 ἀγωνιζόμενος.

2221 5141 2329 5209 μα’.
2372 5114 2585 5213 ipsum?)
2632 5139 2773 5209 δίχα,
2813 5139 3003 5207 ὥσπερ
3046 5136 3073 5187 6
3114 5135 3355 5204 ἔμπορος
3387 5133 3446 5185 οὐ
3486 5132 3730 5198 πέφυκεν

2148 5232 2410 5305 ἔμπορος,
2442 5233 2546 5287 κᾶν
2591 5232 2711 5285 λίαν
2757 5234 2893 5301 πρὸς
2924 5228 3194 5300 ἐμπορίαν
3230 5228 3375 5280 ἐστὶν
3405 5225 3729 5295 ἐπιτήδειος,

2147 5324 2319 5388 οὕτως
2363 5325 2485 5377 οὐδὲ
2518 5321 3024 5393 ταπεινοφροσύνης
3066 5318 3273 5389 χωρὶς,
3313 5319 3373 5369 ὲν
3406 5314 3730 5383 κατασχέσει

2147 5417 2256 5469 τῶν
2299 5418 2399 5487 τῆς
2446 5415 2650 5484 ἀρετῆς
2681 5415 2850 5483 ἡδέων
2901 5412 3256 5481 εὑρεθήσεται
3293 5413 3320 5464 6
3361 5408 3734 5480 ἀσκούμενος,

2147 5507 2251 5560 κᾶν
2284 5508 2425 5560 πάνυ
2455 5510 2521 5577 τῇ
2548 5504 2741 5559 ἑαυτοῦ
2774 5504 3055 5573 νουνεχείᾳ
3082 5502 3281 5573 θαρρῇ.

2221 5613 2330 5685 μβ’.
2377 5618 2454 5685 Τῇ
2489 5614 2961 5685 ταπεινοφροσύνῃ
2994 5614 3019 5665 6
3069 5610 3258 5674 ἀνιὼν,
3303 5610 3612 5681 κατώτερος
3640 5608 3729 5663 τοί

2148 5706 2346 5759 ἑαυτοῦ
2380 5708 2727 5776 φρονήματος
2764 5704 2994 5771 γίνεται·
3032 5705 3304 5773 ἀνώτερος
3336 5702 3389 5754 δὲ
3412 5743 3426 5762 ,
3459 5704 3487 5755 6
3520 5701 3732 5768 ἐκείνης

2146 5799 2334 5861 γωοίΐ
2368 5798 2422 5862 6.;
2457 5799 2575 5852 οὐδὲ
2602 5797 3077 5857 παραμετρεῖσθαι
3111 5784 3216 5858 τοῖς,
3244 5795 3544 5857 ἑλαγίςτοις
3577 5794 3730 5845 6x06-
