4100 6422
431 456 569 521 H39

1826 428 2024 495 Eleli
2073 427 2324 490 ECOICI

3565 422 3704 487 1140

418 584 538 628 rum
596 566 954 637 negligentes.
989 557 1151 612 Tales
1179 554 1439 609 nesciunt
1478 570 1495 603 ι
1528 548 1750 606 auferre
1803 548 1941 601 iram
1975 561 2003 598 a

2137 547 2231 598 τῶν
2273 546 2531 614 ῥημάτων
2579 544 2795 612 ἀμελῶς
2840 544 3186 596 διατίθενται.
3222 546 3284 595 Ut
3322 540 3553 594 τοιοῦτοι
3602 541 3705 592 οὑκ

419 665 581 723 sorde
608 675 728 724 suo,
764 665 821 712 et
843 667 1099 709 amovere
1147 648 1414 704 malitiam
1448 663 1478 700 a
1507 659 1673 700 carne
1729 658 1850 703 sua.
1886 660 1903 691 ι
1947 648 2006 691 ιιι

418 768 499 816 est
531 753 676 826 apud
708 748 1081 806 Ecclesiasten
1112 745 1155 810 ⁸,
1190 758 1288 814 per
1321 756 1445 810 qum
1488 755 1583 794 cor
1630 734 1898 790 mundum
1936 733 2005 787 ab

419 856 717 908 iunovante
754 843 965 915 Spiritu
1002 838 1179 896 creari
1213 833 1560 892 consuevit’.

486 1012 575 1068 54.
602 1008 869 1065 (Siborum
898 1001 1125 1076 quidem
1157 998 1488 1068 simplicitas
1514 994 1570 1049 in
1606 991 1872 1048 inferiore
1904 989 2007 1044 ali-

418 1113 731 1160 mentorum
761 1099 1050 1171 qualitate,
1079 1093 1374 1150 verborum
1406 1096 1592 1144 autem
1644 1084 2006 1154 irreprehen-

420 1200 652 1256 sibilitas
680 1198 734 1251 in
756 1194 1045 1264 superiore
1070 1188 1273 1246 silentii
1305 1184 1571 1256 qualitate
1599 1180 1898 1249 reperitur.

486 1294 575 1350 55.
600 1290 708 1349 Ure
733 1303 894 1343 renes
918 1296 1040 1340 tuos
1073 1278 1407 1338 abstinentia
1453 1276 1727 1337 ciborum,
1751 1278 1809 1325 et
1846 1284 2006 1325 scru-

419 1400 535 1443 tare
558 1401 655 1441 cor
687 1394 841 1439 tuum
868 1379 1165 1435 verborum
1196 1371 1587 1444 temperantia,
1608 1376 1664 1423 et
1686 1364 1920 1421 habebis
1951 1363 2008 1417 in

421 1479 641 1535 virtutis
666 1472 1032 1531 ministerium
1055 1479 1239 1541 partes
1285 1466 1482 1521 animae
1513 1457 2008 1530 concupiscibilem

422 1585 478 1629 et
519 1569 874 1626 irascibilem.

490 1664 578 1721 56.
616 1664 879 1733 Voluptas
903 1673 1097 1715 eorum
1128 1672 1252 1725 qua:
1286 1653 1391 1709 sub
1426 1659 1623 1706 ventre
1666 1659 1817 1711 sunt,
1853 1646 1908 1700 in
1942 1644 2011 1699 iis

419 1760 514 1829 qui
547 1756 821 1828 religiosis
850 1752 1122 1808 institutis
1150 1754 1505 1809 exercentur,
1535 1757 1769 1811 corpore
1799 1753 2012 1795 marce-

421 1861 610 1907 scente
659 1848 895 1913 desinit;
923 1854 980 1901 at
1029 1859 1164 1901 vero
1208 1839 1448 1914 gutturis
1489 1846 1547 1893 et
1598 1834 1767 1907 palati
1802 1839 2006 1886 manet.

2125 637 2442 689 ἐπίστανται
2473 637 2744 705 παράγειν
2774 636 3086 705 θυμὸν-ἀπὺ
3125 636 3373 706 καρδίας,
3406 637 3705 706 ἐπιθυμίαν

2124 727 2180 779 δὲ
2215 726 2322 779 άπὸ
2370 726 2571 795 σαρκὸς
2592 766 2608 788 ,
2641 726 2781 778 κατά
2813 726 2904 778 τὸν
2959 725 3390 795 Ἑκκλησιαστήν
3412 742 3425 755 ·
3458 724 3525 777 δι’
3563 717 3633 777 Iw
3669 730 3705 795 ἡ

2128 817 2338 886 καθαρά
2370 816 2561 885 καρδία
2591 815 2873 879 κτίζεσθαι
2902 816 3061 869 εἴωθε
3087 817 3235 886 παρὰ
3262 815 3353 875 τοῦ
3377 817 3704 885 καινουργοῦ

2133 908 2269 962 Πνεύ
2278 925 2467 976 ματος.

2200 1000 2293 1052 νδ¹.
2328 1000 2400 1051 Τὸ
2433 999 2532 1068 μὲν
2565 998 2671 1051 τῶν
2716 998 3022 1069 βρωμάτων
3068 1000 3363 1068 ἀπέριττον
3385 1040 3401 1065 ,
3441 998 3570 1070 περὶ
3608 997 3708 1069 τὴν

2128 1091 2276 1161 ἥττω
2302 1091 2511 1162 τροφῆς
2531 1092 2791 1162 ποιότητα
2813 1108 2826 1121 ⁸
2856 1093 2917 1144 τὸ
2943 1092 3000 1145 δὲ
3019 1092 3128 1146 τῶν
3160 1093 3419 1160 ῥημάτων
3440 1092 3708 1161 ἀνέγκλη-

2130 1200 2243 1246 τον,
2267 1185 2393 1252 περὶ
2418 1185 2517 1251 τὴν
2541 1183 2776 1251 κρείττω
2801 1186 3010 1252 σιωπῆς
3037 1186 3298 1255 ποιότητα
3327 1184 3703 1254 εὑρεθήσεται.

2206 1274 2295 1328 ve’.
2336 1276 2596 1346 Πύρωσον
2622 1276 2749 1333 τοὺς
2783 1275 3014 1343 νεφρούς
3045 1292 3138 1328 σου
3162 1276 3345 1346 ἀσιτίᾳ
3381 1276 3704 1344 βρωμάτων,

2134 1366 2227 1419 καὶ
2258 1365 2452 1417 ἐτασον
2476 1364 2573 1433 τὴν
2604 1364 2831 1433 καρδίαν
2859 1381 2952 1417 σου
2984 1364 3279 1433 ἐγκρατείᾳ
3309 1364 3589 1433 ῥημάτων,
3615 1364 3708 1414 καὶ

2135 1456 2279 1521 ἔξεις
2312 1457 2405 1509 ἐπὶ
2439 1456 2740 1526 ὑπηρεσίαν
2773 1454 2974 1520 καλῶν,
3006 1458 3066 1508 τὸ
3097 1454 3492 1525 ἐπιθυμητικόν
3520 1471 3579 1506 τε
3612 1456 3707 1507 καὶ

2129 1548 2376 1616 θυμικόν.

2197 1647 2305 1704 νςδ.
2351 1640 2415 1692 'H
2468 1641 2564 1709 μὲν
2607 1640 2718 1693 τῶν
2764 1638 3147 1706 ὑπογαστρίων
3175 1634 3339 1707 ἡδονὴ
3373 1634 3710 1688 καταπίπτει

2129 1733 2186 1785 ἐν
2210 1731 2587 1800 ἀσκουμένοις,
2614 1731 2708 1784 τοῦ
2740 1731 2995 1799 σώματος
3024 1728 3516 1797 παρακμάσαντος
3548 1726 3628 1778 ἐτι
3649 1726 3710 1778 δὲ

2131 1822 2440 1891 παραμένει
2468 1824 2501 1892 ἡ
2530 1822 2625 1875 τοῦ
2662 1821 2966 1891 φάρυγγος,
2998 1818 3076 1888 τῷ
3108 1817 3181 1889 μὴ
3208 1817 3475 1887 φθάσαντι
3504 1817 3713 1887 ταύτην

426 1942 610 2001 Danda
641 1943 810 2015 igitur
837 1956 1029 2011 opera,
1057 1946 1116 1994 ut
1142 1953 1241 2008 per
1265 1950 1487 1991 causam
1514 1931 1753 1986 ablatam
1783 1926 2011 1981 tollatur

2137 1915 2354 1977 ἐνδίκως
2381 1915 2628 1970 κολάσαι.
2662 1916 2969 1969 Σπουδάσαι
2997 1908 3094 1967 οῦν
3124 1914 3229 1983 χρὴ
3258 1912 3344 1965 διὰ
3374 1912 3469 1965 τοῦ
3497 1912 3671 1966 αἰτίου
3692 1954 3709 1977 ,

423 2039 690 2109 probrum
719 2050 783 2090 ac
812 2032 1057 2089 dedecus
1081 2030 1229 2100 quod
1256 2043 1325 2083 ex
1349 2041 1515 2082 causa
1537 2020 1918 2091 consequitur,
1944 2033 2012 2071 ne

426 2108 479 2184 in
513 2130 701 2184 l'uturo
747 2126 950 2182 saaculo
980 2124 1195 2180 alienus
1226 2138 1257 2176 a
1285 2120 1491 2174 virtute
1518 2110 1875 2171 continentiae
1924 2108 2012 2163 in-

426 2231 623 2277 ventus
655 2220 978 2275 erubescas.

498 2313 584 2368 57.
614 2312 850 2368 Necesse
879 2321 966 2366 est
996 2322 1159 2365 nosse
1184 2315 1448 2370 ascetam,
1475 2299 1699 2373 quando
1726 2307 1783 2353 et
1812 2294 2017 2367 quibus

426 2408 570 2463 cibis
600 2422 804 2477 corpus
826 2420 987 2459 suum
1016 2412 1077 2458 ut
1106 2403 1322 2457 hostem
1354 2399 1525 2462 alere,
1546 2392 1767 2465 quando
1793 2400 1855 2445 ut
1881 2389 2018 2442 ami-

428 2516 553 2556 cum
589 2499 657 2554 ad
685 2498 877 2568 epulas
912 2496 1173 2559 invitare,
1208 2494 1524 2560 iterumque
1581 2496 1642 2541 ut
1677 2483 2015 2539 imbecillum

426 2604 483 2648 et
511 2599 773 2663 aegrotum
807 2578 1085 2645 consolari
1134 2585 1381 2642 debeat:
1414 2598 1483 2637 ne
1538 2595 1639 2651 per
1687 2576 2013 2648 impruden-

430 2690 584 2754 tiam,
615 2697 672 2742 et
713 2701 836 2756 quae
878 2683 1156 2739 debentur
1197 2679 1443 2745 inimico,
1475 2692 1540 2732 ea
1570 2674 1771 2738 amico,
1804 2682 1862 2728 et
1896 2685 2019 2741 qua:

428 2784 608 2837 amico
625 2779 832 2845 debita,
850 2778 1080 2833 inimico
1102 2786 1409 2845 apponens,
1431 2778 1729 2838 utrumque
1749 2764 2017 2829 offendat,

428 2882 485 2928 et
516 2884 764 2944 tempore
800 2869 1122 2926 tentationis
1151 2872 1561 2939 oppugnatores
1586 2860 1806 2916 habeat.

502 2968 591 3022 58.
618 2966 757 3022 Cum
794 2965 840 3018 is
864 2964 958 3034 qui
986 2962 1155 3017 alitur
1203 2960 1414 3015 nudum
1463 2957 1788 3012 alimentum
1837 2950 2023 3021 potius

396 3060 586 3132 .ducit
617 3057 881 3113 omnibus
911 3054 1148 3120 deliciis,
1174 3063 1291 3108 tum
1334 3052 1563 3107 veniens
1614 3048 1789 3119 gratia
1838 3045 2021 3112 lacry-

434 3167 669 3216 marum,
699 3166 824 3205 eum
872 3147 1149 3204 consolari
1194 3145 1410 3216 incipit,
1442 3151 1503 3198 ut
1555 3142 1739 3197 omnis
1794 3137 2024 3193 alterius

436 3246 727 3302 suavitatis
748 3245 1340 3312 obliviscatur,utpote
1366 3255 1533 3312 quam
1569 3234 2024 3307 incomparabilis
2052 3248 2101 3310 ο

437 3345 632 3396 harum
660 3339 903 3395 suavitas
927 3340 1040 3409 jam
1072 3336 1434 3405 absorpserit.

509 3434 598 3488 59.
624 3432 729 3498 Qui
785 3447 884 3500 per
925 3430 1093 3483 latam
1145 3428 1289 3481 viam
1348 3423 1657 3481 incedendo
1699 3439 1761 3478 se
1807 3420 2022 3485 dilatat,

435 3525 488 3579 ei
522 3524 576 3577 in
608 3532 904 3594 angustum
945 3519 1357 3576 contrahuntur
1391 3519 1648 3589 lacryma:
1671 3532 1686 3583 ;
1712 3515 2028 3572 scaturiunt

438 3628 625 3674 autem
672 3618 746 3672 illi
781 3616 876 3675 qui
929 3623 1138 3672 arctam
1171 3623 1228 3670 et
1257 3621 1545 3685 angustam
1581 3611 1730 3665 viam
1766 3609 1949 3681 diligit
1978 3609 2022 3665 '.

516 3735 605 3790 60.
637 3734 702 3788 Et
731 3732 1005 3802 peccaturi
1032 3740 1089 3786 et
1110 3731 1261 3802 justo
1302 3743 1447 3799 aegre
1475 3736 1581 3783 est.
1610 3725 1719 3781 Sed
1749 3724 1881 3779 huic
1905 3723 2018 3795 qui-

442 3829 591 3894 dem,
624 3828 752 3899 quia
804 3825 1050 3880 nondum
1106 3824 1331 3894 penitus
1383 3821 1634 3877 deseruit
1686 3820 1912 3886 malum,
1950 3817 2025 3872 ili

443 3921 570 3992 quia
602 3918 846 3975 nondum
872 3916 1239 3988 apprehendit
1275 3930 1468 3969 verum
1500 3914 1731 3968 bonum.

515 4014 607 4070 6l.
631 4013 782 4068 Inter
808 4012 1042 4067 virtutes
1087 4026 1211 4080 qua:
1246 4023 1417 4080 penes
1460 4021 1563 4062 nos
1599 4014 1751 4069 sunt,
1786 4020 1868 4059 ea:
1908 4019 2030 4073 qua:

448 4107 595 4162 vires
614 4114 831 4161 nostras
852 4119 961 4158 non
982 4110 1270 4173 superant,
1291 4107 1421 4155 sunt
1436 4098 1613 4153 oratio
1631 4106 1686 4152 et
1704 4097 1986 4153 silentium
2014 4113 2028 4160 ;

447 4202 592 4254 inter
619 4213 714 4253 eas
744 4212 878 4251 vero
924 4209 1049 4265 quae
1095 4209 1207 4249 non
1257 4201 1389 4248 sunt
1435 4206 1608 4261 penes
1640 4205 1764 4256 nos,
1799 4196 1856 4244 at
1910 4188 2030 4258 ple-

450 4307 685 4361 rumque
711 4306 744 4344 ιι
775 4288 1027 4357 corporis
1057 4285 1456 4341 constitutione
1497 4284 1762 4354 pendent,
1796 4291 1926 4338 sunt
1946 4284 2034 4354 je-

449 4389 665 4456 lunium
697 4393 755 4442 et
778 4384 988 4454 vigilia.
1014 4381 1173 4450 Quod
1208 4381 1378 4451 igitur
1408 4380 1616 4435 athleta
1645 4379 1866 4435 facilius
1896 4394 2032 4433 con-

450 4480 606 4550 sequi
645 4486 848 4549 potest,
881 4480 986 4530 hoc
1017 4474 1274 4545 persequi
1310 4472 1497 4529 debet.

520 4573 611 4628 62.
635 4573 841 4626 Domus
858 4568 1057 4623 animae
1079 4567 1366 4638 patientia,
1387 4566 1708 4622 continetur
1728 4565 1878 4621 enim
1907 4564 2030 4618 illa:

454 4666 747 4722 facultates
787 4673 996 4728 autem,
1022 4661 1203 4718 victus
1231 4659 1540 4726 humilitas,
1561 4659 1733 4715 alitur
1760 4659 1909 4714 enim
1941 4673 2040 4727 per

457 4764 628 4818 illam.
1543 4743 1547 4747 ’

526 4853 618 4910 65.
650 4852 753 4918 Qui
792 4850 1230 4918 vituperationes
1249 4862 1361 4902 non
1393 4846 1617 4911 tolerat,
1641 4843 1904 4899 laudibus
1930 4857 2043 4896 non

457 4947 791 5010 ornabitur;
819 4954 877 4999 et
924 4943 1019 5012 qui
1069 4950 1201 4997 ante
1230 4941 1571 5009 voluptatem
1613 4935 1860 4991 animum
1908 4947 2044 4988 con-

458 5041 625 5095 vertit
680 5040 749 5093 ad
803 5038 1075 5101 dolorem,
1104 5035 1256 5090 illius
1314 5031 1623 5089 molestiam
1673 5038 1729 5084 et
1785 5027 2050 5084 sollicita-

462 5135 668 5190 tionem
697 5132 943 5202 eﬂugict.

533 5226 623 5280 64.
642 5225 723 5279 Ne
743 5233 793 5279 te
817 5223 1009 5294 alliges
1030 5223 1269 5289 modico,
1291 5230 1350 5276 et
1363 5235 1477 5274 non
1496 5218 1708 5273 servies
1728 5213 2011 5285 grandiori
2035 5230 2049 5266 :

462 5337 532 5377 ex
561 5334 732 5389 parvo
764 5319 913 5374 enim
944 5329 1167 5387 peccato
1194 5330 1453 5385 magnum
1485 5313 1756 5370 exsistere
1785 5321 1842 5367 et
1869 5310 2050 5380 ellingi

464 5411 873 5484 quodammodo
900 5411 1240 5479 formarique
1274 5406 1587 5471 consuevit.

536 5504 624 5559 65.
644 5503 725 5558 Ad
750 5504 959 5573 majora
983 5503 1240 5562 tendens,
1260 5498 1527 5554 terribilis
1570 5497 1684 5553 eris
1705 5495 2051 5560 minoribus;

460 5595 911 5653 contemnendus
934 5610 1065 5650 vero
1086 5594 1175 5649 his
1199 5591 1560 5657 videberis,si
1581 5591 1651 5647 ab
1676 5591 1787 5646 illis
1806 5588 2052 5645 delicias.

540 5786 629 5842 66.
653 5787 773 5841 Non
802 5785 1011 5853 poteris
1032 5785 1099 5839 ad
1123 5786 1445 5854 superiores
1470 5784 1773 5839 ascendere
1796 5785 2053 5849 virtutes,

475 5878 716 5946 quandiu
758 5874 1067 5929 faciliorum
1104 5876 1315 5945 apicem
1345 5875 1581 5945 adeptus
1612 5891 1723 5929 non
1754 5875 1946 5929 fueris.

549 6009 569 6040 ⁸
593 6008 772 6066 Ecclc.
808 6026 878 6071 xv,
910 6010 991 6064 10.
1072 6012 1089 6043 ⁷
1120 6012 1260 6067 Psal.
1290 6027 1340 6079 ι,
1380 6008 1466 6067 12.
1544 6008 1564 6043 ⁸
1599 6010 1789 6066 Matth.
1839 6025 1935 6075 vn,
1976 6008 2057 6065 Η.

2130 2006 2223 2060 τοῦ
2259 2006 2506 2060 αἰτιατοῦ
2529 2007 2622 2059 τὸν
2644 2005 2948 2074 ὀνειδισμὸν
2977 2002 3382 2072 ἀποτρίψασθαι
3404 2018 3418 2032 °
3441 2002 3516 2065 ὼς
3541 2002 3607 2055 ἂν
3634 2005 3711 2070 μὴ

2134 2098 2278 2163 ξένος
2318 2100 2497 2151 ἐκεῖσε
2526 2100 2624 2166 τῆς
2653 2097 2794 2150 κατὰ
2827 2097 2924 2167 τὴν
2961 2098 3289 2165 ἐγκράτειαν
3317 2095 3517 2165 ἀρετῆς
3556 2096 3713 2164 εὑρεο

2133 2188 2267 2248 θεὶς,
2301 2188 2531 2258 αἰσχύνῃ
2563 2186 2922 2257 περιϐληθῇς.

2205 2278 2300 2342 νίζ’.
2346 2281 2665 2346 Ἀναγκαῖον
2686 2278 2887 2330 εἰδέναι
2912 2278 3003 2331 τὸν
3035 2279 3302 2348 ἀσκητὴν,
3330 2277 3461 2330 πότε
3493 2279 3580 2329 καὶ
3600 2277 3713 2329 τίσι

2138 2368 2386 2439 βρώμασι
2414 2368 2493 2420 δεῖ
2520 2369 2581 2421 τὺ
2614 2368 2773 2437 σῶμα
2797 2367 2871 2431 ὡς
2902 2367 3094 2437 ἐχθρὸν
3124 2368 3365 2437 τρέφειν’
3398 2369 3527 2420 πότε
3555 2367 3612 2420 δὲ
3637 2367 3713 2429 ὡς

2136 2460 2291 2528 φίλον
2353 2459 2729 2531 παρακαλεῖν,
2798 2461 2891 2511 καὶ
2947 2458 3077 2510 πότε
3136 2457 3578 2527 παραμυθεῖσθαι
3638 2457 3713 2518 ὡς

2135 2549 2359 2619 ἀσθενῆ,
2395 2549 2481 2601 ἴνα
2513 2548 2587 2618 μὴ
2634 2548 2774 2620 λάθῃ
2806 2547 2873 2601 τά
2918 2547 3016 2617 μὲν
3061 2546 3153 2600 τοῦ
3194 2546 3388 2617 ἐχθροῦ
3425 2545 3503 2615 τῷ
3552 2545 3711 2616 φίλς).

2136 2641 2203 2694 τὰ
2234 2641 2291 2694 δὲ
2329 2640 2423 2693 τοῦ
2458 2641 2611 2707 φίλου
2646 2639 2723 2709 τῷ
2751 2638 2951 2709 ἐχθρῷ,
2987 2640 3080 2691 καὶ
3112 2638 3181 2692 τὰ
3216 2638 3406 2690 τούτου
3441 2638 3602 2691 πάλιν
3634 2638 3711 2705 τῷ

2138 2730 2356 2784 ἀσθενεῖ
2382 2731 2704 2800 παρατιθεὶς
2724 2769 2740 2792 ,
2772 2730 2867 2783 καὶ
2906 2729 3200 2800 ἑκατέρους
3231 2715 3306 2789 ὦς
3332 2728 3708 2792 σκανδαλίσας,

2135 2821 2313 2891 καιρῷ
2356 2819 2660 2893 πειρασμοῦ
2690 2820 2912 2891 εὑρήσει
2943 2818 3318 2889 πολεμοῦντας
3343 2820 3527 2872 αὑτὸν.

2206 2928 2306 2999 νη’.
2349 2931 2516 2983 Ὅταν
2553 2931 2652 2999 τῆς
2681 2930 2895 2999 τρυφῆς
2931 2927 3030 2997 τὴν
3077 2927 3283 2997 τροφὴν
3322 2930 3350 2980 ὁ
3379 2926 3715 2997 τρεφόμενος

2136 3021 2554 3091 προτιμωτέραν
2586 3022 2881 3091 ποιήσηται
2904 3059 2919 3083 ,
2945 3018 3065 3070 τότε
3102 3020 3134 3088 ἡ
3170 3018 3280 3070 τῶν
3308 3017 3560 3087 δακρύων
3597 3018 3717 3069 ἐπι-

2136 3112 2430 3182 δημήσασα
2463 3113 2623 3181 χάρις
2652 3110 2822 3179 αὐτῷ,
2856 3111 3195 3180 παρακαλεῖν
3226 3109 3472 3178 ἄρχεται,
3503 3108 3597 3160 καὶ
3624 3107 3719 3162 ἄλ·-

2137 3201 2234 3272 λης
2259 3204 2440 3273 πάσης
2460 3203 2724 3273 ἠδύτητος
2750 3202 3226 3267 ἐπιλανθάνεσθαι,
3256 3201 3330 3264 ὡς
3361 3201 3459 3270 ἠδη
3490 3202 3555 3269 τῇ
3590 3198 3717 3251 τού-

2137 3310 2245 3346 των
2282 3292 2685 3361 καταποθείσης
2712 3292 3058 3359 ἀσυγκρίτως
3092 3290 3343 3361 ήδύτητι.

2211 3407 2307 3459 νθ’.
2339 3404 2428 3474 Τῷ
2468 3404 2567 3473 μὲν
2597 3402 3017 3473 πλατυνομένῳ,
3050 3399 3349 3468 συνεστάλη
3379 3400 3447 3451 τὰ
3478 3397 3708 3467 δάκρυαο

2138 3491 2403 3563 ἐξεϐλήθη
2428 3493 2486 3545 δὲ
2514 3491 2716 3558 ταῦτα,
2747 3491 2824 3562 τῷ
2850 3490 2947 3563 τὴν
2974 3490 3164 3561 στενὴν
3185 3489 3305 3543 ὁδὸν
3344 3487 3710 3558 ἀγαπήσαντι.

2219 3726 2283 3791 ξ’.
2325 3727 2440 3780 Οὐκ
2469 3726 2586 3781 ἔστι
2618 3727 2793 3799 λύπης
2827 3728 3005 3793 ἐκτὸς,
3038 3726 3163 3782 οὔτε
3204 3728 3564 3798 ἁμαρτωλὸς,
3598 3727 3722 3783 οὕτε

2143 3818 2370 3880 δίκαιος·
2399 3818 2516 3870 ἀλλ’
2540 3821 2569 3872 ὁ
2601 3819 2719 3888 μὲν,
2759 3820 2842 3871 ὅτι
2876 3819 2950 3891 μὴ
2978 3821 3150 3888 πάντη
3179 3818 3412 3873 ἀπέλιπε
3443 3820 3502 3872 τὸ
3529 3820 3720 3880 κακὸν,

2143 3914 2171 3964 ὁ
2192 3911 2268 3974 δὲ,
2295 3911 2375 3964 ὃτι
2405 3909 2558 3965 οὑπω
2580 3911 2679 3981 τῆς
2707 3911 3041 3980 τελειότητος
3069 3912 3264 3981 ἥψατο.

2215 4027 2316 4096 ξω.
2346 4025 2467 4079 Τῶν
2504 4027 2588 4093 ἐφ’
2619 4028 2772 4095 ἡμῖν,
2802 4028 2856 4079 αἱ
2897 4026 3040 4079 κατὰ
3073 4024 3301 4093 δύναμιν
3341 4025 3553 4093 ἀρεταὶ,
3583 4025 3718 4092 εὐχή

2144 4135 2222 4182 τε,
2261 4119 2355 4171 καὶ
2405 4120 2622 4188 σιωπή·
2659 4115 2768 4170 τῶν
2808 4118 2907 4169 οὑκ
2946 4115 3032 4184 ἐφ’
3068 4118 3201 4184 ἡμῖν
3240 4115 3316 4181 δὲ,
3369 4115 3484 4167 ἀλλ’
3531 4112 3607 4176 ὡς
3651 4115 3722 4165 τὰ

2144 4209 2315 4263 πολλὰ
2353 4209 2449 4278 τῆς
2500 4207 2594 4260 τοῦ
2642 4205 2891 4276 σώματος
2932 4205 3295 4275 κατασκευῆς,
3327 4204 3549 4275 νηστεία
3573 4243 3588 4266 ,
3625 4218 3722 4255 και

2142 4303 2417 4373 ἀγρυπνία
2446 4305 2570 4356 εἰσί.
2590 4300 2768 4370 Ὅπερ
2787 4296 2879 4354 οὖν
2899 4299 2976 4370 τῷ
3004 4300 3278 4369 ἀγωνιστῇ
3304 4296 3719 4369 εὐληπτότερον,

2142 4393 2298 4447 τοῦτο
2330 4389 2690 4464 μετέρχεσθαι
2726 4389 2853 4459 χρή.

2226 4561 2326 4632 ξβ’-
2368 4559 2527 4622 Οἶκος
2561 4563 2658 4631 μὲν
2685 4563 2886 4631 ψυχῆς,
2926 4562 2960 4630 ὴ
2988 4562 3270 4631 ὑπομονήο
3317 4557 3731 4627 περικρατεῖται

2154 4661 2264 4726 γὰρ
2297 4658 2355 4708 ἐν
2382 4656 2540 4725 αὑτῇ.
2567 4656 2771 4726 Χρῆμα
2799 4654 2876 4717 δὲ,
2903 4657 2938 4725 ἡ
2971 4653 3318 4715 ταπείνωσις
3346 4649 3605 4719 τρέφεται
3626 4647 3734 4714 γὰρ

2153 4747 2223 4802 δι’
2246 4747 2438 4816 αὐτῆς.

2236 4840 2334 4907 ξγ¹.
2371 4840 2559 4900 Πόνοις
2596 4840 2671 4908 μὴ
2704 4840 3025 4910 καρτερῶν,
3059 4837 3302 4899 ἐπαίνοις
3337 4834 3399 4887 οὑ
3428 4830 3729 4901 τιμηθήσῃ’

2158 4930 2265 5001 πΡδ
2288 4930 2346 4983 δὲ
2386 4930 2484 4998 τῆς
2511 4930 2704 4999 ἡδονῆς
2741 4930 2841 5000 τὴν
2880 4929 3073 4999 ὀδύνην
3103 4923 3462 4990 ἀποσκοπῶν,
3492 4918 3732 4988 ἐκφεύξῃ

2156 5021 2361 5090 ταύτης
2385 5021 2447 5072 τὸ
2468 5018 2733 5089 λυπηρόν.

2230 5219 2323 5284 ξδ’.
2360 5219 2453 5288 Μὴ
2497 5217 2799 5287 δεσμυθῇς
2842 5216 2922 5286 τῷ
2955 5211 3169 5284 μικρῷ,
3200 5209 3295 5262 καὶ
3336 5206 3396 5261 οὑ
3431 5201 3737 5261 δουλεύσεις

2156 5313 2236 5381 τῷ
2280 5312 2530 5381 μείζονι·
2572 5308 2631 5362 ού
2667 5309 2776 5379 γάρ
2820 5309 3035 5373 πέφυκε
3074 5304 3138 5356 τὸ
3172 5300 3355 5372 μεῖζον
3390 5296 3594 5360 κακὸν,
3631 5293 3738 5362 πρὸ

2158 5403 2254 5455 τοῦ
2289 5400 2488 5471 μικροῦ
2512 5398 2958 5452 διαπλάττεσθαι.

2233 5495 2326 5560 ξε’.
2377 5492 2624 5563 Ἀφορῶν
2654 5491 2790 5562 πρὸς
2824 5491 2893 5540 τὰ
2940 5485 3182 5555 μείζονα,
3218 5480 3448 5551 φοῦερδς
3499 5478 3597 5548 ἔσῃ
3629 5478 3739 5537 τοῖς

2160 5588 2402 5659 ἥττοσιν.
2440 5582 2931 5652 Εὑκαταφρόνητος
2963 5577 3019 5643 δὲ
3056 5575 3269 5637 τούτοις
3311 5572 3529 5641 ὀφθήσῃ
3552 5607 3570 5633 ,
3603 5568 3739 5636 πρὸς

2162 5680 2348 5732 ἐκεῖνα
2374 5674 2715 5747 ἀπειρηκώς.

2238 5767 2342 5835 ξς·’.
2362 5772 2436 5823 Οὺ
2457 5770 2660 5839 δυνήσῃ
2679 5767 2771 5821 ἐπὶ⁸
2788 5766 2884 5828 τὰς
2910 5762 3125 5834 μείζους
3150 5760 3352 5829 φθάσαι
3378 5753 3484 5807 τῶν
3507 5749 3740 5821 ἀρετῶν,

2172 5869 2244 5936 μη
2281 5865 2386 5917 τῶν
2416 5863 2554 5917 κατὰ
2587 5861 2815 5932 δύναμιν
2847 5854 3171 5914 καταλαϐὼν
3204 5854 3303 5925 τὴν
3336 5848 3631 5920 ἀκρότητα.
