4100 6442
367 432 503 496 1141
608 443 614 449 ’

1701 419 2290 485 ANTHOLOGIUM.

3493 421 3642 486 lli?

430 558 526 622 ξεν.
569 557 656 609 Ἑν
679 554 760 620 οἷς
790 559 982 626 κρατεῖ
1007 553 1178 621 ἔλεος.
1204 556 1298 610 καὶ
1325 557 1569 625 ἀλήθεια,
1599 557 1657 610 έν
1685 558 1931 625 ἐκείνοις,

2119 541 2208 594 67.
2239 539 2298 593 ln
2333 538 2538 610 quibus
2568 547 2760 609 regnat
2814 536 3199 593 misericordia
3233 547 3291 594 et
3323 539 3548 602 veritas,
3579 539 3636 592 in

353 650 451 703 καὶ
471 651 582 702 πᾶν
624 649 679 701 εί
701 665 755 701 τι
782 648 1098 719 θεάρεστον.
1144 648 1207 702 Ἦ
1240 650 1338 719 μὲν
1369 650 1474 720 γὰρ
1502 649 1694 702 οὐδένα
1736 652 1932 719 κρίνει,

355 739 540 801 ἐλέους
581 739 781 808 χωρίς·
807 739 837 791 ὁ
864 741 920 793 δὲ
953 740 1460 811 φιλανθωπεὺεται
1489 743 1546 794 ὲν
1575 741 1773 808 οὐδενὶ,
1805 743 1934 812 άλη-

352 830 506 893 θείας
533 831 714 894 ἐκτός.

425 921 525 991 ξη’.
552 923 631 992 Τῇ
667 923 933 992 ἁπλότητι
960 924 1340 993 κερασάμενος
1374 922 1473 992 τὴν
1502 923 1849 994 ἐγκράτειαν,
1877 925 1934 976 ὲν

350 1011 643 1082 περιλήψει
673 1013 879 1086 γενήσῃ
901 1011 998 1080 τῆς
1025 1011 1233 1064 ἐκεῖθεν
1260 1011 1682 1082 μακαριότητος.

423 1103 523 1169 EO’.
560 1103 677 1157 Οὐκ
722 1101 843 1172 ὄψει
897 1103 1117 1164 πάντως
1149 1101 1218 1154 τὰ
1272 1101 1612 1171 πολεμοῦντά
1661 1119 1720 1155 σε
1759 1101 1930 1170 πάθη,

349 1194 401 1246 αἱ
428 1191 502 1262 μὴ
533 1191 800 1262 πρότερον
831 1190 928 1262 τὴν
959 1190 1081 1260 γῆν,
1106 1190 1164 1256 ἐξ
1187 1184 1254 1260 ἦς
1284 1191 1574 1261 ἐτρέφοντο
1603 1191 1769 1261 ἐάσῃς
1801 1191 1930 1258 ἀνή-

351 1301 530 1356 ροτον.

421 1381 483 1429 o'.
516 1374 579 1427 Οί
610 1373 709 1444 μὲν
738 1373 836 1441 τὴν
878 1371 972 1424 τοῦ
1006 1371 1257 1442 σώματος
1283 1371 1416 1442 ὓλην
1441 1372 1600 1440 μόνον
1625 1372 1930 1444 ἐκκαθᾶραι

353 1465 718 1519 σπεύδουσιν·
747 1465 796 1517 οἱ
831 1463 887 1516 δὲ
931 1464 1022 1516 καὶ
1064 1463 1164 1532 τῆς
1191 1461 1391 1532 ψυχῆς.
1424 1463 1488 1515 Ol.
1525 1465 1624 1532 μὲν
1653 1463 1760 1534 γὰρ
1794 1464 1930 1533 πρδς

353 1557 523 1626 μόνην
554 1555 654 1625 τὴν
688 1554 809 1607 κατ’
852 1553 1135 1623 ἐνέργειαν
1185 1553 1467 1622 ἁμαρτίαν
1502 1554 1656 1622 ἰσχὺν
1701 1553 1892 1606 ἔλαϐον
1913 1570 1927 1585 ο

347 1647 401 1699 οί
428 1646 485 1699 δὲ
521 1645 657 1715 πρὸς
688 1645 750 1698 τδ
780 1643 970 1707 πάθος.
1008 1644 1152 1716 Πρὸς
1205 1643 1261 1696 δὲ
1293 1642 1393 1714 τὴν
1437 1644 1559 1698 κατ’
1607 1643 1936 1714 ἐπιθυμίαν,

350 1737 494 1791 πάνυ
522 1736 816 1806 ὶλάχιστοι.

438 1943 536 1998 οα’.
575 1944 714 2014 ’Ύλη
749 1946 965 2016 πονηρὰ
1000 1945 1290 2016 σώματος,
1323 1947 1616 2018 ἐμπάθεια·
1651 1949 1828 2020 ψυχῆς
1859 1949 1938 2014 δὲ,

364 2035 684 2103 ἡδυπάθεια·
721 2037 1068 2107 προσπάθεια
1115 2037 1196 2100 δὲ,
1235 2038 1328 2092 τοῦ
1367 2039 1507 2102 νοός.
1539 2041 1939 2111 Κατηγορεῖται

362 2127 419 2180 δὲ
447 2128 543 2196 τῆς
574 2128 673 2198 μὲν
699 2169 713 2192 ,
748 2129 896 2198 ἁφὴτ
937 2128 1036 2197 τῆς
1065 2129 1144 2193 δὲ,
1181 2132 1236 2183 αί
1270 2130 1457 2183 λοιπαὶ
1495 2131 1776 2197 αἰσθήσεις
1801 2147 1813 2162 °
1844 2135 1942 2202 τῆς

358 2217 416 2270 δὲ
445 2217 784 2281 τελευταίας,
828 2219 1048 2272 ἐναντία
1081 2218 1342 2282 διάθεσις.

427 2305 525 2378 οβ’.
569 2308 628 2362 '0
657 2308 756 2378 μὲν
789 2309 1074 2379 ἡδυπαθὴς
1101 2310 1331 2380 πλησίον
1365 2311 1482 2364 ἐστὶ
1512 2310 1606 2364 τοῦ
1633 2313 1934 2382 ὲμπαθοῦς·

355 2399 387 2450 ὁ
413 2399 472 2453 δὲ
509 2399 832 2470 προσπαθὴς
862 2400 957 2452 τοῦ
1005 2401 1312 2470 ἡδυπαθοῦς
1335 2417 1348 2431 ·
1407 2404 1624 2473 μακρὰν
1665 2403 1721 2456 δὲ
1761 2407 1938 2476 ἀμφο-

356 2487 532 2556 τέρων
562 2486 592 2538 ὁ
625 2486 861 2556 ἀπαθής.

423 2574 526 2642 ογ’.
571 2577 860 2646 Ἐμπαθής
903 2578 1087 2642 ἐστιν,
1120 2579 1150 2630 ὁ
1186 2579 1246 2631 τὺ
1291 2580 1668 2650 ἁμαρτητικὸν
1705 2581 1800 2634 τοῦ
1851 2583 1942 2636 λοο

356 2665 558 2736 γισμοῦ
623 2667 926 2738 βιαιότερον
975 2668 1147 2738 ἔχων,
1187 2669 1290 2722 κᾶν
1327 2669 1464 2732 τέως
1521 2671 1595 2742 μὴ
1642 2673 1932 2747 ἁμαρτάνῃ

355 2759 547 2822 ὲκτὸςο
585 2759 865 2829 ἡδυπαθὴς
895 2759 985 2824 δὲ,
1016 2763 1043 2812 ὀ
1068 2757 1167 2832 τὴν
1201 2762 1481 2832 ἐνέργειαν
1518 2763 1612 2833 τῆς
1655 2765 1933 2836 ἁμαρτίας

356 2850 496 2919 ἔχων
521 2849 616 2903 τοῦ
643 2850 930 2918 λογισμοῦ,
956 2852 1060 2904 κᾶν
1093 2853 1279 2923 πάσχῃ
1307 2854 1476 2915 em;-
1507 2857 1826 2927 προσπαθὴς
1851 2858 1927 2923 δὲ,

353 2941 384 2992 ὁ
407 2941 473 3008 τῇ
496 2938 780 3010 ἐλευθερίᾳ
808 2940 1007 3008 μᾶλλον
1029 2940 1144 3011 ἡτῇ
1173 2942 1385 3012 δουλείᾳ
1409 2941 1518 2994 τῶν
1549 2945 1729 3014 μέσων
1757 2965 1926 3017 προσ-

353 3029 640 3097 κείμενος·
669 3029 884 3098 άπαθὴς
942 3030 988 3083 δ’
1020 3030 1084 3083 ἂν
1110 3032 1216 3099 εἴη,
1245 3033 1273 3084 ὁ
1318 3031 1522 3086 τούτων
1563 3034 1778 3090 πάντων
1831 3040 1927 3111 τὴν

353 3117 618 3187 διαφορὰν
651 3119 876 3184 ἀγνοῶν.

422 3198 516 3252 οδν.
563 3196 883 3250 ’Δπόλλυται
915 3196 980 3249 ὲκ
1011 3194 1191 3264 ψυχῆς
1225 3195 1502 3263 ὲμπάθεια
1555 3194 1675 3264 μὲν,
1717 3194 1806 3247 διὰ
1833 3210 1926 3263 νη-

357 3289 564 3353 στείας,
589 3288 684 3341 καὶ
711 3286 1042 3356 προσευχῆςο
1069 3285 1370 3355 ἡδυπάθεια
1399 3287 1478 3350 δὲ,
1505 3286 1570 3340 δι’
1598 3283 1922 3354 ἀγρυπνίας,

353 3380 452 3434 καὶ
477 3378 706 3445 σιωπῆς·
732 3379 765 3447 ἡ
793 3377 851 3429 δὲ
873 3376 1240 3447 προσπάθεια,
1256 3377 1344 3430 διὰ
1366 3377 1614 3447 ἡσυχίας,
1639 3370 1732 3429 κάι
1756 3390 1926 3446 προσ-

355 3471 510 3542 οχῆς·
539 3467 772 3523 ἀπάθεια
797 3467 853 3520 δὲ
889 3467 1203 3520 συνίσταται
1235 3470 1300 3520 ὲκ
1331 3469 1551 3538 μνήμης
1570 3465 1726 3520 Θεοῦ.

431 3587 524 3637 02'.
558 3581 670 3652 Τῆς
711 3580 984 3643 ἀπαθείας
1026 3579 1135 3634 ἀπὸ
1168 3579 1426 3649 χειλέων,
1468 3579 1669 3650 κηρεία
1717 3577 1933 3648 μέλιτος

360 3670 450 3728 οἶα
507 3672 654 3741 λόγοι
683 3673 784 3742 τῆς
821 3672 1042 3725 αίωνίου
1086 3669 1233 3740 ζωῆς
1269 3670 1656 3734 ἀποστάζουσι.
1704 3670 1802 3734 Τίς
1839 3665 1932 3723 οῦν

365 3763 616 3834 ἀξιωθείη
642 3766 752 3826 τοῖς
774 3763 1008 3833 χείλεσιν
1039 3763 1251 3833 ἐκείνης
1281 3761 1556 3834 προσάψαι
1580 3761 1649 3815 τὰ
1679 3761 1803 3814 ίδια·
1837 3761 1932 3814 καὶ

371 3855 606 3922 μασθοὺς
665 3854 941 3921 άναμέσον
993 3854 1164 3922 αὐτῆς
1213 3853 1554 3922 αὐλισθῆναι,
1611 3851 1706 3904 καὶ
1759 3851 1933 3921 ὀσμῆς

363 3945 544 4014 ἡδείας
578 3945 905 4014 μεταλαϐεῖν
937 3945 1170 4014 ἱματίων
1197 3945 1410 4012 ἐκείνης
1429 3960 1443 3974 ο
1475 3943 1721 3996 τουτέστι
1749 3943 1933 4010 νόμοις

360 4038 716 4108 ὲνηδυνθῆναι
743 4039 850 4092 τῶν
875 4038 1106 4106 ἀρετῶν,
1139 4038 1247 4089 τῶν
1280 4037 1418 4106 ὑπὲρ
1450 4037 1648 4100 πάντα,
1682 4036 1832 4106 φησὶ,
1866 4034 1944 4087 τὼ

361 4130 632 4202 ἀρώματα
657 4129 828 4184 ὅντων
858 4129 960 4198 τῆς
997 4128 1320 4198 αίσθητικῆς
1346 4127 1708 4196 διαγνώσεως.

432 4243 540 4308 ος’.
581 4243 783 4312 Γυμνοὶ
819 4243 912 4296 τοῦ
943 4244 1041 4312 μὲν
1067 4243 1164 4311 τῆς
1212 4241 1497 4310 φιλαυτίας
1525 4240 1771 4311 χιτῶνος,
1805 4240 1937 4300 ίσως

363 4332 586 4386 πολλοί·
621 4333 790 4401 ὀλίγοι
825 4333 884 4387 δὲ
915 4333 1010 4386 τοῦ
1044 4334 1141 4402 τῆς
1173 4331 1530 4401 φιλοκοσμίας
1574 4330 1680 4384 είσί
1703 4345 1718 4360 °
1753 4329 1847 4381 τοῦ
1877 4328 1936 4381 δὲ

360 4423 464 4490 τῆς
490 4423 817 4492 κενοδοξίας,
847 4424 905 4486 ὃς
930 4424 1025 4478 καὶ
1057 4423 1283 4494 ἔσχατος
1307 4422 1546 4491 λέγεται,
1585 4421 1825 4492 γυμνοὺς
1849 4420 1939 4473 εδ-

365 4515 550 4582 ρήσεις
584 4515 711 4576 τοὺς
742 4514 990 4578 ἀπαθεῖς.

2053 630 2137 684 eis
2160 629 2305 684 inest
2335 629 2604 699 quidquid
2629 629 2741 684 Deo
2780 628 2960 698 placet
2985 644 2999 681 :
3025 628 3142 682 haec
3172 626 3321 682 enim
3355 627 3638 682 neminem

2046 725 2260 794 judicat
2288 724 2496 794 absque
2529 722 2912 778 misericordia
2941 763 2956 788 ,
2987 721 3078 776 illa
3109 736 3243 775 vero
3276 720 3487 774 nemini
3535 719 3616 774 be-

2053 821 2258 876 nefacit
2289 821 2409 876 sine
2439 821 2674 891 justitia.

2124 913 2216 968 68.
2251 913 2356 981 Qui
2393 912 2737 983 simplicitati
2782 910 2965 984 jungit
3005 909 3452 979 temperantiam,
3483 907 3634 962 futu-

2055 1023 2170 1062 ram
2205 1006 2646 1076 comprehendet
2678 1005 3026 1060 felicitatem.

2123 1100 2214 1157 69.
2261 1100 2381 1155 Non
2420 1098 2576 1168 prius
2625 1097 2912 1166 passiones
2941 1110 3135 1150 omnes
3186 1092 3440 1150 succides
3471 1106 3634 1164 quam

2055 1203 2283 1257 terram,
2333 1191 2480 1246 unde
2551 1190 2660 1245 illis
2733 1191 3163 1253 incrementum,
3210 1187 3478 1242 inaratam
3547 1201 3634 1239 re-

2052 1284 2306 1354 liqueris.

2124 1377 2213 1433 70.
2246 1375 2478 1445 Quidam
2538 1389 2739 1445 corpus
2778 1373 3065 1438 duntamt,
3109 1371 3338 1439 quidam
3389 1367 3634 1424 animam

2053 1481 2320 1542 praeterea
2349 1484 2654 1540 expurgare
2689 1468 2962 1524 laborant.
2990 1465 3096 1521 Alii
3129 1463 3403 1534 siquidem
3439 1463 3631 1517 adver-

2053 1580 2148 1620 sus
2180 1572 2466 1634 peccatum
2495 1561 2679 1632 Operis
2702 1557 3087 1617 tantummodo
3143 1557 3293 1611 vires
3348 1571 3415 1610 ac
3461 1555 3636 1609 robur

2053 1665 2409 1727 acceperunt,
2439 1655 2532 1709 alii
2559 1655 2689 1709 item
2729 1653 2994 1709 adversus
3027 1651 3501 1723 perturbationes,
3534 1649 3634 1703 ad-

2053 1766 2248 1805 versus
2283 1749 2640 1819 cupiditatem
2683 1761 2816 1802 vero
2852 1761 2948 1800 seu
2985 1741 3489 1814 concupiscentiam
3515 1741 3635 1795 lon-

2051 1857 2116 1913 ge
2146 1839 2488 1910 paucissimi.

2119 1934 2210 1988 71.
2243 1932 2471 1987 Materia
2489 1930 2693 1985 vitiosa
2715 1931 2971 1999 corporis
2998 1936 3084 1983 est
3119 1926 3378 1992 affectio;
3428 1923 3634 1979 anima;

2048 2037 2258 2091 autem,
2290 2027 2549 2096 voluptas
2576 2041 2588 2080 ε
2615 2024 2846 2094 spiritus
2875 2021 3136 2091 denique,
3163 2019 3458 2089 cupiditas.
3489 2016 3635 2072 Cau-

2049 2135 2108 2175 sa
2156 2119 2348 2189 prima:
2402 2121 2488 2172 eSt
2547 2126 2759 2182 tactus;
2824 2113 3102 2180 secundm,
3153 2111 3337 2168 caeteri
3393 2124 3634 2175 sensus;

2050 2210 2279 2275 ultimae,
2317 2211 2594 2266 contraria
2619 2209 2931 2278 dispositio.

2122 2302 2212 2355 72.
2247 2301 2618 2371 Voluptuosus
2652 2298 2934 2369 proximus
2960 2305 3046 2352 est
3066 2294 3286 2362 affecto,
3314 2302 3372 2348 et
3398 2291 3638 2364 cupidus

2050 2393 2385 2464 voluptuoso
2437 2391 2534 2449 sed
2569 2393 2730 2463 longe
2761 2399 3008 2446 remotus
3054 2389 3121 2443 ab
3153 2395 3390 2458 utroque
3425 2387 3637 2456 impas-

2049 2485 2228 2542 sibilis
2446 2545 2458 2556 ,

2123 2577 2210 2631 73.
2257 2577 2543 2649 Ἐμπαθὴς
2595 2586 2698 2641 est,
2732 2577 2786 2632 in
2820 2591 2930 2647 quo
2956 2576 3039 2630 vis
3079 2574 3347 2646 peccandi
3380 2573 3435 2627 in
3465 2571 3640 2626 ratio-

2050 2686 2175 2726 nem
2206 2669 2550 2734 dominatur,
2611 2670 2717 2725 etsi
2756 2669 2977 2723 interea
3011 2668 3147 2722 foris
3184 2682 3295 2721 non
3333 2672 3638 2735 peccetur;

2048 2761 2358 2834 ἡδυπαθὴς,
2424 2763 2478 2816 in
2509 2778 2619 2832 quo
2645 2763 2939 2817 efﬁcientia
2972 2761 3181 2832 peccati
3235 2761 3446 2814 ratione
3483 2759 3642 2812 infir-

2051 2853 2196 2908 mior
2222 2862 2334 2917 est,
2361 2852 2490 2908 licet
2524 2854 2672 2909 intus
2706 2852 2975 2906 afficiatur
3008 2869 3023 2917 ;
3055 2850 3404 2922 προσπαθὴς,
3454 2848 3545 2919 qui
3572 2848 3646 2901 li-

2051 2945 2255 3002 bertati
2291 2960 2390 3002 seu
2415 2947 2601 3016 potius
2660 2946 2912 3001 servituti
2987 2944 3298 3000 mediorum
3351 2943 3632 3007 adhaeret;

2053 3039 2294 3110 ἀπαθὴς,
2325 3038 2421 3110 qui
2451 3039 2650 3093 horum
2687 3037 2936 3093 omnium
2962 3037 3265 3092 discrimen
3287 3037 3524 3108 ignorat.

2124 3186 2217 3242 74.
2254 3183 2340 3240 Ab
2366 3183 2551 3240 anima
2577 3182 2918 3253 exstirpatur
2949 3181 3178 3238 affectio
3218 3198 3318 3254 per.
3361 3181 3639 3255 jejunium

2051 3288 2110 3336 et
2145 3279 2478 3343 orationem,
2509 3278 2774 3348 voluptas.
2802 3292 2899 3345 per
2957 3277 3201 3347 vigiliam
3227 3285 3301 3332 et'
3328 3276 3635 3342 silentium,

2053 3385 2110 3430 et
2141 3373 2420 3444 cupiditas
2453 3386 2555 3442 per
2581 3371 2824 3441 quietem
2849 3369 3330 3436 etattentionem;
3389 3369 3637 3440 impassi-

2051 3466 2239 3522 bilitas
2275 3479 2408 3520 vero
2455 3466 2814 3521 constituitur
2843 3479 2945 3534 per
2965 3463 3073 3518 Dei
3113 3464 3458 3519 memoriam.

2123 3582 2214 3637 75.
2243 3581 2330 3636 Ab
2358 3579 2817 3650 impassibili-tatis
2840 3579 3003 3634 labiis
3034 3589 3095 3635 ut
3123 3578 3283 3634 favus
3338 3581 3516 3636 mellis
3553 3581 3648 3636 di--

2053 3673 2470 3729 stillantverba
2505 3673 2634 3726 vitae
2651 3682 2890 3726 aeterna.
2918 3671 3053 3737 Quis
3103 3673 3270 3742 igitur
3302 3673 3502 3744 dignus
3532 3674 3637 3730 ha-

2053 3767 2277 3823 bebitur
2309 3766 2403 3836 qui
2435 3764 2600 3820 labiis
2640 3763 2789 3817 illius
2815 3764 3036 3833 propria
3069 3765 3196 3834 ﬁgat
3214 3765 3380 3830 labia,
3406 3774 3463 3821 et
3491 3767 3652 3822 inter

2049 3862 2170 3932 ejus
2215 3858 2387 3912 ubera
2444 3857 2779 3926 requiescat,
2817 3869 3124 3925 suavesque
3175 3856 3648 3912 vestimentorum

2055 3955 2234 4025 ipsius
2265 3952 2472 4022 aspiret
2502 3949 2731 4016 odores,
2788 3948 2843 4004 id
2896 3955 3002 4013 est,
3061 3947 3277 4017 legibus
3325 3948 3637 4002 delectetur

2050 4048 2344 4110 virtutum,
2383 4058 2507 4114 quae
2527 4043 2714 4098 omnia
2748 4049 3013 4111 superant
3044 4048 3292 4095 aromata
3350 4038 3650 4094 sensibilis»

2048 4137 2445 4209 perceptionis.

2119 4232 2209 4289 76.
2257 4229 2470 4287 Nudati‘
2514 4227 2851 4285 vestimento
2906 4224 3117 4296 proprii
3175 4223 3388 4278 amoris
3448 4223 3651 4277 forsanr

2050 4325 2210 4381 multi
2244 4331 2413 4390 sunt;
2443 4323 2654 4378 amoris
2687 4334 2821 4375 vero
2841 4317 3058 4384 mundi,
3090 4315 3450 4387 paucissimi;
3484 4314 3646 4369 inani-

2048 4430 2235 4476 autem
2267 4418 2442 4490 gloria
2473 4425 2706 4474 exutum
2738 4413 2988 4468 invenies
3013 4410 3268 4482 quemvis
3319 4407 3637 4480 impassibi-

2047 4516 2178 4577 lem,
2215 4511 2369 4566 illum
2395 4509 2568 4564 etiam
2600 4508 2698 4577 qui
2731 4505 2937 4560 dicitur
2982 4512 3284 4559 extremus.

429 4623 527 4688 οξ.
553 4624 660 4678 Τοῦ
697 4625 799 4695 μὲν
825 4626 1122 4695 ὁρωμένου
1159 4625 1435 4692 σώματος,
1465 4623 1616 4675 πᾶσα
1661 4621 1806 4690 ψυχὴ
1836 4637 1931 4689 γυ·

2125 4607 2214 4660 77.
2251 4603 2471 4671 Visibili
2495 4602 2719 4674 quidem
2760 4613 2996 4668 corpore
3041 4596 3224 4651 omnis
3258 4595 3440 4650 anima
3471 4608 3640 4648 exue-

363 4714 728 4783 μνωθήσεται·
767 4716 863 4770 τοῦ
911 4718 1094 4787 δὲτῆς
1125 4719 1400 4790 ἁμαρτίας
1422 4762 1438 4786 ,
1472 4721 1507 4792 ἡ
1543 4721 1643 4791 τῆς
1693 4725 1928 4781 ἐνταῦθα

360 4803 505 4875 ζωῆς
524 4807 706 4876 ὀλίγον
732 4809 841 4861 τῶν
875 4809 1045 4879 ἡδέων
1077 4810 1591 4879 προσαπολαύσασα.

429 4902 532 4965 οη¹.
575 4897 778 4968 Νεκροί
813 4897 912 4969 μὲν
953 4901 1016 4952 ὲκ
1055 4900 1294 4962 ζώντων,
1331 4901 1529 4964 πάντες
1580 4902 1926 4974 ὀφθήσονται.

356 4983 815 5058 Νεκρωοήσονται
861 4990 917 5044 δὲ
958 4991 1054 5061 τῆς
1087 4991 1359 5065 ἁμαρτίας
1381 5031 1396 5057 ,
1431 4991 1580 5063 μόνοι
1614 4998 1660 5049 οἱ
1696 4997 1760 5050 ἐκ
1808 4998 1928 5051 δια-

355 5074 559 5141 θέσεως
587 5077 792 5148 ταύτην
831 5081 1184 5149 μισήσαντες.

424 5163 521 5220 οϐ’.
555 5166 648 5228 Τίς
677 5168 869 5220 ἑαυτὸν
896 5169 1000 5240 πρὸ
1021 5169 1115 5222 τοῦ
1147 5171 1326 5225 κοινοῦ
1353 5174 1584 5230 θανάτου
1613 5177 1708 5230 τοῦ
1740 5176 1930 5247 σώμα-

348 5270 444 5317 τος
467 5254 552 5328 ίδῃ
576 5257 674 5322 τῆς
694 5259 968 5329 ἁμαρτίας
987 5262 1230 5330 γυμνὸν;
1264 5265 1358 5316 καὶ
1384 5265 1468 5330 τίς
1498 5268 1525 5319 ὁ
1552 5269 1712 5336 γνοὺς
1738 5269 1928 5321 ἑαυτόν

349 5362 410 5397 τε
439 5347 532 5398 καὶ
557 5347 657 5416 τὴν
700 5349 834 5401 ἰδίαν
862 5350 1045 5419 φύσιν,
1079 5353 1238 5407 ὁποία
1266 5356 1383 5409 ἐστὶ
1445 5358 1549 5428 πρὸ
1571 5357 1674 5428 τῆς
1703 5359 1929 5430 μελλού-

352 5449 451 5503 σης
483 5451 550 5502 γυ
559 5435 814 5504 μνώσεως
836 5453 850 5499 ;

495 5550 712 5627 ’ἔρχῂν
741 5552 914 5627 ἔρωτι
947 5557 1222 5627 νυιιερ-ικῷ
1235 5558 1652 5627 -τετρωμένην,

489 5620 1016 5687 Εὑχήςσυνὰπτειν
1039 5620 1201 5678 οἶδεν
1225 5620 1618 5697 ὧὸένῦμερίῴ.

421 5709 497 5763 π’.
531 5711 639 5763 Τοῦ
664 5711 926 5781 αἰσθητοῦ
960 5731 1051 5778 τε,
1089 5720 1184 5770 καὶ
1213 5717 1398 5788 νοεροῦ
1451 5720 1628 5787 φωτὸς
1673 5723 1704 5790 ἡ
1733 5720 1932 5796 λογικὴ

345 5803 404 5853 ὲν
437 5800 672 5871 μεθορίῳ
704 5804 930 5874 κειμένη
967 5806 1135 5877 ψυχὴ,
1163 5808 1250 5861 διὰ
1283 5810 1383 5879 μὲν
1413 5810 1600 5864 τούτου
1630 5812 1726 5865 καὶ
1757 5815 1924 5883 πράτ-

345 5909 459 5946 τειν
501 5891 572 5946 τὰ
617 5892 708 5946 τοῦ
742 5895 991 5963 σώματος
1037 5899 1354 5967 ἐπετράπη·
1393 5900 1458 5952 δι’
1501 5901 1709 5956 ἐκείνου
1735 5903 1812 5962 δὲ.
1856 5905 1924 5959 τὰ

2054 4715 2178 4768 ιιιι·;
2203 4713 2447 4768 corpore
2477 4704 2662 4751 autem
2699 4689 2932 4762 peccati,
2960 4704 3024 4744 ea
3062 4695 3275 4741 tantum
3337 4699 3460 4754 qua:
3513 4684 3638 4738 vitae
3657 4715 3662 4737 ς

2051 4789 2339 4863 praesentis
2369 4784 2750 4856 voluptatibus
2795 4795 2988 4850 parum
3033 4777 3280 4832 indulsit.

2123 4884 2212 4939 78.
2249 4879 2454 4936 Mor‘tui
2504 4893 2572 4932 ex
2597 4875 2739 4929 vivis
2761 4885 2955 4927 omnes
3005 4870 3171 4935 fient;
3198 4880 3640 4939 peccatoautem
3661 4900 3674 4907 ν

2051 4977 2088 5031 ii
2126 4982 2347 5028 tantum
2405 4970 2711 5025 morientur
2749 4965 2843 5035 qui
2905 4961 3049 5017 istud
3077 4977 3148 5016 ex
3201 4962 3386 5020 corde
3429 4964 3644 5019 fuerint
3712 5020 3717 5026 _

2047 5067 2332 5127 detestati.

2117 5161 2207 5217 79.
2269 5157 2407 5227 Quis
2457 5155 2702 5226 sei‘psum
2760 5158 2889 5207 ante
2943 5162 3296 5205 communem
3383 5149 3672 5218 corporis.

2049 5265 2289 5312 mortem
2327 5259 2557 5324 peccato
2607 5255 2834 5303 exutum
2878 5243 3130 5300 videbit?
3158 5241 3294 5308 Quis
3342 5253 3659 5314 cognoscet.

2047 5349 2300 5421 seipSum
2347 5359 2614 5414 suamque
2653 5352 2907 5397 naturam
2955 5337 3134 5410 qualis
3183 5336 3276 5400 sit.
3318 5344 3447 5391 ante
3489 5334 3658 5391 futu-

2049 5462 2173 5502 ram
2202 5441 2557 5501 nudationem
2583 5438 2609 5490 τ

2268 5539 2517 5592 Animam
2545 5547 2728 5587 amore
2772 5528 2964 5600 Sponsi
2991 5527 3328 5600 vulneratum

2269 5607 2454 5663 Oratio
2487 5621 2606 5658 eum
2631 5595 2834 5671 Spomo
2863 5600 3164 5653 consociare
3195 5595 3346 5650 sotet.

2125 5705 2215 5762 80.
2240 5701 2452 5758 Animae
2482 5695 2758 5760 rationali,
2829 5692 3091 5749 sensibile
3144 5705 3207 5744 ac
3223 5686 3507 5759 spirituale
3546 5687 3654 5742 lu~

2057 5815 2180 5856 men
2216 5792 2588 5864 intcrjacenti,
2629 5789 2794 5856 hujus
2833 5802 2937 5856 0pc
2972 5783 3059 5839 vel
3083 5780 3410 5852 corporalia,
3445 5789 3502 5835 et
3529 5794 3644 5849 ope

2059 5894 2204 5950 illius
2233 5890 2401 5948 etiam
2431 5883 2734 5954 spiritualia
2762 5879 2997 5937 faciendi
3024 5876 3289 5936 curafuit
3313 5873 3658 5931 commissas-
