4100 6414
451 382 592 448 illi}

1825 379 2017 440 ELl/E
2060 378 2308 442 ECDlCl

3560 373 3701 439 11M

421 498 528 556 Sed
558 507 848 569 postquam
898 495 1001 567 ipsi
1052 494 1411 550 obscuratum
1468 494 1693 562 quidem
1730 502 1816 546 est
1843 490 1998 549 illud.

2145 494 2215 550 τοῦ
2256 495 2581 565 πνεύματος.
2627 493 2768 544 Ἀλλ’
2812 490 2999 559 ἐπειδὴ
3050 488 3356 559 ἠμαυρὼοη
3408 487 3506 556 μὲν
3560 493 3699 560 αὐτῇ

426 597 532 649 hoc
562 608 695 649 vero
724 592 927 647 clarius
977 588 1260 650 cﬂ’ectuni,
1313 587 1367 640 vi
1400 587 1641 655 antiqua:
1702 594 2001 639 consuetu-

424 686 594 750 dinis,
651 684 756 738 nisi
805 690 917 737 tota
972 679 1255 749 spirituali’
1328 678 1538 733 lumine
1596 677 1901 732 illustretur
1947 678 2002 731 in

422 777 669 832 oratione
702 773 909 836 anima,
937 787 1028 828 res
1062 771 1334 842 inSpicerc
1389 771 1605 825 divinas
1656 784 1767 823 non
1802 778 2003 838 potest.

427 869 657 922 Decesse
682 873 867 920 autem
891 874 951 919 ut
988 863 1175 918 media
1217 875 1437 918 maneat
1490 862 1635 917 inter
1669 862 1929 915 tenebras
1947 868 2006 919 et

424 961 634 1020 lumen,
678 973 776 1028 per
831 971 989 1012 suam
1040 966 1290 1011 naturam
1333 970 1539 1009 versus
1566 953 1693 1019 hoc,
1717 966 1817 1023 per
1864 952 2005 1007 ima.

420 1047 757 1121 ginationem
785 1060 978 1102 versus
1001 1045 1121 1101 illas
1149 1059 1269 1099 sese
1298 1052 1648 1098 convertens.

495 1142 586 1197 8i.
624 1141 731 1196 Per
773 1147 1059 1210 angustam
1101 1146 1315 1208 portam
1371 1136 1644 1191 orationis
1696 1151 1855 1192 mens
1883 1150 2009 1207 per-

425 1231 846 1287 turbationibus
877 1230 1078 1299 agitata
1106 1228 1312 1282 intrare
1342 1242 1453 1280 non
1516 1237 1719 1295 potest,
1754 1226 1810 1281 ni
1851 1226 2009 1298 prius

420 1332 684 1394 cognatas
733 1319 1139 1377 sollicitudines
1180 1318 1457 1388 posuerit:
1510 1316 1607 1373 sed
1635 1317 1691 1373 in
1739 1316 1828 1374 his
1881 1334 2008 1389 quae

423 1417 633 1470 circum
670 1413 1089 1469 tabernaculum
1126 1414 1267 1483 ejus,
1298 1410 1405 1465 hoc
1448 1419 1521 1464 est
1569 1408 1718 1464 circa
1775 1423 2003 1480 corpus,

425 1520 575 1572 sunt,
607 1523 824 1576 s'mpcr
848 1514 1117 1574 occupata
1161 1503 1463 1560 cruciatur.

504 1602 594 1657 82.
634 1603 699 1658 Ut
726 1601 808 1656 sol
843 1614 1129 1670 nunquam
1152 1606 1237 1654 cst
1275 1599 1397 1654 sine
1425 1599 1604 1666 radio,
1638 1601 1793 1657 sicin
1827 1609 2010 1656 mente

427 1708 644 1764 semper
667 1693 740 1747 sit
772 1701 829 1747 et
858 1701 1081 1746 maneat
1109 1690 1313 1756 oratio,
1372 1690 1496 1746 sine
1526 1707 1635 1762 qua
1678 1692 2009 1748 sollicitudi-

428 1800 529 1840 nes
569 1799 755 1839 rerum
787 1782 891 1838 sub
944 1798 1144 1838 sensus
1198 1782 1513 1837 cadentium
1560 1784 1710 1839 velut
1760 1786 2007 1855 quaedam

2122 592 2318 650 ἐκεῖνο,
2370 587 2651 655 ἐτρανὼοη
2683 585 2739 638 δὲ
2795 583 2986 647 τοῦτο,
3034 582 3119 634 διὰ
3153 583 3253 651 τὴν
3298 581 3539 651 ἀρχῆθεν
3572 599 3701 631 συν-

2123 677 2329 747 ηοειαν,
2364 679 2413 728 εί
2448 677 2522 746 μὴ
2549 676 2684 736 ὅλως
2728 674 2865 743 μετὰ
2890 672 2984 725 τοῦ
3015 670 3204 739 νοεροῦ
3247 672 3303 722 ὲν
3334 672 3399 739 τῇ
3434 670 3567 737 εὐχῇ
3610 671 3702 736 γέ-

2122 783 2300 837 νηται.
2355 763 2553 824 ὁλικῶς
2606 765 2716 824 τοῖς
2758 762 2923 823 θείοις
2962 757 3291 821 ὲνατενίζειν
3333 758 3393 810 ού
3451 756 3698 810 δύναται.

2135 857 2372 925 Ἀνάγκη
2405 855 2461 907 δὲ
2491 850 2629 906 εἶναι
2664 852 2834 922 αὐτὴν
2871 852 2930 903 ὲν
2971 849 3303 920 μεταιχμίῳ,
3335 848 3558 912 σκότους
3604 849 3702 902 καὶ

2122 947 2298 1019 φωτός
2318 964 2330 977 ·
2366 946 2508 1001 κατὰ
2547 945 2731 1014 σχέσιν
2762 944 2863 1013 μὲν
2893 943 3107 1008 τούτου,
3145 941 3287 996 κατὰ
3313 941 3369 994 δὲ
3399 941 3702 1010 φαντασίαν

2122 1038 2330 1093 ἐκείνου
2362 1033 2862 1106 ἀναστρεφομένην.

2198 1138 2311 1188 πα’.
2365 1129 2551 1182 Ἐνδον
2589 1126 2688 1197 τῆς
2727 1124 2871 1178 κατὰ
2916 1124 3013 1193 τὴν
3044 1121 3210 1191 εὐχὴν
3260 1119 3452 1189 στενῆς
3500 1116 3697 1189 πύλης,

2122 1226 2246 1289 νοῦς
2281 1223 2583 1294 παθητικὸς
2623 1219 2684 1274 ού
2722 1217 2948 1272 δύναται
2995 1215 3279 1278 εἰσελθεῖν,
3319 1214 3427 1284 πρὸ
3464 1213 3559 1266 τοῦ
3600 1213 3701 1282 τὴν

2124 1316 2264 1373 κατὰ
2292 1315 2476 1386 σχέσιν
2511 1310 2797 1366 ἀπολιπεῖν
2832 1307 3125 1377 μέριμναν.
3168 1304 3303 1373 Περὶ
3338 1303 3395 1356 δὲ
3425 1302 3494 1354 τὰ
3541 1317 3698 1369 περι-

2124 1412 2322 1480 σκὴνια
2377 1406 2627 1476 ἑκείνης,
2664 1400 3059 1471 ὀδυνηθήσεται
3100 1393 3390 1457 διαπαντὸς
3440 1391 3701 1463 ἀσχολούα

2126 1519 2306 1573 μενος.

2198 1594 2308 1663 πᾷ.
2346 1585 2835 1661 Συμπαραμενέτω
2861 1582 2939 1649 τῷ
2967 1580 3042 1650 νῷ
3072 1581 3105 1649 ἠ
3155 1577 3290 1649 εὐχὴ
3311 1617 3327 1642 ,
3359 1575 3435 1634 ὡς
3466 1578 3524 1663 έν
3565 1574 3699 1644 ἡλίῳ

2125 1661 2283 1745 ἀκτίς
2340 1675 2409 1753 ἦς
2443 1680 2571 1734 ἄνευ
2607 1676 2664 1731 αἱ
2691 1674 2816 1728 κατ’
2836 1670 3087 1741 αἴσθησιν
3121 1668 3405 1738 μέριμναι,
3435 1661 3523 1717 οἷά
3554 1679 3698 1727 τινες

2123 1773 2342 1842 ἄνυδροι
2385 1769 2606 1838 νεφέλαι
2666 1760 3124 1835 περιπετόμεναι,
3174 1758 3264 1810 τὸν
3302 1756 3427 1810 νοῦν
3456 1756 3697 1827 εἴργουσι

428 1876 610 1931 nubes
678 1890 789 1929 non
840 1889 1063 1944 aquosa:
1126 1874 1615 1941 circuuivolantes,
1680 1886 1925 1932 mentem
1975 1894 2003 1931 a

2145 1869 2220 1937 ςῆς
2245 1836 2447 1926 οἰκείας
2461 1836 2880 1929 λαμπρότητος.

428 1968 764 2039 pcrfruenda
792 1968 1045 2023 claritate
1071 1981 1171 2021 sua
1217 1966 1545 2037 impediunt.

502 2058 595 2113 85.
639 2056 828 2112 Virtus
860 2056 1133 2111 orationis
1153 2055 1327 2110 fames
1355 2056 1607 2112 ciborum
1658 2060 2009 2116 voluntaria:

429 2150 605 2206 laines
639 2158 822 2204 autem
872 2149 964 2203 illa
998 2160 1104 2213 est,
1144 2158 1203 2204 ut
1236 2164 1420 2204 rerum
1454 2150 1858 2207 mundanarum
1892 2154 2014 2208 sine

432 2257 649 2300 summa
703 2240 1032 2297 necessitate
1084 2240 1222 2295 nihil
1268 2257 1447 2312 neque
1482 2242 1677 2297 audias
1717 2259 1898 2313 neque
1930 2245 2013 2299 vi-

432 2333 586 2389 deas.
617 2332 721 2400 Qui
752 2332 884 2387 huic
911 2332 989 2386 rei
1010 2346 1119 2386 non
1160 2332 1435 2401 providet,
1478 2335 1671 2403 jejunii
1703 2337 1788 2390 sui
1843 2337 2015 2392 aedili-

433 2427 582 2482 cium
630 2426 973 2481 consolidare
1002 2440 1067 2478 ac
1122 2425 1371 2486 stabilire
1414 2427 1627 2502 nequit,
1658 2427 1900 2504 facitque
1949 2446 2018 2488 eo

432 2521 742 2581 orationem
790 2519 969 2595 tumpi
1015 2540 1080 2580 ac
1111 2523 1363 2581 dissolvi.

508 2618 576 2675 84
630 2617 805 2683 Mens,
831 2617 937 2673 nisi
968 2620 1023 2672 in
1063 2616 1322 2672 omnibus
1349 2633 1472 2686 qua:
1511 2632 1674 2672 sensu
1697 2618 2017 2689 percipiun-

437 2721 531 2767 tur
564 2710 849 2765 moderata
879 2719 936 2765 et
973 2726 1134 2781 parca
1170 2709 1359 2771 fuerit,
1399 2710 1654 2765 atto!lere
1684 2725 1806 2766 sese
1839 2712 1893 2765 in
1922 2727 2017 2765 su-

438 2817 635 2872 perna,
673 2804 1108 2873 dignitatemque
1132 2817 1287 2857 suam
1319 2817 1651 2871 cognoscere
1681 2818 1791 2861 non
1818 2811 2018 2873 potest.

511 2894 599 2949 85.
629 2893 749 2950 Diei
799 2894 1109 2965 symbolum
1146 2902 1236 2948 cst
1272 2894 1564 2964 jejunium,
1624 2901 1813 2964 utpote
1848 2895 2025 2949 inani-

438 2986 1361 3054 festum;noctis~antem,oratio,
1419 2996 1608 3056 utpote
1664 2986 2019 3042 abscondita.

440 3076 741 3147 Utriusque
777 3077 946 3146 igitur
980 3077 1145 3148 hujus
1195 3078 1445 3131 exercitii
1500 3078 1555 3131 in
1584 3086 1819 3146 utroque
1878 3085 2018 3132 tem-

2214 2061 2325 2130 πγ’.
2361 2060 2600 2129 Δύναμις
2632 2058 2729 2127 μὲν
2778 2055 2982 2125 εὐχῆς,
3020 2055 3178 2105 πεῖνα
3218 2048 3526 2121 βρωμάτων
3556 2047 3713 2099 ἐκού-

2143 2170 2273 2215 σιος·
2312 2153 2501 2222 πείνης
2523 2151 2603 2211 δὲ,
2632 2148 2693 2201 τδ
2726 2147 2862 2216 μήτε
2901 2143 3142 2207 ἀκούειν,
3179 2142 3314 2213 μήτε
3344 2141 3493 2211 ὀρᾷν·
3527 2138 3607 2191 ὃτι
3639 2138 3716 2208 μὴ

2144 2246 2292 2298 πᾶσι
2334 2242 2549 2310 ἀνάγκη
2586 2239 2694 2292 τῶν
2725 2236 3035 2306 ἐγκοσμίων
3088 2233 3276 2304 μηδέν.
3302 2229 3521 2284 Τούτων
3569 2231 3597 2281 6
3639 2226 3715 2299 μή

2144 2338 2465 2403 ποιούμενος
2494 2332 2751 2403 πρόνοιαν
2774 2372 2786 2392 ,
2823 2329 2883 2380 τὸ
2910 2328 3007 2397 μὲν
3042 2329 3141 2395 τῆς
3161 2322 3413 2393 νηστείας
3443 2320 3540 2372 οὐκ
3564 2322 3715 2372 ἑστε-

2146 2429 2348 2500 ρέωσεν
2373 2423 2733 2493 οἰκοδόμημα·
2764 2419 2825 2473 τὸ
2859 2419 2916 2471 δὲ
2948 2419 3044 2488 τῆς
3074 2417 3239 2485 εὐχῆς
3272 2416 3330 2467 ἐν
3355 2413 3491 2483 αὐτῇ
3518 2413 3714 2484 περιρ-

2143 2521 2378 2592 ραγῆναι
2403 2516 2678 2585 ἐποίησεν.

2217 2609 2321 2665 πδ’.
2364 2608 2679 2678 ’Δπέριττος
2709 2604 2758 2657 εί
2789 2600 2865 2672 μὴ
2905 2602 2969 2652 ἐκ
2995 2599 3211 2653 πάντων
3247 2596 3276 2648 6
3307 2593 3431 2658 νοῦς
3462 2594 3570 2646 τῶν
3596 2589 3715 2646 κατ’

2140 2703 2395 2773 αἴσθησιν
2428 2699 2696 2768 γένηται,
2727 2690 3015 2759 ἀνωφερὴς
3056 2686 3309 2755 γενέσθαι
3348 2685 3410 2739 ού
3454 2684 3708 2747 δύναται,

2142 2796 2239 2849 καὶ
2266 2794 2328 2847 τὸ
2359 2792 2558 2845 οἰκεῖον
2584 2784 2848 2857 γνωρίσαι
2874 2782 3109 2850 ἀξίωμα.

2212 2892 2319 2940 πεθ.
2353 2883 2597 2953 Ἡμέρας
2628 2880 2725 2949 μὲν
2747 2874 3013 2946 σύμϐολον
3042 2874 3074 2940 ἡ
3099 2869 3341 2941 νηστεία,
3369 2867 3455 2921 διὰ
3478 2867 3538 2921 τὸ
3562 2866 3719 2937 ἔκδη-

2140 2980 2262 3034 λον⁶
2298 2974 2491 3037 νυκτὸς
2514 2973 2570 3026 δὲ
2599 2972 2683 3023 διά
2716 2970 2775 3022 τὸ
2802 2966 3013 3034 ἄδηλον,
3043 2964 3076 3032 ὴ
3102 2962 3254 3029 εὐχή.
3292 2958 3599 3035 Ἐκατέῡρων
3624 2953 3716 3011 οῦν

2149 3050 2353 3124 τούτων
2377 3068 2434 3118 ὲν
2456 3063 2615 3118 ἑκατέ
2626 3078 2693 3131 pq.
2713 3058 2935 3119 ἐνδίκως
2957 3057 2984 3107 6
3011 3052 3407 3123 μετερχόμενος
3426 3090 3440 3107 ,
3463 3050 3599 3116 πρὸς
3618 3048 3715 3117 τὴν

441 3184 577 3237 pore
599 3133 881 3224 studiosus
914 3133 1203 3238 quaesitam
1234 3170 1517 3238 continget
1543 3133 1846 3233 civitatem,
1877 3167 2023 3223 unde

2150 3158 2292 3213 κατὰ
2317 3154 2515 3210 σκοπὸν
2537 3150 2911 3219 ἀπαντήσεται
2938 3143 3113 3198 πόλιν*
3147 3144 3203 3195 ὲν
3233 3133 3266 3214 ᾖ
3295 3140 3503 3203 ἀπέδρα
3528 3137 3709 3202 ὀδύνη.

441 3260 695 3316 exsulant
723 3259 901 3326 dolor,
929 3259 1153 3314 tristitia
1177 3266 1232 3313 et
1254 3260 1511 3329 gemitus.

519 3352 612 3408 88.
642 3352 959 3421 Spiritualis
990 3352 1133 3405 actio
1166 3350 1334 3405 etiam
1373 3351 1492 3403 sine
1533 3348 1789 3419 corporis
1814 3348 2032 3403 actione

450 3442 829 3502 commendari
885 3442 1045 3497 solet.
1103 3434 1307 3495 Beatus
1373 3439 1558 3511 igitur,
1618 3439 1713 3509 qui
1748 3438 2034 3509 spirituale

452 3552 596 3610 opus
654 3534 929 3605 corporali
991 3533 1343 3603 praestantius
1388 3531 1608 3587 censuit
1651 3549 1666 3586 :
1705 3548 1803 3602 per
1848 3533 2028 3600 ipsum

453 3629 618 3685 enim
660 3628 828 3699 hujus
875 3626 1151 3680 defectum
1184 3623 1425 3695 supplet,
1462 3624 1849 3680 absconditam
1868 3624 2036 3679 vitam

369 3739 377 3752 ι
456 3720 516 3775 in
547 3719 800 3776 oratione
840 3719 1061 3789 hecque
1094 3715 1443 3781 manifestam
1471 3717 1680 3772 vivens.

526 3905 616 3960 8'7.
662 3902 926 3960 Hortatur
948 3919 1050 3961 nos
1081 3903 1380 3974 Apostolus
1425 3908 1469 3969 ⁹,
1506 3912 1567 3958 ut
1622 3903 1796 3961 simus
1844 3904 1898 3959 in
1933 3903 2039 3960 ﬁde

458 3996 756 4068 patientes.
831 4013 930 4067 spe
990 3998 1318 4069 gaudentes,
1360 3999 1599 4055 orationi
1661 3998 1952 4065 instantes,
1981 4006 2047 4052 ut

461 4090 669 4144 bonum
704 4089 889 4159 gaudii
917 4090 1062 4159 apud
1094 4105 1197 4145 nos
1230 4090 1514 4159 perduret.
1547 4089 1704 4156 Quod
1735 4090 1780 4145 si
1810 4090 1914 4145 hoc
1966 4090 2044 4144 ita

455 4191 563 4244 est,
608 4180 801 4251 utique
829 4181 923 4250 qui
970 4196 1079 4236 non
1113 4190 1200 4237 est
1236 4182 1471 4251 patiens,
1526 4198 1636 4238 non
1682 4193 1770 4239 est
1818 4183 2040 4250 lidelis;

459 4276 556 4346 qui
591 4290 704 4329 non
749 4273 974 4345 gaudet,
1005 4289 1114 4328 non
1166 4284 1384 4342 sperat;
1413 4290 1632 4330 causam
1667 4276 1814 4331 enim
1858 4275 2044 4347 gaudii

460 4365 771 4421 arationem
809 4365 999 4436 abiicit
1024 4365 1159 4419 dum
1205 4366 1257 4420 ei
1282 4381 1390 4420 non
1429 4367 1615 4425 instat.

2147 3249 2291 3318 λύπη
2329 3245 2425 3300 καὶ
2461 3240 2781 3309 στεναγμός.

2217 3345 2337 3404 πς¹.
2374 3332 2440 3390 Ἦ
2464 3329 2805 3401 πνευματικὴ
2834 3325 3081 3400 ἐργασία,
3111 3322 3208 3376 καὶ
3248 3319 3560 3389 σωματικῆς
3589 3320 3708 3371 ἐπι-

2150 3430 2313 3484 πόνου
2340 3426 2528 3489 ὲκτδς,
2564 3419 2914 3476 συνίστασθαι
2938 3416 3170 3483 πέφυκε.
3204 3412 3485 3482 Μακάριος
3522 3405 3645 3471 οὖν,
3684 3409 3714 3461 6

2150 3519 2433 3591 κρείττονα
2463 3515 2553 3569 τοῦ
2593 3512 2781 3567 ὲνύλου
2816 3509 2980 3580 εργου
3026 3505 3124 3574 τὴν
3166 3504 3327 3557 άῦλον
3369 3501 3714 3573 ἡγησάμενος

2148 3610 2428 3682 ἐργασίαν.
2459 3607 2536 3660 Δι’
2563 3600 2732 3672 αὐτῆς
2759 3600 2868 3670 γὰρ
2900 3600 2999 3667 τὴν
3024 3598 3117 3651 τοῦ
3144 3598 3305 3669 ἔργου
3330 3592 3715 3682 ἀνεπλήρωσεν

2148 3680 2400 3766 ἔλλειψιν,
2445 3696 2619 3765 ζήσας
2662 3692 2762 3760 τὴν
2800 3685 3190 3761 κεκρυμμένην
3223 3683 3367 3754 ζωὴν
3398 3684 3497 3755 τῆς
3528 3680 3713 3751 εὐχῆς.

2148 3790 2241 3842 καί
2278 3785 2519 3857 φανερὰν
2550 3782 2629 3853 τῷ
2665 3778 2804 3850 Θεῷ.

2236 3905 2343 3969 πζτ.
2389 3903 2712 3973 ’Υιτομένειν
2744 3902 2842 3973 μιν
2883 3902 3031 3972 ἡμᾶς
3062 3905 3128 3973 τῇ
3174 3901 3356 3956 πίστει
3375 3941 3393 3968 ,
3425 3901 3728 3974 παρακαλεῖ

2162 3999 2191 4051 6
2219 3998 2358 4060 θεῖοι,
2398 3995 2738 4057 Ἀπόστολοςο
2768 3993 2979 4064 χαίρειν
3007 3993 3063 4047 δὲ
3086 3996 3152 4063 τῇ
3188 3993 3381 4048 ἑλπίδι·
3418 3996 3483 4063 τῇ
3514 3994 3646 4062 εὗχῆ
3671 3993 3727 4045 δλ

2164 4089 2592 4158 προσκαρτερεῖν
2614 4128 2627 4150 ,
2653 4086 2740 4139 ἵνα
2774 4087 2835 4139 τὸ
2866 4086 2966 4154 τῆς
3010 4087 3186 4155 χαρᾶς
3230 4087 3364 4155 ἡμῖν
3411 4084 3726 4153 παραμείνῃ

2162 4178 2341 4233 καλόν.
2372 4179 2432 4230 El
2459 4177 2515 4231 δὲ
2540 4176 2717 4242 τοῦτο,
2742 4176 2847 4246 ἄρα
2871 4179 2899 4230 6
2930 4176 3005 4246 μὴ
3038 4176 3345 4244 ὑπομένων,
3369 4175 3429 4228 ού
3463 4174 3669 4236 πιστός
3700 4176 3729 4226 6

2158 4269 2217 4322 δὲ
2263 4268 2339 4338 μὴ
2372 4266 2597 4337 χαίρων,
2649 4266 2748 4318 οὑκ
2790 4264 3029 4327 εὔελπις.
3089 4264 3416 4317 ’Λπεόάλετο
3458 4262 3566 4330 γάρ
3627 4259 3727 4330 τὴν

2159 4359 2338 4413 αἰτίαν
2373 4359 2469 4428 τῆς
2507 4361 2680 4428 χαρᾶς
2730 4358 2828 4427 τὴν
2860 4354 3201 4428 προσευχὴν,
3236 4357 3292 4409 ὲν
3323 4351 3400 4424 τῷ
3433 4353 3507 4423 μὴ
3552 4368 3725 4424 προσ-

2160 4450 2443 4518 καρτερεῖν
2468 4449 2523 4499 ὲν
2548 4448 2702 4516 αὐτῇ.

535 4549 624 4607 88.
658 4547 717 4605 Si
759 4564 917 4604 mens
941 4548 1011 4604 ab
1046 4549 1207 4604 initio
1258 4564 1384 4604 cum
1423 4550 1719 4605 mundanis
1749 4550 2026 4621 cogitatio-

2229 4535 2341 4606 πη’.
2383 4537 2445 4589 El
2494 4539 2551 4590 ὲν
2592 4540 2703 4600 τοῖς
2750 4538 3063 4606 ὲγκοσμίοις
3105 4524 3383 4603 λογισμοῖς
3419 4536 3448 4587 6
3496 4531 3619 4597 νοῦς
3663 4531 3726 4597 ἐξ

463 4643 631 4697 nibus
685 4641 1077 4696 commercium
1129 4641 1358 4707 habens,
1424 4650 1630 4697 tantam
1693 4643 1800 4698 sibi
1851 4659 2043 4699 earum

465 4733 766 4788 amicitiam
822 4733 1057 4802 peperit,
1094 4733 1376 4803 quomodo
1429 4750 1498 4789 ex
1544 4733 1864 4789 assiduitate
1918 4751 2049 4790 ora-

467 4828 637 4883 tionis
660 4841 770 4882 non
811 4826 1043 4895 perinde
1072 4827 1193 4895 ejus
1218 4825 1644 4882 familiaritatem
1675 4828 2048 4897 adipiscetur?

468 4930 597 4970 nam
622 4915 679 4970 in
708 4914 913 4985 quibus
937 4916 1067 4983 quis
1098 4914 1195 4970 diu
1239 4925 1509 4980 moratur,
1540 4917 1738 4987 inquit,
1768 4917 1821 4971 in
1873 4917 1959 4971 his
1992 4927 2049 4972 et

467 5006 685 5061 dilatari
716 5006 1025 5061 consuevit.

541 5099 634 5154 89.
671 5096 828 5153 Sicut
869 5112 901 5153 e
938 5099 1162 5170 propria
1212 5099 1381 5155 domo
1399 5098 1626 5157 avulsus
1676 5100 1806 5156 olim
1835 5101 2054 5155 animus

474 5187 791 5260 splendoris
845 5205 957 5261 quo
984 5191 1071 5246 illa
1117 5193 1349 5264 refulget
1378 5193 1591 5248 oblitus
1618 5202 1726 5257 est,
1761 5192 1836 5246 ita
1886 5207 2051 5262 opor-

477 5290 555 5337 tet
580 5295 710 5337 eum
776 5283 1059 5337 terrestris
1084 5283 1249 5354 hujus
1278 5283 1641 5339 habitationis
1667 5282 1875 5353 pariter
1910 5284 2055 5339 obli-

476 5380 616 5435 tum,
668 5370 736 5425 ad
773 5370 919 5427 illam
950 5388 1047 5442 per
1076 5376 1383 5429 orationem
1411 5378 1767 5428 transvolare.

545 5462 637 5517 90.
665 5462 820 5519 Sicut
854 5464 1036 5520 infans
1062 5481 1121 5521 se
1147 5464 1314 5520 habet
1339 5464 1406 5520 ad
1439 5464 1607 5520 ubera
1638 5463 1828 5520 matris
1851 5463 2058 5519 exstin-

474 5563 598 5618 ctae,
630 5553 706 5609 ita
732 5570 890 5612 mens
918 5556 987 5611 ad
1041 5557 1371 5619 orationem,
1408 5572 1531 5627 quas
1568 5557 1743 5626 ipsam
1772 5557 2049 5612 consolari

477 5658 589 5700 non
628 5653 845 5713 potest;
872 5647 941 5700 ad
990 5661 1112 5701 eam
1163 5652 1347 5700 autem
1371 5662 1494 5717 qua:
1524 5656 1724 5717 potest,
1762 5656 1821 5703 ut
1847 5662 2060 5718 pueru-

479 5734 569 5789 lus
599 5735 653 5790 in
696 5739 962 5793 maternis
1012 5738 1160 5793 ulnis
1221 5739 1547 5793 suavissime
1614 5740 2055 5795 obdormiscens.

555 5947 578 5981 ⁹
602 5949 768 6005 nam.
803 5965 902 6004 ιιι.

2158 4628 2332 4698 ἀρχῆς
2393 4630 2892 4698 συναναστραφεὶς,
2961 4628 3227 4692 τοσαύτην
3284 4630 3339 4680 ὲν
3389 4625 3569 4687 αὐτοῖς
3623 4623 3723 4692 τὴν

2154 4730 2336 4803 φιλίαν
2369 4731 2670 4797 ἐκτήσατο,
2719 4726 2894 4796 πόσην
2934 4727 3033 4779 οὐκ
3083 4725 3148 4779 ἂν
3188 4725 3497 4794 οἰκειότητα
3530 4730 3630 4796 σχῇ
3667 4729 3726 4779 ἐν

2151 4827 2285 4895 εὐχῇ
2318 4821 2561 4891 συνεχεῖ;
2591 4819 2699 4871 Καὶ
2722 4817 2829 4887 γὰρ
2860 4818 2917 4871 ἐν
2942 4813 3044 4880 οἷς,
3070 4818 3223 4886 φησὶ,
3253 4817 3510 4887 χρονίζει,
3543 4821 3600 4870 ὲν
3628 4820 3723 4870 αὺ-

2151 4915 2260 4971 τοῖς
2287 4910 2381 4966 καὶ
2409 4906 2772 4960 πλατύνεσθαι
2810 4906 3021 4958 εἴωθεν.

2240 5102 2346 5156 πῖθ’.
2378 5103 2589 5173 Ὠσπερ
2618 5099 2710 5151 τοῦ
2745 5097 2873 5150 ἰδίου
2899 5094 3215 5165 οίκητηρίου
3243 5091 3411 5146 πάλαι
3444 5088 3732 5161 διαιρεθεὶς

2164 5196 2191 5247 6
2210 5192 2330 5256 νοῦς
2357 5192 2454 5258 τῆς
2488 5188 2694 5243 ἐκεῖθεν
2725 5186 3109 5257 λαμπρότητος
3138 5182 3451 5247 ἐπελάθετο,
3491 5180 3635 5233 οὕτω
3657 5180 3733 5232 δεῖ

2165 5285 2350 5339 τοῦτον
2378 5282 2531 5345 αὖθις
2563 5284 2619 5334 ὲν
2644 5280 2784 5351 λήθῃ
2810 5281 2916 5332 τῶν
2946 5270 3045 5329 ὧδε
3068 5275 3380 5344 γενόμενον,
3410 5274 3544 5344 πρὸς
3566 5273 3734 5324 ἐκεῖνο

2164 5372 2493 5443 ἀναδραμεῖν
2524 5372 2590 5425 δι’
2622 5368 2807 5437 εὐχῆς.

2236 5469 2307 5532 ιδ.
2342 5463 2609 5532 Καθάπερ
2636 5462 2684 5514 τί
2709 5461 2901 5530 νήπιον
2934 5457 3070 5527 πρὸς
3101 5456 3339 5525 μαστοὺς
3369 5453 3733 5523 ἐναποψυγέν-

2164 5574 2261 5620 τας
2296 5553 2536 5626 μητρδς,
2565 5550 2918 5622 εὑρεθήσεται
2950 5544 3075 5609 νοῦς
3103 5546 3237 5616 πρὸς
3275 5543 3610 5614 προσευχὴν,
3641 5542 3737 5611 τὴν

2169 5652 2242 5722 μὴ
2286 5648 2589 5720 δυναμένην
2623 5643 3002 5715 παρακαλέσαι
3034 5640 3214 5694 αὑτὸν·
3257 5638 3392 5709 πρὸς
3421 5639 3478 5690 δὲ
3514 5637 3612 5707 τὴν
3640 5634 3734 5688 άλ-

2166 5744 2271 5805 λως
2310 5742 2560 5811 ἔχουσαν,
2596 5738 2673 5800 ὡς
2704 5733 2916 5788 παιδίον
2949 5732 3010 5786 τὸ
3044 5732 3133 5801 ὑφ’
3168 5731 3362 5802 ἡδονῆς
3402 5726 3735 5798 ὲναφυπνοῦν

2166 5838 2221 5889 ἐν
2250 5837 2366 5897 ταῖς
2398 5832 2665 5901 ἀγκάλαις
2702 5826 2893 5895 αὐτῆς.
