4100 6420
413 411 552 476 1145

412 635 507 701 τῆς
539 629 795 696 ἐναρέτου
823 627 989 695 ζωῆς,
1018 626 1158 679 κατὰ
1185 628 1281 695 τὴν
1308 628 1364 678 ὲν
1395 625 1472 695 τῷ
1504 629 1763 696 ’ᾼσματι.
1793 630 1980 695 φήσειε

412 725 503 776 καὶ
537 723 563 790 ἠ
594 713 780 789 νύμφη
809 718 940 789 εὐχὴ
975 719 1110 789 πρὸς
1133 720 1223 770 τὸν
1254 718 1452 786 ἑαυτῆς
1473 719 1730 787 ἐραστήν·
1758 739 1775 769 ι
1813 719 1978 772 Δώσω

412 813 534 874 τοὺς
567 808 810 879 μάσθούς
841 826 944 875 μου
975 810 1077 870 σοὶ,
1115 810 1162 860 εί
1191 806 1389 870 “in?”
1425 823 1513 877 im"
1551 808 1838 880 ἀναποῇς⁸
1885 828 1903 861 ’

481 1007 586 1076 ιβ’.
617 1005 805 1057 Φιλίαν
829 1003 964 1073 πρὸς
986 1003 1086 1070 τὴν
1124 1001 1288 1070 εὐχὴν
1325 1000 1468 1070 ἔχειν
1495 999 1556 1051 οὐ
1572 998 1816 1064 δύναται,
1846 1000 1872 1050 6
1905 998 1980 1070 μὴ

412 1099 594 1149 πᾶσαν
627 1091 1084 1161 ἀπαρνησαμενος
1109 1087 1261 1160 ὓλην.

483 1185 593 1256 ἥγ’.
632 1187 778 1255 Πλὴν
804 1185 968 1253 ζωῆς,
1002 1183 1095 1235 καὶ
1123 1181 1309 1249 πνοῆς,
1348 1180 1454 1246 ἔξω
1484 1179 1592 1232 τῶν
1623 1179 1794 1232 ἄλλων
1825 1177 1983 1246 γενοῦ

412 1261 470 1332 εὖ
504 1281 660 1348 εὐχῇ,
693 1279 742 1329 εί
775 1276 951 1337 θέλεις
980 1272 1119 1343 μετὰ
1144 1272 1308 1341 μόνου
1341 1271 1594 1338 γενέσθαι
1621 1269 1716 1322 τοῦ
1745 1271 1855 1322 νοῦ.

480 1368 581 1436 ιιδ¹.
611 1365 723 1422 Νοῦ
754 1365 1034 1432 θεοφιλοῦς
1070 1362 1386 1434 μαρτύριον,
1421 1362 1551 1431 εὐχὴ
1586 1362 1981 1431 μονολόγιστος,

411 1461 506 1513 καὶ
532 1460 694 1526 λόγος
728 1457 939 1525 καίριος
958 1495 974 1520 ,
1008 1455 1274 1524 ἔμφρονος
1304 1451 1594 1521 λογισμοῢσ
1622 1451 1897 1520 μονοειδὴς
1927 1449 1983 1502 δὲ

410 1551 619 1618 γεῦσις,
677 1547 774 1618 τῆς
812 1545 1098 1614 ἐλευθέρας
1135 1545 1220 1611 εῐη
1265 1542 1593 1612 αἰσθήσεως.
1641 1541 1730 1594 Ἐν
1774 1539 1983 1602 τούτοις

410 1641 502 1694 οὖν
534 1641 644 1702 τοῖς
677 1637 855 1708 τρισὶν
884 1631 1158 1706 ἐρρῶσθαι
1191 1633 1260 1686 τὰ
1289 1633 1389 1696 τῆς
1426 1631 1602 1700 ψυχῆς
1638 1631 1874 1697 λέγεται.

481 1735 585 1798 με’.
651 1729 958 1797 Λεανθῆναι
1023 1724 1200 1788 καλῶς
1261 1725 1371 1789 δεῖ,
1425 1724 1516 1776 καὶ
1568 1721 1978 1788 ἀπαλυνθῆναι,

415 1823 601 1892 ὥσπερ
633 1820 744 1872 τῶν
773 1818 1033 1882 παιδίων,
1073 1818 1174 1886 τὴν
1215 1815 1377 1884 φύσιν
1416 1814 1508 1866 τοῦ
1547 1813 1870 1882 εὐχομένου·
1907 1812 1983 1874 ὡς

419 1913 485 1966 ἂν
512 1911 647 1964 κατὰ
677 1910 776 1980 τὴν
809 1910 1052 1970 ἐκείνων,
1085 1908 1176 1960 καὶ
1206 1909 1238 1976 ἡ
1269 1906 1455 1959 τούτου
1483 1903 1740 1965 εὐείκτως
1763 1903 1982 1971 δέξηται

417 2002 515 2072 τὴν
542 2004 606 2054 ὲκ
643 2003 744 2071 τῆς
787 1999 953 2068 εὐχῆς
998 1997 1393 2067 ὲνταττομένην
1422 1993 1738 2059 ἀνάπτυξιν.
1787 1994 1874 2046 Διδ
1907 1995 1982 2064 μὴ

416 2091 606 2158 ἀμέλει
631 2091 662 2142 6
687 2087 1024 2156 συναφθῆναι
1052 2086 1229 2158 ταύτῃ
1255 2084 1442 2154 φιλῶν.

483 2177 601 2246 ις’.
633 2178 710 2232 Oi:
737 2177 933 2238 πάντες
969 2176 1059 2228 τόν
1084 2174 1246 2228 αὐτὸν
1281 2176 1479 2228 σκοπὸν
1509 2176 1564 2227 ὲν
1592 2175 1723 2246 εὐχῇ
1754 2176 1983 2242 κέκτηνι-

411 2287 534 2325 ται·
581 2271 612 2322 6
663 2269 762 2339 μὲν
793 2267 1001 2331 τοῦτον,
1046 2269 1076 2320 6‘
1115 2267 1171 2320 δὲ
1215 2267 1394 2320 ἄλλον.
1435 2267 1496 2320 '0
1530 2267 1628 2337 μὲν
1667 2267 1902 2335 εὔχεται,
1933 2266 1981 2318 εί

412 2357 522 2417 οἷόν
551 2378 612 2414 τε
636 2403 650 2426 ,
691 2362 826 2430 μετὰ
877 2361 972 2428 τῆς
1011 2359 1176 2428 εὐχῆς
1215 2355 1352 2411 εἶναι
1389 2360 1488 2428 τὴν
1537 2360 1762 2427 καρδίαν
1808 2357 1976 2411 αὐτοῦ

413 2450 642 2502 πάντοτε
666 2464 680 2479 ·
711 2449 740 2500 6
775 2448 830 2500 δὲ
864 2449 954 2498 καὶ
1004 2447 1139 2516 πρὸς
1175 2447 1234 2499 τὸ
1265 2445 1569 2516 ὑπερϐῆναι
1603 2447 1800 2514 αὐτήνο
1835 2449 1862 2498 6
1893 2445 1971 2509 δὲ,

413 2542 497 2595 ἵνα
536 2539 611 2610 μὴ
652 2539 928 2607 λογισμοῖς
967 2540 1024 2590 ὲν
1053 2539 1183 2608 εὐχῇ
1217 2539 1634 2607 περικόπτηται.
1683 2537 1888 2599 Πάντες
1917 2536 1974 2589 δὲ

411 2629 680 2698 εὔχονται,
703 2626 740 2697 ἢ
762 2627 1164 2698 συντηρηθῆναι
1207 2628 1268 2681 ὲν
1317 2627 1560 2695 ἀγαθοῖς,
1592 2626 1625 2695 ἢ
1659 2628 1731 2695 μὴ
1768 2643 1973 2679 συναπ-

409 2721 637 2791 αχθῆναι
659 2721 863 2781 κακοῖς.

480 2811 582 2878 Lf.
617 2813 678 2864 Εί
710 2810 767 2873 ἐξ
807 2810 969 2879 εὐχῆς
1000 2809 1174 2871 οὐδεὶς
1205 2810 1568 2871 ἀταπείνωτος
1608 2809 1973 2879 (συντρίϐεται

410 2907 465 2957 ὲν
493 2901 835 2964 ταπεινώσει,
865 2903 956 2951 καὶ
985 2901 1092 2970 γὰρ
1113 2903 1140 2951 6
1167 2901 1499 2970 εὐχόμενος),
1524 2903 1621 2954 οὐκ
1649 2901 1757 2969 ἄρα
1788 2903 1845 2953 ὲν
1873 2917 1972 2952 τας-

410 2994 658 3048 πεινὼσει
687 2993 1043 3062 προσεύχεται
1072 2995 1097 3044 6
1125 2991 1320 3056 ἔξωθεν
1345 2991 1758 3061 θρασυνόμενος.

478 3086 583 3157 κη’.
614 3087 754 3155 Πρὸς
783 3086 881 3154 τὴν
905 3087 1080 3155 χήραν
1107 3085 1204 3154 τὴν
1238 3085 1372 3154 πρὸς
1397 3085 1488 3137 τὸν
1511 3084 1661 3153 ὠμὸν
1691 3085 1786 3152 τὴν
1818 3083 1971 3152 δίκην

410 3178 662 3232 κινοῦσαν
695 3177 884 3246 κριτὴν
914 3176 1130 3245 ἀφορῶν
1163 3179 1190 3228 ό
1216 3177 1526 3245 εὐχόμενος,
1551 3176 1652 3227 οὐκ
1675 3176 1972 3244 ἐκκακήσει

409 3269 538 3323 ποτε
562 3270 647 3322 διὰ
673 3271 770 3339 τὴν
799 3270 1105 3340 βραδυτῆτα
1127 3269 1234 3321 τῶν
1256 3269 1472 3337 ἀγαθῶν
1501 3269 1864 3340 ὑποσχέσεων.

486 3428 589 3496 ιιθκ
631 3431 703 3481 Οὐ
746 3433 1057 3504 παραμείνῃ
1091 3451 1172 3485 σοι
1212 3435 1364 3504 εὐχὴ,
1403 3436 1480 3506 τῷ
1522 3438 1659 3506 πρὸς
1697 3439 1763 3490 tit
1798 3439 1981 3493 συλλο-

413 3519 674 3590 γιζόμενα
709 3520 909 3573 ἔσωθεν
934 3564 947 3586 ,
979 3525 1070 3574 καὶ
1103 3524 1434 3593 ὁμιλούμενα
1467 3525 1666 3589 ἔξωθεν
1708 3529 1976 3598 ἐμϐραδύ-

416 3627 577 3664 νοντι.
619 3611 684 3664 Ἦ
713 3612 850 3680 αὐτὴ
894 3613 948 3664 δὲ
981 3615 1275 3684 ὀφθήσεται
1310 3616 1760 3686 ὐποστρέφουσα,
1796 3619 1872 3687 τῷ
1911 3621 1978 3673 δι’

419 3699 582 3770 αὐτὴν
609 3702 1030 3772 ὑποτεμνομένῳ
1055 3705 1120 3757 τὰ
1149 3704 1387 3758 πλείονα.

498 3783 552 3857 p'.
582 3788 644 3840 Ei
671 3789 745 3857 μὴ
775 3790 854 3850 είς
880 3789 1112 3857 λαγόνας
1133 3791 1310 3862 ψυχῆς
1340 3793 1638 3848 είσδύνουσι
1664 3795 1732 3848 τὰ
1756 3799 1975 3866 ῥήματα

415 3876 508 3943 τῆς
530 3879 716 3947 εὐχῆς,
743 3881 844 3932 οὐκ
867 3881 932 3933 ἂν
955 3882 1031 3942 είς
1058 3883 1156 3945 τὰς
1180 3884 1275 3934 τοῦ
1307 3885 1598 3953 προσώπου
1635 3889 1885 3954 σιαγόνας
1906 3889 1974 3942 τὰ

413 3964 619 4034 δάκρυα
657 3968 1084 4039 περικλυσθῆναι
1119 3975 1649 4044 συγχωρηθήσονται.

487 4062 590 4124 ρα’.
653 4057 994 4112 Ἀνατελοῦσι
1040 4063 1271 4133 γεωργῷ
1306 4066 1404 4132 μὲν
1448 4066 1516 4118 τὰ
1543 4066 1859 4136 δράγματα,
1896 4071 1968 4139 μὴ

411 4147 534 4198 κατ’
563 4146 685 4215 ὄψιν
716 4149 826 4201 τῶν
861 4153 1187 4220 σπερμάτων
1220 4154 1482 4222 ῥιφέντων
1507 4156 1608 4225 τῆς
1637 4159 1757 4228 γῆς.
1787 4161 1968 4214 Μονα-

408 4236 488 4303 χῴ
518 4236 575 4288 δὲ
628 4238 698 4290 τὰ
734 4239 946 4310 δάκρυα
1001 4241 1425 4307 ἁναϐλύσουσιν,
1472 4246 1572 4298 οὐκ
1615 4249 1842 4318 ἀπονητὶ
1891 4251 1968 4320 τῷ

409 4327 789 4398 μετερχομένῳ
819 4331 884 4380 τὰ
913 4331 1133 4399 ῥήματα
1163 4335 1262 4400 τῆς
1294 4334 1476 4403 εὐχῆς.

480 4415 576 4484 ρβῖ
630 4419 792 4482 κλεὶς
839 4421 1081 4488 οὐρανῶν
1128 4423 1436 4490 βασιλείας,
1469 4427 1624 4497 εὐχή.
1676 4430 1890 4500 Ταύτην
1937 4434 1964 4485 ό

405 4508 647 4576 κατέχων
673 4508 748 4572 ὡς
783 4510 900 4572 δεῖ,
932 4511 1032 4580 ὁρᾷ
1063 4513 1130 4564 τὰ
1163 4515 1218 4564 έν
1246 4515 1381 4584 αὐτῇ
1413 4517 1746 4586 ἀποκείμενα
1786 4523 1962 4588 ἀγαθὰ

1744 417 2150 478 ANTHOLOG
2165 421 2183 478 ι
2200 421 2328 481 UM.

484 539 593 607 [ια’.
645 539 811 600 Ἐκεῖ,
848 537 1051 605 φησιν,
1101 538 1158 588 ἐν
1190 538 1254 606 τῇ
1298 536 1550 605 πενθηρῷ
1589 537 1826 606 δηλονότι
1855 540 1980 610 εὐνῇ
2026 544 2064 594 Α

3538 427 3673 488 liii)

2171 535 2259 588 9i.
2306 536 2433 588 Post
2474 550 2729 604 Sponsam
2764 551 2885 605 qua:
2925 537 2978 589 in
3006 535 3250 592 Canticis
3282 539 3678 606 introducitur,

2095 633 2274 694 priest
2351 627 2516 677 etiam
2595 626 2775 678 oratio
2828 639 3028 693 sponsa
3083 626 3314 679 amatori
3337 643 3440 681 suo
3467 629 3679 694 dicere,

2103 735 2120 765 ι
2169 715 2287 768 l'.lic
2322 714 2397 782 (iu
2425 715 2643 784 lugubri
2685 715 2940 770 videlicet
2969 717 3250 779 cubiculo,
3285 719 3408 773 vita:
3454 721 3677 773 virtuti-

2095 807 2196 861 bus
2221 806 2441 876 deditae)
2469 807 2611 860 dabo
2631 807 2729 861 tibi
2753 807 2920 862 ubera
2941 824 3060 865 lutea
3087 810 3153 874 ‘°,
3188 828 3206 862 ι
3243 811 3287 865 si
3321 821 3436 864 toto
3471 811 3674 865 affectu

2094 915 2179 952 me
2211 899 2492 953 dilexeris.

2163 990 2252 1045 92.
2309 991 2564 1044 Studium
2622 992 2892 1046 orationis
2941 993 3146 1046 habere
3189 1009 3296 1047 non
3347 1004 3527 1064 potest
3576 999 3672 1065 qui

2096 1097 2205 1135 non
2240 1083 2456 1138 cunctis
2480 1085 2823 1138 renuntiavit
2846 1086 3245 1140 materialibus.

2164 1174 2252 1228 95.
2279 1176 2483 1229 Pnrter
2505 1176 2671 1229 vitam
2701 1186 2758 1230 et
2787 1176 3062 1246 spiritum,
3093 1178 3279 1232 omnia
3311 1178 3455 1233 foras
3477 1186 3670 1234 emitte

2095 1260 2147 1313 in
2180 1262 2454 1326 oratione,
2495 1262 2539 1314 si
2575 1263 2654 1317 vis
2682 1264 2832 1318 solus
2857 1280 2986 1318 cum
3019 1266 3136 1320 solo
3162 1283 3284 1321 esse
3313 1268 3517 1324 animo.

2165 1347 2256 1400 94.
2285 1345 2530 1415 Spiritus
2588 1348 2754 1402 Deum
2795 1349 3079 1420 diligentis
3128 1352 3287 1406 testis
3343 1363 3430 1407 est
3489 1354 3672 1409 oratio

2094 1439 2402 1508 soliloqna;
2433 1457 2578 1494 same
2627 1442 2880 1507 rationis,
2930 1459 3112 1498 sermo
3164 1446 3565 1514 tempestivus;
3618 1456 3675 1501 et

2094 1532 2254 1587 liberi
2284 1549 2481 1588 sensus
2523 1574 2538 1600 ,
2568 1543 2763 1603 gustus
2794 1535 3108 1590 uniformis.
3138 1537 3198 1590 ln
3233 1537 3320 1591 his
3373 1538 3540 1608 igitur
3573 1540 3676 1592 tri-

2095 1625 2198 1679 bus
2231 1634 2342 1680 tota
2376 1625 2458 1678 vis
2491 1628 2684 1680 anima:
2720 1637 2976 1682 constare
3019 1629 3242 1683 dicitur.

2162 1718 2251 1772 95.
2297 1719 2567 1788 Pcrpoliri
2595 1730 2814 1789 oportet
2842 1737 2904 1775 ac
2931 1722 3154 1786 molliri,
3183 1722 3322 1775 sicut
3351 1737 3674 1790 puerorum,

2096 1819 2348 1864 naturam
2381 1812 2612 1875 orantis,
2641 1822 2699 1865 nt
2751 1813 2920 1883 huius
2952 1815 3094 1868 sicut
3125 1824 3181 1868 et
3207 1814 3426 1868 illorum
3480 1824 3676 1868 natura

2029 1895 2067 1948 Β
2095 1901 2349 1956 dociliter
2378 1904 2608 1972 accipiat
2641 1905 2970 1973 proveniens
2996 1922 3063 1961 ex
3092 1906 3340 1961 oratione
3365 1907 3674 1962 incremen-

2099 2003 2235 2048 tum.
2287 1994 2468 2061 Quare
2524 2011 2632 2050 non
2669 1998 2954 2068 negligens
2987 2008 3072 2052 est
3127 1997 3221 2067 qui
3253 1998 3382 2052 huic
3417 1997 3674 2067 conjungi

2095 2078 2264 2148 cupit.

2164 2163 2252 2216 96.
2283 2161 2400 2216 Non
2433 2177 2624 2216 omnes
2649 2162 2906 2216 eumdem
2943 2163 3105 2217 linem
3150 2164 3204 2217 in
3246 2164 3499 2218 oratione
3531 2165 3675 2217 obti-

2095 2264 2272 2318 nent;
2299 2254 2391 2308 sed
2443 2254 2534 2308 hic
2566 2271 2758 2318 unum,
2788 2263 2844 2309 et
2879 2254 2968 2309 ille
3007 2256 3263 2310 alterum.
3295 2256 3449 2310 Alius
3475 2274 3672 2325 preca-

2100 2355 2189 2398 tur
2234 2356 2314 2408 ut,
2349 2347 2392 2398 si
2425 2344 2542 2398 ﬁeri
2589 2347 2782 2413 possit,
2825 2361 2921 2398 sua
2967 2362 3123 2401 mens
3179 2348 3230 2400 in
3264 2349 3510 2403 oratione
3543 2367 3672 2420 per-

2095 2451 2258 2508 petua
2295 2451 2648 2508 perseveret;
2684 2439 2845 2500 alius,
2875 2448 2933 2491 ut
2958 2455 3116 2492 suum
3160 2441 3344 2494 vincat
3385 2443 3672 2511 animum;

2093 2533 2255 2595 alius,
2294 2543 2354 2585 ut
2388 2546 2495 2582 non
2535 2530 2790 2583 turbetur
2821 2529 3293 2585 distractionibus.
3324 2531 3525 2588 Omnes
3576 2552 3674 2588 au-

2094 2635 2203 2677 tem
2239 2631 2429 2690 rogant
2462 2637 2520 2676 sc
2553 2621 2638 2675 vel
2669 2622 2722 2673 in
2752 2620 2897 2674 bono
2925 2637 3302 2690 perseverare,
3331 2626 3412 2678 vel
3448 2642 3477 2679 a
3532 2629 3674 2682 malo

2093 2707 2393 2759 divertere.

2161 2797 2250 2852 97.
2290 2796 2344 2850 Si
2377 2811 2443 2849 ex
2474 2795 2722 2849 oratione
2781 2811 2943 2850 nemo
2981 2814 3088 2850 non
3119 2799 3175 2851 ﬁt
3215 2799 3438 2852 humilis
3470 2801 3671 2868 (humi-

2090 2892 2219 2946 liter
2261 2888 2407 2942 enim
2436 2889 2853 2957 conti-riturqui
2877 2889 3045 2960 orat),
3077 2906 3182 2944 non
3220 2891 3384 2960 igitur
3413 2909 3536 2947 cum
3570 2896 3672 2946 hu-

2092 2985 2322 3039 militate
2351 2990 2490 3048 orat,
2523 2979 2617 3050 qui
2646 2979 2713 3035 de
2745 2978 2910 3034 rebus
2978 2985 3350 3038 exterioribus
3373 2986 3666 3061 gloriatur.

2159 3073 2246 3122 9S.
2287 3072 2336 3121 δί
2377 3089 2401 3118 \'
2432 3072 2593 3126 duam
2625 3071 2795 3132 illam,
2829 3083 2951 3137 quae
2981 3067 3132 3121 litem
3173 3084 3328 3122 suam
3391 3070 3456 3122 ad
3491 3071 3672 3124 immi-

2093 3170 2202 3215 tem
2243 3162 2539 3215 ‘detuleiat
2568 3161 2835 3231 judirem,
2881 3159 3180 3229 respexerit
3213 3161 3306 3229 qui
3364 3171 3504 3227 orat,
3558 3179 3666 3217 non

2012 3225 2056 3281 θ
2095 3253 2463 3328 despondebit
2536 3253 2780 3307 animum
2842 3262 3070 3323 propter
3143 3268 3327 3307 moras
3398 3254 3666 3308 bonarum

2095 3344 2542 3415 promissionum.

2164 3437 2252 3491 99.
2286 3436 2403 3490 Non
2450 3434 2794 3504 permanebit
2843 3434 3018 3489 oratio
3072 3435 3192 3499 tibi,
3243 3437 3669 3505 cogitationibus

2095 3527 2330 3580 internis
2357 3528 2712 3596 externisque
2735 3527 3082 3580 sermonibus
3114 3526 3426 3582 immoranli
3445 3545 3458 3587 ;
3477 3527 3667 3580 eadem

2093 3631 2226 3668 vero
2259 3616 2353 3668 tibi
2399 3616 2580 3669 redire
2639 3624 2922 3679 ccrnetur,
2953 3616 3108 3686 plura
3144 3625 3372 3684 propter
3427 3633 3548 3670 eam
3582 3616 3667 3669 in-

2093 3704 2440 3758 termittenti.

2165 3793 2286 3846 100.
2322 3793 2437 3847 Nisi
2471 3793 2634 3846 verba
2665 3792 2929 3845 orationis
2981 3790 3032 3844 in
3087 3791 3201 3859 ipsa
3235 3793 3429 3845 animae
3459 3795 3666 3849 viscera

2089 3886 2468 3956 penetrarint.
2518 3885 2770 3954 Iacryma:
2831 3900 2924 3952 per
2980 3884 3189 3936 vultum
3255 3900 3477 3938 manare
3553 3903 3665 3940 non

2125 3986 2370 4029 otcrunt.

2125 3992 2370 4029 orcrunt.

2088 3992 2120 4045 Ρ
2162 4061 2285 4113 101.
2315 4057 2582 4129 Agricola:
2622 4057 2956 4127 respondent
2982 4067 3216 4126 segetes,
3255 4059 3514 4126 quamvis
3549 4076 3660 4114 non

2087 4154 2352 4222 inspectis
2370 4160 2529 4204 antea
2553 4168 2673 4219 qua:
2698 4166 2854 4204 terra:
2877 4149 3172 4204 committit
3205 4149 3508 4203 seminibus
3534 4167 3547 4214 ;
3574 4161 3660 4205 ast

2085 4243 2352 4296 monacho
2405 4241 2624 4294 enixius
2663 4240 2826 4295 verba
2887 4239 3154 4293 orationis
3208 4255 3393 4293 secum
3450 4250 3663 4310 pertrac

2083 4333 2278 4396 etanti,
2311 4333 2675 4402 lacrymarum
2722 4332 2820 4384 rivi
2871 4331 3169 4400 proﬂuunt.

2162 4417 2283 4470 10‘2.
2318 4416 2499 4470 Clavis
2547 4420 2700 4486 regni
2734 4417 3003 4470 cmlorum
3036 4416 3212 4470 oratio
3237 4427 3339 4470 est.
3392 4415 3542 4471 Hanc
3565 4418 3660 4487 qui

2086 4516 2237 4562 tenet
2284 4523 2385 4576 pro
2422 4522 2490 4562 eo
2541 4522 2612 4561 ac
2651 4506 2830 4569 decet,
2876 4522 2998 4576 qua:
3056 4518 3184 4561 sunt
3258 4506 3310 4559 in
3342 4521 3405 4559 ea
3467 4508 3663 4561 amicis

403 4597 514 4658 τοῖς
537 4598 710 4665 φίλοις
738 4599 924 4668 αὐτῆς.
954 4602 1104 4654 Μόνα
1127 4603 1180 4655 δὲ
1207 4605 1272 4657 τὰ
1297 4583 1536 4675 παρόντα
1564 4583 1902 4680 περισκοπεῖ,
1933 4617 1961 4667 6

2085 4599 2256 4668 ipsius
2286 4599 2429 4652 bona
2461 4596 2699 4668 reposita
2728 4598 2938 4663 cernit;
2968 4597 3082 4650 sola
3133 4606 3314 4651 autem
3369 4598 3659 4664 praesentia

402 4686 710 4755 παρρησίαν
735 4689 794 4741 ὲν
823 4689 1004 4760 ἐκείνῃ
1041 4692 1112 4761 μὴ
1139 4693 1402 4763 ἐσχηκώς.

475 4910 574 4978 ργ’.
610 4913 682 4962 Οὐ
717 4913 938 4964 δύναται
969 4915 995 4964 ὁ
1029 4914 1148 4974 νοῦς
1192 4919 1244 4964 ὲν
1289 4917 1462 4986 γαιρῷ
1491 4919 1587 4983 τῆς
1621 4917 1781 4986 εὐχῆς
1824 4921 1958 4986 μετὰ

401 5004 710 5073 παρρησίας
741 5004 916 5071 ὶέγειν
948 5005 1077 5073 πρὸς
1109 5007 1195 5056 τὸν
1222 5007 1352 5058 Θεόν
1375 5026 1385 5037 ·
1426 5027 1443 5058 ι
1495 5011 1790 5080 Διέρῤηξας
1834 5012 1958 5066 τοὺς

401 5099 630 5165 δεσμούς
682 5116 804 5168 μου·
849 5100 932 5152 σοὶ
987 5100 1134 5153 θύσω
1185 5103 1372 5155 θυσίαν
1412 5105 1692 5168 αἰνέσεως,
1733 5125 1751 5157 ι
1787 5109 1835 5158 εἰ
1888 5109 1960 5178 μὴ

400 5189 626 5254 δειλίας,
663 5191 757 5243 καὶ
789 5191 1096 5262 ῥᾳθυμίας,
1130 5195 1484 5257 πολυῡπνίας,
1516 5197 1610 5247 καὶ
1636 5197 1960 5264 ἡδυφαγίας,

401 5283 459 5346 ἐξ
491 5274 566 5336 ὧν
587 5283 648 5335 τδ
685 5283 920 5347 πταίειν,
949 5283 1215 5355 ἐπιθυμίᾳ
1243 5286 1354 5338 τῶν
1400 5288 1722 5356 κρειττόνων
1744 5330 1757 5350 ,
1796 5292 1964 5361 ἀπορ-

403 5377 564 5443 ραγῇ.

473 5462 560 5531 ρδῖ
601 5465 746 5529 Ἕξω
774 5464 868 5518 τοῦ
892 5464 1107 5535 πρώτου
1157 5467 1641 5536 καταπετάσματος
1671 5468 1883 5522 ἵσταται
1910 5472 1965 5522 ὲν

399 5556 530 5625 εὐχῇ
560 5559 588 5610 6
641 5557 1005 5627 ῥεμϐόμενος·
1056 5559 1262 5611 ἔνδοθεν
1295 5559 1351 5611 δὲ
1397 5560 1645 5626 γίνεται,
1679 5560 1706 5612 6
1749 5561 1966 5629 μονολό-

398 5665 583 5713 γιστον
615 5648 855 5714 ὶξανύων
888 5649 1080 5719 αὐτήν.
1115 5650 1288 5712 Μόνος
1317 5651 1372 5702 δὲ
1414 5653 1493 5713 είς
1536 5653 1605 5704 τὰ
1655 5653 1818 5721 ’Λγια
1859 5653 1968 5706 τῶν

399 5741 570 5803 ὰγῐων
595 5741 932 5810 παρέκυψεν,
972 5745 997 5793 6
1026 5743 1165 5810 μετὰ
1192 5744 1287 5812 τῆς
1331 5743 1553 5814 εἰρήνης
1584 5746 1690 5798 τῶν
1725 5745 1968 5812 φυσικῶν

469 5936 514 5970 ¹⁹
533 5937 690 5994 Cant.
732 5957 828 5999 vn.
864 5941 954 5995 lt“.
1030 5940 1070 5974 ¹¹
1109 5939 1250 5997 Psal.
1281 5957 1401 5998 ειν,
1440 5942 1522 5998 16.
1552 5943 1637 5998 l7.

2080 4692 2478 4760 circumspicit,
2506 4691 2598 4760 qui
2627 4690 2682 4744 in
2711 4706 2775 4744 ea
2805 4690 3112 4745 libertatem
3147 4689 3514 4758 ﬁduciamque
3545 4705 3657 4742 non

2077 4794 2162 4839 85'.
2208 4791 2558 4838 consecutus.

2152 4896 2276 4950 105.
2335 4895 2456 4948 Non
2510 4901 2690 4962 potest
2757 4892 2973 4947 animus
3028 4892 3172 4945 inter
3215 4891 3483 4945 orandum
3541 4891 3653 4944 Deo

2081 4986 2312 5041 ﬁdenter
2358 4986 2542 5040 dicere
2585 5002 2598 5037 :
2637 5003 2655 5034 ι
2729 4984 2986 5053 Dirupisti
3023 4983 3243 5037 vincula
3328 4999 3473 5048 mea,
3555 4985 3653 5038 tibi

2079 5057 2398 5131 sacriﬁcabo
2419 5076 2652 5130 hostiam
2673 5076 2849 5130 laudis
2869 5075 2932 5138 ”,
2958 5094 2978 5126 ι
3005 5076 3108 5129 nisi
3129 5091 3156 5128 a
3178 5075 3656 5145 pusillanimitate,

2079 5169 2353 5232 socordia,
2379 5168 2700 5233 voracitate,
2741 5179 2798 5223 et
2843 5168 3106 5238 ingluvie,
3131 5168 3335 5236 quibus
3379 5168 3655 5236 delinqui-

2081 5270 2188 5324 tur,
2227 5259 2504 5315 desiderio
2543 5260 2832 5317 meliorum
2885 5275 3006 5314 sese
3040 5259 3363 5314 asseruerit.

2157 5473 2275 5528 104.
2304 5471 2468 5525 Extra
2505 5471 2739 5539 primum
2793 5471 2972 5524 velum
3011 5479 3118 5524 stat
3159 5469 3254 5539 qui
3302 5469 3356 5523 in
3407 5470 3655 5524 oratione

2077 5564 2440 5622 distrahitur;
2476 5563 2618 5615 intra
2654 5577 2802 5622 vero,
2839 5562 2932 5630 qui
2959 5577 3077 5615 eam
3103 5560 3206 5614 sibi
3238 5559 3340 5614 soli
3375 5558 3654 5627 loquendo

2076 5659 2331 5715 absolvit.
2373 5658 2536 5713 Solus
2574 5665 2756 5709 autem
2795 5655 2848 5707 in
2907 5654 3023 5723 ipsa
3077 5655 3274 5707 Sancta
3331 5661 3651 5706 sanctorum

2076 5752 2407 5822 introspicit,
2471 5750 2564 5820 qui
2615 5747 2959 5804 naturalibus
3019 5745 3450 5814 cogitationibus
3515 5757 3651 5813 pace
