4100 6418
385 412 524 479 ΗΠ

1778 401 1975 462 ELl/E
2018 400 2266 462 ECDlCl

3527 405 3654 474 1148

381 526 726 598 compositis,
749 531 808 580 et
831 522 900 578 de
959 518 1222 574 felicitate
1263 531 1484 572 omnem
1543 516 1959 587 intelligentiam

2085 509 2381 578 λογισμῶν,
2418 513 2513 566 καὶ
2540 514 2607 566 τὰ
2633 516 2760 584 περὶ
2789 517 2888 587 τῆς
2921 519 3099 572 πάντα
3130 519 3255 574 νοῦν
3287 523 3661 596 ὑπερεχούσης

382 629 682 690 superante
701 614 1019 677 meditatur,
1051 619 1109 665 et
1132 609 1260 664 inde
1296 609 1454 680 quasi
1495 609 1683 664 divina
1723 609 1960 678 quadam

386 710 727 782 apparitione
769 707 1094 760 honoratur.

463 803 581 858 105.
611 801 747 856 Cum
779 798 848 852 ab
875 795 1119 852 externis
1145 795 1329 849 anima
1361 809 1481 850 sese
1543 807 1772 847 vacuam
1824 806 1965 860 pra:-

387 893 608 958 stiterit,
641 901 753 945 tum
786 905 908 944 eam
953 888 1172 943 ﬂamma
1206 887 1456 957 quaedam
1511 885 1755 955 undique
1807 898 1964 939 com-

385 987 540 1056 plexa
571 982 1004 1054 quodammodo,
1035 997 1138 1038 ceu
1167 981 1309 1052 ignis
1349 979 1582 1045 ferrum,
1614 987 1785 1032 totam
1840 989 1972 1032 can-

385 1079 607 1135 dentem
664 1077 867 1140 edicit;
928 1085 985 1131 et
1036 1090 1163 1130 cum
1209 1075 1284 1130 sit
1322 1075 1506 1128 anima
1561 1073 1781 1136 eadem,
1857 1087 1969 1126 non

388 1181 572 1226 tamen
604 1180 686 1226 est
719 1167 1152 1232 contrectabilis,
1185 1175 1247 1222 ut
1269 1181 1449 1236 neque
1480 1165 1686 1220 ferrum
1737 1165 1968 1235 ignitum

388 1264 644 1320 manibus
691 1263 929 1331 contingi
977 1269 1180 1332 potest.

463 1355 586 1408 106.
613 1355 816 1409 Beatus
841 1354 935 1422 qui
964 1354 1020 1407 in
1051 1353 1155 1406 bac
1182 1351 1293 1407 vita
1322 1351 1448 1407 talis
1475 1350 1716 1422 spectari
1744 1347 1970 1414 meruit,

385 1457 442 1503 et
475 1447 830 1503 simulacrum
872 1461 1033 1500 suum
1069 1445 1202 1515 (boc
1243 1453 1330 1500 est
1374 1444 1614 1497 animam
1649 1442 1744 1497 Dei
1777 1441 1972 1512 imagi-

387 1542 558 1613 nem),
593 1550 785 1596 natura
825 1542 973 1596 velut
1000 1540 1236 1604 luteum,
1278 1539 1456 1610 gratia
1486 1539 1708 1609 igneum
1737 1536 1968 1608 aspexit.

459 1635 582 1690 107.
620 1635 856 1690 Novitiis
885 1635 1070 1689 adhuc
1094 1649 1194 1688 seu
1228 1633 1503 1688 tironibus
1523 1633 1610 1687 lex
1631 1631 1823 1686 orandi
1856 1640 1974 1684 tan-

387 1745 553 1798 quam
581 1729 851 1783 molestus
872 1726 1074 1796 aliquis
1093 1734 1149 1781 et
1174 1741 1430 1780 morosus
1452 1725 1712 1779 dominus
1733 1723 1973 1792 imponi-

389 1828 509 1883 tur;
537 1815 984 1887 provectioribus
1003 1823 1188 1870 autem
1211 1823 1299 1871 est
1322 1830 1498 1881 amor,
1526 1830 1636 1884 quo
1661 1813 1973 1868 esurientes

389 1907 541 1962 velut
569 1907 636 1962 ad
672 1909 990 1962 convivium
1017 1914 1404 1977 sumptuosum
1434 1905 1864 1975 compelluntur.

462 2001 584 2055 108.
618 1999 723 2066 Qui
786 2001 957 2070 probe
1009 2001 1065 2055 in
1099 2001 1213 2055 vita
1271 2001 1450 2055 activa
1501 2007 1818 2065 versantur,
1878 2014 1978 2054 eos

390 2090 570 2145 oratio
598 2090 901 2156 interdum,
965 2100 1026 2145 ut
1076 2091 1256 2146 nubes
1317 2089 1683 2156 obumbrans,
1752 2099 1981 2146 urentes

391 2183 786 2254 cogitationum
839 2183 1024 2239 radios
1079 2183 1148 2237 ab
1215 2183 1324 2238 illis
1381 2193 1534 2238 arcet
1575 2199 1640 2238 ac
1693 2182 1976 2238 defendit:

392 2276 673 2331 interdum
702 2277 1066 2347 lacrymarum
1097 2279 1251 2347 quasi
1289 2276 1586 2332 stillicidiis
1615 2291 1712 2331 eos
1746 2275 1979 2346 perfun-

393 2369 495 2433 dit,
529 2385 593 2423 ac
620 2370 932 2438 spiritualia
957 2386 1079 2439 qua:
1120 2371 1569 2440 contemplemur
1609 2370 1975 2426 demonstrat.

465 2459 590 2515 109.
627 2459 826 2514 Suavis
845 2460 1067 2530 quidem
1101 2461 1412 2530 reperietur
1443 2476 1615 2516 sonus
1658 2460 1728 2516 ab
1790 2461 1978 2530 aliquo

391 2551 703 2608 forinsecus
757 2553 1022 2622 pulsatae;
1059 2554 1242 2608 anima
1283 2571 1436 2619 vero,
1483 2569 1594 2608 non
1636 2562 1978 2608 consonante

389 2649 497 2704 sibi
530 2650 671 2705 intra
702 2651 1010 2706 orationem
1063 2653 1292 2722 mystica
1321 2651 1564 2722 Spiritus
1611 2651 1975 2716 allocutione,

390 2750 632 2796 sanctam
664 2743 871 2799 sentire
896 2745 1088 2814 nequit
1128 2746 1638 2818 compunctionem.
1673 2746 1801 2804 Haec
1827 2747 1975 2802 enim

390 2835 581 2899 verba,
617 2855 636 2888 ι
705 2836 847 2903 Quid
897 2853 1120 2895 oremus
1187 2839 1331 2896 sicut
1361 2850 1581 2911 oportet
1615 2841 1918 2906 nescimus,
1951 2859 1970 2893 ι

389 2927 456 2982 ad
486 2928 592 2984 hoc
623 2928 890 2986 inducunt
913 2941 1184 2988 orantem.

2083 601 2538 672 διασκεπτόμενος
2569 605 2664 658 καί
2693 623 2835 671 τινος
2875 610 3086 664 ἐκεῖθεν
3131 611 3451 683 θεοφανειας
3494 635 3654 672 καταο

2084 691 2197 758 ξιού
2206 712 2387 761 μενος.

2156 784 2252 857 ρε¹.
2299 787 2528 841 Ὀπόταν
2555 790 2663 843 ἀπὸ
2699 790 2809 846 τῶν
2853 793 3052 860 ἔξωθεν
3101 799 3409 868 σχολάσασα
3444 804 3476 872 ἡ
3515 802 3660 873 ψυχὴ

2085 877 2328 948 συναφθῇ
2359 880 2422 948 τῇ
2453 879 2606 950 εὐχῇ,
2638 880 2759 933 τότε
2787 875 2877 934 οἷά
2913 899 2997 947 τις
3031 883 3161 952 φλὸξ
3202 889 3662 957 περικυκλὼσασα

2080 966 2284 1037 ταύτην
2313 969 2494 1040 ἐκείνη
2519 1010 2533 1034 ,
2568 970 2787 1041 σίδηρον
2833 971 3087 1045 καθάπερ
3137 975 3201 1029 τὺ
3241 978 3373 1049 πῦρ,
3409 997 3659 1051 πεπυρα-

2080 1056 2367 1128 κτωμένην
2403 1059 2532 1128 ὅλην
2577 1061 2921 1130 καθίστησιν.
2964 1065 3076 1118 Καὶ
3123 1065 3238 1120 ἐστι
3285 1069 3432 1140 ψυχὴ
3484 1070 3582 1140 μὲν
3625 1073 3659 1143 η

2080 1147 2239 1218 αὐτὴ.
2271 1149 2370 1202 οὐκ
2401 1151 2480 1204 ἔτι
2511 1151 2566 1205 δὲ
2606 1155 2700 1206 καὶ
2727 1155 2892 1224 ἁπτή⁶
2932 1157 3051 1211 οὐδὲ
3081 1161 3191 1232 γὰρ
3222 1163 3251 1216 6
3279 1166 3662 1235 πυρακτωθεὶς

2084 1239 2320 1310 σίδηρος,
2352 1245 2470 1305 ταῖς
2505 1240 2702 1308 ἔξωθεν
2731 1247 2991 1315 ἐπαφαῖς.

2155 1338 2264 1400 pc’.
2296 1333 2578 1403 Μακάριος
2608 1338 2637 1388 6
2669 1337 2726 1389 ὲν
2756 1337 2834 1408 τῷ
2873 1339 2974 1410 βῖῳ
3000 1342 3174 1412 τούτῳ
3216 1345 3415 1399 οὑτωσὶ
3452 1347 3661 1420 θεωρη-

2081 1421 2241 1490 θῆναι
2291 1422 2684 1490 καταξιωθεὶς,
2727 1427 2950 1481 καὶτὸν
3001 1430 3167 1483 αὐτοῦ
3224 1432 3383 1504 φύσει
3437 1436 3661 1508 πήλινον

2080 1512 2390 1582 ἀνδριάντα,
2425 1517 2606 1586 χάριτι
2635 1517 2860 1588 πύρινον
2894 1521 3146 1576 κατιδών.

2155 1604 2254 1674 ρξ’.
2278 1607 2402 1669 Τοῖς
2430 1608 2527 1676 μὲν
2550 1610 2948 1680 εἰσαγομένοις,
2972 1611 3142 1682 βαρὺς
3170 1610 3259 1668 οἷά
3282 1633 3367 1680 τις
3392 1617 3660 1690 δεσπότης

2079 1697 2108 1750 6
2140 1697 2302 1765 νόμος
2339 1699 2612 1754 ἐπίκειται
2639 1701 2738 1770 τῆς
2772 1703 2956 1774 εὐχῆς·
2988 1707 3101 1766 τοῖς
3131 1709 3441 1777 προκόψασι
3473 1711 3550 1769 δὲ.
3583 1713 3660 1778 ὡς

2079 1787 2239 1858 ἔρως,
2263 1793 2291 1844 6
2313 1791 2653 1846 συνελαύνων
2674 1794 2943 1847 πεινῶντα
2960 1795 3213 1868 καθάπερ
3236 1798 3502 1871 πολυτελῆ
3526 1804 3662 1873 πρὸς

2079 1882 2340 1936 ἑστίασιν.

2154 1980 2255 2042 pq’.
2295 1975 2419 2036 Τοῖς
2467 1973 2650 2036 καλῶς
2707 1977 3128 2047 μετερχομένοις
3161 1979 3261 2050 τὴν
3301 1983 3617 2052 πρακτικὴν
3641 2025 3658 2049 ,

2078 2067 2208 2119 ποτὲ
2246 2068 2343 2136 μὲν
2367 2069 2397 2137 ἠ
2422 2068 2553 2138 εὐχὴ
2584 2068 2779 2138 νεφέλη
2809 2070 3062 2140 καθάπερ
3087 2073 3501 2136 ἐπισκιάζουσα.
3533 2077 3660 2139 τοὺς

2078 2159 2406 2221 καυστικοὺς
2445 2159 2699 2229 ἀπείργει
2739 2159 2796 2225 ἐξ
2843 2161 3022 2214 αὐτῶν
3070 2163 3399 2232 λογισμούς⁹
3439 2167 3567 2218 ποτὲ
3599 2167 3657 2220 δὲ

2080 2247 2344 2314 σταγόνας
2379 2243 2465 2301 οἷα
2510 2248 2763 2318 δακρύων
2808 2249 3031 2312 τούτους
3067 2251 3475 2319 ὲπιψεκάζουσα
3499 2296 3515 2319 ,
3546 2252 3660 2306 δει-

2078 2355 2236 2392 κνυσι
2265 2339 2333 2392 τὰ
2362 2342 2708 2409 πνευματικὰ
2737 2341 3092 2413 θεωρήματα.

2149 2428 2249 2498 ρθ’.
2295 2431 2421 2484 Ἡδὺ
2475 2432 2573 2500 μὲν
2615 2433 2832 2500 ἥδυσμα
2883 2435 3114 2504 κιθάρας
3169 2434 3270 2502 τῆς
3319 2435 3660 2504 κρουομένης

2080 2521 2186 2575 ὑπό
2203 2540 2345 2580 τινος
2372 2521 2569 2586 ἔξωθεν
2601 2523 2954 2594 εὑρεθήσεται
2976 2543 2987 2555 ·
3019 2524 3164 2595 ψυχὴ
3185 2525 3259 2586 δὲ,
3292 2526 3364 2592 μὴ
3393 2525 3655 2595 συνηχού-

2080 2628 2180 2682 σης
2213 2613 2350 2682 αὐτῇ
2383 2613 2443 2664 ὲν
2487 2613 2618 2683 εὐχῇ
2654 2615 2750 2680 τῆς
2776 2615 2834 2666 ιν
2885 2615 3156 2684 πνεύματι
3189 2615 3458 2683 μυστικῆς
3491 2632 3656 2684 προσ·

2083 2706 2408 2772 φωνήσεως,
2460 2706 2859 2768 εύκατάνυκτος
2912 2709 2973 2759 οὐ
3017 2707 3224 2774 πέφυκε
3279 2707 3548 2774 γενεσθαι.
3584 2707 3655 2758 Τὸ

2079 2793 2206 2863 γὰρ,
2250 2814 2268 2845 σ
2291 2795 2356 2848 Ti
2382 2797 2792 2866 προσευξόμεθα
2823 2799 2958 2850 καθὸ
2978 2799 3077 2861 δεῖ,
3125 2799 3222 2850 οὐκ
3252 2799 3496 2868 οἴδαμεν,
3524 2817 3543 2851 ι
3565 2797 3657 2851 καὶ

2078 2886 2148 2940 τὰ
2185 2885 2330 2954 ἑξῆς,
2364 2889 2442 2950 εις
2473 2886 2630 2940 τοῦτο
2659 2889 2845 2956 ἐνάγει
2872 2889 2962 2942 τὸν
2983 2890 3437 2960 προσευχόμενον.

1347 3257 1580 3342 ΤΟΥ
1655 3256 2037 3346 ΑΥΤΟΥ
2112 3260 2180 3344 Γ
2187 3257 2711 3345 ΝΩΣΤΙΚΑ.

1100 3433 1412 3495 Φωτίζεται
1441 3437 1588 3503 νοῦς
1616 3437 1961 3508 τνωστικῆς
1987 3441 2238 3508 θεωρίας

1098 3531 1257 3600 Πρὸς
1281 3533 1440 3602 ὕψος
1465 3535 1686 3602 ἀρθεὶς,
1729 3535 1854 3602 τοῖς
1884 3537 1935 3590 δ’
1964 3536 2318 3605 ἐπεντυχὼν
2342 3538 2546 3607 λόγοις
2564 3553 2582 3569 °

1103 3626 1441 3690 Σκοτίζεται
1470 3630 1525 3682 6"
1557 3626 1658 3696 αὖ,
1688 3633 2050 3702 ἐγκλυσθεὶς
2080 3635 2169 3700 εις
2197 3632 2411 3700 πάθος.

988 3967 1526 4058 EJUSDEM
1607 3968 2237 4061 GNOSTICIE
2310 3968 3074 4060 SENTENTUE.

1101 4159 1457 4214 llluminatur
1490 4161 1701 4215 animus
1733 4161 1805 4214 ad
1830 4163 2080 4232 gnosticw
2113 4160 2328 4216 theoria:

1111 4254 1407 4326 Fastigium
1437 4256 1693 4320 elevatus,
1727 4267 1776 4310 et
1811 4259 2040 4311 rationes
2077 4273 2255 4310 rerum
2289 4256 2513 4324 detegit;

1104 4345 1303 4401 Recidit
1337 4363 1456 4400 vero
1487 4349 1539 4401 in
1571 4346 1876 4418 caliginem,
1909 4349 1955 4403 si
1986 4347 2328 4418 demergatur
2353 4347 2406 4399 in
2435 4347 2776 4417 cupiditates.
2840 4386 2842 4390 ν

467 4675 519 4727 1.
563 4671 716 4727 Scire
752 4671 919 4728 debet
940 4673 1222 4743 gnosticus
1257 4673 1480 4742 quando
1507 4675 1729 4748 animus
1757 4675 1811 4729 in
1840 4675 1975 4731 idea-

2157 4676 2227 4731 α’.
2263 4676 2582 4744 ’Δναγκαῖον
2617 4676 2814 4729 εἰδέναι
2853 4676 2945 4728 τδν
2974 4674 3294 4742 γνωστικδν,
3351 4673 3483 4726 πότε
3511 4672 3610 4743 μὲν
3637 4672 3668 4725 6

397 4783 544 4828 rum,
585 4767 808 4836 quando
850 4767 904 4820 in
963 4767 1407 4833 ratiociniorum,
1442 4768 1666 4837 quando
1697 4769 1751 4823 in
1793 4785 1986 4825 sensa-

397 4860 609 4914 tionum
642 4871 896 4914 versetur
918 4861 1165 4928 regione,
1208 4877 1271 4916 ac
1299 4877 1494 4917 rursus
1528 4863 1584 4916 in
1618 4862 1723 4918 bac
1767 4864 1984 4929 ultima,

393 4964 576 5007 utrum
627 4953 681 5006 in
719 4953 1079 5023 tempestivis,
1130 4969 1201 5007 an
1235 4952 1291 5007 in
1333 4953 1738 5024 intempestivis
1793 4972 1984 5013 sensa-

395 5044 637 5099 tionibus
666 5045 838 5114 magis
890 5044 1218 5113 reperiatur.

461 5233 519 5286 2.
549 5229 784 5296 Quando
809 5228 1029 5284 animus
1073 5231 1129 5285 in
1160 5230 1299 5287 idcis
1330 5250 1437 5290 non
1456 5247 1562 5300 est.
1593 5235 1649 5291 in
1675 5238 1985 5294 ratiociniis

391 5336 479 5380 est
511 5339 733 5393 semper
763 5340 777 5388 ;
809 5323 1031 5393 quando
1060 5323 1117 5378 in
1137 5325 1440 5384 ratiociniis
1461 5340 1568 5398 est,
1607 5331 1662 5385 in
1695 5331 1835 5386 ideis
1871 5348 1980 5386 non

393 5427 525 5484 est;
560 5415 785 5486 quando
842 5414 1085 5485 denique
1146 5425 1232 5472 est
1278 5418 1333 5474 in
1383 5422 1814 5489 sensationibus,
1857 5440 1980 5479 cum

397 5508 643 5576 utrisque
679 5515 786 5562 est.
1129 5523 1135 5528 '

465 5622 518 5675 5.
545 5621 644 5674 Per
665 5619 1053 5689 cogitationem
1074 5636 1228 5676 mens
1247 5623 1312 5677 ad
1339 5622 1734 5679 intellectualia
1760 5626 1981 5691 transit,

397 5727 496 5780 per
552 5713 1028 5767 ratiocinationem
1057 5715 1124 5768 ad
1181 5718 1469 5773 rationalia
1518 5721 1679 5787 ratio,
1714 5725 1779 5776 ad
1811 5724 1987 5779 actio-

399 5820 522 5860 nem
563 5821 662 5874 per
708 5806 1154 5876 imaginationem
1191 5825 1409 5865 sensus.

2085 4763 2208 4827 νοῦς
2241 4764 2405 4817 αὐτοῦ
2435 4767 2514 4826 εἰς
2543 4764 2640 4833 τὴν
2686 4763 2868 4834 χώραν
2901 4764 3009 4817 τῶν
3037 4764 3328 4833 νοημάτων
3360 4763 3499 4824 ἐστὶ,
3536 4764 3664 4815 πότε

2084 4853 2160 4915 δὲ,
2195 4854 2274 4916 εἰς
2324 4853 2421 4920 τὴν
2473 4853 2582 4905 τῶν
2629 4852 2904 4921 λογισμῶν
2927 4892 2941 4915 ,
2980 4853 3072 4905 καὶ
3101 4853 3233 4904 πότε
3293 4853 3372 4914 εἰς
3407 4851 3506 4920 τὴν
3543 4849 3666 4903 κατ’

2085 4945 2368 5015 αἴσθησιν·
2419 4945 2511 4997 καὶ
2571 4946 2628 4997 ὲν
2690 4946 2866 5015 ταύτῃ
2921 4943 3102 5006 πάλιν,
3167 4943 3215 4994 εἰ
3276 4942 3334 4993 ὲν
3372 4943 3482 5005 τοῖς
3525 4941 3669 4992 κατὰ

2086 5033 2380 5104 καιρὸν,ἢ
2437 5036 2630 5096 ἐντοῖς
2688 5033 2837 5103 παρὰ
2898 5032 3089 5102 καιρὸν
3153 5031 3352 5101 μᾶλλον
3412 5032 3670 5100 εὑρίσκε-

2086 5143 2195 5178 ται.

2160 5240 2224 5310 β’.
2269 5242 2357 5293 Ἑν
2383 5241 2648 5309 νοήμασιν
2673 5243 2773 5294 οὐκ
2805 5239 2881 5294 ὣν
2912 5243 2940 5294 6
2961 5239 3106 5304 νοῦς,
3143 5242 3200 5293 ὲν
3225 5239 3506 5306 λογισμοῖς
3531 5237 3671 5290 πάν-

2084 5347 2191 5395 τως
2219 5331 2384 5384 ἐστίν.
2448 5331 2537 5384 Ἐν
2589 5333 2871 5402 λογισμοῖς
2923 5332 2980 5384 δὲ
3037 5330 3132 5394 ὢν,
3167 5334 3224 5407 ὲν
3259 5330 3530 5398 νοήμασιν
3568 5329 3672 5381 οὐκ

2087 5424 2233 5476 ἔστιν
2260 5439 2272 5452 ο
2304 5423 2437 5475 ὲνδὲ
2471 5425 2537 5493 τῇ
2573 5423 2824 5494 αἰσθήσει
2885 5422 3196 5490 γινόμενος,
3259 5421 3402 5489 μετὰ
3451 5420 3671 5474 πάντων

2081 5516 2250 5570 ἐστίν.

2149 5635 2217 5696 γ’.
2250 5630 2347 5682 Διὰ
2372 5629 2466 5681 τοῦ
2500 5631 2769 5696 νοή·ι.ατος
2811 5626 2909 5695 μὲν
2942 5629 2970 5678 6
3023 5625 3148 5688 νοῦς
3197 5625 3475 5694 διέρχεται
3527 5624 3664 5693 πρὸς

2078 5721 2144 5773 τὰ
2171 5720 2372 5790 νοητά·
2421 5719 2506 5772 διὰ
2557 5719 2613 5770 δὲ
2647 5718 2737 5770 τοῦ
2771 5715 3035 5785 λογισμοῦ
3057 5755 3069 5778 ,
3103 5715 3239 5785 πρὸς
3301 5714 3369 5766 τὰ
3421 5715 3610 5778 λογικὰ
3640 5714 3676 5765 6

2080 5811 2253 5880 λόγος,
2307 5812 2442 5882 πρὸς
2475 5811 2531 5864 δὲ
2584 5811 2652 5864 τὰ
2685 5808 2986 5878 πρακτικὰ,
3017 5806 3107 5860 διὰ
3142 5807 3238 5875 τῆς
3295 5803 3597 5874 φαντασίας
3631 5802 3672 5870 ἡ

2079 5905 2354 5972 αἴσθησις.
