4100 6536
410 454 547 516 lli)

1603 465 2000 520 UNUSTIL‘M
2027 468 2503 529 SEN'I'EN'I'IAS.

3563 497 3701 552 llbU

485 571 545 624 δ’.
584 572 672 633 Είς
701 573 895 625 ἑαυτὸν
922 574 949 624 6
973 573 1096 637 νοῦς
1130 576 1518 646 συναγόμενος,
1545 578 1714 641 οὐδὲν,
1733 580 1856 633 οῦτε
1887 581 1976 634 τῶε

2189 578 2242 631 4.
2276 577 2338 631 ln
2361 580 2605 650 seipsum
2636 582 2858 638 animus
2897 588 3253 656 recoliectus,
3301 593 3440 649 nihil
3475 611 3540 650 ex"
3571 614 3702 654 sen-

413 665 534 714 κατ’
567 661 848 732 αἴσθησιν,
883 661 1004 716 οῦτε
1033 665 1140 716 τῶν
1169 665 1309 718 κατά
1336 666 1594 735 λογισμὸν
1628 668 1823 739 θεωρεῖ
1849 688 1863 702 ’
1894 688 1996 740 γυο

413 753 578 822 μνοὺς
604 752 660 804 δὲ
685 753 814 816 νόας
843 755 932 806 καὶ
957 754 1106 816 Θείας
1129 755 1305 822 αὐγὰς
1353 755 1656 824 βλυζούσας
1686 760 1907 831 είρήνην
1935 777 1995 814 τε

407 843 502 895 καὶ
528 843 724 913 χαράν,

476 959 537 1005 ε’.
578 953 741 1005 Ἀλλο
776 953 804 1004 6
843 953 966 1016 νοῦς
995 954 1090 1007 τοῦ
1109 955 1455 1025 πράγματος,
1485 959 1581 1010 καὶ
1605 960 1734 1014 ἄλλο
1763 961 1793 1015 6
1821 962 1980 1030 λόγος

399 1043 593 1103 αὑτοῦ,
617 1045 711 1095 καὶ
735 1044 922 1114 ἕτερον
956 1045 1016 1097 τὸ
1050 1045 1154 1097 61:6
1183 1047 1281 1115 τὴν
1315 1047 1571 1117 αἴσθησιν
1605 1051 1938 1120 ἀναγόμενον
1969 1071 1983 1086 ⁸

397 1137 498 1186 καὶ
521 1135 582 1187 :6
602 1135 702 1204 μέν
734 1137 882 1187 ἐστιν
906 1135 1082 1201 οὐσία,
1114 1137 1174 1189 τὸ
1206 1137 1284 1202 δὲ,
1323 1139 1670 1210 συμϐεϐηκός
1700 1159 1712 1172 '
1746 1144 1806 1197 τὸ
1838 1145 1916 1210 δὲ,
1950 1147 1984 1216 ή

397 1223 494 1276 τοῦ
526 1225 890 1293 ὑποκειμένου
921 1225 1171 1294 διαφορά.

473 1323 550 1380 ς’.
593 1316 797 1376 Πολλὰς
835 1316 987 1378 ὁδοὺς
1039 1315 1358 1384 ἀνατέμνων
1409 1318 1438 1369 6
1487 1315 1632 1380 νοῦς,
1685 1318 1982 1388 ἀκόρεστος

396 1408 677 1460 δείκνυται
705 1422 718 1436 ⁸
774 1407 911 1476 πρὸς
970 1407 1099 1477 μίαν
1143 1407 1198 1460 δὲ
1257 1407 1624 1478 συναγόμενος
1661 1409 1756 1476 τῆς
1793 1409 1978 1478 εὐχῆς,

399 1499 510 1568 πρὸ
539 1501 639 1570 τῆς
665 1499 956 1565 ὲντελείας,
996 1502 1495 1571 στενοχωρούμενος
1524 1503 1794 1570 φαίνεται,
1827 1502 1982 1554 λιπα-

403 1589 512 1659 ρῶν
539 1591 633 1643 τὸν
676 1591 904 1661 μέτοχον
941 1591 1276 1662 ἀπολυθῆναι
1333 1593 1468 1661 πρὸς
1507 1593 1575 1645 τὰ
1635 1595 1730 1662 ἀφ’
1782 1587 1856 1646 ὧν
1892 1593 1979 1658 ἐξ·

404 1681 680 1750 ιλήλυθεν.

355 1807 363 1820 .
473 1771 807 1836 ζ’.”Ανωθεν
855 1773 1092 1843 ἠγμένος
1135 1774 1163 1826 6
1211 1775 1370 1839 νοῦς,
1433 1774 1533 1827 οὐκ
1590 1775 1982 1846 ἀναδραμεῖται

407 1858 564 1926 αὖθις
614 1865 814 1929 ἐκεῖσε,
875 1866 923 1916 si
980 1864 1055 1934 μὴ
1104 1865 1314 1918 τελείαν
1350 1865 1449 1934 τὴν
1493 1866 1642 1918 κάτω
1699 1866 1983 1934 ποιήσεται

408 1955 829 2024 καταφρόνησιν,
867 1955 954 2007 διὰ
981 1958 1078 2022 τῆς
1116 1956 1244 2025 περὶ
1289 1957 1357 2008 τὰ
1386 1955 1503 2008 θεῖα
1539 1956 1756 2025 σχολῆς.

483 2044 551 2110 η’.
592 2046 650 2097 Ei
683 2045 756 2115 μὴ
787 2045 885 2117 τὴν
919 2037 1097 2116 ψυχήν
1116 2063 1208 2098 σου
1235 2045 1366 2117 δύνῃ
1403 2048 1538 2116 μετά
1565 2049 1740 2118 μόνων
1763 2048 1983 2116 ποιῆσαι

402 2133 512 2187 τῶν
533 2135 660 2204 περὶ
681 2136 850 2204 αὐτὴν
882 2136 1186 2205 λογισμῶν,
1218 2136 1320 2189 κᾶν
1346 2138 1407 2191 τὸ
1437 2137 1596 2208 σῶμά
1618 2155 1711 2191 σου
1734 2137 1987 2209 μονάζειν

401 2225 731 2293 ἀνάγκασον,
766 2227 863 2296 τὴν
913 2229 1039 2298 περὶ
1073 2228 1204 2281 αὐτὸ
1234 2229 1523 2299 ἀθλιότητα
1550 2230 1842 2295 διαπαντὸς
1881 2233 1973 2284 ὲν-

402 2317 711 2388 νοούμενος.
743 2317 900 2374 Οῦτω
918 2319 1026 2389 γὰρ
1048 2320 1126 2390 τῷ
1151 2320 1349 2390 χρόνῳ,
1379 2320 1516 2373 ἐλέει
1546 2321 1702 2387 Θεοῦ,
1738 2324 1830 2376 καὶ
1849 2324 1985 2393 πρὸς

398 2411 458 2462 τὸ
528 2412 744 2483 πρῶτον
805 2411 1140 2483 ἀναδραμεῖν
1222 2413 1448 2482 δυνήσῃ,
1528 2412 1628 2482 τῆς
1706 2415 1985 2482 εὐγενείας

398 2501 636 2570 ἀξίωμα.

467 2610 533 2665 θ’.
579 2614 636 2666 '0
670 2616 771 2684 μὲν
799 2617 1106 2686 πρακτικὸς
1129 2659 1144 2684 ,
1179 2617 1509 2672 ὖποτάσσειν
1539 2620 1630 2672 τὸν
1664 2619 1792 2675 νοῦν
1817 2621 1980 2676 εὖκό·

397 2703 504 2767 λως
526 2705 751 2758 δύναται
797 2709 863 2776 τῇ
897 2708 1031 2779 εὐχῇ
1064 2724 1079 2740 θ
1106 2711 1134 2761 6
1169 2709 1224 2762 δὲ
1254 2709 1609 2779 θεωρητικὸς,
1666 2711 1765 2781 τὴν
1815 2713 1982 2784 εὐχὴν

396 2793 474 2862 τῷ
501 2795 584 2846 νοΐ
614 2812 628 2826 ·
663 2798 690 2847 6
725 2797 824 2865 μὲν
855 2799 964 2850 ἀπὸ
991 2798 1099 2852 τῶν
1130 2800 1473 2868 φαινομένων
1509 2800 1812 2854 συστέλλων
1845 2820 1978 2872 σχη-

401 2887 587 2952 μάτων
611 2887 712 2954 τὴν
746 2887 1022 2952 αίσθησιν,
1058 2890 1086 2942 6
1119 2889 1295 2959 δὲτὴν
1327 2890 1504 2960 ψυχὴν
1545 2893 1682 2962 πρὸς
1714 2892 1840 2964 rei);
1883 2896 1978 2962 ἑγ-

398 2980 816 3048 κεκρυμμένους
869 2985 985 3044 τοῖς
1044 2984 1286 3054 σχήμασι
1337 2984 1528 3052 λόγους
1570 2985 1976 3054 μεταϐιϐάζων.

399 3068 508 3120 Καὶ
530 3070 557 3121 6
584 3070 682 3138 μὲν
718 3073 989 3140 σωμάτων
1025 3073 1203 3127 πείθει
1232 3073 1422 3143 λόγους
1454 3075 1544 3129 τὸν
1583 3076 1707 3130 νοῦν
1739 3079 1974 3146 ἀγνοεῖν,

401 3161 431 3211 6
483 3161 539 3213 δὲ
595 3163 905 3231 ἀσωμάτων
959 3169 1263 3220 κατανοεῖν.
1309 3166 1600 3236 ’Δσὼματα
1644 3169 1702 3222 δέ
1732 3171 1836 3224 είσι
1891 3171 1979 3224 λό-

397 3265 488 3317 γοι
517 3252 812 3317 σωμάτων,
842 3254 1102 3324 ίδιότητές
1140 3272 1222 3322 τε,
1260 3259 1353 3310 καὶ
1377 3259 1554 3312 οὐσίαι
1585 3260 1784 3316 αὐτῶν.

471 3347 524 3397 ι’.
580 3342 753 3396 Ὅταν
814 3345 906 3397 τὸν
965 3346 1091 3400 νοῦν
1139 3365 1234 3402 σου
1275 3351 1372 3421 τῆς
1403 3351 1513 3403 τῶν
1546 3351 1840 3421 σωμάτων,
1882 3354 1977 3408 καὶ

397 3433 721 3500 χρημάτων,
756 3437 850 3488 καὶ
886 3437 1193 3507 βρωμάτων
1223 3441 1556 3511 ἡδυπαθείας
1579 3443 1972 3517 ἐλευθερώσῃς.

396 3521 519 3574 τότε
547 3524 641 3575 καὶ
665 3523 802 3594 ὅπερ
831 3527 897 3578 ἂν
921 3529 1100 3597 ποιῇς,
1130 3529 1304 3599 δῶρον
1355 3531 1594 3602 καθαρὸν
1624 3533 1701 3603 τῷ
1730 3534 1849 3605 Θεῷ
1887 3535 1978 3588 λο-

398 3613 736 3683 γισθήσεται,
797 3617 1208 3688 ἁντιδοθήσεται
1261 3621 1317 3673 δέ
1378 3637 1482 3688 σοι,
1533 3623 1595 3676 τὸ
1638 3624 1974 3695 διανοιγῆναι

398 3701 522 3764 τοὺς
552 3705 652 3770 τῆς
692 3703 920 3773 καρδίας
945 3722 1040 3759 σου
1081 3707 1412 3776 ὀφθαλμοὺς,
1441 3711 1534 3763 καὶ
1564 3715 1777 3782 τρανῶς
1805 3715 1975 3785 ἐμμε-

405 3793 560 3864 λετᾷν
611 3794 740 3856 τοὺς
774 3795 1262 3868 ἐγγεγραμμένους
1295 3803 1352 3854 ὲν
1383 3801 1532 3872 αὑτῷ
1576 3803 1766 3872 λόγους
1801 3805 1968 3870 Θεοῦ·

402 3885 592 3948 οἵτινες
627 3885 766 3957 ὑπὲρ
793 3886 916 3956 μέλι
952 3889 1048 3942 καὶ
1077 3892 1289 3961 κηρίον,
1335 3894 1413 3966 τῷ
1441 3895 1617 3966 νοητῷ
1671 3913 1764 3950 σου
1821 3898 1971 3966 λογι-

400 3977 692 4044 σθήσονται
739 3976 998 4049 λάρυγγι,
1028 3985 1093 4054 τῇ
1131 3986 1227 4037 ἀπ’
1258 3985 1438 4040 αὐτῶν
1490 3988 1806 4062 ὲκδιδομένῃ
1840 3991 1970 4062 ἡδύ-

396 4083 539 4133 τητι

468 4168 554 4213 ια’.
590 4165 665 4217 Οὐ
695 4166 904 4236 δυνήσῃ
935 4166 1203 4234 σωμάτων
1231 4167 1324 4219 καὶ
1373 4167 1669 4238 χρημάτων
1729 4173 1823 4224 καὶ
1872 4173 1972 4241 τῆς

395 4251 503 4305 τῶν
533 4254 633 4307 οὐκ
655 4256 971 4324 ἀναγκαίων
1005 4255 1313 4327 βρωμάτων
1346 4259 1640 4328 ἐπιθυμίας
1669 4261 1971 4332 ὑπέρτερον

395 4341 621 4411 ποιῆσαι
639 4345 730 4397 τὸν
769 4347 913 4411 νοῦν,
948 4347 997 4399 εἱ
1035 4347 1110 4416 μὴ
1143 4349 1198 4399 ὲν
1234 4349 1301 4418 τῇ
1337 4349 1553 4420 καθαρᾷ
1584 4351 1695 4403 τῶν
1748 4352 1970 4407 δικαίων

395 4430 549 4501 χώρᾳ
575 4433 799 4506 εἰσάξῃς
848 4435 1009 4488 αὐτόν
1041 4452 1056 4468 ·
1092 4434 1212 4488 καθ’
1240 4436 1306 4507 ἢν
1342 4439 1376 4507 ἦ
1399 4455 1458 4490 τε
1485 4438 1578 4492 τοῦ
1606 4421 1854 4504 θανάτου,
1878 4443 1971 4494 καὶ

395 4523 430 4591 ή
454 4522 549 4575 τοῦ
599 4525 735 4579 Θεοῦ
802 4528 990 4598 μνήμη
1067 4529 1528 4598 ὲπαναϐλύσασα,
1599 4534 1706 4586 ἀπὸ
1777 4537 1972 4606 γηϊνης

2121 668 2450 735 sationibus,
2497 671 2730 728 nihilex
2761 675 3074 732 ratiociniis
3135 681 3420 749 perspicit,
3450 687 3546 740 sed
3595 704 3700 742 nu-

2118 760 2216 816 das
2244 762 2396 817 ideas
2433 764 2760 836 divinosque
2784 767 3110 837 splendores
3133 787 3164 825 a
3195 773 3401 841 quibus
3441 789 3702 832 emanant

2117 870 2220 924 pax
2254 863 2311 910 et
2345 856 2552 911 laetitia.

2189 948 2242 1002 5.
2286 947 2450 1004 Aliud
2507 950 2628 1006 idea
2685 952 2790 1018 rei,
2838 953 2989 1008 aliud
3031 955 3155 1025 ejus
3182 957 3344 1025 ratio,
3401 967 3458 1013 et
3546 961 3699 1016 aliud

2113 1039 2404 1094 sensibiles
2428 1040 2549 1110 ejus
2579 1045 2946 1112 proprietates
2986 1064 2998 1100 :
3031 1047 3270 1116 primum
3297 1057 3386 1104 est
3411 1053 3650 1107 essentia
3677 1071 3693 1119 ;

2113 1131 2438 1199 secundum,
2494 1134 2838 1204 accidentia;
2904 1140 3152 1206 tertium,
3218 1142 3455 1213 subjecti
3533 1145 3699 1202 dill‘e-

2114 1223 2314 1277 rentia.

2184 1313 2238 1367 6.
2268 1314 2475 1371 Multas
2532 1317 2650 1371 vias
2684 1332 2877 1373 secans
2901 1319 3142 1386 animus,
3168 1320 3500 1379 insatiabilis
3533 1325 3695 1380 vide-

2114 1417 2234 1470 tur;
2301 1406 2562 1462 redactus
2633 1417 2819 1462 autem
2861 1410 2928 1464 ad
2977 1427 3142 1466 unam
3191 1415 3460 1471 orationis
3525 1417 3693 1483 viam,

2115 1497 2439 1567 priusquam
2507 1501 2788 1568 perfectus
2812 1502 2905 1567 sit,
2929 1513 3012 1557 est
3040 1505 3192 1559 velut
3232 1507 3411 1562 viator
3442 1511 3695 1580 angustia

2109 1602 2356 1656 pressus,
2391 1591 2484 1661 qui
2536 1590 2743 1662 ﬂagitat
2795 1595 3053 1649 comitem
3105 1605 3166 1650 ut
3221 1597 3412 1652 redeat
3445 1614 3513 1654 eo
3537 1600 3688 1656 unde

2108 1681 2264 1735 exiit.
3476 1756 3482 1761 θ

2178 1773 2230 1828 7.
2265 1773 2367 1829 Ubi
2393 1775 2960 1854 descenditanimus,
3006 1794 3119 1834 non
3181 1779 3382 1835 iterum
3418 1780 3688 1846 ascendit,

2108 1864 2213 1918 nisi
2250 1881 2373 1934 quae
2434 1867 2691 1921 deorsum
2723 1879 2852 1924 sunt
2902 1871 3144 1940 perfecte
3190 1871 3478 1942 despiciat,
3523 1872 3693 1927 rebus
3791 1863 3796 1866 ’

2040 1929 2076 1980 Β
2107 1956 2312 2012 divinis
2349 1962 2617 2014 vacando.

2175 2049 2227 2103 8.
2261 2049 2318 2104 Si
2352 2051 2568 2107 efﬁcere
2615 2069 2860 2123 nequeas
2899 2062 2960 2108 ut
2985 2055 3169 2109 anima
3224 2063 3315 2110 tua
3373 2054 3441 2110 de
3472 2071 3530 2109 se
3573 2055 3688 2110 sola

2103 2142 2326 2210 cegitet,
2355 2141 2651 2212 ipsummet
2699 2160 2900 2214 corpus
2940 2145 3184 2200 invitum
3219 2145 3328 2200 duc
3353 2145 3409 2198 in
3433 2145 3690 2200 solitudi-

2105 2247 2255 2296 nem,
2287 2234 2356 2288 de
2381 2234 2498 2288 sola
2527 2235 2647 2306 ejus
2701 2235 2925 2290 miseria
2969 2252 3189 2307 semper
3241 2237 3540 2291 meditans.
3597 2235 3688 2291 Sic

2102 2324 2250 2377 enim
2276 2325 2519 2392 tandem,
2556 2326 2652 2381 Dei
2679 2327 3085 2394 misericordia,
3121 2329 3191 2384 ad
3220 2328 3541 2398 primaevam
3567 2329 3685 2386 ori-

2103 2414 2248 2485 ginis
2279 2415 2604 2487 dignitatem
2637 2417 2819 2474 redire
2854 2419 3086 2490 poteris.

2171 2606 2226 2662 9.
2254 2606 2540 2662 Practicus
2563 2606 2787 2676 quidem
2847 2606 3006 2663 facile
3038 2607 3312 2678 subjicere
3359 2614 3544 2677 potest
3564 2609 3685 2663 ani-

2099 2715 2248 2755 mum
2267 2699 2525 2765 orationi,
2559 2699 2897 2754 theoreticus
2929 2714 3060 2753 vero
3088 2699 3394 2754 orationem
3430 2700 3619 2755 animo
3667 2721 3680 2756 :

2101 2791 2194 2846 ille
2218 2806 2284 2846 ex
2316 2789 2716 2861 apparentibus
2764 2789 2958 2843 formis
2985 2789 3248 2859 colligens
3287 2789 3683 2861 sensationem,

2102 2882 2194 2936 hic
2222 2883 2460 2936 animam
2492 2879 2558 2934 ad
2593 2880 2831 2935 latentes
2865 2881 2968 2934 sub
2995 2879 3190 2934 formis
3219 2881 3463 2936 rationes
3494 2889 3680 2936 trans-

2099 2974 2307 3028 ferens.
2354 2973 2510 3029 Unus
2545 2971 2717 3026 menti
2763 2971 2958 3026 suadet
2999 2979 3060 3025 ut
3113 2987 3410 3041 corporum
3436 2972 3679 3027 rationes

2097 3066 2350 3135 ignoret;
2378 3063 2540 3130 alter,
2565 3071 2626 3117 ut
2649 3061 3021 3130 incorporalia
3062 3061 3378 3132 concipiat:
3423 3063 3677 3133 incorpo-

2097 3157 2230 3212 ralia
2256 3166 2440 3212 autem
2468 3165 2597 3211 sunt
2653 3169 2949 3226 corporum
2981 3154 3249 3220 rationes,
3310 3156 3678 3226 proprietates

2019 3267 2064 3326 ο
2095 3261 2151 3306 et
2188 3250 2464 3306 essentia.

2166 3343 2254 3396 10.
2279 3341 2420 3398 Cum
2482 3350 2723 3397 mentem
2770 3349 2918 3396 tuam
2949 3355 2980 3394 a
3051 3341 3469 3410 perturbatione
3523 3342 3672 3396 circa

2094 3450 2346 3503 corpora,
2412 3433 2558 3489 circa
2602 3449 2785 3489 eseam
2845 3441 2904 3488 et
2976 3433 3266 3504 pecuniam
3325 3432 3673 3498 liberaveris,

2096 3534 2226 3580 tunc
2257 3526 2424 3591 Deus,
2446 3523 2592 3595 quod
2621 3523 2820 3580 feceris
2848 3539 2949 3596 pro
2971 3540 3200 3579 munere
3228 3540 3370 3594 puro
3391 3533 3673 3594 agnoscet,

2090 3626 2149 3674 et
2178 3628 2230 3674 te
2263 3633 2628 3672 remunerans
2654 3617 2868 3687 aperiet
2913 3617 3105 3671 oculos
3149 3617 3333 3672 cordis
3363 3617 3462 3680 tui,
3527 3626 3588 3672 ut
3619 3618 3672 3673 in

2091 3709 2433 3765 absconditis
2485 3709 2539 3762 in
2569 3724 2638 3763 eo
2669 3709 2873 3763 divinis
2924 3709 3139 3780 legibus
3169 3711 3465 3780 perspicue
3495 3711 3670 3766 medi-

2093 3803 2227 3858 teris
2259 3821 2271 3856 :
2308 3818 2430 3867 qua:
2463 3800 2823 3854 intellectuali
2865 3801 3074 3871 gutturi
3113 3809 3208 3855 tuo
3241 3812 3471 3872 propter
3500 3803 3669 3858 emis-

2088 3910 2201 3948 sam
2230 3910 2297 3948 ex
2329 3909 2387 3947 se
2418 3891 2744 3946 suavitatem
2774 3906 2941 3962 super
2966 3891 3072 3946 mel
3100 3901 3157 3947 et
3197 3890 3382 3946 favum
3421 3893 3670 3949 dulciora

2087 3992 2274 4040 οτυηι.

2159 4148 2244 4202 ll.
2275 4147 2391 4202 Non
2428 4144 2636 4214 poteris
2688 4142 2933 4196 animum
2973 4156 3343 4210 acorporum,
3404 4143 3662 4213 pecunia-

2088 4257 2234 4304 rum,
2263 4240 2552 4309 epularum
2612 4235 3064 4304 concupiscentia
3097 4236 3361 4290 invictum
3411 4237 3664 4301 reddere,

2084 4336 2188 4390 nisi
2221 4349 2348 4388 cum
2377 4333 2432 4386 in
2468 4346 2664 4402 puram
2694 4332 2972 4401 justorum
3020 4330 3302 4400 regionem
3340 4330 3661 4386 introduxe-

2084 4429 2182 4490 ris,
2217 4427 2311 4481 ubi
2364 4424 2559 4478 mortis
2591 4433 2646 4477 et
2678 4422 2775 4476 Dei
2831 4423 3096 4477 memoria
3146 4438 3314 4492 super
3375 4439 3500 4478 eum
3547 4441 3660 4479 sca-

2084 4517 2344 4588 turiginis
2372 4516 2545 4570 instar
2570 4529 2892 4583 erumpens,
2925 4529 2956 4569 e
2985 4521 3208 4569 terreno
3244 4515 3412 4571 corde
3445 4531 3662 4572 onmem

2010 4615 2052 4668 D
2081 4611 2469 4683 cogitationem
2497 4607 2871 4678 insurgentem
2892 4607 3060 4662 eluet.

2154 4703 2243 4756 12.
2275 4700 2424 4756 Nihil
2465 4713 2645 4767 neque
2677 4697 3011 4766 cogitatione
3065 4697 3260 4750 mortis
3310 4697 3659 4761 horribilius,

2080 4811 2262 4866 neque
2315 4791 2699 4847 recordatione
2738 4791 2836 4844 Dei
2900 4789 3218 4843 mirabilius
3253 4798 3357 4842 est.
3411 4790 3502 4843 Illa
3559 4791 3656 4842 tri-

2070 4887 2279 4942 stitiam
2329 4883 2623 4937 salutarem
2679 4882 2965 4945 continet;
2998 4881 3116 4934 haec
3172 4879 3418 4934 laztitiam
3467 4881 3654 4937 donat.

2072 4979 2164 5034 Ait
2188 4978 2390 5047 quippe
2437 4975 2708 5044 Propheta
2741 4975 2784 5004 ¹²
2823 4989 2838 5027 :
2907 4991 2925 5024 ι
2966 4973 3176 5026 Memor
3205 4971 3283 5025 fui
3316 4971 3434 5037 Dei,
3464 4981 3518 5026 et
3558 4973 3653 5027 dc-

2072 5071 2310 5125 lectatus
2337 5083 2481 5124 sum.
2520 5087 2540 5118 ι
2572 5067 2640 5120 Et
2671 5065 2902 5135 Sapiens
2935 5065 2980 5097 "
3016 5083 3031 5121 :
3065 5084 3084 5117 ι
3142 5065 3441 5120 Memorare
3469 5067 3653 5121 novis-

2073 5163 2214 5218 sima
2274 5170 2406 5226 tua,
2465 5169 2520 5214 et
2568 5160 2621 5213 in
2672 5168 2941 5213 aeternum
2989 5174 3101 5213 non
3153 5158 3434 5229 peccabis.
3499 5179 3517 5210 ι
3560 5158 3652 5213 Est

2070 5269 2238 5324 porro
2300 5250 2643 5321 impossibile
2711 5264 3043 5319 quemquam
3135 5247 3440 5322 secundum
3520 5248 3652 5302 illud

396 4613 620 4681 καρδίας
648 4616 942 4688 ἀπαλείφει
973 4620 1080 4672 πᾶν
1108 4620 1403 4690 ἐπιθυμίας
1423 4622 1732 4694 ἀνάστημα.

466 4702 551 4772 ιβ’.
601 4705 789 4768 Οὐδὲν,
843 4705 966 4760 οὔτε
1011 4710 1220 4772 ἐννοίας
1275 4711 1507 4764 θανάτου
1567 4712 1964 4786 φοϐερώτερον,

393 4791 513 4846 οὔτε
547 4795 681 4848 Θεοῦ
718 4800 942 4865 μνήμης
976 4798 1424 4870 θαυμασιώτερον
1451 4819 1464 4833 ·
1503 4804 1536 4872 ή
1569 4804 1668 4872 μὲν
1703 4806 1812 4873 γάρ
1848 4806 1968 4858 ἐστι

392 4885 566 4955 λύπης
624 4889 1002 4958 σωτηριώδους
1043 4893 1382 4964 παρεκτικὴ,
1434 4896 1466 4964 ή
1511 4895 1569 4948 δὲ
1628 4896 1969 4968 εὐφροσύνης

398 4979 716 5048 χαριστική.
743 4999 762 5029 ι
794 4979 1103 5051 Ἐμνήσθην
1131 4984 1260 5052 γὰρ,
1289 4985 1472 5053 φησὶν,
1497 4987 1852 5058 ὁΠροφήτης,
1872 4989 1964 5042 τοῦ

393 5065 546 5130 Θεοῦ,
568 5071 664 5120 καὶ
687 5069 1006 5140 ηὐφράνθην
1023 5083 1036 5096 ⁸
1061 5090 1079 5121 ›
1103 5072 1196 5123 καὶ
1221 5073 1248 5123 6
1268 5073 1436 5140 Σοφός
1459 5089 1471 5103 ’
1497 5093 1515 5124 ι
1545 5075 1869 5145 Μιμνήσκου
1895 5078 1965 5130 τὰ

391 5153 594 5223 ἔσχε-ιτά
632 5173 747 5220 σου,
791 5159 883 5211 καὶ
911 5160 1006 5229 οὐχ
1047 5160 1364 5231 ἁμαρτήσῃ.
1399 5183 1417 5214 ι
1465 5163 1750 5219 Ἀδύνατον
1787 5167 1843 5219 δὲ
1873 5167 1966 5220 τοῦ

388 5246 640 5318 δευτέρου
669 5251 790 5304 τινὰ
813 5251 870 5301 ὲν
898 5253 1220 5322 κατασχέσει
1246 5253 1519 5319 γενέσθαι,
1559 5257 1634 5324 μὴ
1657 5260 1850 5327 πεῖραν
1868 5261 1968 5330 τῆς

387 5339 482 5392 τοῦ
509 5341 779 5410 προτέρου
828 5342 1058 5394 λαϐόντα
1093 5344 1509 5413 στρυφνότητος.

2095 5346 2345 5407 »ὺιὶηει-ο,
2377 5343 2478 5397 nisi
2513 5350 2673 5396 antea
2717 5341 2917 5410 prioris
2968 5341 3274 5395 amaritiem
3330 5340 3650 5410 gustaverit.

458 5439 549 5498 ιγ’.
584 5433 728 5495 Ἕως
792 5433 859 5486 ἂν
907 5435 1005 5505 τὴν
1034 5435 1129 5489 τοῦ
1169 5437 1306 5489 Θεοῦ
1367 5437 1524 5500 δόξαν
1583 5439 1965 5512 ἀνακεκαλυμ·

2146 5437 2230 5490 15.
2263 5435 2514 5501 Quandiu
2547 5450 2704 5488 mens
2735 5433 2966 5503 gloriam
2997 5433 3094 5487 Dei
3151 5433 3390 5488 revelata
3449 5431 3585 5484 facie
3609 5430 3649 5461 "

390 5524 534 5593 μένῳ
569 5524 842 5596 προσώπῳ
865 5527 948 5598 ἴδῃ
975 5529 1002 5580 6
1031 5527 1176 5592 νοῦς,
1201 5528 1261 5579 οῦ
1293 5527 1517 5581 δύναται
1544 5532 1575 5600 ή
1609 5531 1753 5602 ψυχὴ
1787 5534 1964 5603 λέγειν

2095 5545 2178 5583 non
2206 5528 2376 5591 videt,
2424 5542 2532 5579 non
2589 5533 2770 5595 potest
2827 5526 3010 5578 anima
3066 5525 3186 5595 ejus
3234 5523 3429 5577 aﬂ‘ecta
3482 5537 3646 5576 sensu

386 5613 443 5666 ὲν
467 5617 716 5685 αἰσθήσει
743 5618 914 5687 αὐτῆς
935 5658 949 5681 ,
980 5636 998 5668 ι
1043 5617 1182 5685 Ἐγὼ
1224 5618 1278 5670 δὲ
1321 5619 1718 5691 ἀγαλλιάσομαι
1767 5625 1857 5677 ἐπὶ
1887 5627 1964 5695 τῷ

2095 5621 2339 5675 licereu
2415 5618 2529 5687 Ego
2579 5625 2761 5671 autem
2817 5617 3104 5672 exsultabo
3150 5617 3202 5668 in
3262 5615 3514 5674 Domino,
3590 5623 3644 5667 et

388 5705 594 5776 Κυρίῳ,
637 5707 1015 5776 τερφθήσομαι
1051 5708 1143 5760 ἐπὶ
1177 5707 1255 5778 τῷ
1286 5711 1538 5780 σωτηρίῳ
1569 5713 1755 5767 αὐτοῦ.
1796 5735 1812 5767 ι
1848 5719 1963 5770 Κά-

2095 5711 2387 5766 lelectabor
2427 5726 2596 5778 super
2622 5709 2848 5764 salutari
2886 5723 2986 5762 suo
3017 5707 3080 5759 ".
3124 5726 3142 5758 ι
3187 5707 3446 5760 Velamen
3494 5704 3640 5758 enim

386 5794 573 5865 λυμμα
603 5796 710 5866 γὰρ
740 5800 918 5851 κεῖται
944 5799 1004 5851 τὸ
1033 5800 1131 5869 τῆς
1165 5801 1452 5867 φιλαυτίας
1486 5803 1579 5854 ἐπὶ
1607 5806 1706 5874 τὴν
1737 5808 1960 5874 καρδίαν

2095 5803 2342 5857 inﬂantia:
2376 5802 2612 5870 positum
2658 5811 2741 5856 est
2774 5816 2942 5870 super
2967 5815 3061 5854 cor
3085 5797 3227 5867 ejus,
3265 5797 3410 5866 quod
3449 5797 3498 5850 ci
3529 5811 3637 5849 non

454 5968 496 5996 ”
527 5964 645 6020 i’sal
697 5983 878 6032 um,
910 5970 961 6023 1.
1045 5970 1084 6001 ³³
1115 5969 1280 6025 Eccli.
1312 5985 1409 6036 vn,
1447 5971 1534 6025 40.
1617 5969 1658 6000 ³³
1686 5969 1729 6024 ll
1759 5967 1884 6022 Cor.
1920 5982 1976 6020 Ill

2095 5999 2118 6020 ι.
2199 5969 2237 5998 ¹³
2270 5965 2410 6022 Psal.
2446 5980 2626 6029 xxxiv,
2659 5963 2712 6019 9.
