4100 6418
467 285 603 346 1155
651 261 656 265 ’

1854 281 2048 334 ELUE
2088 281 2339 335 ECDlijl

3589 288 3729 346 “55

461 394 798 466 tmuplativaa
828 401 1014 447 autem
1074 389 1401 444 ebaritatem
1459 399 1515 444 et
1573 391 1882 446 orationem
1936 393 2026 446 Dec

2154 397 2274 465 Θεῷ
2307 396 2658 466 προσψέρειν,
2693 399 2784 450 καὶ
2831 398 2927 468 τὴν
2956 399 3236 468 ἀλήθειαν,
3293 401 3635 473 θεωρητικῆς
3676 408 3737 460 δὲ

459 490 665 544 otl‘erre
687 497 908 558 oportet
934 504 949 539 :
980 497 1036 540 et
1058 502 1157 558 per
1181 487 1304 540 illas
1324 485 1728 540 irrationabilis
1762 485 2044 554 cupidita-

461 582 532 635 tis
557 591 722 650 atque
754 581 847 632 ira:
879 579 1119 646 impetus
1170 575 1469 630 retundere
1493 616 1508 641 ,
1540 591 1640 645 per
1697 576 1798 629 has
1860 586 2045 632 autem

459 674 828 746 cogitationes
864 672 1058 726 inanes
1085 669 1579 740 proximorumque
1616 667 1867 724 insidias.

530 861 620 914 54.
661 857 939 913 Practices
967 855 1188 910 initium
1213 865 1298 909 est
1325 853 1684 924 temperantia
1709 863 1766 908 et
1789 853 1997 908 veritas
2024 871 2038 916 ;

456 952 722 1013 medium,
755 950 1048 1016 prudentia
1082 959 1138 1003 et
1177 948 1494 1014 humilitas;
1547 947 1690 1012 linis,
1745 946 2038 1018 cogitatio-

455 1061 589 1098 num
618 1060 722 1114 pax
744 1053 800 1098 et
830 1043 1176 1098 consecratio
1206 1046 1473 1112 corporis.

524 1229 614 1283 '55.
649 1229 841 1282 Praxis
869 1236 973 1292 est,
1009 1243 1116 1282 non
1167 1234 1377 1281 tantum
1405 1227 1549 1282 bona
1572 1241 1734 1297 posse
1761 1226 1902 1282 bene
1961 1225 2043 1282 l'a-

454 1335 603 1384 cere,
635 1321 730 1373 sed
780 1321 945 1374 etiam
973 1336 1034 1373 ea
1071 1327 1131 1373 ut
1169 1329 1387 1389 oportet
1428 1319 1608 1373 facere
1659 1337 1673 1374 :
1711 1335 1834 1373 cum
1877 1319 2041 1374 nimi-

2154 491 2378 560 ἀρετῆς,
2427 491 2667 558 ἀγάπην,
2728 492 2820 543 καὶ
2878 496 3204 561 προσευχήν.
3241 495 3317 546 Δι’
3352 497 3576 547 ἐκείνων
3611 507 3732 564 μὲν,

2153 582 2450 651 ἐπιθυμίας
2488 583 2685 650 ἀλόγου
2720 585 2812 635 καὶ
2841 583 2935 635 τοῦ
2967 585 3140 653 θυμοῦ
3175 585 3274 648 τὰς
3324 586 3501 656 ὁρμάς
3536 590 3736 642 ἀνακό-

2155 690 2355 727 πτοντα
2388 689 2401 702 ·
2434 673 2520 726 διὰ
2551 673 2757 725 τούτων
2792 675 2875 737 δέ,
2907 675 3116 737 ἐννοίας
3150 676 3334 738 κενὰς,
3389 679 3480 730 καὶ
3521 680 3618 742 τὰς
3670 682 3737 733 ἐκ

2150 765 2244 818 τοῦ
2278 764 2504 832 πλησίον
2534 765 2848 827 ἐπιϐουλάς.

2220 856 2314 910 λό’.
2349 856 2666 926 Πρακτικῆς
2705 858 2802 925 μὲν
2830 858 2992 928 ἀρχὴ,
3026 859 3323 927 ἐγκράτεια
3343 861 3434 912 καὶ
3458 862 3687 933 ἀλήθεια
3717 884 3730 896 ·

2154 945 2382 1014 μεσότης
2407 945 2485 1008 δέ,
2523 945 2867 1016 σωφροσύνη,
2902 950 2996 998 καὶ
3021 951 3495 1020 ταπεινοφροσύνη
3530 970 3544 982 ·
3577 955 3732 1017 τέλος

2147 1037 2204 1089 δέ
2271 1036 2481 1105 αὐτῆς,
2539 1037 2817 1105 λογισμῶν
2883 1040 3097 1109 εἰρήνη,
3158 1041 3251 1094 καὶ
3291 1041 3561 1112 ἁγιασμὸς
3621 1049 3733 1098 σὼ-

2149 1146 2336 1197 ματος.

2218 1241 2313 1288 λε’.
2337 1234 2542 1305 Πρᾶξις
2575 1233 2743 1296 ἐστιν,
2770 1233 2830 1284 οὐ
2859 1233 2920 1285 τδ
2949 1233 3212 1304 πράττειν
3244 1234 3430 1296 ἁπλῶς
3460 1217 3734 1289 δύνασθαι

2147 1332 2213 1382 τὰ
2237 1328 2397 1392 κα-λὰ,
2433 1325 2568 1379 ἀλλὰ
2611 1326 2704 1376 καὶ
2734 1323 2795 1376 τὸ
2841 1323 2916 1386 ὡς
2949 1324 3030 1376 δεῖ
3083 1325 3345 1392 πράττειν
3407 1325 3547 1378 αὐτὰ
3573 1367 3588 1391 ,
3640 1327 3736 1379 τὸν

458 1425 581 1464 rum
646 1410 692 1463 is
751 1410 846 1479 qui
921 1409 1072 1474 facit,
1129 1410 1599 1478 opportunitatem
1647 1409 1933 1478 temporis,
1983 1419 2026 1464 el

2147 1418 2359 1488 καιρὸν,
2395 1416 2570 1470 καὶτὸ
2597 1416 2794 1484 μέτρον
2825 1413 2960 1483 πρὸς
2993 1416 3060 1467 τά
3100 1417 3319 1482 πρακτὰ
3360 1431 3725 1488 συνεπιφεροο

385 1572 390 1577 _
455 1503 701 1565 modum,
733 1502 848 1556 sive
880 1517 1194 1556 mensuram
1229 1501 1456 1571 agendis
1505 1501 1755 1555 adhibet.

526 1593 614 1645 56.
640 1592 875 1647 'l‘heoria
905 1608 1013 1647 non
1039 1593 1294 1648 consistit
1318 1602 1529 1647 tantum
1559 1594 1612 1646 in
1635 1593 2038 1648 considerando

453 1685 636 1753 qualia
655 1686 768 1739 sint
822 1701 1078 1755 corpora,
1109 1685 1206 1740 sed
1231 1686 1398 1740 etiam
1427 1701 1622 1741 eorum
1683 1687 1928 1742 rationes
1966 1687 2034 1741 ad

454 1777 587 1846 quid
622 1778 870 1832 tendant.

525 1871 614 1922 57.
632 1869 750 1923 Non
774 1877 858 1924 est
878 1877 993 1923 tuta
1006 1869 1192 1939 praxis
1209 1870 1415 1940 absque
1440 1870 1672 1936 theoria,
1688 1887 1866 1941 neque
1884 1872 2033 1926 theo-

455 1961 532 2014 ria
549 1977 674 2015 vera
695 1961 814 2016 sine
833 1963 1005 2032 praxi.
1025 1961 1254 2031 Oportet
1272 1965 1416 2017 enim
1433 1975 1488 2019 et
1511 1965 1720 2033 praxim
1745 1965 2035 2018 rationabi-

449 2053 555 2107 lem
575 2069 717 2117 esse,
732 2065 785 2108 et
811 2055 1074 2109 theoriam
1094 2054 1392 2119 elﬁeacem,
1409 2057 1800 2111 utdebilitetur
1813 2057 2030 2122 vitium,

447 2145 618 2202 altera
653 2163 788 2202 vero
821 2147 1185 2205 conﬁrmetur
1214 2149 1394 2205 virtus
1431 2150 1486 2202 in
1523 2150 1684 2204 bonis
1713 2148 2028 2204 desideriis.

519 2334 609 2389 38.
654 2334 948 2391 Terminus
983 2339 1376 2407 practicorum,
1416 2339 1768 2394 mortiﬁcatio
1811 2337 2029 2409 cupidi—

452 2433 656 2493 tatum;
687 2428 811 2484 [inis
842 2431 1238 2500 gnostieorum,
1278 2431 1487 2487 theoria
1521 2431 1810 2487 virtutum.

517 2611 607 2664 59.
632 2611 786 2676 Quod
813 2612 1041 2667 materia
1062 2622 1147 2668 est
1172 2612 1380 2677 format,
1412 2611 1519 2667 hoc
1546 2612 1730 2682 praxis
1763 2612 2023 2678 theorim;

445 2715 502 2758 et
530 2706 675 2775 quod
707 2705 903 2760 oculus
931 2706 1134 2770 vultui,
1166 2707 1272 2760 hoc
1306 2705 1518 2760 theoria
1548 2706 1726 2775 praxi.

515 2889 693 2944 60.1n
737 2890 919 2945 stadio
963 2891 1185 2944 virtutis
1231 2889 1372 2945 duce
1415 2891 1655 2961 practiea
1700 2893 1860 2948 multi
1900 2909 2028 2949 cur-

446 2989 616 3043 runt,
676 2997 820 3034 unus
878 2990 1061 3035 autem
1116 2980 1368 3034 bravium
1429 2983 1673 3052 accipit,
1725 2984 1772 3039 is
1827 3001 2026 3055 nempe

2149 1513 2309 1583 μὲνου
2345 1510 2438 1563 τοῦ
2473 1509 2826 1579 πράττοντος.

2215 1600 2324 1665 λς’.
2354 1600 2569 1670 Θεωρία
2594 1599 2761 1665 ἐστὶν,
2811 1599 2871 1651 οὐ
2911 1598 2968 1650 τὸ
2999 1599 3224 1665 θεωρεῖν
3255 1597 3415 1667 μόνον
3445 1601 3521 1663 ὡς
3551 1599 3733 1669 ἔχουσι

2145 1696 2211 1746 τὰ
2244 1695 2492 1763 σώματα,
2518 1691 2654 1746 ἀλλὰ
2683 1691 2778 1745 καὶ
2803 1690 2863 1743 τὸ
2893 1692 3020 1754 τοὺς
3043 1689 3234 1758 λόγους
3272 1691 3472 1754 αὐτῶν,
3508 1693 3642 1761 πρὸ.·
3681 1693 3735 1745 τί

2094 1764 2106 1802 ί
2147 1786 2461 1856 βλέπουσιν.

2216 1874 2312 1939 λζ’.
2340 1875 2452 1928 Οὐκ
2472 1873 2619 1926 ἔστιν
2647 1871 2769 1924 οὔτε
2796 1871 2990 1940 πρᾶξις
3010 1870 3278 1940 ἀσφαλὴς,
3299 1871 3529 1941 θεωρίας
3551 1875 3731 1935 ὲκτιις.

2145 1966 2266 2020 οὔτε
2302 1966 2506 2035 θεωρία
2545 1963 2774 2033 ἀληθὴς,
2811 1964 2940 2016 ἄνευ
2995 1963 3271 2032 πράξειας.
3309 1963 3429 2032 Χρὴ
3481 1964 3588 2032 γὰρ
3639 1971 3736 2015 καὶ

2150 2057 2350 2127 πρᾶξ.ν
2376 2055 2661 2124 ἐλλόγιμον
2684 2050 2850 2114 εἶναι,
2877 2054 2970 2106 καὶ
3003 2053 3238 2122 θεωρίαν
3263 2053 3600 2122 ἔμπρακτον,
3648 2056 3736 2107 ἵνα

2149 2153 2212 2218 τῇ
2241 2149 2362 2218 μὲν,
2395 2147 2684 2215 άνίσχυρος
2708 2146 3030 2214 εὑρίσκηται
3056 2145 3088 2213 ἡ
3123 2145 3314 2210 κακία,
3341 2147 3408 2214 τῇ
3429 2144 3507 2208 δὲ,
3534 2145 3735 2213 δυνατὴ

2149 2243 2182 2310 ἡ
2215 2241 2382 2310 ἀρετὴ
2423 2241 2480 2290 ἐν
2511 2237 2781 2298 εὐδοκίαις
2815 2237 3181 2306 χρηστότητος

2215 2348 2319 2412 λη’.
2388 2346 2567 2414 Πέρας
2621 2347 2720 2415 μὲν
2780 2347 3137 2415 πρακτικῶν,
3191 2363 3223 2416 η
3288 2347 3556 2416 νέκρωσις
3619 2349 3731 2400 τῶν

2151 2436 2334 2488 παθῶν
2366 2456 2378 2467 ·
2415 2435 2567 2498 τέλος
2612 2435 2668 2488 δὲ
2724 2435 3040 2503 γνωστικῶν
3070 2477 3084 2499 ,
3138 2438 3170 2506 ἡ
3227 2437 3429 2506 θεωρία
3461 2437 3568 2491 τῶν
3601 2438 3730 2508 ἀρε-

2148 2526 2274 2582 τῶν.

2214 2619 2315 2675 λθ’.
2353 2620 2442 2683 Ὠς
2465 2619 2567 2688 ὖλη
2595 2617 2674 2688 τῷ
2703 2617 3017 2683 είδει,οὗτω
3047 2619 3244 2689 πρᾶξις
3268 2623 3334 2690 τῇ
3363 2619 3592 2692 θεωρίᾳ,
3633 2622 3724 2674 καὶ

2143 2711 2216 2774 ὡς
2269 2709 2550 2780 ὀφθαλμὸς
2605 2709 2905 2779 προσώπῳ,
2944 2705 3340 2780 οὓτωθεωρία
3397 2714 3464 2782 τῇ
3527 2712 3720 2782 πράξει

2145 2803 2466 2872 ὀφθήσεται.

2216 2891 2288 2960 μ’.
2335 2893 2423 2944 Ἐν
2458 2891 2536 2961 τῷ
2564 2892 2664 2960 τῆς
2693 2891 2834 2944 κατὰ
2861 2892 2958 2959 τὴν
2990 2890 3302 2960 πρακτικὴν
3353 2889 3556 2960 ἀρετῆς
3596 2907 3731 2944 στα.-

2142 2984 2259 3054 δίῳ,
2295 2983 2481 3036 πολλοὶ
2511 2983 2611 3052 μὲν
2636 2985 2941 3052 τρέχουσιν,
2983 2976 3061 3044 εἷς
3092 2981 3149 3033 δὲ
3190 2981 3460 3049 λαμϐάνει
3504 2981 3566 3033 τὸ
3599 2981 3732 3050 βρα.

443 3073 538 3141 qui
586 3073 652 3126 ad
707 3074 858 3127 illius
911 3073 1208 3127 terminum
1262 3073 1403 3128 duce
1463 3075 1676 3130 theoria
1737 3079 2026 3147 pervenire

2146 3076 2309 3138 θεῖον,
2335 3076 2364 3128 6
2392 3074 2528 3146 πρὸς
2561 3074 2622 3127 τὺ
2650 3075 2825 3144 πέρας
2847 3073 3015 3142 αὐτῆς
3047 3072 3221 3124 ἐλθεῖν
3250 3075 3314 3142 τῇ
3359 3073 3564 3143 θεωρίᾳ
3596 3073 3724 3125 ἐπι-

441 3178 614 3234 Cupit.

513 3257 605 3309 4i.
639 3254 1094 3325 Compunctionis
1115 3258 1338 3326 quidem
1373 3258 1630 3327 poculqu
1661 3258 1800 3314 bibit
1828 3259 2030 3328 practi-

443 3365 542 3403 cus
573 3349 626 3402 in
657 3351 928 3416 oratione,
961 3351 1131 3406 calice
1158 3360 1342 3406 autem
1371 3353 1692 3407 dulcissimo
1722 3353 2030 3408 inebriatur

445 3442 825 3509 theoreticus;
884 3444 976 3498 hie
1028 3445 1097 3499 de
1151 3445 1318 3500 rebus
1358 3447 1706 3512 naturalibus
1750 3447 2028 3518 sapienter

443 3536 692 3600 disserit,
729 3537 819 3591 ille
855 3539 1210 3607 semetipsum
1250 3539 1465 3609 ignorat
1497 3539 1550 3593 in
1585 3541 1814 3596 orando.

519 3629 612 3682 6‘2.
663 3629 780 3683 Non
817 3639 1000 3699 potest
1038 3630 1316 3700 praeticus
1367 3631 1422 3686 in
1485 3631 1759 3702 spirituali
1814 3634 2026 3689 theoria

444 3721 537 3774 diu
573 3738 932 3790 permanere;
965 3725 1163 3779 similis
1194 3733 1278 3779 est
1304 3724 1684 3790 enimhomini
1719 3727 2025 3796 hospitanti

444 3816 586 3884 apud
617 3816 877 3885 aliquem,
906 3826 961 3871 ct
991 3833 1057 3872 ex
1088 3818 1254 3887 hujus
1281 3817 1446 3873 domo
1485 3817 1641 3873 brevi
1673 3821 1918 3875 exeunti.

513 3987 602 4038 45.
639 3984 803 4050 Quasi
843 3984 1040 4054 januas
1077 3983 1462 4037 mandatorum
1499 3984 1592 4039 Dei
1642 3985 2028 4055 ingrediuntur

441 4077 670 4146 practici
723 4079 777 4131 in
825 4078 1099 4142 Oratione,
1140 4077 1434 4132 tbeoretici
1486 4093 1622 4132 vero
1675 4079 1830 4147 quasi
1883 4081 2024 4133 atria

439 4174 662 4225 virtutis
716 4173 772 4224 in
820 4171 1039 4241 hymnis
1078 4177 1135 4224 et
1183 4171 1486 4239 gratiarum
1543 4171 1890 4239 actionibus;
1949 4174 2025 4227 illi

439 4262 685 4329 quidem,
717 4262 845 4330 quia
876 4262 1115 4314 vinculis
1147 4261 1308 4314 soluti
1358 4271 1527 4325 sunt;
1561 4261 1618 4314 hi
1653 4271 1860 4328 autem,
1897 4265 2025 4333 quia

441 4354 689 4420 captivos
721 4352 1074 4406 abduxerunt
1112 4353 1262 4421 ipsos
1292 4352 1498 4408 hostes.

510 4520 599 4574 44.
631 4518 860 4588 Oportet
896 4516 1112 4571 viribus
1141 4519 1401 4587 practicze
1433 4521 1768 4590 respondere
1795 4523 2024 4581 theoria:

437 4612 606 4677 vires,
633 4627 722 4673 ne,
759 4611 915 4664 navis
951 4610 1125 4662 instar
1158 4628 1267 4666 non
1303 4612 1585 4680 parallelis
1615 4616 2023 4672 circumcinetze

439 4707 598 4771 velis,
635 4706 720 4760 vel
751 4705 1097 4774 periclitetur
1132 4707 1304 4762 nimio
1343 4718 1638 4763 ventorum
1675 4708 1905 4777 impetui
1951 4708 2022 4764 ob

441 4801 659 4854 illorum
708 4800 1059 4854 immodicam
1112 4803 1559 4872 amplitudinem,
1603 4804 1688 4858 vel
1731 4805 2020 4874 penuriam

438 4901 726 4946 ventorum
762 4893 1025 4962 patiatur,
1061 4893 1189 4963 quia
1238 4895 1432 4950 eadem
1479 4907 1607 4950 sunt
1654 4913 1754 4966 pro
1802 4899 2022 4968 navigio

439 4986 775 5053 angustiora.

510 5078 597 5132 45.
628 5078 694 5133 Ut
721 5081 955 5149 remiges
988 5081 1289 5150 spiritualis
1322 5080 1523 5149 navigii
1552 5080 1693 5134 habe
1724 5081 1843 5149 pias
1874 5085 2026 5154 cogi-

442 5169 703 5235 tationes;
740 5182 797 5226 ut
838 5189 1019 5228 remos
1066 5190 1218 5236 vero,
1253 5172 1448 5225 vitales
1489 5172 1685 5226 animae
1723 5176 2019 5242 potentias,

442 5263 769 5319 irascibilem
801 5276 858 5321 et
889 5264 1405 5334 concupiseibilem,
1439 5264 1778 5318 voluntatem
1810 5275 1866 5320 et
1904 5267 2019 5320 elc-

440 5359 699 5413 ctionem.
731 5359 824 5415 His
848 5361 1126 5430 practicus
1150 5372 1367 5426 semper
1399 5358 1628 5429 indiget,
1659 5374 1769 5412 non
1803 5374 2021 5428 semper

439 5461 621 5506 autem
670 5454 1034 5508 theoreticus.
1088 5453 1188 5506 llic
1237 5451 1384 5504 enim
1445 5459 1691 5520 tempore
1749 5453 2020 5506 orationis

438 5545 695 5599 omnibus
728 5547 1064 5607 valedicens,
1095 5555 1150 5598 et
1177 5542 1439 5614 gnoslicae
1471 5545 1717 5600 insidens
1741 5547 2018 5616 guberna-

439 5639 584 5702 culo,
616 5657 711 5708 per
740 5647 907 5694 totam
942 5648 1161 5693 noctem
1197 5637 1499 5691 theoricam
1535 5639 1740 5709 vigilat,
1769 5643 2015 5695 omnium

438 5734 627 5788 laudes
654 5734 718 5788 ad
739 5733 1112 5788 continentem
1133 5730 1414 5795 appclh‘ns
1437 5748 1450 5794 ;
1474 5742 1527 5784 et
1555 5733 1708 5793 quasi
1743 5736 2011 5790 eroticum

2144 3168 2353 3237 θυμῶν.

2217 3266 2326 3328 μα’.
2363 3257 2722 3324 Κατανύξεως
2757 3257 2856 3325 μὲν
2893 3256 3043 3326 πόμα
3095 3256 3241 3309 πίνει
3273 3257 3300 3308 6
3329 3255 3632 3324 πρακτικὸς
3661 3256 3722 3308 ἐν

2145 3349 2288 3421 εὐχῇ
2309 3368 2322 3380 ·
2356 3351 2600 3420 ποτηρίῳ
2644 3349 2698 3401 δέ
2729 3349 3005 3420 κρατίστῳ
3035 3348 3368 3418 μεθύσκεται
3399 3349 3428 3400 6
3454 3346 3724 3416 θεωρητι-

2144 3443 2237 3503 κός
2275 3459 2287 3471 ο
2322 3445 2350 3495 ό
2378 3441 2476 3511 μὲν
2507 3443 2564 3494 ἐν
2604 3443 2715 3501 τοῖς
2752 3441 2894 3493 κατὰ
2920 3441 3084 3507 φύσιν
3115 3439 3447 3508 φιλοσοφῶν,
3479 3440 3506 3490 ὁ
3537 3439 3592 3490 δέ
3626 3439 3724 3491 καὶ

2144 3533 2333 3586 ἐαυτὸν
2363 3532 2572 3599 ἀγνοῶν
2594 3533 2650 3584 ἓν
2675 3531 2750 3600 τῷ
2779 3529 3054 3599 εὕχεσθαι.

2218 3625 2323 3695 μβ’.
2358 3627 2433 3678 Οὐ
2460 3626 2823 3693 συγχωρεῖται
2851 3625 2878 3675 ὁ
2911 3621 3216 3691 πρακτικὸς
3239 3620 3316 3680 είς
3344 3618 3726 3688 πνευματικὴν

2145 3717 2381 3785 θεωρίαν
2425 3717 2516 3767 ἐπὶ
2549 3715 2684 3767 πολὺ
2723 3715 3078 3782 ἐγκαρτερεῖν
3106 3729 3120 3744 ·
3154 3711 3472 3779 εὑρίσκεται
3500 3709 3606 3779 γὰρ
3650 3709 3728 3771 ὡς

2145 3808 2496 3872 ἐπιξενωθείς
2527 3825 2652 3871 τινι,
2690 3807 2784 3858 καὶ
2817 3808 2880 3859 ἐκ
2909 3806 3006 3876 τῆς
3037 3804 3247 3856 ἐκείνου
3289 3803 3469 3865 οἰκίας
3517 3801 3726 3872 ταχέως

2146 3901 2597 3970 ὑπεξερχόμενος.

2219 3999 2328 4063 μγ’.
2373 3993 2462 4052 Ὠς
2488 3991 2546 4044 ἐν
2575 3990 2774 4052 πύλαις
2804 3991 2900 4060 μὲν
2945 3989 3289 4058 εἰσέρχονται
3340 3989 3390 4040 οί
3423 3987 3722 4058 πρακτικοὶ

2143 4084 2252 4136 τῶν
2281 4082 2508 4136 ἐντολῶν
2533 4083 2627 4135 τοῦ
2663 4083 2818 4142 Θεοῦ,
2858 4083 2914 4134 ἐν
2965 4081 3043 4150 τῷ
3073 4080 3331 4150 εὔχεσθαι
3359 4097 3372 4110 ·
3406 4080 3482 4143 ὡς
3532 4081 3591 4131 ἐν
3627 4079 3729 4132 αὖ·

2144 4175 2262 4237 λατς
2295 4174 2351 4226 δὲ
2381 4175 2593 4242 ἀρετῶν
2624 4175 2680 4225 ἐν
2715 4173 2926 4240 ὕμνοις,
2964 4173 3013 4223 οἱ
3077 4171 3403 4239 θεωρητικοὶ
3430 4210 3444 4233 ,
3507 4171 3728 4238 εὐχαρι-

2147 4263 2397 4328 στοῦντες
2431 4279 2446 4294 ·
2482 4265 2529 4315 οί
2565 4264 2682 4332 μὲν,
2723 4263 2805 4315 ὅτι
2834 4262 3101 4332 ἐλύθησαν
3134 4262 3242 4314 τῶν
3275 4259 3513 4330 δεσμῶν,
3563 4262 3610 4312 οί
3646 4261 3724 4322 δὲ,

2144 4356 2226 4408 ὅτι
2261 4359 2358 4408 καὶ
2384 4355 2763 4425 αίχμαλώτους
2794 4355 3050 4425 εἰλήφασι
3078 4355 3204 4417 τοὺς
3225 4353 3595 4422 πολεμοῦντας
3626 4353 3727 4404 αὑ-

2061 4465 2099 4516 ι)
2143 4445 2288 4510 τούς.

2219 4539 2326 4609 μδ’.
2364 4540 2486 4609 Χρὴ
2515 4539 2659 4592 κατὰ
2691 4538 2750 4592 τδ
2789 4537 2886 4607 τῆς
2915 4537 3226 4606 πρακτικῆς
3267 4536 3489 4604 κράτος,
3523 4551 3615 4588 και
3667 4535 3726 4588 τὸ

2144 4632 2244 4700 τῆς
2270 4632 2502 4700 θεωρίας
2539 4630 2919 4700 εὑρίσκεσθαι,
2974 4631 3061 4682 ἴνα
3114 4628 3190 4698 μὴ
3255 4626 3379 4680 καθ’
3432 4627 3728 4696 ὁμοιότητα

2145 4722 2330 4775 πλοίου
2361 4722 2454 4774 τοῦ
2496 4722 2570 4791 μὴ
2602 4720 2913 4787 κατάλληλα
2967 4720 3032 4772 τὰ
3071 4719 3218 4772 ίστία
3271 4717 3726 4789 περιφερομένου,

2145 4812 2177 4883 ἢ
2207 4811 2450 4865 κίνδυνον
2476 4812 2744 4882 ὑπομείνῃ
2768 4813 2984 4880 ἀνέμων
3009 4808 3328 4878 σφοδρότητι
3353 4808 3441 4862 διὰ
3466 4807 3566 4878 τὴν
3587 4809 3725 4876 άμε-

2150 4904 2308 4973 τρίαν
2335 4903 2535 4967 αὐτῶν,
2570 4905 2602 4974 ἢ
2642 4903 2845 4973 ζημίαν
2875 4902 3201 4971 πνευμάτων
3230 4899 3318 4952 διὰ
3367 4899 3465 4969 τὴν
3509 4899 3644 4970 πρὸς
3668 4900 3727 4952 τὸ

2143 4995 2347 5062 σκάφος
2371 4995 2728 5064 σμικρότητα.

2213 5091 2314 5158 με’.
2361 5085 2584 5154 Ἐρὲτας
2621 5086 2716 5153 μὲν
2749 5084 2841 5136 τοῦ
2872 5084 3062 5153 νοητοῦ
3087 5083 3273 5136 πλοίου
3304 5082 3436 5147 νόει,
3466 5082 3592 5142 τοὺς
3628 5080 3722 5131 εὑ-

2144 5177 2325 5238 σεϐεῖς
2349 5175 2645 5244 λογισμούς
2677 5191 2689 5204 ·
2723 5176 2914 5236 κώπας
2951 5176 3029 5236 δὲ,
3061 5175 3162 5237 τὰς
3190 5174 3425 5236 ζωτικάς
3462 5173 3727 5240 δυνάμεις

2142 5268 2240 5336 τῆς
2265 5267 2466 5336 ψυχῆς,
2486 5266 2658 5335 θυμὸν
2692 5267 2786 5319 καὶ
2815 5265 3134 5334 ἐπιθυμίαν,
3186 5264 3442 5335 βούλησιν
3471 5265 3566 5316 καὶ
3598 5278 3729 5331 προ-

2149 5357 2378 5424 αίρεσιν.
2435 5356 2674 5422 Τούτων,
2732 5358 2760 5408 6
2807 5355 2905 5423 μὲν
2953 5355 3256 5423 πρακτικὸς
3316 5357 3374 5407 ἐν
3403 5356 3561 5426 χρείᾳ
3609 5355 3728 5407 ἐστὶ

2151 5453 2378 5504 πάντοτε
2416 5467 2429 5478 ·
2460 5451 2519 5503 οὐ
2559 5452 2788 5504 πάντοτε
2818 5449 2876 5503 δὲ
2906 5449 2999 5502 καὶ
3037 5450 3065 5501 6
3096 5447 3449 5518 θεωρητικός.
3492 5449 3580 5500 Ἐν
3615 5448 3729 5516 γὰρ

2145 5539 2224 5609 τῷ
2277 5539 2454 5610 καιρῴ
2502 5541 2602 5606 τῆς
2652 5539 2818 5608 εὐχῆς
2846 5537 3058 5606 χαίρειν
3119 5531 3275 5598 οὗτος
3316 5539 3484 5590 πᾶσιν
3533 5533 3725 5596 εἰπὼν,

2145 5631 2307 5693 αὐτὸς
2340 5631 2532 5684 ἑαυτὸν
2563 5631 2657 5681 ἐπὶ
2697 5630 2804 5681 τῶν
2828 5629 2925 5697 τῆς
2966 5627 3315 5695 διαγνώσεως
3344 5630 3546 5682 οἰάκων
3587 5625 3724 5679 καθ-

2149 5717 2294 5786 ίζων,
2346 5719 2431 5772 διὰ
2481 5719 2660 5788 πάσης
2713 5718 2980 5788 ἐγρήγορε
3020 5712 3118 5786 τῆς
3171 5718 3312 5770 κατὰ
3369 5717 3601 5784 θεωρίαν
3631 5730 3715 5768 νυ-
