4100 6436
381 291 520 353 1157

1545 291 1946 359 ϐΝΟΞΤΙΟΑἰ
1988 294 2460 358 SENTENTl/E.

3489 284 3637 363 1158

399 426 545 474 κτος,
574 415 809 475 αίνέσεις
843 413 1136 482 προσάγων
1188 413 1266 483 τῷ
1311 416 1523 484 συνοχεῖ
1580 415 1673 468 τοῦ
1727 423 1925 480 παντός
1955 436 1967 452 ·

2089 406 2250 456 melos
2298 403 2586 463 inchoans.
2618 417 2730 459 sua:
2777 404 2951 474 ipsius
2995 404 3240 459 concinit
3271 405 3488 470 animm,
3522 409 3654 464 salsi

400 501 492 552 καί
521 516 619 551 που
665 500 717 552 τί
747 501 844 553 καὶ
899 502 1060 568 μέλος
1097 502 1363 570 ἐρωτικὸν
1422 504 1849 573 ἁναλαὸόμενος,
1903 511 1967 576 τῇ

397 593 588 646 ἐαυτοῦ
632 594 966 664 προσεπᾴδει
1021 595 1189 666 ψυχῇ,
1217 597 1345 659 τοὺς
1371 597 1468 664 τῆς
1516 595 1651 666 ἄλης
1696 597 1972 668 θαλάσσης

394 684 723 738 ἀποσκοπῶν
775 688 1206 755 μετεωρισμοὺς,
1281 691 1378 740 καὶ
1432 687 1652 757 ροθέους
1703 689 1966 758 κινήσεις,

398 776 461 828 τὰ
493 773 613 827 θεῖα
663 774 1179 845 καταπληττόμενος
1224 776 1467 846 κρί;,·.ατά
1506 795 1563 830 τε
1597 781 1691 832 καὶ
1743 777 1966 833 δικαιώ-

396 885 563 937 ματα.

467 955 586 1026 μς’.
635 957 694 1010 ὐ
731 957 911 1026 μέσως
961 958 1099 1027 ἔχων
1153 959 1282 1028 περὶ
1309 958 1505 1027 πρᾶξιν
1559 962 1652 1013 καὶ
1708 959 1960 1031 θεωρίαν,

394 1047 511 1099 οὔτε
539 1049 717 1120 πάντῃ
736 1051 856 1110 ταῖς
873 1050 1086 1112 κώπαις
1114 1051 1254 1103 κατὰ
1273 1051 1397 1110 τοὺς
1420 1053 1701 1114 ναυτικοὺς
1729 1053 1960 1104 ποιεῖται

388 1141 478 1191 τὸν
509 1140 700 1202 πλοῦν,
732 1140 847 1193 οὐθ’
871 1143 1008 1204 ὅλως
1037 1145 1150 1206 τοῖς
1190 1144 1399 1209 νοητοῖς
1435 1141 1646 1206 ίστίοις,
1703 1143 1842 1196 ἀλλὰ
1889 1141 1959 1196 δι’

399 1233 726 1304 ἀμφοτέρων
773 1231 872 1302 τὴν
927 1231 1117 1302 χρείαν
1169 1231 1269 1301 τῆς
1319 1231 1570 1295 εὐπλοῖας
1651 1235 1961 1301 ἐργάζεται,

403 1326 569 1394 ἡδέως
600 1323 782 1393 φέρων
835 1321 930 1374 καὶ
979 1323 1103 1384 τοὺς
1133 1320 1326 1380 πόνους
1357 1323 1455 1387 τῆς
1481 1322 1754 1391 πράξεως,
1789 1323 1879 1376 διὰ
1902 1325 1964 1377 τὸ

400 1417 599 1484 μέτρον
634 1415 728 1484 τῆς
752 1414 1006 1481 θεωρίας,
1049 1413 1144 1465 καὶ
1197 1413 1319 1474 τοὺς
1364 1412 1553 1481 λόγους
1587 1413 1684 1484 τῆς
1740 1416 1963 1480 ἀτελοῦς

397 1506 654 1575 θεωρίας,
679 1505 764 1556 διὰ
787 1503 848 1556 τὸ
877 1503 1184 1573 βοηθεῖσθαι
1225 1504 1328 1556 ὐπὸ
1349 1505 1446 1574 τῆς
1478 1506 1748 1574 πράξεως.

471 1595 582 1665 μί’.
623 1595 683 1648 Ὀ
712 1595 808 1665 μὲν
833 1595 1161 1664 θεωρητικὸς
1191 1597 1257 1665 τῇ
1292 1594 1485 1667 γνώμῃ
1511 1596 1608 1664 τὴν
1642 1598 1802 1666 φύσιν
1823 1599 1963 1668 ἔχων

397 1688 815 1758 συντρέχουσαν,
845 1688 919 1749 ὡς
949 1681 1060 1738 οἷόν
1085 1704 1135 1738 τι
1177 1685 1353 1754 ῥεῦμα
1400 1687 1614 1749 ἀπόνως
1645 1691 1874 1743 ποιεῖται
1902 1691 1963 1742 τὸ

399 1778 661 1848 πλώϊμον,
691 1778 718 1830 ὁ
757 1777 814 1829 δέ
844 1776 1142 1846 πρακτικὸς
1165 1776 1579 1845 ἐναντιουμένην
1602 1779 1870 1846 εὑρίσκων
1895 1783 1960 1850 τῇ

402 1869 714 1938 προαιρέσει
743 1867 840 1937 τὴν
878 1867 1082 1935 σχέσιν,
1120 1865 1287 1919 πολὺν
1339 1865 1613 1936 λογισμῶν
1669 1867 1962 1936 ὑφίσταται

404 1959 664 2018 κλύδωνα,
721 1958 815 2011 κοιλ⁸
848 1960 927 2020 εἰς
963 1957 1310 2023 ἁπευδοκίαν,
1351 1956 1550 2027 μικροῦ
1598 1958 1732 2021 δεῖν,
1783 1961 1962 2013 κινδυ-

403 2049 541 2103 νεύει
569 2049 654 2102 διὰ
689 2049 748 2102 τὸ
779 2049 943 2119 βάρος
973 2049 1168 2103 ὲλθεῖν.

469 2160 576 2231 μη’.
610 2161 745 2215 οὔτε
796 2161 946 2231 χώρα
981 2161 1055 2232 μὴ
1092 2161 1270 2224 καλῶς
1301 2163 1748 2232 κατεργασθεῖσα,
1802 2165 1962 2219 πολύ-

395 2268 524 2322 χουν
551 2254 644 2306 καὶ
675 2252 914 2321 καθαρὸν
947 2253 1330 2322 ἀντιπαρέχειν
1358 2254 1418 2305 τὸ
1451 2253 1671 2324 σπέρμα
1702 2253 1778 2323 τῷ
1809 2255 1962 2308 σπεί-

395 2359 544 2413 ροντι
578 2342 793 2408 εἴωθεν,
822 2340 944 2395 οὔτε
995 2345 1023 2394 ό
1052 2343 1149 2409 τὴν
1185 2343 1491 2414 πρακτικὴν
1547 2346 1961 2416 μετερχόμενος,

390 2434 440 2488 ει
473 2434 549 2504 μὴ
583 2434 858 2504 ἐπιμελῶς
885 2434 1108 2504 ταύτην,
1151 2435 1245 2488 καὶ
1278 2437 1546 2503 φανητίας
1580 2437 1728 2500 ἄνευ,
1766 2439 1958 2509 μετέρο

390 2543 569 2595 χεται,
623 2525 716 2579 τὸν
773 2525 832 2592 ἐξ
889 2526 1056 2596 εὐχῆς
1109 2526 1302 2595 ὄψεται
1332 2529 1542 2598 καρπὸν
1590 2529 1756 2584 πολύν
1784 2533 1964 2584 τεκαὶ

390 2617 652 2686 καθαρόν.

463 2708 570 2779 μθ’.
606 2711 684 2779 Τῇ
738 2709 1048 2782 πατουμένη
1083 2710 1290 2779 συχνῶς
1344 2710 1487 2763 ἔοικε
1540 2713 1632 2781 γῇ,
1680 2710 1885 2766 διάνοια
1929 2715 1962 2781 ή

372 2800 756 2864 ,ἀδιαλείπτοις
788 2802 948 2869 εὐχῆς
977 2802 1148 2871 ἴχνεσι
1169 2801 1484 2871 τριϐομένη.
1534 2802 1748 2871 Ἐκείνη
1771 2820 1830 2856 τε
1859 2805 1966 2872 γὰρ

393 2891 512 2944 λεία
535 2892 710 2954 ἔσται,
741 2893 835 2945 καὶ
867 2892 1003 2961 αὕτη
1035 2893 1218 2946 εὐθεῖα
1251 2892 1386 2962 πρὸς
1423 2892 1689 2962 ὑποδοχήν
1721 2909 1735 2922 °
1784 2894 1965 2964 ἐκείνη

395 2984 492 3052 μὲν
573 2983 750 3036 ποδῶν
807 2983 1136 3054 τρυφερῶν,
1201 2985 1295 3037 καὶ
1356 2983 1492 3052 αὕτη
1555 2984 1736 3053 εὐχῶν
1793 2983 1968 3038 καθα-

396 3090 527 3145 ρων.

463 3173 528 3220 ν’.
565 3165 690 3220 Ἐπὶ
725 3165 822 3235 μὲν
854 3165 960 3218 τῶν
1010 3165 1233 3228 ἐνύλων,
1294 3167 1322 3219 ὁ
1376 3163 1501 3228 νοῦς
1541 3163 1802 3234 συνεργὸν
1858 3163 1970 3233 ἔχει

393 3259 486 3310 τὸν
540 3258 821 3328 λογισμὸν,
883 3261 974 3312 ἐπὶ
1040 3257 1098 3312 δέ
1155 3259 1262 3311 τῶν
1319 3257 1540 3323 ἀῢλων,
1593 3257 1643 3310 εἰ
1707 3257 1781 3326 μὴ
1808 3257 1971 3310 αὐ-.ὺν

399 3351 840 3420 παραιτήσεται,
900 3351 977 3414 ὼς
1067 3349 1310 3404 σκόλοπα
1376 3349 1489 3416 age.
1578 3349 1671 3403 τὸν
1751 3347 1972 3415 κολαφί-

393 3441 577 3504 ζοντα.

466 3538 567 3587 να’.
599 3533 879 3604 Κάλυμμα
917 3533 1014 3603 μὲν
1043 3533 1152 3602 ἔχει
1191 3533 1219 3585 ό
1245 3530 1544 3600 πρακτικὸς
1576 3531 1668 3582 ἐπὶ
1709 3531 1807 3598 τῆς
1839 3548 1974 3600 καρ-

393 3618 510 3683 δίας
544 3621 708 3674 αὐτοῦ
740 3623 798 3675 ἐν
828 3623 985 3692 εὐχῇ,
1019 3621 1118 3690 τὴν
1147 3621 1348 3689 γνῶσιν
1375 3619 1483 3672 τῶν
1513 3619 1806 3686 αἰσθητῶν,
1842 3621 1972 3672 ἀνα-

397 3713 748 3782 καλυφθῆναι.
770 3714 857 3766 διὰ
890 3713 988 3782 τὴν
1019 3714 1208 3782 σχέσιν
1243 3711 1315 3780 μὴ
1365 3710 1686 3780 δυνάμενον,
1725 3712 1883 3781 μόνος
1914 3712 1970 3764 δέ

401 3799 430 3852 ὁ
453 3799 778 3873 θεωρητικὸς
795 3803 882 3857 διὰ
907 3805 966 3857 τὸ
992 3803 1239 3874 ἄσχετον,
1279 3802 1784 3873 ἀνακεκαλυμμένῳ
1806 3821 1972 3874 προσ-

402 3892 528 3962 ώπῳ
600 3895 732 3965 όρᾷν
785 3895 894 3948 ἀπὸ
965 3894 1166 3964 μέρους
1227 3893 1452 3946 δύναται
1507 3894 1606 3964 τὴν
1657 3894 1816 3959 δόξαν
1874 3893 1969 3948 τοῦ

397 3983 549 4037 Θεοῦ.

467 4074 562 4142 νβ’.
607 4075 670 4128 Ἠ
692 4093 827 4144 μετα
854 4080 1230 4146 πνευματικῆς
1253 4077 1484 4148 θεωρίας
1508 4080 1662 4154 εὐχὴ,
1697 4081 1730 4149 ἦ
1761 4080 1833 4148 Υῆ
1873 4081 1970 4149 τῆς

399 4166 723 4234 ἐπαγγελίας
747 4170 884 4230 ἐστὶ,
918 4170 1039 4221 καθ’
1063 4171 1128 4240 ἢν
1154 4171 1285 4240 ρέει,
1337 4173 1413 4235 ὼς
1447 4173 1587 4239 γάλα
1617 4173 1712 4224 καὶ
1747 4171 1892 4240 μέλι,
1937 4173 1969 4242 ἡ

398 4257 596 4323 γνῶσις
622 4260 730 4310 τῶν
763 4262 889 4324 περὶ
920 4263 1197 4329 προνοίας,
1225 4263 1316 4314 καὶ
1342 4262 1572 4332 κρίσεως
1599 4262 1771 4330 λόγων
1811 4262 1966 4316 Θεοῦ.

410 4348 477 4402 Ἠ
510 4348 566 4400 δὲ
598 4349 735 4418 μετά
769 4367 911 4412 τινος
952 4352 1207 4420 φυσικῆς,
1261 4354 1288 4422 ἡ
1321 4353 1612 4420 Αἴγυπτος,
1666 4355 1723 4404 ἐν
1861 4353 1970 4406 τῶν

2080 497 2249 550 maris
2296 499 2678 566 contemplans
2722 498 2994 553 elationes
3038 498 3400 567 fragososque
3445 508 3651 565 motus,

2079 590 2284 659 Deique
2323 599 2552 659 stupens
2571 590 2781 661 judicia
2812 601 2868 646 et
2886 590 3331 662 justiﬁcationes.

2149 938 2238 993 46.
2272 939 2375 1006 Qui
2425 939 2638 1009 praxim
2691 941 3070 1011 theoriamque
3119 943 3426 1013 interiacet,
3479 957 3660 1012 neque

2079 1032 2305 1086 omnino
2374 1033 2542 1087 remis
2601 1049 2755 1089 more
2816 1045 3107 1089 nautarum
3175 1036 3418 1102 navigat,
3476 1050 3658 1103 neque

2079 1127 2305 1180 omnino
2356 1127 2743 1197 spiritualibus
2802 1129 2994 1192 remis,
3042 1129 3137 1183 sed
3200 1129 3489 1182 amborum
3552 1141 3658 1196 ope

2080 1215 2292 1270 felicem
2325 1218 2538 1288 peragit
2568 1233 2812 1284 cursum,
2841 1220 3086 1289 jucunde
3113 1219 3298 1274 ferens
3336 1228 3392 1274 et
3435 1218 3655 1272 labores

2081 1309 2284 1379 praxis.
2319 1311 2522 1380 quippe
2555 1327 2694 1380 quos
2729 1313 3048 1367 moderatur
3093 1313 3330 1376 theoria,
3358 1321 3414 1367 et
3443 1327 3656 1366 sermo-

2081 1420 2178 1459 nes
2243 1405 2576 1474 imperfectze
2639 1406 2886 1473 theorite,
2940 1407 3146 1478 quippe
3205 1423 3369 1478 quam
3435 1407 3658 1478 adjuvat

2083 1512 2290 1566 praxns.

2154 1589 2241 1642 47.
2285 1589 2649 1646 Thcoreticus
2677 1594 2941 1647 voluntati
2991 1602 3239 1648 naturam
3283 1591 3493 1646 habens
3519 1606 3658 1645 con-

2083 1690 2424 1748 scntancam,
2487 1684 2680 1740 ﬂuenti
2750 1689 2926 1741 instar
2983 1687 3101 1742 sine
3161 1687 3354 1740 labore
3415 1685 3661 1753 navigat,

2083 1775 2365 1844 practicus
2423 1786 2609 1831 autem
2669 1778 2986 1848 oppositum
3045 1776 3331 1847 reperiens
3386 1771 3662 1828 voluntati

2083 1869 2354 1934 habitum,
2391 1871 2618 1924 multam
2660 1871 2809 1924 subit
2854 1870 3250 1942 cogitationum
3283 1865 3662 1938 perturbatio-

2081 1973 2232 2021 nem,
2258 1974 2322 2014 ac
2346 1974 2485 2028 pene
2505 1959 2851 2028 periclitatur
2874 1975 2942 2014 ne
2965 1959 3019 2013 in
3043 1957 3486 2028 reprobationem
3514 1965 3661 2011 tanta

2085 2049 2228 2103 mole
2258 2049 2492 2104 obrutus
2529 2051 2906 2122 demergatur.

2153 2143 2242 2198 48.
2272 2142 2428 2198 Sicut
2467 2161 2596 2214 ager
2630 2145 2769 2200 male
2811 2145 2992 2200 cultus
3033 2144 3392 2214 multiplicem
3429 2157 3662 2214 purum-

2085 2247 2195 2302 que
2250 2233 2487 2288 reddere
2545 2249 2733 2288 semen
2789 2235 2997 2289 serenti
3048 2249 3160 2288 non
3211 2235 3373 2297 solet,
3431 2232 3506 2287 ita
3567 2231 3662 2301 qui

2086 2329 2384 2395 practicam
2418 2327 2714 2393 percurrit,
2751 2327 2857 2381 nisi
2888 2327 3181 2397 diligenter
3210 2341 3332 2381 eam
3365 2334 3422 2381 et
3451 2325 3665 2394 absque

2088 2421 2237 2474 inani
2267 2419 2440 2490 gloria
2474 2431 2748 2490 peragret,
2781 2421 3014 2475 multum
3046 2436 3361 2491 purumque
3397 2435 3507 2476 non
3543 2433 3671 2488 per-

2085 2511 2255 2582 cipiet
2286 2528 2354 2567 ex
2383 2515 2631 2568 oratione
2661 2514 2922 2568 fructum.

2157 2696 2249 2752 49.
2279 2694 2464 2750 Terrae
2494 2695 2814 2764 frequenter
2848 2696 3071 2750 calcatae
3096 2694 3296 2749 similis
3330 2702 3418 2749 est
3447 2693 3669 2748 animus

2087 2788 2368 2844 continuis
2405 2789 2675 2843 orationis
2705 2789 2868 2844 tritus
2895 2789 3165 2859 vestigiis.
3197 2789 3292 2843 llla
3323 2791 3471 2844 enim
3503 2789 3666 2858 plana

2086 2890 2171 2937 est
2205 2891 2261 2935 et
2288 2881 2380 2936 hic
2407 2890 2611 2946 rectus,
2642 2889 2702 2934 ut
2734 2881 3022 2952 suscipiat,
3054 2881 3144 2936 illa
3177 2881 3348 2951 pedes
3377 2882 3669 2947 delicatos,

2087 2974 2180 3030 hic
2209 2989 2404 3044 preces
2430 2991 2615 3044 puras.

2160 3139 2249 3194 50.
2297 3140 2357 3195 ln
2419 3140 2805 3194 materialibus
2858 3141 3047 3206 rebus,
3107 3138 3434 3210 adiutricem
3499 3137 3670 3194 habet

2090 3235 2312 3289 animus
2371 3233 2682 3297 rationem;
2738 3233 2793 3286 in
2846 3231 3304 3286 immaterialibus
3353 3245 3507 3295 vero,
3559 3229 3669 3284 nisi

2089 3343 2210 3383 eam
2241 3335 2544 3392 removeat,
2569 3326 2623 3380 in
2651 3326 2769 3396 ipsa
2793 3341 3014 3380 crucem
3040 3322 3286 3379 inveniet
3305 3331 3362 3378 et
3382 3321 3667 3393 colaphos.

2162 3513 2250 3568 51.
2284 3511 2567 3567 Practicus
2599 3510 2656 3564 in
2701 3509 2961 3580 precibus
3001 3508 3252 3563 velamen
3300 3506 3470 3562 habet
3504 3522 3674 3578 super

2091 3623 2188 3664 cor
2242 3623 2436 3670 suum,
2485 3619 2684 3674 nempe
2741 3602 2994 3659 nOIitiam
3058 3617 3245 3657 rerum
3291 3601 3672 3664 sensibilium,

2092 3701 2241 3773 quod
2296 3700 2520 3772 quidem
2576 3698 2690 3752 tolli
2744 3713 2809 3752 ac
2860 3698 3094 3752 revelari
3145 3706 3376 3768 propter
3425 3695 3670 3750 habitum

2092 3811 2201 3849 non
2253 3799 2455 3862 potest.
2497 3791 2565 3844 At
2610 3788 3092 3858 contemplativus,
3138 3787 3401 3858 quoniam
3451 3802 3519 3842 eo
3560 3801 3670 3840 non

2094 3894 2338 3949 tenetur,
2374 3883 2469 3938 Dei
2512 3882 2698 3954 gloriae
2733 3881 2973 3936 revelata
3005 3878 3392 3950 faciepartem
3430 3877 3671 3947 aliquam

2093 3979 2284 4033 videre
2315 3984 2518 4047 potest.

2165 4072 2255 4126 52.
2284 4070 2471 4126 Oratio
2506 4084 2630 4124 cum
2673 4065 2947 4137 spirituali
2991 4064 3225 4130 theoria,
3258 4071 3343 4118 est
3374 4072 3518 4117 terra
3546 4077 3676 4131 pro-

2093 4163 2396 4226 missionis,
2459 4161 2514 4214 in
2569 4174 2674 4229 qua
2719 4157 2863 4222 ﬂuit,
2919 4157 2996 4211 uti
3045 4156 3131 4209 lac
3182 4163 3239 4210 et
3272 4153 3400 4216 mel,
3443 4153 3673 4207 scientia

2093 4267 2411 4311 sermonum
2457 4251 2525 4306 de
2577 4247 2921 4320 providentia
2968 4255 3026 4300 et
3065 4243 3276 4314 judicio
3321 4243 3441 4298 Dei.
3483 4242 3676 4298 Oratio

2095 4364 2219 4404 cum
2251 4347 2432 4416 aliqua
2462 4343 2707 4416 physica,
2746 4352 2834 4397 est
2859 4340 3148 4411 IEgyptus,
3195 4339 3289 4393 ubi
3337 4340 3674 4394 crassiorum

399 4442 722 4511 παχυτέρων
748 4443 1052 4512 ἐπιθυμιῶν
1078 4447 1262 4514 μνήμη
1313 4449 1427 4508 τοῖς
1472 4445 1787 4514 εὐχομένοις
1822 4447 1967 4514 ἐγγί-

2098 4443 2504 4499 desideriorum
2586 4437 2898 4493 recordatio
2956 4434 3316 4505 precantibus
3379 4431 3675 4486 succurrit.

400 4550 567 4586 νεται.
603 4534 670 4586 Ἦ
694 4533 750 4586 δέ
777 4551 840 4602 γε
871 4535 1036 4604 ἁπλῆ,
1061 4535 1118 4586 τὸ
1146 4536 1320 4604 μάννα
1341 4538 1458 4587 ἐστὶ
1486 4537 1547 4587 τὸ
1575 4537 1632 4588 ἐν
1657 4539 1718 4606 τῇ
1747 4538 1966 4608 ἐρήμῳ.

398 4623 458 4675 τὸ
488 4623 576 4677 διὰ
605 4625 664 4677 τὸ
695 4625 965 4692 μονοειδὲς
986 4667 998 4690 ,
1028 4627 1136 4687 τοῖς
1182 4627 1278 4694 μὲν
1314 4627 1733 4696 ἀκαρτερήτοις,
1782 4629 1970 4681 ἐναπο-

401 4713 577 4767 κλεῖον
605 4715 674 4766 τὰ
699 4715 768 4767 δι’
796 4715 1092 4784 ἐπιθυμίας
1143 4716 1254 4768 τῶν
1301 4717 1725 4787 ἐπηγγελμένων
1785 4718 1925 4772 καλά
1952 4735 1967 4748 °

398 4807 514 4867 τοῖς
568 4804 624 4858 δέ
679 4807 1072 4876 ἐγκαρτεροῦσι
1131 4811 1194 4876 τῇ
1249 4809 1472 4880 τοιαύτῃ
1537 4810 1970 4884 ἀπεστενωμένῃ

399 4901 596 4970 τροφῇ,
621 4899 911 4969 προξενοῦν
955 4901 1052 4971 τὴν
1083 4900 1314 4970 κρείττω
1346 4901 1535 4968 γεῦσιν
1555 4944 1570 4967 ,
1627 4903 1721 4954 καὶ
1773 4902 1970 4972 μένου-

405 5007 522 5044 σαν.

483 5089 573 5149 ιγ’.
600 5083 800 5153 Πρᾶξις
837 5085 932 5136 σὺν
960 5083 1162 5154 θεωρίᾳ
1187 5082 1307 5146 μὲν,
1332 5083 1406 5146 ὡς
1445 5083 1604 5154 σῶμα
1641 5083 1778 5152 μετὰ
1812 5084 1966 5137 πνεύ-

406 5192 574 5244 ματος
602 5175 950 5246 ἡγεμονικοῦ,
995 5176 1121 5230 ἄνευ
1150 5175 1206 5226 δὲ
1247 5175 1498 5243 θεωρίας,
1533 5176 1607 5238 ὠς
1658 5176 1794 5242 σὰρξ
1817 5170 1969 5246 ’μετὰ

403 5265 711 5335 πνεύματος
743 5265 1126 5337 προαιρετικοῦ
1157 5264 1558 5334 λογισθήσεται.

475 5375 567 5430 νδ’.
596 5377 707 5444 Τῆς
743 5375 967 5446 λογικῆς
1017 5376 1216 5445 ψυχῆς,
1271 5375 1407 5446 αὐλὴ
1466 5377 1565 5444 μὲν
1706 5377 1976 5446 αἴσθησις,

406 5465 532 5527 ναὸς
567 5465 622 5517 δὲ
673 5466 706 5533 ἠ
729 5465 954 5524 διάνοια,
986 5464 1274 5535 ἀρχιερεὺς
1304 5465 1361 5518 δὲ
1397 5465 1426 5516 ό
1449 5464 1574 5526 νοῦς
1608 5481 1620 5492 ·
1656 5467 1714 5518 ἐν
1744 5469 1807 5535 τῇ
1841 5467 1975 5536 αὐλῇ

411 5557 510 5626 μὲν
535 5558 766 5622 ἵσταται,
801 5558 828 5609 ὁ
858 5557 948 5608 ὑπ’
971 5558 1210 5626 ἀκαίρων
1244 5556 1366 5619 νοῦς
1392 5557 1852 5626 περικοπτόμενος
1893 5558 1980 5609 λο-

411 5649 624 5717 γισμῶν
649 5665 662 5676 ·
689 5651 746 5701 ἐν
774 5648 851 5718 τῷ
879 5648 990 5716 ναῷ
1013 5649 1091 5718 δέ,
1123 5651 1150 5700 ὁ
1176 5647 1267 5702 ὐπ’
1297 5647 1569 5717 εὐκαίρων
1601 5663 1614 5676 ·
1649 5648 1740 5699 ὐπ’
1769 5648 1982 5710 οὐδενὸς

409 5737 466 5788 il:
492 5737 716 5802 τούτων,
759 5739 784 5789 ό
827 5738 907 5800 είς
948 5736 1006 5788 τὸ
1036 5738 1177 5790 θεῖον
1209 5739 1473 5810 ἱερατεῖον
1517 5737 1769 5800 ἀξιωθεὶς
1808 5738 1981 5791 εἰσελ-

414 5830 550 5883 θεῖν.

2097 4539 2287 4594 Oratio
2323 4535 2556 4604 simplex
2584 4541 2670 4588 est
2698 4531 2904 4587 deserti
2938 4543 3160 4592 manna,
3194 4527 3366 4596 quod,
3400 4525 3679 4580 uniforme

2097 4646 2222 4687 cum
2263 4629 2354 4688 sit,
2403 4643 2500 4682 eos
2538 4625 2762 4696 quidem
2812 4622 2907 4693 qui
2958 4637 3025 4677 eo
3074 4618 3317 4675 contenti
3366 4632 3479 4672 non
3525 4624 3678 4679 sunt,

2096 4726 2276 4796 privat
2318 4721 2534 4778 deliciis
2574 4735 2643 4773 ex
2678 4715 3110 4787 promissionum
3139 4710 3417 4766 desiderio
3447 4723 3679 4762 nascen-

2099 4817 2268 4881 tibus,
2305 4814 2372 4868 iis
2387 4828 2520 4867 vero
2551 4812 2644 4879 qui
2671 4810 2826 4864 cibos
2852 4807 2927 4861 ita
2953 4806 3180 4875 exiguos
3195 4801 3490 4865 sufferunt,
3515 4799 3680 4853 all‘ert

2096 4917 2317 4980 gustum
2350 4905 2660 4961 suaviorem
2691 4917 2756 4956 ac
2783 4907 3220 4970 permanentem.

2168 5067 2257 5122 '55.
2299 5063 2493 5118 Praxis
2545 5077 2668 5116 cum
2714 5058 3049 5115 theoria.est
3093 5054 3265 5110 veluti
3309 5066 3513 5122 corpus
3549 5067 3675 5105 cum

2097 5159 2292 5229 spiritu
2324 5156 2666 5226 imperante;
2701 5154 2820 5208 sine
2853 5150 3091 5214 theoria,
3123 5149 3277 5204 velut
3314 5163 3520 5218 corpus
3549 5162 3675 5202 cum

2097 5252 2298 5323 spiritu
2331 5266 2481 5305 mere
2510 5249 2688 5302 libero
2721 5245 3038 5301 habebitur.

2173 5346 2261 5400 54.
2315 5341 2622 5398 Rationalis
2679 5340 2878 5394 animae
2933 5338 3138 5392 atrium
3187 5343 3273 5390 est
3324 5331 3676 5394 sensorium,

2099 5437 2363 5506 templum
2402 5435 2736 5496 intellectus,
2767 5442 2823 5488 et
2854 5446 3103 5487 summus
3133 5427 3392 5482 sacerdos
3426 5423 3674 5492 spiritus.

2098 5533 2158 5586 ln
2193 5531 2339 5584 atrio
2372 5537 2482 5582 stat
2521 5527 2751 5596 spiritus
2782 5527 2875 5596 qui
2906 5522 3311 5592 intempestivis
3350 5517 3678 5571 debilitatur

2099 5622 2562 5694 cogitationibus;
2593 5620 2646 5672 in
2693 5619 2896 5688 templo
2933 5627 3140 5674 autem,
3172 5612 3264 5682 qui
3297 5607 3675 5677 tempestivis;

2101 5713 2316 5770 neutris
2346 5728 2479 5767 vero
2523 5711 2849 5766 debilitatur
2891 5708 2984 5778 qui
3019 5705 3268 5760 divinum
3298 5697 3678 5758 sanctuarium

2087 5807 2297 5864 meruit
2320 5805 2558 5878 ingredi.
