4100 6426
482 283 622 349 1159
1874 284 2071 344 BL”!
2112 281 2363 343 ECDiCi
3617 275 3764 344 119')

548 397 643 453 55.
678 397 1048 463 Lamentatio,
1072 408 1126 453 et
1154 412 1399 463 carmen,
1416 407 1471 453 ct
1495 412 1576 452 vae
1602 397 1644 429 "
1670 396 1725 451 in
1751 396 1916 451 domo
1939 396 2053 450 ani-

2237 395 2326 448 vs'.
2357 395 2564 465 Θρῆνος
2600 397 2716 465 μὲν,
2761 397 2854 449 καὶ
2887 399 3068 468 μέλος,
3106 401 3202 453 καὶ
3239 399 3365 454 οὐαι
3396 399 3453 451 ὲν
3480 401 3614 471 οἴκῳ
3652 405 3752 471 τῆς

480 505 584 545 mre
609 490 869 560 practice:
891 497 1120 560 preptcr
1141 488 1386 542 laborem
1413 485 1777 543 inveniuntur
1806 505 1818 541 :
1842 498 2057 552 contra,

478 601 580 640 vox
615 582 1002 638 exsultationis
1031 592 1086 636 et
1111 580 1478 636 confessionis
1507 581 1574 647 ¹⁸,
1608 589 1837 651 propter
1868 580 2060 651 cogni-

478 680 682 734 tionem
720 677 775 731 in
800 675 1158 730 tabernaculo
1197 674 1629 744 contemplantis
1657 673 2057 728 exaudiuntnr.

542 792 630 846 56.
662 790 949 845 Practieus
981 790 1208 859 quidem
1252 788 1607 844 hortantibus
1646 789 1919 844 molestiis
1945 789 2062 843 dis-

471 881 612 934 solvi
635 881 682 912 “
714 881 888 949 cupit,
922 890 978 935 et
1006 895 1132 936 esse
1158 895 1284 935 cum
1324 878 1586 947 Christo;
1619 880 2060 948 contemplativo

473 969 735 1040 placitum
761 978 843 1025 est
873 971 1049 1041 magis
1073 973 1125 1026 in
1152 986 1314 1026 carne
1341 986 1666 1042 permanere
1690 971 1757 1036 “,
1786 981 1899 1025 tum
1928 987 2059 1042 pro-

472 1072 596 1133 pter
614 1062 878 1135 gaudium
903 1063 1049 1132 qnod
1076 1079 1142 1118 ex
1168 1063 1428 1133 precibus
1453 1070 1760 1133 exspectat.
1793 1072 1905 1116 tum
1932 1079 2060 1132 pro-

473 1166 597 1226 pter
614 1157 1062 1228 utilitatemqua:
1080 1172 1179 1228 per
1197 1158 1351 1212 illum
1366 1157 1431 1211 ad
1453 1156 1733 1227 proximos
1751 1158 2055 1213 derivatur.

545 1250 633 1305 57.
655 1251 816 1321 Apud
847 1252 1135 1320 peritiores
1155 1251 1368 1306 theoria
1393 1251 1607 1322 praxin,
1632 1251 1776 1321 apud
1806 1251 2061 1307 rudiores

473 1346 661 1414 praxis
686 1346 955 1400 lheoriain
982 1346 1278 1411 antecedit,
1307 1357 1362 1402 et
1390 1347 1641 1402 ambtein
1663 1347 1826 1401 tinem
1855 1348 2057 1401 bonum

472 1439 736 1494 desinunt
778 1458 792 1493 :
833 1439 885 1493 id
945 1440 1093 1509 quod
1148 1440 1463 1510 promptius
1507 1448 1593 1494 est
1633 1438 1824 1495 videre
1871 1438 1925 1493 in
1974 1440 2058 1493 his

471 1532 674 1602 quibus
709 1532 1102 1603 contemplatio
1139 1532 1357 1587 actione
1390 1533 1543 1602 prior
1576 1542 1686 1587 est.

435 1704 443 1709 '
541 1694 630 1750 58.
670 1695 876 1751 Hortus
913 1695 1138 1765 quidem
1174 1706 1232 1751 et
1268 1695 1560 1766 paradisus
1590 1704 1678 1751 est
1706 1696 2058 1751 intellectua-

470 1788 606 1841 lium
666 1788 1085 1858 contemplatio,
1140 1788 1193 1842 in
1244 1804 1366 1857 qua:
1422 1788 1757 1857 eugnitionis
1816 1797 2059 1843 sectator

471 1896 596 1934 cum
634 1880 898 1951 precibus
934 1891 993 1935 ut
1025 1880 1079 1934 in
1115 1880 1341 1935 domum
1382 1880 1694 1952 ingreditur
1725 1897 1738 1933 :
1779 1881 2060 1950 practicus

469 1980 654 2026 autem
708 1971 932 2027 videtur
991 1981 1251 2043 tanquam
1311 1971 1491 2026 viator
1540 1972 1869 2042 prateriens
1912 1971 2058 2026 velle

468 2063 764 2133 inspicere.
804 2065 901 2120 sed
929 2080 1040 2119 non
1076 2065 1345 2135 permitti,
1374 2067 1502 2136 quia
1531 2064 1586 2120 id
1622 2064 1761 2119 ultra
1790 2064 2057 2134 spiritua-

466 2155 537 2212 lis
561 2156 739 2212 aetatis
767 2157 887 2228 ejus
920 2171 1106 2227 sepem
1134 2166 1238 2212 est.

538 2250 627 2305 59.
658 2250 953 2305 Passiones
983 2266 1266 2320 corporeae
1298 2250 1431 2306 leris
1461 2250 1677 2313 bestiis,
1705 2250 1772 2304 ad
1810 2248 2053 2303 animam

468 2357 603 2397 vero
642 2343 1014 2411 pertinentes,
1054 2342 1381 2397 volucribus
1416 2350 1547 2395 sunt
1582 2341 1816 2396 similes.
1854 2339 2057 2394 Verum

470 2431 593 2487 illas
622 2448 653 2487 a
684 2433 905 2487 terrena
941 2435 1102 2489 vinea
1129 2435 1316 2505 fugare
1348 2449 1412 2489 ac
1443 2434 1743 2504 dispellere
1776 2432 2056 2503 practicus

467 2532 793 2595 potest,non
807 2527 975 2582 etiam
999 2543 1174 2597 genus
1193 2527 1434 2592 volatile,
1458 2527 1560 2581 nisi
1583 2527 1811 2582 theorize
1830 2541 2053 2596 posses-

467 2619 680 2675 sionem
715 2618 937 2681 adierit.
960 2621 1214 2689 quamvis
1253 2619 1321 2674 ad
1356 2619 1576 2674 interna
1598 2634 1697 2674 sua
1728 2618 2055 2674 custodien~

465 2710 534 2766 da
569 2726 849 2767 summum
882 2712 1127 2767 studium
1149 2711 1607 2783 diligentiamque
1638 2710 1984 2767 adhibuerit.

537 2805 629 2860 60.
671 2804 934 2861 Moralem
989 2806 1336 2861 honestatem
1394 2821 1659 2877 superare
1706 2820 1818 2859 non
1870 2813 2055 2876 potest

465 2899 765 2970 practicus,
790 2899 895 2955 nisi
925 2909 982 2954 et
1016 2899 1154 2971 ipse,
1177 2909 1238 2954 ut
1257 2899 1573 2970 patriarcha
1597 2897 1900 2962 Abraham,
1927 2906 2054 2952 tan-

464 3006 631 3060 quam
654 3006 721 3045 ex
741 2992 963 3061 prOpria
999 3001 1165 3056 terra,
1187 3007 1253 3046 ex
1272 2993 1391 3061 lege
1415 2991 1686 3056 naturali;
1707 3002 1763 3047 et
1790 3002 2050 3061 tanquam

462 3099 529 3139 ex
556 3083 907 3159 opgnatione,
934 3099 1001 3139 ex
1030 3083 1097 3140 iis
1127 3084 1220 3154 qui
1253 3084 1500 3139 consoeii
1524 3084 1798 3140 suntvitzz
1829 3084 2046 3139 habitu.
2075 3089 2119 3147 c

465 3176 557 3234 Sic
587 3178 735 3233 enim
762 3187 818 3232 et
847 3178 964 3248 ipse
990 3180 1043 3233 in
1064 3178 1535 3248 signumaccipiet
1563 3178 2050 3233 circunicisionem

462 3270 721 3342 genitalis
764 3270 1089 3340 voluptatis,
1128 3285 1275 3340 quae,
1316 3278 1377 3324 ut
1418 3270 1749 3340 prteputium
1783 3285 1811 3323 a
1846 3269 2052 3325 nativi-

464 3371 576 3418 tate
629 3362 1099 3422 circumductum.
1153 3364 1335 3416 ohstat
1396 3363 1530 3431 quin
1585 3361 1832 3431 perfecta
1887 3362 2051 3417 nobis

464 3462 759 3523 praestetur
787 3452 1036 3508 libertas.

536 3616 626 3673 6i.
660 3615 817 3671 Sicut
864 3617 1049 3688 pullus
1095 3625 1344 3686 tempore
1391 3632 1566 3672 verno
1612 3617 1752 3673 intra
1804 3635 2049 3691 praesepe

467 3725 693 3765 manere
725 3710 779 3763 in
810 3726 990 3778 coque
1027 3710 1292 3766 mandere
1326 3726 1437 3765 non
1474 3720 1676 3781 potest,
1711 3711 1784 3766 ita
1820 3712 2049 3782 spiritus

463 3801 521 3858 in
555 3802 759 3857 virtute
784 3800 1028 3855 novitius
1050 3801 1319 3856 orationis
1345 3802 1653 3872 angustiam
1682 3801 1776 3857 diu
1803 3803 2048 3873 perferre

463 3891 680 3960 nequit,
709 3890 886 3945 inulto
914 3891 1091 3945 satius
1117 3890 1398 3947 arbitrans
1434 3892 1488 3945 in
1517 3907 1772 3962 campum
1806 3894 2048 3965 physicae

464 3983 690 4038 theoriae
719 3982 902 4053 egredi
940 3998 1063 4054 qua:
1100 3983 1153 4037 in
1191 3983 1497 4049 psalmudia
1529 3995 1587 4040 ct
1618 3986 1859 4041 lectione
1895 3987 2049 4041 inve-

462 4079 635 4133 nitur.

528 4242 620 4297 62.
652 4241 817 4309 Quasi
846 4242 1069 4298 lumbos
1098 4242 1267 4298 habet
1295 4242 1510 4298 cinctos
1528 4243 1742 4310 jejunio
1770 4252 1829 4297 et
1858 4243 2044 4313 vigilia

458 4338 703 4407 practice
750 4338 949 4392 vitales
986 4353 1118 4391 suas
1172 4336 1485 4407 potentias;
1560 4337 1806 4392 theorica
1860 4348 2042 4393 autem

2168 489 2477 559 πρακτικῆς
2502 488 2680 557 ψυχῆς
2705 490 2792 543 διὰ
2822 490 2913 542 τὸν
2962 492 3130 544 κόπον
3178 491 3497 562 εὑρίσκεται
3534 506 3550 522 ο
3600 494 3755 565 φωνὴ

2166 579 2225 633 εδ
2255 579 2628 645 ἀγαλλιάσεως
2661 582 2756 634 καὶ
2787 581 3228 651 ἐξομολογησεως
3269 583 3358 637 διὰ
3393 583 3491 656 τὴν
3526 586 3753 651 γνῶσιν,

2170 673 2232 726 εν
2263 671 2342 740 τῷ
2380 672 2478 740 τῆς
2503 672 2845 743 θεωρητικῆς
2878 673 3219 738 ἐξακούεται.

2245 791 2354 847 νςθ.
2387 782 2447 836 '0
2482 786 2779 852 πρακτικὸς
2801 787 2920 855 μὲν,
2946 787 3204 857 ἐπιθυμεῖ
3228 787 3494 843 ἀναλῦσαι
3519 789 3608 843 διὰ
3629 789 3757 851 τοὺς

2174 873 2391 938 πόνους,
2431 876 2524 927 καὶ
2554 877 2911 943 συγγενέσθαι
2942 879 3163 949 Χριστῷ
3190 896 3204 908 ·
3245 881 3274 932 ὁ
3302 880 3359 933 δι
3392 880 3756 949 θεωρητικὸς,

2175 965 2386 1019 εὐδοκεῖ
2417 965 2616 1031 μᾶλλον
2649 970 2814 1037 σαρκὶ
2859 972 3221 1040 παραμένειν,
3254 973 3344 1025 καὶ
3383 960 3623 1041 διὰχτῆν
3658 989 3759 1041 χαι

2173 1046 2380 1120 ρὰν,ῆν
2406 1049 2621 1121 δέχεται
2655 1054 2713 1119 ἐξ
2753 1054 2920 1125 εὐχῆς
2940 1096 2955 1120 .
2990 1059 3083 1111 καὶ
3115 1059 3205 1113 διὰ
3236 1061 3335 1131 τὴν
3375 1062 3470 1116 τοῦ
3525 1066 3759 1136 πλησίοι

2170 1144 2603 1214 προσγινομένην
2650 1144 2936 1215 ὠφέλειαν.

2240 1231 2336 1296 νζ.
2384 1234 2506 1287 Ἐπὶ
2541 1236 2641 1305 μὲν
2671 1237 2781 1291 τῶν
2819 1239 3221 1313 λογικωτὲρων.
3279 1248 3312 1315 ἡ
3367 1243 3570 1316 θεωρία
3618 1262 3756 1318 προ-

2168 1326 2391 1394 ηγεῖται
2422 1325 2521 1396 τῆς
2550 1327 2823 1398 πράξεωςο
2859 1332 2950 1383 ἐπὶ
2976 1332 3031 1385 δὲ
3062 1333 3173 1386 τῶν
3195 1335 3621 1407 ἀγροικοτέρων,
3656 1340 3759 1410 τῆς

2168 1415 2400 1487 θεωρίας
2427 1419 2461 1487 ἡ
2487 1419 2705 1489 πρᾶξις.
2737 1423 2828 1485 Είς
2847 1421 2905 1474 ἓν
2928 1423 2985 1476 δὲ
3015 1424 3167 1488 τέλος
3190 1426 3426 1496 χρηστὸν
3438 1427 3753 1500 ἀμφότεραι

2168 1508 2572 1577 καταλήγουσαι
2603 1526 2618 1541 ο
2676 1514 3086 1585 συντομώτερον
3112 1515 3170 1568 δὲ
3228 1515 3387 1570 τοῦτο
3430 1517 3754 1589 ὀφθήσεται,

2166 1593 2249 1662 οἷς
2277 1600 2309 1670 ἡ
2334 1601 2540 1671 θεωρία
2570 1607 2892 1673 προηγεῖται
2918 1607 3016 1676 τῆς
3047 1607 3321 1677 πράξεως.

2238 1690 2339 1759 νῆ’.
2376 1693 2708 1764 Παράδεισός
2733 1697 2903 1761 ἐστιν,
2932 1700 2964 1766 ἡ
2992 1698 3197 1768 θεωρία
3229 1698 3340 1752 τῶν
3368 1701 3597 1772 νοητῶν.
3661 1702 3757 1755 Ἐν

2175 1781 2351 1853 τούτῳ
2378 1786 2404 1837 6
2445 1784 2545 1854 μὲν
2578 1789 2901 1854 γνωστικδς,
2934 1789 3011 1853 ὡς
3041 1792 3098 1842 ἒν
3127 1791 3316 1864 οἰκείῳ
3351 1794 3486 1862 οἴκῳ
3535 1793 3753 1848 ἔνδοθεν

2167 1874 2474 1944 εἰσέρχεται
2524 1879 2584 1930 εν
2633 1879 2787 1949 εὐχῇ,
2821 1881 2849 1933 ὁ
2877 1878 2935 1933 δι
2967 1883 3275 1951 πρακτικὸς
3300 1923 3314 1947 ,
3345 1883 3421 1947 ὡς
3453 1884 3755 1954 παροδίτης

2164 1964 2486 2035 ὀφθήσεται,
2537 1967 2825 2039 ἐπιθυμῶν
2866 1971 2966 2040 μὲν
2997 2012 3011 2035 ,
3067 1971 3282 2026 ἔνδοθεν
3340 1973 3750 2043 παρακύπτειν,

2168 2056 2244 2126 μὴ
2306 2058 2758 2130 συγχωρούμενος
2812 2060 2909 2125 δὲ,
2969 2061 3058 2115 διὰ
3126 2064 3188 2116 τὸ
3246 2063 3752 2135 ὑπερανεπηκέναι

2163 2148 2255 2202 τὸν
2280 2152 2536 2220 φραγμὸν
2558 2151 2657 2221 τῆς
2683 2155 3058 2224 πνευματικῆς
3091 2153 3311 2223 ἡλικίας
3345 2154 3533 2210 αὐτοῦ.

2236 2239 2334 2295 νθ’.
2392 2241 2474 2294 Τὰ
2520 2241 2619 2312 μὶν
2682 2244 2970 2312 σωματικὰ
3032 2243 3177 2313 πάθη
3238 2243 3452 2313 θηρίοις
3492 2244 3704 2298 δοίκασι
3732 2287 3748 2308 ,

2168 2333 2390 2400 πτηνοῖς
2415 2331 2472 2384 δὲ
2501 2332 2568 2386 τὰ
2587 2331 2794 2401 ψυχικά
2826 2350 2839 2364 ο
2873 2331 3010 2384 ἀλλὰ
3047 2332 3118 2385 τὰ
3150 2334 3248 2402 μιν
3277 2334 3617 2402 ἀποτειχίζει
3640 2335 3752 2388 ἀπὶ⁴

2167 2420 2259 2475 τοῦ
2290 2420 2507 2489 λογικοῦ
2548 2422 2873 2490 ἀμπελῶνος
2901 2426 2931 2477 ὁ
2961 2424 3288 2494 πρακτικὸς,
3323 2425 3425 2477 οὐκ
3448 2424 3530 2477 In
3561 2420 3619 2477 δξ
3653 2427 3749 2478 καὶ

2165 2510 2233 2565 τὰ
2256 2511 2499 2572 πετεινὰ.
2548 2515 2597 2564 εἰ
2640 2512 2715 2582 μὴ
2759 2513 2818 2564 ὲν
2866 2513 3072 2584 θεωρίᾳ
3097 2516 3442 2585 πνευματικῇ
3473 2516 3698 2585 γένηται
3729 2530 3744 2545 ·

2165 2601 2268 2656 κᾶν
2300 2605 2382 2656 ὅτι
2416 2603 2654 2673 μάλιστα
2684 2601 2886 2675 πολλὴν
2913 2607 3148 2658 ποιεῖται
3200 2605 3441 2674 σπουδὴν
3479 2606 3617 2678 πρὸς
3646 2608 3743 2675 τῆν

2163 2694 2272 2746 τῶν
2302 2694 2448 2746 ἔνδον
2475 2692 2743 2763 φυλακήν.

2238 2783 2299 2849 ξ’.
2339 2784 2565 2854 Ἠθικῆς
2596 2784 2933 2855 εὐπρεπείας
2962 2784 3248 2854 κρείττων,
3278 2786 3574 2857 πρακτικὸς
3593 2787 3745 2854 γεκε-

2174 2876 2301 2928 σθαι
2331 2876 2393 2928 ού
2429 2875 2677 2935 δύναται,
2723 2876 2772 2927 εί
2812 2875 2888 2946 μὴ
2940 2875 3034 2928 καὶ
3082 2875 3284 2939 αὐτὸς,
3328 2878 3469 2931 κατὰ
3520 2877 3612 2930 τὸν
3640 2894 3748 2930 πα-

2162 2966 2430 3037 τριάρχην
2474 2965 2725 3036 Ἀϐραὰμ
2754 2966 2859 3031 ἔξω
2897 2966 3145 3034 γένηται,
3177 2966 3253 3030 ὡς
3276 2969 3375 3037 μὲν
3389 2968 3493 3036 γῆς
3520 2967 3746 3029 οίκείας.

2164 3058 2257 3110 τοῦ
2300 3056 2531 3125 φυσικοῦ
2563 3057 2726 3126 νόμου
2762 3072 2775 3088 ο
2828 3057 2904 3119 ὡς
2952 3057 3010 3110 δὲ
3045 3056 3388 3125 συγγενείας,
3429 3059 3526 3129 τῆς
3559 3058 3749 3128 ἥλικος

2164 3150 2314 3220 αὐτῷ
2345 3149 2485 3203 κατὰ
2535 3151 2727 3218 σχέσιν
2788 3148 2960 3217 ζωῆς-
3004 3148 3164 3202 θῧτω
3199 3149 3310 3221 γὰρ
3343 3151 3437 3203 καὶ
3466 3144 3621 3210 οὗτος
3668 3149 3747 3211 ὡς

2165 3240 2437 3310 σφραγῖδα
2465 3239 2692 3309 λήψεται
2716 3238 2813 3309 τῆς
2831 3239 3053 3310 γενικῆς
3083 3240 3276 3311 ἡδονῆς
3305 3240 3402 3308 τὴν
3430 3238 3741 3309 ἀφαίρεσιν,

2164 3331 2286 3384 καθ’
2320 3332 2386 3402 ῆν
2416 3333 2478 3385 τὸ
2523 3332 2632 3384 ἀπὸ
2673 3331 2940 3399 γενέσεως
3001 3334 3271 3405 κάλυμμα
3324 3332 3739 3404 περικείμενον,

2164 3421 2264 3492 τὴν
2291 3422 2530 3492 παντελῆ
2557 3421 2872 3492 ἐλευθερίαν
2909 3424 2968 3477 ού
3011 3426 3287 3494 συγχωρεῖ
3320 3422 3743 3494 παρασχεθῆναι

2167 3516 2321 3586 ἡμῖν.

2234 3607 2333 3673 ξω.
2366 3607 2503 3661 Οῦτε
2531 3608 2712 3671 πῶλος
2747 3610 2805 3660 εν
2870 3609 3016 3678 ἔαρι.
3066 3607 3215 3663 ἔνδον
3272 3608 3482 3677 φάτντς
3537 3609 3741 3678 μένειν,

2163 3702 2345 3754 καὶτὰ
2380 3701 2593 3770 ἐκείνης
2628 3700 2831 3755 ἐσθίειν
2862 3701 3140 3770 ἀνέχεται,
3174 3699 3296 3754 οὔτε
3350 3700 3602 3769 νεοτελὴς
3621 3700 3744 3762 νοῦς

2160 3792 2220 3845 τὸ
2247 3794 2696 3861 ἀπεστενωμενον
2733 3792 2967 3846 ἐπιπολῦ
3000 3796 3291 3864 καρτερεῖν
3335 3792 3434 3861 τῆς
3473 3793 3636 3861 εὐχῆς
3679 3793 3742 3845 ού

2158 3884 2410 3949 δύναται,
2447 3885 2619 3954 ἡδέως
2666 3885 2867 3953 μᾶλλον
2931 3884 3051 3938 κατ’
3091 3886 3301 3938 εκετνον
3344 3885 3506 3955 ἔχων,
3560 3884 3654 3937 ιπὶ
3682 3883 3746 3936 τι

2161 3974 2362 4038 πλάτος
2444 3978 2543 4047 τῆς
2614 3977 2852 4045 φυσικῆς
2919 3975 3154 4046 θεωρίας
3227 3975 3550 4045 ἑξέρχεσθαι
3643 3975 3745 4043 τῆς

2160 4066 2303 4120 κατὰ
2337 4064 2791 4137 τὴνψαλμῳδίαν
2820 4067 3248 4137 εὑρισκομὲνης,
3304 4068 3402 4120 καὶ
3459 4065 3558 4137 τὴν
3612 4065 3742 4118 ἀνά-

2158 4175 2378 4227 γνωσιν.

2226 4249 2327 4320 ξβ¹⁶
2371 4250 2458 4311 Ὠς
2493 4250 2592 4319 μὲν
2644 4251 2853 4317 ὀσφύας
2884 4251 2996 4320 ἔχει
3036 4251 3483 4322 περιεζωσμένας
3522 4248 3744 4321 νηστείᾳ

2159 4341 2255 4392 καὶ
2290 4339 2568 4409 ἀγρυπνία
2597 4341 2630 4409 ἡ
2678 4344 2989 4409 πρακτικὴ,
3038 4343 3139 4404 τὰς
3194 4341 3436 4405 ζωτικὰς
3485 4340 3743 4408 δυνάμεις

459 4432 637 4485 virtus
659 4429 1064 4485 intellectualcs
1086 4430 1236 4485 vires
1258 4430 1427 4486 habet
1449 4439 1509 4485 ut
1535 4432 1793 4486 lucernas
1816 4431 2041 4485 silentio

2164 4429 2367 4498 αὐτῆς·
2413 4429 2489 4493 ὡς
2538 4428 2764 4500 λύχνους
2815 4431 2873 4484 δὲ
2927 4434 3274 4500 καιομένους,
3311 4434 3489 4501 σιωπῇ
3542 4448 3599 4484 τε
3650 4431 3744 4482 καὶ

456 4533 512 4580 ει
556 4523 808 4578 oratione
845 4538 1110 4577 accensas
1148 4540 1162 4574 :
1196 4539 1303 4577 una
1343 4523 1567 4594 quidem
1611 4524 1720 4577 illis
1768 4524 2037 4594 prmponit

458 4618 812 4674 ratiocinium
849 4626 910 4671 ut
951 4618 1330 4688 paedagogum,
1365 4618 1537 4673 altera
1587 4634 1720 4671 vero
1761 4617 1848 4671 his
1895 4634 2036 4686 prze-

455 4711 569 4766 hcit
613 4712 888 4767 internum
939 4711 1209 4766 rationem
1263 4720 1323 4765 ut
1362 4726 1621 4781 sponsam
1680 4726 1780 4780 pro
1828 4726 2037 4779 penso

454 4814 631 4860 ornet.

523 4899 614 4953 65.
648 4899 800 4954 Mens
841 4901 1085 4954 nondum
1136 4901 1382 4971 perfecta
1426 4901 1480 4954 in
1530 4900 1873 4955 fructiferam
1908 4916 2037 4955 ora-

453 4992 623 5047 tionis
677 4993 893 5047 vineam
950 4995 1159 5049 intrare
1205 5011 1316 5048 non
1374 4992 1603 5057 sinitur,
1650 4994 1746 5047 sed
1794 4994 1844 5047 ei
1888 4994 2041 5048 velut

454 5086 710 5141 mendico
764 5090 1071 5143 racemario
1132 5090 1247 5143 sola
1298 5098 1354 5141 et
1396 5088 1566 5151 nuda,
1604 5096 1660 5141 et
1706 5089 1795 5142 vix
1844 5090 2036 5156 etiam,

454 5177 791 5245 psalmorum
821 5179 1138 5235 decantatio
1170 5181 1522 5236 conceditur.

522 5292 613 5348 64.
641 5293 1118 5359 Quemadmodum
1154 5312 1266 5351 non
1300 5314 1495 5354 omnes
1524 5299 1620 5368 qui
1654 5299 1721 5354 ad
1751 5300 1896 5369 regis
1930 5300 2045 5354 col-

452 5385 702 5456 loquium
749 5390 1144 5451 admittuntur,
1190 5404 1316 5443 cum
1357 5405 1425 5443 eo
1459 5389 1735 5459 prandere
1784 5398 2041 5459 possunt,

450 5478 535 5533 sic
593 5495 774 5548 neque
830 5481 924 5549 qui
974 5495 1098 5534 cum
1144 5480 1395 5535 oratione
1452 5483 1689 5535 miscent
1739 5480 2042 5548 colloquia,

451 5585 645 5626 omnes
677 5570 742 5624 ad
773 5587 893 5625 cani
935 5588 1099 5642 quam
1145 5572 1309 5626 habet
1344 5575 1612 5629 theoriam
1641 5574 1911 5645 aspirarit.

2158 4523 2434 4593 προσευχῇ
2463 4519 2562 4584 τὰς
2600 4522 2907 4588 γνωστικὰς
2956 4524 2987 4591 ἡ
3035 4522 3343 4592 θεωρητικὴ
3397 4522 3567 4591 ἀρετὴ
3624 4523 3743 4589 ἐφι-

2159 4609 2342 4661 στῶσα
2369 4612 2401 4680 ἠ
2430 4610 2528 4678 μὲν
2558 4611 2818 4673 ἐκείναις,
2850 4613 2939 4663 τὸν
2973 4611 3234 4679 λογισμὸν
3262 4612 3336 4671 ὼς
3366 4611 3738 4679 παιδαγωγόν·

2154 4702 2188 4770 ἡ
2245 4700 2300 4752 δὲ
2337 4740 2351 4763 ,
2386 4702 2615 4765 ταύταις
2660 4702 2735 4765 ὡς
2782 4702 3156 4771 νυμφοστόλον
3209 4703 3365 4770 λόγον
3426 4703 3519 4754 τὸν
3569 4702 3742 4756 ἑνδιά-

2160 4790 2337 4844 θετον.

2233 4903 2331 4972 ξγ’.
2364 4903 2506 4968 Νοῦς
2543 4905 2734 4973 ἀτελὴς
2783 4908 2862 4969 είς
2913 4906 3004 4959 τὸν
3058 4907 3417 4978 κατάκαρπον
3448 4905 3743 4975 ἀμπελῶνα

2157 4993 2249 5046 τὸν
2281 4994 2381 5063 τῆς
2438 4994 2623 5062 εὐχῆς.
2677 4994 2738 5047 οὐ
2800 4997 3166 5064 συγχωρεῑται
3219 4996 3561 5067 είσέρχεσθαι
3596 5011 3609 5025 ·
3665 4999 3746 5059 εἰς

2162 5085 2299 5157 μόνα
2328 5085 2383 5137 δὲ
2408 5086 2501 5138 καὶ
2529 5087 2699 5154 μόλις,
2732 5085 2805 5148 ὡς
2838 5087 2969 5155 πρὸς
3032 5087 3379 5154 ἐπιφυλλίδας
3412 5086 3647 5155 πτωχὸς,
3673 5085 3744 5137 τὰ

2156 5177 2286 5247 ψιλὰ
2314 5177 2424 5229 τῶν
2452 5176 2683 5246 ψαλμῶν
2735 5177 2921 5246 cum
2933 5193 3099 5246 ματα.

2229 5291 2323 5355 ξδ’.
2358 5290 2567 5357 Ὥσπερ
2600 5289 2659 5341 οὐ
2690 5290 2891 5351 πάντες
2912 5292 2958 5342 οί
2989 5290 3069 5352 είς
3103 5289 3367 5357 βασιλέως
3394 5289 3608 5360 ὁμιλίαν
3642 5289 3740 5356 ἐρ-

2157 5380 2377 5451 χόμενοι
2406 5382 2739 5451 συναριστᾷν
2774 5379 2925 5449 αὐτῷ
2956 5379 3231 5445 δύνανται,
3286 5378 3459 5443 οὕτως
3516 5378 3635 5432 οὐδὲ
3687 5378 3741 5431 οἱ

2160 5474 2239 5536 είς
2265 5473 2516 5543 ἐντυχίαν
2538 5473 2703 5543 εὐχῆς
2731 5473 2978 5544 ῆκοντες,
3006 5474 3065 5524 ὲν
3096 5470 3303 5544 θεωρίᾳ
3329 5475 3395 5543 τῇ
3455 5473 3576 5526 κατ’
3598 5470 3745 5524 ὲκεί-

2160 5581 2257 5635 νην
2283 5563 2635 5634 ὁφθήσονται.

532 5799 576 5832 ’⁸
604 5799 805 5859 Ezech.
834 5819 895 5870 ιι,
932 5806 986 5859 9.
1068 5806 1109 5837 ¹⁹
1136 5805 1283 5862 Psal.
1319 5823 1488 5874 cxvii,
1531 5807 1616 5863 l5.
1691 5805 1739 5837 "
1767 5804 1966 5874 Philip.
1998 5821 2037 5871 ι,

2240 5808 2281 5838 ¹¹
2310 5806 2449 5863 ibid.
2480 5807 2571 5861 24.
