4100 6474
355 416 490 484 1161

1528 406 1922 469 GNCSTICJE
1964 403 2440 470 SENTENTIAE.

3476 401 3613 466 1162

417 535 508 603 Es’.
534 530 718 603 Θυμοῦ
744 529 839 597 μὲν
868 526 1100 598 χαλινὸς,
1128 524 1160 594 ἡ
1194 523 1444 592 εὔκαιρος
1463 523 1671 587 γίνεται
1694 521 1876 587 σιωπή
1904 530 1918 546 ⁸

2104 514 2194 569 65.
2226 514 2467 569 Frenum
2499 513 2614 573 im,
2647 519 3021 582 Opportunum
3061 510 3380 579 silentium;
3402 513 3618 583 cupidi-

338 622 642 698 ”ὲπιθυμίας
677 625 734 678 δὲ
778 618 998 689 ἀλόγου,
1028 621 1062 689 ἡ
1098 621 1411 687 σύμμετρος
1457 611 1624 682 ὲδωδή
1656 624 1671 640 ·
1698 607 1925 663 δυσκαθ-

352 724 508 776 έκτου
537 718 595 770 δὲ
621 711 906 782 λογισμοῦ,
940 713 974 780 ὴ
1020 706 1390 780 μονολὸγιστος
1420 700 1717 772 προσευχὴ.

425 828 530 895 ξς’,
564 827 674 880 Καὶ
700 826 728 877 ὁ
760 825 838 885 εἰς
869 822 959 875 τὸν
999 818 1150 874 κάτω
1184 814 1346 886 βυθὸν
1372 811 1629 867 είσδύνων
1683 810 1771 864 διὰ
1832 807 1926 863 τὸν

355 920 636 993 αἰσθητὸν,
673 919 768 972 καὶ
808 917 836 970 ὁ
890 916 971 977 είς
1023 912 1115 965 τδν
1172 907 1470 978 γνωστικδν
1501 905 1590 959 διὰ
1621 903 1713 957 τὸν
1739 902 1929 993 νοητὸν

360 1012 730 1088 μαργαρίτην,
766 1008 852 1060 ἵνα
882 1002 1046 1058 αὑτὸν
1083 1002 1441 1088 ἀνιμῄσηται,
1472 998 1531 1088 εί
1550 992 1928 1088 μὴγυμνωθῇ

601 1100 701 1172 μὲν
735 1098 839 1167 τῆς
891 1092 1142 1163 ἐσθῆτος,
1177 1082 1334 1149 οὗτος
1378 1088 1436 1141 δὲ
1484 1086 1583 1156 τῆς
1604 1084 1927 1153 αἰσθήσεως,

357 1197 658 1269 ἀμφότεροι
679 1188 776 1245 τοῦ
805 1181 1233 1255 ἐπιζητουμένου
1268 1179 1750 1247 διαμαρτήσονται.

421 1300 521 1370 ξε.
551 1303 612 1354 '0
648 1301 744 1370 μιν
783 1295 995 1350 ἔνδοθεν
1022 1293 1122 1363 τῆς
1150 1288 1394 1351 διανοίας
1445 1286 1612 1341 αὑτοῦ
1645 1286 1936 1357 γινόμενος

352 1395 500 1458 νοῦς,
531 1395 589 1445 ἐν
620 1391 699 1461 τῷ
732 1387 1010 1459 εὔχεσθαι,
1057 1384 1134 1446 ὡς
1162 1381 1304 1452 μετὰ
1353 1379 1571 1450 νύμφης
1596 1379 1832 1449 νυμφίος
1875 1380 1935 1431 ὲν

353 1487 431 1556 τῷ
451 1483 700 1556 νυμφῶνι
722 1478 1124 1546 διαλεγόμενος,
1155 1472 1535 1543 εὑρεθήσεται,
1562 1471 1594 1523 ὁ
1619 1469 1676 1521 δὲ
1693 1469 1773 1539 μὴ
1798 1484 1935 1536 συγ-

354 1576 702 1650 χωρούμενος
734 1570 1014 1634 εἰσελθεῖν,
1062 1565 1264 1631 ἔξωθεν
1311 1564 1601 1633 ἱστάμενος
1657 1559 1936 1623 στενάζων

358 1672 479 1742 βοᾷ·
502 1687 521 1719 ι
560 1666 652 1729 Τίς
687 1664 884 1727 ἀπάξει
915 1678 981 1731 με
1011 1662 1091 1721 είς
1132 1658 1288 1710 πόλιν
1311 1654 1603 1726 περιοχῆςς
1640 1673 1658 1704 ι
1687 1652 1719 1723 ἢ
1752 1651 1831 1715 τίς
1855 1653 1938 1706 ὁδι-

360 1763 561 1834 ηγήσει
598 1775 666 1829 με
704 1756 809 1817 ἕως
839 1753 933 1806 τοῦ
961 1751 1036 1822 μὴ
1068 1748 1288 1820 βλέπειν
1319 1749 1397 1811 είς
1425 1745 1813 1818 ματαιότητας,
1842 1743 1938 1797 καὶ

364 1852 559 1929 μανίας
584 1846 797 1918 ψευδεῖς
835 1844 895 1897 ὲν
921 1841 999 1911 τῷ
1025 1838 1279 1911 εὔχεσθαι
1304 1856 1320 1902 ;

438 1943 539 2012 ξη’.
587 1937 783 1993 ὐποία
811 1936 847 2006 ἡ
876 1933 1046 2005 χωρὶς
1077 1932 1202 1994 ἁλὸς
1233 1930 1310 2001 τῷ
1344 1929 1580 1999 λάρυγγι
1610 1926 1935 1996 λογιζομένη

367 2032 556 2105 τροφὴ.
587 2028 833 2096 τοιαύτη,
864 2027 960 2079 καὶ
993 2027 1026 2097 ἡ
1060 2023 1216 2085 ἐκτός
1248 2018 1592 2084 κατανύξεως
1615 2017 1935 2089 λογισθήσε-

368 2141 456 2177 ται
484 2121 560 2190 up
591 2119 666 2189 νῷ
693 2116 1063 2191 μετερχομένη
1096 2114 1251 2183 εὐχή.

434 2210 534 2276 ξθ’.
574 2204 641 2260 Ἡ
673 2206 771 2276 μὲν
804 2203 884 2257 ἔτι
923 2201 1336 2257 καταδιώκουσα
1366 2198 1513 2269 ψυχὴ
1535 2198 1636 2266 τὴν
1655 2195 1844 2267 εὐχὴν,
1870 2197 1939 2265 τῇ

364 2298 629 2369 ώδινούσῃ
657 2294 892 2363 ὑπάρχει
923 2291 1306 2363 παρεμφερής.
1363 2291 1431 2344 Ἱι
1453 2289 1510 2343 δὲ
1539 2287 1939 2351 καταλαϐοῦσα,

363 2395 430 2462 τῇ
497 2389 767 2460 κυησάσῃ,
831 2385 927 2439 καὶ
974 2384 1169 2454 πλήρει
1203 2382 1467 2454 γενομένῃ
1513 2380 1602 2434 διὰ
1649 2380 1739 2435 τὸν
1784 2379 1941 2434 τόκον

363 2484 558 2554 χαρᾶς.

433 2581 495 2627 o’.
533 2575 705 2629 Πάλαι
736 2573 835 2643 μὲν
870 2572 898 2622 ὁ
967 2566 1291 2638 Ἀμορραῖος
1353 2565 1413 2617 ὲν
1462 2562 1537 2633 τῷ
1584 2562 1703 2633 ὄρει
1750 2559 1940 2625 οίκῶν’,

364 2666 690 2737 ἐτίτρωσκεν
713 2664 1064 2733 ἐξερχόμενος
1099 2658 1220 2718 τοὺς
1249 2653 1758 2724 παραϐιαζομένους
1795 2651 1941 2721 διέρ-

364 2758 556 2828 χεσθαι
586 2774 601 2788 ·
634 2755 749 2809 νυνὶ
773 2755 829 2808 δὲ
863 2757 894 2823 ἠ
919 2750 1128 2821 πονηρὰ
1151 2748 1288 2818 λήθη
1317 2747 1502 2799 διώκει
1533 2747 1659 2808 τοὺς
1708 2744 1817 2814 πρὸ
1841 2745 1942 2814 τῆς

364 2847 585 2915 ἁγνείας
611 2847 704 2899 ἐπὶ
725 2846 821 2913 τὴν
844 2842 1182 2913 ὑψηλοτέραν
1237 2836 1653 2908 ἐπιχειροῦντας
1715 2833 1943 2889 ἀναϐαίη

364 2955 476 2992 νειν
498 2936 662 3007 εὐχὴν
693 2922 792 3005 τῆς
824 2934 1148 3003 ἁπλότητος.

434 3026 533 3083 οα’.
561 3028 672 3098 Τῆς
695 3024 939 3096 καθαρᾶς
956 3024 1143 3095 εὐχῆς,
1175 3024 1231 3076 ὲν
1253 3021 1422 3093 ἔχθρᾳ
1444 3018 1612 3088 πολλῇ
1634 3017 1941 3088 πεφύκασιν

366 3115 506 3172 εἶναι
540 3119 590 3171 οἱ
635 3116 888 3187 δαίμονες
920 3131 935 3146 ·
978 3113 1353 3183 καταπλήττει
1389 3112 1446 3165 δὲ
1477 3109 1719 3174 τούτους,
1777 3108 1874 3177 οὐχ
1907 3107 1942 3176 ἠ

368 3209 576 3280 πληθὺς
615 3208 722 3262 τῶν
744 3206 977 3277 ψαλμῶν
1023 3204 1096 3270 ώς
1130 3207 1257 3270 τοὺς
1300 3202 1500 3268 ἔξωθεν
1542 3199 1839 3269 πολεμίους
1883 3197 1945 3250 τὸ

369 3303 706 3370 στράτευμα,
724 3298 838 3353 ἀλλ’
877 3300 909 3368 ἡ
940 3296 1107 3368 τριῶν
1133 3294 1441 3365 συμφωνία,
1472 3290 1564 3347 νοῦ
1600 3291 1736 3362 πρὸς
1762 3290 1942 3357 λόγον,

368 3392 463 3442 καὶ
500 3389 659 3457 λόγου
690 3388 827 3458 πρὸς
857 3387 1136 3457 αἴσθησιν.

437 3477 535 3547 οβ’.
587 3480 654 3534 Ἦ
676 3480 776 3550 μὲν
813 3478 944 3549 ψιλὴ
982 3478 1117 3550 εὐχὴ
1160 3476 1235 3542 ὡς
1284 3477 1446 3547 ἄρτος
1512 3474 1808 3545 ὀφθήσεται
1838 3473 1947 3534 τοῖς

373 3572 705 3641 εὐχομένοις,
770 3569 1125 3640 στηρίζουσα,
1160 3571 1194 3641 ὴ
1235 3569 1293 3622 δὲ
1333 3567 1474 3637 μετά
1508 3581 1652 3628 τινος
1687 3563 1942 3634 θεωρίας,

371 3661 446 3724 ώς
516 3661 697 3715 ἔλαιον
746 3660 1067 3714 πιαίνουσα·
1117 3661 1150 3730 ἡ
1217 3658 1276 3711 δὲ
1328 3657 1605 3720 ἁνιίδεως,
1670 3655 1745 3718 ώς
1804 3650 1945 3715 alvo;

373 3750 577 3821 εὐώδης
606 3764 619 3779 ·
644 3743 708 3804 οὗ
730 3751 779 3803 οξ
821 3748 1222 3821 ἐμφορούμενοι
1266 3748 1559 3818 ἀπλήστως
1605 3746 1942 3814 ἐξίστανται.

453 4007 546 4068 οῖ’.
586 4001 814 4071 Ἄγριος
872 4001 971 4071 μὲν
1033 4000 1173 4063 ὄνος,
1229 3998 1437 4062 πόλεως
1509 3998 1728 4065 λέγεται
1781 3994 1948 4048 πολυ-

380 4090 566 4160 σχλίας
619 4090 951 4161 καταγελᾷν,
996 4090 1094 4145 καὶ⁷
1140 4086 1449 4161 μονόκερως
1506 4089 1563 4142 δὲ
1593 4088 1684 4141 ὑπ’
1735 4086 1950 4148 οὐδενὸς

381 4181 699 4253 δεσμεῖσθαι
761 4183 1084 4252 δυνάμενος.
1111 4181 1256 4244 Νοῦς
1313 4181 1370 4234 δὲ
1421 4178 1660 4250 φύσεως,
1717 4176 1951 4232 καὶτῶν

382 4275 534 4346 παρὰ
571 4276 735 4342 φύσιν
768 4274 1099 4345 βασιλεύσας
1128 4272 1424 4344 λογισμῶν,
1459 4272 1818 4342 ματαιότητος
1853 4269 1954 4340 μὲν

380 4367 659 4435 καταγελᾷ
728 4364 1026 4436 λογισμῶν,
1100 4364 1575 4437 προσευχόμενος,
1665 4360 1799 4431 παρ’
1865 4360 1958 4413 οὐκ

377 4456 525 4520 δενδς
569 4458 624 4510 δὲ
679 4456 903 4512 δύναται
956 4457 1085 4513 τῶν·
1120 4460 1226 4513 ὑπὸ
1279 4456 1533 4526 αἴσθησιν
1593 4453 1953 4518 κατεξουσιά-

380 4548 589 4615 ζεσθαι.

450 4641 545 4696 οδ’.
568 4640 801 4695 Ῥάόδον
831 4640 929 4712 μὲν
958 4644 986 4695 ὁ
1010 4641 1169 4695 κυσὶν
1209 4638 1487 4705 ἐπισείων,
1534 4638 1772 4709 ἡγρίωσε
1830 4637 1952 4692 καθ’

381 4730 609 4793 ἑαυτοῦ,
687 4730 950 4801 δαίμονας
1011 4732 1092 4795 δὲ,
1170 4733 1199 4785 ό
1257 4731 1512 4800 καθαρῶς
1567 4726 1955 4799 ἐκϐιαζόμενος

382 4817 656 4889 εὔχεσθαι.

453 4915 546 4962 σε’.
604 4910 722 4981 Χρὴ
767 4910 857 4963 τὸν
921 4910 1343 4981 ἀγωνιζόμενον,
1409 4913 1508 4982 τὴν
1545 4913 1646 4981 μὲν
1701 4911 1955 4976 αἴσθησιν

382 4997 568 5063 αὐτοῦ,
601 5001 679 5062 είς
712 5001 810 5070 τὴν
856 5000 1103 5071 μονοειδῆ
1154 5001 1466 5053 συστέλλειν
1505 5000 1731 5073 τροφὴν,
1778 5001 1869 5053 τὸν
1899 5000 1956 5053 δὲ

383 5088 528 5154 νοῦν,
562 5092 641 5152 είς
693 5092 794 5161 τὴν
854 5091 1234 5160 μονολόγιστον
1270 5093 1599 5162 προσευχήν.
1640 5091 1795 5145 Οὕτω
1849 5091 1957 5162 γὰρ

382 5176 612 5248 ἄσχετος
631 5179 868 5248 γεγονὼς
896 5182 958 5232 ὲκ
995 5178 1201 5242 παθῶν,
1229 5178 1322 5232 καὶ
1361 5180 1453 5233 ἐπὶ
1499 5181 1559 5233 τδ
1616 5180 1958 5250 ἁρπάζεσθαι

388 5269 524 5338 πρὸς
554 5270 758 5341 Κύριον
785 5260 905 5341 ἥξει
938 5270 996 5323 ἐν
1042 5270 1119 5341 τῷ
1154 5270 1573 5344 προσεύχεσθαι.

455 5356 564 5423 ος’.
591 5361 654 5413 Oi
684 5362 785 5431 μὲν
810 5361 1107 5430 ἡδυπαθεῖς
1137 5361 1586 5431 προσευχόμενοι,
1619 5361 1714 5415 an
1739 5360 1961 5424 ὑλώδεις

381 5449 555 5513 ὄντες,
589 5450 664 5514 ώς
713 5450 1016 5521 βατράχους
1053 5453 1248 5521 -ἔχουσι
1292 5455 1417 5514 τοὺς
1461 5453 1752 5522 λογισμοὺς
1807 5470 1961 5522 περι-

388 5538 641 5603 σπῶντας
663 5541 861 5603 αὖτούς
893 5557 906 5570 ·
944 5534 1015 5594 οΐ
1041 5540 1097 5596 δὲ
1123 5544 1531 5612 μετριοπαθεῐς,
1583 5546 1683 5606 τὰς
1729 5543 1963 5614 θεωρίας

383 5629 724 5715 ώςφὰηδόνας
756 5635 1207 5705 κατατερπούσας
1254 5635 1470 5701 αὐτοὺς,
1530 5636 1620 5708 τῇ.
1656 5637 1750 5689 ἀπ’
1790 5636 1962 5690 ἄλλων

384 5728 471 5788 εις
497 5725 689 5791 ἄλλους
728 5729 1069 5798 ἀκρέμονας,
1100 5732 1367 5797 τουτέστι,
1413 5732 1664 5795 ποικίλας
1712 5733 1958 5804 θεωρίας,

464 5940 509 5973 ’⁸
539 5940 685 5999 l’sal.
722 5956 850 6007 cvtt,
889 5944 977 5996 ll.
1052 5947 1098 5978 "
1129 5946 1244 6001 Jos.
1280 5962 1334 5999 κ.

757 6036 1037 6101 ΡΑτιιοι..
1082 6040 1199 6101 Gn.
1244 6041 1562 6103 CXXVII.

2037 609 2165 664 tatis
2187 624 2215 662 a
2240 608 2455 662 ratione
2482 621 2712 665 aversae.
2733 604 2895 661 cibus
2918 605 3272 671 moderatus;
3298 605 3622 677 impotentis

2034 701 2227 765 animi,
2260 700 2442 755 oratio
2475 696 2840 757 distractione
2861 714 3080 756 carens.

2106 793 2197 848 66.
2222 793 2292 848 Et
2315 793 2413 863 qui
2446 793 2619 849 altum
2647 793 2793 850 infra
2817 804 2877 850 et
2905 796 3001 865 qui
3028 795 3212 857 altum
3239 811 3407 867 supra
3433 799 3625 854 subire

2035 890 2173 953 vult,
2205 890 2299 946 ille
2337 899 2398 944 ut
2427 891 2776 958 sensibilem,
2801 892 2894 947 hic
2918 900 2981 948 ut
3009 892 3441 949 intellectualem
3473 911 3625 950 mar-

2036 983 2269 1053 garitam
2303 983 2577 1054 acquirat,
2612 985 2724 1040 nisi
2751 984 3058 1053 nudentur,
3090 1000 3239 1043 unus
3276 995 3452 1057 veste,
3485 988 3628 1045 alter

2037 1090 2229 1140 sensu,
2259 1077 2423 1132 ambo
2450 1092 2555 1133 suo
2582 1084 2715 1133 voto
2739 1077 3186 1135 frustrabantur.

2111 1261 2201 1316 67.
2229 1260 2333 1328 Qui
2358 1261 2504 1331 apud
2536 1277 2594 1319 se
2619 1271 2705 1319 est
2726 1263 2875 1319 inter
2902 1264 3175 1320 orandum
3202 1265 3442 1332 animus,
3472 1266 3629 1321 velut

2041 1367 2280 1422 sponsus
2318 1368 2444 1407 cum
2494 1368 2697 1423 sponsa
2738 1356 2794 1409 in
2829 1355 3076 1412 thalamo
3123 1357 3485 1428 colloquitur.
3524 1356 3630 1423 Qui

2041 1455 2225 1501 autem
2259 1444 2473 1516 ingredi
2502 1461 2614 1502 non
2637 1448 2866 1511 sinitur,
2894 1459 3050 1505 stans
3081 1450 3241 1516 foris,
3265 1465 3393 1506 cum
3420 1450 3630 1521 gemitu

2042 1538 2243 1594 clamat
2275 1553 2291 1592 :
2322 1557 2342 1590 ι
2407 1539 2544 1606 Quis
2581 1556 2670 1597 me
2722 1541 2965 1599 deducet
2998 1543 3056 1598 in
3106 1544 3388 1599 civitatem
3433 1545 3634 1599 muni-

2046 1642 2155 1687 tam
2185 1634 2266 1687 "?
2315 1653 2334 1686 ι
2382 1644 2479 1690 aut
2519 1636 2647 1705 quis
2687 1650 2777 1691 me
2821 1636 3009 1700 ducet,
3048 1636 3228 1693 donec
3272 1638 3327 1692 in
3368 1637 3635 1709 precibus

2045 1725 2182 1781 meis
2201 1725 2470 1783 faciendis
2491 1727 2552 1783 in
2571 1728 2849 1786 vanitates
2869 1738 2925 1785 et
2944 1730 3193 1786 insanias
3214 1729 3380 1787 falsas
3396 1731 3637 1801 amplius

2044 1834 2157 1874 non
2184 1820 2513 1891 respiciam?

1977 1889 2023 1945 Β
2120 1910 2207 1964 68.
2260 1889 2452 1977 Qualis
2484 1921 2573 1966 est
2616 1913 2804 1983 palato
2849 1913 3013 1969 cibus
3050 1915 3172 1970 sine
3216 1917 3353 1983 sale,
3384 1916 3511 1972 talis
3552 1925 3640 1972 est

2050 2001 2236 2056 animo
2279 2002 2401 2056 sine
2447 2003 2938 2060 animadversione
2968 2013 3026 2059 et
3063 2005 3429 2077 intelligentia
3473 2023 3640 2064 usur-

2051 2102 2177 2162 pata
2202 2093 2404 2149 oratio.

2125 2189 2216 2243 69.
2266 2189 2467 2244 Anima
2516 2206 2640 2260 quae
2682 2191 2993 2247 orationem
3049 2193 3233 2250 adhuc
3285 2200 3641 2250 consectatur

2052 2291 2110 2337 et
2141 2284 2516 2353 persequitur,
2542 2285 2810 2354 parientis
2834 2287 2977 2355 gerit
3001 2287 3296 2359 imaginem
3323 2307 3336 2343 :
3363 2302 3486 2358 quze
3508 2297 3643 2342 vero

2051 2391 2175 2430 eam
2219 2377 2663 2446 comprehendit,
2698 2394 3011 2450 puerpera,
3057 2397 3223 2452 quam
3270 2391 3465 2451 partus
3509 2396 3646 2436 suus

2054 2465 2259 2540 gaudio
2290 2470 2561 2542 implevit.

2130 2563 2217 2618 70.
2270 2561 2414 2620 Olim
2475 2567 2832 2637 Amorrhteus
2895 2568 2951 2623 in
3015 2570 3300 2626 montibus
3364 2570 3646 2635 habitans,

2056 2668 2317 2724 egressus
2375 2657 2679 2713 ascendere
2741 2659 3144 2716 contendentes
3210 2660 3537 2716 vulnerabat
3575 2661 3646 2716 ”.

2056 2747 2217 2802 Nunc
2245 2747 2573 2818 improbitas
2604 2764 2703 2806 eos
2732 2751 2955 2821 repellit
2982 2753 3079 2822 qui
3110 2762 3237 2808 ante
3268 2754 3644 2823 expiationem

2056 2840 2412 2912 simplicitate
2471 2854 2571 2897 sua
2617 2841 2873 2899 altiorem
2934 2845 3206 2901 orationis
3259 2845 3493 2917 gradum
3553 2861 3648 2901 co—

2059 2943 2264 2989 nantur
2290 2936 2616 2992 ascendere.

2131 3028 2220 3083 7t.
2260 3029 2462 3084 Puram
2506 3030 2814 3088 orationem
2843 3030 3124 3090 daemones
3150 3042 3351 3090 natura
3383 3032 3647 3101 oderunt,

2060 3135 2201 3192 quos
2216 3123 2591 3190 percellitnon
2609 3124 2947 3196 psalmorum
2969 3127 3291 3193 multitudo,
3315 3138 3378 3182 ut
3388 3138 3651 3183 externos

2061 3212 2252 3270 hostes
2304 3214 2522 3288 integer
2565 3215 2847 3274 exercitus
2883 3237 2896 3273 :
2929 3220 3027 3275 sed
3072 3219 3272 3276 horum
3308 3220 3475 3275 trium
3511 3235 3652 3275 eon-

2060 3320 2279 3372 sensus,
2305 3315 2471 3378 atque
2499 3310 2797 3366 concordia
2831 3310 3003 3366 animi
3041 3327 3167 3368 cum
3202 3312 3440 3380 ratione,
3481 3312 3654 3367 ratio-

2064 3396 2152 3454 nis
2196 3410 2323 3455 cum
2370 3414 2558 3458 sensu.

2135 3493 2224 3548 72.
2271 3494 2462 3551 Oratio
2487 3496 2636 3553 nuda
2657 3506 2887 3554 orantes
2934 3506 3194 3570 tanquam
3238 3500 3399 3570 panis
3446 3501 3655 3557 contir-

2065 3598 2198 3644 ntat.
2225 3589 2359 3655 Quae
2384 3605 2510 3644 cum
2539 3591 2723 3661 aliqua
2746 3593 3526 3666 contemplationeconjuneta
3547 3605 3655 3660 est,

2065 3680 2395 3753 impinguat.
2444 3682 2579 3750 Quae
2626 3692 2787 3740 vacat
2829 3687 3018 3756 specie
3057 3695 3115 3742 et
3153 3687 3492 3753 simulacris,
3537 3687 3657 3744 vini

2063 3775 2283 3832 odorati
2309 3775 2486 3831 instar
2506 3785 2612 3842 est,
2640 3792 2754 3849 quo
2776 3778 2998 3849 repleti,
3040 3778 3438 3837 insatiabiliter
3476 3780 3660 3837 admi-

2065 3870 2262 3926 rantur
2285 3879 2345 3926 et
2366 3870 2794 3943 obstupescunt.

2138 3964 2228 4019 75.
2254 3962 2474 4037 Onager
2498 3962 2705 4023 dicitur
2727 3967 2947 4023 turbam
2974 3967 3256 4035 deridere,
3285 3981 3344 4025 et
3369 3971 3658 4029 unieornis

2067 4078 2097 4117 a
2124 4063 2348 4119 nemine
2371 4063 2536 4134 ligari
2574 4079 2759 4134 posse.
2807 4063 3050 4137 Spiritus
3084 4075 3273 4122 autem
3321 4076 3576 4125 naturam
3600 4076 3659 4124 et

2066 4164 2282 4212 natura:
2303 4156 2617 4213 contrarias
2644 4171 2888 4228 regnans
2927 4158 3315 4229 cogitationes,
3338 4174 3481 4215 vana
3528 4158 3658 4230 qui-

2067 4247 2196 4305 dem
2227 4248 2374 4305 ridet
2393 4249 2638 4321 cogitata
2661 4249 2721 4305 in
2746 4250 3025 4318 oratione,
3051 4266 3085 4309 α
3126 4251 3282 4308 nullo
3304 4268 3439 4309 vero
3478 4252 3660 4308 sensi-

2069 4341 2265 4397 bilium
2293 4351 2481 4414 potest
2503 4344 2781 4415 superari.

2001 4611 2046 4666 Ι)
2145 4623 2236 4678 74.
2281 4621 2463 4694 Super
2504 4623 2743 4680 canibus
2787 4624 2998 4698 virgam
3054 4626 3311 4696 quatiens
3354 4641 3452 4680 eos
3496 4626 3550 4682 in
3603 4642 3664 4682 se

2066 4721 2282 4785 irritat,
2333 4722 2616 4777 daemones
2672 4728 2859 4776 autem
2898 4720 2994 4791 qui
3040 4736 3238 4791 puram
3276 4719 3483 4776 oﬁ‘erre
3535 4736 3663 4776 ora—

2077 4814 2283 4870 tionem
2306 4814 2523 4869 nititur.

2148 4909 2237 4965 75.
2292 4906 2638 4962 Certatorem
2687 4920 2919 4962 necesse
2963 4914 3052 4961 est
3105 4920 3331 4961 sensum
3375 4919 3538 4962 suum
3592 4907 3659 4961 ad

2074 4999 2383 5072 simplicem
2432 5010 2490 5056 et
2544 4999 2878 5055 uniformem
2938 5000 3255 5055 alimoniam
3305 4999 3660 5065 contrahere,

2075 5104 2319 5151 mentem
2346 5102 2532 5150 autem
2558 5093 2627 5149 ad
2650 5094 2988 5159 orationem,
3026 5093 3117 5148 cui
3141 5109 3201 5149 se
3230 5093 3522 5150 distractio
3549 5110 3661 5151 non

2076 5188 2398 5244 admisceat.
2429 5187 2525 5245 Sic
2552 5188 2704 5245 enim
2738 5187 3090 5260 passionibus
3112 5188 3408 5258 expeditus
3436 5202 3503 5243 ac
3521 5187 3668 5243 liber

2074 5297 2143 5338 eo
2172 5282 2381 5344 veniet,
2415 5290 2478 5337 ut
2508 5282 2655 5338 inter
2678 5297 2876 5353 preces
2905 5282 2974 5337 ad
2998 5280 3296 5337 Dominum
3328 5281 3598 5351 rapiatur.

2145 5377 2232 5433 76.
2263 5374 2575 5430 Libidinosi
2622 5376 2681 5430 in
2728 5375 2963 5441 orando,
2990 5385 3193 5447 utpote
3243 5374 3583 5437 materiales,
3628 5389 3660 5428 a

2069 5465 2507 5537 cogitationibus
2548 5466 2704 5521 velut
2734 5480 2767 5521 a
2799 5466 2951 5523 ranis
2987 5467 3350 5522 divelluntur.
3380 5465 3493 5520 Eos
3523 5478 3662 5519 vero

2068 5560 2166 5630 qui
2192 5557 2465 5614 moderati
2489 5565 2620 5612 sunt
2643 5557 2699 5613 in
2723 5558 3147 5629 cupiditatibus,
3166 5555 3666 5629 contemplationes

2073 5662 2133 5707 ut
2180 5650 2432 5707 luscinia:
2483 5650 2784 5714 delectant,
2817 5650 2887 5707 de
2936 5652 3106 5707 ramis
3149 5652 3208 5707 in
3252 5664 3459 5715 ramos,
3489 5648 3545 5703 id
3577 5657 3666 5702 est

2075 5746 2136 5799 in
2194 5744 2380 5801 varias
2436 5744 2940 5814 contemplationes
2995 5743 3361 5799 transeundo.
3415 5739 3669 5812 Denique

3247 6042 3329 6107 3'1
