4100 6422
432 295 567 360 1163

1843 299 2035 355 ΕΙᾸἘ
2078 296 2323 355 ιῑιλιηιῑι

3577 301 3721 368 liii

427 398 866 482 impassibilibus
929 418 1068 462 Inest
1119 408 1401 463 silentium
1450 419 1505 463 et
1556 409 1727 462 multa
1769 408 1927 476 quies
1976 426 2004 461 a

2138 409 2448 479 μεταῦάσει.
2483 410 2613 478 Σιγὴ
2642 410 2698 462 δὲ
2736 410 2993 479 πρόσεστι
3019 414 3127 475 τοῖς
3160 413 3415 478 ἀπαθέσι,
3458 414 3551 467 καὶ
3578 416 3710 483 ἡρε-

425 506 648 561 cnnetis
692 503 1088 573 cogitationum
1134 501 1595 557 distractiouibus
1627 501 1681 555 in
1729 502 2003 557 oratione.

498 691 585 744 77.
642 689 783 744 Olim
835 704 993 743 soror
1041 688 1242 758 Moysis
1305 686 1491 749 Maria,
1552 687 1793 741 hostium
1854 686 2008 741 clade

423 784 563 838 visa.
603 790 924 850 tympanum
979 794 1226 843 sumens,
1282 779 1677 833 cantatricibus
1719 779 2011 849 prmeinuit

422 873 666 927 victoria:
711 872 1023 937 canticum;
1058 887 1206 926 nunc
1253 886 1386 925 vero
1430 873 1496 925 ad
1543 869 1762 925 laudem
1810 870 2009 925 anima:

420 962 785 1032 cupiditatum
814 963 1081 1026 victricis,
1102 963 1388 1018 ardentior
1408 962 1463 1016 in
1486 961 1785 1016 virtutibus
1807 960 2010 1016 caritas

419 1057 680 1117 excitata,
725 1057 989 1111 manibus
1035 1056 1273 1111 assumit
1323 1055 1598 1109 theoriam
1643 1055 1798 1110 velut
1826 1054 2003 1109 citha-

421 1165 557 1209 ram,
579 1164 646 1203 eo
683 1149 1057 1217 pulchriorem
1090 1144 1235 1219 quod
1270 1148 1479 1217 magnis
1524 1155 1705 1216 empta
1736 1158 1822 1201 est
1852 1147 2007 1202 labo-

421 1241 597 1306 ribus,
636 1241 803 1310 eique
855 1252 1077 1297 cantum
1131 1240 1418 1303 maritans,
1471 1255 1581 1293 non
1638 1240 1843 1295 desinit
1881 1255 2005 1296 cum

419 1334 585 1387 sociis
619 1334 904 1389 exsultans
952 1335 1177 1389 laudare
1211 1334 1402 1389 Deum.

492 1428 581 1480 78.
648 1426 879 1493 Quando
942 1427 1207 1482 continua
1283 1428 1536 1481 oratione
1605 1436 2008 1482 conservantur

422 1523 759 1589 psalmorum
795 1522 1022 1576 oracu'a
1072 1522 1126 1575 in
1160 1522 1333 1577 corde
1380 1521 1613 1585 orantis,
1665 1531 1815 1585 tunc,
1858 1522 2008 1575 velut

422 1616 563 1668 bona
614 1625 783 1681 terra,
823 1617 926 1669 hoc
966 1616 1162 1685 incipit
1192 1616 1343 1669 ultro
1376 1618 1707 1684 producere,
1747 1624 1806 1668 ut
1852 1629 2006 1668 rosas

421 1709 948 1778 Contemplationem
1008 1724 1194 1763 rerum
1251 1709 1721 1779 incorporalium;
1765 1718 1822 1762 ut
1869 1710 2000 1768 lilia,

421 1800 691 1868 fulgorem
723 1816 1059 1870 corporum;
1101 1810 1161 1855 ut
1191 1802 1387 1867 violas,
1422 1801 1737 1856 divinorum
1766 1801 2003 1874 judicio-

422 1907 544 1944 rum
574 1892 898 1946 varietatem
930 1901 986 1947 et
1018 1893 1437 1950 obscuritatem.

493 2057 576 2111 79.
600 2057 657 2110 In
683 2057 909 2112 materia
935 2058 1194 2127 alligatus
1230 2058 1373 2128 ignis
1395 2059 1617 2114 Lucifer
1647 2059 1915 2125 efﬁcitur;
1940 2077 2004 2116 ex

421 2149 653 2204 materia
670 2158 857 2205 autem
878 2152 1094 2206 solutus
1122 2153 1344 2205 animus
1366 2151 1552 2207 Deifer
1578 2152 1880 2207 invenitur.
1914 2153 2007 2206 Ille

419 2244 859 2313 ascenditusquc
889 2244 956 2297 ad
985 2244 1450 2303 combustionem.
1479 2245 1569 2298 hic
1587 2259 1760 2313 usque
1782 2245 1847 2299 ad
1875 2261 2009 2300 cou-

422 2334 847 2389 strinmationem
870 2333 1075 2389 amoris
1104 2333 1299 2387 divini.

493 2495 583 2551 80.
606 2498 803 2553 Anima
829 2512 951 2567 quae
980 2512 1101 2552 sese
1129 2495 1373 2568 perfecte
1399 2497 1716 2567 abnegavit,
1743 2513 1805 2551 ac
1839 2506 2004 2552 totam

420 2606 479 2645 se
511 2591 749 2646 orationi
781 2590 953 2655 dedit,
986 2605 1109 2643 eum
1146 2590 1403 2658 superior
1443 2589 1514 2642 sit
1560 2590 1863 2651 creatione,
1899 2603 2005 2642 non

419 2685 641 2753 quando
675 2682 781 2738 sibi
810 2683 995 2753 placet
1023 2681 1253 2736 inferior
1295 2680 1374 2745 fit,
1410 2680 1504 2735 sed
1536 2679 1759 2750 quando
1787 2695 2005 2749 arquum

420 2777 641 2830 videtur
683 2775 760 2828 illi
796 2774 891 2845 qui
936 2773 1119 2827 omnia
1162 2782 1348 2827 nostra
1380 2773 1434 2826 in
1471 2772 1714 2843 pondere
1746 2780 1803 2827 et
1848 2787 2005 2841 men-

420 2884 547 2922 sura
579 2868 846 2937 disponit.

492 2960 578 3013 8|.
624 2958 761 3013 Cum
808 2975 872 3014 ex
925 2959 1107 3013 anima
1166 2958 1396 3028 expulsa
1453 2966 1538 3012 est
1591 2957 1803 3023 acedia,
1839 2964 1895 3011 et
1938 2970 2005 3010 ex

420 3063 607 3109 mente
645 3053 852 3108 malitia
912 3061 997 3108 est
1049 3068 1300 3114 excussa,
1353 3061 1485 3107 tunc
1539 3051 1771 3120 spiritus
1823 3050 2006 3104 nudus

419 3146 657 3201 effectus
713 3145 1071 3216 simplicitate
1122 3145 1358 3213 vitaeque
1407 3144 1671 3207 candore,
1704 3151 1758 3196 et
1806 3153 2007 3198 exutus

420 3238 702 3293 destinato
742 3235 1017 3306 pudendis
1055 3235 1315 3305 tegmine,
1348 3243 1534 3289 cantat
1583 3233 1698 3303 ipse
1730 3235 2007 3290 canticum

421 3346 628 3385 novum
676 3330 811 3395 Deo,
846 3338 903 3384 et
935 3329 1140 3399 gratias
1178 3328 1312 3398 agit,
1348 3336 1678 3382 concentum
1715 3328 1769 3381 in
1818 3328 2010 3384 laetitia

422 3422 717 3476 modulans
773 3420 840 3474 ad
890 3419 1276 3475 celebrandam
1332 3419 1457 3473 vitze
1516 3418 1717 3474 futura:
1780 3420 2008 3475 dedica-

424 3520 653 3570 tionem.

493 3607 583 3663 82.
621 3609 758 3663 Cum
785 3608 838 3661 in
871 3606 1175 3661 diviniores
1209 3606 1442 3661 virtutes
1477 3604 1813 3660 invalescere
1841 3606 2009 3676 cmpit

421 3703 604 3757 anima
626 3716 811 3765 orans,
832 3709 964 3755 tunc
989 3711 1044 3757 et
1072 3700 1209 3770 ipsa.
1236 3699 1377 3755 sicut
1406 3714 1607 3770 sponsa
1628 3698 2006 3765 Canticorum,

420 3793 487 3847 ad
529 3794 656 3847 vitae
695 3792 874 3846 socias
908 3790 1045 3846 dicit
1080 3809 1093 3845 :
1130 3809 1147 3841 ι
1189 3791 1431 3847 Dilectus
1488 3807 1642 3845 meus
1692 3791 1843 3846 misit
1894 3807 2010 3846 ma-

423 3904 553 3942 num
585 3904 740 3943 suam
773 3904 873 3957 per
908 3886 1181 3953 foramen,
1217 3894 1272 3941 et
1305 3896 1496 3942 venter
1530 3903 1687 3942 meus
1722 3886 2009 3942 intremuit

419 3981 487 4036 ad
527 3990 731 4037 tactum
764 3982 883 4052 ejus
911 3981 1003 4035 ¹³⁶.
1042 4000 1062 4033 ι

491 4147 582 4202 8'5.
627 4146 701 4203 Ut
750 4146 912 4201 miles
952 4163 983 4202 e
1016 4145 1162 4202 bello
1222 4146 1400 4201 redux
1450 4158 1736 4201 armorum
1788 4146 2009 4217 pondus

420 4242 598 4305 exuit,
643 4240 715 4295 ita
768 4241 1051 4310 practicus
1101 4240 1416 4306 ratiocinia,
1468 4239 1561 4295 ubi
1615 4241 1683 4294 ad
1738 4240 2009 4295 theoriam

420 4333 699 4403 pervenit.
729 4332 922 4402 Neque
949 4333 1097 4386 enim
1132 4333 1248 4398 ille,
1277 4332 1385 4387 nisi
1417 4332 1472 4386 in
1514 4331 1679 4397 bello,
1710 4333 1881 4386 armis
1925 4332 2010 4386 in-

422 4423 595 4495 diget,
654 4439 835 4494 neque
888 4424 979 4480 hic
1027 4424 1357 4490 ratiociniis,
1392 4423 1497 4479 nisi
1553 4424 1609 4478 in
1657 4424 2002 4479 sensibilium
2039 4452 2081 4507 ι)

422 4515 571 4588 fuga.

406 4652 417 4792 ξ
493 4704 583 4758 84.
634 4701 869 4758 Practici
919 4716 1218 4772 corporum
1250 4700 1583 4772 positionem
1629 4699 2001 4764 considerant,

420 4811 485 4849 ac
532 4795 827 4850 tbeoretici
874 4810 1068 4850 eorum
1118 4804 1401 4859 naturam;
1455 4792 1751 4860 utriusque
1819 4799 2003 4846 autem

421 4885 670 4941 rationes
704 4884 807 4941 soli
842 4885 1033 4941 vident
1076 4884 1336 4957 gnostici.

499 5072 589 5127 85.
641 5072 701 5126 In
752 5071 1063 5127 rationibus
1109 5082 1406 5139 corporum
1463 5076 1839 5139 agnoscuntur
1885 5082 2009 5138 qua:

422 5178 553 5226 sunt
576 5166 945 5234 incorporalia
963 5184 980 5232 ;
999 5166 1053 5219 in
1080 5161 1524 5231 incorporalibus
1539 5171 1749 5225 autem,
1767 5159 2006 5216 Verbum

421 5262 981 5332 supersubstantiale,
1016 5259 1087 5313 ad
1129 5258 1275 5327 quod
1308 5266 1569 5328 properat
1601 5257 1783 5311 omnis
1826 5258 2008 5311 anima

420 5357 653 5426 cupiens
676 5354 927 5410 dissolvi.

494 5447 584 5501 86.
624 5446 888 5502 Rationes
931 5442 1359 5513 incorporalium
1407 5453 1539 5497 sunt
1576 5443 1731 5497 velut
1779 5457 1903 5498 ossa
1950 5445 2007 5497 in

422 5538 785 5595 sensibilibus
838 5535 1200 5599 absconditae,
1232 5540 1289 5588 et
1331 5536 1523 5589 oculos
1571 5534 2005 5604 fugiunteorum

425 5629 517 5699 qui
546 5644 661 5687 non
681 5630 940 5685 exierunt
963 5643 1031 5682 ex
1058 5627 1361 5698 cupiditate
1382 5629 1751 5683 sensibilium.

497 5809 564 5842 ”'
594 5811 754 5867 Cant.
784 5826 835 5881 ν,
866 5811 923 5867 ό.

2139 502 2236 570 μία
2260 499 2423 552 πολλῇ
2457 501 2518 551 ἐκ
2557 500 2858 570 λογισμῶν,
2890 501 2984 555 καὶ
3013 502 3298 571 νοημάτων
3330 504 3387 555 ὲν
3420 502 3497 572 τῷ
3530 520 3701 555 ποοσ-

2134 590 2404 660 εύχεσθαι.

2204 682 2299 748 oC'.
2333 683 2507 737 Πάλαι
2534 685 2631 752 μὲν
2649 685 2681 754 ἠ
2699 684 2791 736 τοῦ
2814 686 3057 747 Μωσέως
3095 685 3282 755 Μαρία
3306 686 3412 740 τῶν
3438 687 3709 756 πολεμίων

2133 775 2234 847 τὴν
2300 775 2507 828 πτῶσιν
2569 774 2923 846 θεασαμένη,
2981 776 3043 829 τὸ
3093 778 3378 845 τύμπανον
3435 778 3705 848 ἀραμένη,

2134 867 2331 937 ἐξῆρχε
2358 868 2477 927 ταῖς
2508 864 2759 935 ᾀδούσαις
2790 867 2859 919 τά
2882 867 3121 920 ἐπινίκια
3153 883 3167 897 '
3205 871 3321 921 νυνι
3344 867 3400 920 δὲ
3434 869 3511 929 είς
3539 869 3709 938 εὐφη-

2140 960 2268 1030 μίαν
2289 960 2387 1030 τῆς
2426 960 2728 1029 νικησάσης
2757 958 2828 1010 τὰ
2853 959 2999 1028 πάθη
3025 958 3224 1028 ψυχῆς,
3277 963 3309 1029 ἡ
3355 961 3619 1030 κρείττων
3651 965 3709 1012 ἐν

2136 1052 2358 1121 ἀρεταῖς
2385 1050 2575 1118 ἀγάπη
2606 1048 2966 1118 διεγερθεῖσα,
2996 1049 3093 1118 τὴν
3135 1051 3253 1119 μετ’
3286 1049 3428 1119 ᾠδῆς
3477 1051 3708 1119 κιθάραν

2134 1143 2213 1207 ὥς
2242 1158 2365 1196 τινα
2393 1141 2627 1209 θεωρίαν
2661 1140 3147 1211 μεταχειριζομένη
3173 1142 3365 1211 ταύτῃ,
3400 1142 3564 1195 πάλαι
3611 1144 3710 1211 τὴν

2132 1234 2460 1306 πονηθεῖσαν
2485 1232 2564 1293 είς
2593 1230 2822 1291 κάλλους
2854 1230 3196 1299 περιουσίαν,
3229 1232 3288 1284 οὐ
3328 1232 3562 1286 παύεται
3609 1236 3707 1285 σὺν

2131 1328 2256 1392 ταις
2287 1324 2414 1396 περὶ
2437 1322 2537 1378 αὐτ
2548 1323 2614 1393 ὴν
2640 1321 3025 1392 άγαλλιωμὲνη
3050 1325 3218 1377 αίνεῖν
3245 1324 3336 1378 τὸν
3362 1324 3517 1378 Θεόν.

2204 1430 2307 1495 οηθ.
2353 1424 2585 1479 Ὀπόταν
2610 1430 2896 1495 συνεχείας
2918 1425 3015 1496 τῆς
3042 1427 3181 1481 κατὰ
3223 1428 3323 1497 τὴν
3351 1429 3514 1501 εὐχὴν
3548 1448 3714 1485 κατα-

2137 1517 2300 1587 οχεθῇ
2333 1516 2400 1569 τά
2425 1517 2584 1583 λόγια
2602 1516 2712 1569 τῶν
2741 1516 2974 1585 ψαλμῶν
3000 1520 3057 1569 ἐν
3084 1519 3149 1588 τῇ
3189 1519 3384 1590 καρδίᾳ
3419 1519 3513 1572 τοῦ
3556 1521 3713 1593 εὖχο-

2138 1608 2319 1678 μένου,
2351 1608 2472 1660 τότε
2498 1608 2590 1660 καὶ
2622 1607 2759 1677 αὐτὴ
2804 1610 2836 1677 ἡ
2863 1608 2932 1676 γῆ
2959 1606 3208 1679 καθάπερ
3233 1610 3433 1678 ἀγαθὴ,
3485 1611 3715 1682 ἄρχεται

2135 1698 2415 1767 αὐτομάτη
2444 1697 2738 1766 ἀναφέρειν
2763 1713 2776 1727 ·
2809 1699 2885 1761 ὡς
2909 1699 3005 1766 μὲν
3036 1699 3184 1768 ῥόδα,
3208 1702 3307 1769 τὴν
3337 1699 3568 1771 θεωρίαν
3602 1705 3712 1756 τῶν

2135 1790 2463 1859 ἀσωμάτων,
2493 1790 2567 1851 ὡς
2596 1790 2654 1843 δὲ
2683 1792 2863 1859 κρίνα,
2905 1792 2973 1842 τά
3005 1790 3251 1861 τηλαυγῆ
3275 1793 3384 1844 τῶν
3413 1793 3709 1862 σωμάτων,

2133 1880 2207 1943 ὡς
2234 1880 2292 1934 δέ
2327 1880 2402 1943 ῐα,
2431 1880 2491 1933 τδ
2508 1881 2747 1933 ποικίλον
2774 1882 2881 1932 τῶν
2909 1880 3069 1934 θείων
3095 1882 3378 1952 κριμάτων
3417 1885 3512 1938 καὶ
3566 1882 3701 1937 δυσ-

2136 1969 2434 2041 θεὼρητον.

2205 2060 2301 2113 οθν.
2338 2062 2425 2113 Ἐν
2447 2062 2546 2132 ὕλῃ
2562 2063 2659 2131 μὲν
2674 2064 3031 2133 δεσμευθεῖσα
3055 2065 3205 2131 φλὸξ,
3232 2065 3541 2137 φωτοςρόρος
3568 2064 3706 2121 καθ-

2138 2155 2370 2208 ίσταται.
2411 2154 2500 2219 Ἐξ
2536 2155 2665 2225 ὕλης
2711 2157 2767 2208 δὲ
2820 2158 3040 2209 λυθεῖσα
3095 2154 3276 2227 ψυχὴ,
3315 2157 3573 2228 θεοφόρος
3618 2162 3709 2211 ef.»-

2136 2247 2403 2316 ρίσκεται,
2437 2247 2661 2316 κάκείνη
2689 2248 2940 2317 αἴρεσθαι
2966 2248 3227 2316 πέφυκεν,
3261 2249 3389 2318 ἄχρι
3418 2249 3509 2301 τοῦ
3543 2250 3711 2302 ὑπεκ-

2141 2336 2452 2405 καύματος,
2482 2337 2623 2407 αὕτη
2649 2337 2728 2402 δέ,
2766 2337 2926 2408 μέχρι
2947 2336 3040 2390 τοῦ
3084 2337 3226 2389 κατά
3256 2337 3346 2389 τὸν
3368 2336 3508 2391 θεῖον
3532 2337 3710 2408 ἔρωτα

2136 2430 2617 2500 συμπεράσματος.

2204 2526 2277 2572 π’.
2316 2521 2386 2573 Ἠ
2424 2519 2642 2584 τελείως
2673 2521 2870 2590 ἐαυτὴν
2899 2522 3254 2591 άρνησαμὲνη
3282 2520 3449 2590 ψυχὴ,
3478 2522 3573 2573 καὶ
3595 2519 3705 2572 ὀλι-

2134 2611 2241 2677 κῶς
2265 2612 2590 2666 ἀναταθεῖσα
2621 2613 2757 2682 πρὸς
2787 2612 3114 2683 προσευχὴν,
3160 2612 3299 2684 αὑτὴ
3329 2613 3428 2681 οὐχ
3456 2612 3545 2664 ὅτε
3578 2611 3701 2680 βού·

2133 2704 2280 2758 λεται
2351 2705 2504 2759 κάτω
2584 2706 2827 2773 γίνεται,
2890 2705 3094 2759 ἄνωθεν
3184 2705 3546 2777 εὐρισκομένη
3606 2705 3700 2773 τῆς

2132 2798 2379 2864 κτίσεως,
2450 2799 2563 2851 ἀλλ’
2609 2800 2698 2852 ὅτε
2761 2799 2968 2853 δίκαιον
2999 2795 3139 2852 εῖναι
3188 2801 3351 2867 δόξει,
3406 2800 3484 2872 τῷ
3529 2801 3703 2854 πάντα

2133 2885 2357 2957 σταθμῷ
2391 2887 2485 2939 καὶ¹
2516 2887 2699 2958 μέτρῳ
2730 2886 3032 2955 διεξάγοντι
3066 2888 3134 2941 τὰ
3161 2888 3423 2959 ἡμέτερα.

2198 2983 2308 3030 fta'.
2349 2977 2516 3031 Ὅταν
2555 2979 2619 3030 ὲκ
2641 2976 2820 3048 ψυχῆς
2841 2978 2939 3047 μέν
2958 2978 3157 3048 ἀκηδία
3183 2979 3428 3049 ἀπελαθῇ
3451 3019 3466 3044 ,
3499 2980 3563 3032 ἐκ
3586 2976 3706 3032 δια--

2130 3069 2279 3131 νοίας
2307 3070 2361 3121 δὲ
2392 3070 2424 3138 ἡ
2469 3070 2704 3139 πονηρία
2737 3070 3049 3141 ἐκτιναχθῇ,
3107 3071 3227 3124 τότε
3258 3073 3285 3123 ό
3324 3072 3449 3134 νοῦς
3497 3071 3704 3139 γυμνὸς

2130 3158 2419 3224 γενόμενος
2446 3160 2511 3228 τῇ
2536 3158 2816 3227 ἁπλότητι,
2840 3159 2952 3229 ζωῇ
2978 3176 3034 3211 τε
3069 3161 3135 3229 τῇ
3171 3160 3400 3230 ἀτέχνῳ,
3435 3160 3529 3211 καὶ
3576 3158 3705 3227 δίχα,

2131 3247 2328 3309 παντὸς
2379 3249 2473 3300 τοῦ
2549 3250 2688 3302 κατὰ
2745 3250 2843 3317 τὴν
2894 3249 3156 3321 αἰσχύνην
3231 3249 3698 3317 ἐπικαλύμματος,

2129 3333 2281 3407 ᾆσμα
2314 3338 2412 3408 μὲν
2439 3338 2555 3409 ᾅδει
2580 3340 2674 3391 καὶ
2700 3335 2853 3402 οὗτος
2880 3341 3063 3393 καινὸν
3096 3341 3172 3410 τῷ
3195 3339 3332 3408 Θεῷ,
3391 3338 3703 3409 εὐχαριστεῖ

2129 3427 2186 3479 δὲ
2219 3427 2382 3496 μέλος
2416 3430 2854 3497 ἀνακρουόμενος
2884 3432 2943 3483 ἐν
2966 3431 3272 3501 εὐφροσύνη
3303 3428 3380 3499 τῷ
3429 3430 3525 3498 τῆς
3571 3430 3698 3500 μελ-

2129 3515 2328 3584 λούσης
2350 3516 2421 3570 τά
2453 3519 2702 3585 ἐγκαίνια
2742 3519 3019 3587 ἑορτάζειν
3054 3519 3316 3588 βιώσεως.

2203 3606 2310 3676 πβθ.
2341 3607 2509 3662 ’Θταν
2553 3612 2633 3673 είς
2692 3609 2970 3681 θειοτέρας
3027 3611 3304 3679 ἐνεργείας
3358 3609 3701 3680 ἐνεργεῖσθαι

2131 3696 2384 3768 ἄρξηται,
2416 3699 2450 3769 ἡ
2482 3702 2749 3772 εὐχομένη
2784 3702 2954 3772 ψυχὴ,
2982 3702 3102 3754 τότε
3125 3703 3216 3754 καὶ
3246 3701 3406 3773 αὑτὴ,
3439 3700 3580 3755 κατά
3603 3700 3704 3769 τὴν

2131 3789 2189 3842 ἐν
2217 3791 2457 3862 ’ᾼσματι
2491 3792 2729 3862 νύμφην,
2766 3795 2900 3863 πρὸς
2933 3794 3030 3857 τάς
3056 3794 3448 3865 ὁμοιοτρόπους
3475 3792 3704 3846 τοιαῦτα

2132 3883 2430 3949 ὑποφωνετ,
2482 3900 2499 3931 ι
2549 3881 2890 3949 Ἀδελφιὸοὖς
2946 3900 3045 3952 μου
3096 3882 3381 3937 ἀπέστειλε
3416 3883 3514 3955 τὴν
3550 3885 3708 3954 χεῖρα

2133 3972 2297 4027 αὐτοῦ
2335 3972 2441 4025 ἀπὸ
2460 3973 2555 4043 τῆς
2603 3973 2763 4044 ὀπῆς,
2811 3974 3157 4043 καὶὴκοιλία
3208 3990 3311 4044 μου
3358 3973 3590 4045 ἐθροήθη
3615 3973 3703 4028 ἐπ’

2130 4063 2310 4117 αὐτόν.
2343 4082 2360 4114 ο

2205 4159 2314 4220 πγι.
2357 4155 2467 4208 Καὶ
2493 4155 2831 4225 στρατιώτης
2854 4157 2917 4208 ἐκ
2947 4158 3040 4210 τοῦ
3064 4157 3301 4226 πολέμου
3333 4155 3702 4222 ἐπαναλύσας,

2130 4243 2190 4296 τὸ
2221 4243 2385 4313 βάρος
2408 4244 2515 4298 τῶν
2540 4246 2721 4299 ὃπλων
2750 4246 3205 4311 ἀποσκευάξεται,
3253 4248 3348 4300 καὶ
3400 4249 3703 4318 πρακτικὸς

2128 4336 2255 4396 τοὺς
2288 4335 2602 4405 λογισμοὺς,
2653 4338 2733 4400 είς
2782 4336 3016 4407 θεωρίαν
3067 4339 3378 4410 ἐρχόμενος.
3431 4339 3568 4393 Οὔτε
3595 4341 3705 4409 γὰρ

2130 4428 2356 4491 ἐκεῖνος,
2395 4433 2442 4482 εί
2472 4428 2545 4501 μὴ
2576 4432 2633 4482 ἐν
2667 4430 2909 4500 πολέμῳ,
2967 4432 3154 4502 χρείαν
3191 4433 3303 4503 ἔχει
3353 4434 3460 4485 ⁶τῶν
3502 4434 3704 4493 ὅπλων,

2131 4515 2253 4569 οὔτε
2281 4511 2430 4582 οὗτοι,
2451 4519 2559 4571 τῶν
2586 4520 2879 4589 λογισμῶν,
2913 4523 2961 4572 εί
2988 4520 3061 4589 μὴ
3085 4521 3447 4591 ύποχωριάζει
3470 4524 3580 4586 τοῖς
3601 4522 3705 4575 ὑπὸ

2133 4606 2404 4677 αἴσθησιν.

2201 4696 2305 4750 πδ’.
2329 4700 2391 4751 Oi
2422 4698 2520 4767 μὲν
2552 4699 2846 4767 πρακτικοὶ
2875 4699 2950 4761 ὡς
2980 4700 3160 4769 ἔχουσι
3190 4700 3387 4762 θέσεως
3438 4700 3705 4770 θεωροῦσι

2128 4791 2197 4843 τά
2230 4790 2488 4859 σώματα,
2539 4789 2586 4840 ot
2642 4787 2698 4839 δέ
2753 4785 3079 4857 θεωρητικοὶ
3105 4788 3179 4850 ὡς
3219 4788 3401 4858 ἔχουσι
3438 4789 3653 4857 φύσεως
3683 4806 3697 4818 -

2134 4880 2286 4948 μόνοι
2333 4878 2391 4929 δὲ
2431 4876 2558 4938 τοὺς
2597 4875 2788 4941 λόγους
2838 4874 3163 4943 ἀμφοτέρων
3206 4873 3407 4944 ὁρῶσιν
3462 4875 3510 4926 oi
3563 4889 3705 4941 γνω-

2130 4971 2322 5024 στικοί.

2200 5092 2304 5138 πε¹.
2348 5086 2433 5137 Ἐν
2463 5085 2564 5154 μὲν
2589 5085 2699 5146 τοῖς
2731 5084 2910 5151 λόγοις
2939 5082 3047 5135 τῶν
3079 5083 3369 5151 σωμάτων,
3410 5079 3700 5147 γινώσκονο

2131 5195 2220 5230 ται
2248 5176 2315 5230 τά
2339 5174 2631 5245 ἀσώματα,
2658 5177 2716 5227 ἐν
2747 5175 3065 5244 ἀσωμάτοις
3088 5174 3165 5237 δὲ,
3188 5175 3217 5225 ὁ
3245 5173 3398 5238 λόγος
3416 5172 3443 5223 ὁ
3466 5170 3705 5240 ὑπερού-

2131 5288 2264 5332 σιος,
2301 5268 2438 5341 πρὸς
2486 5269 2546 5321 ὃν
2597 5266 2879 5335 ἐπείγεται
2907 5267 3055 5320 πᾶσα
3121 5264 3383 5318 σπουδαία
3435 5263 3702 5316 ἀναλύσαι

2129 5360 2297 5430 ψυχή-

2198 5447 2317 5513 πς’.
2354 5450 2416 5503 Oi
2449 5449 2596 5517 λόγοι
2617 5448 2726 5502 τῶν
2769 5447 3095 5516 ἀσωμάτων,
3137 5444 3211 5508 ὠς
3269 5446 3403 5497 dati
3448 5445 3552 5497 εἰσι
3591 5446 3704 5505 τοῖς

2130 5541 2408 5607 αἰσθητοῖς
2455 5536 2977 5604 ἐπικαλυπτόμενοι,
3034 5532 3127 5596 οὓς
3185 5533 3273 5606 ἴδῃ
3328 5531 3536 5602 οὐδεὶς,
3594 5535 3705 5587 τῶν

2128 5629 2232 5695 ἔξω
2266 5630 2339 5699 μὴ
2396 5628 2706 5699 γενομένων
2768 5627 2865 5696 τῆς
2915 5624 3285 5691 προσπαθείας
3345 5625 3454 5677 τῶν
3514 5622 3700 5693 αἰσθη-

2126 5722 2250 5773 τῶν.
