4100 6480
364 461 506 527 1165

424 575 531 634 πζ’.
589 570 927 625 ’Δποτίθεται
975 572 1066 620 καὶ
1092 565 1427 638 στρατιώτης
1462 566 1529 616 τὰ
1561 566 1719 627 ὅπλα,
1754 581 1924 617 κατα·
1971 573 2010 625 Α

347 666 535 735 λείψας
559 664 652 715 τὸν
684 661 810 713 πόλε
821 677 938 729 μον,
957 660 1051 711 καὶ
1076 658 1425 729 θεωρητικὸς,
1451 655 1575 718 τοὺς
1605 654 1919 723 λογισμοὺς,

348 758 594 814 ἀναλύων
619 755 753 824 πρὸς
793 753 994 821 Κύριον

421 866 681 935 πη’.’Καὶ
727 861 1029 932 στρατηγὸς
1074 862 1132 911 ἐν
1162 858 1383 927 πολέμῳ
1427 856 1639 910 σκύλων
1691 856 1923 927 διαμαρ-

346 960 556 1020 τάνων,
607 958 666 1007 ἑν
716 953 922 1022 ἀθυμίᾳ
972 951 1315 1012 καθίσταται,
1369 948 1462 1001 καὶ
1516 949 1816 1017 πρακτικὸς
1859 950 1915 1001 ὲν

346 1054 503 1122 εὐχῇ,
538 1048 770 1119 θεωρίας
819 1042 1216 1113 πνευματικῆς.

420 1162 530 1215 πθσ.
568 1158 807 1224 Ἔλαφος
854 1156 951 1225 μὲν
999 1154 1091 1207 ἐπὶ
1149 1153 1465 1223 σωματικὰς
1490 1153 1697 1207 ὑδάτων
1742 1152 1924 1223 τρέχει

347 1254 554 1323 πηγὰς,
597 1250 702 1305 ὑπὸ
729 1248 919 1320 θηρίου
936 1248 1195 1318 δηχθεῖσα
1279 1244 1424 1314 ψυχὴ
1445 1244 1500 1296 δὲ
1531 1246 1565 1312 ἡ
1600 1242 1680 1311 τῷ
1719 1243 1923 1339 γλυκυ-

345 1348 495 1414 τάτῳ
544 1344 687 1412 βέλει
753 1338 1028 1410 τρωθεῖσα
1071 1337 1172 1408 τῆς
1214 1334 1378 1407 εὐχῆς
1404 1374 1419 1401 ,
1487 1336 1579 1388 ἐπὶ
1619 1334 1924 1405 ἀσωμάτων

346 1438 542 1499 αυγὰς.

412 1535 484 1595 ιιι.
510 1528 649 1582 Οὔτε
676 1525 988 1596 σωματικὺς
1010 1524 1285 1595 ὀφθαλμὸς
1309 1525 1398 1577 τὸν
1424 1523 1622 1578 κόκκον
1658 1526 1747 1578 τοῦ
1780 1527 1927 1579 σίτου

346 1621 475 1677 ἰδεῖν
541 1618 810 1678 δύναται,
870 1614 995 1667 οὕτε
1050 1616 1172 1677 νοῦς
1236 1617 1538 1684 πρακτικὸς
1599 1617 1698 1684 τὴν
1766 1617 1928 1683 φύσιν

342 1712 441 1775 τὴν
466 1707 661 1759 ἑαυτοῦ
684 1748 697 1770 ,
728 1707 777 1757 εἰ
812 1706 886 1775 μὴ
931 1705 1193 1775 γυμνωθῇ
1250 1708 1455 1767 ἐκεῖνος
1521 1707 1619 1776 μὲν
1662 1706 1886 1777 ἐλύτρου
1912 1747 1927 1771 ,

342 1794 499 1859 οὗτος
532 1798 587 1850 δὲ
620 1795 857 1866 σχέσεως
895 1799 995 1864 τῆς
1039 1794 1558 1864 περικαλυπτοῦσης
1603 1795 1782 1849 αὐτόν.

416 1894 524 1955 ιμ’.
561 1888 912 1956 Κρύπτονται
931 1887 1159 1956 ἀστέρες
1195 1886 1314 1953 μὲν,
1344 1887 1495 1955 ἡλίου
1527 1888 1781 1960 ἀνατολῇ,
1837 1889 1929 1942 λο-

352 1982 541 2050 γισμοὶ
564 1980 620 2033 δὲ
671 1979 1090 2048 ἐκλιμπάνουσι,
1125 1978 1218 2031 τοῦ
1247 1978 1337 2032 νοῦ
1384 1981 1521 2045 πρὸς
1579 1981 1676 2051 τὴν
1724 1983 1932 2037 οἰκείαν

354 2072 626 2141 βασιλείαν
656 2071 1180 2149 ὲπαναστρέτφοντος.

422 2162 526 2233 ιβ’.
556 2162 713 2218 Μετά
737 2164 798 2216 τὸ
827 2163 978 2226 τέλος
1000 2164 1100 2233 τῆς
1123 2164 1455 2235 πρακτικῆς,
1484 2167 1537 2219 αἱ
1567 2166 1934 2236 πνευματικαὶ

349 2257 575 2328 θεωρίαι
607 2255 985 2326 περιχυθεῖσαι
1016 2256 1094 2325 τῷ
1125 2256 1229 2326 νῷ,
1286 2250 1375 2310 οἷά
1392 2272 1539 2319 τινες
1580 2259 1799 2320 ἀκτῖνες
1837 2257 1932 2311 τοῦ

347 2348 505 2418 ἡλίου
530 2349 593 2400 ἐκ
621 2348 712 2399 τοῦ
743 2348 1017 2417 ὁρίζοντος
1045 2347 1431 2417 ὑπερκύψασαι
1450 2388 1463 2409 ,
1501 2348 1753 2400 δοκοῦσιν
1800 2349 1935 2415 ἐξω-

350 2441 442 2494 θεν
476 2439 644 2493 αὐτοῦ
673 2439 1035 2509 προσϐάλλειν
1060 2440 1260 2490 οἰκεῖαι
1290 2438 1467 2500 οὖσαι,
1507 2439 1597 2492 καὶ
1632 2440 1720 2491 διὰ
1769 2440 1937 2494 καθα-

349 2532 552 2602 ρότητα
583 2532 787 2583 ἐκεῖνον
810 2531 1328 2601 περιπτυσσόμεναι.

418 2627 529 2691 ια’.
565 2621 803 2673 Τοιαῦτα
841 2621 936 2674 καὶ
959 2621 1081 2683 νοῦς
1111 2619 1442 2690 Θεωρητικὸς
1476 2620 1724 2672 ὲκλαλεῖν
1773 2618 1934 2673 δύνα-

348 2728 458 2775 ται,
487 2713 614 2764 ὅταν
639 2710 844 2765 ἄνωθεν
870 2709 965 2763 ἀπ’
995 2709 1224 2778 οὐρανοῦ
1256 2710 1470 2780 καταϐῇ
1502 2708 1715 2776 φύσεως
1758 2708 1930 2777 ἀνάγ-

349 2817 475 2866 καις
517 2801 838 2867 ἔπικλιθεὶς,
861 2794 948 2853 οἷα
983 2802 1071 2852 καὶ
1100 2802 1127 2851 ὁ
1176 2800 1575 2871 φθεγξάμενος,
1607 2799 1752 2853 θείου
1804 2801 1938 2853 κὰλ‹

350 2891 476 2956 λους
518 2894 572 2945 τί
603 2894 839 2963 ὑπάρχει
866 2890 1350 2962 θαυμασιώτερον;
1397 2892 1492 2945 καὶ
1530 2892 1610 2955 τίς
1637 2891 1815 2945 ἔννοια
1843 2892 1940 2961 τῆς

350 2984 445 3035 τοῦ
473 2983 607 3036 Θεοῦ
638 2983 1114 3052 μεγαλοπρεπείας
1145 2981 1476 3053 χαριεστέρα
1501 2999 1516 3046 ;
1542 2984 1691 3045 ποῖος
1716 2983 1771 3034 δὲ
1798 2981 1939 3034 οὕτω

353 3073 517 3136 πόθος
535 3074 753 3142 δριμὺς,
786 3074 881 3125 καὶ
919 3073 1223 3141 ἀφόρητος,
1254 3073 1330 3136 ὡς
1357 3074 1384 3125 ὀ
1410 3072 1518 3126 ἀπὸ
1543 3072 1677 3125 Θεοῦ
1727 3072 1941 3140 ἐγγινό-

357 3179 517 3233 μενος
546 3165 611 3233 τῇ
639 3162 746 3215 ὰπὸ
780 3163 962 3231 πάσης
996 3163 1196 3226 κακίας
1219 3161 1611 3235 κεκαθαρμένη
1633 3163 1777 3233 ’ζευχῇ
1803 3181 1817 3229 ;
1846 3162 1942 3216 καὶ

1537 455 1653 510 GN:
1674 454 1926 514 ΡιΤίοΈ
1972 454 2445 514 SENTENTL-‘E.

3476 456 3615 523 1166

2114 561 2204 614 87.
2234 563 2305 617 Ut
2336 562 2492 615 miles
2523 560 2750 630 deponit
2782 578 2933 617 arma
2960 579 3086 619 cum
3118 565 3326 622 bellum
3355 566 3624 632 deseruit,

2047 656 2127 706 sic
2164 653 2503 709 theoreticus
2528 653 2838 721 ratiocinia,
2871 654 2937 709 ad
2962 655 3135 711 Deum
3162 656 3377 713 abiens.

2119 861 2207 916 88.
2238 859 2307 916 Ut
2331 861 2491 916 miles
2518 862 2572 915 in
2607 861 2754 917 bello
2787 862 2961 932 spolia
2987 878 3096 918 non
3127 873 3481 932 consecutus,
3511 868 3635 923 ani-

2049 969 2200 1009 mum
2246 953 2574 1023 despondet,
2618 953 2698 1010 sic
2746 955 3024 1026 practicus
3064 957 3122 1011 in
3161 958 3437 1024 oratione,
3472 959 3636 1028 spiri-

2052 1051 2255 1105 tnalem
2289 1067 2399 1105 non
2429 1051 2693 1106 obtinens
2725 1053 3277 1124 contemplationem.

2122 1142 2211 1196 89.
2248 1141 2317 1196 Ut
2347 1157 2565 1208 cervus,
2599 1143 2713 1198 fera
2778 1154 3174 1214 persequente.
3227 1146 3299 1202 ad
3335 1162 3636 1219 corporeos

2052 1253 2322 1308 aquarum
2359 1236 2538 1292 fontes
2581 1238 2781 1298 currit.
2813 1238 2893 1292 sic
2918 1237 3100 1293 anima
3140 1240 3465 1297 dulcissimo
3508 1242 3635 1297 vul-

2054 1340 2243 1385 nerata
2296 1330 2565 1387 orationis
2623 1332 2768 1397 telo,
2829 1330 2896 1384 ad
2956 1331 3388 1401 incorporalium
3452 1333 3639 1400 splen-

2055 1425 2243 1479 dores.

2125 1516 2214 1573 90.
2240 1516 2311 1573 Ut
2339 1516 2642 1587 corporalis
2669 1517 2862 1573 oculus
2886 1534 3111 1590 germen
3149 1520 3416 1577 frumenti
3445 1522 3636 1579 videre

2055 1625 2166 1665 non
2210 1619 2416 1679 potest,
2471 1611 2581 1665 nisi
2631 1627 2730 1666 sua
2777 1621 3015 1666 exuatur
3066 1612 3350 1687 palpebra,
3400 1616 3472 1671 ita
3534 1630 3637 1670 nec

2057 1701 2276 1758 animus
2302 1705 2582 1773 practicus
2608 1719 2763 1760 suam
2794 1712 3072 1769 naturam,
3096 1705 3203 1760 nisi
3229 1717 3466 1761 exuatur
3495 1708 3639 1781 malo

2058 1810 2168 1865 quo
2200 1793 2503 1850 involvitur
2534 1792 2749 1851 habitu.

2128 1887 2217 1942 9|.
2276 1886 2348 1943 Ut
2403 1887 2827 1945 absconduntur
2888 1898 3035 1944 astra
3093 1889 3310 1945 oriente
3363 1890 3503 1955 sole,
3557 1891 3643 1948 sic

2056 1979 2346 2035 ratiocinia
2388 1977 2674 2046 deficiunt,
2701 1980 2898 2051 Spiritu
2920 1980 2990 2036 ad
3016 1996 3178 2036 suum
3203 1998 3432 2053 regnum
3456 1997 3644 2041 rever-

2055 2083 2224 2130 teute.

2128 2169 2218 2223 92.
2244 2166 2349 2224 Ubi
2384 2168 2551 2223 desiit
2577 2166 2843 2238 practica,
2871 2168 3190 2237 spirituales
3216 2170 3445 2226 tbeoriaa
3469 2175 3640 2229 menti

2056 2261 2427 2327 circumfusae,
2463 2262 2654 2331 quales
2702 2261 2842 2317 radii
2890 2263 3024 2320 solis
3066 2264 3125 2317 in
3172 2264 3465 2320 borizoute
3504 2267 3643 2320 emi-

2057 2361 2270 2417 cantes,
2300 2352 2560 2408 videntur
2600 2362 2756 2409 extra
2800 2355 2949 2410 illam
2994 2355 3267 2421 eradiare,
3304 2371 3432 2410 cum
3476 2356 3643 2412 simul

2056 2453 2114 2499 et
2145 2446 2250 2515 ipsi
2283 2445 2493 2500 intimae
2523 2447 2654 2511 sint,
2683 2456 2737 2501 et
2766 2462 2887 2502 eam
2916 2447 2988 2502 ob
3015 2463 3173 2502 suam
3207 2452 3506 2518 puritatem
3537 2450 3646 2504 cir-

2057 2538 2529 2607 complectantur.

2127 2632 2216 2685 95.
2246 2630 2401 2684 Talia
2430 2631 3031 2695 animus‘theoreticus
3061 2633 3249 2688 dicere
3285 2642 3490 2702 potest,
3517 2648 3644 2688 cum

2057 2738 2275 2779 summo
2300 2723 2378 2784 .de
2428 2726 2569 2780 coelo
2610 2726 2902 2781 descendit
2946 2727 3379 2782 necessitatibus
3431 2737 3646 2782 naturae

2060 2817 2378 2882 inclinatus,
2412 2818 2597 2887 qualia
2629 2819 2723 2887 qui
2758 2819 2899 2874 dicit
2945 2837 2958 2871 :
3004 2820 3197 2874 Divina
3232 2819 3647 2890 pulchritudine

2058 2911 2190 2981 quid
2254 2912 2605 2967 mirabilius?
2652 2922 2708 2968 et
2755 2913 2889 2983 quid
2943 2913 3246 2984 excogitari
3300 2922 3485 2984 potest
3525 2913 3649 2984 ejus

2060 3003 2470 3073 magniﬁcentia
2510 3005 2847 3076 jucundius?
2895 3004 3175 3074 quodnam
3227 3006 3299 3059 ita
3345 3005 3650 3060 vehemens

2060 3103 2110 3147 ct
2141 3092 2493 3148 intolerabile
2515 3094 2855 3150 desiderium
2881 3110 3043 3165 quam
3069 3090 3215 3164 quod
3246 3093 3479 3164 inspirat
3502 3094 3650 3149 Deus

2061 3188 2259 3241 animae
2285 3187 2352 3243 ab
2373 3189 2522 3241 omni
2548 3187 2693 3241 malo
2712 3185 3014 3255 puriﬁcata:
3036 3202 3099 3241 ac
3122 3186 3328 3241 dicenti
3351 3200 3419 3239 ex
3440 3184 3605 3240 corde
3631 3199 3646 3238 :

353 3255 462 3309 ἀπο
517 3254 813 3318 διαθέσεως
864 3254 1133 3326 λεγούσῃ,
1184 3256 1264 3306 ὅτι
1306 3273 1323 3305 ι
1353 3255 1688 3325 Τετρωμένη
1723 3255 1944 3324 ἀγάπης

2072 3299 2089 3329 ι
2120 3279 2419 3334 Vulnerata
2455 3295 2578 3333 sum
2619 3280 2844 3333 amore?
2880 3299 2897 3329 ι

354 3342 503 3413 syth;
552 3361 571 3395 ι

418 3434 519 3501 ἥδ’.
573 3432 815 3487 Ἑκείνου
854 3433 973 3485 ἐστὶ
994 3434 1053 3485 τὸ
1070 3432 1270 3501 λέγειν,
1302 3448 1323 3484 ‹
1364 3432 1704 3503 Ἐθερμάνθη
1814 3433 1945 3504 κάρα
1980 3438 1987 3443 ’

354 3526 442 3578 δία
475 3543 576 3596 μου
602 3527 752 3589 ἐντός
780 3544 903 3595 μου,
931 3528 1026 3592 καὶ
1052 3525 1110 3576 ὲν
1135 3529 1201 3596 τῇ
1232 3524 1433 3595 μελέτῃ
1467 3542 1569 3595 μου
1602 3524 1945 3594 ἐκκαυθήσε-

356 3630 446 3666 ται
479 3614 610 3684 πῦρ,
649 3633 666 3663 ι
699 3614 793 3666 τοῦ
815 3614 893 3685 μὴ
920 3613 1216 3677 κοπιῶντος
1246 3614 1421 3665 ὀπίσω
1450 3613 1542 3665 τοῦ
1561 3613 1695 3665 Θεοῦ
1715 3630 1947 3667 κατακο-

358 3703 567 3757 λουθεῖν
606 3705 675 3756 δι’
704 3705 888 3774 εὐχῆς,
941 3704 1076 3775 μηδὲ
1122 3702 1342 3774 ἡμέραν
1407 3703 1698 3774 ἀνθρώπου
1754 3704 1946 3756 ἐπιθυ-

366 3795 558 3862 μοῦντο
570 3838 585 3856 δ
620 3795 940 3847 θεάσασθαι.

439 3905 537 3971 ιβ’.
589 3907 811 3975 Λεγέτω
834 3909 927 3960 καὶ
951 3908 1098 3980 ψυχὴ
1130 3907 1409 3980 πρακτικὴ
1440 3910 1576 3978 μετᾶ
1607 3910 1702 3981 τὴν
1752 3909 1947 3962 ἀπόθε-

367 4011 448 4047 σιν
495 3996 604 4049 τῶν
642 3995 854 4061 κακῶν,
884 3998 1023 4052 κατὰ
1056 3997 1153 4067 τὴν
1202 4000 1259 4049 ἐν
1282 3999 1359 4068 τῷ
1396 3999 1656 4071 ’ᾼσματι,
1715 4001 1807 4052 ἐπὶ
1838 4000 1948 4052 τῶν

361 4087 767 4157 ἐκϐιαζομένων
802 4085 957 4152 αὖθις
992 4088 1162 4158 αὐτὴν
1189 4090 1440 4160 πονηρῶν
1490 4090 1797 4160 δαιμόνων,
1858 4095 1954 4145 καὶ

362 4176 661 4245 λογισμῶν,
714 4176 1033 4229 ἐπιϐλέπειν
1079 4179 1160 4242 είς
1210 4179 1583 4247 ματαιότητας
1623 4178 1717 4230 καὶ
1754 4180 1952 4248 μανίας

362 4270 575 4337 ψευδεῖς
600 4285 613 4298 ·
642 4288 659 4320 ι
701 4269 1072 4339 Ἐξεδυσάμην
1098 4270 1189 4322 τὸν
1218 4269 1420 4341 χιτῶνά
1443 4287 1566 4340 μου,
1596 4271 1710 4333 πῶς
1728 4271 1955 4323 ἐνδύσω-

366 4376 468 4431 μαι
489 4358 651 4413 αὐτόν
680 4376 698 4425 ;
736 4362 1011 4430 ἒνιψάμην
1041 4365 1164 4424 τοὺς
1195 4362 1363 4425 πόδας
1389 4378 1491 4432 μου
1511 4402 1525 4426 ,
1580 4362 1695 4424 πῶς
1745 4352 1955 4431 μολυνῶ

364 4456 564 4518 αὐτούς
585 4472 600 4522 ;
624 4474 643 4507 ι

438 4552 558 4616 μς’.
593 4546 787 4617 Ψυχῆς
816 4548 1099 4616 θεοφιλοῦς
1126 4549 1226 4619 τῆς
1260 4548 1440 4617 λέγειν
1494 4549 1780 4621 τολμώσης
1824 4552 1957 4620 πρὶς

2139 3428 2227 3481 94.
2268 3428 2364 3482 llle
2413 3426 2599 3482 dicere
2646 3434 2850 3496 potest,
2903 3445 2921 3477 ι
2972 3425 3375 3481 Conturbatnm
3415 3431 3502 3479 est
3548 3416 3651 3477 cor

2069 3537 2249 3576 meum
2283 3519 2427 3574 intra
2458 3535 2569 3583 me,
2601 3528 2657 3575 et
2684 3522 2739 3573 in
2781 3516 3138 3581 meditatione
3175 3531 3295 3571 mea
3327 3513 3651 3571 erardescet

2070 3618 2229 3687 ignis,
2277 3636 2293 3666 ι
2338 3616 2434 3685 qui
2462 3630 2575 3669 non
2609 3621 2783 3668 cessat
2816 3610 3046 3681 vestigia
3074 3608 3172 3664 Dei
3205 3625 3302 3678 per
3342 3607 3647 3663 orationem

2067 3708 2245 3772 sequi,
2274 3722 2377 3762 nec
2414 3706 2560 3761 diem
2595 3704 2837 3758 hominis
2867 3702 3019 3773 cupit
3053 3701 3263 3756 videre.

2141 3915 2228 3969 S15.
2265 3915 2438 3968 Etiam
2471 3928 2653 3967 annua
2689 3910 2955 3981 practica,
2983 3907 3253 3977 depositis
3281 3905 3654 3977 perturbatio-

2068 4009 2252 4071 nibus,
2299 3984 2423 4061 cum
2450 4006 2519 4060 ab
2554 4003 2824 4074 improbis
2867 4000 3212 4056 daemonibus
3255 4009 3314 4054 et
3356 3997 3649 4070 cogitatio-

2068 4100 2236 4154 nibus
2288 4106 2540 4169 urgetur,
2572 4106 2630 4150 ut
2665 4096 2734 4149 ad
2776 4094 3156 4150 vanitates-et
3202 4089 3445 4146 insanias
3490 4090 3655 4144 falsas

2070 4194 2348 4263 respiciat,
2386 4207 2511 4246 cum
2557 4191 2647 4245 illa
2691 4190 2744 4243 in
2790 4186 3036 4243 Canticis
3066 4186 3247 4239 ait":
3286 4203 3303 4236 ε
3341 4182 3653 4252 Exspoliavi

2071 4303 2160 4343 me
2197 4287 2387 4342 tunica
2424 4300 2568 4347 mea,
2606 4282 2885 4353 quomodo
2922 4279 3122 4334 induar
3160 4277 3290 4332 illa?
3319 4275 3452 4332 Lavi
3486 4273 3658 4345 pedes

2073 4394 2248 4444 meos,
2282 4378 2564 4449 quomodo
2599 4374 2905 4446 inquinabo
2939 4373 3098 4444 illos?
3138 4391 3157 4422 ι

2142 4530 2232 4585 96.
2264 4528 2309 4585 Ο
2343 4528 2443 4584 Dei
2488 4536 2765 4584 amantem
2803 4523 3070 4588 animam,
3108 4521 3198 4577 cui
3236 4520 3423 4576 dicere
3468 4516 3657 4582 audet,

363 4636 457 4689 σιδν
472 4637 629 4702 Θεδν,
661 4657 677 4688 ι
715 4639 1074 4707 ’Δπάγγειλὸν
1094 4658 1181 4709 μοι
1207 4643 1232 4693 ὁ
1257 4641 1496 4710 ποιμὴνὸ
1527 4641 1687 4703 καλὸς
1717 4642 1816 4694 ποῦ
1846 4660 1948 4695 ποι-

2072 4627 2251 4682 Narra
2292 4624 2456 4693 mihi,
2493 4630 2683 4694 pastor
2724 4620 2869 4674 bone
2895 4618 2965 4681 ",
2998 4616 3089 4671 ubi
3124 4613 3302 4686 pascis
3336 4627 3466 4667 oves
3511 4619 3655 4670 tuas.

372 4729 585 4797 μαίνεις
608 4731 678 4781 τὰ
706 4729 957 4799 πρόϐατα
995 4747 1092 4783 σου
1119 4746 1133 4795 ;
1189 4732 1283 4782 καὶ
1308 4729 1411 4782 ποῦ
1443 4732 1712 4796 κοιτάζεις
1766 4736 1823 4786 ἐν
1859 4750 1957 4804 με·

373 4816 625 4887 σημϐρίᾳ
654 4819 780 4879 τοὺς
813 4818 986 4887 ἄρνας
1011 4836 1141 4884 σου;
1180 4819 1268 4873 ἵνα
1314 4820 1523 4885 τούτοις
1566 4825 1958 4891 ἀκολουθοῦσα,

377 4908 453 4976 μὴ
482 4908 729 4978 γένωμαι
775 4910 849 4973 ὡς
876 4910 1314 4982 περιϐαλλομένη
1357 4913 1414 4965 ἐν
1456 4910 1679 4982 ἀγέλαις
1730 4915 1961 4991 ἑταίρων

376 5014 490 5052 σου.
520 5018 539 5052 ι

444 5135 547 5202 κζ’.
579 5136 829 5204 Ζητοῦσα
854 5138 945 5191 τὸν
974 5141 1073 5209 τῆς
1102 5139 1269 5209 εὐχῆς
1304 5143 1336 5212 ἡ
1362 5147 1644 5214 πρακτικὴ
1688 5147 1963 5216 κρατῆσαι

371 5222 531 5291 λόγον
558 5224 727 5297 ψυχὴ,
755 5229 851 5281 καὶ
894 5228 969 5298 μὴ
996 5230 1292 5301 δυναμένη,
1319 5232 1545 5287 τοιαῦτα
1581 5238 1722 5288 κατὰ
1767 5237 1868 5306 τὴν
1906 5242 1964 5290 ἐν

376 5317 619 5389 ’ᾼσματι
650 5320 743 5372 καὶ
772 5321 910 5391 αὐτὴ
934 5322 1050 5391 βοᾷ
1070 5342 1089 5375 ι
1120 5324 1433 5396 Ἐπικοίτην
1463 5344 1564 5397 μου
1590 5329 1649 5380 ὲν
1673 5329 1823 5395 νυξὶν
1838 5331 1959 5400 ἐζή-

373 5425 539 5478 τησα,
579 5411 639 5462 ὃν
667 5411 958 5480 ἠγάπησα,
992 5416 1258 5485 ἐζήτησα,
1297 5422 1395 5470 καὶ
1443 5419 1541 5490 οὐχ
1565 5414 1724 5488 εὗρον
1752 5424 1915 5476 αὐτόν
1948 5438 1963 5455 ο

376 5500 614 5554 ἐκάλεσα
630 5502 817 5568 αὐτὸν,
835 5504 930 5556 καὶ
956 5505 1056 5574 οὐχ
1078 5506 1359 5577 ὑπήκουσέ
1382 5524 1504 5578 μου.
1530 5526 1548 5559 ι
1570 5510 1967 5583 Ἀναστήσομαι

375 5588 442 5661 δὴ
472 5592 538 5644 δι’
567 5594 732 5664 εὐχῆς
781 5595 1199 5664 ἐπιπονωτέρας
1224 5610 1238 5625 '
1275 5601 1371 5652 καὶ
1400 5600 1733 5656 κυκλώσασα
1785 5605 1844 5656 ὲν
1897 5609 1964 5677 τῇ

380 5682 533 5736 πόλει
566 5685 624 5737 ἐν
648 5687 766 5748 ταῖς
800 5685 1103 5752 πλατείαις,
1135 5688 1234 5741 καὶ
1257 5690 1314 5742 ὲν
1333 5689 1712 5762 ταίςάγοραῖς,
1748 5693 1968 5765 ζητήσω

379 5772 441 5825 ὃν
466 5774 737 5844 ἠγάπησα
768 5794 782 5809 ο
836 5778 970 5842 ἴσως
1012 5780 1373 5849 εὑρεθήσεται
1412 5784 1554 5853 μοιὸ
1609 5785 1669 5835 ὲν
1693 5784 1769 5852 τῷ
1809 5786 1968 5839 παντὶ

2076 4731 2133 4776 et
2190 4720 2285 4776 ubi
2328 4718 2601 4775 accubare
2658 4713 2795 4769 facis
2835 4714 2890 4766 in
2927 4709 3160 4765 meridie
3194 4721 3364 4776 agnos
3411 4713 3536 4759 tuos
3568 4703 3654 4766 “,

2079 4821 2140 4865 ut
2192 4824 2289 4865 eos
2343 4822 2604 4878 sequens,
2659 4819 2764 4858 non
2819 4802 2920 4857 sim
2976 4796 3295 4853 errabunda
3348 4795 3405 4850 in
3460 4792 3657 4848 alienis

2076 4905 2356 4977 gregibus.

2141 5135 2232 5191 97.
2271 5133 2471 5188 Anima
2520 5127 2762 5199 practice
2819 5122 3087 5178 rationem
3141 5117 3411 5174 orationis
3465 5125 3658 5172 tenere

2071 5230 2416 5291 desiderans,
2470 5239 2575 5280 nec
2627 5217 3057 5283 valens,'etiam
3105 5215 3223 5284 ipsa
3274 5228 3401 5268 cum
3456 5226 3657 5281 sponsa

2070 5325 2128 5378 in
2178 5320 2425 5378 Canticis
2473 5319 2548 5372 ita
2600 5317 2800 5371 clamat
2818 5314 2861 5344 ’⁷
2891 5329 2908 5367 :
2944 5330 2963 5363 ι
3010 5311 3072 5365 In
3127 5308 3332 5363 lectulo
3382 5321 3507 5361 meo
3557 5318 3656 5373 per

2071 5424 2265 5472 noctes
2296 5412 2521 5485 quaesivi
2555 5424 2721 5476 quem
2764 5406 2944 5478 diligit
2983 5405 3166 5459 anima
3199 5417 3320 5457 mea
3355 5419 3368 5453 :
3400 5398 3651 5469 quasivi.

2076 5519 2133 5565 et
2158 5525 2271 5565 non
2296 5508 2483 5563 inveni
2506 5506 2697 5565 illum;
2725 5500 2941 5565 vocavi.
2968 5509 3025 5555 et
3048 5514 3158 5553 non
3180 5494 3465 5565 respondit
3489 5492 3651 5546 mihi.

2079 5603 2312 5674 Surgam
2351 5602 2475 5673 (per
2517 5595 2822 5653 orationem
2858 5590 3270 5657 ferventiorem)
3302 5594 3360 5640 et
3402 5580 3653 5639 circuibo

2077 5696 2362 5750 civitatem
2421 5707 2520 5761 per
2562 5690 2716 5743 vicos
2755 5698 2814 5741 et
2854 5684 3087 5755 plateas,
3120 5690 3178 5736 et
3207 5691 3450 5748 quaeram
3483 5689 3650 5745 quem

2081 5788 2263 5858 diligit
2296 5787 2480 5842 anima
2503 5797 2646 5839 mea.
2676 5800 2694 5832 ι
2726 5779 2908 5849 Eque
2931 5775 3214 5832 inveniam
3247 5771 3400 5826 illum
3445 5770 3503 5824 in
3540 5768 3649 5823 hoc

444 5985 490 6014 “
523 5985 680 6038 Cant.
719 6000 769 6043 τ,
797 5984 848 6035 5.
928 5987 969 6014 ’⁸
1003 5984 1155 6036 .lt‘an.
1196 5999 1246 6035 τ.
1282 5981 1371 6042 ll;
1406 5980 1607 6035 Ezccli.
1643 5992 1826 6038 “xw.
1851 5974 1943 6032 ‘25.

2064 5992 2065 5995 η
2097 5970 2255 6025 Cant.
2288 5984 2324 6031 ι,
2356 5968 2408 6022 6.
2487 5967 2531 5999 ’⁷
2563 5964 2719 6020 Cant.
2753 5976 2836 6027 ιιι,
2864 5962 2913 6024 l,
2938 5959 2994 6013 2.
