4100 6420
433 347 565 412 1267

1815 341 2010 400 ELl/E
2046 341 2297 403 ECDICI

3563 343 3709 408 1168

433 477 667 517 tnuuuo.
703 468 759 512 et
793 473 857 510 cx
888 456 991 509 hoc
1038 451 1243 506 mundo
1283 466 1559 521 egressus,
1600 451 1845 506 satiabor
1882 468 2006 507 cum

2130 460 2254 553 τῷδε
2283 461 2381 525 ὢν,
2407 463 2500 517 καὶ
2532 464 2627 517 τοῦ
2665 469 2862 532 παντὸς
2893 469 3017 538 ἔξω,
3054 474 3495 548 χορτασθήσομαι
3541 482 3598 534 ἔν
3627 485 3707 553 τῷ

422 556 559 612 mihi
593 552 916 624 apparuerit
943 548 1113 620 gloria
1145 548 1288 619 ejus.

497 673 590 727 98.
623 670 758 725 Cum
804 665 875 721 ob
927 662 1189 735 gaudium
1242 679 1308 717 ex
1367 663 1618 718 oratione
1686 672 2011 733 perceptum

428 765 613 820 anima
667 770 777 816 tota
828 758 881 812 iu
937 758 1210 828 lacrymas
1263 754 1400 810 solvi
1447 752 1699 823 coeperit,
1735 763 1850 807 tum
1896 754 2012 822 ipsa

426 867 649 928 quoque
696 867 822 906 cum
862 850 1119 905 libertate
1164 861 1428 917 sponsum
1466 844 1549 900 sic
1576 844 1879 914 alloquitur
1919 844 2009 896 ’λε

428 968 448 1002 ι
509 944 818 1009 Descendat
867 942 1108 997 dilectus
1148 954 1308 994 meus
1340 939 1395 993 iu
1447 937 1673 993 hortum
1723 951 1907 1001 suum,
1955 943 2012 991 et

423 1040 682 1099 comedat
709 1036 1120 1093 velutfructum
1142 1047 1432 1106 pomorum
1459 1045 1645 1098 suum,
1668 1048 1688 1083 ι
1718 1029 2011 1102 quaesitum

424 1135 618 1191 labore
646 1130 933 1188 solatium.

493 1250 587 1307 99.
617 1248 757 1305 Cum
795 1245 981 1302 anima
1013 1242 1190 1298 activa
1221 1255 1290 1296 ex
1317 1238 1639 1311 praestantia
1672 1246 1726 1294 et
1760 1236 2010 1308 pulchri-

425 1345 622 1401 tudine
656 1356 846 1398 rerum
891 1337 1242 1395 conditarum
1288 1335 1469 1404 ipsum
1502 1330 1864 1388 Conditorem
1914 1330 2011 1384 ad-

426 1436 619 1494 mirari
653 1435 911 1504 coeperit,
942 1439 1001 1486 et
1041 1429 1098 1483 in
1143 1427 1428 1501 voluptate
1464 1424 1595 1480 inde
1642 1424 1840 1481 hausta
1882 1436 2011 1479 suas

431 1531 636 1587 habere
666 1527 916 1591 delicias,
946 1533 1061 1580 tum
1097 1522 1214 1594 ipsa
1254 1536 1477 1593 quoque
1518 1516 1901 1587 obstupefacta
1931 1516 2011 1569 sic

428 1623 699 1681 exclamat
725 1639 738 1675 :
763 1619 943 1687 Quam
970 1616 1259 1687 speciosus
1287 1629 1369 1678 es,
1401 1613 1477 1667 mi
1506 1625 1731 1683 sponse,
1758 1605 2013 1681 paradiso

429 1717 605 1789 patris
648 1716 753 1781 tui,
790 1732 809 1766 ι
849 1714 981 1768 Flos
1023 1710 1227 1781 campi,
1272 1717 1330 1765 et
1362 1707 1514 1764 cedri
1555 1706 1697 1778 ejus,
1748 1710 1809 1758 ut
1857 1699 2012 1757 cedri

428 1806 644 1862 Libani.
671 1803 787 1861 Sub
812 1802 1005 1858 umbra
1029 1800 1178 1893 illius
1194 1814 1356 1893 quem
1386 1796 1829 1893 desideraveram
1852 1792 1969 1851 sedi
1995 1810 2008 1846 :
2041 1833 2088 1893 Β

426 1906 485 1954 et
517 1896 733 1952 fruetus
757 1895 880 1967 ejus
909 1892 1091 1949 dulcis
1117 1888 1328 1962 gutturi
1351 1903 1475 1945 meo
1496 1889 1564 1942 ".
1600 1905 1619 1941 ι

500 1989 622 2046 100.
669 1988 726 2045 Si
760 1987 912 2043 enim
965 1985 1059 2056 qui
1116 1998 1301 2054 regem
1351 1982 1406 2036 in
1456 1979 1801 2035 domicilium
1848 1991 2013 2033 suum

429 2084 650 2154 recipit,
714 2081 855 2137 adeo
911 2080 972 2135 fit
1027 2077 1363 2147 conspicuus
1418 2083 1476 2130 et
1534 2072 1786 2137 illustris,
1838 2080 1897 2126 et
1958 2068 2013 2124 id

429 2177 579 2232 omni
615 2174 816 2247 gaudio
848 2171 1157 2241 anteponit,
1190 2168 1320 2239 quid
1359 2166 1567 2222 sentire
1616 2180 1717 2235 par
1760 2171 1847 2219 est
1892 2161 2016 2216 ani-

432 2283 599 2332 mam,
621 2281 741 2335 qua!
771 2280 899 2320 cum
927 2275 1156 2334 purgata
1186 2271 1290 2319 est.
1312 2259 1515 2331 Regem
1542 2271 1732 2327 regum
1759 2253 2016 2324 suscipit,

433 2372 494 2416 ut
523 2360 688 2415 habet
718 2360 839 2430 ejus
871 2357 1096 2412 minime
1132 2356 1292 2409 fallax
1333 2352 1630 2421 promissio
1661 2350 1727 2404 '°.
1768 2349 1836 2407 Et
1881 2346 2014 2419 quid

436 2467 545 2507 non
589 2452 735 2506 foras
783 2448 1037 2520 projieiet
1083 2445 1231 2517 quod
1282 2447 1403 2517 ejus
1451 2442 1697 2510 quietem
1746 2437 2016 2511 impedire

435 2544 733 2600 videatur?
781 2541 915 2613 quid
965 2548 1148 2596 autem
1201 2553 1312 2593 non
1364 2536 1683 2591 introducct
1730 2531 1878 2603 quod
1939 2530 2016 2585 illi

432 2637 686 2709 placeat?

506 2831 631 2887 l0l.
671 2827 776 2896 Qui
828 2841 887 2881 se
934 2838 1057 2880 cras
1104 2836 1135 2876 a
1173 2835 1300 2891 rege
1348 2816 1659 2873 vocandum
1713 2819 2019 2883 exspectat,

435 2925 569 2995 quid
624 2921 773 2977 aliud
810 2918 1100 2989 cogitabit,
1153 2913 1287 2983 quid
1322 2909 1707 2973 meditabitur,
1750 2906 1856 2961 nisi
1893 2920 2020 2959 ora-

437 3020 668 3083 tionem,
692 3030 800 3085 qua
835 3012 912 3067 illi
941 3011 1160 3081 placere
1186 3007 1390 3079 queat?
1423 3005 1537 3059 Hoc
1568 3004 1612 3057 si
1640 3001 1804 3057 faciat
1834 2999 2019 3056 anima

434 3109 718 3183 quzelibct,
748 3104 818 3160 ad
872 3104 1024 3158 illius
1071 3099 1315 3155 tribunal
1364 3097 1632 3167 imparata
1663 3110 1774 3149 non
1810 3095 2016 3149 veniet.

507 3275 630 3331 102.
660 3274 830 3329 Beata
862 3269 1067 3334 anima,
1098 3279 1223 3335 qua:
1249 3261 1417 3317 hodie
1441 3258 1664 3316 Domini
1700 3258 1783 3313 sui
1814 3258 2021 3313 adven-

437 3379 553 3425 tum
598 3372 948 3434 exspectans,
1005 3359 1178 3417 totius
1227 3356 1339 3413 diei
1394 3363 1560 3423 atque
1610 3352 1779 3408 etiam
1839 3352 2025 3405 noctis

434 3463 688 3521 laborem
722 3459 883 3529 plane
919 3470 1022 3526 pro
1051 3452 1228 3507 nihilo
1267 3448 1445 3516 ducit,
1479 3444 1628 3517 quod
1678 3444 1864 3501 statim
1913 3442 2019 3497 sibi

439 3571 601 3612 mane
640 3550 994 3625 appariturus
1034 3547 1128 3601 sit.

513 3649 636 3702 ιυδ.
676 3644 882 3701 Omnes
914 3639 1067 3695 videt
1109 3638 1294 3701 Deus;
1341 3632 1531 3689 vident
1579 3640 1762 3687 autem
1817 3629 2015 3692 Deum,

440 3741 533 3814 qui
563 3739 696 3794 dum
735 3742 917 3798 orant,
952 3731 1092 3787 nihil
1135 3730 1347 3785 vident.
1380 3727 1451 3781 Et
1479 3725 1800 3795 quicunque
1847 3721 2020 3776 Deum

439 3833 652 3897 vident,
683 3830 850 3886 etiam
894 3823 1271 3883 exaudiuntur
1302 3819 1372 3874 ab
1402 3818 1520 3873 illo.
1563 3814 1668 3883 Qui
1701 3829 1812 3869 non
1848 3828 2020 3867 exau-

441 3924 694 3987 diuntur,
725 3933 831 3976 nec
854 3917 1045 3973 vident
1074 3914 1253 3970 illum.
1276 3910 1481 3966 Beatus
1510 3922 1679 3977 porro
1707 3906 1807 3976 qui
1843 3903 2025 3959 credit

441 4034 502 4077 se
537 4016 712 4072 videri
748 4030 779 4081 a
812 3998 947 4075 Deo,
979 4006 1242 4082 quoniam
1271 4020 1372 4076 pes
1399 4004 1522 4076 ejus
1549 4016 1621 4059 eo
1654 4000 1882 4057 nolente
1910 4013 2023 4054 non

442 4106 883 4168 commovebitur
912 4102 980 4157 ³¹.

517 4274 644 4329 ιω.
697 4270 872 4342 Regni
927 4267 1073 4339 quod
1118 4266 1262 4320 intra
1315 4276 1419 4318 nos
1460 4268 1547 4316 est
1584 4259 1629 4291 "
1685 4256 1855 4319 bona,
1907 4270 2030 4326 qua

446 4371 645 4425 oculus
698 4361 1129 4435 pulchritudinis
1185 4355 1424 4428 cupidus
1491 4368 1603 4409 non
1660 4351 1824 4416 vidit,
1879 4350 2031 4405 auris

2118 551 2356 622 ὀφθῆναί
2381 571 2473 624 μοι
2497 554 2596 625 τὴν
2630 556 2788 623 δόξαν
2824 562 3010 616 αὐτοῦ.

2191 665 2298 736 κη’.
2334 668 2507 722 ’Ὅταν
2533 670 2631 739 ὅλη
2658 672 2909 743 δακρύων
2956 677 3022 728 ὲκ
3065 677 3168 746 τῆς
3207 680 3340 747 περὶ
3394 683 3494 752 τὴν
3538 683 3706 754 εὐχὴν

2122 759 2297 826 χαρᾶς
2322 757 2554 829 ἄρξηται
2585 762 2836 827 γίνεσθαι
2858 765 2890 835 ἡ
2915 763 3084 835 ψυχὴ,
3114 768 3237 821 τότε
3259 770 3352 823 καὶ
3377 771 3514 838 αὐτὴ
3560 779 3706 845 παρ-

2124 849 2520 922 ῥησιαζομένη,
2559 853 2636 918 ὡς
2690 855 2828 924 πρὸς
2870 858 2964 910 τὸν
2994 859 3189 930 ἑαυτῆς
3227 863 3460 931 νυμφίον
3493 864 3706 934 νύμφη,

2124 940 2240 1011 βοᾷ.
2275 941 2584 1011 Καταϐήτω
2616 944 2644 996 6
2691 945 3005 1014 ἀδελφιδοῦς
3034 967 3138 1019 μου
3172 952 3252 1016 είς
3289 954 3468 1023 κῆπον
3514 957 3704 1022 αὑτοῦ,

2124 1032 2216 1083 καὶ
2247 1030 2468 1099 φαγέτω
2486 1031 2595 1085 τῶν
2625 1033 2773 1103 ἐμῶν
2810 1034 3084 1106 δακρύων,
3114 1038 3191 1102 ὡς
3217 1040 3555 1114 ἀκροδρύων,
3605 1044 3710 1114 τὴν

2123 1120 2449 1191 πονηθεῐσαν
2486 1122 2853 1195 παράκλησιν.

2192 1236 2300 1306 ίιθ⁹.
2330 1237 2506 1293 Ὅταν
2545 1239 2579 1312 ὴ
2607 1240 2884 1311 πρακτικὴ
2912 1241 3061 1313 ψυχὴ
3078 1243 3141 1296 ὲκ
3170 1246 3433 1313 μεγέθους
3454 1249 3548 1303 καὶ
3572 1250 3711 1302 ναὶ.-

2125 1327 2280 1396 λονῇς
2301 1330 2617 1401 κτισμάτων
2641 1330 2944 1400 θαυμάζειν
2962 1333 3193 1404 ἄρξηται
3219 1338 3311 1390 τὸν
3333 1341 3543 1408 Δημιου
3554 1340 3709 1409 ργὸν,

2125 1420 2219 1473 καὶ
2247 1420 2347 1484 τῆς
2368 1423 2432 1475 ὲκ
2459 1421 2668 1477 τούτων
2700 1427 3057 1494 κατατρυφᾷν
3111 1427 3303 1496 ἡδονῆς
3324 1469 3342 1495 ,
3389 1429 3563 1483 ταῦτα
3612 1432 3710 1483 καὶ

2122 1517 2260 1586 αὑτὴ
2279 1513 2697 1585 ὲκπληττομένη
2716 1510 2835 1583 βοᾷο
2864 1531 2885 1564 ι
2915 1512 2981 1565 Τί
3007 1510 3318 1582 ὠραιὼθης,
3348 1513 3569 1582 νυμφίε,
3588 1531 3699 1567 πα·-

2123 1608 2337 1677 ράδεισε
2366 1606 2570 1674 πατρός
2587 1620 2720 1668 σου;
2749 1602 2910 1666 ἀνθος
2943 1602 3037 1658 τοῦ
3070 1603 3306 1663 παιδίου,
3356 1603 3449 1655 καὶ
3506 1605 3701 1673 κέδρος

2120 1693 2285 1749 αὑτοῦ
2313 1694 2387 1758 ὡς
2411 1693 2592 1764 κέδροι
2625 1692 2721 1746 τοῦ
2753 1692 3011 1747 Λιϐάνου.
3053 1692 3188 1745 Ὑπὸ
3215 1692 3313 1763 τὴν
3345 1694 3503 1745 σκιάν
3531 1694 3703 1745 αὐτοῦ

2121 1785 2465 1855 ἐπεθύμησα,
2495 1784 2588 1837 καὶ
2620 1782 2872 1851 ἐκάθισα,
2898 1784 2995 1838 καὶ
3025 1784 3055 1837 6
3080 1783 3290 1853 καρπὸς
3319 1782 3478 1855 ῶρθη
3497 1787 3704 1854 γλυκὺς

2120 1878 2179 1929 ὲν
2199 1874 2278 1949 τῷ
2305 1873 2539 1944 λάρυγγί
2567 1890 2689 1944 μου.
2737 1891 2757 1926 ι

2194 1964 2263 2037 ρ’.
2302 1965 2365 2018 Ei
2393 1967 2422 2019 6
2460 1964 2715 2036 βασιλεὺς
2751 1965 3149 2035 ὑποδεχόμενος
3192 1966 3271 2028 είς
3319 1964 3378 2017 τὸ
3429 1964 3709 2035 δωμάτιον

2123 2058 2342 2125 ἑαυτοῦ,
2376 2057 2521 2113 οὕτω
2556 2058 2863 2129 περιφανὴς
2914 2057 3251 2126 εὑρίσκεται,
3308 2057 3402 2110 καὶ
3435 2058 3697 2129 περίϐλε-

2125 2169 2256 2215 πτος
2290 2151 2384 2206 καὶ
2419 2150 2600 2222 πάσης
2631 2152 2807 2221 χαρᾶς
2845 2150 3118 2219 ἔμπλεως,
3142 2149 3297 2218 πόσῳ
3326 2148 3527 2219 μᾶλλον
3553 2150 3705 2220 ψυχὴ

2122 2245 2280 2312 ήτὸν
2314 2242 2544 2313 βασιλέα
2601 2242 2711 2295 τῶν
2770 2241 3038 2311 βασιλέων
3096 2242 3154 2293 ὲν
3210 2238 3290 2310 τῷ
3359 2239 3702 2311 καθαρθῆναι

2126 2334 2527 2405 ὑποδεξαμένη,
2583 2334 2726 2387 κατά
2753 2337 2851 2403 τὴν
2890 2332 3097 2401 ἀψευδῆ
3130 2331 3339 2384 ἐκείνου
3385 2332 3702 2400 ὑπόσχεσιν.

2126 2429 2295 2496 Πλὴν,
2312 2427 2562 2490 εὐλαϐῶς
2585 2427 2723 2495 άγαν
2752 2429 2784 2497 ἡ
2808 2426 3030 2497 τοιαύτη
3087 2425 3288 2496 ἑαυτὴν
3309 2424 3705 2492 ἀσφαλίζεσθαι

2125 2519 2365 2589 ὀφείλει·
2402 2518 2507 2584 ἔξω
2549 2520 2648 2589 μὲν
2680 2519 2973 2589 βάλλουσα,
2999 2519 3110 2570 πᾶν
3135 2516 3196 2569 τὸ
3228 2517 3305 2586 μὴ
3332 2517 3413 2578 είς
3452 2516 3704 2568 ἀνάπαυ-

2127 2629 2212 2665 σιν
2244 2612 2452 2665 ἐκείνου
2482 2610 2673 2665 δοκοῦν
2693 2626 2709 2641 ο
2741 2609 2954 2665 ἔνδοθεν
2983 2609 3040 2662 δὲ
3070 2608 3369 2677 εἰσάγουσα
3396 2607 3502 2660 πᾶν
3536 2606 3598 2660 τὸ
3624 2608 3703 2669 εἰς

2127 2704 2339 2756 ἐκείνου
2362 2703 2679 2773 ἀρέσκειαν.

2203 2800 2307 2863 ρα’.
2360 2793 2418 2845 ’0
2450 2791 2717 2863 κληθῆναι
2750 2789 3067 2861 προσδοκῶν
3115 2790 3266 2861 παρὰ
3325 2787 3589 2861 βασιλέως
3637 2791 3707 2859 τῇ

2126 2883 2337 2955 αύριον,
2366 2883 2511 2947 τίνος
2542 2885 2599 2936 έν
2630 2882 2875 2954 φροντίδι
2902 2880 3063 2937 άλλου
3098 2881 3428 2950 ὀφθήσεταις
3460 2880 3493 2950 ἢ
3528 2880 3702 2948 λόγων

2132 2975 2387 3047 μελέτης,
2420 2973 2529 3027 τῶν
2563 2973 2645 3034 είς
2700 2972 2911 3025 ἐκείνου
2952 2971 3331 3040 τυγχανόντων
3380 2973 3706 3042 ἀρέσκειανς

2127 3067 2288 3122 τοῦτο
2329 3064 2574 3137 τηροῦσα
2601 3064 2771 3135 ψυχὴ,
2800 3064 2901 3117 οὐκ
2960 3062 3263 3132 ὀφθήσεται
3312 3061 3709 3131 άπαρασκεύα·

2050 3190 2093 3247 C
2130 3178 2255 3227 στος
2289 3159 2424 3230 πρὸς
2453 3159 2512 3212 τὸ
2532 3158 2744 3212 εκείθεν
2778 3160 3083 3227 κριτήριον.

2203 3252 2303 3323 ρβ’.
2335 3250 2603 3320 Μακαρία
2629 3248 2775 3319 ψυχὴ
2803 3251 2837 3321 ἡ
2865 3248 2954 3301 διὰ
2987 3247 3049 3301 τὸ
3082 3248 3322 3317 σήμερον
3352 3246 3501 3315 ἥξειν
3535 3259 3709 3315 προσ-

2128 3345 2293 3416 δοκᾷν
2337 3342 2428 3396 τὸν
2460 3341 2664 3412 Κύριον
2699 3341 2921 3411 εαυτῆς,
2952 3339 3118 3410 μηδὲν
3148 3338 3427 3408 ἡγουμένη
3468 3335 3586 3389 δλον
3611 3334 3703 3387 τὸν

2130 3431 2298 3484 κόπον
2334 3430 2434 3501 τῆς
2480 3431 2718 3501 ἡμέρας,
2754 3428 2890 3500 μηδὲ
2971 3428 3062 3482 τὸν
3114 3427 3214 3497 τῆς
3264 3425 3478 3493 νυκτὸς,
3529 3424 3618 3479 διά
3645 3424 3709 3476 τὸ

2130 3523 2294 3589 εὐθὺς
2319 3522 2414 3577 ἐπὶ
2438 3522 2500 3576 τὸ
2530 3521 2676 3592 πρωῒ
2697 3520 2891 3575 τοῦτον
2921 3510 3590 3591 μέλλεινίμφανίζεσθ-αι.
3724 3579 3733 3589 ,

2208 3619 2309 3685 pf.
2344 3611 2558 3675 Πάντας
2599 3611 2699 3682 μὶν
2740 3612 2843 3683 ὁρᾷ
2881 3612 2909 3665 6
2933 3609 3087 3675 Θεὸς,
3119 3609 3291 3680 ὁρῶσι
3345 3609 3405 3662 δι
3432 3608 3525 3662 τὸν
3550 3607 3705 3671 Θεὸν,

2132 3706 2181 3758 οἱ
2206 3705 2541 3775 θεωροῦντες
2587 3704 2781 3775 μηδὲν,
2811 3704 2871 3757 ὲν
2901 3702 2980 3773 τῷ
3003 3701 3286 3772 εὔχεσθαι,
3316 3703 3412 3755 καὶ
3452 3702 3567 3755 ὅσοι
3609 3701 3711 3769 μὲν

2132 3796 2303 3867 ὁρῶσι
2330 3795 2424 3849 τὸν
2468 3794 2624 3861 Θεὸν,
2660 3794 2756 3850 καὶ
2783 3793 3165 3848 είσακούονται
3200 3795 3333 3865 παρ’
3359 3792 3526 3847 αὐτοῦ
3546 3810 3559 3823 ·
3593 3793 3719 3846 ὅσοι

2132 3888 2190 3941 δι
2232 3887 2334 3941 οὐκ
2363 3884 2766 3952 είσακούονται,
2801 3885 2922 3940 οὑδὲ
2950 3886 3151 3959 ὁρῶσιν
3193 3886 3379 3941 αὐτόν.
3419 3886 3706 3955 Μακάριο;

2135 3979 2195 4033 δι
2220 3981 2249 4033 6
2279 3978 2577 4043 πιστεύων,
2611 3979 2694 4032 δτι
2734 3976 2994 4048 βλέπεται
3019 3977 3125 4032 ὑπὸ
3148 3977 3244 4032 τοῦ
3272 3977 3410 4032 Θεοῦ
3431 3993 3445 4008 ο
3500 3978 3562 4031 οὐ
3617 3993 3714 4029 σα-

2138 4069 2462 4143 λευθήσεται
2500 4068 2612 4140 γὰρ
2638 4069 2668 4121 6
2696 4068 2832 4133 ποῦς
2872 4068 3063 4137 αὑτοῦ,
3098 4069 3197 4141 τῆς
3224 4068 3517 4137 ἀρεσκείας
3572 4066 3717 4120 ὲκεί-

2137 4178 2228 4217 νου
2252 4161 2443 4233 χωρίς.

2213 4251 2311 4324 ρδ⁸.
2344 4254 2458 4324 Τῆς
2491 4253 2642 4317 ἐντὸς
2663 4251 2821 4324 ἡμῶν
2847 4249 3014 4323 οὔσης
3063 4250 3342 4322 βασιλείας
3386 4249 3457 4303 τὰ
3510 4247 3715 4316 ἀγαθά,

2141 4345 2178 4399 ἃ
2202 4345 2493 4413 φιλόκαλος
2520 4345 2801 4415 ὀφθαλμὸς
2829 4345 2929 4397 οὐκ
2958 4340 3091 4407 οἶδε,
3126 4344 3218 4397 καὶ
3236 4344 3373 4412 ἀκοὴ
3431 4340 3716 4410 φιλότιμος

449 4431 745 4523 ambitiosa
793 4472 900 4510 non
951 4452 1183 4517 audivit,
1228 4460 1286 4506 ct
1332 4450 1388 4504 in
1423 4464 1520 4504 cor
1569 4445 1781 4517 Spiritu
1840 4454 2021 4500 sancte

2140 4436 2241 4489 οὐκ
2271 4436 2495 4507 ἤκουσε,
2526 4437 2622 4489 καὶ
2645 4438 2737 4488 ἐπὶ
2766 4434 2996 4505 καρδίαν
3025 4435 3340 4505 Πνεύματος
3368 4434 3525 4501 άγίου
3551 4431 3715 4499 κενὴν

446 4567 684 4608 vacuum
712 4565 822 4605 nou
844 4545 1216 4603 ascenderunt
1238 4543 1305 4612 ",
1336 4549 1754 4597 auctoramenta
1776 4536 2021 4607 quaedam

2141 4527 2243 4579 οὐκ
2276 4526 2471 4599 ἀνέϐη,
2512 4527 2834 4599 ἀρραϐῶνές
2866 4527 2975 4579 εισι
2999 4525 3108 4579 τῶν
3141 4524 3446 4596 μελλόντων
3479 4521 3713 4577 δίδοσθαι

446 4654 504 4701 et
578 4642 925 4698 arrhabones
997 4647 1129 4694 sunt
1188 4611 1463 4691 bonorum
1535 4646 1659 4702 quae
1735 4630 1901 4703 justis
1977 4628 2021 4681 in

2141 4617 2257 4679 τοῖς
2284 4616 2517 4680 δικαίοις
2541 4616 2786 4684 ἀγαθῶν,
2816 4616 2874 4669 tv
2894 4617 2962 4688 τῇ
2987 4612 3262 4685 μελλούσῃ
3288 4611 3535 4683 βασιλείᾳ
3563 4611 3721 4682 παρὰ

449 4739 640 4791 futuro
698 4733 909 4789 Christi
939 4744 1109 4801 regno
1151 4727 1455 4782 dabuntur.
1491 4723 1557 4777 Et
1580 4721 1674 4792 qui
1707 4721 1761 4775 in
1786 4721 1872 4775 his
1911 4734 2021 4789 qua:

2142 4706 2306 4763 Θεοῦ.
2345 4708 2458 4761 Καὶ
2503 4708 2539 4760 6
2566 4708 2643 4781 μὴ
2689 4709 2750 4760 ἐν
2799 4705 3012 4770 τούτοις
3042 4704 3286 4778 τρυφῶν,
3345 4703 3539 4767 οἵτινές
3578 4703 3716 4756 εἰσιν

448 4826 584 4889 dixi,
604 4838 835 4894 quaeque
866 4796 1228 4876 suntlruetus
1254 4816 1514 4887 Spiritus,
1551 4828 1662 4869 non
1693 4811 2021 4874 oblectatur,

2143 4800 2196 4854 el
2224 4798 2431 4872 καρποὶ
2453 4798 2551 4852 τοῦ
2580 4799 2719 4854 Πνεύ
2729 4815 2922 4869 ματος,
2952 4796 3011 4853 ἑν
3044 4796 3343 4852 ἀπολαύσει
3369 4796 3595 4851 ἐκείνων
3619 4811 3721 4863 γε..

449 4889 658 4974 futuris
704 4889 815 4969 illis
846 4912 1057 4984 perfrui
1086 4928 1196 4967 non
1228 4908 1455 4981 poterit.

2145 4889 2334 4945 νάσθαι
2362 4891 2425 4944 οὐ
2444 4889 2690 4945 δύναται.

523 5007 646 5061 105.
675 4977 1054 5075 Cogitationes
1084 4977 1463 5074 practicorutn
1492 4999 1702 5054 similes
1740 5006 1871 5055 sunt
1917 5015 2021 5054 cer.

2221 4980 2314 5052 ps'.
2344 4982 2407 5034 Ui
2438 4981 2545 5034 τῶν
2572 4980 2895 5052 πρακτικῶν
2913 4979 3183 5049 λογισμοὶ,
3206 4978 3424 5044 ἐλά-θοις
3442 4977 3684 5030 ἐοίκασιν
3701 4989 3723 5007 ν

452 5101 535 5155 vis
570 5116 584 5153 :
623 5100 769 5153 sicut
805 5098 957 5153 enim
987 5096 1045 5151 hi
1082 5067 1248 5150 modo
1282 5094 1590 5148 ascendunt
1623 5105 1790 5163 super
1815 5102 2021 5147 monte:

2147 5074 2219 5141 ὼς
2253 5075 2363 5145 γὰρ
2400 5074 2609 5126 εκεῖναι
2652 5072 2784 5125 ποτὲ
2828 5072 2927 5143 μὲν
2956 5071 3070 5125 ἀνω
3097 5071 3235 5124 εἰσιν
3290 5071 3349 5122 ὲν
3400 5070 3511 5130 τοῖς
3542 5067 3725 5136 δρεσι,

452 5199 684 5263 propter
730 5197 938 5243 metum
985 5195 1337 5248 venatorum,
1369 5183 1535 5240 modo
1587 5158 1932 5239 descendunt
1980 5182 2017 5236 it

2147 5164 2236 5218 διὰ
2266 5164 2357 5219 τὸν
2395 5163 2562 5233 φόϐον
2588 5162 2701 5221 τῶν
2730 5162 3011 5233 θηρατῶν,
3039 5160 3170 5215 ποτὶ
3198 5159 3256 5214 ιι
3292 5159 3445 5213 κάτω
3490 5160 3547 5211 ὲν
3599 5158 3721 5219 ταῖς

449 5284 648 5348 valles,
694 5283 898 5353 quippe
957 5295 1097 5350 quas
1138 5278 1362 5349 depasci
1405 5279 1677 5349 cupiunt;
1719 5276 1795 5332 ita
1828 5283 1884 5331 et
1926 5275 2034 5331 illa:

447 5392 551 5432 nec
572 5390 792 5444 semper
819 5387 1106 5430 remanere
1138 5380 1368 5441 possunt
1396 5370 1452 5425 in
1481 5371 1699 5426 tbeoria
1728 5368 2031 5441 spirituali,

451 5471 522 5526 ob
552 5486 710 5528 suam
749 5469 1041 5532 vilitatem,
1080 5483 1185 5522 nec
1211 5481 1432 5536 semper
1478 5467 1534 5520 in
1566 5465 1814 5536 physica,
1843 5473 2036 5534 utpote

454 5563 705 5633 requiem
730 5576 951 5632 semper
979 5569 1312 5630 quaerentes.
1335 5559 1577 5615 Eeontra
1602 5558 2035 5615 theoreticorum

2151 5258 2368 5315 κοιλάσι
2406 5257 2495 5313 διὰ
2520 5255 2616 5308 τὸν
2664 5254 2830 5308 πόθον
2856 5253 2964 5308 τῶν
3002 5256 3062 5307 εν
3092 5253 3303 5317 αὐταῖς,
3334 5251 3479 5306 οὕτω
3508 5250 3602 5304 καὶ
3626 5242 3722 5301 οῦ-

2150 5365 2262 5401 τοι·
2290 5347 2415 5401 ούτε
2447 5346 2679 5403 πάντοτε
2725 5346 2785 5400 ἐν
2823 5344 3027 5416 θεωρίᾳ
3064 5344 3407 5412 πνευματικῇ
3463 5340 3722 5395 δύνανται

2153 5438 2315 5503 εἶναι,
2347 5440 2435 5493 διὰ
2465 5442 2527 5495 τὸ
2546 5437 2727 5498 αὐτῶν
2768 5436 2988 5498 εὐτελές
3007 5451 3020 5465 ο
3048 5432 3172 5486 οὒτε
3196 5433 3283 5486 ἀεὶ
3305 5434 3364 5486 ιν
3388 5435 3454 5501 τῇ
3490 5432 3721 5501 φυσικῇ,

2152 5532 2242 5585 διὰ
2268 5531 2329 5584 τὸ
2365 5534 2439 5601 μὴ
2468 5531 2569 5601 τὴν
2615 5529 2922 5586 ἀνάπαυσιν
2950 5525 3170 5585 διώκειν
3208 5524 3326 5579 ἀεί·
3377 5524 3486 5577 τῶν
3540 5521 3718 5591 μέντοι

525 5766 570 5798 ’³
601 5764 761 5819 Cant.
788 5780 841 5827 v,
880 5765 928 5817 l.

525 5766 570 5798 ’³
601 5764 761 5819 Cant.
788 5780 841 5827 ν,
880 5765 928 5817 l.
1025 5763 1070 5797 '9
1093 5762 1249 5817 Caut.
1283 5777 1337 5827 t;
1370 5762 1543 5819 Eccli.
1575 5778 1737 5827 xxiv;
1766 5762 1925 5817 Cant.
1965 5778 2021 5817 ll.

454 5833 505 5869 ⁸⁸
531 5834 551 5890 1
579 5838 707 5893 Cor.
744 5851 804 5893 ll,
825 5838 877 5890 9.
1398 5834 1411 5843 “

2130 5762 2166 5794 ³ο
2196 5760 2353 5816 Joan.
2383 5777 2491 5815 λιν.
2594 5764 2641 5837 ³⁸.
2674 5762 2813 5818 Psal.
2848 5758 3091 5827 Lxxtt,‘2.
3198 5758 3241 5791 ³³
3275 5756 3414 5813 Luc.
3458 5771 3595 5822 xvu,
3627 5751 3723 5808 90.

694 5876 707 5888 .
744 5860 804 5902 It,
826 5860 877 5890 υ.
3606 5860 3611 5865 .
