4100 6488
453 505 586 571 ilG‘l

446 619 826 694 θεωρητικῶν,

451 715 832 770 καθίστανται.

527 802 636 875 ρς’.
692 801 846 854 Βόλοι
888 795 988 867 μὲν
1044 792 1258 863 δρόσου,
1299 791 1400 857 γῆς
1440 785 1801 857 μεθύσκουσιν
1853 777 2016 832 αὐλα-

1617 478 2010 540 ΟΝιῖὶὸτῐαεὶζ
2054 469 2520 534 SENTENTLE.

889 611 1221 688 περιπεζίων
1289 607 1590 677 ὑπερόπται
1638 599 2011 672 θεωρημάτων

2159 583 2486 655 ogitationes
2544 576 2857 647 despiciunt
2902 575 3116 648 objecta
3149 572 3276 630 "sub
3324 573 3559 646 pedibus
3613 577 3699 638 ia-

2124 678 2327 734 oentia.

3553 457 3698 525 1170

2198 763 2530 824 106.(;ιιιιω
2583 766 2726 822 roris
2781 774 2943 822 terrae
2994 764 3177 819 sulcos
3237 762 3538 828 inebriant,
3572 761 3705 816 οσο-

455 855 592 959 διαςἰ
623 855 901 951 διαθέσεις
945 886 1002 940 δὲ
1027 855 1206 955 ψῦχῆς
1248 883 1306 935 ὲν
1337 855 1494 951 εὐχῇ,
1542 875 1798 948 ἐμϐροχοι
1833 887 2021 925 στενα-

2159 863 2342 919 ιίοηεε
2397 872 2586 918 autem
2655 861 2875 928 animas,
2929 861 3073 915 inter
3131 858 3401 914 orandum
3455 871 3485 910 e
3532 855 3704 911 cordo

453 989 586 1058 γμοὶ
617 985 722 1038 ἀπὸ
753 979 977 1054 καρδίας
1008 975 1402 1045 ἀναδιδόμεναι.

531 1076 632 1150 ρξ’.
675 1075 789 1144 Τῆς
821 1053 877 1125 έν
927 1069 1123 1142 Τριάδι
1157 1065 1454 1136 νοουμένης
1512 1059 1788 1128 θεότητος,
1847 1053 2023 1150 οὐδεὶς

454 1147 750 1241 ἐπι-θεωρίᾳ
783 1166 1106 1236 ὀφθήσεται,
1138 1159 1327 1230 ὑλικῆς
1358 1155 1568 1222 δυάδος,
1603 1152 1698 1207 καὶ
1729 1151 1825 1220 τῆς
1849 1147 2024 1241 γείτο-

457 1267 547 1328 νος
589 1236 816 1334 μονάδος
847 1257 1056 1312 ἀνωθεν
1087 1254 1161 1324 μὴ
1191 1249 1413 1319 ὀφθείς·
1456 1245 1576 1300 οὐδὲ
1610 1241 1816 1334 ταύτης
1869 1236 2025 1307 γενή-

463 1332 616 1410 σεται
648 1349 999 1421 ὑψηλότερος,
1045 1346 1118 1415 μὴ
1151 1339 1434 1412 μοναδικδν
1463 1337 1551 1390 τὸν
1585 1332 1778 1388 ἑαυτοῦ
1803 1334 1859 1383 ὲν
1878 1344 2026 1381 νοου-

463 1450 645 1520 μένοις
680 1441 1053 1512 ἐργασάμενος
1076 1436 1218 1488 νοῦν.
1998 1509 2024 1520 .-

542 1534 646 1606 ρη’.
702 1533 777 1586 Οὐ
844 1529 1096 1582 τοσοῦτον
1153 1523 1410 1593 δυσχερὲς
1479 1517 1870 1589 εὑρεθήσεται,
1924 1517 2028 1606 τοῦ

463 1605 716 1695 ποταμοῦ
759 1620 1029 1688 ἀνακόψαι
1055 1618 1172 1670 ὁδὸν
1217 1616 1308 1668 ἐπὶ
1343 1613 1411 1665 τὰ
1453 1611 1601 1664 κάτω
1635 1609 1709 1678 μὴ
1749 1605 2029 1673 φέρεσθαι,

461 1721 584 1772 ὅσον
618 1715 709 1769 νοῦ
751 1713 931 1786 ῥύμην
967 1708 1336 1779 ἀναχαιτίσαι,
1376 1703 1450 1774 μὴ
1479 1704 1537 1754 ὲν
1564 1703 1674 1763 τοῖς
1734 1696 2031 1786 ὁρωμένοις

466 1784 896 1866 σκεδάννυσθαι,
935 1801 1070 1873 πρὸς
1120 1800 1177 1852 δὲ
1239 1797 1329 1850 τὸν
1381 1795 1515 1858 ἀνω,
1578 1791 1673 1845 καὶ
1771 1784 2028 1854 συγγενῆ,

461 1907 549 1944 οτι
586 1891 858 1959 βούλεται,
898 1890 974 1960 τῷ
1008 1885 1288 1957 εὐχομένω
1343 1881 1714 1951 συνάγεσθαι·
1742 1881 1847 1934 κᾶν
1878 1880 2037 1934 τοῦτο

2122 955 2316 1012 emissi
2356 955 2597 1028 gemitus
2627 954 2851 1027 irrigui.

2200 1048 2326 1103 107.
2382 1046 2557 1103 Nemo
2623 1046 2894 1102 Deitatem
2949 1045 3002 1100 in
3061 1045 3333 1101 Trinitate
3383 1054 3703 1115 conceptam
3764 1044 3770 1048 ’

2131 1138 2494 1210 contemplari
2559 1139 2788 1209 poterit,
2843 1139 2950 1193 nisi
3006 1137 3474 1208 supereminuerit
3526 1144 3707 1192 mate-

2135 1231 2255 1286 riali
2307 1231 2494 1303 dyadi,
2525 1240 2583 1287 ct
2632 1230 2828 1286 vicina:
2871 1231 2991 1302 ejus
3049 1232 3269 1286 monadi
3306 1250 3318 1286 :
3361 1231 3466 1288 hac
3522 1242 3704 1288 autem

2135 1325 2387 1395 superior
2417 1340 2527 1379 non
2572 1324 2684 1390 fiet,
2716 1324 2822 1378 nisi
2858 1323 3164 1394 simplicem
3195 1324 3250 1378 in
3282 1326 3711 1398 cogitationibus

2136 1431 2296 1469 suum
2327 1414 2636 1469 reddiderit
2662 1415 2929 1468 animum.

2209 1507 2332 1562 108.
2389 1507 2508 1562 Non
2567 1514 2678 1561 tam
2734 1506 2958 1564 difficile
3015 1518 3097 1564 est
3148 1512 3410 1566 cohibere
3468 1511 3712 1565 fluminis

2162 1607 2433 1670 mpetum,
2475 1614 2546 1653 ne
2597 1599 2854 1654 deorsum
2899 1600 3130 1669 feratur,
3162 1619 3324 1672 quam
3377 1603 3712 1672 prmeipitem

2144 1694 2428 1748 retrahere
2453 1701 2510 1746 et
2537 1706 2892 1762 compescere
2919 1695 3185 1759 animum,
3219 1711 3290 1750 ne
3321 1711 3377 1750 se
3413 1699 3466 1749 in
3498 1710 3560 1749 ea
3593 1709 3716 1764 qum

2142 1784 2321 1840 oculis
2361 1791 2669 1840 cernuntur
2701 1783 2951 1840 effundat
2983 1801 3049 1841 ac
3091 1786 3390 1857 dispergat,
3423 1797 3479 1842 et
3521 1787 3587 1840 ad
3620 1801 3717 1840 su-

2147 1891 2318 1945 perna
2355 1882 2700 1946 cognataque
2730 1890 2860 1930 cum
2894 1876 3132 1932 voluerit
3161 1893 3237 1932 se.
3257 1879 3535 1948 precando
3563 1877 3719 1930 colli-

467 1980 566 2052 μὶν
594 1981 737 2035 κατά
764 1981 949 2052 φύσιν,
981 1981 1160 2042 έκεῖνο
1194 1977 1250 2030 δὲ
1294 1971 1445 2046 παρὰ
1470 1971 1633 2041 φύσιν
1668 1969 2034 2039 καθέστηκεν.

2159 1983 2276 2039 gere
2313 1968 2580 2024 :tametsi
2630 1969 2739 2024 hoc
2767 1969 3096 2036 secundum,
3133 1969 3264 2024 illud
3300 1981 3484 2024 autem
3521 1976 3720 2039 prreter

534 2209 632 2283 90'.
665 2211 768 2263 Τὸν
797 2210 918 2261 νοῦν
951 2209 999 2259 οἱ
1033 2206 1420 2275 καθαιρόμενοι
1445 2195 1576 2254 εἴπω
1602 2198 1709 2251 τῶν
1739 2197 2030 2265 ὁρωμένων

461 2301 943 2373 παραπέμποντες,
972 2297 1226 2350 τοσούτου
1263 2293 1603 2364 πίμπλανται
1633 2287 1897 2356 θάμϐους,
1939 2285 2034 2337 καὶ

458 2393 724 2462 τοσαύτης
759 2391 1093 2462 πληροῦνται
1126 2388 1327 2459 χαρᾶς,
1359 2387 1434 2448 ὡς
1484 2382 1648 2454 μηδὲν
1699 2381 1883 2449 ἕτερον
1925 2395 2032 2447 χω-

457 2489 624 2556 ρῆσαι
676 2485 784 2538 τῶν
841 2483 1102 2551 ἐπιγείων
1127 2479 1412 2543 δύνασθαι,
1474 2475 1596 2546 μηδ’
1657 2471 1721 2526 ἂν
1769 2471 1818 2523 εί
1858 2469 2035 2523 πάντα

455 2579 596 2647 πρὸς
619 2577 817 2639 αὐτοὺς
847 2574 1168 2648 συρῤεύσειε
1199 2571 1267 2624 τὰ
1307 2567 1682 2640 περιμάχητα.

531 2675 621 2738 ρι’.
665 2665 987 2736 Ἐξαρκοῦσι
1020 2665 1114 2718 καὶ
1145 2663 1307 2734 μόνον
1339 2663 1391 2713 οἱ
1416 2661 1570 2729 νόμοι
1598 2656 1880 2728 ῥηθέντες,
1939 2654 2037 2724 τῆς

459 2761 677 2828 φύσεως
717 2759 852 2827 πρὸς
886 2758 946 2810 τὸ
985 2757 1107 2809 λίαν
1153 2751 1532 2824 θαυμάζεσθαι
1557 2767 1570 2781 ·
1617 2748 2037 2818 κατανοούμενοι

458 2850 540 2914 δὲ,
571 2847 837 2919 λειμῶνες
878 2845 1228 2916 εὑρίσκονται
1259 2841 1528 2904 εὐανθεῖς,
1558 2839 1635 2902 ὡς
1669 2837 1727 2902 ἐξ
1785 2835 2037 2908 οὐρανίου

460 2943 741 3010 νέκταρος,
789 2939 1049 3010 ἀκράτοις
1086 2935 1342 3007 βρύοντες
1374 2932 1559 2987 ἄνθεσι
1606 2929 1709 3000 τῆς
1739 2943 2041 2998 πνευματι-

465 3036 567 3101 κῆς
598 3030 920 3092 πανδαισίας
951 3027 1042 3081 τὸν
1069 3025 1406 3096 γλυκασμὸν.

534 3129 658 3192 ρια’.
713 3123 802 3174 Ἐν
833 3122 1112 3191 δροσεροῖς
1149 3119 1248 3188 μὲν
1282 3115 1468 3170 ἄνθεσι
1495 3113 1782 3184 λειμώνων
1811 3111 1910 3182 τὴν
1941 3110 2040 3181 βα·

466 3213 642 3266 σιλίδα
674 3212 766 3265 τοῦ
817 3212 1055 3281 σμήνους
1089 3208 1442 3279 περιξᾱινουσι
1487 3205 1759 3276 μέλιτται.
1805 3204 1892 3255 Ἐν
1945 3217 2042 3255 κα-

463 3304 678 3370 ταινύξει
700 3304 753 3356 δὲ
768 3306 832 3372 τῇ
858 3301 1114 3370 γινομένῃ
1143 3299 1502 3359 ἀδιαλείπτως
1528 3297 1697 3367 ψυχῇ,
1728 3296 1801 3356 ὡς
1821 3296 2040 3357 οἰκεῖαι,

465 3397 519 3446 αἱ
550 3395 731 3464 νοεραὶ
757 3393 1013 3462 δυνάμεις
1069 3389 1522 3460 περικυκλοῦσαι,
1553 3384 1944 3442 σννεκπονοῦςι
1978 3385 2044 3438 τὰ

466 3484 798 3552 καταθύμια.

541 3573 663 3644 ριβ’.
713 3575 804 3626 Ἐν
861 3574 961 3644 μὲν
994 3572 1069 3642 τῷ
1097 3571 1358 3643 ὁρωμένῳ
1384 3570 1596 3640 κόσμῳ,
1629 3570 1703 3632 ὡς
1749 3568 1906 3631 ἄλλος
1961 3584 2044 3629 τις

466 3667 658 3737 ὁρᾶται
688 3667 912 3735 κόσμος,
951 3667 978 3718 6
1009 3664 1303 3734 ἀνθροπως
1331 3679 1344 3693 ⁸
1383 3666 1440 3715 ἐν
1470 3662 1527 3714 δὲ
1553 3661 1632 3730 τῷ
1666 3661 1961 3729 νοουμένῳ,
2018 3661 2046 3712 ὁ

466 3758 745 3828 λογισμός.
773 3755 1022 3827 Οὐρανοῦ
1088 3755 1186 3826 μὲν
1239 3755 1368 3823 γὰρ,
1412 3754 1505 3806 καὶ
1536 3754 1664 3822 γῆς,
1724 3753 1816 3803 καὶ
1845 3750 1953 3803 τῶν
1988 3752 2047 3804 ὲν

476 3851 644 3920 μέσῳ,
679 3845 834 3912 οὗτος
867 3849 1090 3902 ἐκείνων
1125 3846 1498 3916 καταγγελεύς
1520 3862 1531 3873 ⁸
1574 3843 1666 3898 νοῦ
1721 3845 1800 3907 δὲ,
1840 3844 1932 3897 καὶ
1959 3844 2047 3895 αὶ-

475 3941 738 4010 σθήσεως,
769 3941 863 3994 καὶ
894 3939 1003 3992 τῶν
1041 3941 1169 4010 περὶ
1228 3937 1418 4006 αὐτὴν,
1479 3937 1763 4008 ὑποφήτης
1812 3935 2049 4006 ὑπάρχει

470 4033 500 4088 ὁ
551 4032 832 4103 λογισμὸς,
887 4023 962 4084 ῶν
1008 4031 1158 4096 ἄνευ,
1191 4029 1492 4100 ἀμφότεροι
1551 4029 1747 4098 κόσμοι
1803 4025 2049 4080 ἐκκεκώ-

477 4139 657 4192 φωντο
686 4124 775 4176 ἄν.

547 4216 672 4290 ριγ’.
710 4219 823 4288 Οὐχ
857 4216 999 4270 οὕτω
1032 4218 1170 4286 μετὰ
1199 4216 1376 4284 χαρᾶς
1442 4212 1736 4275 ἀπολυθεὶς
1768 4209 2048 4280 αἰχμάλω-

472 4327 566 4374 τος
599 4309 688 4363 διὰ
720 4311 937 4380 χρόνου,
974 4307 1293 4378 πορεύεται,
1324 4305 1398 4367 ὼς
1433 4303 1558 4367 νοῦς
1599 4302 1840 4373 σχέσεως
1892 4300 2046 4353 έλευ-

475 4403 742 4472 θερωθεὶς
771 4402 909 4472 πρὸς
937 4401 1006 4454 τά
1034 4401 1267 4470 οὐράνια
1298 4398 1373 4462 ὼς
1409 4397 1547 4467 πρὸς
1585 4396 1764 4449 οἰκεῖα
1819 4393 2050 4464 πορεύε-

470 4513 586 4560 ται,
610 4495 964 4564 ἀγαλλομένῳ
992 4493 1132 4547 ποδί.
1568 4498 1574 4505 ’

547 4587 671 4659 ριδν.
707 4585 798 4658 Τῷ
827 4587 901 4656 μὴ
941 4586 1080 4654 μετά
1103 4587 1380 4655 προσοχῆς
1434 4579 1738 4652 εὐχομένω,
1771 4577 1908 4631 ἀλλὰ
1939 4575 2054 4629 δια·

475 4679 758 4750 χεομένῳ,
823 4678 1097 4748 βάρϐαρος
1151 4677 1251 4746 μὲν
1295 4680 1324 4728 6
1377 4674 1590 4744 ψαλμδς
1629 4670 2050 4740 λογισθήσεταιο

474 4771 637 4834 αὐτὸς
666 4771 723 4824 δὲ
757 4770 833 4840 τῷ
860 4769 1059 4840 ψαλμῷ
1097 4771 1172 4832 ὡς
1208 4768 1504 4840 βάρϐαρος,
1541 4765 1637 4819 καὶ
1677 4763 1754 4827 ὡς
1797 4762 2054 4832 μαινόμε-

476 4880 557 4916 νοι
581 4864 883 4934 ἀμφότεροι
903 4863 1176 4933 δαίμοσιν.

553 4961 668 5025 ριε’.
703 4955 779 5008 Οὐ
830 4953 1027 5007 ταύτόν
1081 4956 1252 5016 ἐστιν,
1286 4949 1369 5015 οἷς
1392 4948 1714 5020 ἐσταυρώθη
1747 4949 1776 5001 6
1825 4947 2052 5016 κόσμος,

477 5046 575 5098 καὶ
617 5045 670 5098 o!
715 5063 861 5108 τινες
916 5044 994 5113 τῷ
1043 5045 1234 5114 κόσμῳ
1289 5042 1706 5112 ὲσταύρωνται·
1762 5043 1873 5100 τοῖς
1920 5038 2052 5106 γὰρ,

478 5133 601 5206 ἦ).οι
624 5176 638 5201 ,
674 5136 916 5206 νηστεία,
946 5138 1042 5188 καὶ
1075 5134 1352 5204 ἀγρυπνία
1374 5150 1387 5162 ·
1423 5135 1535 5194 τοῖς
1569 5132 1648 5196 δὲ,
1677 5130 2054 5199 ἀκτημοσύνη,

481 5229 575 5277 καὶ
600 5225 948 5289 ὲξουδένωσις
973 5242 985 5254 ·
1017 5225 1126 5278 τῶν
1158 5224 1216 5276 δὲ
1255 5223 1530 5292 δευτέρων
1582 5222 1772 5291 χωρὶς,
1804 5221 1853 5272 οἱ
1906 5219 2056 5270 πόνοι

483 5316 590 5366 τῶν
621 5318 903 5386 προτέρων
928 5315 1245 5384 ἀνωφελεῖς.

554 5408 688 5472 ρις¹.
748 5403 937 5466 Οὐδεὶς
995 5402 1251 5473 καθαρῶς
1303 5400 1563 5464 εὔξασθαι
1607 5399 1854 5459 δύναται,
1907 5397 2058 5466 φιλο-

481 5492 634 5561 κάλῳ
688 5491 852 5544 πάθει
931 5493 1026 5544 καὶ
1110 5490 1379 5560 φιλοτίμῳ
1447 5487 1864 5558 κρατούμενος*
1935 5486 2060 5555 περὶ

480 5584 653 5636 ταῦτα
689 5584 797 5654 γὰρ
820 5585 875 5636 αἱ
909 5583 1121 5653 σχέσεις
1148 5585 1243 5637 καὶ
1269 5584 1318 5634 οἱ
1351 5583 1445 5652 τῆς
1481 5579 1846 5649 ματαιότητος
1909 5579 2060 5646 λογι-

485 5675 614 5742 σμοὶ
636 5673 734 5744 τὴν
761 5675 1074 5744 οἰκειότητα
1104 5675 1340 5745 ἔχοντες,
1365 5673 1574 5744 σχοινία
1595 5671 1842 5740 καθάπερ
1870 5670 2061 5740 ἐκείνῳ

485 5765 934 5836 περιπλεκόμενα
995 5766 1275 5834 γίνονται·
1350 5763 1743 5826 κατασπῶντες
1817 5763 1894 5827 ὡς
1972 5757 2054 5815 οἷο

488 5859 760 5929 οτρουθίῳ
785 5857 1057 5928 δεδεμένῳ
1083 5859 1389 5928 ἀναπτῆναι
1414 5854 1741 5926 πειρωμένῳ
1767 5853 1842 5925 τῷ
1874 5854 1967 5926 νῷ,
2002 5857 2059 5909 ἐν

486 5950 564 6018 τῷ
593 5949 768 6022 καιρῷ
801 5949 904 6020 τῆς
929 5948 1116 6020 εὐχῆς.

2144 2071 2396 2115 naturam
2440 2071 2550 2116 est.

2222 2179 2342 2235 109.
2363 2177 2639 2236 Purificati
2678 2187 2918 2235 mentem
2962 2180 3108 2235 intro
3139 2179 3382 2235 visibilis
3413 2180 3720 2244 mittentes,

2150 2282 2303 2327 tanta
2364 2274 2652 2343 replentur
2722 2273 3090 2328 admiratione
3147 2289 3213 2328 ac
3271 2281 3420 2328 tanta
3491 2271 3722 2342 perfun—

2148 2365 2357 2419 duntur
2403 2365 2616 2431 lzetitia,
2650 2374 2712 2420 ut
2741 2366 2880 2420 nihil
2928 2365 3078 2420 aliud
3127 2368 3478 2420 terrestrium
3525 2380 3724 2434 capere

2151 2457 2621 2529 possint,etiamsi
2646 2457 2715 2513 ad
2737 2473 2834 2514 eos
2865 2457 3207 2514 confluerent
3227 2474 3460 2528 quaeque
3491 2459 3727 2513 maxime

2151 2550 2633 2620 concupiscibilia.

2227 2644 2346 2699 110.
2387 2644 2592 2701 Pascua
2636 2645 2757 2714 quae
2811 2642 3080 2698 naturalia
3107 2643 3393 2709 dicuntur,
3419 2645 3532 2698 sola
3579 2643 3732 2699 suni-

2153 2735 2308 2789 ciunt
2351 2735 2420 2789 ad
2460 2751 2712 2806 magnam
2755 2739 3182 2793 admirationem
3238 2737 3726 2800 commovendam;

2155 2837 2311 2896 prata
2358 2836 2542 2883 autem
2594 2829 2907 2900 spiritualia
2949 2839 3081 2886 sunt
3125 2830 3402 2895 floridula,
3434 2839 3489 2884 et
3523 2845 3552 2883 e
3579 2829 3735 2898 puris

2158 2923 2409 2988 ﬂoribus,
2454 2928 2608 2979 velut
2639 2940 2669 2980 e
2704 2926 2915 2980 caelesti
2968 2934 3214 2990 nectare,
3264 2923 3570 2994 spiritualis
3602 2938 3738 2978 con-

2160 3018 2290 3072 vivii
2318 3018 2528 3073 stillant
2560 3019 2911 3074 suavitatem.

2232 3116 2355 3170 fil.
2388 3116 2448 3170 In
2482 3115 2685 3171 roridis
2714 3125 3003 3186 pratorum
3042 3114 3274 3181 floribus
3308 3114 3558 3181 reginam
3603 3128 3740 3168 exa-

2161 3208 2324 3262 minis
2345 3209 2791 3264 circumvolitant
2821 3225 2983 3278 apes;
3011 3209 3246 3262 animam
3283 3215 3465 3261 autem
3501 3207 3558 3259 in
3584 3221 3737 3260 com-

2087 3328 2128 3384 ε
2162 3301 2458 3369 punctione
2494 3299 2870 3353 indesinenter
2909 3301 3240 3354 irrorantem
3292 3297 3610 3368 splritualcs
3639 3311 3740 3365 po-

2167 3393 2353 3447 tentiae
2389 3394 2540 3447 velut
2593 3393 2909 3448 domestica:
2952 3394 3471 3463 circumcingentes,
3519 3406 3643 3445 cum
3678 3405 3742 3444 ea

2166 3485 2458 3540 elaborant
2486 3485 2753 3555 quidquid
2779 3487 2830 3541 ei
2860 3486 3158 3540 succurrit.

2242 3577 2363 3632 H2.
2400 3578 2453 3632 In
2487 3579 2695 3633 mundo
2740 3579 2846 3632 hoc
2896 3578 3241 3648 aspectaliili,
3273 3578 3423 3631 velut
3451 3578 3589 3630 alius
3621 3575 3745 3644 qui-

2167 3668 2292 3721 dam
2328 3668 2567 3721 mundus
2599 3668 2819 3723 videtur
2850 3668 3038 3732 homo,
3076 3669 3129 3721 in
3172 3667 3532 3722 intellectuali
3563 3678 3746 3721 autem

2169 3760 2378 3814 mundo
2406 3760 2556 3814 velut
2604 3760 2748 3814 alius
2793 3760 3016 3829 quidam
3053 3761 3294 3814 mundus
3343 3761 3500 3814 ratio.
3539 3759 3748 3813 Etenim

2169 3851 2317 3912 caeli,
2347 3860 2404 3904 et
2426 3859 2608 3913 terrae,
2637 3859 2693 3905 et
2715 3865 2907 3905 eorum
2934 3866 3056 3921 qua:
3079 3852 3131 3904 in
3155 3851 3337 3905 medio
3359 3861 3486 3904 sunt
3511 3850 3598 3903 ille
3621 3850 3751 3902 huic

2169 3943 2392 4013 quidam
2413 3944 2643 3998 nuntius
2659 3952 2776 3998 est:
2795 3943 2963 3996 animi
2987 3956 3171 3998 autem
3193 3952 3249 3997 et
3273 3955 3535 3998 sensuum
3557 3949 3610 3995 et
3629 3955 3752 4010 qum

2167 4051 2294 4090 cum
2338 4036 2419 4091 eis
2459 4038 2758 4107 conjuncta
2794 4044 2944 4099 sunt,
2981 4035 3253 4104 interpres
3301 4043 3360 4088 et
3404 4032 3754 4104 explanatrix

2171 4139 2257 4183 est
2295 4129 2458 4193 ratio,
2495 4130 2610 4183 sine
2636 4128 2844 4198 quibus
2876 4128 3070 4183 mundi
3099 4128 3264 4182 ambo
3291 4126 3449 4182 surdi
3476 4134 3681 4182 essent.

2248 4219 2366 4272 115.
2403 4220 2522 4274 Non
2561 4221 2629 4273 ita
2665 4219 2916 4289 gaudens
2951 4218 3161 4274 incedit
3191 4220 3446 4288 captivus
3483 4225 3606 4287 post
3635 4217 3756 4271 lon-

2174 4327 2302 4384 gum
2342 4323 2559 4381 tempus
2594 4313 2738 4368 liber
2790 4312 2988 4375 factus,
3036 4321 3098 4367 ut
3143 4327 3300 4366 mens
3346 4311 3415 4365 ab
3463 4307 3758 4364 affectibus

2175 4404 2470 4470 vindicata,
2504 4403 2572 4458 ad
2600 4405 2870 4468 cmlestia',
2901 4415 3159 4475 tanquam
3188 4402 3433 4476 propria.
3461 4400 3756 4458 exsultanti

2176 4495 2316 4564 pede
2345 4496 2616 4566 graditur.

2252 4589 2377 4644 114.
2420 4588 2524 4656 Qui
2570 4603 2682 4645 non
2727 4598 2871 4654 orat,
2904 4590 3001 4644 sed
3048 4590 3220 4660 magis
3264 4588 3475 4644 orando
3532 4591 3761 4654 vagatur

2105 4661 2150 4716 θ
2177 4682 2388 4746 animo,
2413 4683 2463 4738 ei
2493 4686 2735 4754 psalmus
2757 4683 3025 4739 barbarus
3053 4691 3302 4752 apparet,
3322 4691 3380 4733 et
3406 4679 3522 4748 ipse
3539 4678 3757 4748 psalmo

2179 4774 2450 4830 barbarus
2486 4795 2497 4829 :
2529 4777 2696 4830 ambo
2728 4788 2911 4831 autem
2951 4775 3144 4829 furiosi
3179 4771 3543 4828 daemonibus.

2255 4961 2377 5014 115.
2397 4962 2516 5016 Non
2545 4961 2690 5014 idem
2719 4969 2822 5017 est.
2843 4958 3046 5028 quibus
3071 4956 3372 5012 crucifixus
3389 4963 3476 5008 est
3503 4953 3764 5008 mundus.

2181 5061 2238 5105 et
2289 5052 2383 5121 qui
2426 5051 2632 5105 mundo
2668 5050 2912 5105 crucifixi
2948 5056 3099 5103 sunt.
3139 5049 3251 5104 illis
3274 5046 3424 5101 enim
3457 5044 3597 5099 clavi
3641 5055 3769 5099 sunt

2176 5145 2447 5214 jejunium
2494 5155 2549 5198 et
2583 5144 2798 5213 vigilia}.
2830 5143 2916 5196 his
2962 5142 3146 5211 inopia
3179 5150 3237 5194 et
3283 5145 3638 5205 contemptus
3670 5152 3682 5188 :
3716 5145 3773 5188 et

2183 5237 2392 5306 absque
2422 5235 2506 5289 his
2531 5235 2750 5290 labores
2778 5236 3025 5304 priorum
3066 5244 3194 5288 sunt
3224 5230 3470 5288 inutiles.

2261 5404 2384 5458 116.
2423 5402 2597 5456 Nemo
2652 5417 2791 5471 pure
2847 5415 3008 5456 orare
3062 5409 3265 5470 potest,
3318 5401 3372 5454 in
3415 5414 3526 5469 quo
3581 5405 3773 5467 regna:

2191 5494 2632 5566 pulchritudinis
2672 5502 2729 5549 et
2757 5493 2991 5548 honoris
3026 5509 3205 5548 amor.
3241 5493 3338 5546 flis
3369 5493 3513 5545 enim
3552 5489 3774 5543 habitus

2188 5605 2452 5657 vanazque
2506 5587 2873 5658 cogitationes
2918 5587 3396 5656 circumligantur,
3426 5584 3588 5652 eique
3633 5580 3773 5635 fiunt

2189 5683 2346 5753 quasi
2392 5683 2548 5754 junci
2608 5683 2786 5752 ipsum
2848 5681 3360 5750 circumplicantes,
3409 5691 3478 5732 ac
3527 5686 3774 5746 tempore

2191 5777 2458 5832 Orationis
2500 5775 2874 5832 distrahentes
2900 5783 3140 5830 mentem
3170 5773 3406 5844 alligalae
3437 5772 3618 5827 instar
3645 5770 3766 5825 avis

2191 5869 2378 5924 volare
2413 5876 2737 5925 tentantcm.
