4100 6414
441 407 571 469 ΗἹῙ

437 609 543 663 frui
565 606 806 663 animum
833 604 925 674 qui
951 618 1061 656 non
1085 602 1315 655 amicam
1339 600 1571 669 adeptus
1596 610 1679 655 est
1704 610 2015 671 temperan-

439 702 571 753 tiam
614 706 670 752 et
714 695 1036 750 charitatcm
1072 711 1085 744 :
1118 692 1210 745 illa
1256 692 1402 746 enim
1442 691 1629 745 odium
1681 694 1877 747 anima:
1914 708 2014 762 per

438 794 615 860 ipsum
643 804 863 859 corpus,
887 788 999 841 hmc
1028 795 1212 839 autem
1239 784 1426 839 odium
1457 784 1689 854 proximi
1719 800 1817 854 per
1838 786 2012 839 Deum

435 883 723 936 de-truere
781 891 1037 935 conatur.
1072 880 1140 933 Et
1184 878 1383 933 exinde
1436 878 1718 949 proﬂuens
1768 894 1873 948 pax
1922 879 2014 933 illa

433 990 555 1043 quae
586 983 882 1042 exsuperat
915 987 1133 1026 omnem
1169 985 1414 1032 sensum,
1454 969 1801 1025 mansionem
1833 969 2014 1024 facere

433 1068 643 1122 dicitur
690 1065 835 1136 apud
870 1081 995 1120 eum
1043 1066 1138 1135 qui
1189 1064 1351 1118 talem
1404 1061 1665 1133 aequisiit
1700 1062 2011 1132 tranquilli-

432 1168 627 1214 tatem.

504 1253 627 1307 ‘ll8.
678 1250 733 1307 Si
779 1253 905 1322 quis
953 1253 1009 1306 in
1062 1268 1288 1322 regnum
1339 1254 1432 1307 Dei
1478 1254 1706 1307 enititur
1756 1250 2008 1313 introire,

431 1361 659 1400 necesse
692 1356 777 1400 est
814 1346 1269 1413 superabundarc
1324 1347 1376 1399 in
1418 1347 1579 1400 bonis
1612 1360 1749 1414 opus
1782 1344 2008 1413 jnstitiae

428 1439 548 1503 ejus
584 1454 598 1492 :
636 1440 687 1491 in
745 1439 1112 1507 elecmosynis
1154 1440 1400 1507 quidem,
1437 1454 1535 1507 per
1581 1437 1900 1507 largitiones
1940 1435 2007 1488 de

428 1528 733 1598 superﬂuo;
779 1529 833 1582 in
869 1528 1155 1583 laboribus
1183 1539 1365 1583 autem
1397 1544 1500 1598 pro
1546 1544 1680 1598 pace
1712 1544 1838 1583 susc
1860 1527 2003 1596 ptis,

426 1636 525 1689 per
558 1622 1025 1690 exspectationem
1060 1622 1398 1692 judiciorum
1435 1621 1674 1676 Domini.

498 1805 624 1857 “9.
660 1805 770 1860 Nec
816 1808 904 1860 cui
941 1807 1164 1861 virtutis
1205 1822 1399 1876 parum
1446 1816 1548 1873 est,
1582 1815 1806 1875 propter
1853 1806 2004 1875 igna-

427 1896 591 1959 viam,
622 1914 724 1952 nec
773 1899 858 1953 cui
905 1900 1134 1953 nimium
1185 1911 1290 1964 est,
1330 1910 1558 1970 propter
1606 1901 2002 1970 arrogantiam,
2040 1891 2078 1944 Β

424 1990 662 2057 apathiae
703 2002 924 2061 portum
976 1993 1205 2047 tenebit.
1250 1993 1388 2059 Quia
1434 1994 1583 2048 enim
1627 1993 1701 2047 ibi
1751 1992 2001 2053 emissio,

424 2082 513 2133 hic
540 2085 1472 2152 exsuperantiaintercedii,neuter
1506 2088 1663 2140 bonis
1694 2102 1758 2140 ex
1786 2085 2001 2155 justitia

422 2172 628 2228 debitis
658 2174 892 2229 fruetur.

496 2342 616 2395 420.
663 2343 820 2396 Sicut
869 2353 1015 2398 terra
1066 2344 1109 2398 si
1162 2345 1340 2399 solum
1400 2359 1606 2409 semen,
1642 2355 1736 2399 aut
1788 2346 2003 2400 modico

422 2449 547 2488 cum
575 2435 763 2489 tenore
787 2436 1001 2500 reddat,
1026 2446 1081 2490 et
1098 2438 1353 2506 agricolae
1380 2438 1552 2491 labori
1579 2453 1687 2492 non
1711 2437 2002 2506 multiplici

425 2536 694 2596 proventu
726 2527 1083 2598 respondeat,
1114 2546 1221 2584 non
1261 2530 1440 2599 ipsum
1472 2530 1757 2600 cepiosum
1787 2534 1843 2585 et
1872 2531 2003 2587 bea-

425 2630 539 2674 tum
570 2620 704 2675 facit
736 2639 748 2674 :
779 2620 851 2674 ita
883 2637 985 2676 nec
1009 2625 1314 2692 practieum
1358 2638 1517 2692 opus,
1556 2625 1660 2678 nisi
1702 2625 2001 2679 voluntatis

417 2726 546 2781 erga
579 2710 748 2766 Deum
771 2711 1053 2781 singulare
1081 2728 1144 2769 ac
1173 2726 1439 2783 priestans
1471 2716 1716 2771 studium
1750 2731 1998 2772 accesse-

420 2804 510 2869 rit,
537 2806 853 2874 quempiam
893 2805 1104 2875 justum
1131 2805 1348 2863 efﬁcere
1378 2819 1566 2877 queat.

492 2970 611 3026 121.
633 2970 745 3026 Nec
769 2986 964 3026 omnes
990 2973 1084 3041 qui
1108 2988 1217 3027 non
1246 2973 1484 3043 diligunt
1510 2975 1841 3044 proximum,
1867 2991 1994 3032 eum

418 3063 601 3118 odisse
629 3071 884 3132 possunt,
915 3078 1020 3117 nec
1049 3064 1143 3133 qui
1175 3079 1302 3119 eum
1335 3065 1600 3127 oderunt,
1630 3066 1860 3135 diligere
1892 3085 1907 3120 ε
1940 3075 1998 3123 et

415 3156 562 3210 aliud
592 3164 675 3210 est
701 3156 954 3211 invidere
978 3157 1100 3227 ejus
1126 3158 1467 3228 progressui,
1486 3158 1660 3222 aliud,
1689 3169 1746 3214 et
1770 3159 1995 3228 quidem

1815 398 2011 458 ELLE
2050 398 2310 493 ECDICI.

516 518 634 570 H7.
697 511 1039 582 [inpossibile
1097 517 1181 564 est
1240 518 1487 578 tempore
1545 508 1817 564 orationis
1879 525 2013 579 pace
2040 518 2090 577 Α

2201 510 2325 580 ριςκ
2370 512 2659 566 ’Λδύνατον
2687 515 2742 567 ὲν
2778 514 2853 585 τῷ
2896 515 3074 587 καιρῷ
3110 517 3209 587 τῆς
3261 517 3446 589 εὐχῆς,
3495 520 3700 591 εἰρηνι-

2129 606 2223 655 κὸν
2250 603 2502 671 γενέσθαι
2527 605 2617 655 τὸν
2648 607 2795 671 νοῦν,
2835 607 2924 659 τὸν
2954 608 3029 677 μὴ
3067 608 3165 677 τὴν
3215 609 3377 679 φίλην
3425 612 3701 679 κτησάμε-

2129 712 2217 746 νον
2247 694 2599 762 ἐγκράτειαν,
2626 696 2720 747 καὶ
2748 695 2970 766 ἀγάπην
2990 712 3005 727 ο
3038 699 3071 767 ή
3099 698 3195 767 μὲν
3244 700 3352 768 γὰρ
3407 698 3505 768 τὴν
3556 701 3698 754 κατὰ

2124 786 2221 854 τῆς
2250 786 2427 855 ψυχῆς
2452 787 2517 838 ὲκ
2556 786 2649 839 τοῦ
2695 788 2945 857 σώματος
2998 788 3196 859 ἔχθραν
3256 790 3545 843 καθαλύειν
3600 794 3699 844 ἐπ-

2124 876 2469 944 αγωνίζεται,
2499 878 2532 946 ἡ
2559 877 2615 929 δὲ
2640 878 2741 948 τὴν
2769 880 2903 948 πρὸς
2929 880 3017 932 τὸν
3046 880 3267 949 πλησίον
3291 881 3379 934 διὰ
3416 880 3508 935 τὸν
3542 882 3695 935 Θεόν.

2125 966 2436 1022 Κάντεῦθεν
2468 968 2501 1033 ή
2529 968 2872 1039 ὑπερέχουσα
2907 972 3083 1024 πάντα
3132 972 3257 1025 νοῦν
3319 973 3516 1043 είρήνη
3574 976 3697 1025 ἑπι-

2124 1057 2395 1126 δημοῦσα,
2430 1059 2596 1129 μονὴν
2627 1061 2898 1113 ποιεῖσθαι
2943 1062 3076 1132 πρὸς
3134 1063 3224 1116 τὸν
3253 1063 3451 1116 οὑτωσὶ⁵
3511 1082 3696 1118 κατει-

2125 1147 2468 1217 ρηνεύσαντα
2498 1150 2915 1218 ἐπαγγέλλεται.

2195 1244 2324 1309 ριη’.
2383 1240 2622 1310 Ἀνάγκη
2649 1243 2740 1293 τὸν
2789 1245 2869 1305 εἰς
2917 1242 3197 1312 βασιλειαν
3253 1244 3389 1298 Θεοῦ
3434 1246 3696 1313 ἀγωνιζό-

2127 1347 2283 1399 μενον
2316 1332 2599 1394 εἱσελθεῖν,
2642 1336 2986 1399 περισσεύειν
3038 1338 3096 1389 ὲν
3134 1337 3379 1404 ἀγαθοῖς,
3427 1338 3488 1390 τὸ
3530 1338 3694 1408 ἔργον

2122 1422 2287 1475 αὐτοῦ
2324 1425 2421 1492 τῆς
2456 1423 2834 1495 δικαιοσύνηςο
2886 1430 2943 1478 ὲν
3001 1426 3395 1496 ἐλεημοσύναις
3434 1429 3550 1496 μὲν,
3606 1428 3697 1481 διὰ

2122 1515 2219 1583 τῆς
2250 1517 2313 1568 ἐκ
2344 1515 2437 1567 τοῦ
2463 1518 2843 1587 ὑστερήματος
2867 1519 3136 1588 παροχῆςο
3179 1522 3236 1572 ἐν
3271 1520 3453 1582 πόνοις
3501 1520 3556 1572 δὲ
3583 1524 3697 1584 τοῖς

2123 1606 2261 1678 ὑπὲρ
2295 1608 2538 1678 εἰρήνης,
2566 1610 2654 1661 διὰ
2698 1609 2793 1662 τοῦ
2827 1611 3208 1680 ἁποκρῐματος
3268 1611 3364 1679 τῆς
3413 1614 3469 1663 ἐν
3505 1612 3696 1682 Κυρίῳ

2125 1700 2152 1750 ὖ
2164 1699 2423 1767 πομονῆς.
3562 1770 3567 1781 ⁸

2195 1792 2316 1852 ριθ’.
2349 1792 2756 1855 υῦτεὸὲνὸεῶς
2805 1794 2944 1860 πρὸς
2998 1793 3201 1861 ἀρετήν
3237 1793 3374 1862 ἔχων
3430 1794 3497 1846 δι’
3554 1797 3693 1862 ἁμέ·-

2122 1877 2292 1942 ὶειαν,
2332 1879 2451 1930 οὔτε
2480 1880 2509 1930 ὁ
2538 1881 2803 1948 περιττῶς
2831 1880 2921 1934 διὰ
2950 1881 3046 1950 τὴν
3076 1881 3274 1950 οἴησιν,
3308 1882 3441 1935 εῐσω
3468 1883 3700 1952 λιμένος

2122 1970 2216 2022 τοῦ
2254 1970 2394 2023 κατὰ
2440 1971 2537 2040 τὴν
2574 1972 2847 2025 ἀπάθειαν
2895 1973 3308 2041 εὑρεθήσονται,
3343 1974 3455 2026 οὐδ’
3503 1974 3700 2043 ἕτερος

2122 2062 2228 2131 γὰρ
2264 2061 2373 2113 τῶν
2406 2063 2468 2113 ὲκ
2497 2063 2845 2131 δικαιοσύνης
2876 2064 2935 2115 ὲν
2974 2064 3274 2117 ἀπολαύσει
3301 2064 3523 2131 γέγονεν
3555 2067 3697 2132 ἀγα-

2124 2151 2253 2213 θιῖν,
2287 2150 2560 2219 μεσίτιδος
2590 2152 2989 2223 εὐρισκομένης
3022 2154 3207 2217 αὐτοῖς
3258 2154 3568 2223 ἐλλείψεως,
3603 2155 3700 2208 καὶ

2122 2243 2152 2294 ὑ
2162 2259 2227 2295 πε
2239 2243 2453 2312 ρὸολῆς.

2196 2334 2297 2404 ρκ’.
2330 2335 2466 2388 Οὔτε
2493 2338 2524 2405 ή
2556 2336 2648 2405 γῆ,
2687 2339 2733 2389 εί
2792 2335 2868 2407 μὴ
2910 2337 3312 2391 πολυπλασίονα
3341 2338 3419 2409 τῷ
3465 2338 3700 2409 γεωργῷ

2120 2429 2211 2481 τὸν
2266 2430 2468 2499 σπόρον
2504 2430 2811 2500 χαρίσεται,
2875 2430 3130 2482 πλούσιον
3169 2431 3393 2484 δύναται
3442 2433 3692 2501 ἀπεργά-

2123 2519 2321 2572 σασθαι
2351 2521 2535 2585 αὑτὸν,
2574 2522 2733 2589 μόνον
2760 2521 2854 2574 τὸν
2883 2521 3086 2589 σπόρον
3116 2522 3487 2592 παρεχομένη,
3516 2522 3548 2593 ἢ
3601 2524 3696 2576 καὶ

2123 2615 2325 2682 μικράν
2370 2632 2488 2666 τινα
2542 2616 2900 2684 προσθήκην,
2960 2614 3085 2666 οὔτε
3145 2616 3223 2686 τῷ
3276 2615 3567 2686 πρακτικῷ
3633 2616 3693 2668 τὸ

2119 2706 2439 2773 ἁνυόμενον,
2493 2707 2541 2757 εί
2580 2708 2653 2775 μὴ
2691 2707 2954 2771 κρείττων
2981 2706 3080 2773 τῆς
3111 2707 3478 2775 προαιρέσεως
3529 2703 3689 2758 αὑτοῦ

2121 2801 2151 2865 ή
2182 2798 2386 2867 σπουδή
2417 2799 2550 2868 πρῶ
2577 2800 2668 2850 τὸν
2696 2799 2826 2850 Θεὸν
2859 2798 3079 2867 εὑρεθῇ,
3112 2797 3319 2850 δίκαιον
3368 2796 3694 2868 ἀπεργάσα-

2121 2887 2243 2938 σθαι
2300 2887 2544 2939 δύναται.

2192 2977 2333 3048 ρκα⁹.
2377 2977 2515 3031 Οὔτε
2552 2980 2750 3041 πάντες
2777 2980 2825 3032 οἱ
2859 2980 2931 3047 μὴ
2963 2977 3288 3045 ἀγαπῶντες
3318 2979 3407 3031 τὸν
3442 2981 3690 3052 πλησίον,

2123 3072 2300 3138 μισεῖν
2316 3070 2590 3124 δύνανται·
2610 3070 2732 3123 οὔτε
2753 3072 2798 3123 ol
2828 3074 2902 3140 μὴ
2926 3070 3211 3139 μισοῦντες
3236 3072 3424 3137 αὑτὸν,
3445 3074 3687 3146 ἀγαπᾷν.

2113 3162 2223 3213 Καὶ
2252 3160 2382 3214 ἄλλο
2417 3161 2516 3227 μέν
2548 3163 2686 3221 ἐστι,
2734 3162 2796 3213 τὸ
2832 3161 3147 3230 βασκαίνειν
3170 3163 3381 3215 ἐκείνου
3426 3164 3524 3234 τὴν
3557 3182 3689 3237 προο-

415 3264 687 3318 supremze
735 3248 998 3317 nequitiae
1032 3249 1255 3318 gradus,
1302 3264 1413 3303 non
1448 3249 1625 3304 solum
1659 3251 1895 3306 cruciari
1926 3251 1999 3306 ob

2114 3253 2311 3320 κοπήν,
2362 3253 2550 3322 ἓτερον
2611 3253 2667 3304 δὲ
2719 3251 2782 3305 τδ
2833 3255 2906 3323 μὴ
2955 3252 3210 3324 ἐμποδὼν
3252 3253 3401 3323 αὐτῷ
3440 3256 3686 3322 γίνεσθαι

414 3357 476 3392 ea
505 3338 827 3422 quibusjlle
860 3340 1126 3409 praecellit
1167 3354 1231 3393 ac
1272 3340 1529 3408 superior
1569 3350 1673 3406 est,
1707 3341 1801 3396 sed
1827 3342 1995 3397 etiam

417 3430 560 3484 bona
587 3432 727 3500 ejus,
763 3431 921 3499 quasi
947 3430 1074 3485 talia
1110 3432 1382 3497 nonsint,
1411 3433 1759 3487 calumniari.

491 3704 614 3758 122.
645 3704 780 3759 Aliae
814 3716 943 3760 sunt
974 3705 1263 3776 passiones
1295 3721 1596 3777 corporeae,
1629 3709 1751 3763 aliae
1777 3712 1993 3776 animae,

414 3797 533 3850 alia:
553 3797 854 3852 secundum
887 3807 1163 3866 naturam,
1194 3800 1313 3853 aliae
1344 3810 1544 3869 praeter
1577 3811 1856 3858 naturam.
1889 3803 1994 3870 Qui

422 3890 589 3960 igitur
614 3892 751 3945 alias
773 3892 996 3961 quidem
1020 3893 1257 3962 repellit,
1278 3893 1414 3948 alias
1434 3909 1544 3947 non
1567 3906 1745 3960 curat,
1769 3898 1997 3965 perinde

415 3984 567 4048 facit,
599 3993 659 4038 ut
689 3984 783 4053 qui
829 4000 1013 4055 sepem
1048 3986 1214 4040 altam
1254 4000 1320 4040 ac
1353 3985 1581 4041 densam
1613 3997 1804 4043 contra
1851 3989 1997 4046 feras

414 4076 657 4141 excitat,
710 4076 1034 4131 volucribus
1084 4085 1269 4132 autem
1330 4078 1662 4148 conspicuos
1714 4081 1998 4137 rationalis

417 4170 592 4224 vineae
623 4169 814 4224 botros
844 4169 1274 4239 depascentibus
1296 4170 1623 4226 collaetatur.

494 4334 607 4388 125.
626 4332 825 4386 Malum
848 4331 902 4385 in
928 4333 1167 4387 animam
1195 4348 1443 4402 irrepens
1461 4336 1640 4404 primo
1665 4349 1913 4393 versatur
1941 4340 1993 4392 in

415 4425 841 4495 imaginatione,
896 4434 1087 4495 postea
1147 4425 1201 4478 in
1253 4428 1736 4495 concupiscentia,
1794 4440 1909 4483 tum
1941 4432 1994 4483 in

414 4517 783 4571 delectatione
825 4517 910 4570 Vel
946 4519 1194 4581 tristitia,
1224 4519 1426 4575 deinde
1473 4520 1531 4573 in
1570 4522 1909 4586 sensatione,
1942 4532 1998 4576 et

2110 3346 2247 3411 πρὸς
2284 3345 2382 3414 τὴν
2446 3346 2752 3414 προκοπήν.
2826 3345 3091 3413 Ἐσλὰτης
3129 3346 3184 3397 δὲ
3244 3347 3437 3409 κακίας
3480 3347 3684 3418 βαθμδς

2112 3433 2495 3502 εὑρεθήσεται,
2528 3434 2586 3486 τὸ
2628 3434 2702 3503 μὴ
2740 3435 2896 3504 μόνον
2928 3435 3218 3489 δάκνεσθαι
3254 3440 3311 3489 ὲν
3342 3439 3451 3500 τοῖς
3475 3439 3684 3491 ἐκείνου

2109 3526 2545 3595 προτερήμασιν,
2574 3526 2708 3578 ἀλλὰ
2731 3528 2825 3578 καὶ
2857 3526 3164 3579 summa,
3186 3528 3252 3579 τὰ
3283 3529 3491 3581 ἐκείνου
3523 3529 3684 3598 καλὰ,

2106 3615 2181 3678 ὡς
2219 3616 2293 3685 μή
2325 3617 2550 3670 τοιαῦτα
2576 3618 2913 3687 τυγχάνοντα

2182 3707 2323 3776 ρκβ’.
2383 3710 2553 3761 Ἀλλα
2614 3710 2680 3760 τὰ
2736 3711 3024 3777 σωματικὰ
3090 3709 3261 3780 πάθη,
3308 3711 3400 3763 καὶ
3451 3711 3584 3763 ἄλλα
3618 3712 3687 3763 τὰ

2108 3801 2248 3852 κατὰ
2281 3802 2465 3869 φύσιν,
2503 3802 2596 3852 καὶ
2629 3801 2763 3853 ἄλλα
2794 3803 2859 3853 τὰ
2900 3801 3050 3870 παρὰ
3077 3802 3259 3868 φύσιν.
3307 3802 3364 3854 '0
3393 3801 3448 3853 δὲ
3482 3802 3549 3853 τὰ
3586 3800 3685 3870 μὲν

2106 3890 2515 3958 ἀπωθούμενος,
2579 3890 2688 3941 τῶν
2742 3891 2800 3942 δὲ
2868 3893 3127 3959 πρόνοιαν
3192 3894 3265 3960 μὴ
3318 3891 3681 3961 ποιούμενος,

2106 3982 2288 4051 ὅμοιός
2324 3987 2472 4034 ἐστιν
2498 3981 2795 4053 ἀνθρώπῳ,
2856 3983 3109 4052 φραγμὸν
3176 3984 3274 4051 μὲν
3324 3983 3527 4053 ὑψηλὸν
3589 3984 3685 4037 καὶ

2108 4075 2387 4144 συνηρεφῆ
2430 4075 2572 4128 κατὰ
2606 4073 2715 4125 τῶν
2763 4075 2966 4144 θηρέων
3024 4076 3280 4128 ίστῶντιο
3340 4075 3686 4145 συνηδομένῳ

2103 4164 2160 4217 δὲ
2189 4168 2300 4228 τοῖς
2333 4169 2555 4234 πτηνοῖς
2585 4166 2824 4219 ἐσθίουσι
2857 4167 2954 4227 τὰς
2983 4166 3076 4219 τοῦ
3103 4166 3325 4235 λογικοῦ
3360 4167 3683 4238 ἀμπελῶνος

2106 4258 2405 4325 σταφυλὰς,
2438 4258 2534 4321 τὰς
2564 4259 2734 4321 ὅντως
2767 4276 2831 4310 πε
2844 4261 3113 4327 ριφανεῖς.

2178 4348 2345 4417 ρκγ¹.ρ
2386 4350 2474 4402 Ἐν
2520 4350 2758 4420 πρώτοις
2804 4352 2836 4419 ή
2882 4349 3027 4419 ψυχὴ
3058 4352 3118 4401 ἐν
3166 4351 3438 4423 φαντασίᾳ
3471 4351 3683 4419 γίνεται

2102 4440 2197 4492 τοῦ
2226 4439 2421 4505 κακοῦ,
2458 4434 2580 4492 εἶτα
2609 4440 2667 4491 ὲν
2697 4438 2987 4510 ἐπιθυμίᾳ,
3042 4439 3235 4494 ἔπειτα
3286 4443 3343 4493 ὲν
3402 4440 3586 4513 ήδονῇ,
3644 4440 3680 4513 ἢ

2103 4531 2269 4603 λύπῃ,
2303 4529 2402 4583 εἶθ’
2430 4530 2602 4593 οὕτως
2635 4533 2693 4582 ὲν
2762 4531 3035 4601 αἰσθήσει,
3084 4532 3176 4585 καὶ
3209 4531 3330 4601 μετ’
3388 4532 3579 4601 αὐτὴν,
3623 4535 3683 4585 ἐν

416 4618 538 4678 post
569 4609 710 4663 lianc
741 4609 797 4662 in
834 4617 981 4664 tactu
1019 4611 1228 4666 visibili
1277 4621 1333 4667 et
1382 4613 1645 4667 invisibili
1678 4632 1689 4666 :
1725 4625 1891 4683 atque
1940 4616 1993 4668 in

2114 4595 2309 4692 irpijuzﬁ
2343 4623 2644 4693 φαινομένῃ
2683 4623 2777 4675 καὶ
2806 4595 3028 4690 ἀφανεῖ,
3083 4625 3143 4675 ὲν
3183 4595 3315 4675 πᾶσι
3383 4595 3682 4692 συνεπομέ-

415 4703 674 4758 munibus
698 4704 783 4759 his
808 4705 1144 4760 comitantur
1171 4707 1556 4776 cogitationes,
1588 4709 1807 4764 secluso
1843 4720 1996 4765 motu

415 4814 447 4863 ν
483 4797 612 4861 inio,
645 4797 738 4866 qui
772 4797 815 4851 si
854 4798 1158 4868 rejiciatur,
1184 4815 1346 4854 omne
1370 4800 1574 4872 malum
1609 4816 1676 4855 ex
1706 4817 1773 4855 eo
1807 4818 1998 4857 conse-

412 4905 588 4957 quens
615 4888 861 4943 iucll‘icax
883 4890 1215 4947 invenietur.

490 4982 612 5034 124.
652 4980 758 5048 Qui
788 4982 1219 5052 impassibilitati
1265 4985 1661 5055 propinquant,
1703 4987 1836 5041 solis
1877 4997 1994 5040 tur-

326 5112 333 5119 .
419 5074 618 5126 liantut‘
650 5073 1165 5144 imaginationibus;
1200 5076 1493 5132 desideriis
1518 5093 1649 5132 vero
1678 5078 1773 5147 qui
1810 5080 1998 5132 mode—

418 5166 520 5217 rati
591 5173 720 5218 sunt
773 5164 828 5219 in
881 5169 1312 5237 cupiditatibus;
1350 5168 1664 5224 sensatione
1716 5171 1864 5234 mali,
1900 5173 1994 5241 qui

418 5257 727 5309 abutuntur
752 5258 917 5314 rebus
950 5262 1333 5327 uescessariis,
1361 5271 1549 5331 postea
1581 5271 1764 5317 autem
1796 5265 1862 5317 de
1893 5265 1997 5317 hoc

418 5346 638 5410 dolent;
682 5347 735 5399 iu
777 5358 924 5402 tartu
958 5350 1204 5413 demum,
1244 5365 1385 5418 quos
1420 5350 1614 5404 iisdem
1654 5351 1859 5405 abusus
1883 5369 1991 5405 non

421 5437 671 5492 isuenitct.

497 5574 618 5627 123.
667 5575 728 5628 ιη
776 5574 1037 5629 omnibus
1103 5575 1369 5629 membris
1427 5581 1678 5645 corporis
1741 5582 1993 5649 voluptas

420 5666 606 5719 sedem
654 5666 839 5728 habet,
877 5665 973 5719 sed
1017 5680 1128 5719 non
1168 5680 1363 5720 omnes
1417 5683 1572 5737 aeque
1615 5671 1818 5725 turbat.
1861 5673 1997 5727 Aliis

421 5758 625 5825 quippe
679 5758 853 5827 magis
904 5759 1211 5813 secundum
1262 5763 1741 5831 concupiscentem
1799 5767 1991 5821 anime

423 5856 637 5916 partem
688 5850 917 5905 molesta
966 5859 1071 5917 est,
1119 5851 1241 5909 aliis
1286 5856 1590 5910 secundum
1644 5858 1992 5926 irascentem,

2102 4729 2209 4765 νων
2254 4713 2363 4764 τῶν
2415 4711 2720 4780 λογισμῶν,
2776 4710 2920 4780 πλὴν
2945 4713 3043 4780 τῆς
3070 4711 3343 4782 προτέρας
3387 4713 3677 4781 κινήσεως,

2101 4800 2170 4874 ἦς
2198 4804 2274 4872 μὴ
2334 4803 2793 4872 παραδεχθείσης,
2839 4803 2947 4855 πᾶν
2992 4801 3053 4854 τὸ
3117 4802 3235 4871 μετ’
3288 4801 3459 4870 αὐτὴν
3510 4801 3681 4854 κακὸν

2101 4895 2465 4964 ἁνενέργητον
2498 4892 2876 4962 εὑρεθήσεται.

2174 4984 2306 5054 ρκδ’.
2346 4985 2409 5036 Οί
2443 4984 2540 5053 μὲν
2573 4987 2639 5053 τῇ
2667 4982 2906 5054 ἀπαθείᾳ
2959 4984 3293 5052 ἐγγίζοντες,
3350 4985 3678 5051 φαντασίαις

2104 5077 2293 5145 μόναις
2327 5075 2674 5128 σαλεύονταιο
2711 5075 3033 5143 ἐπιθυμίαις
3051 5076 3128 5137 δὲ,
3160 5078 3208 5128 οἱ
3250 5077 3634 5145 μετριοπαθεῖς
3658 5087 3674 5103 ⁶

2100 5170 2160 5220 ὲν
2190 5166 2443 5234 αἰσθήσει
2471 5165 2526 5218 δὲ
2557 5167 2798 5233 γίνονται
2827 5165 2924 5218 τοῦ
2954 5165 3149 5230 κακοῦ,
3179 5167 3226 5218 οξ
3253 5166 3676 5235 παραχρώμενοι

2104 5260 2203 5328 μὲν
2239 5260 2308 5312 τὰ
2329 5258 2429 5327 τῆς
2482 5258 2694 5327 χρείας,
2744 5257 3074 5327 λυπούμενοι
3104 5259 3197 5311 δέ’
3248 5262 3306 5310 ὲν
3363 5260 3416 5310 δὲ
3451 5262 3583 5329 ἀφῇ,
3624 5261 3675 5312 οἱ

2100 5352 2321 5411 ἀλύπως
2350 5352 2486 5419 αὐτῇ
2517 5350 2925 5419 συγγινόμενοι.

2179 5576 2310 5646 ρκε’.
2364 5576 2429 5630 Ἥ
2463 5579 2623 5649 ἡδονὴ
2680 5583 2738 5635 ἐν
2791 5584 2924 5636 πᾶσι
2977 5590 3075 5654 μὲν
3114 5589 3226 5649 τοῖς
3280 5589 3373 5642 τοῦ
3427 5588 3678 5662 σώματος

2107 5670 2494 5740 ἐγκαθίδρυται
2528 5673 2771 5741 μέλεσιν,
2805 5676 2866 5727 οὐ
2899 5678 3031 5729 πᾶσι
3062 5678 3116 5730 δὲ
3152 5679 3412 5745 ὡσαύτως
3465 5702 3677 5755 παρεν-

2111 5756 2344 5823 οχλοῦσα
2388 5760 2659 5826 φαίνεται,
2730 5764 2866 5815 ἀλλὰ
2913 5768 3024 5826 τοῖς
3076 5768 3175 5837 μὲν
3229 5771 3427 5837 μᾶλλον
3479 5776 3557 5835 είς
3617 5776 3675 5827 τὸ

2106 5848 2497 5919 ἐπιθυμητικὸν
2544 5856 2637 5921 τῆς
2684 5854 2858 5925 ψυχῆς
2899 5858 3080 5927 μέρος,
3109 5862 3221 5923 τοις
3252 5860 3306 5914 δὲ
3344 5864 3423 5925 εἰς
3471 5881 3517 5915 τι
3582 5865 3663 5919 0U-
