4100 6424
424 460 562 525 H73

1601 438 1999 502 GNOSTICE
2037 429 2508 497 SENTENTI/E.

3536 404 3686 483 im

415 574 597 645 μικδν,
631 573 840 645 ἑτέροις
867 569 946 637 δὲ,
993 568 1071 633 είς
1122 567 1184 621 τδ
1239 566 1441 634 ταύτης
1490 563 1831 631 λογιστικόν·
1866 634 1867 637 η
1905 563 1993 616 διά

2124 546 2232 600 aliis
2256 542 2560 599 secundum
2586 537 3026 599 ratiocinantem,
3047 549 3146 606 per
3168 531 3435 591 malitiam
3457 528 3689 596 scilicet,

413 666 884 739 γαστριμαργίας,
914 661 1199 733 ὀξυχολίας
1218 660 1313 713 καὶ
1339 658 1622 728 πονηρίας,
1651 657 1747 726 τῆς
1778 656 1994 710 πάντων

412 763 594 823 αἰτίας
626 762 735 814 τῶν
756 760 984 813 ἀνοσίων
1016 756 1225 809 παθῶν.

489 860 637 925 ρκς·’.
693 852 934 922 Ἀνάγκη
962 850 1060 919 μὲν
1083 847 1150 901 τὰ
1170 846 1518 917 αἰσθητήρια,
1542 844 1616 907 ὡς
1644 842 1817 903 πύλας
1842 843 1988 897 ἀνοί-

412 965 531 1015 γειν
563 945 766 1006 πόλεως
787 958 800 973 ’
834 943 1048 1010 ἀνάγκη
1076 940 1132 993 δὲ
1157 940 1231 1009 μὴ
1267 937 1569 1006 συγχωρεῖν
1602 936 1658 987 ὲν
1691 951 1756 1004 τῃ
1788 933 1990 998 ἀνοίξει

410 1036 518 1088 τῶν
538 1033 875 1101 ἀναγκαίων,
900 1027 1340 1098 συνεισέρχεσθαι
1356 1026 1562 1095 somn
1579 1026 1704 1087 τοὺς
1727 1026 1990 1095 πολέμους

412 1128 660 1191 θέλοντα,
709 1124 803 1177 καὶ¹
835 1126 1015 1194 μάχης
1057 1118 1208 1174 αἴτια
1237 1118 1634 1186 καθιστάμενα.

398 1300 408 1373 ί
500 1313 650 1384 ρκζ’.
697 1310 890 1379 Ἡδονὴ
954 1310 1072 1380 μὲν,
1109 1308 1292 1378 μήτηρ
1332 1305 1627 1377 ἐπιθυμίας
1653 1320 1669 1334 ⁸
1709 1302 1883 1374 θυμοῦ
1922 1303 2001 1370 δὲ,

423 1407 702 1476 ὀξύχολία,
738 1401 1036 1473 βασκανίας
1069 1402 1147 1465 δὲ,
1195 1401 1430 1471 πονηρία
1491 1397 1833 1453 καθίσταται.
1890 1398 2003 1450 Ούκ

399 1480 698 1566 ξεὶρηνεύει
736 1494 791 1546 δὲ
821 1494 960 1563 μετά
999 1492 1104 1545 τῶν
1132 1493 1377 1561 ἐσχάτων
1407 1492 1434 1542 6
1471 1491 1546 1562 μὴ
1585 1488 1727 1543 κατὰ
1749 1488 1855 1541 τῶν
1899 1489 2002 1560 ἀρ-

399 1561 627 1659 ’χνέντων
646 1561 1048 1655 ἀγωνιζόμενος
1068 1600 1080 1613 ’
1105 1584 1221 1636 οὐδὲ
1237 1584 1317 1647 είς
1336 1583 1428 1635 τὸν
1454 1583 1549 1651 τῆς
1578 1581 2000 1652 μετριοπαθείας

421 1680 647 1732 δύναται
703 1677 898 1748 λιμένα
974 1675 1339 1747 είσέρχεσθαι,
1396 1677 1424 1728 6
1481 1674 1571 1744 βία
1634 1674 1731 1736 τὰς
1786 1673 2003 1736 ἐντολὰς

430 1769 855 1841 μετερχόμενος.

501 1860 638 1933 ρκη’.
669 1861 781 1923 Τὰς
822 1858 1128 1930 προσϐολὰς
1161 1859 1211 1912 οἰ
1244 1861 1701 1928 ἀποκρουόμενοι,
1754 1859 1814 1910 οὐ
1867 1874 1998 1925 συγ-ο

2107 653 2228 708 quae
2260 635 2443 707 passio
2472 641 2556 690 est
2589 630 2837 687 omnium
2871 628 3192 684 deterrima.

2185 821 2306 877 126.
2361 819 2601 875 Necesse
2648 815 2872 886 quidem
2922 822 3005 867 est
3047 813 3292 867 sensoria
3327 826 3425 865 seu
3484 824 3692 881 organa

2111 928 2374 972 sensuum
2418 920 2681 981 tanquam
2727 907 2886 963 urbis
2916 906 3153 976 alicujus
3198 915 3389 975 portas
3434 903 3691 972 aperire;

2112 1023 2342 1065 necesse
2369 1015 2454 1063 est
2478 1014 2687 1069 autem,
2711 1003 2840 1057 dum
2871 999 3188 1056 necessario
3210 996 3559 1067 aperiuntur,
3582 1009 3694 1048 nou

2115 1100 2327 1172 ingredi
2383 1114 2601 1164 causas,
2646 1096 2852 1167 quibus
2900 1094 3043 1148 bella
3088 1098 3146 1147 et
3178 1105 3373 1161 pugnae.
3414 1089 3470 1144 in
3510 1088 3697 1141 anima

2116 1194 2447 1249 excitantur.

2187 1285 2310 1339 1‘27.
2340 1282 2493 1352 Opus
2533 1275 2998 1347 concupiscentire
3030 1275 3287 1344 voluptas
3329 1280 3436 1337 est,
3468 1272 3698 1326 iracun-

2118 1379 2224 1433 diae
2270 1375 2562 1446 repentina
2607 1380 2665 1426 et
2698 1369 2842 1425 acris
2894 1369 2998 1433 ira,
3047 1365 3433 1436 perversitatis
3468 1362 3696 1418 invidia.

2118 1473 2234 1529 Nec
2273 1485 2408 1525 vero
2455 1476 2540 1522 est
2570 1467 2626 1521 in
2669 1480 2804 1535 pace
2848 1478 2975 1518 cum
3018 1460 3245 1525 intimis,
3275 1458 3371 1528 qui
3412 1468 3525 1511 non
3571 1471 3699 1511 eum

2120 1564 2354 1622 summis
2421 1562 2703 1626 decertat;
2755 1573 2860 1612 nec
2918 1557 2974 1610 in
3023 1563 3242 1624 portum
3299 1548 3701 1605 mediocritatis

2120 1658 2441 1730 passionum
2468 1653 2652 1708 invehi
2677 1658 2880 1723 potest,
2901 1649 2995 1719 qui
3024 1648 3075 1702 vi
3101 1655 3159 1702 et
3179 1653 3407 1700 coactus
3422 1642 3518 1697 Dei
3547 1654 3703 1695 man-

2121 1752 2246 1805 data
2288 1763 2346 1802 se
2356 1755 2493 1800 rVat.

2196 1843 2318 1897 128.
2352 1841 2456 1907 Qui
2505 1838 2838 1894 tentationes
2878 1834 3177 1904 repellunt,
3208 1846 3320 1885 non
3371 1828 3701 1899 permittunt

429 1954 694 2023 χωροῦσιν
727 1950 940 2006 ἔνδοθεν
977 1953 1071 2005 τοῦ
1100 1951 1320 2020 λογικοῦ
1361 1952 1703 2023 ἀμπελῶνος,
1736 1952 1809 2014 ὡς
1834 1950 1994 2019 θηρία

2124 1941 2270 1993 intro
2299 1936 2518 1991 vineam
2550 1928 2899 2002 spiritualem
2938 1926 3243 1981 bestiarum
3279 1925 3455 1977 instar
3488 1919 3701 1991 cogita-

428 2046 553 2106 τοὺς
605 2045 899 2113 λογισμοὺς
955 2043 1324 2114 είσὲρχεσθαι,
1387 2045 1481 2097 καὶ
1542 2046 1647 2096 τῶν
1685 2045 1892 2096 ἐκείνου
1939 2044 1998 2094 ὲν

416 2138 565 2209 λύμῃ
589 2137 969 2191 καθίστασθαι.
999 2139 1062 2189 Oi
1092 2137 1148 2188 δὲ
1190 2133 1566 2198 συνδιᾶζοντες
1614 2135 1736 2205 μὲν,
1767 2132 1841 2205 μὴ
1867 2149 1993 2185 συν.

422 2227 682 2298 ηδόμενοι
715 2229 792 2293 δὲ,
815 2227 1002 2290 ἁπλῶς
1028 2225 1375 2299 εἰσέρχεσθαι
1402 2212 1598 2287 αὐτοὺς
1629 2222 1992 2294 συγχωροῦσι,

418 2322 498 2391 μὴ
529 2318 800 2374 ἅπτεσθαι
826 2320 881 2371 δὲ
912 2318 1144 2389 μηδενὸς
1182 2315 1291 2370 τῶν
1314 2317 1480 2370 αὐτοῦ
1500 2333 1513 2346 ο
1543 2317 1592 2369 οἱ
1613 2316 1669 2368 δὲ
1691 2317 1859 2386 ιῖόἐως
1901 2316 1996 2384 μὲν

420 2410 843 2480 συνομιλοῦντες
891 2412 1004 2472 τοῖς
1052 2409 1250 2463 πάθεσι
1297 2409 1385 2461 διά
1413 2408 1523 2460 τῶν
1562 2407 1865 2477 λογισμῶν,
1916 2408 1997 2470 εἰς

419 2501 821 2570 συγκατάθεσιν
878 2501 932 2553 δὲ
995 2500 1068 2571 μὴ
1120 2501 1426 2571 ἐρχόμενοι,
1482 2499 1842 2569 ὡμοιώθησαν
1886 2501 1999 2560 τοῖς

418 2594 617 2647 ὲάσασι
658 2593 751 2644 τὸν
786 2593 967 2662 μονιὸν
998 2590 1210 2644 ἔνδοθεν
1239 2590 1334 2643 τοῦ
1368 2591 1565 2658 ἀγροῦ,
1602 2591 1695 2644 καί⁵
1724 2588 1817 2642 τοῦ
1864 2607 2000 2660 φρα-

415 2686 565 2754 γμοῦ
594 2685 874 2747 εἰσελθεῖν,
906 2686 965 2737 ὲν
991 2684 1137 2753 κόρῳ
1160 2684 1215 2736 δὲ
1238 2684 1398 2737 αὐτὸν
1423 2684 1532 2736 τῶν
1554 2681 1648 2735 τοῦ
1675 2680 2001 2751 ἀμπελῶνος

418 2777 675 2845 γενέσθαι
702 2776 945 2846 βοτρύων
975 2776 1050 2844 μὴ
1081 2778 1539 2845 συγχωρήσασινέ
1568 2774 1683 2829 εἶτα
1715 2770 1870 2846 εὗρον
1901 2777 1999 2827 αύ-

418 2869 513 2921 τὸν
539 2870 636 2937 τῆς
663 2867 872 2920 ἑαυτῶν
898 2867 1183 2935 δυνάμεως
1217 2868 1586 2936 ἰσχυρότερον,
1634 2869 1690 2919 ὲν
1724 2883 2001 2934 συγκατα-

423 2956 573 3010 θέσει
598 2950 859 3018 πολλάκις
887 2956 1080 3009 παθῶν
1108 2957 1515 3025 εὑρισκόμενοι.

503 3046 638 3116 ρκθ⁹.
665 3047 832 3099 Οὔπω
854 3046 1089 3113 ἔφθασεν
1139 3048 1215 3107 εἰς
1252 3046 1555 3116 ἁπλότητα,
1590 3049 1616 3099 ό
1653 3045 1732 3099 ἔτι
1754 3046 2004 3116 δεόμενος

425 3140 737 3209 ἐπιμελείας
774 3140 1029 3209 φραγμοῦ
1055 3139 1149 3192 τοῦ
1181 3139 1322 3192 κατὰ
1336 3139 1434 3208 τὴν
1465 3139 1816 3208 ἐγκράτειαν*
1851 3141 1880 3191 6
1911 3138 2002 3191 τέο

2119 2030 2301 2085 tiones
2355 2024 2571 2096 ingredi
2616 2034 2851 2091 eamque
2893 2024 3136 2073 vastare.
3185 2015 3291 2080 Qui
3347 2022 3532 2067 autem
3593 2011 3702 2066 illis

2119 2123 2441 2185 connivent,
2470 2132 2574 2173 nec
2609 2125 2793 2170 tamen
2839 2113 2925 2167 eis
2950 2111 3333 2171 delectantur,
3374 2104 3702 2175 simpliciter

2120 2219 2270 2288 ipsas
2294 2215 2503 2269 intrare
2528 2212 2740 2275 sinunt,
2771 2223 2836 2262 ea
2854 2208 2975 2277 lege
3003 2214 3063 2259 ut
3088 2203 3224 2258 nihil
3249 2201 3305 2255 in
3333 2200 3424 2255 illa
3453 2206 3702 2269 tangant.

2123 2311 2228 2378 Qui
2267 2307 2489 2364 tandem
2528 2311 2714 2358 amant
2749 2315 2875 2356 cum
2920 2294 3319 2367 cupiditatibus
3364 2307 3464 2361 per
3498 2288 3706 2360 cogita-

2124 2403 2306 2458 tiones
2351 2398 2615 2468 colloqui,
2667 2395 2799 2450 licet
2852 2407 3029 2461 usque
3077 2389 3145 2443 ad
3202 2399 3538 2442 consensum
3593 2397 3705 2437 non

2126 2493 2445 2552 deveniant,
2498 2488 2708 2545 similes
2742 2492 2873 2539 sunt
2925 2482 3040 2537 illis
3079 2480 3176 2551 qui
3211 2479 3487 2549 patientes
3531 2474 3706 2531 feram

2125 2585 2359 2641 introire
2393 2595 2588 2652 agrum
2637 2578 2722 2633 vel
2756 2590 2966 2645 sepem,
2994 2588 3113 2628 eam
3148 2569 3337 2626 satiari
3370 2568 3544 2622 vinea:
3586 2566 3711 2620 uvis

2123 2677 2475 2736 non‘sinunt,
2506 2672 2601 2727 sed
2649 2679 2840 2740 postea
2872 2682 2992 2721 eam
3030 2664 3322 2718 inveniunt
3354 2659 3553 2729 seipsis
3592 2657 3710 2712 for-

2125 2768 2347 2827 tiorem,
2391 2776 2447 2819 et
2490 2780 2548 2817 se
2589 2759 2990 2832 cupiditatibus
3039 2757 3241 2826 smpius
3295 2752 3710 2810 consentientes

2123 2860 2567 2930 deprehendunt.

2200 3043 2323 3104 199.
2371 3042 2627 3100 Nondum
2689 3038 2757 3093 ad
2810 3034 3220 3105 simplicitatem
3287 3031 3560 3103 pervenit,
3619 3029 3709 3086 cui

2128 3142 2314 3199 adhuc
2366 3152 2509 3208 Opus
2543 3141 2629 3188 est
2676 3141 2736 3187 ut
2785 3144 2916 3199 sepe
2959 3125 3335 3196 temperantia:
3370 3124 3657 3178 muniatur
3692 3141 3707 3178 :

424 3231 566 3293 λειος
588 3232 718 3299 γὰρ,
750 3232 938 3298 φησὶν,
971 3230 1070 3283 οὐκ
1100 3229 1519 3301 ἐγκρατεύεται,
1552 3230 1666 3282 ἀλλ’
1691 3232 1719 3282 6
1741 3230 1820 3282 ἔτι
1853 3231 2004 3297 ἄγω·-

2130 3253 2257 3294 nam
2292 3251 2349 3291 se
2382 3232 2667 3288 continere
2712 3241 2822 3280 non
2873 3231 2959 3278 est
3003 3218 3258 3292 perfecti,
3301 3217 3397 3273 sed
3441 3217 3567 3287 ejus
3609 3215 3706 3285 qui

2184 3332 2189 3333 ,
2400 3327 2453 3333 .--
2588 3321 2645 3333 -.ε
2784 3328 2793 3333 -
2872 3332 2879 3333 ,
2919 3315 2956 3333 ,ο
2980 3313 3106 3333 ηυξ-
3143 3319 3217 3333 --Α
3253 3309 3458 3333 ι--μξ--ε
3486 3308 3706 3333 ιιμιηιηιῖ

426 3323 726 3392 νιζόμενος.
760 3324 944 3375 Ἔοικε
973 3323 1030 3375 δὲ
1056 3323 1132 3391 τῷ
1161 3325 1336 3392 ἔχοντι
1381 3322 1647 3393 ἄμπελον,
1701 3324 1733 3393 ἢ
1765 3323 2004 3394 ἄρουραν

428 3414 495 3465 σὺ
520 3414 682 3483 μέσον
704 3413 916 3466 πολλῶν
941 3413 1115 3466 ἄλλων
1141 3404 1479 3482 ἀμπελώνων
1501 3412 1534 3483 ἢ
1570 3414 1780 3484 χώρων,
1811 3414 1925 3467 ἀλλ’
1948 3415 2004 3466 ὲν

427 3503 601 3572 γωνία
632 3519 732 3554 που
755 3517 768 3530 ’
802 3502 896 3555 καὶ
925 3501 1015 3554 διὰ
1043 3502 1203 3555 τοῦτο
1232 3502 1485 3571 δεόμενον
1516 3504 1715 3572 πολλῆς
1747 3504 1847 3573 τῆς
1905 3521 2004 3571 φυ-

427 3593 621 3663 λακῆς,
653 3595 865 3661 καὶτῆς
897 3592 1135 3663 νήψεως.
1167 3593 1274 3645 Τοῦ
1312 3594 1417 3664 γὰρ
1453 3594 1533 3656 εἰς
1561 3594 1841 3663 ἁπλότητα
1867 3593 2006 3663 φθάο

432 3702 642 3749 σαντος,
676 3688 739 3737 ἐκ
792 3686 990 3748 παντὸς
1046 3688 1079 3755 ή
1137 3685 1383 3754 ἄμπελος
1433 3686 1709 3754 ἀνέπαφος
1762 3686 2004 3753 γίνεται’

431 3777 677 3847 καθάπερ
711 3777 976 3846 βασιλέως
1002 3778 1034 3847 ἢ
1063 3778 1206 3841 τινος
1234 3778 1394 3832 ἄλλου
1440 3778 2007 3848 παραδυναστεύοντος

434 3867 686 3936 φοϐεροῦ,
717 3870 809 3921 καὶ
848 3869 1014 3938 μόνης
1044 3868 1104 3932 ἐξ
1144 3869 1335 3937 ἀκοῆς,
1369 3868 1493 3932 τούς
1531 3886 1589 3921 τε
1637 3869 1874 3933 κλέπτας
1916 3871 2008 3922 καὶ

432 3959 744 4028 παροδίτας,
777 3960 1020 4030 φρίττειν
1058 3958 1334 4022 ποιοῦντος
1373 3960 1470 4028 τὴν
1504 3960 1865 4030 ἐπιχείρησιν.

506 4047 603 4119 pi}.
633 4050 825 4103 Πολλοὶ
868 4052 967 4120 μὲν
1015 4053 1093 4113 εἰς
1130 4051 1220 4104 τὸν
1252 4051 1351 4120 τῆς
1384 4051 1755 4115 κακοπαθείας
1781 4053 2008 4121 σταυρὸν

434 4144 772 4212 ἀνέρχονται,
805 4143 976 4210 ὀλίγοι
1000 4142 1056 4194 δὲ
1083 4143 1177 4195 καὶ
1205 4144 1328 4205 τοὺς
1355 4143 1520 4213 ἥλους
1569 4141 1735 4194 αὐτοῦ
1779 4142 2008 4194 καταδέ-

435 4250 637 4303 χονται’
705 4234 816 4286 τῶν
865 4234 964 4301 μὲν
1000 4234 1110 4303 γὰρ
1137 4234 1276 4287 κατὰ
1335 4233 1653 4304 προαίρεσιν
1712 4235 1890 4285 πόνων
1916 4233 2009 4286 καὶ

435 4324 668 4392 θλίψεων
693 4364 709 4389 ,
781 4325 1012 4393 ὑπήκοοι
1079 4324 1294 4377 πολλοί’
1366 4325 1474 4376 τῶν
1532 4324 1910 4394 ἀπροαιρέτως
1953 4323 2010 4376 δὲ

434 4416 765 4485 ἐρχομένων,
807 4418 957 4484 μόνοι
984 4417 1035 4468 οἰ
1064 4417 1142 4486 τῷ
1177 4418 1368 4486 κόσμῳ
1402 4416 1575 4486 τούτῳ
1603 4415 1825 4478 τελείως
1870 4417 2008 4469 ἀπο-

437 4507 691 4570 θανόντες
727 4510 822 4561 καὶ
848 4511 913 4578 τῇ
951 4508 1256 4563 ἀναπαύσει
1290 4509 1476 4563 αὑτοῦ.

2081 3310 2096 3330 ⁸
2131 3332 2313 3388 adhuc
2340 3327 2560 3381 militat.
2588 3321 2681 3376 Ille
2707 3328 2889 3374 autem
2914 3313 3111 3370 similis
3136 3319 3222 3366 est
3253 3309 3461 3364 homini
3486 3308 3710 3363 habenti

2130 3426 2350 3479 vineam
2403 3419 2488 3473 vel
2539 3429 2731 3486 agrum
2791 3412 2949 3473 sitos,
2982 3423 3090 3461 non
3141 3405 3288 3459 inter
3330 3402 3537 3457 multos
3574 3399 3714 3456 alios

2136 3519 2450 3584 campos'et
2481 3508 2691 3569 vineas,
2721 3501 2817 3556 sed
2860 3502 2913 3555 in
2943 3497 3144 3568 angulo
3184 3493 3446 3565 quodam,
3475 3491 3713 3560 ideoque

2132 3583 2446 3676 indigentes
2495 3599 2666 3653 multa
2710 3591 2959 3649 custodia
2991 3599 3048 3645 et
3093 3585 3399 3657 vigilantia.
3426 3583 3533 3651 Qui
3564 3583 3712 3638 enim

2132 3698 2197 3752 ad
2252 3673 2661 3763 simplicitatem
2713 3681 2988 3753 pervenit,
3041 3678 3269 3732 omnino
3321 3681 3494 3728 tutam
3549 3673 3716 3726 habet

2133 3790 2372 3848 vineam,
2409 3793 2469 3838 ut
2507 3796 2597 3834 rex
2635 3777 2720 3831 vel
2760 3773 2903 3826 alius
2939 3771 3201 3840 princeps
3250 3765 3621 3821 formidabilis
3656 3772 3714 3818 et

2131 3881 2246 3936 sola
2277 3891 2410 3933 voce
2442 3874 2592 3928 fures
2621 3878 2676 3924 et
2713 3865 2951 3920 viatores
2986 3863 3054 3916 ab
3081 3859 3367 3915 invasione
3397 3859 3711 3912 deterrens.

2204 4043 2324 4101 130.
2350 4037 2499 4095 Multi
2526 4037 2580 4090 in
2606 4045 2828 4088 erucem
2856 4023 3169 4081 aﬂlictionis
3195 4027 3521 4085 ascendunt,
3551 4021 3710 4089 pauci

2130 4137 2375 4211 ejusdem
2396 4131 2582 4187 clavos
2604 4114 3279 4181 admittunt.Voluntariis
3298 4121 3358 4168 et
3373 4112 3543 4167 animi
3564 4112 3715 4181 judi-

2130 4204 2218 4289 cio
2280 4223 2553 4293 susceptis
2613 4212 2986 4273 incommodis
3050 4224 3115 4264 ac
3182 4204 3714 4261 mortiﬁcationibus

2131 4324 2291 4383 multi
2316 4337 2374 4376 se
2407 4314 2736 4387 subjiciunt,
2765 4324 2877 4363 non
2898 4301 3232 4362 voluntariis
3262 4306 3444 4354 autem
3483 4307 3542 4353 et
3565 4297 3713 4352 ultro

2129 4414 2333 4473 oblatis
2369 4410 2405 4464 ii
2439 4415 2653 4463 tantum
2680 4402 2775 4471 qui
2805 4395 3033 4454 honoris
3066 4390 3407 4448 desiderium
3433 4404 3500 4444 ex
3530 4388 3716 4443 animo

2129 4512 2440 4581 ejeeerunt.

510 4596 647 4666 ρλιί.
689 4576 1033 4666 Πάνταςίμὲν
1070 4601 1196 4661 τοὺς
1237 4601 1592 4670 δερματίνους
1622 4602 1855 4672 χιτῶνας
1884 4603 2006 4656 πολ-

2159 4576 2175 4581 ,
2205 4602 2328 4655 151.
2372 4597 2571 4652 Omnes
2616 4590 2877 4663 pelliceas
2931 4583 3147 4662 tunicas
3199 4576 3356 4632 multi
3416 4579 3714 4639 exuerunt,

438 4689 521 4742 λοι
549 4690 898 4755 ὲξεδύσαντο,
929 4690 1022 4744 τὸν
1043 4690 1269 4761 ἔσχατον
1296 4693 1354 4745 δὲ
1412 4693 1502 4745 τὸν
1527 4695 1627 4763 τῆς
1684 4694 2009 4760 κενοδοξίας,

438 4782 591 4850 μόνοι
617 4781 676 4833 οἰ
714 4781 813 4852 τὴν
843 4781 1016 4850 αὐτῆς
1049 4783 1258 4853 μητέρα
1285 4783 1379 4854 τὴν
1408 4785 1803 4852 αὐταρέσκειαν
1834 4784 2015 4854 βδελυ-

436 4872 679 4939 ξάμενοι.

512 4963 648 5036 ρλβ’.
691 4966 959 5020 ’Ἐπαινον
989 4966 1314 5038 ἀνθρώπων,
1354 4968 1443 5021 καὶ
1475 4969 1656 5022 ἄνεσιν
1689 4969 1960 5039 σώματος,
1988 4969 2015 5019 6

436 5056 838 5126 ἀποδεχόμενος
877 5057 995 5125 μὲν,
1035 5059 1111 5127 μὴ
1162 5058 1594 5129 καταδεχόμενος
1624 5060 1701 5124 δὲ,
1734 5054 1891 5123 οὗτος
1920 5059 2014 5112 τοῦ

437 5147 666 5216 ἐσχάτου
703 5148 802 5216 τῆς
840 5148 1148 5214 κενοδοξίας
1217 5147 1441 5218 χιτῶνος
1492 5149 1696 5219 γυμνὸς
1754 5152 2012 5216 γεγονὼς,

388 5274 401 5297 ι
437 5239 534 5292 τοῦ
548 5242 607 5292 ὲν
633 5241 845 5304 πολλοῖς
872 5244 1201 5310 στεναγμοῖς
1221 5240 1485 5310 ὲπιζητού
1494 5258 1653 5311 μενος
1674 5244 2012 5311 οἰκητηρίου,

439 5335 534 5383 τοῦ
566 5331 626 5397 ἐξ
654 5332 884 5403 οὐρανοῦ
912 5334 1008 5404 τὴν
1033 5333 1412 5403 λαμπρότητα,
1436 5335 1530 5386 ἀπ’
1547 5334 1796 5388 ἐντεῦθεν
1811 5333 2018 5404 ἠξιώθη

441 5422 785 5477 ἐνδύσασθαι.

515 5508 651 5579 ρλγ’.
687 5512 852 5565 Ἀλλο
884 5513 1156 5585 ἐνέργεια,
1189 5517 1284 5568 καὶ
1319 5516 1447 5569 ἄλλο
1468 5518 1778 5591 ὲνέργημα’
1815 5519 1910 5574 καὶ
1962 5522 2023 5574 τὸ

446 5601 568 5669 μὲν,
595 5601 878 5673 ἁμαρτίας
910 5606 1335 5678 ἀπηρτισμένης
1360 5608 1477 5662 ἐστὶ
1501 5609 1801 5663 δεικτικὸνο
1848 5611 1882 5679 ή
1941 5610 2020 5677 δὲ,

443 5691 779 5760 ἡδυπαθείας
815 5696 982 5766 μάνης
1028 5699 1128 5766 τῆς
1194 5699 1406 5754 ἔνδοθεν
1459 5701 1877 5774 ἐνεργουμένης,
1907 5703 2021 5756 ἀλλ’

444 5784 544 5837 οὐκ
576 5787 731 5848 ἐκτός
754 5804 766 5817 ·
800 5788 875 5850 ὡς
910 5789 959 5840 οἱ
999 5789 1099 5856 τῆς
1143 5790 1279 5855 ἰδίας
1310 5794 1407 5862 μὲν
1462 5794 1537 5864 μὴ
1575 5794 2022 5865 μετακινούμενοι

444 5876 573 5943 γῆς,
599 5875 1071 5949 δασμοφοροῦντες
1092 5881 1147 5933 δὲ
1179 5883 1328 5951 ὅμως
1350 5886 1461 5948 τοῖς
1493 5885 2019 5940 καταδυναστεύουσι
2070 5952 2075 5957 λ

446 5965 515 6020 τὰ
540 5968 725 6031 αὐτοῖς
760 5972 1093 6042 καταθύμια.

2136 4697 2227 4752 sed
2273 4706 2427 4746 vana:
2472 4685 2663 4757 gloria:
2717 4692 2975 4748 tanquam
3033 4672 3279 4727 ultimam
3323 4667 3398 4720 illi
3448 4666 3718 4719 duntaxat

2134 4790 2229 4858 qui
2263 4787 2347 4842 sui
2377 4777 2834 4851 complacentiam
2868 4772 3016 4826 velut
3045 4768 3166 4838 ejus
3196 4771 3428 4818 matrem
3457 4758 3716 4815 detestati

2133 4887 2282 4937 sunt.

2206 4971 2330 5026 439..
2360 4966 2465 5035 Qui
2494 4961 2715 5020 laudem
2755 4954 3040 5011 hominum
3081 4956 3138 5003 et
3184 4944 3432 5016 corporis
3472 4945 3715 5013 quietem

2132 5060 2354 5131 accipit,
2382 5032 2493 5112 non
2524 5066 2655 5108 vero
2678 5054 2949 5117 acceptat,
2975 5041 3066 5096 hic
3094 5039 3289 5093 ultimo
3317 5034 3499 5091 inanis
3527 5032 3716 5104 gloria)

2132 5126 2464 5208 vestimento
2493 5143 2782 5215 spoliatus,
2814 5137 2871 5190 in
2906 5132 3205 5201 multisque
3234 5126 3535 5198 gemitibus
3563 5138 3713 5195 quaa-

2132 5260 2260 5300 rens
2281 5236 2638 5297 habitationis
2659 5247 2781 5303 quas
2800 5229 2869 5285 de
2899 5227 3040 5282 cosio
3062 5233 3145 5280 est
3166 5220 3539 5292 splendorem,
3563 5217 3713 5272 illam

2132 5337 2338 5394 meruit
2369 5329 2717 5403 superindui.

2205 5498 2327 5554 135.
2353 5494 2517 5551 Aliud
2552 5492 2636 5544 vis
2667 5500 2925 5558 operans,
2952 5481 3100 5536 aliud
3145 5493 3303 5548 opus.
3338 5476 3452 5529 Hoc
3499 5469 3708 5542 peccati

2132 5585 2501 5650 consummati
2525 5591 2610 5638 est
2641 5579 2826 5641 index,
2853 5576 2945 5630 illa
2971 5582 3182 5627 tantum
3214 5565 3535 5638 cupiditatis
3560 5565 3711 5620 intus
