4100 6412
417 387 554 454 1175

409 590 522 647 bile
537 601 621 647 est
641 608 748 646 non
766 590 1012 648 comitari
1031 599 1260 646 caeteros
1278 606 1501 657 sensus;
1521 593 1623 646 etsi
1645 592 1990 663 frigidiorum

411 687 698 755 quiescere
724 685 1015 739 videantur
1035 684 1351 750 abdomina,
1373 685 1527 739 verbi
1549 687 1747 755 gratia,
1771 703 1989 754 senum,

407 780 505 849 qui
551 779 785 833 calorem
828 793 939 847 pra:
982 778 1295 833 macilentia
1336 793 1446 833 non
1490 779 1762 844 subeunt;
1806 789 1882 845 at,
1925 796 1991 836 eo

407 871 558 942 quod
591 886 704 933 non,
732 871 897 939 parit,
927 886 1038 924 non
1065 871 1191 925 ideo
1217 871 1416 940 pudica
1448 873 1796 942 reputabitur
1824 877 1956 930 steri
1975 906 1988 915 -

407 966 479 1020 lis
545 966 825 1030 meretrix,
879 966 977 1020 sed
1029 965 1182 1020 illum
1249 969 1500 1026 dicemus
1560 967 1844 1037 pudicum,
1893 969 1989 1038 qui

405 1058 590 1113 animo
617 1075 726 1113 non
759 1061 965 1123 uritur,
994 1075 1098 1118 nec
1128 1061 1310 1117 oculis
1345 1061 1654 1117 seducitur.

474 1243 600 1298 135.
633 1242 808 1305 Cibis,
847 1243 1039 1298 formis
1073 1254 1128 1298 et
1176 1244 1351 1308 sonis.
1407 1246 1524 1300 sive
1557 1249 1814 1312 amoenis,
1868 1252 1984 1304 sive

403 1335 563 1392 aliter
589 1350 708 1392 sese
727 1335 1078 1397 habentibus.
1106 1337 1158 1391 in
1181 1347 1365 1408 gustu,
1398 1340 1518 1396 visu
1543 1349 1600 1395 et
1629 1341 1821 1396 auditu
1857 1357 1985 1411 pars

403 1432 604 1485 animus
647 1429 1100 1500 concupiscibilis
1156 1432 1476 1488 ostenditur
1532 1433 1718 1502 qualis
1770 1432 1862 1497 sit,
1914 1450 1982 1488 an

400 1522 658 1579 videlicet
705 1523 814 1578 illis
868 1531 1081 1590 utatur,
1130 1539 1197 1580 an
1253 1525 1534 1588 abutatur,
1593 1539 1662 1578 an
1740 1525 1984 1580 medium

403 1614 549 1672 inter
573 1624 872 1686 utrumque
905 1626 1109 1673 teneat.

468 1801 594 1857 156.
632 1802 691 1858 in
724 1801 931 1873 quibus
984 1802 1153 1858 timor
1203 1819 1311 1859 non
1342 1803 1627 1873 praecedit,
1665 1805 1811 1862 sicut
1854 1821 1986 1862 oves

397 1907 508 1948 non
538 1893 809 1951 habentes
843 1903 1122 1964 pastorem
1143 1893 1476 1954 inordinata;
1505 1891 1857 1967 reperientur
1888 1915 1956 1955 eo

394 1984 724 2056 gitationes;
755 1988 806 2042 si
826 2002 960 2043 vero
991 1987 1090 2044 ille:
1129 1997 1395 2059 sequatur
1438 1990 1530 2050 vel
1576 1993 1880 2061 praecedat,
1927 1993 1982 2047 in

395 2076 548 2133 bono
597 2078 955 2149 reperientur
983 2079 1182 2138 ordine
1228 2091 1286 2138 et
1319 2081 1464 2138 intra
1508 2083 1790 2140 stabulum
1841 2085 1986 2141 laetis

393 2168 599 2238 pingue
625 2169 864 2239 pabulis.

465 2259 590 2314 157.
647 2259 801 2315 Fidei
859 2261 1004 2316 lilius
1034 2272 1118 2317 est
1164 2263 1356 2330 timor;
1391 2265 1484 2320 hic
1529 2276 1718 2322 autem
1777 2284 1984 2338 prtece-

394 2360 614 2419 ptorum
629 2362 816 2421 pastor
839 2373 853 2418 ;
880 2362 971 2422 qui
993 2371 1125 2409 vero
1141 2356 1553 2425 huiusmatrem
1577 2373 1686 2414 non
1713 2361 1978 2430 possidet.

393 2443 513 2500 ovis
542 2458 758 2513 pascuu-
793 2445 1006 2500 Domini
1044 2463 1151 2502 non
1181 2448 1417 2503 merebit
1437 2449 1649 2504 haberi.

463 2630 587 2690 138.
620 2629 726 2690 Alii
759 2630 930 2684 solam
966 2630 1173 2685 habent
1220 2633 1486 2688 virtutum
1541 2635 1976 2704 inchoationem,

390 2721 485 2776 alii
521 2721 840 2778 earumdem
875 2723 1140 2787 medium,
1165 2724 1256 2778 alii
1286 2725 1503 2780 illarum
1553 2727 1973 2796 perfectionem.

392 2809 523 2866 Sine
558 2827 664 2880 qua
701 2813 1081 2883 unusquisque
1114 2814 1431 2870 invenietur
1455 2818 1601 2873 sicut
1625 2820 1785 2875 miles
1827 2822 1979 2876 iner-

389 2901 494 2957 mis
536 2903 623 2956 vel
666 2903 925 2973 princeps
957 2920 1097 2974 pane
1143 2906 1419 2977 indigens,
1469 2925 1706 2978 quorum
1743 2914 1977 2982 proinde

392 3008 534 3052 unus
558 2993 826 3050 duntaxat
858 2997 1137 3065 propriam
1175 2998 1400 3053 domum
1445 3001 1512 3054 ab
1553 3002 1812 3059 hostibus
1853 3023 1975 3061 eam

389 3095 606 3140 vastare
639 3087 981 3143 tentantibus
1011 3091 1276 3152 custodit,
1301 3093 1444 3148 alter
1481 3111 1588 3148 non
1617 3100 1974 3154 convenienti

389 3177 596 3233 colitur
627 3178 841 3235 honore
874 3181 1018 3236 auud
1051 3198 1150 3238 eos
1178 3185 1514 3254 quibuscum
1550 3201 1826 3245 versatur.

458 3361 723 3416 459-160.
754 3362 858 3428 Qui
908 3379 1010 3418 nos
1041 3364 1224 3420 adhuc
1254 3367 1610 3436 imperfectos
1645 3371 1881 3430 invitant
1916 3387 1976 3432 ut

382 3454 771 3524 voluptatibus
800 3457 942 3525 gula:
977 3458 1414 3524 consentiamus,
1437 3477 1536 3516 eos
1559 3463 1848 3520 imitantur
1878 3470 1973 3539 qui

386 3547 685 3616 impellunt.
706 3547 774 3602 ad
808 3548 1018 3603 urenda
1045 3551 1294 3606 cauterio
1329 3553 1560 3609 vulnera
1610 3558 1732 3626 jam.
1758 3571 1970 3628 sanata,

385 3640 472 3693 vel
507 3640 573 3692 ad
603 3639 787 3709 lepras
803 3640 1194 3698 oblectamenti
1234 3647 1407 3713 gratia
1435 3649 1728 3715 radendas,
1785 3654 1868 3708 vel
1901 3655 1970 3710 ad

385 3731 789 3784 comedendum
805 3747 868 3786 ea
890 3749 1010 3802 qum
1036 3733 1232 3790 febrim
1258 3740 1520 3806 excitant,
1544 3743 1626 3797 vcl
1652 3747 1716 3798 ad
1752 3747 1972 3817 sepien-

383 3823 518 3876 dum
571 3825 790 3879 vineam
848 3841 1026 3892 suam,
1085 3829 1362 3900 simulque
1435 3837 1868 3903 permittendum
1912 3849 1972 3896 ut

385 3928 505 3968 eam
555 3915 911 3985 ingrediatur,
940 3918 1095 3987 quasi
1144 3920 1258 3975 fera
1309 3938 1506 3979 sensus
1587 3932 1851 4000 carnalis,
1911 3943 1969 3988 et

281 4047 284 4049 λ
388 4008 546 4076 quasi
575 4024 711 4063 uvas
755 4009 986 4066 devoret
1027 4012 1205 4068 bonas
1249 4017 1632 4087 cogitationes.
1676 4023 1968 4082 Illios‘non

381 4109 602 4169 oportet
641 4101 894 4166 credere,
935 4120 1039 4158 nec
1067 4105 1401 4176 importunis
1427 4111 1624 4167 cedere
1678 4115 1968 4174 hominum

383 4191 866 4262 eLpiditatumque
921 4195 1351 4264 adulationibus,
1384 4203 1481 4255 sed
1522 4205 1710 4271 potius
1747 4212 1967 4266 munire

381 4296 574 4350 sepem
603 4289 988 4352 temperantia,
1036 4289 1213 4344 donec
1261 4291 1520 4347 desinant
1563 4295 1805 4353 ferarum
1857 4302 1965 4356 ritu

383 4371 637 4426 carnales
683 4375 1020 4442 cupiditates
1069 4379 1306 4448 ululare,
1381 4394 1437 4438 et
1478 4400 1630 4440 more
1675 4389 1966 4447 volucrum

381 4478 538 4516 vanae
553 4465 916 4535 cogitationes
929 4467 1266 4528 descendere
1286 4475 1353 4530 ad
1371 4476 1766 4536 devastandum
1791 4484 1966 4540 vinea:

1321 387 1520 448 ELl/E
1561 391 1817 452 ECDICI
1859 391 2258 453 GNOSTICIE
2297 394 2763 456 SENTENTL‘E.

486 499 609 554 154.
639 497 821 558 Gustu
859 498 914 556 in
956 496 1332 567 voluptatibus
1365 499 1706 565 dominante,
1740 502 1989 571 impossi-
2026 507 2066 562 Α

2178 497 2305 568 ρλό’.
2345 501 2455 568 Ἰῆς
2485 503 2726 568 γεύσεως
2760 502 3066 576 κρατούσης
3101 507 3158 559 ὲν
3184 506 3418 578 ἡδοναῖς,
3476 509 3672 560 ἀδύνα-

2103 601 2192 641 τον
2223 590 2302 660 μὴ
2337 594 2431 645 καὶ
2463 596 2642 658 πάσας
2677 596 2776 660 τὰς
2833 597 3114 669 αἰσθήσεις
3159 598 3486 652 συνέπεσθαι
3510 616 3522 629 ·
3572 602 3676 652 x'iv

2099 691 2210 744 τῶν
2244 688 2599 759 ψυχροτέρων
2629 688 2930 758 είρηνεύειν
2963 691 3161 744 δοκῶσι
3191 693 3258 745 τά
3309 693 3674 766 ὑπογάστρια,

2100 785 2173 846 ὼς
2217 784 2285 834 τὰ
2311 781 2420 834 τῶν
2453 781 2872 852 γεγηρακότων,
2899 783 3144 852 πύρωσιν
3194 785 3268 854 μὴ
3297 787 3675 856 ὑπομενόντων

2101 878 2164 927 ἐκ
2199 873 2526 944 μαρασμοῦ’
2565 873 2678 926 ἀλλ’
2709 874 2770 924 οὐ
2807 873 2955 943 παρὰ
2989 875 3048 925 τὺ
3086 876 3160 943 μὴ
3187 879 3403 947 γεννᾷν,
3442 879 3676 948 σώφρων

2102 967 2135 1036 ἡ
2186 967 2374 1038 στείρα
2436 965 2797 1034 μοιχευομένη
2859 964 3215 1034 κριθήσεται’
3273 974 3565 1038 σωφρονεῖν
3621 972 3676 1023 δὲ

2102 1059 2280 1111 πάντα
2331 1057 2422 1109 τὸν
2463 1057 2538 1126 μὴ
2596 1055 2993 1124 παθαινόμενον
3043 1055 3252 1108 ἔνδοθεν
3285 1059 3532 1129 εῖποιμεν
3583 1063 3672 1124 ἂν,

2106 1148 2240 1218 μηδὲ
2263 1147 2450 1216 ὁράσει
2479 1145 2969 1214 κατακυλούμενον.

2179 1237 2306 1310 ρλε’.
2359 1240 2449 1291 Ἐν
2495 1240 2747 1308 τροφαῖς,
2785 1239 2877 1290 καὶ
2911 1241 3168 1308 μορφαῖς,
3201 1243 3297 1294 καὶ
3351 1245 3576 1309 φωναῖς,
3619 1244 3680 1295 τὺ

2103 1328 2502 1400 ἐπιθυμητικὸν
2530 1329 2629 1399 τῆς
2673 1329 2850 1400 ψυχῆς
2880 1331 3160 1400 ἐλέγχεται
3188 1326 3298 1384 οἶόν
3352 1334 3470 1386 ἐστι
3492 1351 3504 1365 ο
3559 1337 3679 1398 ταῖς

2105 1420 2416 1483 θελκτικαῖς
2453 1439 2509 1474 τε
2543 1422 2637 1474 καὶ
2657 1424 2776 1483 ταῖς
2811 1421 2988 1486 ἄλλως
3039 1423 3310 1492 ἐχούσαις,
3366 1427 3423 1476 ὲν
3469 1427 3677 1493 γεύσει,

2101 1512 2195 1564 καὶ
2229 1512 2372 1580 ὄψει,
2415 1515 2510 1564 καὶ
2542 1513 2702 1584 ἀκοῇ,
2733 1513 2842 1566 εἴτε
2899 1514 2972 1575 ὡς
3006 1514 3286 1584 χρώμενον
3318 1515 3530 1577 αὑταῖς,
3568 1517 3677 1567 εἴτε

2102 1603 2174 1663 ὼς
2203 1603 2661 1674 παραχρώμενον,
2706 1603 2814 1656 εἴτε
2869 1605 3048 1674 μέσως
3105 1607 3241 1675 πρὸς
3272 1606 3342 1658 τὰ
3395 1606 3680 1676 ἀμφότερα

2103 1697 2513 1766 εὑρισκόμενον.

2177 1789 2318 1859 ρλς·’.
2359 1791 2446 1842 Ἐν
2474 1787 2554 1851 οἷς
2577 1794 2604 1846 6
2634 1791 2800 1861 φόϐος
2827 1792 2890 1844 οὑ
2947 1795 3292 1862 προηγεῖται,
3326 1793 3401 1856 ὡς
3434 1791 3692 1862 πρόῦατα-

2108 1881 2180 1951 μὴ
2215 1881 2408 1950 ἔχοντα
2439 1884 2698 1952 ποιμένα,
2731 1883 2789 1936 ὲν
2819 1882 3149 1953 συγχύσειοξ
3173 1883 3424 1951 λογισμοὶ
3454 1883 3682 1953 εὑρεθή-

2104 1989 2287 2024 σονται
2313 1992 2325 2004 ·
2364 1976 2421 2026 ἐν
2451 1972 2676 2045 εὐταξίᾳ
2703 1973 2782 2040 δὲ,
2814 1977 2906 2028 καὶ
2944 1975 3186 2044 μάνδραις
3213 1977 3342 2028 εισω
3395 1974 3493 2042 τῆς
3542 1974 3682 2028 κατὰ

2102 2064 2376 2134 εὐνομίαν,
2411 2065 2773 2135 ὲφεπομένου,
2801 2065 2836 2136 ἢ
2866 2068 3279 2137 προηγουμένου
3311 2064 3501 2119 αὑτοῦ.

2178 2263 2307 2335 ρλξ.
2342 2266 2454 2336 Ἰῖῆς
2482 2267 2737 2334 πίστεως,
2769 2272 2796 2322 6
2827 2271 2989 2338 φόϐος
3040 2273 3151 2333 υἱός
3180 2292 3194 2305 ⁸
3223 2274 3330 2326 τῶν
3366 2277 3594 2330 ἐντολῶν
3627 2278 3684 2333 δὲ

2101 2349 2255 2418 οὗτος
2284 2361 2519 2426 νομεύςο
2555 2360 2649 2412 καὶ
2678 2362 2704 2410 ὁ
2738 2360 2811 2428 μὴ
2841 2360 2938 2430 τὴν
2971 2365 3186 2431 μητέρα
3239 2364 3429 2416 τούτου
3474 2369 3680 2436 κτησά.⁸

2103 2461 2284 2513 μενος,
2349 2447 2618 2516 πρόϐατον
2663 2448 2896 2518 ὀφθῆναι
2920 2466 2932 2477 ’
2967 2447 3066 2518 τῆς
3101 2453 3241 2503 κατὰ
3279 2452 3481 2523 Κύριον
3513 2458 3681 2528 νομῆς

2098 2536 2198 2589 οὑκ
2226 2537 2618 2608 ἀξιωθήσεται.

2173 2631 2309 2700 ρλη’.
2336 2632 2400 2684 Οἱ
2445 2633 2542 2694 μὲν
2573 2632 2672 2695 τὰς
2702 2634 2876 2704 ἀρχὰς
2929 2635 3093 2706 μόνας
3118 2636 3299 2706 ἔχουσι
3329 2639 3433 2692 τῶν
3473 2639 3675 2706 καλῶν,

2096 2727 2144 2777 οἱ
2172 2725 2227 2778 δὲ
2249 2727 2342 2779 καὶ
2375 2728 2473 2790 τὰς
2504 2727 2708 2781 τούτων
2733 2731 3059 2800 μεσότητας,
3095 2735 3145 2786 οἱ
3187 2734 3243 2786 δὲ
3279 2737 3374 2788 mi.
3430 2737 3499 2790 τὰ
3540 2737 3671 2807 τέλη

2095 2817 2298 2870 αὐτῶν.
2326 2812 2426 2872 Ὧν
2459 2819 2612 2886 ἄνευ,
2645 2821 2719 2884 ώς
2754 2824 3092 2894 στρατιώτης
3121 2826 3272 2895 ψιλὸς
3328 2829 3550 2893 ἕκαστος
3583 2831 3677 2884 εὐ-

2099 2918 2408 2988 ρεθήσεται,
2444 2919 2476 2990 ἢ
2513 2920 2908 2991 ἀξιωματικὸς,
2950 2924 3058 2978 τῶν
3118 2928 3442 2996 σιτηρεσίων
3470 2929 3628 2990 ἐκτός
3656 2945 3671 2960 ⁸

2094 3011 2188 3061 καὶ
2219 3010 2309 3064 διὰ
2339 3011 2521 3074 τοῦτο,
2565 3014 2592 3064 6
2630 3014 2730 3081 μὲν
2769 3014 2866 3085 τὴν
2908 3016 3103 3070 ἑαυτοῦ
3159 3020 3320 3088 μόνον
3355 3022 3533 3076 οἰκίαν
3563 3024 3674 3076 ἀπὸ

2094 3101 2199 3152 τῶν
2250 3103 2683 3174 ἐπιχειρούντων
2745 3107 2914 3177 αὑτὴν
2968 3110 3298 3180 ἐπηρεάζειν
3357 3115 3672 3184 συντηρώι·

2093 3192 2120 3241 6
2156 3191 2238 3254 δὲ,
2272 3194 2371 3244 οὑκ
2403 3197 2461 3245 ἐν
2482 3199 2614 3264 τιμῇ
2664 3198 2730 3266 τῇ
2768 3199 3120 3271 προσηκούσῃ
3185 3202 3576 3274 εὑρισκόμενος
3616 3211 3670 3260 ἐν

2095 3277 2174 3344 οἷς
2209 3283 2274 3336 ἂν
2307 3288 2658 3356 συνέρχηται.

2169 3375 2280 3444 ρμ’.
2322 3378 2384 3430 Οἱ
2411 3381 2530 3440 ταῖς
2579 3379 2791 3448 ἡδοναῖς
2819 3383 2964 3452 ἡμᾶς
3007 3385 3363 3455 συνέρχεσθαι
3411 3406 3668 3459 παρακα-

2091 3465 2310 3531 latr/ts;
2367 3469 2461 3522 τοῦ
2517 3473 2833 3540 φάρυγγος,
2895 3477 3103 3540 ἀτελεῖς
3164 3480 3344 3542 ὄντας,
3399 3483 3584 3552 ὅμοιόν
3616 3501 3667 3536 τι

2092 3559 2305 3614 ποιοῦσι
2334 3565 2444 3625 τοῖς
2486 3564 2830 3636 άναθερίζειν
2865 3570 3398 3641 παρακελευομένοις
3430 3574 3528 3638 τὰς
3586 3578 3669 3638 είς

2095 3651 2283 3718 ὑγείαν
2323 3653 2538 3723 πληγάς
2561 3657 2659 3727 ἤδη
2688 3658 2970 3725 ἐλθούσας,
3004 3664 3035 3732 ἢ
3075 3664 3173 3727 τὰς
3203 3665 3392 3736 ψώρας
3420 3667 3509 3720 διὰ
3566 3668 3668 3738 τὴν

2090 3742 2331 3813 ήδύτητα
2355 3745 2536 3809 κνίθζε
2547 3764 2614 3811 ιν,
2630 3748 2661 3816 ἦ
2676 3747 2746 3800 τὰ
2764 3750 2854 3802 τὸν
2868 3753 3098 3820 πυρετὸν
3115 3753 3316 3808 ἐσθίειν
3331 3757 3661 3823 ἀνάπτοντα,

2090 3833 2122 3903 ἢ
2151 3835 2523 3905 ἀποφράττειν
2556 3839 2646 3891 τὸν
2693 3842 2992 3910 ἀμπελῶνα
3017 3844 3200 3908 αὑτοῦ,
3238 3847 3330 3898 καὶ
3357 3853 3664 3920 συγχωρεῖν

2089 3927 2457 3998 είσὲρχεσθαι,
2527 3931 2601 3994 ὡς
2645 3935 2828 4001 μονιδν
2885 3937 3097 4004 ἄγριον,
3152 3939 3213 3990 τὸ
3252 3941 3506 4010 φρόνημα
3561 3943 3661 4012 τῆς

2091 4019 2316 4087 σαρκὸς,
2352 4023 2446 4073 καὶ
2494 4023 2593 4086 τὰς
2639 4027 2846 4088 ἐννοίας
2904 4029 3000 4090 τὰς
3031 4029 3244 4097 ἀγαθὰς
3279 4031 3353 4093 ώς
3384 4036 3660 4102 σταφυλὰς

2085 4110 2465 4166 διαϐόσκεσθαι
2485 4131 2498 4144 ·
2533 4109 2614 4177 οἷς
2641 4117 2700 4168 οὑ
2734 4118 3014 4172 πείθεσθαι
3040 4123 3164 4190 χρὴ,
3197 4122 3319 4174 οὐδὲ
3348 4126 3466 4185 ταῖς
3497 4126 3655 4178 ἀκαι-

2088 4218 2199 4270 ροις
2221 4204 2568 4272 κάμπτεσθαι
2589 4209 2921 4274 κολακείαις,
2936 4192 3238 4281 ἀνθρώπων
3255 4230 3311 4265 τε
3334 4215 3427 4266 καὶ
3449 4216 3655 4268 παθῶν

2089 4295 2428 4365 κατοχυροῦν
2450 4298 2506 4350 δὲ
2541 4300 2738 4368 μᾶλλον
2796 4301 2885 4354 τὸν
2919 4303 3172 4372 φραγμὸν
3214 4304 3282 4356 δι’
3323 4305 3654 4376 ἐγκρατείας

2083 4384 2188 4446 ἕως
2230 4386 2544 4442 παύσωνται
2581 4391 2636 4443 οἴ
2690 4408 2747 4443 τε
2801 4392 3000 4463 θῆρες·
3055 4395 3126 4446 τὰ
3176 4397 3416 4464 σαρκικὰ
3469 4398 3653 4468 πάθη·

2083 4475 2380 4546 ώρύεσθαι,
2417 4481 2510 4533 καὶ
2543 4483 2618 4545 ώς
2660 4486 2902 4547 πετεινὰ,
2929 4487 2978 4537 ot
3010 4485 3229 4555 μάταιοι
3253 4488 3522 4558 λογισμοὶ,
3579 4491 3654 4560 μὴ

383 4553 558 4608 instar
607 4559 848 4615 animam
902 4562 1049 4618 bene
1079 4564 1352 4620 directam
1396 4571 1964 4641 contemplationibns

2095 4570 2432 4624 καταϐαίνειν
2458 4572 2814 4642 λυμαίνεσθαι
2846 4576 2946 4644 τὴν
2976 4553 3219 4646 ἄμπελον
3253 4553 3655 4651 εὐθυνουμέ·ι“ην

378 4661 503 4737 qua:
522 4658 654 4705 sunt
691 4652 745 4706 in
777 4653 1002 4712 Christo
1021 4657 1150 4714 Jesu
1177 4659 1411 4716 Domino
1435 4671 1653 4734 nostro,
1677 4666 1765 4720 cui
1786 4666 1962 4737 gloria

380 4736 437 4790 in
459 4742 676 4798 saecula.
702 4743 896 4803 Amen.

2079 4659 2258 4734 ψυχὴν
2289 4665 2546 4736 θεωρίαις
2573 4671 2693 4731 ταῖς
2728 4671 2787 4724 ἐν
2832 4672 3054 4743 Χριστῷ
3108 4674 3282 4745 Ἰησοῦ
3331 4675 3408 4746 τῷ
3466 4676 3656 4748 Κυρίῳ

2078 4753 2234 4820 ἡμῶν
2263 4772 2274 4785 ’
2328 4749 2371 4823 ᾧ
2409 4757 2443 4827 ὴ
2471 4757 2596 4824 δόξα
2631 4759 2712 4824 είς
2733 4763 2858 4826 τοὺς
2888 4763 3111 4828 αἰῶνας.
3158 4767 3350 4838 Ἀμήν.
