  <div class='ocr_page' id='page_1' title='image "/cluster/home/n/w/nwhite01/storage/ocr_20150623/127/coo.31924054870328/596.png"; bbox 0 0 4100 6414; ppageno 0'>
   <div class='ocr_carea' id='block_1_1' title="bbox 1677 418 1933 432">
    <p class='ocr_par' dir='ltr' id='par_1_1' title="bbox 1677 418 1933 432">
     <span class='ocr_line' id='line_1_1' title="bbox 1677 418 1933 432; baseline 0 0"><span class='ocrx_word' id='word_1_1' title='bbox 1677 418 1933 432; x_wconf 49' lang='grc' dir='ltr'><strong>-η--νω</strong></span> 
     </span>
    </p>
   </div>
   <div class='ocr_carea' id='block_1_2' title="bbox 345 418 2088 468">
    <p class='ocr_par' dir='ltr' id='par_1_2' title="bbox 345 418 2088 468">
     <span class='ocr_line' id='line_1_2' title="bbox 345 418 2088 468; baseline -0.002 -10"><span class='ocrx_word' id='word_1_2' title='bbox 345 418 2088 468; x_wconf 50' lang='lat' dir='ltr'><strong>mm</strong></span> 
     </span>
    </p>
   </div>
   <div class='ocr_carea' id='block_1_3' title="bbox 1347 651 2628 894">
    <p class='ocr_par' dir='ltr' id='par_1_3' title="bbox 1347 651 2628 894">
     <span class='ocr_line' id='line_1_3' title="bbox 1347 651 2628 894; baseline -0.005 -2"><span class='ocrx_word' id='word_1_3' title='bbox 1347 651 2628 894; x_wconf 84' lang='lat' dir='ltr'><strong>ADDENDA</strong></span> 
     </span>
    </p>
   </div>
   <div class='ocr_carea' id='block_1_4' title="bbox 401 1222 3621 1307">
    <p class='ocr_par' dir='ltr' id='par_1_4' title="bbox 401 1222 3621 1307">
     <span class='ocr_line' id='line_1_4' title="bbox 401 1222 3621 1307; baseline -0.002 -15"><span class='ocrx_word' id='word_1_4' title='bbox 401 1232 604 1307; x_wconf 80' lang='lat' dir='ltr'><strong>Supra</strong></span> <span class='ocrx_word' id='word_1_5' title='bbox 625 1224 748 1288; x_wconf 91' lang='lat' dir='ltr'><strong>col.</strong></span> <span class='ocrx_word' id='word_1_6' title='bbox 783 1224 901 1307; x_wconf 57' lang='lat'><strong>5153</strong></span> <span class='ocrx_word' id='word_1_7' title='bbox 930 1224 1264 1307; x_wconf 84' lang='lat' dir='ltr'><strong>Lectorem</strong></span> <span class='ocrx_word' id='word_1_8' title='bbox 1297 1222 1384 1307; x_wconf 84' lang='lat' dir='ltr'><strong>ad</strong></span> <span class='ocrx_word' id='word_1_9' title='bbox 1412 1223 1624 1307; x_wconf 82' lang='lat' dir='ltr'><strong>Opera</strong></span> <span class='ocrx_word' id='word_1_10' title='bbox 1673 1224 1736 1307; x_wconf 75' lang='lat' dir='ltr'><strong>S.</strong></span> <span class='ocrx_word' id='word_1_11' title='bbox 1767 1224 2062 1307; x_wconf 74' lang='lat' dir='ltr'><strong>Gregorii</strong></span> <span class='ocrx_word' id='word_1_12' title='bbox 2127 1222 2436 1307; x_wconf 71' lang='lat' dir='ltr'><strong>Theologi</strong></span> <span class='ocrx_word' id='word_1_13' title='bbox 2474 1222 2875 1307; x_wconf 80' lang='lat' dir='ltr'><strong>remisimus,</strong></span> <span class='ocrx_word' id='word_1_14' title='bbox 2909 1222 3303 1307; x_wconf 73' lang='lat' dir='ltr'><strong>ubi_Nicette_</strong></span> <span class='ocrx_word' id='word_1_15' title='bbox 3338 1224 3621 1307; x_wconf 78' lang='lat' dir='ltr'><strong>Serronii</strong></span> 
     </span>
    </p>
   </div>
   <div class='ocr_carea' id='block_1_5' title="bbox 347 1303 3620 1384">
    <p class='ocr_par' dir='ltr' id='par_1_5' title="bbox 347 1303 3620 1384">
     <span class='ocr_line' id='line_1_5' title="bbox 347 1303 3620 1384; baseline -0.001 -17"><span class='ocrx_word' id='word_1_16' title='bbox 347 1303 826 1384; x_wconf 60' lang='lat' dir='ltr'><strong>espo&#39;sitionem</strong></span> <span class='ocrx_word' id='word_1_17' title='bbox 867 1305 935 1366; x_wconf 88' lang='lat' dir='ltr'><strong>in</strong></span> <span class='ocrx_word' id='word_1_18' title='bbox 981 1305 1308 1368; x_wconf 85' lang='lat' dir='ltr'><strong>orationes</strong></span> <span class='ocrx_word' id='word_1_19' title='bbox 1350 1305 1510 1365; x_wconf 85' lang='lat' dir='ltr'><strong>duas</strong></span> <span class='ocrx_word' id='word_1_20' title='bbox 1557 1306 1618 1365; x_wconf 91' lang='lat' dir='ltr'><strong>S.</strong></span> <span class='ocrx_word' id='word_1_21' title='bbox 1657 1304 1957 1382; x_wconf 74' lang='lat' dir='ltr'><strong>Gregorii</strong></span> <span class='ocrx_word' id='word_1_22' title='bbox 2019 1305 2238 1365; x_wconf 61' lang='lat' dir='ltr'><strong>Graece</strong></span> <span class='ocrx_word' id='word_1_23' title='bbox 2293 1310 2355 1363; x_wconf 94' lang='lat' dir='ltr'><strong>et</strong></span> <span class='ocrx_word' id='word_1_24' title='bbox 2405 1304 2644 1384; x_wconf 83' lang='lat' dir='ltr'><strong>Latine,</strong></span> <span class='ocrx_word' id='word_1_25' title='bbox 2707 1303 3089 1384; x_wconf 81' lang='lat' dir='ltr'><strong>speciminis</strong></span> <span class='ocrx_word' id='word_1_26' title='bbox 3145 1304 3620 1384; x_wconf 24' lang='lat' dir='ltr'><strong>gratia,‘edidi—</strong></span> 
     </span>
    </p>
   </div>
   <div class='ocr_carea' id='block_1_6' title="bbox 349 1381 3618 1460">
    <p class='ocr_par' dir='ltr' id='par_1_6' title="bbox 349 1381 3618 1460">
     <span class='ocr_line' id='line_1_6' title="bbox 349 1381 3618 1460; baseline -0 -17"><span class='ocrx_word' id='word_1_27' title='bbox 349 1381 516 1446; x_wconf 80' lang='lat' dir='ltr'><strong>tuus.</strong></span> <span class='ocrx_word' id='word_1_28' title='bbox 586 1388 833 1456; x_wconf 80' lang='lat' dir='ltr'><strong>Postea,</strong></span> <span class='ocrx_word' id='word_1_29' title='bbox 887 1402 955 1446; x_wconf 89' lang='lat' dir='ltr'><strong>re</strong></span> <span class='ocrx_word' id='word_1_30' title='bbox 1017 1383 1334 1447; x_wconf 85' lang='lat' dir='ltr'><strong>maturius</strong></span> <span class='ocrx_word' id='word_1_31' title='bbox 1381 1399 1719 1460; x_wconf 81' lang='lat' dir='ltr'><strong>perpensa,</strong></span> <span class='ocrx_word' id='word_1_32' title='bbox 1763 1393 1824 1445; x_wconf 91' lang='lat' dir='ltr'><strong>et</strong></span> <span class='ocrx_word' id='word_1_33' title='bbox 1874 1384 2109 1444; x_wconf 69' lang='lat' dir='ltr'><strong>Nicette</strong></span> <span class='ocrx_word' id='word_1_34' title='bbox 2158 1386 2324 1458; x_wconf 84' lang='lat' dir='ltr'><strong>apud</strong></span> <span class='ocrx_word' id='word_1_35' title='bbox 2367 1383 2600 1443; x_wconf 89' lang='lat' dir='ltr'><strong>multos</strong></span> <span class='ocrx_word' id='word_1_36' title='bbox 2659 1381 3049 1443; x_wconf 82' lang='lat' dir='ltr'><strong>auctoritatis</strong></span> <span class='ocrx_word' id='word_1_37' title='bbox 3095 1383 3339 1443; x_wconf 76' lang='lat' dir='ltr'><strong>ratione</strong></span> <span class='ocrx_word' id='word_1_38' title='bbox 3384 1381 3618 1449; x_wconf 86' lang='lat' dir='ltr'><strong>habita,</strong></span> 
     </span>
    </p>
   </div>
   <div class='ocr_carea' id='block_1_7' title="bbox 348 1461 3617 1542">
    <p class='ocr_par' dir='ltr' id='par_1_7' title="bbox 348 1461 3617 1542">
     <span class='ocr_line' id='line_1_7' title="bbox 348 1461 3617 1542; baseline -0 -19"><span class='ocrx_word' id='word_1_39' title='bbox 348 1463 885 1524; x_wconf 80' lang='lat' dir='ltr'><strong>commentarium</strong></span> <span class='ocrx_word' id='word_1_40' title='bbox 945 1464 1268 1542; x_wconf 70' lang='lat' dir='ltr'><strong>integrum</strong></span> <span class='ocrx_word' id='word_1_41' title='bbox 1313 1462 1505 1526; x_wconf 87' lang='lat' dir='ltr'><strong>edere</strong></span> <span class='ocrx_word' id='word_1_42' title='bbox 1565 1464 1935 1524; x_wconf 76' lang='lat' dir='ltr'><strong>statuimus.</strong></span> <span class='ocrx_word' id='word_1_43' title='bbox 1993 1465 2220 1524; x_wconf 83' lang='lat' dir='ltr'><strong>Lector</strong></span> <span class='ocrx_word' id='word_1_44' title='bbox 2277 1463 2354 1522; x_wconf 88' lang='lat' dir='ltr'><strong>ad</strong></span> <span class='ocrx_word' id='word_1_45' title='bbox 2413 1461 2743 1523; x_wconf 77' lang='lat' dir='ltr'><strong>columnas</strong></span> <span class='ocrx_word' id='word_1_46' title='bbox 2797 1461 3097 1523; x_wconf 70' lang='lat' dir='ltr'><strong>editionis</strong></span> <span class='ocrx_word' id='word_1_47' title='bbox 3153 1470 3387 1523; x_wconf 82' lang='lat' dir='ltr'><strong>nostrae</strong></span> <span class='ocrx_word' id='word_1_48' title='bbox 3441 1461 3617 1540; x_wconf 85' lang='lat' dir='ltr'><strong>(tom.</strong></span> 
     </span>
    </p>
   </div>
   <div class='ocr_carea' id='block_1_8' title="bbox 351 1543 1046 1622">
    <p class='ocr_par' dir='ltr' id='par_1_8' title="bbox 351 1543 1046 1622">
     <span class='ocr_line' id='line_1_8' title="bbox 351 1543 1046 1622; baseline 0.003 -20"><span class='ocrx_word' id='word_1_49' title='bbox 351 1545 583 1604; x_wconf 71' lang='lat' dir='ltr'><strong>XXXV</strong></span> <span class='ocrx_word' id='word_1_50' title='bbox 601 1543 649 1622; x_wconf 66' lang='lat'><strong>1&quot;)</strong></span> <span class='ocrx_word' id='word_1_51' title='bbox 687 1551 1046 1605; x_wconf 82' lang='lat' dir='ltr'><strong>revocatur.</strong></span> 
     </span>
    </p>
   </div>
   <div class='ocr_carea' id='block_1_9' title="bbox 972 1936 1991 2130">
    <p class='ocr_par' dir='ltr' id='par_1_9' title="bbox 972 1949 1991 2130">
     <span class='ocr_line' id='line_1_9' title="bbox 972 1949 1991 2130; baseline -0.011 -2"><span class='ocrx_word' id='word_1_52' title='bbox 972 1949 1854 2130; x_wconf 71' lang='grc' dir='ltr'><strong>ΝΙΟΕΤΑΞ</strong></span> <span class='ocrx_word' id='word_1_53' title='bbox 1990 2109 1991 2117; x_wconf 20' lang='grc' dir='ltr'><em>χ</em></span> 
     </span>
    </p>
   </div>
   <div class='ocr_carea' id='block_1_10' title="bbox 2050 1936 3008 2130">
    <p class='ocr_par' dir='ltr' id='par_1_10' title="bbox 2050 1936 3008 2128">
     <span class='ocr_line' id='line_1_10' title="bbox 2050 1936 3008 2128; baseline -0.003 -1"><span class='ocrx_word' id='word_1_54' title='bbox 2050 1936 3008 2128; x_wconf 70' lang='lat' dir='ltr'><strong>SEBRONII</strong></span> 
     </span>
    </p>
   </div>
   <div class='ocr_carea' id='block_1_11' title="bbox 1439 2246 2533 2305">
    <p class='ocr_par' dir='ltr' id='par_1_11' title="bbox 1439 2246 2533 2305">
     <span class='ocr_line' id='line_1_11' title="bbox 1439 2246 2533 2305; baseline -0.001 0"><span class='ocrx_word' id='word_1_55' title='bbox 1439 2247 1970 2305; x_wconf 78' lang='lat' dir='ltr'><strong>HERACLEENSIS</strong></span> <span class='ocrx_word' id='word_1_56' title='bbox 2013 2246 2533 2305; x_wconf 61' lang='lat' dir='ltr'><strong>METROPOLITE</strong></span> 
     </span>
    </p>
   </div>
   <div class='ocr_carea' id='block_1_12' title="bbox 474 2405 3508 2625">
    <p class='ocr_par' dir='ltr' id='par_1_12' title="bbox 474 2405 3508 2625">
     <span class='ocr_line' id='line_1_12' title="bbox 474 2405 3508 2625; baseline -0.001 -51"><span class='ocrx_word' id='word_1_57' title='bbox 474 2423 1033 2576; x_wconf 74' lang='lat' dir='ltr'><strong>EXI’OSITIO</strong></span> <span class='ocrx_word' id='word_1_58' title='bbox 1107 2425 1219 2573; x_wconf 88' lang='lat' dir='ltr'><strong>IN</strong></span> <span class='ocrx_word' id='word_1_59' title='bbox 1309 2421 1897 2573; x_wconf 70' lang='lat' dir='ltr'><strong>ORATIONES</strong></span> <span class='ocrx_word' id='word_1_60' title='bbox 1989 2422 2078 2567; x_wconf 86' lang='lat' dir='ltr'><strong>S.</strong></span> <span class='ocrx_word' id='word_1_61' title='bbox 2178 2423 2690 2571; x_wconf 74' lang='lat' dir='ltr'><strong>GREGORII</strong></span> <span class='ocrx_word' id='word_1_62' title='bbox 2776 2422 3396 2572; x_wconf 77' lang='lat' dir='ltr'><strong>NAZIA-NZENI</strong></span> <span class='ocrx_word' id='word_1_63' title='bbox 3469 2405 3508 2444; x_wconf 52' lang='grc'><strong><em>⁴</em></strong></span> 
     </span>
    </p>
   </div>
   <div class='ocr_carea' id='block_1_13' title="bbox 1647 2675 2338 2741">
    <p class='ocr_par' dir='ltr' id='par_1_13' title="bbox 1647 2675 2338 2741">
     <span class='ocr_line' id='line_1_13' title="bbox 1647 2675 2338 2741; baseline -0.007 -13"><span class='ocrx_word' id='word_1_64' title='bbox 1647 2675 1936 2741; x_wconf 82' lang='lat' dir='ltr'><strong>Interprete</strong></span> <span class='ocrx_word' id='word_1_65' title='bbox 1958 2676 2142 2728; x_wconf 76' lang='lat' dir='ltr'><strong>Jacobs</strong></span> <span class='ocrx_word' id='word_1_66' title='bbox 2169 2675 2338 2726; x_wconf 80' lang='lat' dir='ltr'><strong>Bittio.</strong></span> 
     </span>
    </p>
   </div>
   <div class='ocr_carea' id='block_1_14' title="bbox 1199 3003 2782 3098">
    <p class='ocr_par' dir='ltr' id='par_1_14' title="bbox 1199 3003 2782 3098">
     <span class='ocr_line' id='line_1_14' title="bbox 1199 3003 2782 3098; baseline -0.001 -5"><span class='ocrx_word' id='word_1_67' title='bbox 1199 3007 1330 3094; x_wconf 88' lang='lat' dir='ltr'><strong>IN</strong></span> <span class='ocrx_word' id='word_1_68' title='bbox 1405 3003 2126 3098; x_wconf 79' lang='lat' dir='ltr'><strong>ORATIONEM</strong></span> <span class='ocrx_word' id='word_1_69' title='bbox 2221 3004 2782 3094; x_wconf 82' lang='lat' dir='ltr'><strong>XXXVIII.</strong></span> 
     </span>
    </p>
   </div>
   <div class='ocr_carea' id='block_1_15' title="bbox 887 3217 1403 3278">
    <p class='ocr_par' dir='ltr' id='par_1_15' title="bbox 887 3217 1403 3278">
     <span class='ocr_line' id='line_1_15' title="bbox 887 3217 1403 3278; baseline -0.006 -1"><span class='ocrx_word' id='word_1_70' title='bbox 887 3217 1403 3278; x_wconf 69' lang='lat' dir='ltr'><strong>ARGUMENTUM.</strong></span> 
     </span>
    </p>
   </div>
   <div class='ocr_carea' id='block_1_16' title="bbox 357 3330 1945 3398">
    <p class='ocr_par' dir='ltr' id='par_1_16' title="bbox 357 3330 1945 3398">
     <span class='ocr_line' id='line_1_16' title="bbox 357 3330 1945 3398; baseline -0.013 0"><span class='ocrx_word' id='word_1_71' title='bbox 357 3341 515 3398; x_wconf 84' lang='lat' dir='ltr'><strong>Hanc</strong></span> <span class='ocrx_word' id='word_1_72' title='bbox 551 3341 844 3396; x_wconf 86' lang='lat' dir='ltr'><strong>orationem</strong></span> <span class='ocrx_word' id='word_1_73' title='bbox 881 3339 934 3391; x_wconf 82' lang='lat' dir='ltr'><strong>in</strong></span> <span class='ocrx_word' id='word_1_74' title='bbox 960 3335 1084 3389; x_wconf 82' lang='lat' dir='ltr'><strong>urbe</strong></span> <span class='ocrx_word' id='word_1_75' title='bbox 1121 3332 1714 3398; x_wconf 80' lang='lat' dir='ltr'><strong>Constantinopolitana</strong></span> <span class='ocrx_word' id='word_1_76' title='bbox 1778 3330 1945 3384; x_wconf 80' lang='lat' dir='ltr'><strong>Thea—</strong></span> 
     </span>
    </p>
   </div>
   <div class='ocr_carea' id='block_1_17' title="bbox 432 3403 1942 3483">
    <p class='ocr_par' dir='ltr' id='par_1_17' title="bbox 432 3403 1942 3483">
     <span class='ocr_line' id='line_1_17' title="bbox 432 3403 1942 3483; baseline -0.009 -17"><span class='ocrx_word' id='word_1_77' title='bbox 432 3415 580 3483; x_wconf 79' lang='lat' dir='ltr'><strong>loqus</strong></span> <span class='ocrx_word' id='word_1_78' title='bbox 597 3411 783 3465; x_wconf 79' lang='lat' dir='ltr'><strong>edidit.</strong></span> <span class='ocrx_word' id='word_1_79' title='bbox 802 3407 895 3483; x_wconf 89' lang='lat' dir='ltr'><strong>_0b</strong></span> <span class='ocrx_word' id='word_1_80' title='bbox 913 3423 1128 3475; x_wconf 84' lang='lat' dir='ltr'><strong>eamque</strong></span> <span class='ocrx_word' id='word_1_81' title='bbox 1151 3421 1368 3483; x_wconf 68' lang='lat' dir='ltr'><strong>causam</strong></span> <span class='ocrx_word' id='word_1_82' title='bbox 1391 3404 1591 3483; x_wconf 49' lang='lat' dir='ltr'><strong>frictum</strong></span> <span class='ocrx_word' id='word_1_83' title='bbox 1619 3412 1718 3483; x_wconf 71' lang='lat' dir='ltr'><strong>est,</strong></span> <span class='ocrx_word' id='word_1_84' title='bbox 1742 3413 1796 3483; x_wconf 73' lang='lat' dir='ltr'><strong>ut</strong></span> <span class='ocrx_word' id='word_1_85' title='bbox 1815 3403 1942 3482; x_wconf 67' lang='lat' dir='ltr'><strong>quia</strong></span> 
     </span>
    </p>
   </div>
   <div class='ocr_carea' id='block_1_18' title="bbox 431 3471 1942 3536">
    <p class='ocr_par' dir='ltr' id='par_1_18' title="bbox 431 3471 1942 3536">
     <span class='ocr_line' id='line_1_18' title="bbox 431 3471 1942 3536; baseline -0.009 0"><span class='ocrx_word' id='word_1_86' title='bbox 431 3471 549 3536; x_wconf 52' lang='lat' dir='ltr'><strong>cu’m</strong></span> <span class='ocrx_word' id='word_1_87' title='bbox 582 3481 837 3535; x_wconf 78' lang='lat' dir='ltr'><strong>lucreticis</strong></span> <span class='ocrx_word' id='word_1_88' title='bbox 858 3471 1116 3531; x_wconf 76' lang='lat' dir='ltr'><strong>certamen</strong></span> <span class='ocrx_word' id='word_1_89' title='bbox 1143 3471 1397 3532; x_wconf 67' lang='lat' dir='ltr'><strong>haberet,</strong></span> <span class='ocrx_word' id='word_1_90' title='bbox 1414 3473 1722 3528; x_wconf 84' lang='lat' dir='ltr'><strong>Divinitatis</strong></span> <span class='ocrx_word' id='word_1_91' title='bbox 1742 3471 1942 3524; x_wconf 85' lang='lat' dir='ltr'><strong>doctri-</strong></span> 
     </span>
    </p>
   </div>
   <div class='ocr_carea' id='block_1_19' title="bbox 431 3547 1414 3622">
    <p class='ocr_par' dir='ltr' id='par_1_19' title="bbox 431 3547 1414 3622">
     <span class='ocr_line' id='line_1_19' title="bbox 431 3547 1414 3622; baseline -0.008 -16"><span class='ocrx_word' id='word_1_92' title='bbox 431 3571 553 3606; x_wconf 84' lang='lat' dir='ltr'><strong>nam</strong></span> <span class='ocrx_word' id='word_1_93' title='bbox 585 3567 835 3622; x_wconf 83' lang='lat' dir='ltr'><strong>perquam</strong></span> <span class='ocrx_word' id='word_1_94' title='bbox 866 3557 1117 3602; x_wconf 82' lang='lat' dir='ltr'><strong>accurate</strong></span> <span class='ocrx_word' id='word_1_95' title='bbox 1140 3547 1414 3598; x_wconf 73' lang='lat' dir='ltr'><strong>(ructarit.</strong></span> 
     </span>
    </p>
   </div>
   <div class='ocr_carea' id='block_1_20' title="bbox 859 3645 1439 3714">
    <p class='ocr_par' dir='ltr' id='par_1_20' title="bbox 859 3645 1439 3714">
     <span class='ocr_line' id='line_1_20' title="bbox 859 3645 1439 3714; baseline -0.009 0"><span class='ocrx_word' id='word_1_96' title='bbox 859 3645 1439 3714; x_wconf 71' lang='lat' dir='ltr'><strong>COMMENTARIUS.</strong></span> 
     </span>
    </p>
   </div>
   <div class='ocr_carea' id='block_1_21' title="bbox 430 3765 1942 3841">
    <p class='ocr_par' dir='ltr' id='par_1_21' title="bbox 430 3765 1942 3841">
     <span class='ocr_line' id='line_1_21' title="bbox 430 3765 1942 3841; baseline -0.006 -13"><span class='ocrx_word' id='word_1_97' title='bbox 430 3775 548 3830; x_wconf 88' lang='lat' dir='ltr'><strong>Col.</strong></span> <span class='ocrx_word' id='word_1_98' title='bbox 591 3774 691 3828; x_wconf 84' lang='lat' dir='ltr'><strong>&#39;5ll</strong></span> <span class='ocrx_word' id='word_1_99' title='bbox 727 3775 790 3827; x_wconf 84' lang='grc' dir='ltr'><strong>Λ.</strong></span> <span class='ocrx_word' id='word_1_100' title='bbox 825 3771 1064 3826; x_wconf 83' lang='lat' dir='ltr'><strong>Christus</strong></span> <span class='ocrx_word' id='word_1_101' title='bbox 1089 3770 1346 3841; x_wconf 78' lang='lat' dir='ltr'><strong>gignitur,</strong></span> <span class='ocrx_word' id='word_1_102' title='bbox 1372 3777 1478 3823; x_wconf 86' lang='lat' dir='ltr'><strong>etc.</strong></span> <span class='ocrx_word' id='word_1_103' title='bbox 1509 3765 1713 3822; x_wconf 89' lang='lat' dir='ltr'><strong>Christi</strong></span> <span class='ocrx_word' id='word_1_104' title='bbox 1744 3781 1942 3819; x_wconf 87' lang='lat' dir='ltr'><strong>nomen</strong></span> 
     </span>
    </p>
   </div>
   <div class='ocr_carea' id='block_1_22' title="bbox 362 3856 1939 3936">
    <p class='ocr_par' dir='ltr' id='par_1_22' title="bbox 362 3856 1939 3936">
     <span class='ocr_line' id='line_1_22' title="bbox 362 3856 1939 3936; baseline -0.006 -18"><span class='ocrx_word' id='word_1_105' title='bbox 362 3867 582 3936; x_wconf 76' lang='lat' dir='ltr'><strong>proprie</strong></span> <span class='ocrx_word' id='word_1_106' title='bbox 635 3875 928 3932; x_wconf 87' lang='lat' dir='ltr'><strong>utrumque</strong></span> <span class='ocrx_word' id='word_1_107' title='bbox 978 3860 1137 3917; x_wconf 88' lang='lat' dir='ltr'><strong>simul</strong></span> <span class='ocrx_word' id='word_1_108' title='bbox 1176 3859 1467 3930; x_wconf 80' lang='lat' dir='ltr'><strong>signiﬁcat,</strong></span> <span class='ocrx_word' id='word_1_109' title='bbox 1519 3872 1714 3927; x_wconf 86' lang='lat' dir='ltr'><strong>nempe</strong></span> <span class='ocrx_word' id='word_1_110' title='bbox 1770 3856 1939 3909; x_wconf 89' lang='lat' dir='ltr'><strong>Deum</strong></span> 
     </span>
    </p>
   </div>
   <div class='ocr_carea' id='block_1_23' title="bbox 360 3949 1942 4025">
    <p class='ocr_par' dir='ltr' id='par_1_23' title="bbox 360 3949 1942 4025">
     <span class='ocr_line' id='line_1_23' title="bbox 360 3949 1942 4025; baseline -0.008 -12"><span class='ocrx_word' id='word_1_111' title='bbox 360 3968 413 4014; x_wconf 90' lang='lat' dir='ltr'><strong>et</strong></span> <span class='ocrx_word' id='word_1_112' title='bbox 454 3958 752 4012; x_wconf 85' lang='lat' dir='ltr'><strong>hominem.</strong></span> <span class='ocrx_word' id='word_1_113' title='bbox 793 3955 1089 4025; x_wconf 84' lang='lat' dir='ltr'><strong>lmproprie</strong></span> <span class='ocrx_word' id='word_1_114' title='bbox 1137 3966 1317 4008; x_wconf 84' lang='lat' dir='ltr'><strong>autem</strong></span> <span class='ocrx_word' id='word_1_115' title='bbox 1354 3950 1652 4022; x_wconf 83' lang='lat' dir='ltr'><strong>aliquando</strong></span> <span class='ocrx_word' id='word_1_116' title='bbox 1693 3965 1790 4018; x_wconf 87' lang='lat' dir='ltr'><strong>pro</strong></span> <span class='ocrx_word' id='word_1_117' title='bbox 1829 3949 1942 4003; x_wconf 88' lang='lat' dir='ltr'><strong>sola</strong></span> 
     </span>
    </p>
   </div>
   <div class='ocr_carea' id='block_1_24' title="bbox 319 4044 1946 4120">
    <p class='ocr_par' dir='ltr' id='par_1_24' title="bbox 319 4044 1946 4120">
     <span class='ocr_line' id='line_1_24' title="bbox 319 4044 1946 4120; baseline -0.004 -16"><span class='ocrx_word' id='word_1_118' title='bbox 319 4115 326 4120; x_wconf 31' lang='grc' dir='ltr'><strong><em>ν</em></strong></span> <span class='ocrx_word' id='word_1_119' title='bbox 361 4051 527 4106; x_wconf 77' lang='lat' dir='ltr'><strong>Verbi</strong></span> <span class='ocrx_word' id='word_1_120' title='bbox 555 4052 835 4104; x_wconf 81' lang='lat' dir='ltr'><strong>divinitate</strong></span> <span class='ocrx_word' id='word_1_121' title='bbox 883 4049 1174 4116; x_wconf 79' lang='lat' dir='ltr'><strong>accipitur,</strong></span> <span class='ocrx_word' id='word_1_122' title='bbox 1220 4046 1516 4115; x_wconf 81' lang='lat' dir='ltr'><strong>aliquando</strong></span> <span class='ocrx_word' id='word_1_123' title='bbox 1552 4060 1648 4114; x_wconf 89' lang='lat' dir='ltr'><strong>pro</strong></span> <span class='ocrx_word' id='word_1_124' title='bbox 1682 4045 1798 4098; x_wconf 86' lang='lat' dir='ltr'><strong>sola</strong></span> <span class='ocrx_word' id='word_1_125' title='bbox 1842 4044 1946 4098; x_wconf 84' lang='lat' dir='ltr'><strong>hu-</strong></span> 
     </span>
    </p>
   </div>
   <div class='ocr_carea' id='block_1_25' title="bbox 364 4137 1943 4210">
    <p class='ocr_par' dir='ltr' id='par_1_25' title="bbox 364 4137 1943 4210">
     <span class='ocr_line' id='line_1_25' title="bbox 364 4137 1943 4210; baseline -0.004 -15"><span class='ocrx_word' id='word_1_126' title='bbox 364 4144 645 4195; x_wconf 76' lang='lat' dir='ltr'><strong>manitate.</strong></span> <span class='ocrx_word' id='word_1_127' title='bbox 717 4141 911 4195; x_wconf 63' lang='lat' dir='ltr'><strong>Primae</strong></span> <span class='ocrx_word' id='word_1_128' title='bbox 986 4139 1402 4210; x_wconf 81' lang='lat' dir='ltr'><strong>signiﬁcationis</strong></span> <span class='ocrx_word' id='word_1_129' title='bbox 1467 4137 1776 4206; x_wconf 75' lang='lat' dir='ltr'><strong>exemplum</strong></span> <span class='ocrx_word' id='word_1_130' title='bbox 1835 4146 1943 4199; x_wconf 85' lang='lat' dir='ltr'><strong>est,</strong></span> 
     </span>
    </p>
   </div>
   <div class='ocr_carea' id='block_1_26' title="bbox 363 4230 1946 4304">
    <p class='ocr_par' dir='ltr' id='par_1_26' title="bbox 363 4230 1946 4304">
     <span class='ocr_line' id='line_1_26' title="bbox 363 4230 1946 4304; baseline -0.004 -15"><span class='ocrx_word' id='word_1_131' title='bbox 363 4233 609 4289; x_wconf 78' lang='lat' dir='ltr'><strong>Christus</strong></span> <span class='ocrx_word' id='word_1_132' title='bbox 646 4235 902 4304; x_wconf 85' lang='lat' dir='ltr'><strong>gignitur.</strong></span> <span class='ocrx_word' id='word_1_133' title='bbox 950 4232 1094 4288; x_wconf 84' lang='lat' dir='ltr'><strong>Deus</strong></span> <span class='ocrx_word' id='word_1_134' title='bbox 1124 4232 1267 4285; x_wconf 88' lang='lat' dir='ltr'><strong>enim</strong></span> <span class='ocrx_word' id='word_1_135' title='bbox 1304 4231 1466 4285; x_wconf 88' lang='lat' dir='ltr'><strong>simul</strong></span> <span class='ocrx_word' id='word_1_136' title='bbox 1501 4240 1553 4285; x_wconf 90' lang='lat' dir='ltr'><strong>et</strong></span> <span class='ocrx_word' id='word_1_137' title='bbox 1583 4231 1746 4284; x_wconf 87' lang='lat' dir='ltr'><strong>homo</strong></span> <span class='ocrx_word' id='word_1_138' title='bbox 1777 4230 1946 4299; x_wconf 84' lang='lat' dir='ltr'><strong>gigni-</strong></span> 
     </span>
    </p>
   </div>
   <div class='ocr_carea' id='block_1_27' title="bbox 361 4320 1945 4393">
    <p class='ocr_par' dir='ltr' id='par_1_27' title="bbox 361 4320 1945 4393">
     <span class='ocr_line' id='line_1_27' title="bbox 361 4320 1945 4393; baseline -0.004 -13"><span class='ocrx_word' id='word_1_139' title='bbox 361 4336 476 4380; x_wconf 88' lang='lat' dir='ltr'><strong>tur.</strong></span> <span class='ocrx_word' id='word_1_140' title='bbox 499 4325 739 4393; x_wconf 83' lang='lat' dir='ltr'><strong>ltemqne</strong></span> <span class='ocrx_word' id='word_1_141' title='bbox 793 4323 948 4388; x_wconf 81' lang='lat' dir='ltr'><strong>illud,</strong></span> <span class='ocrx_word' id='word_1_142' title='bbox 975 4323 1229 4377; x_wconf 80' lang='lat' dir='ltr'><strong>Christus</strong></span> <span class='ocrx_word' id='word_1_143' title='bbox 1249 4322 1301 4374; x_wconf 93' lang='lat' dir='ltr'><strong>in</strong></span> <span class='ocrx_word' id='word_1_144' title='bbox 1324 4330 1489 4385; x_wconf 88' lang='lat' dir='ltr'><strong>terra,</strong></span> <span class='ocrx_word' id='word_1_145' title='bbox 1511 4330 1564 4376; x_wconf 92' lang='lat' dir='ltr'><strong>et</strong></span> <span class='ocrx_word' id='word_1_146' title='bbox 1606 4320 1860 4375; x_wconf 88' lang='lat' dir='ltr'><strong>Christus</strong></span> <span class='ocrx_word' id='word_1_147' title='bbox 1879 4335 1945 4374; x_wconf 81' lang='lat' dir='ltr'><strong>ex</strong></span> 
     </span>
    </p>
   </div>
   <div class='ocr_carea' id='block_1_28' title="bbox 367 4413 1943 4486">
    <p class='ocr_par' dir='ltr' id='par_1_28' title="bbox 367 4413 1943 4486">
     <span class='ocr_line' id='line_1_28' title="bbox 367 4413 1943 4486; baseline -0.002 -15"><span class='ocrx_word' id='word_1_148' title='bbox 367 4416 608 4486; x_wconf 78' lang='lat' dir='ltr'><strong>Virgine.</strong></span> <span class='ocrx_word' id='word_1_149' title='bbox 642 4417 714 4470; x_wconf 91' lang='lat' dir='ltr'><strong>De</strong></span> <span class='ocrx_word' id='word_1_150' title='bbox 745 4415 861 4470; x_wconf 86' lang='lat' dir='ltr'><strong>sola</strong></span> <span class='ocrx_word' id='word_1_151' title='bbox 895 4423 1078 4469; x_wconf 89' lang='lat' dir='ltr'><strong>autem</strong></span> <span class='ocrx_word' id='word_1_152' title='bbox 1120 4413 1404 4468; x_wconf 83' lang='lat' dir='ltr'><strong>divinitate</strong></span> <span class='ocrx_word' id='word_1_153' title='bbox 1436 4413 1568 4467; x_wconf 89' lang='lat' dir='ltr'><strong>illud</strong></span> <span class='ocrx_word' id='word_1_154' title='bbox 1599 4414 1806 4467; x_wconf 88' lang='lat' dir='ltr'><strong>dictum</strong></span> <span class='ocrx_word' id='word_1_155' title='bbox 1839 4422 1943 4477; x_wconf 85' lang='lat' dir='ltr'><strong>est,</strong></span> 
     </span>
    </p>
   </div>
   <div class='ocr_carea' id='block_1_29' title="bbox 361 4503 1946 4572">
    <p class='ocr_par' dir='ltr' id='par_1_29' title="bbox 361 4503 1946 4572">
     <span class='ocr_line' id='line_1_29' title="bbox 361 4503 1946 4572; baseline -0.002 -10"><span class='ocrx_word' id='word_1_156' title='bbox 361 4507 616 4562; x_wconf 80' lang='lat' dir='ltr'><strong>Christus</strong></span> <span class='ocrx_word' id='word_1_157' title='bbox 641 4522 671 4562; x_wconf 88' lang='lat' dir='ltr'><strong>e</strong></span> <span class='ocrx_word' id='word_1_158' title='bbox 692 4506 866 4560; x_wconf 73' lang='lat' dir='ltr'><strong>cmlis.</strong></span> <span class='ocrx_word' id='word_1_159' title='bbox 905 4503 1046 4559; x_wconf 87' lang='lat' dir='ltr'><strong>Deus</strong></span> <span class='ocrx_word' id='word_1_160' title='bbox 1077 4505 1221 4558; x_wconf 91' lang='lat' dir='ltr'><strong>enim</strong></span> <span class='ocrx_word' id='word_1_161' title='bbox 1251 4504 1412 4572; x_wconf 81' lang='lat' dir='ltr'><strong>solus</strong></span> <span class='ocrx_word' id='word_1_162' title='bbox 1453 4503 1573 4557; x_wconf 88' lang='lat' dir='ltr'><strong>sine</strong></span> <span class='ocrx_word' id='word_1_163' title='bbox 1610 4505 1946 4559; x_wconf 86' lang='lat' dir='ltr'><strong>humanitate</strong></span> 
     </span>
    </p>
   </div>
   <div class='ocr_carea' id='block_1_30' title="bbox 1974 3215 3629 3293">
    <p class='ocr_par' dir='ltr' id='par_1_30' title="bbox 1974 3215 3629 3293">
     <span class='ocr_line' id='line_1_30' title="bbox 1974 3215 3629 3293; baseline 0.008 -25"><span class='ocrx_word' id='word_1_164' title='bbox 1974 3222 2014 3277; x_wconf 79' lang='grc' dir='ltr'><strong>Α</strong></span> <span class='ocrx_word' id='word_1_165' title='bbox 2049 3215 2258 3284; x_wconf 86' lang='lat' dir='ltr'><strong>pridem</strong></span> <span class='ocrx_word' id='word_1_166' title='bbox 2297 3224 2572 3286; x_wconf 82' lang='lat' dir='ltr'><strong>gestarum</strong></span> <span class='ocrx_word' id='word_1_167' title='bbox 2609 3217 2822 3272; x_wconf 83' lang='lat' dir='ltr'><strong>tandem</strong></span> <span class='ocrx_word' id='word_1_168' title='bbox 2857 3229 3119 3287; x_wconf 73' lang='lat' dir='ltr'><strong>contexit,</strong></span> <span class='ocrx_word' id='word_1_169' title='bbox 3163 3233 3328 3293; x_wconf 85' lang='lat' dir='ltr'><strong>atque</strong></span> <span class='ocrx_word' id='word_1_170' title='bbox 3383 3240 3446 3280; x_wconf 87' lang='lat' dir='ltr'><strong>ea</strong></span> <span class='ocrx_word' id='word_1_171' title='bbox 3479 3229 3629 3282; x_wconf 84' lang='lat' dir='ltr'><strong>verbi</strong></span> 
     </span>
    </p>
   </div>
   <div class='ocr_carea' id='block_1_31' title="bbox 2051 3310 3627 3380">
    <p class='ocr_par' dir='ltr' id='par_1_31' title="bbox 2051 3310 3627 3380">
     <span class='ocr_line' id='line_1_31' title="bbox 2051 3310 3627 3380; baseline 0.011 -20"><span class='ocrx_word' id='word_1_172' title='bbox 2051 3313 2334 3377; x_wconf 82' lang='lat' dir='ltr'><strong>pra-sentis</strong></span> <span class='ocrx_word' id='word_1_173' title='bbox 2362 3310 2622 3380; x_wconf 85' lang='lat' dir='ltr'><strong>temporis</strong></span> <span class='ocrx_word' id='word_1_174' title='bbox 2657 3312 2739 3366; x_wconf 82' lang='lat' dir='ltr'><strong>vis</strong></span> <span class='ocrx_word' id='word_1_175' title='bbox 2769 3323 2870 3376; x_wconf 87' lang='lat' dir='ltr'><strong>est,</strong></span> <span class='ocrx_word' id='word_1_176' title='bbox 2907 3325 2965 3367; x_wconf 88' lang='lat' dir='ltr'><strong>ut</strong></span> <span class='ocrx_word' id='word_1_177' title='bbox 2997 3330 3105 3368; x_wconf 91' lang='lat' dir='ltr'><strong>rem</strong></span> <span class='ocrx_word' id='word_1_178' title='bbox 3137 3317 3283 3371; x_wconf 88' lang='lat' dir='ltr'><strong>velut</strong></span> <span class='ocrx_word' id='word_1_179' title='bbox 3333 3319 3403 3372; x_wconf 93' lang='lat' dir='ltr'><strong>oh</strong></span> <span class='ocrx_word' id='word_1_180' title='bbox 3437 3321 3627 3377; x_wconf 86' lang='lat' dir='ltr'><strong>oculos</strong></span> 
     </span>
    </p>
   </div>
   <div class='ocr_carea' id='block_1_32' title="bbox 2052 3403 3624 3480">
    <p class='ocr_par' dir='ltr' id='par_1_32' title="bbox 2052 3403 3624 3480">
     <span class='ocr_line' id='line_1_32' title="bbox 2052 3403 3624 3480; baseline 0.011 -29"><span class='ocrx_word' id='word_1_181' title='bbox 2052 3409 2239 3468; x_wconf 83' lang='lat' dir='ltr'><strong>ponat,</strong></span> <span class='ocrx_word' id='word_1_182' title='bbox 2291 3409 2452 3469; x_wconf 83' lang='lat' dir='ltr'><strong>atque</strong></span> <span class='ocrx_word' id='word_1_183' title='bbox 2488 3403 2564 3456; x_wconf 80' lang='lat' dir='ltr'><strong>ita</strong></span> <span class='ocrx_word' id='word_1_184' title='bbox 2612 3412 2991 3472; x_wconf 68' lang='lat' dir='ltr'><strong>repraesentet,</strong></span> <span class='ocrx_word' id='word_1_185' title='bbox 3034 3422 3098 3459; x_wconf 90' lang='lat' dir='ltr'><strong>ac</strong></span> <span class='ocrx_word' id='word_1_186' title='bbox 3137 3408 3180 3461; x_wconf 88' lang='lat' dir='ltr'><strong>si</strong></span> <span class='ocrx_word' id='word_1_187' title='bbox 3212 3424 3352 3463; x_wconf 89' lang='lat' dir='ltr'><strong>nunc</strong></span> <span class='ocrx_word' id='word_1_188' title='bbox 3381 3423 3624 3480; x_wconf 82' lang='lat' dir='ltr'><strong>geratur.</strong></span> 
     </span>
    </p>
   </div>
   <div class='ocr_carea' id='block_1_33' title="bbox 2049 3490 3630 3572">
    <p class='ocr_par' dir='ltr' id='par_1_33' title="bbox 2049 3490 3630 3572">
     <span class='ocr_line' id='line_1_33' title="bbox 2049 3490 3630 3572; baseline 0.006 -26"><span class='ocrx_word' id='word_1_189' title='bbox 2049 3490 2306 3547; x_wconf 88' lang='lat' dir='ltr'><strong>Christus</strong></span> <span class='ocrx_word' id='word_1_190' title='bbox 2338 3495 2543 3561; x_wconf 84' lang='lat' dir='ltr'><strong>itaque,</strong></span> <span class='ocrx_word' id='word_1_191' title='bbox 2578 3494 2682 3549; x_wconf 90' lang='lat' dir='ltr'><strong>hoc</strong></span> <span class='ocrx_word' id='word_1_192' title='bbox 2734 3504 2837 3560; x_wconf 86' lang='lat' dir='ltr'><strong>est,</strong></span> <span class='ocrx_word' id='word_1_193' title='bbox 2896 3495 3036 3550; x_wconf 87' lang='lat' dir='ltr'><strong>Deus</strong></span> <span class='ocrx_word' id='word_1_194' title='bbox 3071 3508 3124 3552; x_wconf 83' lang='lat' dir='ltr'><strong>et</strong></span> <span class='ocrx_word' id='word_1_195' title='bbox 3172 3501 3336 3553; x_wconf 91' lang='lat' dir='ltr'><strong>homo</strong></span> <span class='ocrx_word' id='word_1_196' title='bbox 3368 3503 3630 3572; x_wconf 76' lang='lat' dir='ltr'><strong>gignitur.</strong></span> 
     </span>
    </p>
   </div>
   <div class='ocr_carea' id='block_1_34' title="bbox 2049 3583 3630 3661">
    <p class='ocr_par' dir='ltr' id='par_1_34' title="bbox 2049 3583 3630 3661">
     <span class='ocr_line' id='line_1_34' title="bbox 2049 3583 3630 3661; baseline 0.008 -23"><span class='ocrx_word' id='word_1_197' title='bbox 2049 3583 2179 3638; x_wconf 27' lang='lat' dir='ltr'><strong>Non.</strong></span> <span class='ocrx_word' id='word_1_198' title='bbox 2217 3585 2356 3638; x_wconf 79' lang='lat' dir='ltr'><strong>dixit</strong></span> <span class='ocrx_word' id='word_1_199' title='bbox 2412 3586 2642 3641; x_wconf 80' lang='lat' dir='ltr'><strong>Genitos</strong></span> <span class='ocrx_word' id='word_1_200' title='bbox 2693 3595 2776 3640; x_wconf 85' lang='lat' dir='ltr'><strong>est</strong></span> <span class='ocrx_word' id='word_1_201' title='bbox 2801 3628 2816 3651; x_wconf 93' lang='lat'><strong>,</strong></span> <span class='ocrx_word' id='word_1_202' title='bbox 2901 3592 3016 3653; x_wconf 82' lang='lat' dir='ltr'><strong>sed,</strong></span> <span class='ocrx_word' id='word_1_203' title='bbox 3050 3590 3302 3661; x_wconf 85' lang='lat' dir='ltr'><strong>Gignitnr</strong></span> <span class='ocrx_word' id='word_1_204' title='bbox 3335 3613 3347 3646; x_wconf 90' lang='lat'><strong>:</strong></span> <span class='ocrx_word' id='word_1_205' title='bbox 3383 3595 3630 3650; x_wconf 84' lang='lat' dir='ltr'><strong>eamdem</strong></span> 
     </span>
    </p>
   </div>
   <div class='ocr_carea' id='block_1_35' title="bbox 2051 3675 3632 3744">
    <p class='ocr_par' dir='ltr' id='par_1_35' title="bbox 2051 3675 3632 3744">
     <span class='ocr_line' id='line_1_35' title="bbox 2051 3675 3632 3744; baseline 0.006 -16"><span class='ocrx_word' id='word_1_206' title='bbox 2051 3689 2264 3740; x_wconf 77' lang='lat' dir='ltr'><strong>semper</strong></span> <span class='ocrx_word' id='word_1_207' title='bbox 2292 3676 2737 3743; x_wconf 78' lang='lat' dir='ltr'><strong>progressionem</strong></span> <span class='ocrx_word' id='word_1_208' title='bbox 2783 3675 2968 3731; x_wconf 83' lang='lat' dir='ltr'><strong>Filius</strong></span> <span class='ocrx_word' id='word_1_209' title='bbox 2993 3692 3056 3731; x_wconf 83' lang='lat' dir='ltr'><strong>ac</strong></span> <span class='ocrx_word' id='word_1_210' title='bbox 3102 3679 3244 3734; x_wconf 82' lang='lat' dir='ltr'><strong>Deus</strong></span> <span class='ocrx_word' id='word_1_211' title='bbox 3281 3681 3497 3744; x_wconf 82' lang='lat' dir='ltr'><strong>retinet.</strong></span> <span class='ocrx_word' id='word_1_212' title='bbox 3544 3693 3632 3738; x_wconf 91' lang='lat' dir='ltr'><strong>ut-</strong></span> 
     </span>
    </p>
   </div>
   <div class='ocr_carea' id='block_1_36' title="bbox 2050 3762 3634 3834">
    <p class='ocr_par' dir='ltr' id='par_1_36' title="bbox 2050 3762 3634 3834">
     <span class='ocr_line' id='line_1_36' title="bbox 2050 3762 3634 3834; baseline 0.008 -16"><span class='ocrx_word' id='word_1_213' title='bbox 2050 3773 2175 3833; x_wconf 85' lang='lat' dir='ltr'><strong>pote</strong></span> <span class='ocrx_word' id='word_1_214' title='bbox 2209 3762 2473 3829; x_wconf 78' lang='lat' dir='ltr'><strong>Verbum,</strong></span> <span class='ocrx_word' id='word_1_215' title='bbox 2505 3766 2649 3834; x_wconf 87' lang='lat' dir='ltr'><strong>quod</strong></span> <span class='ocrx_word' id='word_1_216' title='bbox 2687 3781 2802 3819; x_wconf 89' lang='lat' dir='ltr'><strong>non.</strong></span> <span class='ocrx_word' id='word_1_217' title='bbox 2836 3767 3078 3821; x_wconf 85' lang='lat' dir='ltr'><strong>humano</strong></span> <span class='ocrx_word' id='word_1_218' title='bbox 3121 3787 3269 3827; x_wconf 87' lang='lat' dir='ltr'><strong>more</strong></span> <span class='ocrx_word' id='word_1_219' title='bbox 3296 3775 3462 3828; x_wconf 88' lang='lat' dir='ltr'><strong>semel</strong></span> <span class='ocrx_word' id='word_1_220' title='bbox 3489 3775 3634 3829; x_wconf 85' lang='lat' dir='ltr'><strong>dun-</strong></span> 
     </span>
    </p>
   </div>
   <div class='ocr_carea' id='block_1_37' title="bbox 2051 3857 3636 3932">
    <p class='ocr_par' dir='ltr' id='par_1_37' title="bbox 2051 3857 3636 3932">
     <span class='ocr_line' id='line_1_37' title="bbox 2051 3857 3636 3932; baseline 0.008 -22"><span class='ocrx_word' id='word_1_221' title='bbox 2051 3865 2201 3913; x_wconf 76' lang='lat' dir='ltr'><strong>taxat</strong></span> <span class='ocrx_word' id='word_1_222' title='bbox 2230 3873 2295 3912; x_wconf 69' lang='lat' dir='ltr'><strong>es</strong></span> <span class='ocrx_word' id='word_1_223' title='bbox 2349 3857 2512 3912; x_wconf 74' lang='lat' dir='ltr'><strong>Patre</strong></span> <span class='ocrx_word' id='word_1_224' title='bbox 2563 3859 2917 3928; x_wconf 71' lang='lat' dir='ltr'><strong>progreditur</strong></span> <span class='ocrx_word' id='word_1_225' title='bbox 2971 3876 3037 3916; x_wconf 88' lang='lat' dir='ltr'><strong>ac</strong></span> <span class='ocrx_word' id='word_1_226' title='bbox 3071 3863 3333 3932; x_wconf 78' lang='lat' dir='ltr'><strong>gignitur,</strong></span> <span class='ocrx_word' id='word_1_227' title='bbox 3377 3869 3470 3921; x_wconf 89' lang='lat' dir='ltr'><strong>sed</strong></span> <span class='ocrx_word' id='word_1_228' title='bbox 3515 3870 3636 3925; x_wconf 89' lang='lat' dir='ltr'><strong>sine</strong></span> 
     </span>
    </p>
   </div>
   <div class='ocr_carea' id='block_1_38' title="bbox 2049 3949 3635 4028">
    <p class='ocr_par' dir='ltr' id='par_1_38' title="bbox 2049 3949 3635 4028">
     <span class='ocr_line' id='line_1_38' title="bbox 2049 3949 3635 4028; baseline 0.009 -26"><span class='ocrx_word' id='word_1_229' title='bbox 2049 3950 2361 4019; x_wconf 82' lang='lat' dir='ltr'><strong>egressione</strong></span> <span class='ocrx_word' id='word_1_230' title='bbox 2390 3961 2705 4020; x_wconf 78' lang='lat' dir='ltr'><strong>generatur.</strong></span> <span class='ocrx_word' id='word_1_231' title='bbox 2743 3949 2863 4018; x_wconf 84' lang='lat' dir='ltr'><strong>Vel,</strong></span> <span class='ocrx_word' id='word_1_232' title='bbox 2919 3953 3044 4021; x_wconf 86' lang='lat' dir='ltr'><strong>quia</strong></span> <span class='ocrx_word' id='word_1_233' title='bbox 3089 3955 3142 4007; x_wconf 91' lang='lat' dir='ltr'><strong>in</strong></span> <span class='ocrx_word' id='word_1_234' title='bbox 3195 3957 3374 4020; x_wconf 85' lang='lat' dir='ltr'><strong>nobis,</strong></span> <span class='ocrx_word' id='word_1_235' title='bbox 3409 3961 3500 4028; x_wconf 87' lang='lat' dir='ltr'><strong>qui</strong></span> <span class='ocrx_word' id='word_1_236' title='bbox 3539 3977 3635 4027; x_wconf 82' lang='lat' dir='ltr'><strong>per</strong></span> 
     </span>
    </p>
   </div>
   <div class='ocr_carea' id='block_1_39' title="bbox 2053 4041 3629 4121">
    <p class='ocr_par' dir='ltr' id='par_1_39' title="bbox 2053 4041 3629 4121">
     <span class='ocr_line' id='line_1_39' title="bbox 2053 4041 3629 4121; baseline 0.008 -24"><span class='ocrx_word' id='word_1_237' title='bbox 2053 4041 2316 4107; x_wconf 81' lang='lat' dir='ltr'><strong>Spiritum</strong></span> <span class='ocrx_word' id='word_1_238' title='bbox 2349 4044 2711 4107; x_wconf 86' lang='lat' dir='ltr'><strong>renascimur,</strong></span> <span class='ocrx_word' id='word_1_239' title='bbox 2739 4055 3001 4114; x_wconf 85' lang='lat' dir='ltr'><strong>perpetuo</strong></span> <span class='ocrx_word' id='word_1_240' title='bbox 3023 4048 3297 4118; x_wconf 79' lang='lat' dir='ltr'><strong>gignitur;</strong></span> <span class='ocrx_word' id='word_1_241' title='bbox 3332 4056 3412 4107; x_wconf 83' lang='lat' dir='ltr'><strong>vel</strong></span> <span class='ocrx_word' id='word_1_242' title='bbox 3440 4056 3629 4121; x_wconf 80' lang='lat' dir='ltr'><strong>etiam,</strong></span> 
     </span>
    </p>
   </div>
   <div class='ocr_carea' id='block_1_40' title="bbox 2051 4138 3632 4220">
    <p class='ocr_par' dir='ltr' id='par_1_40' title="bbox 2051 4138 3632 4220">
     <span class='ocr_line' id='line_1_40' title="bbox 2051 4138 3632 4220; baseline 0.008 -28"><span class='ocrx_word' id='word_1_243' title='bbox 2051 4138 2178 4208; x_wconf 86' lang='lat' dir='ltr'><strong>quia</strong></span> <span class='ocrx_word' id='word_1_244' title='bbox 2238 4153 2482 4207; x_wconf 66' lang='lat' dir='ltr'><strong>praesens</strong></span> <span class='ocrx_word' id='word_1_245' title='bbox 2521 4147 2758 4208; x_wconf 83' lang='lat' dir='ltr'><strong>tempus,</strong></span> <span class='ocrx_word' id='word_1_246' title='bbox 2815 4151 3080 4211; x_wconf 87' lang='lat' dir='ltr'><strong>quantum</strong></span> <span class='ocrx_word' id='word_1_247' title='bbox 3136 4146 3202 4200; x_wconf 88' lang='lat' dir='ltr'><strong>ad</strong></span> <span class='ocrx_word' id='word_1_248' title='bbox 3257 4149 3632 4220; x_wconf 86' lang='lat' dir='ltr'><strong>principium,</strong></span> 
     </span>
    </p>
   </div>
   <div class='ocr_carea' id='block_1_41' title="bbox 2052 4231 3633 4310">
    <p class='ocr_par' dir='ltr' id='par_1_41' title="bbox 2052 4231 3633 4310">
     <span class='ocr_line' id='line_1_41' title="bbox 2052 4231 3633 4310; baseline 0.011 -28"><span class='ocrx_word' id='word_1_249' title='bbox 2052 4231 2332 4300; x_wconf 66' lang='lat' dir='ltr'><strong>prmtetiti,</strong></span> <span class='ocrx_word' id='word_1_250' title='bbox 2353 4240 2616 4300; x_wconf 86' lang='lat' dir='ltr'><strong>quantum</strong></span> <span class='ocrx_word' id='word_1_251' title='bbox 2647 4233 2713 4286; x_wconf 86' lang='lat' dir='ltr'><strong>ad</strong></span> <span class='ocrx_word' id='word_1_252' title='bbox 2749 4233 2911 4288; x_wconf 73' lang='lat' dir='ltr'><strong>linem</strong></span> <span class='ocrx_word' id='word_1_253' title='bbox 2943 4235 3106 4290; x_wconf 82' lang='lat' dir='ltr'><strong>futuri</strong></span> <span class='ocrx_word' id='word_1_254' title='bbox 3137 4239 3406 4310; x_wconf 85' lang='lat' dir='ltr'><strong>particeps</strong></span> <span class='ocrx_word' id='word_1_255' title='bbox 3430 4251 3534 4307; x_wconf 86' lang='lat' dir='ltr'><strong>est,</strong></span> <span class='ocrx_word' id='word_1_256' title='bbox 3562 4245 3633 4299; x_wconf 86' lang='lat' dir='ltr'><strong>ob</strong></span> 
     </span>
    </p>
   </div>
   <div class='ocr_carea' id='block_1_42' title="bbox 2054 4320 3634 4394">
    <p class='ocr_par' dir='ltr' id='par_1_42' title="bbox 2054 4320 3634 4394">
     <span class='ocr_line' id='line_1_42' title="bbox 2054 4320 3634 4394; baseline 0.009 -21"><span class='ocrx_word' id='word_1_257' title='bbox 2054 4320 2220 4389; x_wconf 83' lang='lat' dir='ltr'><strong>idque</strong></span> <span class='ocrx_word' id='word_1_258' title='bbox 2253 4336 2352 4390; x_wconf 88' lang='lat' dir='ltr'><strong>pro</strong></span> <span class='ocrx_word' id='word_1_259' title='bbox 2395 4329 2630 4390; x_wconf 86' lang='lat' dir='ltr'><strong>utroque</strong></span> <span class='ocrx_word' id='word_1_260' title='bbox 2683 4335 3004 4394; x_wconf 87' lang='lat' dir='ltr'><strong>usurpatur.</strong></span> <span class='ocrx_word' id='word_1_261' title='bbox 3037 4323 3247 4383; x_wconf 81' lang='lat' dir='ltr'><strong>Idcirco</strong></span> <span class='ocrx_word' id='word_1_262' title='bbox 3286 4345 3394 4385; x_wconf 89' lang='lat' dir='ltr'><strong>non</strong></span> <span class='ocrx_word' id='word_1_263' title='bbox 3441 4333 3539 4387; x_wconf 88' lang='lat' dir='ltr'><strong>abs</strong></span> <span class='ocrx_word' id='word_1_264' title='bbox 3575 4349 3634 4388; x_wconf 90' lang='lat' dir='ltr'><strong>re</strong></span> 
     </span>
    </p>
   </div>
   <div class='ocr_carea' id='block_1_43' title="bbox 2053 4413 3634 4491">
    <p class='ocr_par' dir='ltr' id='par_1_43' title="bbox 2053 4413 3634 4491">
     <span class='ocr_line' id='line_1_43' title="bbox 2053 4413 3634 4491; baseline 0.006 -25"><span class='ocrx_word' id='word_1_265' title='bbox 2053 4413 2308 4483; x_wconf 70' lang='lat' dir='ltr'><strong>praeteriti</strong></span> <span class='ocrx_word' id='word_1_266' title='bbox 2332 4414 2596 4484; x_wconf 84' lang='lat' dir='ltr'><strong>temporis</strong></span> <span class='ocrx_word' id='word_1_267' title='bbox 2618 4415 2736 4470; x_wconf 81' lang='lat' dir='ltr'><strong>loco</strong></span> <span class='ocrx_word' id='word_1_268' title='bbox 2755 4415 2894 4470; x_wconf 75' lang='lat' dir='ltr'><strong>dixit</strong></span> <span class='ocrx_word' id='word_1_269' title='bbox 2925 4433 2939 4474; x_wconf 75' lang='grc' dir='ltr'><strong><em>τ</em></strong></span> <span class='ocrx_word' id='word_1_270' title='bbox 2967 4416 3220 4488; x_wconf 86' lang='lat' dir='ltr'><strong>Gignitur</strong></span> <span class='ocrx_word' id='word_1_271' title='bbox 3245 4421 3506 4478; x_wconf 87' lang='lat' dir='ltr'><strong>hodierno</strong></span> <span class='ocrx_word' id='word_1_272' title='bbox 3523 4425 3634 4491; x_wconf 83' lang='lat' dir='ltr'><strong>die,</strong></span> 
     </span>
    </p>
   </div>
   <div class='ocr_carea' id='block_1_44' title="bbox 2053 4504 3632 4583">
    <p class='ocr_par' dir='ltr' id='par_1_44' title="bbox 2053 4504 3632 4583">
     <span class='ocr_line' id='line_1_44' title="bbox 2053 4504 3632 4583; baseline 0.006 -26"><span class='ocrx_word' id='word_1_273' title='bbox 2053 4505 2146 4573; x_wconf 90' lang='lat' dir='ltr'><strong>qui</strong></span> <span class='ocrx_word' id='word_1_274' title='bbox 2176 4504 2283 4559; x_wconf 87' lang='lat' dir='ltr'><strong>diei</strong></span> <span class='ocrx_word' id='word_1_275' title='bbox 2315 4504 2486 4570; x_wconf 86' lang='lat' dir='ltr'><strong>illius,</strong></span> <span class='ocrx_word' id='word_1_276' title='bbox 2519 4520 2630 4575; x_wconf 89' lang='lat' dir='ltr'><strong>quo</strong></span> <span class='ocrx_word' id='word_1_277' title='bbox 2665 4507 2781 4575; x_wconf 87' lang='lat' dir='ltr'><strong>ipse</strong></span> <span class='ocrx_word' id='word_1_278' title='bbox 2819 4516 2981 4562; x_wconf 85' lang='lat' dir='ltr'><strong>natus</strong></span> <span class='ocrx_word' id='word_1_279' title='bbox 3015 4519 3099 4562; x_wconf 90' lang='lat' dir='ltr'><strong>est</strong></span> <span class='ocrx_word' id='word_1_280' title='bbox 3140 4510 3429 4581; x_wconf 82' lang='lat' dir='ltr'><strong>imaginem</strong></span> <span class='ocrx_word' id='word_1_281' title='bbox 3471 4515 3632 4583; x_wconf 78' lang='lat' dir='ltr'><strong>gerit,</strong></span> 
     </span>
    </p>
   </div>
   <div class='ocr_carea' id='block_1_45' title="bbox 363 4594 3632 4679">
    <p class='ocr_par' dir='ltr' id='par_1_45' title="bbox 363 4594 3632 4679">
     <span class='ocr_line' id='line_1_45' title="bbox 363 4594 3632 4679; baseline 0.002 -25"><span class='ocrx_word' id='word_1_282' title='bbox 363 4602 437 4654; x_wconf 89' lang='lat' dir='ltr'><strong>de</strong></span> <span class='ocrx_word' id='word_1_283' title='bbox 459 4599 601 4653; x_wconf 63' lang='lat' dir='ltr'><strong>cos-lo</strong></span> <span class='ocrx_word' id='word_1_284' title='bbox 623 4597 924 4652; x_wconf 87' lang='lat' dir='ltr'><strong>descendit.</strong></span> <span class='ocrx_word' id='word_1_285' title='bbox 958 4595 1197 4666; x_wconf 89' lang='lat' dir='ltr'><strong>Itemque</strong></span> <span class='ocrx_word' id='word_1_286' title='bbox 1222 4596 1376 4659; x_wconf 87' lang='lat' dir='ltr'><strong>illud,</strong></span> <span class='ocrx_word' id='word_1_287' title='bbox 1401 4594 1656 4652; x_wconf 86' lang='lat' dir='ltr'><strong>Christus</strong></span> <span class='ocrx_word' id='word_1_288' title='bbox 1681 4597 1732 4650; x_wconf 94' lang='lat' dir='ltr'><strong>in</strong></span> <span class='ocrx_word' id='word_1_289' title='bbox 1761 4612 1946 4661; x_wconf 83' lang='lat' dir='ltr'><strong>carne,</strong></span> <span class='ocrx_word' id='word_1_290' title='bbox 1978 4619 2024 4679; x_wconf 78' lang='grc' dir='ltr'><strong>Β</strong></span> <span class='ocrx_word' id='word_1_291' title='bbox 2052 4597 2314 4652; x_wconf 87' lang='lat' dir='ltr'><strong>nimirum</strong></span> <span class='ocrx_word' id='word_1_292' title='bbox 2346 4613 2679 4669; x_wconf 89' lang='lat' dir='ltr'><strong>unoquoque</strong></span> <span class='ocrx_word' id='word_1_293' title='bbox 2706 4613 2850 4652; x_wconf 85' lang='lat' dir='ltr'><strong>anno</strong></span> <span class='ocrx_word' id='word_1_294' title='bbox 2873 4602 3232 4656; x_wconf 86' lang='lat' dir='ltr'><strong>conversione</strong></span> <span class='ocrx_word' id='word_1_295' title='bbox 3254 4606 3632 4660; x_wconf 70' lang='lat' dir='ltr'><strong>sua-eumdem</strong></span> 
     </span>
    </p>
   </div>
   <div class='ocr_carea' id='block_1_46' title="bbox 366 4689 1946 4757">
    <p class='ocr_par' dir='ltr' id='par_1_46' title="bbox 366 4689 1946 4757">
     <span class='ocr_line' id='line_1_46' title="bbox 366 4689 1946 4757; baseline -0.003 -11"><span class='ocrx_word' id='word_1_296' title='bbox 366 4691 478 4746; x_wconf 85' lang='lat' dir='ltr'><strong>hoc</strong></span> <span class='ocrx_word' id='word_1_297' title='bbox 506 4701 610 4757; x_wconf 91' lang='lat' dir='ltr'><strong>est,</strong></span> <span class='ocrx_word' id='word_1_298' title='bbox 645 4689 783 4744; x_wconf 88' lang='lat' dir='ltr'><strong>Deus</strong></span> <span class='ocrx_word' id='word_1_299' title='bbox 816 4691 868 4744; x_wconf 91' lang='lat' dir='ltr'><strong>in</strong></span> <span class='ocrx_word' id='word_1_300' title='bbox 901 4704 1084 4744; x_wconf 89' lang='lat' dir='ltr'><strong>carne.</strong></span> <span class='ocrx_word' id='word_1_301' title='bbox 1115 4691 1183 4742; x_wconf 85' lang='lat' dir='ltr'><strong>At</strong></span> <span class='ocrx_word' id='word_1_302' title='bbox 1210 4689 1276 4743; x_wconf 90' lang='lat' dir='ltr'><strong>de</strong></span> <span class='ocrx_word' id='word_1_303' title='bbox 1315 4690 1428 4744; x_wconf 84' lang='lat' dir='ltr'><strong>sola</strong></span> <span class='ocrx_word' id='word_1_304' title='bbox 1456 4689 1792 4743; x_wconf 77' lang='lat' dir='ltr'><strong>humanitate</strong></span> <span class='ocrx_word' id='word_1_305' title='bbox 1817 4689 1946 4742; x_wconf 88' lang='lat' dir='ltr'><strong>illud</strong></span> 
     </span>
    </p>
   </div>
   <div class='ocr_carea' id='block_1_47' title="bbox 366 4779 1950 4853">
    <p class='ocr_par' dir='ltr' id='par_1_47' title="bbox 366 4779 1950 4853">
     <span class='ocr_line' id='line_1_47' title="bbox 366 4779 1950 4853; baseline -0.001 -14"><span class='ocrx_word' id='word_1_306' title='bbox 366 4783 514 4853; x_wconf 86' lang='lat' dir='ltr'><strong>apud</strong></span> <span class='ocrx_word' id='word_1_307' title='bbox 550 4783 867 4853; x_wconf 82' lang='lat' dir='ltr'><strong>Apostolum</strong></span> <span class='ocrx_word' id='word_1_308' title='bbox 928 4789 1012 4836; x_wconf 86' lang='lat' dir='ltr'><strong>est.</strong></span> <span class='ocrx_word' id='word_1_309' title='bbox 1055 4782 1289 4850; x_wconf 88' lang='lat' dir='ltr'><strong>positum</strong></span> <span class='ocrx_word' id='word_1_310' title='bbox 1325 4799 1337 4834; x_wconf 87' lang='lat'><strong>:</strong></span> <span class='ocrx_word' id='word_1_311' title='bbox 1371 4779 1612 4837; x_wconf 81' lang='lat' dir='ltr'><strong>Christus</strong></span> <span class='ocrx_word' id='word_1_312' title='bbox 1660 4799 1754 4850; x_wconf 80' lang='lat' dir='ltr'><strong>pro</strong></span> <span class='ocrx_word' id='word_1_313' title='bbox 1802 4785 1950 4837; x_wconf 81' lang='lat' dir='ltr'><strong>nobis</strong></span> 
     </span>
    </p>
   </div>
   <div class='ocr_carea' id='block_1_48' title="bbox 367 4871 1952 4944">
    <p class='ocr_par' dir='ltr' id='par_1_48' title="bbox 367 4871 1952 4944">
     <span class='ocr_line' id='line_1_48' title="bbox 367 4871 1952 4944; baseline -0.001 -15"><span class='ocrx_word' id='word_1_314' title='bbox 367 4887 610 4929; x_wconf 81' lang='lat' dir='ltr'><strong>mortuus</strong></span> <span class='ocrx_word' id='word_1_315' title='bbox 639 4885 715 4929; x_wconf 84' lang='lat' dir='ltr'><strong>est</strong></span> <span class='ocrx_word' id='word_1_316' title='bbox 750 4876 790 4939; x_wconf 76' lang='grc' dir='ltr'>ί,</span> <span class='ocrx_word' id='word_1_317' title='bbox 833 4875 883 4928; x_wconf 88' lang='lat' dir='ltr'><strong>id</strong></span> <span class='ocrx_word' id='word_1_318' title='bbox 909 4881 1012 4937; x_wconf 86' lang='lat' dir='ltr'><strong>est,</strong></span> <span class='ocrx_word' id='word_1_319' title='bbox 1040 4872 1220 4929; x_wconf 85' lang='lat' dir='ltr'><strong>Jesus.</strong></span> <span class='ocrx_word' id='word_1_320' title='bbox 1261 4871 1346 4928; x_wconf 84' lang='lat' dir='ltr'><strong>Fit</strong></span> <span class='ocrx_word' id='word_1_321' title='bbox 1375 4875 1517 4927; x_wconf 89' lang='lat' dir='ltr'><strong>enim</strong></span> <span class='ocrx_word' id='word_1_322' title='bbox 1550 4884 1767 4944; x_wconf 87' lang='lat' dir='ltr'><strong>propter</strong></span> <span class='ocrx_word' id='word_1_323' title='bbox 1800 4889 1952 4929; x_wconf 90' lang='lat' dir='ltr'><strong>sum-</strong></span> 
     </span>
    </p>
   </div>
   <div class='ocr_carea' id='block_1_49' title="bbox 369 4967 1950 5035">
    <p class='ocr_par' dir='ltr' id='par_1_49' title="bbox 369 4967 1950 5035">
     <span class='ocr_line' id='line_1_49' title="bbox 369 4967 1950 5035; baseline -0.001 -13"><span class='ocrx_word' id='word_1_324' title='bbox 369 4981 518 5022; x_wconf 88' lang='lat' dir='ltr'><strong>mam</strong></span> <span class='ocrx_word' id='word_1_325' title='bbox 563 4968 843 5031; x_wconf 88' lang='lat' dir='ltr'><strong>unionem,</strong></span> <span class='ocrx_word' id='word_1_326' title='bbox 882 4967 1140 5020; x_wconf 88' lang='lat' dir='ltr'><strong>utetiam</strong></span> <span class='ocrx_word' id='word_1_327' title='bbox 1207 4981 1330 5020; x_wconf 89' lang='lat' dir='ltr'><strong>cum</strong></span> <span class='ocrx_word' id='word_1_328' title='bbox 1388 4967 1679 5035; x_wconf 88' lang='lat' dir='ltr'><strong>separatim</strong></span> <span class='ocrx_word' id='word_1_329' title='bbox 1741 4976 1950 5022; x_wconf 77' lang='lat' dir='ltr'><strong>natura:</strong></span> 
     </span>
    </p>
   </div>
   <div class='ocr_carea' id='block_1_50' title="bbox 368 5056 1952 5126">
    <p class='ocr_par' dir='ltr' id='par_1_50' title="bbox 368 5056 1952 5126">
     <span class='ocr_line' id='line_1_50' title="bbox 368 5056 1952 5126; baseline -0.001 -15"><span class='ocrx_word' id='word_1_330' title='bbox 368 5058 734 5126; x_wconf 86' lang='lat' dir='ltr'><strong>accipiuntur,</strong></span> <span class='ocrx_word' id='word_1_331' title='bbox 767 5056 972 5110; x_wconf 85' lang='lat' dir='ltr'><strong>Christi</strong></span> <span class='ocrx_word' id='word_1_332' title='bbox 1032 5057 1276 5119; x_wconf 89' lang='lat' dir='ltr'><strong>nomine,</strong></span> <span class='ocrx_word' id='word_1_333' title='bbox 1328 5057 1472 5124; x_wconf 90' lang='lat' dir='ltr'><strong>quod</strong></span> <span class='ocrx_word' id='word_1_334' title='bbox 1512 5057 1800 5126; x_wconf 87' lang='lat' dir='ltr'><strong>utriusque</strong></span> <span class='ocrx_word' id='word_1_335' title='bbox 1856 5073 1952 5111; x_wconf 88' lang='lat' dir='ltr'><strong>na-</strong></span> 
     </span>
    </p>
   </div>
   <div class='ocr_carea' id='block_1_51' title="bbox 367 5148 1948 5217">
    <p class='ocr_par' dir='ltr' id='par_1_51' title="bbox 367 5148 1948 5217">
     <span class='ocr_line' id='line_1_51' title="bbox 367 5148 1948 5217; baseline -0.001 -13"><span class='ocrx_word' id='word_1_336' title='bbox 367 5158 508 5204; x_wconf 63' lang='lat' dir='ltr'><strong>tura:</strong></span> <span class='ocrx_word' id='word_1_337' title='bbox 558 5148 812 5204; x_wconf 65' lang='lat' dir='ltr'><strong>unienda‘:</strong></span> <span class='ocrx_word' id='word_1_338' title='bbox 867 5148 973 5202; x_wconf 83' lang='lat' dir='ltr'><strong>vim</strong></span> <span class='ocrx_word' id='word_1_339' title='bbox 1028 5148 1216 5212; x_wconf 86' lang='lat' dir='ltr'><strong>habet,</strong></span> <span class='ocrx_word' id='word_1_340' title='bbox 1262 5149 1626 5217; x_wconf 88' lang='lat' dir='ltr'><strong>appellentur.</strong></span> <span class='ocrx_word' id='word_1_341' title='bbox 1679 5148 1948 5203; x_wconf 63' lang='lat' dir='ltr'><strong>Caeterum</strong></span> 
     </span>
    </p>
   </div>
   <div class='ocr_carea' id='block_1_52' title="bbox 366 5241 1954 5313">
    <p class='ocr_par' dir='ltr' id='par_1_52' title="bbox 366 5241 1954 5313">
     <span class='ocr_line' id='line_1_52' title="bbox 366 5241 1954 5313; baseline 0.001 -16"><span class='ocrx_word' id='word_1_342' title='bbox 366 5241 506 5297; x_wconf 89' lang='lat' dir='ltr'><strong>illud</strong></span> <span class='ocrx_word' id='word_1_343' title='bbox 536 5242 859 5306; x_wconf 83' lang='lat' dir='ltr'><strong>natandum,</strong></span> <span class='ocrx_word' id='word_1_344' title='bbox 906 5241 1050 5312; x_wconf 90' lang='lat' dir='ltr'><strong>quod</strong></span> <span class='ocrx_word' id='word_1_345' title='bbox 1084 5256 1194 5296; x_wconf 89' lang='lat' dir='ltr'><strong>non</strong></span> <span class='ocrx_word' id='word_1_346' title='bbox 1239 5242 1398 5306; x_wconf 81' lang='lat' dir='ltr'><strong>dixit;</strong></span> <span class='ocrx_word' id='word_1_347' title='bbox 1430 5241 1684 5297; x_wconf 83' lang='lat' dir='ltr'><strong>Christus</strong></span> <span class='ocrx_word' id='word_1_348' title='bbox 1735 5243 1954 5313; x_wconf 76' lang='lat' dir='ltr'><strong>genitus</strong></span> 
     </span>
    </p>
   </div>
   <div class='ocr_carea' id='block_1_53' title="bbox 371 5331 1955 5404">
    <p class='ocr_par' dir='ltr' id='par_1_53' title="bbox 371 5331 1955 5404">
     <span class='ocr_line' id='line_1_53' title="bbox 371 5331 1955 5404; baseline 0.001 -16"><span class='ocrx_word' id='word_1_349' title='bbox 371 5341 484 5398; x_wconf 86' lang='lat' dir='ltr'><strong>est,</strong></span> <span class='ocrx_word' id='word_1_350' title='bbox 513 5333 606 5388; x_wconf 89' lang='lat' dir='ltr'><strong>sed</strong></span> <span class='ocrx_word' id='word_1_351' title='bbox 639 5331 914 5403; x_wconf 79' lang='lat' dir='ltr'><strong>Gignitur,</strong></span> <span class='ocrx_word' id='word_1_352' title='bbox 953 5333 1218 5388; x_wconf 91' lang='lat' dir='ltr'><strong>hodierno</strong></span> <span class='ocrx_word' id='word_1_353' title='bbox 1245 5333 1333 5387; x_wconf 91' lang='lat' dir='ltr'><strong>die</strong></span> <span class='ocrx_word' id='word_1_354' title='bbox 1366 5349 1382 5388; x_wconf 89' lang='lat'><strong>:</strong></span> <span class='ocrx_word' id='word_1_355' title='bbox 1416 5334 1677 5402; x_wconf 85' lang='lat' dir='ltr'><strong>quoniam</strong></span> <span class='ocrx_word' id='word_1_356' title='bbox 1706 5335 1799 5404; x_wconf 89' lang='lat' dir='ltr'><strong>qui</strong></span> <span class='ocrx_word' id='word_1_357' title='bbox 1833 5334 1955 5389; x_wconf 81' lang='lat' dir='ltr'><strong>festi</strong></span> 
     </span>
    </p>
   </div>
   <div class='ocr_carea' id='block_1_54' title="bbox 369 5423 1954 5495">
    <p class='ocr_par' dir='ltr' id='par_1_54' title="bbox 369 5423 1954 5495">
     <span class='ocr_line' id='line_1_54' title="bbox 369 5423 1954 5495; baseline 0 -15"><span class='ocrx_word' id='word_1_358' title='bbox 369 5423 481 5480; x_wconf 88' lang='lat' dir='ltr'><strong>diei</strong></span> <span class='ocrx_word' id='word_1_359' title='bbox 527 5424 721 5480; x_wconf 86' lang='lat' dir='ltr'><strong>laudes</strong></span> <span class='ocrx_word' id='word_1_360' title='bbox 773 5425 1146 5495; x_wconf 86' lang='lat' dir='ltr'><strong>prosequitur,</strong></span> <span class='ocrx_word' id='word_1_361' title='bbox 1208 5432 1469 5494; x_wconf 81' lang='lat' dir='ltr'><strong>tanquam</strong></span> <span class='ocrx_word' id='word_1_362' title='bbox 1507 5440 1690 5481; x_wconf 89' lang='lat' dir='ltr'><strong>rerum</strong></span> <span class='ocrx_word' id='word_1_363' title='bbox 1729 5441 1837 5480; x_wconf 89' lang='lat' dir='ltr'><strong>non</strong></span> <span class='ocrx_word' id='word_1_364' title='bbox 1880 5426 1954 5481; x_wconf 89' lang='lat' dir='ltr'><strong>ita</strong></span> 
     </span>
    </p>
   </div>
   <div class='ocr_carea' id='block_1_55' title="bbox 448 5598 1384 5666">
    <p class='ocr_par' dir='ltr' id='par_1_55' title="bbox 448 5598 1384 5666">
     <span class='ocr_line' id='line_1_55' title="bbox 448 5598 1384 5666; baseline -0.002 -10"><span class='ocrx_word' id='word_1_365' title='bbox 448 5603 464 5633; x_wconf 82' lang='grc'>¹</span> <span class='ocrx_word' id='word_1_366' title='bbox 494 5602 535 5656; x_wconf 84' lang='lat' dir='ltr'><strong>Il</strong></span> <span class='ocrx_word' id='word_1_367' title='bbox 566 5601 696 5657; x_wconf 88' lang='lat' dir='ltr'><strong>Cor.</strong></span> <span class='ocrx_word' id='word_1_368' title='bbox 732 5616 785 5666; x_wconf 89' lang='lat' dir='ltr'><strong>v,</strong></span> <span class='ocrx_word' id='word_1_369' title='bbox 820 5601 908 5658; x_wconf 77' lang='lat' dir='ltr'><strong>l5.</strong></span> <span class='ocrx_word' id='word_1_370' title='bbox 987 5603 1008 5634; x_wconf 81' lang='grc'>³</span> <span class='ocrx_word' id='word_1_371' title='bbox 1034 5599 1166 5657; x_wconf 88' lang='lat' dir='ltr'><strong>Luc.</strong></span> <span class='ocrx_word' id='word_1_372' title='bbox 1207 5616 1264 5662; x_wconf 87' lang='grc' dir='ltr'><strong>ιι,</strong></span> <span class='ocrx_word' id='word_1_373' title='bbox 1296 5598 1384 5654; x_wconf 65' lang='grc'><strong>14.</strong></span> 
     </span>
    </p>
   </div>
   <div class='ocr_carea' id='block_1_56' title="bbox 2055 4688 3634 4760">
    <p class='ocr_par' dir='ltr' id='par_1_56' title="bbox 2055 4688 3634 4760">
     <span class='ocr_line' id='line_1_56' title="bbox 2055 4688 3634 4760; baseline 0.004 -17"><span class='ocrx_word' id='word_1_374' title='bbox 2055 4688 2200 4743; x_wconf 90' lang='lat' dir='ltr'><strong>diem</strong></span> <span class='ocrx_word' id='word_1_375' title='bbox 2252 4691 2565 4746; x_wconf 88' lang='lat' dir='ltr'><strong>revehente.</strong></span> <span class='ocrx_word' id='word_1_376' title='bbox 2626 4691 2767 4759; x_wconf 88' lang='lat' dir='ltr'><strong>Apte</strong></span> <span class='ocrx_word' id='word_1_377' title='bbox 2828 4700 3008 4744; x_wconf 85' lang='lat' dir='ltr'><strong>autem</strong></span> <span class='ocrx_word' id='word_1_378' title='bbox 3064 4691 3201 4745; x_wconf 74' lang='lat' dir='ltr'><strong>dixit</strong></span> <span class='ocrx_word' id='word_1_379' title='bbox 3253 4692 3634 4760; x_wconf 83' lang='lat' dir='ltr'><strong>:Glorilicate,</strong></span> 
     </span>
    </p>
   </div>
   <div class='ocr_carea' id='block_1_57' title="bbox 2056 4780 3634 4858">
    <p class='ocr_par' dir='ltr' id='par_1_57' title="bbox 2056 4780 3634 4858">
     <span class='ocr_line' id='line_1_57' title="bbox 2056 4780 3634 4858; baseline 0.003 -22"><span class='ocrx_word' id='word_1_380' title='bbox 2056 4783 2498 4851; x_wconf 84' lang='lat' dir='ltr'><strong>quandoquidem</strong></span> <span class='ocrx_word' id='word_1_381' title='bbox 2552 4783 2605 4834; x_wconf 89' lang='lat' dir='ltr'><strong>in</strong></span> <span class='ocrx_word' id='word_1_382' title='bbox 2642 4780 2843 4835; x_wconf 87' lang='lat' dir='ltr'><strong>Christi</strong></span> <span class='ocrx_word' id='word_1_383' title='bbox 2885 4783 3166 4837; x_wconf 85' lang='lat' dir='ltr'><strong>nativitate</strong></span> <span class='ocrx_word' id='word_1_384' title='bbox 3206 4785 3380 4855; x_wconf 85' lang='lat' dir='ltr'><strong>angeli</strong></span> <span class='ocrx_word' id='word_1_385' title='bbox 3417 4802 3634 4858; x_wconf 76' lang='lat' dir='ltr'><strong>quoque</strong></span> 
     </span>
    </p>
   </div>
   <div class='ocr_carea' id='block_1_58' title="bbox 2054 4872 3633 4942">
    <p class='ocr_par' dir='ltr' id='par_1_58' title="bbox 2054 4872 3633 4942">
     <span class='ocr_line' id='line_1_58' title="bbox 2054 4872 3633 4942; baseline 0.004 -16"><span class='ocrx_word' id='word_1_386' title='bbox 2054 4872 2450 4942; x_wconf 76' lang='lat' dir='ltr'><strong>gloriﬁcabant.</strong></span> <span class='ocrx_word' id='word_1_387' title='bbox 2480 4872 2724 4926; x_wconf 86' lang='lat' dir='ltr'><strong>dicentes</strong></span> <span class='ocrx_word' id='word_1_388' title='bbox 2765 4889 2780 4924; x_wconf 87' lang='lat'><strong>:</strong></span> <span class='ocrx_word' id='word_1_389' title='bbox 2819 4872 3005 4926; x_wconf 83' lang='lat' dir='ltr'><strong>Gloria</strong></span> <span class='ocrx_word' id='word_1_390' title='bbox 3030 4874 3084 4926; x_wconf 88' lang='lat' dir='ltr'><strong>in</strong></span> <span class='ocrx_word' id='word_1_391' title='bbox 3128 4875 3406 4929; x_wconf 81' lang='lat' dir='ltr'><strong>altissimis</strong></span> <span class='ocrx_word' id='word_1_392' title='bbox 3455 4878 3558 4931; x_wconf 82' lang='lat' dir='ltr'><strong>Deo</strong></span> <span class='ocrx_word' id='word_1_393' title='bbox 3589 4881 3633 4933; x_wconf 76' lang='lat'><strong>’.</strong></span> 
     </span>
    </p>
   </div>
   <div class='ocr_carea' id='block_1_59' title="bbox 2057 4964 3639 5035">
    <p class='ocr_par' dir='ltr' id='par_1_59' title="bbox 2057 4964 3639 5035">
     <span class='ocr_line' id='line_1_59' title="bbox 2057 4964 3639 5035; baseline 0.004 -16"><span class='ocrx_word' id='word_1_394' title='bbox 2057 4964 2369 5020; x_wconf 84' lang='lat' dir='ltr'><strong>Gloriticate</strong></span> <span class='ocrx_word' id='word_1_395' title='bbox 2403 4975 2584 5019; x_wconf 85' lang='lat' dir='ltr'><strong>autem</strong></span> <span class='ocrx_word' id='word_1_396' title='bbox 2623 4965 2763 5018; x_wconf 87' lang='lat' dir='ltr'><strong>idem</strong></span> <span class='ocrx_word' id='word_1_397' title='bbox 2793 4976 2876 5020; x_wconf 87' lang='lat' dir='ltr'><strong>est</strong></span> <span class='ocrx_word' id='word_1_398' title='bbox 2903 4967 3049 5035; x_wconf 87' lang='lat' dir='ltr'><strong>quod</strong></span> <span class='ocrx_word' id='word_1_399' title='bbox 3083 4968 3341 5023; x_wconf 81' lang='lat' dir='ltr'><strong>[.audate.</strong></span> <span class='ocrx_word' id='word_1_400' title='bbox 3368 4969 3503 5024; x_wconf 90' lang='lat' dir='ltr'><strong>Cum</strong></span> <span class='ocrx_word' id='word_1_401' title='bbox 3536 4989 3639 5025; x_wconf 86' lang='lat' dir='ltr'><strong>an-</strong></span> 
     </span>
    </p>
   </div>
   <div class='ocr_carea' id='block_1_60' title="bbox 2057 5059 3639 5136">
    <p class='ocr_par' dir='ltr' id='par_1_60' title="bbox 2057 5059 3639 5136">
     <span class='ocr_line' id='line_1_60' title="bbox 2057 5059 3639 5136; baseline 0.006 -24"><span class='ocrx_word' id='word_1_402' title='bbox 2057 5070 2164 5114; x_wconf 87' lang='lat' dir='ltr'><strong>tem</strong></span> <span class='ocrx_word' id='word_1_403' title='bbox 2197 5060 2427 5114; x_wconf 77' lang='lat' dir='ltr'><strong>dixisset</strong></span> <span class='ocrx_word' id='word_1_404' title='bbox 2459 5079 2470 5114; x_wconf 96' lang='lat'>:</span> <span class='ocrx_word' id='word_1_405' title='bbox 2506 5059 2760 5115; x_wconf 89' lang='lat' dir='ltr'><strong>Christus</strong></span> <span class='ocrx_word' id='word_1_406' title='bbox 2791 5062 3050 5130; x_wconf 77' lang='lat' dir='ltr'><strong>gignitur.</strong></span> <span class='ocrx_word' id='word_1_407' title='bbox 3083 5064 3195 5117; x_wconf 68' lang='lat' dir='ltr'><strong>hzec</strong></span> <span class='ocrx_word' id='word_1_408' title='bbox 3227 5065 3389 5120; x_wconf 87' lang='lat' dir='ltr'><strong>verba</strong></span> <span class='ocrx_word' id='word_1_409' title='bbox 3424 5082 3518 5136; x_wconf 86' lang='lat' dir='ltr'><strong>per</strong></span> <span class='ocrx_word' id='word_1_410' title='bbox 3552 5085 3639 5134; x_wconf 85' lang='lat' dir='ltr'><strong>ea,</strong></span> 
     </span>
    </p>
   </div>
   <div class='ocr_carea' id='block_1_61' title="bbox 2060 5153 3640 5223">
    <p class='ocr_par' dir='ltr' id='par_1_61' title="bbox 2060 5153 3640 5223">
     <span class='ocr_line' id='line_1_61' title="bbox 2060 5153 3640 5223; baseline 0.011 -24"><span class='ocrx_word' id='word_1_411' title='bbox 2060 5166 2182 5220; x_wconf 67' lang='lat' dir='ltr'><strong>qum</strong></span> <span class='ocrx_word' id='word_1_412' title='bbox 2230 5161 2560 5220; x_wconf 85' lang='lat' dir='ltr'><strong>sequuntur,</strong></span> <span class='ocrx_word' id='word_1_413' title='bbox 2603 5153 2878 5221; x_wconf 78' lang='lat' dir='ltr'><strong>explanat,</strong></span> <span class='ocrx_word' id='word_1_414' title='bbox 2934 5170 3028 5223; x_wconf 87' lang='lat' dir='ltr'><strong>per</strong></span> <span class='ocrx_word' id='word_1_415' title='bbox 3079 5157 3277 5211; x_wconf 66' lang='lat' dir='ltr'><strong>caelum</strong></span> <span class='ocrx_word' id='word_1_416' title='bbox 3332 5169 3386 5213; x_wconf 88' lang='lat' dir='ltr'><strong>et</strong></span> <span class='ocrx_word' id='word_1_417' title='bbox 3414 5169 3640 5217; x_wconf 75' lang='lat' dir='ltr'><strong>terram.</strong></span> 
     </span>
    </p>
   </div>
   <div class='ocr_carea' id='block_1_62' title="bbox 2063 5241 3640 5314">
    <p class='ocr_par' dir='ltr' id='par_1_62' title="bbox 2063 5241 3640 5314">
     <span class='ocr_line' id='line_1_62' title="bbox 2063 5241 3640 5314; baseline 0.008 -18"><span class='ocrx_word' id='word_1_418' title='bbox 2063 5241 2209 5299; x_wconf 83' lang='lat' dir='ltr'><strong>Deus</strong></span> <span class='ocrx_word' id='word_1_419' title='bbox 2239 5245 2384 5298; x_wconf 90' lang='lat' dir='ltr'><strong>enim</strong></span> <span class='ocrx_word' id='word_1_420' title='bbox 2436 5244 2608 5309; x_wconf 90' lang='lat' dir='ltr'><strong>solus,</strong></span> <span class='ocrx_word' id='word_1_421' title='bbox 2672 5245 2872 5314; x_wconf 82' lang='lat' dir='ltr'><strong>inquit,</strong></span> <span class='ocrx_word' id='word_1_422' title='bbox 2920 5264 2950 5302; x_wconf 90' lang='lat' dir='ltr'><strong>e</strong></span> <span class='ocrx_word' id='word_1_423' title='bbox 2999 5250 3142 5304; x_wconf 73' lang='lat' dir='ltr'><strong>creto</strong></span> <span class='ocrx_word' id='word_1_424' title='bbox 3199 5250 3535 5308; x_wconf 83' lang='lat' dir='ltr'><strong>descendens</strong></span> <span class='ocrx_word' id='word_1_425' title='bbox 3588 5257 3640 5308; x_wconf 89' lang='lat' dir='ltr'><strong>in</strong></span> 
     </span>
    </p>
   </div>
   <div class='ocr_carea' id='block_1_63' title="bbox 2065 5339 3639 5410">
    <p class='ocr_par' dir='ltr' id='par_1_63' title="bbox 2065 5339 3639 5410">
     <span class='ocr_line' id='line_1_63' title="bbox 2065 5339 3639 5410; baseline 0.008 -24"><span class='ocrx_word' id='word_1_426' title='bbox 2065 5343 2209 5388; x_wconf 86' lang='lat' dir='ltr'><strong>terra</strong></span> <span class='ocrx_word' id='word_1_427' title='bbox 2247 5350 2374 5390; x_wconf 89' lang='lat' dir='ltr'><strong>cum</strong></span> <span class='ocrx_word' id='word_1_428' title='bbox 2422 5349 2714 5404; x_wconf 77' lang='lat' dir='ltr'><strong>assumpta</strong></span> <span class='ocrx_word' id='word_1_429' title='bbox 2770 5339 3110 5395; x_wconf 88' lang='lat' dir='ltr'><strong>humanitate</strong></span> <span class='ocrx_word' id='word_1_430' title='bbox 3173 5343 3438 5399; x_wconf 87' lang='lat' dir='ltr'><strong>nascitur.</strong></span> <span class='ocrx_word' id='word_1_431' title='bbox 3483 5345 3639 5410; x_wconf 71' lang='lat' dir='ltr'><strong>Quoi</strong></span> 
     </span>
    </p>
   </div>
   <div class='ocr_carea' id='block_1_64' title="bbox 2064 5426 3640 5501">
    <p class='ocr_par' dir='ltr' id='par_1_64' title="bbox 2064 5426 3640 5501">
     <span class='ocr_line' id='line_1_64' title="bbox 2064 5426 3640 5501; baseline 0.004 -20"><span class='ocrx_word' id='word_1_432' title='bbox 2064 5427 2226 5481; x_wconf 85' lang='lat' dir='ltr'><strong>etiam</strong></span> <span class='ocrx_word' id='word_1_433' title='bbox 2259 5426 2355 5492; x_wconf 89' lang='lat' dir='ltr'><strong>ait,</strong></span> <span class='ocrx_word' id='word_1_434' title='bbox 2385 5426 2612 5481; x_wconf 86' lang='lat' dir='ltr'><strong>Obviam</strong></span> <span class='ocrx_word' id='word_1_435' title='bbox 2648 5430 2882 5499; x_wconf 83' lang='lat' dir='ltr'><strong>prodite,</strong></span> <span class='ocrx_word' id='word_1_436' title='bbox 2939 5441 3084 5488; x_wconf 84' lang='lat' dir='ltr'><strong>recte</strong></span> <span class='ocrx_word' id='word_1_437' title='bbox 3123 5447 3245 5487; x_wconf 89' lang='lat' dir='ltr'><strong>cum</strong></span> <span class='ocrx_word' id='word_1_438' title='bbox 3305 5435 3390 5488; x_wconf 80' lang='lat' dir='ltr'><strong>his</strong></span> <span class='ocrx_word' id='word_1_439' title='bbox 3439 5435 3640 5501; x_wconf 64' lang='lat' dir='ltr'><strong>vertis,</strong></span> 
     </span>
    </p>
   </div>
   <div class='ocr_carea' id='block_1_65' title="bbox 436 5757 3643 5826">
    <p class='ocr_par' dir='ltr' id='par_1_65' title="bbox 436 5757 3643 5826">
     <span class='ocr_line' id='line_1_65' title="bbox 436 5757 3643 5826; baseline 0.003 -19"><span class='ocrx_word' id='word_1_440' title='bbox 436 5760 451 5776; x_wconf 77' lang='grc'><em>“</em></span> <span class='ocrx_word' id='word_1_441' title='bbox 480 5759 590 5808; x_wconf 82' lang='lat' dir='ltr'><strong>Alia</strong></span> <span class='ocrx_word' id='word_1_442' title='bbox 618 5757 894 5826; x_wconf 86' lang='lat' dir='ltr'><strong>identidem</strong></span> <span class='ocrx_word' id='word_1_443' title='bbox 920 5760 1124 5820; x_wconf 85' lang='lat' dir='ltr'><strong>scholia,</strong></span> <span class='ocrx_word' id='word_1_444' title='bbox 1146 5775 1206 5810; x_wconf 82' lang='lat' dir='ltr'><strong>ex</strong></span> <span class='ocrx_word' id='word_1_445' title='bbox 1231 5761 1414 5814; x_wconf 66' lang='lat' dir='ltr'><strong>Graecis</strong></span> <span class='ocrx_word' id='word_1_446' title='bbox 1446 5760 1633 5826; x_wconf 70' lang='lat' dir='ltr'><strong>Nicetze</strong></span> <span class='ocrx_word' id='word_1_447' title='bbox 1655 5772 1897 5826; x_wconf 61' lang='lat' dir='ltr'><strong>umquam</strong></span> <span class='ocrx_word' id='word_1_448' title='bbox 1929 5766 2114 5826; x_wconf 82' lang='lat' dir='ltr'><strong>partem</strong></span> <span class='ocrx_word' id='word_1_449' title='bbox 2151 5769 2363 5826; x_wconf 78' lang='lat' dir='ltr'><strong>sumpta,</strong></span> <span class='ocrx_word' id='word_1_450' title='bbox 2402 5769 2454 5810; x_wconf 89' lang='lat' dir='ltr'><strong>ut</strong></span> <span class='ocrx_word' id='word_1_451' title='bbox 2482 5762 2567 5819; x_wconf 87' lang='lat' dir='ltr'><strong>ait,</strong></span> <span class='ocrx_word' id='word_1_452' title='bbox 2603 5763 2857 5826; x_wconf 80' lang='lat' dir='ltr'><strong>excerpsit</strong></span> <span class='ocrx_word' id='word_1_453' title='bbox 2900 5767 3109 5817; x_wconf 88' lang='lat' dir='ltr'><strong>Jacobus</strong></span> <span class='ocrx_word' id='word_1_454' title='bbox 3142 5769 3314 5817; x_wconf 84' lang='lat' dir='ltr'><strong>Bittius</strong></span> <span class='ocrx_word' id='word_1_455' title='bbox 3339 5777 3393 5817; x_wconf 92' lang='lat' dir='ltr'><strong>ut</strong></span> <span class='ocrx_word' id='word_1_456' title='bbox 3417 5768 3538 5819; x_wconf 74' lang='lat' dir='ltr'><strong>Eliae</strong></span> <span class='ocrx_word' id='word_1_457' title='bbox 3573 5770 3643 5818; x_wconf 82' lang='lat' dir='ltr'><strong>ta-</strong></span> 
     </span>
    </p>
   </div>
   <div class='ocr_carea' id='block_1_66' title="bbox 374 5822 3641 5888">
    <p class='ocr_par' dir='ltr' id='par_1_66' title="bbox 374 5822 3641 5888">
     <span class='ocr_line' id='line_1_66' title="bbox 374 5822 3641 5888; baseline 0.006 -27"><span class='ocrx_word' id='word_1_458' title='bbox 374 5835 521 5869; x_wconf 65' lang='lat' dir='ltr'><strong>mnas</strong></span> <span class='ocrx_word' id='word_1_459' title='bbox 548 5825 835 5882; x_wconf 75' lang='lat' dir='ltr'><strong>suppleret;</strong></span> <span class='ocrx_word' id='word_1_460' title='bbox 868 5829 1168 5888; x_wconf 87' lang='lat' dir='ltr'><strong>cum__autem</strong></span> <span class='ocrx_word' id='word_1_461' title='bbox 1194 5826 1255 5874; x_wconf 87' lang='lat' dir='ltr'><strong>de</strong></span> <span class='ocrx_word' id='word_1_462' title='bbox 1282 5839 1373 5874; x_wconf 84' lang='lat' dir='ltr'><strong>suo</strong></span> <span class='ocrx_word' id='word_1_463' title='bbox 1398 5825 1548 5872; x_wconf 86' lang='lat' dir='ltr'><strong>multa</strong></span> <span class='ocrx_word' id='word_1_464' title='bbox 1575 5822 1841 5883; x_wconf 84' lang='lat' dir='ltr'><strong>addiderit,</strong></span> <span class='ocrx_word' id='word_1_465' title='bbox 1884 5826 2002 5886; x_wconf 77' lang='lat' dir='ltr'><strong>jam,</strong></span> <span class='ocrx_word' id='word_1_466' title='bbox 2029 5822 2292 5874; x_wconf 76' lang='lat' dir='ltr'><strong>deﬁciente</strong></span> <span class='ocrx_word' id='word_1_467' title='bbox 2320 5832 2461 5873; x_wconf 71' lang='lat' dir='ltr'><strong>textu</strong></span> <span class='ocrx_word' id='word_1_468' title='bbox 2505 5827 2690 5888; x_wconf 61' lang='lat' dir='ltr'><strong>Graeco,</strong></span> <span class='ocrx_word' id='word_1_469' title='bbox 2716 5822 2863 5877; x_wconf 75' lang='lat' dir='ltr'><strong>verba</strong></span> <span class='ocrx_word' id='word_1_470' title='bbox 2907 5828 3093 5884; x_wconf 69' lang='lat' dir='ltr'><strong>Niectze</strong></span> <span class='ocrx_word' id='word_1_471' title='bbox 3117 5829 3177 5880; x_wconf 85' lang='lat' dir='ltr'><strong>ab</strong></span> <span class='ocrx_word' id='word_1_472' title='bbox 3203 5830 3443 5880; x_wconf 82' lang='lat' dir='ltr'><strong>addilitits</strong></span> <span class='ocrx_word' id='word_1_473' title='bbox 3469 5846 3641 5881; x_wconf 81' lang='lat' dir='ltr'><strong>secer-</strong></span> 
     </span>
    </p>
   </div>
   <div class='ocr_carea' id='block_1_67' title="bbox 376 5883 1099 5944">
    <p class='ocr_par' dir='ltr' id='par_1_67' title="bbox 376 5883 1099 5944">
     <span class='ocr_line' id='line_1_67' title="bbox 376 5883 1099 5944; baseline 0.004 -15"><span class='ocrx_word' id='word_1_474' title='bbox 376 5897 497 5930; x_wconf 72' lang='lat' dir='ltr'><strong>nere</strong></span> <span class='ocrx_word' id='word_1_475' title='bbox 530 5897 628 5932; x_wconf 87' lang='lat' dir='ltr'><strong>non</strong></span> <span class='ocrx_word' id='word_1_476' title='bbox 659 5897 933 5944; x_wconf 74' lang='lat' dir='ltr'><strong>possumus.</strong></span> <span class='ocrx_word' id='word_1_477' title='bbox 967 5883 1099 5933; x_wconf 78' lang='lat' dir='ltr'><strong>Eutr.</strong></span> 
     </span>
    </p>
   </div>
  </div>
