4100 6486
390 457 532 524 11ῗ9

1804 455 2197 522 ADDENDA.

3530 457 3672 523 1180

377 570 677 625 Christuse
700 568 874 632 caelis,
896 569 1151 621 cohaeret.
1178 564 1352 620 Porro
1372 564 1473 636 ipsi
1495 578 1525 619 e
1553 563 1961 634 coelisdescen-
1993 578 2037 637 Α
2066 534 2349 626 discussas
2376 581 2440 623 ac
2470 567 2728 640 depulsas
2766 569 2939 628 fuisse
2972 569 3189 628 scribit.
3225 571 3294 627 At
3320 585 3469 627 nunc
3490 572 3675 628 Theo-

379 668 532 721 denti
564 667 636 720 ita
686 666 907 719 demum
964 662 1090 732 quis
1126 675 1419 716 occurrere
1451 659 1674 731 poterit,
1722 659 1772 715 si
1799 674 1969 730 supra

382 776 471 815 res
524 770 769 813 terrenas
826 758 1068 825 seipsum
1105 755 1380 817 extulerit,
1440 762 1606 823 atque
1645 751 1879 809 actionis
1914 763 1970 807 et

381 851 864 921 contemplationis
916 850 1111 919 pennis
1156 847 1422 910 evexerit,
1460 847 1613 916 juxta
1642 845 1695 900 id
1727 845 1873 915 quod
1903 845 1973 899 ab

379 944 641 1015 Apostolo
690 944 895 997 dictum
950 950 1033 994 est
1070 954 1083 991 :
1114 938 1335 994 Obviam
1375 940 1713 1008 proredemus
1750 938 1974 991 venienti

379 1038 611 1091 Domino
663 1037 717 1088 in
772 1051 945 1088 aerem
987 1033 1029 1087 ⁸.
1084 1031 1301 1102 Optime
1332 1031 1493 1085 etiam
1545 1030 1780 1101 quadrat
1839 1031 1972 1085 illud

383 1128 761 1185 Sabucltintiui
789 1142 913 1180 cum
941 1126 1028 1180 his
1052 1126 1233 1179 verbis
1259 1141 1269 1174 :
1294 1123 1549 1178 Christus
1574 1123 1625 1175 in
1659 1135 1820 1175 terra.
1849 1122 1974 1191 Ipso

379 1224 524 1277 cnim
556 1229 757 1275 n0stra:
791 1217 983 1272 salutis
1017 1231 1177 1269 causa
1221 1216 1431 1285 dij-acto
1460 1230 1524 1269 ac
1557 1223 1773 1267 terreno
1807 1212 1973 1280 facto,

382 1327 488 1368 nos
518 1319 740 1381 propter
768 1309 949 1377 ipsum
981 1305 1153 1360 evecti
1195 1319 1257 1359 ac
1289 1305 1543 1360 caelestes
1596 1303 1723 1358 facti
1759 1319 1972 1360 sumus.

379 1404 514 1459 Illud
548 1414 727 1458 autem
767 1420 780 1455 :
811 1398 1037 1454 Caritate
1064 1395 1314 1462 Domino,
1342 1397 1514 1449 omnis
1558 1406 1720 1461 terra,
1758 1396 1978 1451 Dat'idis

380 1506 467 1553 est
495 1498 537 1551 ⁸.
574 1494 688 1550 lloc
711 1508 873 1565 porro
900 1492 1018 1548 loco
1048 1506 1148 1561 per
1195 1501 1395 1544 terram
1443 1489 1696 1544 homines
1748 1490 1800 1541 in
1834 1498 1975 1543 terra

382 1590 693 1646 habitantes
717 1586 1118 1657 intelliguntur.
1139 1581 1412 1650 Quoniam
1436 1588 1619 1636 autem
1650 1596 1715 1635 eo
1734 1591 1979 1650 tempore

382 1687 453 1741 ob
489 1684 771 1739 Christum
814 1690 998 1735 natum
1035 1678 1211 1748 angeli
1243 1684 1299 1731 et
1348 1684 1599 1745 pastores
1637 1675 1805 1729 Deum
1853 1674 1976 1727 tau.

381 1781 585 1833 dabant
627 1791 690 1831 ac
741 1774 1025 1844 voluptate
1085 1770 1490 1833 adiciebantur,
1569 1766 1704 1821 mihi
1756 1779 1979 1837 quoque

384 1872 695 1928 faciendum
726 1879 830 1934 est,
869 1876 927 1923 ut
978 1867 1112 1931 illaec
1138 1864 1249 1920 duo
1306 1864 1360 1917 in
1394 1876 1566 1917 unum
1614 1861 1934 1915 contraham
1960 1900 1975 1926 ,

2074 662 2233 733 logus
2272 660 2529 718 tenebras
2570 676 2818 719 errorem
2876 671 2931 720 et
2981 672 3270 735 peccatum
3319 673 3519 720 vocat:
3584 666 3672 719 lu-

2075 769 2191 811 cem
2245 767 2430 811 autem
2480 770 2663 811 veram
2742 756 2865 812 ﬁdei
2926 757 3234 813 doctrinam
3287 766 3342 812 et
3379 758 3663 816 virtutem.

2076 852 2155 903 Ac
2186 847 2477 903 solvuntur
2503 847 2723 918 quidem
2761 847 3024 913 tenebrae,
3057 858 3116 902 ut
3156 848 3415 905 accidens
3450 866 3465 904 :
3503 866 3665 905 crea-

2078 951 2165 996 tur
2200 950 2381 995 autem
2431 942 2546 1006 lux,
2592 951 2649 994 ut
2680 941 3015 996 substantia.
3065 941 3123 997 Si
3161 941 3388 1011 quidem
3421 956 3580 996 error
3608 956 3674 997 ac

2079 1043 2362 1106 peccatum
2412 1043 2612 1104 praeter
2646 1043 2896 1087 naturam
2939 1042 3092 1096 sunt,
3139 1034 3349 1089 veritas
3398 1044 3587 1089 contra
3618 1043 3673 1090 et

2078 1128 2250 1182 virtus
2284 1128 2588 1183 secundum
2640 1134 2916 1181 naturam.
2972 1125 3171 1180 Earum
3209 1127 3409 1180 etenim
3457 1127 3668 1182 semina

2083 1230 2291 1274 natura:
2327 1230 2530 1281 nostra:
2562 1220 2813 1287 inspersa
2850 1227 3019 1287 atque
3062 1218 3229 1273 insita
3275 1227 3422 1272 sunt.
3467 1217 3674 1273 Deinde

2081 1313 2350 1385 Egyptus
2413 1312 2637 1381 quidem
2697 1309 3057 1380 palpaliilium
3104 1310 3455 1364 tenebrarum
3510 1310 3671 1379 plaga

2080 1409 2235 1474 prius
2265 1412 2459 1459 vexata
2493 1412 2599 1468 est,
2620 1400 3092 1473 quemadmodum
3127 1399 3354 1455 tradidit
3380 1398 3558 1454 Moses
3585 1399 3629 1429 ¹²
3655 1416 3669 1453 ;

2084 1507 2137 1551 at
2202 1510 2357 1551 nunc
2425 1495 2735 1566 ignorantia
2797 1502 2851 1549 et
2905 1502 3194 1563 peccatum
3251 1491 3499 1547 tenebris
3552 1507 3677 1545 cru-

2082 1590 2325 1657 ciantur,
2380 1588 2484 1644 hoc
2545 1597 2649 1653 est,
2710 1586 3086 1641 internecione
3129 1585 3401 1639 delentur.
3445 1581 3525 1635 Ad
3564 1582 3679 1637 haec

2084 1677 2253 1733 Israel
2287 1676 2512 1746 quidem
2548 1676 2803 1731 columna
2855 1675 2998 1745 ignis
3033 1684 3164 1729 tunc
3196 1673 3508 1728 illustratus
3542 1681 3631 1727 est
3662 1687 3678 1725 :

2084 1780 2139 1824 at
2176 1785 2321 1823 nunc
2354 1769 2523 1824 Israel
2562 1769 2669 1825 diei
2702 1777 2870 1839 queat
2904 1768 3030 1838 pius
3074 1766 3336 1838 populus,
3375 1765 3468 1835 qui
3503 1763 3677 1819 Deum

2086 1862 2445 1933 spiritualitcr
2496 1864 2762 1917 intuetur.
2826 1859 3101 1915 Columna
3155 1871 3340 1914 autem
3385 1858 3531 1928 ignis
3585 1872 3683 1911 ve-

386 1983 450 2021 ac
509 1962 757 2019 caelestia
792 1958 955 2014 simul
984 1969 1037 2012 et
1064 1966 1289 2011 terrena
1318 1954 1594 2025 colligam,
1623 1961 1676 2007 ct
1717 1966 1841 2007 cum
1874 1951 1980 2005 Da-
2008 1949 2055 2008 B
2086 1957 2242 2033 ritas,
2294 1964 2386 2009 aut
2418 1953 2676 2009 Christus
2707 1953 2845 2021 ipse,
2878 1952 2976 2020 qui
3022 1966 3124 2005 nos
3159 1950 3291 2020 tegit
3323 1957 3379 2003 ct
3418 1948 3681 2011 illustrat,

385 2060 506 2115 vide
534 2059 711 2112 dicam
747 2072 761 2109 :
795 2052 1069 2109 Laztentur
1115 2049 1233 2104 costi
1283 2057 1332 2101 et
1362 2047 1591 2101 exsultet
1645 2045 1841 2111 terra,“
1870 2044 1979 2098 hoc

383 2162 489 2215 est,
533 2161 586 2205 et
614 2148 869 2204 caelestes
897 2141 1097 2212 angeli,
1124 2149 1179 2196 et
1223 2139 1474 2194 homines
1508 2137 1562 2192 in
1594 2146 1739 2191 terra
1771 2136 1976 2205 degen-

386 2255 488 2299 tes.
523 2240 618 2295 Vel
656 2241 775 2308 ipsa
810 2247 1032 2306 quoque
1068 2230 1373 2285 inanimata
1396 2228 1665 2282 elementa
1694 2225 1763 2280 ob
1800 2225 1979 2278 incre-

386 2336 611 2390 dibilem
645 2329 947 2400 voluptatis
982 2322 1418 2393 magnitudinem
1452 2319 1519 2373 ad
1551 2318 1793 2372 laetitiam
1833 2316 1979 2368 invi-

386 2434 595 2482 tentur.
637 2420 939 2477 Consimilc
965 2414 1225 2488 quiddam
1262 2412 1433 2467 Isaias
1460 2410 1593 2465 dicit
1628 2426 1643 2464 :
1679 2407 1981 2467 Lwtemini,

385 2516 525 2582 costi,
558 2527 604 2568 et
632 2511 859 2567 exsultet
903 2518 1067 2572 terra,
1103 2512 1453 2583 prorumpam
1504 2508 1708 2554 montes
1759 2499 1815 2552 in
1846 2496 1987 2551 laeti-

388 2603 825 2675 tiam:qnoniam
856 2600 1141 2652 miseratus
1171 2602 1248 2648 est
1281 2591 1751 2660 Dominusplebem
1767 2604 1917 2642 suam
1938 2590 1982 2640 ⁸.

383 2704 591 2757 Αόιιωο
637 2695 952 2761 Thcologus
1001 2688 1136 2744 illud
1187 2705 1199 2740 :
1243 2685 1494 2741 Christus
1540 2684 1595 2737 in
1643 2696 1848 2746 carne,
1915 2695 1983 2735 ex

390 2796 566 2866 prima
607 2790 670 2843 ad
709 2785 1057 2840 Timotheum
1100 2781 1355 2850 sumpsit,
1390 2781 1441 2831 in
1476 2791 1584 2848 qua
1622 2776 1824 2830 Paulus
1861 2774 1978 2828 ait:

387 2865 529 2941 Deus
558 2881 932 2951 manifestatus
968 2885 1045 2929 est
1078 2875 1134 2927 in
1180 2887 1339 2926 carne
1369 2871 1411 2923 ⁷.
1462 2870 1556 2923 Illa
1593 2875 1775 2922 autem
1806 2885 1818 2917 :
1851 2865 1986 2921 Tre-

389 2991 542 3034 ntore
572 2983 627 3029 et
664 2971 865 3042 gaudio
894 2968 1186 3029 exsultate,
1218 2978 1249 3017 a
1285 2964 1500 3033 psalmo
1549 2960 1794 3015 secundo
1828 2957 1989 3012 Davi-

388 3070 475 3123 dis
505 3071 723 3132 sumpta
752 3068 901 3114 sunt.
935 3057 989 3110 ln
1019 3069 1085 3110 eo
1115 3053 1262 3107 enim
1314 3051 1583 3121 loquitur,
1622 3048 1827 3103 Servite
1873 3046 1987 3099 Do-

388 3159 532 3211 mino
559 3155 614 3207 in
643 3153 852 3215 timore,
880 3144 1214 3201 etexsultate
1235 3142 1283 3196 ei
1308 3158 1426 3195 cum
1456 3152 1683 3195 tremore
1704 3140 1746 3193 '.
1777 3138 1987 3195 Sensus

390 3261 570 3303 autem
602 3242 865 3313 Theol0gi
916 3239 1044 3293 talis
1084 3245 1211 3291 est:
1246 3234 1546 3301 Quoniam,
1582 3235 1782 3303 inquit,
1842 3232 1987 3286 Deus

2084 2057 2248 2117 atque
2324 2045 2391 2100 ad
2464 2044 2742 2100 emlestetn
2804 2041 3195 2112 promissionis
3261 2048 3464 2094 terrant
3527 2038 3687 2092 nobis

2084 2140 2227 2191 viam
2287 2144 2707 2193 commonstrat.
2774 2134 2931 2202 Quod
2984 2142 3167 2187 autem
3232 2132 3510 2202 sequitur.
3577 2129 3687 2183 Po~

2080 2230 2242 2297 putus
2293 2230 2387 2299 qui
2419 2228 2657 2295 sedebat,
2691 2239 2825 2294 etc.,
2861 2228 2930 2282 ab
2967 2225 3105 2281 lsaia
3138 2225 3358 2295 quidem
3394 2233 3682 2293 acceptum

2085 2323 2290 2386 est”;
2341 2331 2602 2376 caeterum
2657 2318 2974 2390 Theologus
3029 2333 3313 2389 exponens
3364 2317 3430 2371 de
3482 2315 3686 2384 quibus

2087 2414 2328 2470 tenebris
2379 2412 2654 2485 Propheta
2713 2413 2997 2483 loquatur,
3060 2409 3283 2480 adjecit,
3334 2407 3682 2478 lgnorantiae.

2089 2507 2403 2576 Eodemque
2459 2504 2621 2560 modo
2680 2504 2734 2559 in
2784 2504 2909 2559 luce
2962 2503 3115 2566 fecit,
3165 2501 3526 2570 subjungens,
3571 2502 3681 2554 Go—

2086 2599 2346 2670 gnitionis
2406 2607 2459 2653 ct
2502 2598 2769 2653 scientiae.
2806 2595 3021 2652 Rursus
3056 2595 3214 2659 illud,
3258 2594 3448 2648 Vetera
3489 2603 3671 2646 trans—

2084 2693 2286 2753 ierunt,
2330 2700 2462 2755 etc.,
2502 2707 2567 2745 ex
2613 2691 2659 2745 11
2706 2689 2880 2761 Epist.
2932 2687 3087 2742 Pauli
3118 2687 3184 2741 ad
3240 2684 3371 2741 Cor.
3436 2701 3488 2751 ν,
3530 2697 3680 2738 sum-

2088 2787 2226 2856 psit;
2290 2794 2472 2839 vetera
2530 2785 2732 2854 quippe
2792 2796 2932 2837 nova
3001 2780 3144 2835 facta
3200 2785 3349 2833 sunt.
3389 2776 3525 2830 Nam
3584 2790 3683 2844 pro

2089 2893 2231 2948 agno
2281 2878 2561 2933 Christum
2618 2877 2909 2941 habemus,
2961 2890 3060 2945 pro
3125 2870 3554 2927 circumcisione
3585 2868 3682 2923 ba-

2090 2976 2373 3043 ptismum,
2425 2985 2527 3042 pro
2590 2984 2793 3024 manna
2846 2978 3087 3038 et'aqua
3127 2980 3329 3035 corpus
3358 2975 3411 3018 et
3453 2960 3686 3033 sangui-

2092 3079 2215 3118 nem
2266 3062 2491 3127 Christi,
2534 3076 2634 3131 pro
2677 3070 2822 3116 terra
2871 3061 3095 3125 cmlum,
3134 3068 3443 3126 caeteraque
3492 3054 3685 3109 eodem

2094 3154 2272 3207 modo.
2337 3151 2496 3207 Hunc
2554 3166 2718 3220 porro
2787 3149 3034 3220 Apostoli
3105 3136 3287 3203 locum
3358 3146 3687 3215 explicans,

2092 3247 2301 3310 subdit,
2363 3243 2571 3299 Littera
2627 3242 2751 3297 loco
2809 3241 2977 3308 cedit,
3020 3241 3248 3311 spiritus
3290 3248 3531 3309 superat.
3589 3236 3691 3292 l’cr

390 3344 443 3395 iu
481 3351 646 3393 carne
677 3346 783 3397 est.
815 3331 1112 3393 εκευὶωιον
1148 3342 1257 3382 ηοη
1289 3335 1469 3380 male"
1505 3340 1639 3393 Pure
1670 3335 1725 3378 ει
1771 3319 1985 3392 53m?“-
2015 3303 2058 3360 Ο
2093 3337 2331 3390 litteram
2413 3337 2585 3405 legem
2653 3334 2913 3403 scriptam
2977 3332 3264 3401 ipsiusque
3318 3332 3684 3386 cairemonias

391 3436 566 3495 «iter;
611 3440 800 3481 verum
826 3420 1211 3477 sitexsultatio
1235 3423 1418 3472 vestra
1450 3428 1684 3469 tremore
1706 3424 1761 3469 et
1788 3414 1989 3485 gaudio

393 3528 738 3592 temperata,
781 3516 915 3571 illud
970 3514 1043 3567 ob
1094 3520 1402 3581 peccatum,
1456 3510 1601 3578 quod
1658 3523 1759 3563 nos
1815 3507 1989 3577 ipsius

394 3617 638 3671 adventu
692 3607 1097 3680 praisentiaque
1165 3604 1420 3673 indignos
1479 3601 1829 3664 reddiderat,
1886 3601 1989 3655 hoc

394 3715 615 3779 propter
638 3715 788 3771 spem
828 3698 1038 3754 salutis.
1094 3693 1247 3749 Venit
1278 3695 1446 3758 enim,
1496 3702 1556 3745 ut
1595 3692 1801 3746 salvum
1840 3692 1986 3762 face-

393 3806 495 3866 ret,
518 3795 657 3867 quod
691 3791 921 3862 perierat
950 3789 992 3843 9.
1022 3786 1143 3841 Jam
1176 3786 1340 3841 etiam
1371 3800 1491 3854 qua:
1526 3794 1855 3855 sequuntur,
1886 3798 1987 3839 ex-

394 3890 727 3961 pendamus.
754 3882 1013 3938 Christus
1043 3895 1111 3933 ex
1142 3876 1368 3947 Virgine
1400 3888 1585 3941 natus,
1614 3876 1986 3944 virginitatem

394 3980 654 4052 praetulit.
679 3977 758 4031 At:
781 3986 1131 4044 quaecunque
1157 3969 1489 4038 virginitatis
1520 3982 1710 4022 amore
1726 3979 1991 4035 correpta:

396 4048 626 4139 l'uerint,
653 4066 1069 4140 quodammodo
1090 4072 1342 4119 sanctam
1369 4059 1659 4130 Deiparam
1680 4048 1988 4116 imitamur.

395 4166 650 4235 Virgines
680 4161 851 4223 enim,
882 4157 1085 4226 inquit,
1117 4163 1242 4224 post
1268 4155 1443 4222 ipsam
1471 4151 1836 4217 adducentur,
1869 4165 1990 4203 eam

398 4258 653 4312 videlicet
699 4266 793 4323 per
839 4250 1205 4305 imitationem
1249 4245 1602 4299 comitantes.
1648 4242 1730 4295 Ac
1760 4242 1994 4311 proinde

397 4356 664 4418 quantum
696 4343 764 4397 ad
808 4338 1145 4410 virginitatis
1200 4335 1471 4400 studium,
1527 4345 1734 4389 matres
1787 4333 1992 4388 Christi

397 4436 508 4490 dici
536 4432 775 4504 possint.
808 4427 1122 4497 Allegorico
1156 4434 1341 4479 autent
1379 4438 1549 4479 sensu
1581 4423 1767 4478 omnis
1806 4425 1992 4478 anima

400 4528 570 4582 maris
604 4525 762 4595 juxta
791 4535 857 4574 ac
891 4518 1129 4577 feminae.
1160 4531 1283 4587 qua:
1329 4517 1402 4571 ab
1459 4518 1612 4571 omni
1646 4514 1791 4571 l'tndo
1826 4525 1995 4585 atque

2094 3428 2366 3498 intelligit,
2414 3442 2512 3498 per
2571 3427 2824 3497 spiritum
2892 3434 3100 3490 autem,
3160 3422 3543 3493 Evangellum,
3596 3428 3688 3477 ut-

2093 3527 2218 3588 pote
2268 3517 2415 3587 quod
2479 3517 2725 3588 spiritale
2777 3514 3113 3571 sacrificium
3166 3516 3450 3584 vitamque
3508 3511 3675 3580 spiri-

2094 3609 2256 3663 talem
2316 3617 2503 3677 apcrte
2562 3607 2904 3677 pra:scribat.
2973 3604 3108 3659 Nam
3169 3605 3254 3659 lex
3320 3616 3477 3659 vetus
3531 3605 3688 3672 juxta

2094 3700 2292 3754 littera:
2346 3714 2570 3753 sensum
2632 3699 2819 3753 omnia
2881 3697 3257 3768 praecipiebat.
3328 3694 3435 3754 Lex
3498 3704 3682 3748 autem

2095 3801 2253 3846 vetus
2306 3791 2512 3859 scripta
2569 3790 2914 3855 nominatur,
2963 3790 3093 3859 quia
3147 3789 3302 3858 prius
3346 3787 3551 3856 scripta
3582 3795 3689 3847 est,

2094 3898 2260 3953 quant
2311 3882 2455 3952 apud
2507 3881 2769 3951 populant
2820 3882 3051 3936 recitata
3085 3880 3201 3935 sit:
3245 3887 3299 3934 at
3333 3878 3686 3948 Evangelium

2094 3974 2350 4028 Christus
2394 3987 2490 4027 ore
2528 3972 2740 4037 docuit,
2786 3970 3005 4025 tametsi
3060 3980 3247 4041 postea
3276 3985 3497 4041 quoque
3543 3970 3691 4024 litte-

2098 4080 2283 4119 rarum
2365 4065 2742 4120 monumentis
2806 4066 3190 4134 consignatum
3256 4065 3347 4121 sit.
3419 4068 3496 4119 Ac
3568 4063 3691 4117 vide

2098 4174 2262 4227 quam
2320 4167 2580 4211 accurate
2638 4165 2695 4211 et
2746 4166 2939 4212 exacte
3013 4156 3269 4226 loquatur
3329 4153 3688 4226 Gregorius:

2100 4254 2338 4321 Superat
2385 4251 2769 4321 Evangelium,
2828 4250 2935 4305 hoc
2984 4258 3091 4315 est,
3152 4248 3441 4319 superiora
3502 4248 3689 4301 omnia

2099 4347 2284 4409 habet,
2339 4355 2506 4414 atque
2555 4344 2889 4399 auctoritate
2933 4352 2988 4398 et
3036 4343 3284 4413 potentia
3330 4340 3521 4396 vincit.
3577 4338 3690 4395 Lex

2099 4450 2279 4494 autem
2313 4440 2434 4493 loco
2480 4439 2645 4505 cedit,
2682 4446 2745 4491 ut
2787 4450 3139 4507 nequaquam
3165 4431 3401 4506 'prorsus
3432 4435 3609 4488 soluta
3640 4440 3694 4487 et

2102 4531 2395 4585 exstincta.
2453 4528 2526 4582 lis
2579 4530 2727 4582 enim
2773 4527 3105 4582 oblitteratis
3162 4534 3328 4594 atque
3384 4523 3671 4594 abrogatis

401 4619 641 4672 obsceno
674 4610 873 4665 aﬁectu
905 4607 1133 4679 virginis
1159 4609 1357 4671 instar,
1390 4621 1582 4676 puram
1624 4621 1685 4661 se
1719 4614 1777 4661 ct
1810 4606 1985 4661 ineor-

2102 4636 2225 4692 qua:
2278 4620 2434 4690 juxta
2490 4628 2781 4673 externum
2828 4632 3055 4673 sensum
3108 4616 3534 4687 peragebantur,
3573 4613 3690 4683 spi-

399 4720 618 4780 ruptam
653 4713 860 4769 tuetur,
888 4702 1094 4756 virtute
1131 4698 1367 4755 Verbum
1395 4700 1663 4778 concipit,
1704 4700 1996 4768 ipsumque

403 4801 698 4874 progignit.
736 4795 861 4851 Mox
910 4810 1005 4866 per
1044 4793 1533 4862 interrogationem
1577 4792 1744 4847 infert
1788 4792 1998 4863 Grego-

406 4899 549 4949 rius.
592 4910 609 4944 ι
643 4891 779 4958 Quis
810 4905 958 4955 eum,
997 4889 1087 4956 qui
1130 4902 1159 4940 a
1182 4887 1455 4956 principio
1482 4894 1587 4951 est,
1610 4895 1830 4956 propter
1861 4887 1998 4942 divi-

404 4986 627 5038 nitatem
676 4998 786 5036 non
823 4980 1049 5034 adoret!
1089 4979 1225 5042 Quis
1257 4980 1384 5031 item
1420 4976 1719 5042 ultimum,
1775 4988 1999 5046 propter

404 5077 802 5132 humanitatem
904 5086 1010 5125 non
1071 5068 1291 5125 laudet?
1346 5067 1649 5122 Postremis
1725 5068 1995 5136 siquidem

401 5171 596 5222 diebus
622 5166 687 5219 ad
704 5180 803 5218 nos
822 5162 990 5217 venit.
1020 5179 1040 5212 ι
1077 5161 1213 5215 lllud
1242 5170 1421 5214 autem
1455 5176 1483 5211 a
1520 5159 1795 5228 principio
1820 5159 2001 5213 Theo-

404 5266 560 5329 logus
588 5266 772 5311 noster
801 5270 833 5307 a
861 5252 1135 5320 Tlteologo
1175 5252 1385 5305 Joanne
1427 5253 1656 5319 accepit.
1712 5249 1807 5304 Sic
1852 5250 2001 5305 enim

403 5352 640 5408 scribit:
670 5348 775 5414 Qui
816 5357 929 5399 erat
981 5362 1015 5398 a
1044 5345 1309 5415 principio
1347 5344 1408 5397 ⁸ο.
1446 5343 1512 5397 Ει
1551 5347 1604 5398 in
1655 5347 1996 5415 Evangelio:

406 5447 474 5502 1η
507 5444 765 5515 principio
800 5451 912 5494 erat
952 5438 1182 5492 Verbum
1214 5439 1280 5492 “.

478 5537 593 5591 Col.
622 5535 727 5589 515
753 5533 818 5585 Α.
855 5529 1055 5584 Rursus
1093 5528 1317 5582 tenebrae
1352 5529 1647 5597 solvuntur,
1681 5543 1790 5588 etc.
1819 5532 1998 5591 Moses

410 5632 464 5683 in
494 5626 761 5698 principio
795 5622 1025 5678 Genesis
1050 5621 1305 5675 tenebras
1338 5622 1461 5677 illas
1494 5626 1699 5692 primas
1728 5642 1852 5680 cum
1886 5641 1998 5680 cu:-

407 5726 462 5777 lo
492 5729 545 5773 et
599 5730 740 5772 terra
789 5716 937 5771 velut
990 5713 1358 5769 subsistentes
1430 5717 1567 5771 lucis
1635 5721 1997 5787 productione

480 5832 500 5861 ⁸
530 5830 550 5884 1
576 5829 770 5884 Thess.
799 5845 871 5894 tv,
898 5830 980 5883 l6.
1098 5829 1116 5857 ⁸
1144 5827 1291 5881 Psal.
1335 5844 1458 5895 xcv,
1503 5833 1548 5883 l.
1659 5835 1677 5864 ⁵
1711 5834 1847 5890 Ibid.
1889 5838 1969 5890 11.

406 5904 431 5938 ⁹
463 5901 597 5957 Luc.
632 5917 740 5966 XIX,
780 5902 862 5956 10.
942 5899 984 5930 ¹⁰
1008 5898 1169 5955 Joan.
1210 5915 1248 5968 ι,
1284 5902 1334 5954 1.
1417 5904 1455 5932 ¹¹
1490 5902 1648 5959 Joan.
1694 5924 1730 5973 l,
1774 5910 1823 5959 l.

2080 5841 2099 5869 θ
2128 5838 2229 5891 lsa.
2265 5856 2412 5893 xux.
2463 5840 2543 5892 15.

1906 5911 1946 5941 η
1989 5910 2158 5966 texui.
2197 5926 2249 5978 χ,
2288 5913 2368 5964 is.

2105 4715 2318 4769 ritualia
2385 4713 2492 4765 vim
2559 4726 2713 4766 suam
2774 4711 3146 4765 retinuerunt.
3214 4709 3397 4775 Atque
3454 4707 3687 4773 umbrae,

2104 4808 2209 4861 hoc
2237 4816 2340 4868 est,
2387 4801 2607 4871 scripta:
2646 4800 2782 4869 legis
2839 4809 3131 4868 praecepta,
3178 4807 3367 4868 utpote
3419 4796 3695 4866 signiﬁca-

2106 4902 2234 4962 tiva,
2277 4909 2329 4951 et
2363 4911 2457 4967 per
2487 4912 2549 4949 ea
2591 4910 2714 4964 qua:
2759 4896 2814 4948 in
2849 4908 3075 4948 sensum
3116 4893 3409 4957 cadebant,
3460 4906 3548 4945 res
3579 4890 3695 4961 spi-

2112 4993 2345 5043 rituales
2375 4988 2760 5042 adumbrantia
2804 4987 3207 5056 praeterierunt,
3247 4987 3349 5039 hoc
3372 4993 3479 5049 est,
3530 4985 3699 5036 linem

2104 5089 2461 5147 acceperunt.
2539 5078 2760 5133 Umbris
2835 5089 3018 5131 autem
3081 5091 3204 5131 sese
3261 5073 3697 5129 subducentibus

2104 5178 2303 5227 veritas
2349 5188 2445 5242 per
2496 5186 2590 5226 eas
2635 5171 2963 5224 adumbrata
3010 5170 3065 5223 in
3104 5167 3344 5221 medium
3380 5166 3584 5235 prodit.
3625 5164 3697 5218 At

2102 5278 2232 5316 vero
2289 5262 2466 5315 Moses
2498 5275 2621 5314 cum
2675 5261 2743 5313 de
2782 5261 2946 5313 rebus
2979 5255 3374 5311 Melchisedech
3409 5256 3460 5309 in
3493 5252 3695 5310 Genesi

2101 5361 2306 5423 ageret,
2366 5369 2463 5407 nec
2522 5353 2590 5406 de
2643 5352 2817 5421 ipsius
2868 5361 3043 5419 patre,
3098 5364 3198 5402 nec
3247 5350 3314 5401 de
3365 5356 3557 5413 matre,
3592 5362 3691 5403 nec

2099 5447 2167 5500 de
2190 5446 2314 5499 vita:
2345 5444 2636 5515 principio,
2689 5458 2790 5498 nec
2822 5442 2889 5498 de
2929 5444 3038 5495 line
3069 5441 3241 5494 ullum
3274 5439 3502 5494 verbum
3537 5440 3688 5494 fecit.

2100 5538 2272 5603 Quem
2333 5538 2538 5592 Paulus
2603 5536 2655 5590 in
2729 5536 2905 5604 Epist.
2988 5532 3056 5586 ad
3124 5532 3384 5586 Hebraeos
3451 5532 3685 5601 ﬁguram

2098 5629 2299 5685 Christi
2375 5645 2563 5699 gerere
2609 5630 2788 5699 inquit
2834 5628 2918 5682 his
2952 5627 3156 5693 verbis,
3198 5622 3327 5679 Sine
3358 5634 3530 5695 patre,
3579 5626 3693 5678 sine

2100 5733 2292 5787 matre,
2326 5724 2439 5776 sine
2474 5739 2678 5793 genere,
2730 5737 2892 5791 neque
2921 5721 3248 5790 principium
3267 5720 3498 5783 dierum,
3531 5734 3692 5788 neque

2662 5839 2683 5869 ⁷
2714 5837 2729 5889 l
2758 5838 2903 5895 'l'im.
2956 5856 3039 5907 ιιι,
3091 5839 3175 5895 16.
3265 5838 3285 5867 ⁸
3318 5836 3460 5894 l’sal.
3492 5852 3560 5901 tt,
3606 5837 3689 5892 11.

2452 5912 2493 5941 ¹³
2530 5911 2635 5965 lsa.
2675 5926 2749 5975 ιχ,
2782 5911 2836 5963 2.
