4100 6430
369 423 396 490 1
439 427 506 492 ει

1267 427 1592 488 NICETAS
1635 427 1714 486 IN
1758 426 1984 486 ORAT.
2031 403 2341 488 xx’xvm
2383 427 2446 491 s.
2489 429 2720 490 GREG.

3498 427 3645 497 1182

368 547 527 617 ﬁnem
556 545 674 600 vita:
704 544 926 610 habent,
975 545 1306 598 assimilatas
1357 553 1536 597 autem
1580 543 1718 597 Filio
1765 542 1858 595 Dei
1890 542 1954 596 ".
1987 548 2032 604 Α
2061 541 2169 598 alio
2239 543 2404 598 etiam
2475 543 2637 596 modo
2703 556 3003 612 supernum
3083 541 3350 596 mundum
3415 541 3640 612 impleri

370 637 453 689 Ah
505 638 609 691 hoc
689 636 813 690 loco
869 636 1198 693 sententiam
1261 645 1544 690 mutuatus
1604 634 1952 706 'I‘heologus,

372 725 808 792 Melchisedech,
861 727 1062 798 inquit,
1117 727 1427 797 colligitur,
1471 728 1574 783 hoc
1621 739 1724 793 est,
1786 732 1954 800 syllo-

369 821 563 887 gistice
614 821 929 884 conﬁcitur,
965 821 1339 885 concluditur,
1395 831 1559 890 atque
1610 821 1958 877 demonstra-

370 917 480 964 tur.
537 909 672 964 Nam
723 927 846 966 cum
891 910 1171 976 Christus,
1218 925 1486 983 quantum
1538 913 1606 969 ad
1659 929 1954 983 supernam

368 1011 423 1056 et
482 1003 714 1071 primam
789 1003 1234 1073 generationem,
1289 1005 1481 1058 matris
1537 1021 1733 1075 expers
1783 1016 1954 1072 esset,

367 1093 491 1149 sine
549 1103 704 1164 patre
751 1107 971 1163 quoque
1021 1093 1200 1150 factus
1249 1107 1375 1180 es},
1418 1097 1577 1165 juxta
1636 1097 1954 1153 inferiorem

365 1198 432 1236 ac
457 1183 760 1238 secundam
799 1183 1168 1239 nativitatem.
1229 1183 1322 1240 Vel
1370 1187 1670 1256 colligitur,
1713 1188 1816 1242 hoc
1847 1198 1952 1250 est,

364 1275 562 1330 nnitur
591 1280 772 1346 atque
819 1278 1121 1346 perﬁcitur.
1181 1279 1424 1333 Primum
1465 1281 1606 1334 enim
1643 1279 1817 1336 Filius
1858 1281 1954 1336 Dei

363 1367 592 1422 dimidia
631 1377 842 1422 tantum
897 1386 961 1422 ex
1004 1379 1158 1440 parte
1207 1370 1605 1426 Melchisedech
1638 1383 1776 1439 erat,
1814 1387 1954 1442 qua-

365 1467 525 1512 tenus
581 1458 833 1514 videlicet
891 1473 1063 1517 matre
1112 1464 1358 1518 carebat.
1413 1467 1482 1518 At
1539 1476 1727 1536 postea
1783 1467 1956 1534 patris

363 1565 585 1619 quoque
638 1565 833 1620 expers
877 1551 1078 1618 factus,
1121 1555 1398 1626 perfectus
1445 1558 1556 1627 jam
1594 1569 1680 1612 est
1711 1557 1946 1614 Melchi-

367 1640 590 1696 sedech.
663 1642 931 1698 Ctuterum
988 1646 1096 1700 hoc
1139 1647 1281 1703 inter
1334 1659 1630 1720 utrumque
1701 1653 1953 1714 interest,

364 1735 513 1802 quod
582 1733 980 1791 Melchisedech
1051 1741 1222 1808 patris
1278 1756 1343 1794 ac
1399 1743 1628 1808 matris,
1699 1745 1951 1813 principii

367 1825 498 1878 item
534 1837 588 1880 et
638 1827 766 1882 ﬁnis
814 1845 1012 1899 expers
1065 1840 1148 1886 est
1206 1845 1422 1898 natura,
1469 1835 1562 1890 sed
1611 1836 1953 1906 ignoratione

371 1930 438 1968 ac
471 1915 685 1970 silentio
742 1918 886 1988 ejus,
945 1921 1038 1992 qui
1085 1939 1173 1977 res
1226 1924 1398 1994 ipsius
1444 1929 1802 1996 conscripsit,
1843 1929 1952 1985 Deo

373 2008 628 2062 nimirum
693 2010 768 2064 ita
821 2015 1189 2070 constituentc
1243 2034 1258 2070 :
1309 2016 1562 2072 Christus
1615 2028 1796 2075 autem
1852 2036 1954 2075 na.

369 2107 510 2153 tura.
571 2101 786 2158 Ilcirco
819 2106 966 2160 enim
1021 2107 1202 2177 imago
1253 2119 1306 2164 et
1353 2112 1528 2181 figura
1565 2113 1656 2168 ille
1691 2126 1830 2180 erat,
1867 2117 1954 2170 hic

365 2200 554 2245 autem
594 2194 819 2250 veritas.
852 2195 1041 2266 Neque
1076 2200 1222 2254 enim
1257 2201 1400 2256 idem
1434 2215 1513 2258 est
1559 2203 1761 2275 imago,
1805 2207 1950 2276 quod

362 2285 592 2340 veritas.
646 2286 776 2340 Illud
833 2300 1013 2344 autem
1065 2291 1207 2346 scire
1241 2295 1497 2350 convenit
1527 2297 1817 2367 imaginem
1852 2301 1950 2354 ali-

361 2379 589 2444 quando
635 2394 696 2432 ca
751 2397 844 2447 re,
898 2381 1060 2451 cujus
1103 2384 1280 2455 imago
1327 2397 1410 2442 cst
1439 2431 1452 2450 ,
1514 2390 1752 2458 priorem
1805 2407 1952 2455 csso.

361 2469 660 2536 aliquando
713 2474 1101 2541 posteriorem.
1155 2475 1316 2532 Prior
1359 2481 1503 2532 enim
1551 2491 1634 2536 est
1686 2484 1741 2536 in
1775 2484 1950 2552 signis

364 2569 416 2611 et
467 2557 680 2630 ﬁguris,
749 2572 805 2618 ut
863 2565 914 2618 iu
967 2566 1236 2638 legalibus
1279 2571 1567 2627 sacriﬁciis
1631 2575 1952 2644 catterisquc

373 2647 588 2707 Veteris
643 2652 982 2712 Testamenti
1047 2664 1429 2728 caeremoniis,
1481 2674 1644 2734 atque
1684 2667 1847 2720 etiam
1897 2670 1947 2720 in

364 2743 468 2796 hoc
511 2741 911 2802 Melchisedech
965 2767 979 2802 ε
1019 2753 1292 2820 posterior
1325 2763 1504 2810 autem
1537 2757 1589 2809 in
1634 2757 1720 2810 his
1761 2760 1946 2824 rebus,

365 2854 489 2904 qua:
524 2839 592 2894 ab
620 2845 922 2912 exemplari
955 2860 1269 2918 sumuntur,
1307 2859 1364 2906 ut
1395 2854 1576 2924 pictus
1604 2855 1808 2913 Paulus
1840 2859 1948 2912 vivi

364 2929 516 2984 Pauli
559 2934 740 3002 imago
778 2947 880 2992 est.

436 3020 558 3076 Col.
587 3025 691 3080 515
725 3025 825 3082 BB.
852 3027 1079 3086 Natura:
1097 3032 1232 3104 leges
1259 3047 1584 3104 evertuntur,
1605 3039 1949 3098 etc.Natur;e

366 3112 513 3182 leges
564 3115 822 3171 nimirum
880 3122 1024 3189 quod
1075 3123 1270 3178 mulier
1319 3125 1436 3180 sine
1480 3127 1580 3180 viri
1643 3145 1944 3200 congressu

365 3215 476 3256 ncu
508 3205 803 3299 concipiat,
840 3226 940 3266 nec
979 3212 1100 3266 sine
1143 3214 1428 3270 doloribus
1461 3221 1658 3288 pariat,
1693 3238 1792 3277 nec
1822 3235 1946 3294 post
1975 3242 2017 3299 ε

367 3303 582 3360 partum
646 3297 976 3367 virginitatis
1024 3305 1189 3360 decus
1247 3308 1498 3373 retineat,
1547 3327 1668 3381 qua:
1726 3315 1947 3384 quidem

368 3401 422 3438 .n
457 3385 547 3440 Dei
580 3388 750 3444 Matre
791 3408 886 3463 per
920 3397 1198 3452 contraria
1247 3401 1508 3457 subversa
1543 3414 1691 3474 sunt,
1728 3417 1788 3462 ut
1829 3426 1952 3478 qua:

365 3489 420 3532 et
454 3483 574 3536 sine
609 3485 726 3539 viro
771 3490 1106 3558 conceperit,
1149 3500 1203 3546 et
1232 3491 1350 3546 sine
1389 3494 1675 3552 doloribus
1721 3515 1952 3569 peperc-

368 3569 458 3634 rit,
499 3582 552 3624 et
609 3584 729 3641 post
778 3586 992 3644 partum
1032 3578 1185 3650 virgo
1221 3583 1508 3636 manserit.
1561 3584 1717 3650 Quod
1765 3601 1948 3641 autem

367 3677 664 3728 supernum
729 3668 995 3722 mundum
1052 3671 1387 3740 implendum
1455 3689 1576 3728 esse
1622 3678 1740 3740 ait,
1798 3681 1951 3734 vario

371 3751 531 3804 modo
598 3754 822 3825 intelligi
893 3769 1088 3829 potest.
1147 3760 1242 3816 Vel
1305 3765 1477 3831 enim,
1539 3768 1666 3837 quia
1729 3767 1950 3826 Lucifer

375 3857 491 3934 tum
550 3847 782 3902 subditis
839 3851 943 3905 sibi
993 3853 1383 3911 defcctricihns
1440 3861 1612 3930 copiis
1661 3863 1952 3934 prolapsus

370 3932 546 3988 locum
610 3953 841 3994 vacuum
892 3942 1134 4013 reliquit,
1177 3963 1300 4000 eum
1353 3965 1382 4003 a
1443 3952 1606 4007 nobis
1667 3955 1721 4007 in
1776 3932 1951 4026 ipsius

370 4025 598 4090 gradum
659 4038 826 4100 atque
873 4035 1120 4092 ordinem
1167 4053 1262 4106 per
1296 4039 1546 4096 virtutem
1599 4025 1809 4100 evectis
1849 4048 1953 4100 im-

371 4117 502 4183 pleri
542 4135 767 4178 necesse
815 4135 919 4180 est.
977 4127 1069 4182 Vel
1105 4130 1234 4197 quia
1273 4136 1737 4203 quemadmodum
1773 4138 1948 4195 Adam

373 4217 716 4284 prtescriptas
760 4219 861 4272 sibi
897 4235 926 4274 a
962 4224 1070 4277 Deo
1107 4225 1250 4295 leges
1291 4235 1691 4298 transgressus,
1729 4234 1952 4290 infcrio-

375 4319 485 4357 rt-m
549 4307 694 4361 hunc
761 4315 1026 4367 mundum
1085 4318 1398 4372 hominibus
1460 4337 1554 4390 per
1611 4340 1834 4379 carnem
1885 4329 1948 4381 ad

370 4397 646 4490 interitum
694 4411 747 4457 et
802 4410 1261 4477 corruptionem,
1313 4413 1468 4480 juxta
1531 4415 1707 4484 ipsum
1757 4435 1951 4490 proge-

365 4489 499 4544 nitis
553 4491 831 4563 implevit,
889 4515 984 4566 per
1042 4501 1460 4559 similitudinem
1515 4509 1761 4563 videlicet
1813 4489 1948 4581 pra}.

365 4582 720 4640 varicationis
774 4590 910 4656 ipsis
967 4591 1074 4644 dux
1135 4603 1186 4646 et
1239 4605 1434 4648 auctor
1489 4597 1662 4654 factus

367 4676 530 4766 modo
571 4674 828 4733 Christus
878 4681 1071 4736 Adami
1119 4684 1264 4754 leges
1311 4689 1485 4756 reipsa
1541 4689 1732 4746 delens
1788 4703 1951 4766 atque

370 4763 668 4835 ahrogans,
719 4773 1055 4840 superiorem
1109 4779 1372 4831 mundum
1423 4781 1632 4848 implrt'i
1682 4763 1948 4854 Ostendit,

372 4857 458 4908 his
500 4859 545 4889 ³⁸
605 4861 697 4928 qui
755 4865 1057 4918 secundum
1118 4871 1295 4936 ipsum
1353 4871 1418 4923 ad
1477 4873 1946 4944 incorruptionem

369 4961 689 5020 glgnuntur,
727 4969 821 5023 per
851 4957 1268 5014 similitudinem
1314 4963 1634 5019 obedientiac
1695 4983 1808 5022 suae
1843 4971 1951 5024 dux

372 5046 571 5098 tactus.
625 5046 936 5116 Supernum
997 5065 1177 5106 autem
1242 5056 1385 5109 hunc
1437 5055 1700 5112 tuumiutn
1749 5073 1949 5128 vocat,

367 5135 458 5200 qui
513 5140 793 5204 praecessit
851 5154 1158 5208 peccaturo,
1213 5147 1358 5213 quod
1405 5148 1626 5216 quidem
1687 5153 1948 5219 ignorati-

369 5227 456 5279 tiae
490 5227 633 5298 leges
666 5233 871 5286 invexit
901 5252 916 5290 :
957 5237 1157 5306 quibus
1197 5255 1385 5293 rursus
1419 5258 1446 5293 a
1484 5243 1704 5295 Christo
1745 5247 1954 5299 exstin-

371 5320 474 5374 ctis
504 5323 915 5390 incorruptione
943 5331 1178 5385 mundus
1218 5332 1474 5400 impletus
1513 5342 1616 5386 est.
1651 5331 1746 5388 Vel
1779 5337 1943 5390 etiam

370 5413 498 5480 quia
557 5425 613 5469 ut
674 5421 1088 5476 matrimonium
1136 5423 1490 5490 inferiorem,
1539 5425 1611 5479 ita
1668 5427 1953 5498 virginitas

369 5516 706 5579 superiorem
769 5520 1030 5570 mundum
1091 5516 1278 5588 implet
1344 5536 1359 5572 :
1437 5519 1635 5587 quippe
1695 5535 1816 5588 quae
1865 5520 1950 5574 sui

371 5599 648 5656 studiosos
690 5617 813 5656 cum
861 5605 1164 5674 virginibus
1213 5606 1418 5674 angelis
1467 5611 1766 5662 consociat.
1805 5606 1949 5674 Quin

442 5783 485 5814 “
529 5781 691 5835 IIehr.
741 5799 832 5845 vn,
879 5785 932 5838 3.

370 5854 414 5888 ³⁹
467 5851 614 5910 Psal.
655 5870 796 5918 vat,
839 5853 893 5911 2.

1043 5783 1086 5813 ¹⁵
1125 5781 1286 5836 Rom.
1341 5801 1389 5846 v,
1436 5780 1520 5839 14.
1573 5781 1657 5835 i5.

970 5855 1016 5886 ³ο
1057 5853 1163 5910 Isa.
1203 5870 1277 5919 ιιι,
1305 5852 1358 5908 6.
1436 5852 1478 5882 ’³
1521 5849 1656 5909 Ibid.

1781 5784 1823 5813 ”
1861 5781 2021 5837 .Ioan.
2073 5800 2182 5848 Xiv,
2228 5787 2281 5837 9..

1734 5854 1778 5886 ¹¹
1813 5859 1828 5875 ⁵
1879 5854 2069 5913 Matth.
2133 5872 2321 5916 xxvtu,
2382 5856 2462 5910 I8.

2060 645 2296 704 oportet,
2353 635 2615 690 nimirum
2677 645 2738 690 ut
2789 635 2911 689 ovis
2959 634 3072 696 illa,
3120 649 3242 702 quae
3289 649 3318 688 a
3387 643 3644 690 centena-

2059 729 2142 782 rio
2201 744 2365 799 grege
2422 730 2795 792 aberraverat,
2841 727 3135 782 reducatur
3182 744 3195 779 :
3234 736 3400 796 atque
3435 725 3644 781 amissa

2057 820 2318 876 drachma
2389 835 2586 876 rursus
2659 819 2881 873 dccadis
2953 833 3242 873 numerum
3297 819 3515 887 expleat
3577 831 3648 873 ac

2059 913 2206 967 ﬁlius
2279 912 2368 966 ille
2425 913 2684 966 decoctor
2757 911 3027 965 biuarium
3095 908 3363 979 perﬁciat.
3437 907 3640 963 Verum

2061 1004 2280 1060 ubinam
2339 1002 2486 1058 Deus
2541 1017 2841 1070 supernum
2886 1003 3147 1056 mundum
3184 1000 3394 1068 impleri
3445 1000 3645 1070 jubet?

2058 1095 2312 1152 Fortasse
2371 1111 2498 1151 cum
2561 1097 2694 1150 ait:
2751 1095 2818 1150 lu
2873 1096 3032 1150 domo
3087 1094 3268 1148 Patris
3315 1094 3418 1147 mei
3456 1093 3646 1148 multa!

2058 1200 2182 1243 sunt
2233 1189 2533 1242 mansiones
2595 1189 2656 1240 ".
2725 1188 2946 1254 lmpleri
3019 1187 3164 1240 enim
3222 1201 3254 1240 a
3319 1185 3482 1240 nobis
3542 1185 3644 1238 has

2061 1283 2376 1338 mansiones
2425 1283 2561 1336 vult.
2604 1281 2700 1336 Vel
2753 1282 2916 1335 etiam
2970 1279 3208 1334 fortasse
3251 1294 3378 1334 cum
3413 1279 3481 1334 de
3511 1277 3642 1340 illis,

2061 1377 2152 1444 qui
2207 1378 2272 1428 ad
2329 1391 2541 1430 coetuum
2591 1385 2873 1437 vocantur,
2937 1372 3463 1444 inquit:Compelle
3519 1373 3642 1425 illas

2061 1470 2285 1528 intrare.
2321 1479 2376 1520 ut
2409 1469 2696 1536 imp’eatur
2726 1468 2914 1521 domus
2954 1485 3066 1521 mea
3105 1469 3168 1520 ".
3223 1467 3316 1521 Vel
3365 1480 3488 1520 cum
3520 1465 3596 1518 ait
3627 1483 3640 1517 :

2064 1561 2167 1624 Qui
2213 1571 2384 1629 potest
2438 1576 2647 1628 capere,
2693 1561 2870 1628 capiat
2927 1559 2990 1612 ¹⁸.
3043 1559 3216 1613 Adam
3263 1558 3409 1611 enim
3445 1556 3642 1611 solutis

2060 1668 2124 1706 ac
2164 1652 2378 1706 violatis
2413 1653 2628 1721 lt-gihus
2684 1651 2788 1706 sibi
2843 1650 3118 1720 impositis
3169 1665 3264 1720 per
3319 1648 3644 1702 simililuli-

2060 1760 2183 1798 nem
2247 1743 2706 1814 transgressionis
2763 1757 2878 1798 suae
2928 1743 3038 1798 dux
3087 1741 3404 1796 ltottrinibus
3464 1739 3644 1805 factus

2057 1847 2162 1890 est.
2213 1837 2468 1892 Christus
2513 1845 2696 1890 autem
2744 1834 3062 1906 hujusmodi
3101 1835 3333 1903 legibus,
3367 1849 3510 1903 quas
3545 1848 3642 1886 ac-

2055 1937 2241 1996 ceptas
2287 1929 2454 1983 Adam
2499 1928 2853 1996 perfregerat,
2919 1942 2980 1981 re
3049 1941 3148 1993 pro
3178 1925 3352 1980 nihilo
3387 1926 3640 1986 duxerat,

2054 2021 2396 2076 conﬁrmatis
2437 2028 2493 2076 et
2544 2019 2916 2076 constabilitis
2981 2019 3320 2088 superiorem
3375 2018 3638 2072 mundum

2055 2112 2266 2182 impleri
2335 2111 2594 2167 ostendit.
2653 2115 2835 2182 Atque
2893 2113 3008 2166 haec
3073 2111 3292 2179 quidem
3361 2111 3427 2164 ad
3490 2111 3642 2165 hunc

2057 2205 2274 2258 modum
2316 2205 2562 2271 exposita
2601 2205 2730 2260 sint.
2771 2204 2907 2257 Illud
2951 2215 3132 2258 autem
3197 2221 3212 2257 :
3272 2203 3464 2257 Omnes
3514 2218 3640 2272 gen-

2055 2303 2153 2352 trs.
2185 2294 2426 2364 plaudite
2448 2295 2712 2359 manibus,
2743 2293 2964 2348 Davidis
2994 2306 3076 2347 cst
3111 2295 3154 2326 ι’
3177 2311 3192 2360 ;
3219 2296 3437 2362 signum
3472 2307 3642 2361 porro

2055 2387 2238 2456 gaudii
2292 2401 2553 2441 manuum
2611 2386 2858 2456 plausus.
2911 2384 3111 2440 Verum
3165 2399 3330 2454 quam
3377 2383 3450 2438 ob
3505 2397 3644 2436 cau-

2053 2493 2170 2531 8.1m
2221 2477 2478 2532 manibus
2529 2475 2894 2546 plaudendum
2953 2476 3068 2529 est?
3109 2474 3395 2544 quoniam,
3441 2483 3501 2528 ut
3553 2473 3644 2526 in-

2055 2570 2172 2639 quit
2203 2571 2374 2625 Isaias
2406 2590 2418 2625 :
2461 2569 2726 2644 Parvulas
2765 2568 2859 2622 Dei
2889 2567 3066 2622 Filius
3103 2570 3250 2622 nobis
3291 2577 3446 2620 natus
3473 2576 3552 2620 est
3571 2566 3642 2630 ’°,

2061 2667 2163 2718 hoc
2200 2673 2307 2726 est,
2356 2675 2539 2718 nostra
2582 2677 2770 2716 causa.
2807 2661 2940 2715 Nam
2980 2677 3081 2714 nos
3119 2670 3342 2728 propter
3397 2665 3643 2712 nosmet-

2059 2757 2211 2826 ipsos
2258 2758 2558 2815 nascimur,
2619 2765 2676 2808 ut
2717 2754 2838 2807 lucc
2884 2767 2950 2806 ac
2997 2751 3106 2805 vita
3147 2750 3548 2820 perfruamur:
3585 2758 3644 2803 at

2055 2850 2311 2905 Christus
2365 2860 2552 2902 nostra
2589 2863 2756 2902 causa
2805 2855 2965 2900 natus
2996 2856 3100 2911 est,
3127 2854 3188 2899 ut
3225 2859 3324 2897 nos
3355 2843 3642 2898 beneﬁciis

2055 2944 2271 3008 atliriat,
2305 2958 2370 2997 ac
2417 2942 2574 2996 nobis
2603 2941 2764 2996 datus
2801 2949 2905 3004 est,
2938 2940 3098 3007 cujus
3140 2938 3504 3008 principatus,
3544 2951 3638 2991 se-

2054 3036 2292 3089 cundum
2322 3035 2572 3087 eumdem
2613 3034 2806 3089 Isaiam
2841 3032 2884 3062 ¹¹
2906 3073 2922 3094 .
2966 3047 3134 3100 super
3167 3031 3458 3083 humerum
3495 3027 3638 3095 ejus.

2055 3127 2321 3197 Egressus
2356 3133 2442 3182 est
2475 3126 2620 3179 enim
2656 3125 2899 3179 humeris
2935 3133 3157 3194 gestans
3189 3135 3408 3176 crucem
3447 3135 3638 3188 suam;

2053 3235 2175 3288 quae
2205 3219 2428 3287 quidem
2461 3216 2635 3286 ipsius
2679 3223 2760 3269 est
2804 3213 3165 3284 principatus,
3200 3219 3388 3280 utpote
3421 3209 3638 3279 imperii

2057 3327 2121 3364 ac
2156 3309 2462 3379 potestatis,
2513 3323 2618 3378 qna
2651 3306 2910 3360 omnibus
2940 3305 3276 3362 dominatur.
3315 3305 3533 3374 signum
3567 3317 3636 3358 ac

2058 3403 2227 3464 veluti
2281 3411 2579 3470 sceptrum.
2645 3400 2856 3452 Etenim
2915 3398 3168 3453 Christus
3211 3407 3332 3467 post
3383 3409 3638 3460 mortem,

2057 3510 2218 3562 quam
2254 3494 2308 3547 in
2347 3509 2511 3548 cruce
2557 3491 2746 3556 subiit,
2779 3505 3072 3561 resurgens
3102 3489 3242 3544 dixit
3272 3506 3290 3544 :
3335 3488 3480 3543 Data
3513 3489 3644 3542 mihi

2055 3599 2129 3639 est
2157 3587 2326 3638 omnis
2366 3593 2600 3656 potestas
2655 3585 2707 3635 in
2736 3584 2864 3635 cazlo
2912 3591 2963 3636 et
3003 3583 3060 3635 in
3095 3593 3240 3636 terra
3288 3583 3396 3646 ¹¹⁶,
3443 3591 3502 3634 ut
3543 3582 3644 3634 ho-

2064 3678 2197 3730 mini
2230 3679 2464 3742 scilicvt,
2515 3692 2680 3746 quam
2720 3685 2776 3730 ut
2827 3676 2970 3730 Deus
3003 3675 3260 3730 habebat.
3308 3673 3444 3726 Cum
3475 3687 3644 3727 cruce

2054 3771 2228 3835 enim,
2269 3769 2471 3838 inquit,
2520 3767 2683 3823 sinml
2736 3766 3044 3828 extollitur,
3094 3765 3199 3820 hoc
3245 3774 3346 3830 est,
3379 3780 3544 3819 cruce
3584 3764 3639 3817 in

2055 3862 2224 3914 altum
2263 3861 2478 3914 sublata
2515 3859 2630 3928 ipse
2665 3872 2883 3928 quoque
2924 3871 3054 3910 cum
3100 3855 3440 3926 inﬁgeretur,
3473 3855 3643 3910 simul

2055 3963 2278 4006 evectus
2332 3952 2626 4021 perfectam
2673 3949 2960 4005 victoriam
3009 3949 3240 4018 adeptus
3283 3957 3406 4014 cst,
3447 3961 3512 4002 ac
3541 3962 3635 4015 per

2055 4060 2274 4100 crucem
2317 4042 2656 4114 gloriﬁcatus
2694 4050 2798 4098 est.
2839 4041 2955 4096 Duo
3001 4039 3147 4094 enim
3189 4038 3468 4108 signiﬁcat
3509 4052 3642 4092 eve-

2056 4139 2186 4203 etio,
2227 4147 2282 4192 et
2327 4135 2630 4206 simplicem
2680 4150 2712 4189 a
2767 4141 2910 4188 terra
2966 4131 3356 4190 sublationem,
3417 4139 3472 4184 et
3517 4127 3638 4196 glo-

2057 4231 2216 4284 riam.
2261 4228 2506 4294 Quorum
2542 4226 2773 4281 alterum
2828 4225 2896 4279 de
2929 4239 3094 4280 cruce
3149 4231 3466 4290 usurpatur,
3497 4222 3638 4275 alte-

2058 4337 2176 4376 rum
2216 4322 2284 4374 de
2327 4319 2536 4373 Christi
2589 4318 2961 4374 humanitate.
3007 4317 3239 4387 Insuper
3287 4315 3638 4370 aﬂlictiouem

2055 4421 2111 4466 et
2144 4408 2622 4462 mortiﬁcationem
2675 4423 2812 4461 crux
2861 4406 3135 4476 designat.
3187 4405 3332 4474 Ergo
3379 4401 3638 4456 Christus

2056 4503 2360 4567 extollitur,
2393 4513 2559 4571 atque
2607 4499 2660 4554 in
2703 4499 2862 4554 nobis
2911 4498 3270 4569 gloriﬁcatur,
3311 4511 3437 4550 cum
3474 4508 3639 4562 supra

1706 4603 1947 4658 :eodem
1985 4581 2027 4632 θ
2061 4607 2272 4652 terrena
2345 4596 2674 4658 evehimur,
2733 4603 2788 4648 et
2853 4591 3238 4648 aﬂlictionibus
3295 4587 3638 4658 premimur,

2057 4691 2384 4757 vitiosisquc
2439 4688 2609 4743 animi
2659 4686 2906 4740 motibus
2959 4684 3283 4738 emorimur.
3346 4677 3456 4732 Nec
3508 4692 3639 4732 vero

2056 4798 2144 4836 me
2197 4781 2333 4850 fugit
2383 4781 2674 4834 nonnullos
2721 4777 2795 4832 ita
2849 4779 2998 4832 hunc
3044 4776 3222 4830 locum
3257 4773 3632 4841 explicuisse:

2055 4873 2221 4941 Cujus
2259 4872 2588 4941 principatus
2641 4884 2799 4939 super
2852 4867 3128 4921 humerum
3175 4865 3310 4934 ejus,
3373 4863 3634 4932 quoniam

2055 4981 2252 5020 ontucs
2292 4965 2382 5017 alii
2435 4978 2590 5034 reges
2645 4978 2754 5016 non
2809 4961 2864 5015 in
2915 4958 3156 5031 propriis
3201 4958 3412 5011 viribus
3466 4957 3638 5025 impe-

2053 5061 2196 5114 rium
2229 5074 2388 5112 suum
2417 5072 2481 5111 ac
2523 5069 2751 5126 regnum
2788 5053 2990 5108 habent
3020 5051 3403 5112 constitutum,
3443 5049 3536 5104 sed
3579 5049 3634 5104 in

2053 5152 2267 5216 alienis,
2310 5161 2439 5222 puta
2471 5151 2526 5204 in
2563 5147 2833 5204 militibus
2869 5157 2924 5202 et
2961 5146 3294 5200 satellitibus
3336 5158 3402 5198 ac
3432 5157 3638 5212 propu-

2058 5247 2430 5316 guatorihus;
2494 5243 2750 5297 Christus
2802 5249 2986 5294 autem
3055 5239 3208 5291 solus
3267 5237 3635 5306 principatum

2059 5351 2219 5388 suum
2258 5349 2422 5401 super
2471 5333 2758 5385 humerum
2791 5329 2975 5392 habet,
3023 5327 3072 5380 id
3105 5336 3208 5391 est,
3247 5326 3301 5380 in
3332 5342 3430 5380 sua
3463 5323 3638 5394 ipsius

2058 5427 2320 5493 potentia.
2376 5423 2476 5478 Per
2521 5423 2812 5476 humerum
2860 5421 3005 5474 enim
3044 5421 3196 5488 ‘vires
3233 5419 3636 5486 significantur.

2055 5519 2176 5573 .Iam
2232 5517 2362 5570 illud
2403 5529 2625 5584 quoque
2676 5515 2746 5568 ab
2797 5514 2935 5569 Isaia
2985 5524 3263 5581 sumptum
3306 5519 3411 5572 est,
3467 5506 3640 5561 Voca-

2055 5610 2196 5660 bitur
2233 5623 2418 5660 nomen
2451 5606 2565 5674 ejus
2601 5606 2779 5676 ntagni
2835 5603 3047 5658 consilii
3093 5601 3309 5671 angelus
3360 5601 3428 5665 η,
3476 5599 3640 5669 cujus

2397 5784 2438 5813 ¹⁷
2472 5782 2598 5836 Luc.
2645 5799 2756 5848 xlv,
2799 5783 2888 5836 23.
3007 5784 3049 5813 ³³
3089 5779 3275 5835 Matth.
3323 5795 3433 5842 xu,
3479 5777 3568 5833 1'2.

2397 5856 2462 5905 .8.
2544 5857 2588 5885 "
2625 5853 2731 5905 lsu.
2765 5869 2837 5905 nt.
2873 5853 2904 5905 6
2938 5869 3048 5905 sec.
3083 5868 3210 5905 Lxx.

2647 5872 2731 5908 sa.
2765 5869 2837 5916 ts,
2873 5868 2904 5905 υ
2938 5869 3048 5906 sec.
3083 5868 3210 5908 Lxx.
