  <div class='ocr_page' id='page_1' title='image "/cluster/home/n/w/nwhite01/storage/ocr_20150623/127/coo.31924054870328/599.png"; bbox 0 0 4100 6480; ppageno 0'>
   <div class='ocr_carea' id='block_1_1' title="bbox 395 436 532 498">
    <p class='ocr_par' dir='ltr' id='par_1_1' title="bbox 395 436 532 498">
     <span class='ocr_line' id='line_1_1' title="bbox 395 436 532 498; baseline -0.015 0"><span class='ocrx_word' id='word_1_1' title='bbox 395 436 532 498; x_wconf 83' lang='lat' dir='ltr'><strong>li83</strong></span> 
     </span>
    </p>
   </div>
   <div class='ocr_carea' id='block_1_2' title="bbox 1705 446 2183 532">
    <p class='ocr_par' dir='ltr' id='par_1_2' title="bbox 1705 446 2183 532">
     <span class='ocr_line' id='line_1_2' title="bbox 1705 446 2183 532; baseline -0.008 -18"><span class='ocrx_word' id='word_1_2' title='bbox 1705 525 1711 532; x_wconf 45' lang='grc'><em>,</em></span> <span class='ocrx_word' id='word_1_3' title='bbox 1797 446 2183 513; x_wconf 79' lang='lat' dir='ltr'><strong>ADDENDA.</strong></span> 
     </span>
    </p>
   </div>
   <div class='ocr_carea' id='block_1_3' title="bbox 3526 440 3662 509">
    <p class='ocr_par' dir='ltr' id='par_1_3' title="bbox 3526 440 3662 509">
     <span class='ocr_line' id='line_1_3' title="bbox 3526 440 3662 509; baseline 0.022 -3"><span class='ocrx_word' id='word_1_4' title='bbox 3526 440 3662 509; x_wconf 66' lang='grc' dir='ltr'><strong>118ιὶ</strong></span> 
     </span>
    </p>
   </div>
   <div class='ocr_carea' id='block_1_4' title="bbox 391 555 3674 633">
    <p class='ocr_par' dir='ltr' id='par_1_4' title="bbox 391 555 3674 633">
     <span class='ocr_line' id='line_1_4' title="bbox 391 555 3674 633; baseline 0.002 -23"><span class='ocrx_word' id='word_1_5' title='bbox 391 563 574 610; x_wconf 83' lang='lat' dir='ltr'><strong>autem</strong></span> <span class='ocrx_word' id='word_1_6' title='bbox 621 555 833 610; x_wconf 75' lang='lat' dir='ltr'><strong>consilii</strong></span> <span class='ocrx_word' id='word_1_7' title='bbox 865 555 1179 627; x_wconf 82' lang='lat' dir='ltr'><strong>Theologus</strong></span> <span class='ocrx_word' id='word_1_8' title='bbox 1228 557 1495 629; x_wconf 86' lang='lat' dir='ltr'><strong>adjungit,</strong></span> <span class='ocrx_word' id='word_1_9' title='bbox 1536 572 1734 628; x_wconf 86' lang='lat' dir='ltr'><strong>nempe</strong></span> <span class='ocrx_word' id='word_1_10' title='bbox 1764 560 1972 618; x_wconf 80' lang='lat' dir='ltr'><strong>Pazris.</strong></span> <span class='ocrx_word' id='word_1_11' title='bbox 2003 563 2234 623; x_wconf 72' lang='lat' dir='ltr'><strong>APauli</strong></span> <span class='ocrx_word' id='word_1_12' title='bbox 2287 572 2372 619; x_wconf 90' lang='lat' dir='ltr'><strong>est</strong></span> <span class='ocrx_word' id='word_1_13' title='bbox 2421 561 2475 618; x_wconf 93' lang='lat' dir='ltr'><strong>in</strong></span> <span class='ocrx_word' id='word_1_14' title='bbox 2537 561 2780 633; x_wconf 84' lang='lat' dir='ltr'><strong>Epistola</strong></span> <span class='ocrx_word' id='word_1_15' title='bbox 2814 561 2894 616; x_wconf 88' lang='lat' dir='ltr'><strong>&#39;ad</strong></span> <span class='ocrx_word' id='word_1_16' title='bbox 2951 559 3210 616; x_wconf 65' lang='lat' dir='ltr'><strong>Hebraeos</strong></span> <span class='ocrx_word' id='word_1_17' title='bbox 3243 559 3312 613; x_wconf 85' lang='lat'><strong>&quot;.</strong></span> <span class='ocrx_word' id='word_1_18' title='bbox 3373 557 3496 626; x_wconf 85' lang='lat' dir='ltr'><strong>Quo</strong></span> <span class='ocrx_word' id='word_1_19' title='bbox 3551 561 3674 616; x_wconf 88' lang='lat' dir='ltr'><strong>locu</strong></span> 
     </span>
    </p>
   </div>
   <div class='ocr_carea' id='block_1_5' title="bbox 392 647 1972 713">
    <p class='ocr_par' dir='ltr' id='par_1_5' title="bbox 392 647 1972 713">
     <span class='ocr_line' id='line_1_5' title="bbox 392 647 1972 713; baseline 0.004 -13"><span class='ocrx_word' id='word_1_20' title='bbox 392 647 696 704; x_wconf 82' lang='lat' dir='ltr'><strong>Consilium</strong></span> <span class='ocrx_word' id='word_1_21' title='bbox 729 659 910 702; x_wconf 55' lang='lat' dir='ltr'><strong>autem</strong></span> <span class='ocrx_word' id='word_1_22' title='bbox 954 649 1082 713; x_wconf 90' lang='lat' dir='ltr'><strong>hoc,</strong></span> <span class='ocrx_word' id='word_1_23' title='bbox 1122 651 1407 704; x_wconf 86' lang='lat' dir='ltr'><strong>hominum</strong></span> <span class='ocrx_word' id='word_1_24' title='bbox 1451 652 1781 706; x_wconf 85' lang='lat' dir='ltr'><strong>instauratio</strong></span> <span class='ocrx_word' id='word_1_25' title='bbox 1827 660 1972 707; x_wconf 91' lang='lat' dir='ltr'><strong>erat.</strong></span> 
     </span>
    </p>
   </div>
   <div class='ocr_carea' id='block_1_6' title="bbox 397 745 1978 814">
    <p class='ocr_par' dir='ltr' id='par_1_6' title="bbox 397 745 1978 814">
     <span class='ocr_line' id='line_1_6' title="bbox 397 745 1978 814; baseline 0.001 -14"><span class='ocrx_word' id='word_1_26' title='bbox 397 746 530 814; x_wconf 70' lang='lat' dir='ltr'><strong>Qum</strong></span> <span class='ocrx_word' id='word_1_27' title='bbox 567 748 704 801; x_wconf 83' lang='lat' dir='ltr'><strong>enim</strong></span> <span class='ocrx_word' id='word_1_28' title='bbox 731 787 745 808; x_wconf 92' lang='lat'><strong>,</strong></span> <span class='ocrx_word' id='word_1_29' title='bbox 796 748 970 813; x_wconf 90' lang='lat' dir='ltr'><strong>inquit</strong></span> <span class='ocrx_word' id='word_1_30' title='bbox 997 787 1010 806; x_wconf 86' lang='lat'><strong>,</strong></span> <span class='ocrx_word' id='word_1_31' title='bbox 1063 747 1244 799; x_wconf 80' lang='lat' dir='ltr'><strong>audivi</strong></span> <span class='ocrx_word' id='word_1_32' title='bbox 1287 765 1320 800; x_wconf 90' lang='lat' dir='ltr'><strong>a</strong></span> <span class='ocrx_word' id='word_1_33' title='bbox 1381 745 1565 808; x_wconf 83' lang='lat' dir='ltr'><strong>Patre,</strong></span> <span class='ocrx_word' id='word_1_34' title='bbox 1621 748 1730 800; x_wconf 60' lang='lat' dir='ltr'><strong>haec</strong></span> <span class='ocrx_word' id='word_1_35' title='bbox 1770 763 1978 802; x_wconf 85' lang='lat' dir='ltr'><strong>annun-</strong></span> 
     </span>
    </p>
   </div>
   <div class='ocr_carea' id='block_1_7' title="bbox 393 836 1974 894">
    <p class='ocr_par' dir='ltr' id='par_1_7' title="bbox 393 836 1974 894">
     <span class='ocr_line' id='line_1_7' title="bbox 393 836 1974 894; baseline 0.003 -4"><span class='ocrx_word' id='word_1_36' title='bbox 393 839 524 891; x_wconf 84' lang='lat' dir='ltr'><strong>tiavi</strong></span> <span class='ocrx_word' id='word_1_37' title='bbox 573 839 712 892; x_wconf 83' lang='lat' dir='ltr'><strong>vobis</strong></span> <span class='ocrx_word' id='word_1_38' title='bbox 748 839 809 890; x_wconf 81' lang='lat'><strong>&quot;.</strong></span> <span class='ocrx_word' id='word_1_39' title='bbox 851 836 1080 892; x_wconf 80' lang='lat' dir='ltr'><strong>Ubinam</strong></span> <span class='ocrx_word' id='word_1_40' title='bbox 1127 848 1308 892; x_wconf 89' lang='lat' dir='ltr'><strong>autem</strong></span> <span class='ocrx_word' id='word_1_41' title='bbox 1365 848 1616 893; x_wconf 78' lang='lat' dir='ltr'><strong>vocatum</strong></span> <span class='ocrx_word' id='word_1_42' title='bbox 1649 848 1736 894; x_wconf 91' lang='lat' dir='ltr'><strong>est</strong></span> <span class='ocrx_word' id='word_1_43' title='bbox 1769 855 1974 894; x_wconf 87' lang='lat' dir='ltr'><strong>nomen</strong></span> 
     </span>
    </p>
   </div>
   <div class='ocr_carea' id='block_1_8' title="bbox 395 929 1981 1002">
    <p class='ocr_par' dir='ltr' id='par_1_8' title="bbox 395 929 1981 1002">
     <span class='ocr_line' id='line_1_8' title="bbox 395 929 1981 1002; baseline 0.005 -23"><span class='ocrx_word' id='word_1_44' title='bbox 395 931 518 998; x_wconf 82' lang='lat' dir='ltr'><strong>ejus</strong></span> <span class='ocrx_word' id='word_1_45' title='bbox 581 929 765 997; x_wconf 78' lang='lat' dir='ltr'><strong>magni</strong></span> <span class='ocrx_word' id='word_1_46' title='bbox 837 930 1056 985; x_wconf 90' lang='lat' dir='ltr'><strong>consilii</strong></span> <span class='ocrx_word' id='word_1_47' title='bbox 1122 930 1398 1002; x_wconf 77' lang='lat' dir='ltr'><strong>angelus?</strong></span> <span class='ocrx_word' id='word_1_48' title='bbox 1463 946 1756 1000; x_wconf 82' lang='lat' dir='ltr'><strong>nusquam.</strong></span> <span class='ocrx_word' id='word_1_49' title='bbox 1830 931 1981 987; x_wconf 81' lang='lat' dir='ltr'><strong>Talis</strong></span> 
     </span>
    </p>
   </div>
   <div class='ocr_carea' id='block_1_9' title="bbox 398 1024 1976 1094">
    <p class='ocr_par' dir='ltr' id='par_1_9' title="bbox 398 1024 1976 1094">
     <span class='ocr_line' id='line_1_9' title="bbox 398 1024 1976 1094; baseline 0.002 -17"><span class='ocrx_word' id='word_1_50' title='bbox 398 1037 582 1078; x_wconf 87' lang='lat' dir='ltr'><strong>tamen</strong></span> <span class='ocrx_word' id='word_1_51' title='bbox 612 1034 752 1089; x_wconf 88' lang='lat' dir='ltr'><strong>erat,</strong></span> <span class='ocrx_word' id='word_1_52' title='bbox 791 1024 918 1081; x_wconf 82' lang='lat' dir='ltr'><strong>licet</strong></span> <span class='ocrx_word' id='word_1_53' title='bbox 946 1041 1224 1094; x_wconf 84' lang='lat' dir='ltr'><strong>nusquam</strong></span> <span class='ocrx_word' id='word_1_54' title='bbox 1272 1026 1345 1080; x_wconf 94' lang='lat' dir='ltr'><strong>ita</strong></span> <span class='ocrx_word' id='word_1_55' title='bbox 1391 1035 1622 1082; x_wconf 80' lang='lat' dir='ltr'><strong>vocatus</strong></span> <span class='ocrx_word' id='word_1_56' title='bbox 1656 1026 1750 1082; x_wconf 88' lang='lat' dir='ltr'><strong>sit.</strong></span> <span class='ocrx_word' id='word_1_57' title='bbox 1796 1025 1976 1082; x_wconf 81' lang='lat' dir='ltr'><strong>Fami-</strong></span> 
     </span>
    </p>
   </div>
   <div class='ocr_carea' id='block_1_10' title="bbox 397 1117 1984 1188">
    <p class='ocr_par' dir='ltr' id='par_1_10' title="bbox 397 1117 1984 1188">
     <span class='ocr_line' id='line_1_10' title="bbox 397 1117 1984 1188; baseline 0.003 -18"><span class='ocrx_word' id='word_1_58' title='bbox 397 1117 534 1173; x_wconf 81' lang='lat' dir='ltr'><strong>iiare</strong></span> <span class='ocrx_word' id='word_1_59' title='bbox 566 1128 750 1173; x_wconf 87' lang='lat' dir='ltr'><strong>autem</strong></span> <span class='ocrx_word' id='word_1_60' title='bbox 805 1127 890 1174; x_wconf 84' lang='lat' dir='ltr'><strong>est</strong></span> <span class='ocrx_word' id='word_1_61' title='bbox 940 1119 1240 1188; x_wconf 73' lang='lat' dir='ltr'><strong>Scriptura:</strong></span> <span class='ocrx_word' id='word_1_62' title='bbox 1288 1134 1459 1175; x_wconf 65' lang='lat' dir='ltr'><strong>sacrae</strong></span> <span class='ocrx_word' id='word_1_63' title='bbox 1508 1133 1610 1188; x_wconf 92' lang='lat' dir='ltr'><strong>pro</strong></span> <span class='ocrx_word' id='word_1_64' title='bbox 1665 1119 1984 1175; x_wconf 86' lang='lat' dir='ltr'><strong>nominibus</strong></span> 
     </span>
    </p>
   </div>
   <div class='ocr_carea' id='block_1_11' title="bbox 401 1211 1981 1282">
    <p class='ocr_par' dir='ltr' id='par_1_11' title="bbox 401 1211 1981 1282">
     <span class='ocr_line' id='line_1_11' title="bbox 401 1211 1981 1282; baseline -0.001 -17"><span class='ocrx_word' id='word_1_65' title='bbox 401 1213 728 1281; x_wconf 89' lang='lat' dir='ltr'><strong>plerumque</strong></span> <span class='ocrx_word' id='word_1_66' title='bbox 749 1213 1002 1268; x_wconf 92' lang='lat' dir='ltr'><strong>actiones</strong></span> <span class='ocrx_word' id='word_1_67' title='bbox 1026 1213 1178 1282; x_wconf 88' lang='lat' dir='ltr'><strong>ipsas</strong></span> <span class='ocrx_word' id='word_1_68' title='bbox 1209 1211 1480 1282; x_wconf 89' lang='lat' dir='ltr'><strong>accipere,</strong></span> <span class='ocrx_word' id='word_1_69' title='bbox 1517 1211 1981 1280; x_wconf 80' lang='lat' dir='ltr'><strong>quemadmodum</strong></span> 
     </span>
    </p>
   </div>
   <div class='ocr_carea' id='block_1_12' title="bbox 402 1300 1984 1373">
    <p class='ocr_par' dir='ltr' id='par_1_12' title="bbox 402 1300 1984 1373">
     <span class='ocr_line' id='line_1_12' title="bbox 402 1300 1984 1373; baseline -0.001 -15"><span class='ocrx_word' id='word_1_70' title='bbox 402 1305 506 1358; x_wconf 88' lang='lat' dir='ltr'><strong>hoc</strong></span> <span class='ocrx_word' id='word_1_71' title='bbox 547 1304 692 1358; x_wconf 93' lang='lat' dir='ltr'><strong>loco.</strong></span> <span class='ocrx_word' id='word_1_72' title='bbox 734 1302 867 1360; x_wconf 90' lang='lat' dir='ltr'><strong>Item</strong></span> <span class='ocrx_word' id='word_1_73' title='bbox 897 1319 1022 1360; x_wconf 91' lang='lat' dir='ltr'><strong>cum</strong></span> <span class='ocrx_word' id='word_1_74' title='bbox 1074 1305 1140 1358; x_wconf 90' lang='lat' dir='ltr'><strong>ad</strong></span> <span class='ocrx_word' id='word_1_75' title='bbox 1184 1303 1509 1373; x_wconf 88' lang='lat' dir='ltr'><strong>Prophetam</strong></span> <span class='ocrx_word' id='word_1_76' title='bbox 1542 1301 1746 1357; x_wconf 89' lang='lat' dir='ltr'><strong>dicitur</strong></span> <span class='ocrx_word' id='word_1_77' title='bbox 1780 1319 1794 1357; x_wconf 90' lang='lat'><strong>:</strong></span> <span class='ocrx_word' id='word_1_78' title='bbox 1846 1300 1984 1356; x_wconf 84' lang='lat' dir='ltr'><strong>Voca</strong></span> 
     </span>
    </p>
   </div>
   <div class='ocr_carea' id='block_1_13' title="bbox 397 1394 1984 1469">
    <p class='ocr_par' dir='ltr' id='par_1_13' title="bbox 397 1394 1984 1469">
     <span class='ocr_line' id='line_1_13' title="bbox 397 1394 1984 1469; baseline -0.001 -19"><span class='ocrx_word' id='word_1_79' title='bbox 397 1398 704 1467; x_wconf 77' lang='lat' dir='ltr'><strong>puerulum,</strong></span> <span class='ocrx_word' id='word_1_80' title='bbox 736 1399 1028 1469; x_wconf 76' lang='lat' dir='ltr'><strong>Confestim</strong></span> <span class='ocrx_word' id='word_1_81' title='bbox 1055 1399 1249 1469; x_wconf 82' lang='lat' dir='ltr'><strong>spolia,</strong></span> <span class='ocrx_word' id='word_1_82' title='bbox 1293 1397 1538 1451; x_wconf 78' lang='lat' dir='ltr'><strong>celeriter</strong></span> <span class='ocrx_word' id='word_1_83' title='bbox 1557 1412 1735 1466; x_wconf 80' lang='lat' dir='ltr'><strong>pasce,</strong></span> <span class='ocrx_word' id='word_1_84' title='bbox 1768 1409 1815 1449; x_wconf 90' lang='lat' dir='ltr'><strong>et</strong></span> <span class='ocrx_word' id='word_1_85' title='bbox 1857 1394 1984 1448; x_wconf 83' lang='lat' dir='ltr'><strong>Em-</strong></span> 
     </span>
    </p>
   </div>
   <div class='ocr_carea' id='block_1_14' title="bbox 400 1491 705 1548">
    <p class='ocr_par' dir='ltr' id='par_1_14' title="bbox 400 1491 705 1548">
     <span class='ocr_line' id='line_1_14' title="bbox 400 1491 705 1548; baseline 0.013 -8"><span class='ocrx_word' id='word_1_86' title='bbox 400 1493 614 1544; x_wconf 82' lang='lat' dir='ltr'><strong>manuel</strong></span> <span class='ocrx_word' id='word_1_87' title='bbox 641 1491 705 1548; x_wconf 74' lang='lat'><strong>&quot;.</strong></span> 
     </span>
    </p>
   </div>
   <div class='ocr_carea' id='block_1_15' title="bbox 471 1579 1985 1645">
    <p class='ocr_par' dir='ltr' id='par_1_15' title="bbox 471 1579 1985 1645">
     <span class='ocr_line' id='line_1_15' title="bbox 471 1579 1985 1645; baseline -0.002 -9"><span class='ocrx_word' id='word_1_88' title='bbox 471 1582 592 1636; x_wconf 87' lang='lat' dir='ltr'><strong>Col.</strong></span> <span class='ocrx_word' id='word_1_89' title='bbox 623 1582 730 1638; x_wconf 75' lang='lat' dir='ltr'><strong>5H</strong></span> <span class='ocrx_word' id='word_1_90' title='bbox 761 1583 818 1637; x_wconf 86' lang='grc' dir='ltr'><strong>Β.</strong></span> <span class='ocrx_word' id='word_1_91' title='bbox 876 1583 1080 1638; x_wconf 84' lang='lat' dir='ltr'><strong>Clamet</strong></span> <span class='ocrx_word' id='word_1_92' title='bbox 1128 1581 1386 1645; x_wconf 78' lang='lat' dir='ltr'><strong>Joannes,</strong></span> <span class='ocrx_word' id='word_1_93' title='bbox 1429 1581 1632 1632; x_wconf 86' lang='lat' dir='ltr'><strong>Parate</strong></span> <span class='ocrx_word' id='word_1_94' title='bbox 1690 1581 1826 1632; x_wconf 84' lang='lat' dir='ltr'><strong>viam</strong></span> <span class='ocrx_word' id='word_1_95' title='bbox 1877 1579 1985 1633; x_wconf 87' lang='lat' dir='ltr'><strong>Do-</strong></span> 
     </span>
    </p>
   </div>
   <div class='ocr_carea' id='block_1_16' title="bbox 403 1671 1984 1744">
    <p class='ocr_par' dir='ltr' id='par_1_16' title="bbox 403 1671 1984 1744">
     <span class='ocr_line' id='line_1_16' title="bbox 403 1671 1984 1744; baseline -0.003 -18"><span class='ocrx_word' id='word_1_96' title='bbox 403 1673 533 1728; x_wconf 85' lang='lat' dir='ltr'><strong>mini</strong></span> <span class='ocrx_word' id='word_1_97' title='bbox 555 1675 620 1740; x_wconf 75' lang='grc'><strong>³⁵,</strong></span> <span class='ocrx_word' id='word_1_98' title='bbox 677 1686 781 1730; x_wconf 89' lang='lat' dir='ltr'><strong>etc.</strong></span> <span class='ocrx_word' id='word_1_99' title='bbox 829 1673 1093 1739; x_wconf 77' lang='lat' dir='ltr'><strong>Joannes,</strong></span> <span class='ocrx_word' id='word_1_100' title='bbox 1159 1674 1360 1744; x_wconf 91' lang='lat' dir='ltr'><strong>inquit,</strong></span> <span class='ocrx_word' id='word_1_101' title='bbox 1416 1681 1544 1727; x_wconf 88' lang='lat' dir='ltr'><strong>nato</strong></span> <span class='ocrx_word' id='word_1_102' title='bbox 1587 1672 1806 1727; x_wconf 88' lang='lat' dir='ltr'><strong>Christo</strong></span> <span class='ocrx_word' id='word_1_103' title='bbox 1843 1671 1984 1724; x_wconf 88' lang='lat' dir='ltr'><strong>viam</strong></span> 
     </span>
    </p>
   </div>
   <div class='ocr_carea' id='block_1_17' title="bbox 404 1763 1990 1837">
    <p class='ocr_par' dir='ltr' id='par_1_17' title="bbox 404 1763 1990 1837">
     <span class='ocr_line' id='line_1_17' title="bbox 404 1763 1990 1837; baseline -0.002 -16"><span class='ocrx_word' id='word_1_104' title='bbox 404 1767 754 1836; x_wconf 57' lang='lat' dir='ltr'><strong>praemuniat,</strong></span> <span class='ocrx_word' id='word_1_105' title='bbox 788 1775 842 1822; x_wconf 86' lang='lat' dir='ltr'><strong>et</strong></span> <span class='ocrx_word' id='word_1_106' title='bbox 867 1771 1089 1830; x_wconf 88' lang='lat' dir='ltr'><strong>clamet,</strong></span> <span class='ocrx_word' id='word_1_107' title='bbox 1119 1764 1584 1837; x_wconf 84' lang='lat' dir='ltr'><strong>quemadmodum</strong></span> <span class='ocrx_word' id='word_1_108' title='bbox 1620 1764 1688 1819; x_wconf 91' lang='lat' dir='ltr'><strong>de</strong></span> <span class='ocrx_word' id='word_1_109' title='bbox 1717 1779 1782 1818; x_wconf 87' lang='lat' dir='ltr'><strong>eo</strong></span> <span class='ocrx_word' id='word_1_110' title='bbox 1818 1763 1990 1818; x_wconf 88' lang='lat' dir='ltr'><strong>Isaias</strong></span> 
     </span>
    </p>
   </div>
   <div class='ocr_carea' id='block_1_18' title="bbox 403 1855 1989 1926">
    <p class='ocr_par' dir='ltr' id='par_1_18' title="bbox 403 1855 1989 1926">
     <span class='ocr_line' id='line_1_18' title="bbox 403 1855 1989 1926; baseline -0.003 -15"><span class='ocrx_word' id='word_1_111' title='bbox 403 1859 559 1923; x_wconf 89' lang='lat' dir='ltr'><strong>dicit,</strong></span> <span class='ocrx_word' id='word_1_112' title='bbox 608 1859 808 1914; x_wconf 83' lang='lat' dir='ltr'><strong>Parate</strong></span> <span class='ocrx_word' id='word_1_113' title='bbox 840 1860 978 1913; x_wconf 77' lang='lat' dir='ltr'><strong>viam</strong></span> <span class='ocrx_word' id='word_1_114' title='bbox 1006 1859 1222 1913; x_wconf 74' lang='lat' dir='ltr'><strong>Domini</strong></span> <span class='ocrx_word' id='word_1_115' title='bbox 1255 1858 1325 1911; x_wconf 84' lang='lat'><strong>&quot;.</strong></span> <span class='ocrx_word' id='word_1_116' title='bbox 1373 1855 1494 1924; x_wconf 83' lang='lat' dir='ltr'><strong>Quo</strong></span> <span class='ocrx_word' id='word_1_117' title='bbox 1526 1856 1648 1912; x_wconf 91' lang='lat' dir='ltr'><strong>loco</strong></span> <span class='ocrx_word' id='word_1_118' title='bbox 1679 1871 1775 1926; x_wconf 90' lang='lat' dir='ltr'><strong>per</strong></span> <span class='ocrx_word' id='word_1_119' title='bbox 1817 1855 1989 1919; x_wconf 85' lang='lat' dir='ltr'><strong>viam,</strong></span> 
     </span>
    </p>
   </div>
   <div class='ocr_carea' id='block_1_19' title="bbox 407 1943 1992 2019">
    <p class='ocr_par' dir='ltr' id='par_1_19' title="bbox 407 1943 1992 2019">
     <span class='ocr_line' id='line_1_19' title="bbox 407 1943 1992 2019; baseline 0.001 -20"><span class='ocrx_word' id='word_1_120' title='bbox 407 1948 623 2016; x_wconf 87' lang='lat' dir='ltr'><strong>piorum</strong></span> <span class='ocrx_word' id='word_1_121' title='bbox 678 1949 843 2004; x_wconf 88' lang='lat' dir='ltr'><strong>corda</strong></span> <span class='ocrx_word' id='word_1_122' title='bbox 895 1948 1184 2019; x_wconf 79' lang='lat' dir='ltr'><strong>intelligit,</strong></span> <span class='ocrx_word' id='word_1_123' title='bbox 1255 1962 1352 2018; x_wconf 79' lang='lat' dir='ltr'><strong>per</strong></span> <span class='ocrx_word' id='word_1_124' title='bbox 1395 1961 1518 2017; x_wconf 70' lang='lat' dir='ltr'><strong>qua:</strong></span> <span class='ocrx_word' id='word_1_125' title='bbox 1582 1943 1992 2016; x_wconf 73' lang='lat' dir='ltr'><strong>praedicationis</strong></span> 
     </span>
    </p>
   </div>
   <div class='ocr_carea' id='block_1_20' title="bbox 407 2038 1992 2111">
    <p class='ocr_par' dir='ltr' id='par_1_20' title="bbox 407 2038 1992 2111">
     <span class='ocr_line' id='line_1_20' title="bbox 407 2038 1992 2111; baseline 0.001 -19"><span class='ocrx_word' id='word_1_126' title='bbox 407 2039 750 2111; x_wconf 72' lang='lat' dir='ltr'><strong>Evangelica:</strong></span> <span class='ocrx_word' id='word_1_127' title='bbox 796 2041 1018 2096; x_wconf 84' lang='lat' dir='ltr'><strong>verbum</strong></span> <span class='ocrx_word' id='word_1_128' title='bbox 1067 2041 1306 2108; x_wconf 84' lang='lat' dir='ltr'><strong>incedit;</strong></span> <span class='ocrx_word' id='word_1_129' title='bbox 1341 2056 1442 2110; x_wconf 86' lang='lat' dir='ltr'><strong>ego</strong></span> <span class='ocrx_word' id='word_1_130' title='bbox 1469 2048 1654 2096; x_wconf 92' lang='lat' dir='ltr'><strong>autem</strong></span> <span class='ocrx_word' id='word_1_131' title='bbox 1700 2038 1992 2110; x_wconf 66' lang='lat' dir='ltr'><strong>praesentis</strong></span> 
     </span>
    </p>
   </div>
   <div class='ocr_carea' id='block_1_21' title="bbox 409 2132 1994 2204">
    <p class='ocr_par' dir='ltr' id='par_1_21' title="bbox 409 2132 1994 2204">
     <span class='ocr_line' id='line_1_21' title="bbox 409 2132 1994 2204; baseline -0.003 -17"><span class='ocrx_word' id='word_1_132' title='bbox 409 2133 532 2188; x_wconf 82' lang='lat' dir='ltr'><strong>festi</strong></span> <span class='ocrx_word' id='word_1_133' title='bbox 606 2143 860 2189; x_wconf 82' lang='lat' dir='ltr'><strong>naturam</strong></span> <span class='ocrx_word' id='word_1_134' title='bbox 925 2134 1302 2204; x_wconf 90' lang='lat' dir='ltr'><strong>proclamabo.</strong></span> <span class='ocrx_word' id='word_1_135' title='bbox 1362 2132 1522 2198; x_wconf 86' lang='lat' dir='ltr'><strong>Quod</strong></span> <span class='ocrx_word' id='word_1_136' title='bbox 1577 2132 1763 2188; x_wconf 86' lang='lat' dir='ltr'><strong>carnis</strong></span> <span class='ocrx_word' id='word_1_137' title='bbox 1798 2143 1994 2200; x_wconf 81' lang='lat' dir='ltr'><strong>expers</strong></span> 
     </span>
    </p>
   </div>
   <div class='ocr_carea' id='block_1_22' title="bbox 409 2223 1996 2292">
    <p class='ocr_par' dir='ltr' id='par_1_22' title="bbox 409 2223 1996 2292">
     <span class='ocr_line' id='line_1_22' title="bbox 409 2223 1996 2292; baseline -0.003 -14"><span class='ocrx_word' id='word_1_138' title='bbox 409 2228 730 2280; x_wconf 89' lang='lat' dir='ltr'><strong>incarnatur</strong></span> <span class='ocrx_word' id='word_1_139' title='bbox 760 2243 870 2280; x_wconf 88' lang='lat' dir='ltr'><strong>non</strong></span> <span class='ocrx_word' id='word_1_140' title='bbox 923 2228 1225 2281; x_wconf 78' lang='lat' dir='ltr'><strong>serundum</strong></span> <span class='ocrx_word' id='word_1_141' title='bbox 1265 2228 1650 2286; x_wconf 88' lang='lat' dir='ltr'><strong>mutationem,</strong></span> <span class='ocrx_word' id='word_1_142' title='bbox 1704 2223 1797 2279; x_wconf 88' lang='lat' dir='ltr'><strong>sed</strong></span> <span class='ocrx_word' id='word_1_143' title='bbox 1843 2223 1996 2292; x_wconf 77' lang='lat' dir='ltr'><strong>juxta</strong></span> 
     </span>
    </p>
   </div>
   <div class='ocr_carea' id='block_1_23' title="bbox 415 2315 1998 2392">
    <p class='ocr_par' dir='ltr' id='par_1_23' title="bbox 415 2315 1998 2392">
     <span class='ocr_line' id='line_1_23' title="bbox 415 2315 1998 2392; baseline -0.001 -20"><span class='ocrx_word' id='word_1_144' title='bbox 415 2322 774 2375; x_wconf 81' lang='lat' dir='ltr'><strong>humanitatis</strong></span> <span class='ocrx_word' id='word_1_145' title='bbox 845 2323 1310 2392; x_wconf 88' lang='lat' dir='ltr'><strong>assumptiouem.</strong></span> <span class='ocrx_word' id='word_1_146' title='bbox 1375 2320 1505 2373; x_wconf 90' lang='lat' dir='ltr'><strong>Eam</strong></span> <span class='ocrx_word' id='word_1_147' title='bbox 1568 2319 1717 2372; x_wconf 91' lang='lat' dir='ltr'><strong>enim</strong></span> <span class='ocrx_word' id='word_1_148' title='bbox 1816 2315 1998 2371; x_wconf 84' lang='lat' dir='ltr'><strong>cat-nis</strong></span> 
     </span>
    </p>
   </div>
   <div class='ocr_carea' id='block_1_24' title="bbox 410 2413 1996 2482">
    <p class='ocr_par' dir='ltr' id='par_1_24' title="bbox 410 2413 1996 2482">
     <span class='ocr_line' id='line_1_24' title="bbox 410 2413 1996 2482; baseline -0.004 -13"><span class='ocrx_word' id='word_1_149' title='bbox 410 2414 764 2478; x_wconf 69' lang='lat' dir='ltr'><strong>vacuitatem,</strong></span> <span class='ocrx_word' id='word_1_150' title='bbox 788 2429 951 2482; x_wconf 91' lang='lat' dir='ltr'><strong>quam</strong></span> <span class='ocrx_word' id='word_1_151' title='bbox 996 2413 1231 2468; x_wconf 82' lang='lat' dir='ltr'><strong>habebat</strong></span> <span class='ocrx_word' id='word_1_152' title='bbox 1261 2427 1512 2477; x_wconf 89' lang='lat' dir='ltr'><strong>servans,</strong></span> <span class='ocrx_word' id='word_1_153' title='bbox 1553 2426 1802 2474; x_wconf 87' lang='lat' dir='ltr'><strong>carnem,</strong></span> <span class='ocrx_word' id='word_1_154' title='bbox 1833 2423 1996 2480; x_wconf 89' lang='lat' dir='ltr'><strong>quam</strong></span> 
     </span>
    </p>
   </div>
   <div class='ocr_carea' id='block_1_25' title="bbox 413 2498 1999 2574">
    <p class='ocr_par' dir='ltr' id='par_1_25' title="bbox 413 2498 1999 2574">
     <span class='ocr_line' id='line_1_25' title="bbox 413 2498 1999 2574; baseline -0.003 -18"><span class='ocrx_word' id='word_1_155' title='bbox 413 2517 525 2556; x_wconf 87' lang='lat' dir='ltr'><strong>non</strong></span> <span class='ocrx_word' id='word_1_156' title='bbox 585 2502 864 2564; x_wconf 87' lang='lat' dir='ltr'><strong>habebat,</strong></span> <span class='ocrx_word' id='word_1_157' title='bbox 925 2503 1247 2572; x_wconf 82' lang='lat' dir='ltr'><strong>assumpsit.</strong></span> <span class='ocrx_word' id='word_1_158' title='bbox 1300 2502 1438 2556; x_wconf 92' lang='lat' dir='ltr'><strong>Illud</strong></span> <span class='ocrx_word' id='word_1_159' title='bbox 1490 2505 1699 2565; x_wconf 88' lang='lat' dir='ltr'><strong>autem,</strong></span> <span class='ocrx_word' id='word_1_160' title='bbox 1760 2498 1999 2574; x_wconf 85' lang='lat' dir='ltr'><strong>Verbum</strong></span> 
     </span>
    </p>
   </div>
   <div class='ocr_carea' id='block_1_26' title="bbox 416 2594 1998 2666">
    <p class='ocr_par' dir='ltr' id='par_1_26' title="bbox 416 2594 1998 2666">
     <span class='ocr_line' id='line_1_26' title="bbox 416 2594 1998 2666; baseline -0.001 -18"><span class='ocrx_word' id='word_1_161' title='bbox 416 2595 730 2658; x_wconf 85' lang='lat' dir='ltr'><strong>crassescit.</strong></span> <span class='ocrx_word' id='word_1_162' title='bbox 767 2597 912 2651; x_wconf 89' lang='lat' dir='ltr'><strong>ldem</strong></span> <span class='ocrx_word' id='word_1_163' title='bbox 939 2606 1020 2651; x_wconf 87' lang='lat' dir='ltr'><strong>est</strong></span> <span class='ocrx_word' id='word_1_164' title='bbox 1051 2597 1220 2666; x_wconf 91' lang='lat' dir='ltr'><strong>quod,</strong></span> <span class='ocrx_word' id='word_1_165' title='bbox 1265 2594 1488 2650; x_wconf 83' lang='lat' dir='ltr'><strong>Verbum</strong></span> <span class='ocrx_word' id='word_1_166' title='bbox 1531 2611 1654 2650; x_wconf 87' lang='lat' dir='ltr'><strong>caro</strong></span> <span class='ocrx_word' id='word_1_167' title='bbox 1678 2596 1874 2666; x_wconf 75' lang='lat' dir='ltr'><strong>factum</strong></span> <span class='ocrx_word' id='word_1_168' title='bbox 1901 2601 1998 2646; x_wconf 89' lang='lat' dir='ltr'><strong>est.</strong></span> 
     </span>
    </p>
   </div>
   <div class='ocr_carea' id='block_1_27' title="bbox 415 2685 2001 2758">
    <p class='ocr_par' dir='ltr' id='par_1_27' title="bbox 415 2685 2001 2758">
     <span class='ocr_line' id='line_1_27' title="bbox 415 2685 2001 2758; baseline -0.002 -16"><span class='ocrx_word' id='word_1_169' title='bbox 415 2687 559 2742; x_wconf 88' lang='lat' dir='ltr'><strong>Caro</strong></span> <span class='ocrx_word' id='word_1_170' title='bbox 615 2689 760 2742; x_wconf 89' lang='lat' dir='ltr'><strong>enim</strong></span> <span class='ocrx_word' id='word_1_171' title='bbox 807 2690 1088 2745; x_wconf 79' lang='lat' dir='ltr'><strong>crassities</strong></span> <span class='ocrx_word' id='word_1_172' title='bbox 1145 2699 1248 2745; x_wconf 85' lang='lat' dir='ltr'><strong>est.</strong></span> <span class='ocrx_word' id='word_1_173' title='bbox 1296 2689 1372 2744; x_wconf 85' lang='lat' dir='ltr'><strong>Ae</strong></span> <span class='ocrx_word' id='word_1_174' title='bbox 1420 2690 1563 2753; x_wconf 86' lang='lat' dir='ltr'><strong>vide,</strong></span> <span class='ocrx_word' id='word_1_175' title='bbox 1611 2687 1890 2758; x_wconf 90' lang='lat' dir='ltr'><strong>quomodo</strong></span> <span class='ocrx_word' id='word_1_176' title='bbox 1936 2685 2001 2739; x_wconf 92' lang='lat' dir='ltr'><strong>ad</strong></span> 
     </span>
    </p>
   </div>
   <div class='ocr_carea' id='block_1_28' title="bbox 417 2780 2002 2852">
    <p class='ocr_par' dir='ltr' id='par_1_28' title="bbox 417 2780 2002 2852">
     <span class='ocr_line' id='line_1_28' title="bbox 417 2780 2002 2852; baseline -0.002 -18"><span class='ocrx_word' id='word_1_177' title='bbox 417 2780 829 2835; x_wconf 88' lang='lat' dir='ltr'><strong>admirabiliora</strong></span> <span class='ocrx_word' id='word_1_178' title='bbox 876 2785 1081 2837; x_wconf 85' lang='lat' dir='ltr'><strong>sensim</strong></span> <span class='ocrx_word' id='word_1_179' title='bbox 1114 2784 1518 2852; x_wconf 79' lang='lat' dir='ltr'><strong>progrediatur.</strong></span> <span class='ocrx_word' id='word_1_180' title='bbox 1544 2781 1836 2837; x_wconf 88' lang='lat' dir='ltr'><strong>Crassities</strong></span> <span class='ocrx_word' id='word_1_181' title='bbox 1859 2780 2002 2833; x_wconf 89' lang='lat' dir='ltr'><strong>enim</strong></span> 
     </span>
    </p>
   </div>
   <div class='ocr_carea' id='block_1_29' title="bbox 421 2873 2005 2943">
    <p class='ocr_par' dir='ltr' id='par_1_29' title="bbox 421 2873 2005 2943">
     <span class='ocr_line' id='line_1_29' title="bbox 421 2873 2005 2943; baseline 0.001 -19"><span class='ocrx_word' id='word_1_182' title='bbox 421 2873 706 2927; x_wconf 86' lang='lat' dir='ltr'><strong>materiam</strong></span> <span class='ocrx_word' id='word_1_183' title='bbox 745 2873 921 2943; x_wconf 85' lang='lat' dir='ltr'><strong>magis</strong></span> <span class='ocrx_word' id='word_1_184' title='bbox 955 2874 1164 2928; x_wconf 87' lang='lat' dir='ltr'><strong>redolet</strong></span> <span class='ocrx_word' id='word_1_185' title='bbox 1194 2889 1361 2943; x_wconf 88' lang='lat' dir='ltr'><strong>quam</strong></span> <span class='ocrx_word' id='word_1_186' title='bbox 1411 2873 1723 2928; x_wconf 85' lang='lat' dir='ltr'><strong>incarnatio</strong></span> <span class='ocrx_word' id='word_1_187' title='bbox 1757 2890 1770 2926; x_wconf 88' lang='lat'><strong>:</strong></span> <span class='ocrx_word' id='word_1_188' title='bbox 1807 2886 2005 2925; x_wconf 88' lang='lat' dir='ltr'><strong>rursus</strong></span> 
     </span>
    </p>
   </div>
   <div class='ocr_carea' id='block_1_30' title="bbox 421 2964 2008 3035">
    <p class='ocr_par' dir='ltr' id='par_1_30' title="bbox 421 2964 2008 3035">
     <span class='ocr_line' id='line_1_30' title="bbox 421 2964 2008 3035; baseline -0.002 -16"><span class='ocrx_word' id='word_1_189' title='bbox 421 2965 744 3019; x_wconf 85' lang='lat' dir='ltr'><strong>seusibilius</strong></span> <span class='ocrx_word' id='word_1_190' title='bbox 793 2975 879 3020; x_wconf 91' lang='lat' dir='ltr'><strong>est</strong></span> <span class='ocrx_word' id='word_1_191' title='bbox 919 2966 1095 3020; x_wconf 90' lang='lat' dir='ltr'><strong>oculis</strong></span> <span class='ocrx_word' id='word_1_192' title='bbox 1150 2966 1328 3030; x_wconf 91' lang='lat' dir='ltr'><strong>cerni,</strong></span> <span class='ocrx_word' id='word_1_193' title='bbox 1373 2980 1538 3035; x_wconf 89' lang='lat' dir='ltr'><strong>quam</strong></span> <span class='ocrx_word' id='word_1_194' title='bbox 1578 2964 1856 3020; x_wconf 85' lang='lat' dir='ltr'><strong>incarnari</strong></span> <span class='ocrx_word' id='word_1_195' title='bbox 1893 2981 1904 3016; x_wconf 95' lang='lat'><strong>:</strong></span> <span class='ocrx_word' id='word_1_196' title='bbox 1943 2977 2008 3017; x_wconf 93' lang='lat' dir='ltr'><strong>ac</strong></span> 
     </span>
    </p>
   </div>
   <div class='ocr_carea' id='block_1_31' title="bbox 425 3057 2009 3127">
    <p class='ocr_par' dir='ltr' id='par_1_31' title="bbox 425 3057 2009 3127">
     <span class='ocr_line' id='line_1_31' title="bbox 425 3057 2009 3127; baseline -0.001 -15"><span class='ocrx_word' id='word_1_197' title='bbox 425 3058 660 3126; x_wconf 88' lang='lat' dir='ltr'><strong>denique</strong></span> <span class='ocrx_word' id='word_1_198' title='bbox 709 3057 954 3112; x_wconf 87' lang='lat' dir='ltr'><strong>crassius</strong></span> <span class='ocrx_word' id='word_1_199' title='bbox 1008 3066 1093 3112; x_wconf 82' lang='lat' dir='ltr'><strong>est</strong></span> <span class='ocrx_word' id='word_1_200' title='bbox 1142 3059 1512 3122; x_wconf 90' lang='lat' dir='ltr'><strong>contrectari,</strong></span> <span class='ocrx_word' id='word_1_201' title='bbox 1562 3071 1726 3126; x_wconf 89' lang='lat' dir='ltr'><strong>quam</strong></span> <span class='ocrx_word' id='word_1_202' title='bbox 1785 3065 2009 3127; x_wconf 80' lang='lat' dir='ltr'><strong>aspectu</strong></span> 
     </span>
    </p>
   </div>
   <div class='ocr_carea' id='block_1_32' title="bbox 427 3148 2014 3220">
    <p class='ocr_par' dir='ltr' id='par_1_32' title="bbox 427 3148 2014 3220">
     <span class='ocr_line' id='line_1_32' title="bbox 427 3148 2014 3220; baseline -0.003 -17"><span class='ocrx_word' id='word_1_203' title='bbox 427 3149 645 3204; x_wconf 89' lang='lat' dir='ltr'><strong>sentiri.</strong></span> <span class='ocrx_word' id='word_1_204' title='bbox 677 3149 799 3202; x_wconf 80' lang='lat' dir='ltr'><strong>Alio</strong></span> <span class='ocrx_word' id='word_1_205' title='bbox 830 3149 995 3204; x_wconf 89' lang='lat' dir='ltr'><strong>etiam</strong></span> <span class='ocrx_word' id='word_1_206' title='bbox 1042 3149 1228 3212; x_wconf 90' lang='lat' dir='ltr'><strong>modo,</strong></span> <span class='ocrx_word' id='word_1_207' title='bbox 1267 3159 1624 3220; x_wconf 83' lang='lat' dir='ltr'><strong>posteaquam</strong></span> <span class='ocrx_word' id='word_1_208' title='bbox 1665 3149 1802 3202; x_wconf 76' lang='lat' dir='ltr'><strong>dixit</strong></span> <span class='ocrx_word' id='word_1_209' title='bbox 1851 3148 2014 3202; x_wconf 79' lang='lat' dir='ltr'><strong>Chri—</strong></span> 
     </span>
    </p>
   </div>
   <div class='ocr_carea' id='block_1_33' title="bbox 423 3240 2012 3311">
    <p class='ocr_par' dir='ltr' id='par_1_33' title="bbox 423 3240 2012 3311">
     <span class='ocr_line' id='line_1_33' title="bbox 423 3240 2012 3311; baseline -0.001 -17"><span class='ocrx_word' id='word_1_210' title='bbox 423 3251 567 3295; x_wconf 91' lang='lat' dir='ltr'><strong>stum</strong></span> <span class='ocrx_word' id='word_1_211' title='bbox 643 3241 921 3295; x_wconf 87' lang='lat' dir='ltr'><strong>incarnari</strong></span> <span class='ocrx_word' id='word_1_212' title='bbox 964 3281 979 3307; x_wconf 94' lang='lat'><strong>,</strong></span> <span class='ocrx_word' id='word_1_213' title='bbox 1047 3241 1276 3306; x_wconf 88' lang='lat' dir='ltr'><strong>carnis,</strong></span> <span class='ocrx_word' id='word_1_214' title='bbox 1351 3256 1574 3311; x_wconf 86' lang='lat' dir='ltr'><strong>quoque</strong></span> <span class='ocrx_word' id='word_1_215' title='bbox 1651 3240 2012 3310; x_wconf 81' lang='lat' dir='ltr'><strong>proprietates</strong></span> 
     </span>
    </p>
   </div>
   <div class='ocr_carea' id='block_1_34' title="bbox 427 3333 2016 3403">
    <p class='ocr_par' dir='ltr' id='par_1_34' title="bbox 427 3333 2016 3403">
     <span class='ocr_line' id='line_1_34' title="bbox 427 3333 2016 3403; baseline 0.001 -18"><span class='ocrx_word' id='word_1_216' title='bbox 427 3333 635 3403; x_wconf 83' lang='lat' dir='ltr'><strong>adjicit,</strong></span> <span class='ocrx_word' id='word_1_217' title='bbox 692 3347 889 3401; x_wconf 90' lang='lat' dir='ltr'><strong>nempe</strong></span> <span class='ocrx_word' id='word_1_218' title='bbox 943 3333 1279 3395; x_wconf 87' lang='lat' dir='ltr'><strong>crassitiem,</strong></span> <span class='ocrx_word' id='word_1_219' title='bbox 1339 3344 1393 3388; x_wconf 92' lang='lat' dir='ltr'><strong>et</strong></span> <span class='ocrx_word' id='word_1_220' title='bbox 1431 3333 1577 3403; x_wconf 86' lang='lat' dir='ltr'><strong>quod</strong></span> <span class='ocrx_word' id='word_1_221' title='bbox 1628 3334 1680 3386; x_wconf 91' lang='lat' dir='ltr'><strong>in</strong></span> <span class='ocrx_word' id='word_1_222' title='bbox 1730 3342 2016 3402; x_wconf 89' lang='lat' dir='ltr'><strong>aspectum</strong></span> 
     </span>
    </p>
   </div>
   <div class='ocr_carea' id='block_1_35' title="bbox 427 3423 2022 3495">
    <p class='ocr_par' dir='ltr' id='par_1_35' title="bbox 427 3423 2022 3495">
     <span class='ocr_line' id='line_1_35' title="bbox 427 3423 2022 3495; baseline 0 -17"><span class='ocrx_word' id='word_1_223' title='bbox 427 3434 482 3478; x_wconf 90' lang='lat' dir='ltr'><strong>et</strong></span> <span class='ocrx_word' id='word_1_224' title='bbox 537 3431 744 3478; x_wconf 90' lang='lat' dir='ltr'><strong>tactum</strong></span> <span class='ocrx_word' id='word_1_225' title='bbox 794 3424 976 3480; x_wconf 85' lang='lat' dir='ltr'><strong>cadat.</strong></span> <span class='ocrx_word' id='word_1_226' title='bbox 1032 3423 1168 3479; x_wconf 88' lang='lat' dir='ltr'><strong>Nam</strong></span> <span class='ocrx_word' id='word_1_227' title='bbox 1205 3441 1330 3480; x_wconf 87' lang='lat' dir='ltr'><strong>cum</strong></span> <span class='ocrx_word' id='word_1_228' title='bbox 1363 3442 1429 3481; x_wconf 90' lang='lat' dir='ltr'><strong>ne</strong></span> <span class='ocrx_word' id='word_1_229' title='bbox 1465 3442 1495 3481; x_wconf 90' lang='lat' dir='ltr'><strong>a</strong></span> <span class='ocrx_word' id='word_1_230' title='bbox 1547 3426 1866 3480; x_wconf 70' lang='lat' dir='ltr'><strong>coelestibus</strong></span> <span class='ocrx_word' id='word_1_231' title='bbox 1896 3425 2022 3495; x_wconf 82' lang='lat' dir='ltr'><strong>qui-</strong></span> 
     </span>
    </p>
   </div>
   <div class='ocr_carea' id='block_1_36' title="bbox 428 3517 2001 3590">
    <p class='ocr_par' dir='ltr' id='par_1_36' title="bbox 428 3517 2001 3590">
     <span class='ocr_line' id='line_1_36' title="bbox 428 3517 2001 3590; baseline 0.001 -18"><span class='ocrx_word' id='word_1_232' title='bbox 428 3517 553 3572; x_wconf 89' lang='lat' dir='ltr'><strong>dem</strong></span> <span class='ocrx_word' id='word_1_233' title='bbox 613 3517 832 3586; x_wconf 82' lang='lat' dir='ltr'><strong>angelis</strong></span> <span class='ocrx_word' id='word_1_234' title='bbox 903 3518 1061 3586; x_wconf 88' lang='lat' dir='ltr'><strong>prius</strong></span> <span class='ocrx_word' id='word_1_235' title='bbox 1125 3529 1490 3582; x_wconf 84' lang='lat' dir='ltr'><strong>cerneretur,</strong></span> <span class='ocrx_word' id='word_1_236' title='bbox 1556 3533 1705 3573; x_wconf 90' lang='lat' dir='ltr'><strong>nunc</strong></span> <span class='ocrx_word' id='word_1_237' title='bbox 1779 3530 2001 3590; x_wconf 87' lang='lat' dir='ltr'><strong>propter</strong></span> 
     </span>
    </p>
   </div>
   <div class='ocr_carea' id='block_1_37' title="bbox 436 3611 2017 3678">
    <p class='ocr_par' dir='ltr' id='par_1_37' title="bbox 436 3611 2017 3678">
     <span class='ocr_line' id='line_1_37' title="bbox 436 3611 2017 3678; baseline 0.001 -14"><span class='ocrx_word' id='word_1_238' title='bbox 436 3611 611 3678; x_wconf 88' lang='lat' dir='ltr'><strong>ipsius</strong></span> <span class='ocrx_word' id='word_1_239' title='bbox 681 3625 802 3663; x_wconf 88' lang='lat' dir='ltr'><strong>cum</strong></span> <span class='ocrx_word' id='word_1_240' title='bbox 862 3611 1066 3666; x_wconf 77' lang='lat' dir='ltr'><strong>visibili</strong></span> <span class='ocrx_word' id='word_1_241' title='bbox 1123 3611 1349 3667; x_wconf 88' lang='lat' dir='ltr'><strong>homine</strong></span> <span class='ocrx_word' id='word_1_242' title='bbox 1425 3613 1686 3667; x_wconf 89' lang='lat' dir='ltr'><strong>unionem</strong></span> <span class='ocrx_word' id='word_1_243' title='bbox 1751 3612 2017 3668; x_wconf 88' lang='lat' dir='ltr'><strong>cernitur.</strong></span> 
     </span>
    </p>
   </div>
   <div class='ocr_carea' id='block_1_38' title="bbox 435 3703 2020 3773">
    <p class='ocr_par' dir='ltr' id='par_1_38' title="bbox 435 3703 2020 3773">
     <span class='ocr_line' id='line_1_38' title="bbox 435 3703 2020 3773; baseline -0.001 -15"><span class='ocrx_word' id='word_1_244' title='bbox 435 3703 699 3758; x_wconf 82' lang='lat' dir='ltr'><strong>Cernitur</strong></span> <span class='ocrx_word' id='word_1_245' title='bbox 773 3710 957 3758; x_wconf 87' lang='lat' dir='ltr'><strong>autem</strong></span> <span class='ocrx_word' id='word_1_246' title='bbox 1026 3719 1136 3758; x_wconf 85' lang='lat' dir='ltr'><strong>non</strong></span> <span class='ocrx_word' id='word_1_247' title='bbox 1207 3712 1473 3773; x_wconf 89' lang='lat' dir='ltr'><strong>quantum</strong></span> <span class='ocrx_word' id='word_1_248' title='bbox 1545 3706 1610 3759; x_wconf 87' lang='lat' dir='ltr'><strong>ad</strong></span> <span class='ocrx_word' id='word_1_249' title='bbox 1690 3703 2020 3759; x_wconf 87' lang='lat' dir='ltr'><strong>invisibilem</strong></span> 
     </span>
    </p>
   </div>
   <div class='ocr_carea' id='block_1_39' title="bbox 434 3797 2023 3868">
    <p class='ocr_par' dir='ltr' id='par_1_39' title="bbox 434 3797 2023 3868">
     <span class='ocr_line' id='line_1_39' title="bbox 434 3797 2023 3868; baseline -0.002 -16"><span class='ocrx_word' id='word_1_250' title='bbox 434 3797 820 3862; x_wconf 83' lang='lat' dir='ltr'><strong>divinitatem,</strong></span> <span class='ocrx_word' id='word_1_251' title='bbox 886 3797 984 3852; x_wconf 87' lang='lat' dir='ltr'><strong>sed</strong></span> <span class='ocrx_word' id='word_1_252' title='bbox 1034 3806 1302 3868; x_wconf 90' lang='lat' dir='ltr'><strong>quantum</strong></span> <span class='ocrx_word' id='word_1_253' title='bbox 1363 3797 1432 3853; x_wconf 91' lang='lat' dir='ltr'><strong>ad</strong></span> <span class='ocrx_word' id='word_1_254' title='bbox 1479 3797 1787 3854; x_wconf 80' lang='lat' dir='ltr'><strong>divinitatis</strong></span> <span class='ocrx_word' id='word_1_255' title='bbox 1837 3804 2023 3851; x_wconf 91' lang='lat' dir='ltr'><strong>aetum</strong></span> 
     </span>
    </p>
   </div>
   <div class='ocr_carea' id='block_1_40' title="bbox 435 3888 2026 3962">
    <p class='ocr_par' dir='ltr' id='par_1_40' title="bbox 435 3888 2026 3962">
     <span class='ocr_line' id='line_1_40' title="bbox 435 3888 2026 3962; baseline -0.002 -17"><span class='ocrx_word' id='word_1_256' title='bbox 435 3900 493 3945; x_wconf 86' lang='lat' dir='ltr'><strong>et</strong></span> <span class='ocrx_word' id='word_1_257' title='bbox 550 3889 874 3958; x_wconf 74' lang='lat' dir='ltr'><strong>eﬂicaciam,</strong></span> <span class='ocrx_word' id='word_1_258' title='bbox 931 3890 986 3946; x_wconf 92' lang='lat' dir='ltr'><strong>id</strong></span> <span class='ocrx_word' id='word_1_259' title='bbox 1042 3899 1148 3958; x_wconf 80' lang='lat' dir='ltr'><strong>est,</strong></span> <span class='ocrx_word' id='word_1_260' title='bbox 1206 3905 1318 3947; x_wconf 91' lang='lat' dir='ltr'><strong>non</strong></span> <span class='ocrx_word' id='word_1_261' title='bbox 1398 3901 1675 3962; x_wconf 87' lang='lat' dir='ltr'><strong>quatenus</strong></span> <span class='ocrx_word' id='word_1_262' title='bbox 1731 3888 2026 3946; x_wconf 83' lang='lat' dir='ltr'><strong>invisibilis</strong></span> 
     </span>
    </p>
   </div>
   <div class='ocr_carea' id='block_1_41' title="bbox 436 3980 2025 4055">
    <p class='ocr_par' dir='ltr' id='par_1_41' title="bbox 436 3980 2025 4055">
     <span class='ocr_line' id='line_1_41' title="bbox 436 3980 2025 4055; baseline -0.001 -19"><span class='ocrx_word' id='word_1_263' title='bbox 436 3982 582 4040; x_wconf 88' lang='lat' dir='ltr'><strong>Deus</strong></span> <span class='ocrx_word' id='word_1_264' title='bbox 629 3993 736 4048; x_wconf 79' lang='lat' dir='ltr'><strong>est.</strong></span> <span class='ocrx_word' id='word_1_265' title='bbox 779 3984 1048 4052; x_wconf 87' lang='lat' dir='ltr'><strong>cernitur,</strong></span> <span class='ocrx_word' id='word_1_266' title='bbox 1099 3984 1195 4041; x_wconf 88' lang='lat' dir='ltr'><strong>sed</strong></span> <span class='ocrx_word' id='word_1_267' title='bbox 1247 3999 1345 4055; x_wconf 82' lang='lat' dir='ltr'><strong>per</strong></span> <span class='ocrx_word' id='word_1_268' title='bbox 1375 3999 1439 4038; x_wconf 90' lang='lat' dir='ltr'><strong>ea</strong></span> <span class='ocrx_word' id='word_1_269' title='bbox 1473 3999 1595 4053; x_wconf 66' lang='lat' dir='ltr'><strong>quae</strong></span> <span class='ocrx_word' id='word_1_270' title='bbox 1628 3994 1690 4038; x_wconf 90' lang='lat' dir='ltr'><strong>ut</strong></span> <span class='ocrx_word' id='word_1_271' title='bbox 1719 3983 1868 4038; x_wconf 85' lang='lat' dir='ltr'><strong>Deus</strong></span> <span class='ocrx_word' id='word_1_272' title='bbox 1908 3980 2025 4036; x_wconf 79' lang='lat' dir='ltr'><strong>eiii-</strong></span> 
     </span>
    </p>
   </div>
   <div class='ocr_carea' id='block_1_42' title="bbox 437 4074 2026 4147">
    <p class='ocr_par' dir='ltr' id='par_1_42' title="bbox 437 4074 2026 4147">
     <span class='ocr_line' id='line_1_42' title="bbox 437 4074 2026 4147; baseline -0.002 -16"><span class='ocrx_word' id='word_1_273' title='bbox 437 4079 534 4143; x_wconf 90' lang='lat' dir='ltr'><strong>cit,</strong></span> <span class='ocrx_word' id='word_1_274' title='bbox 582 4077 828 4131; x_wconf 83' lang='lat' dir='ltr'><strong>videmus</strong></span> <span class='ocrx_word' id='word_1_275' title='bbox 873 4075 1045 4132; x_wconf 89' lang='lat' dir='ltr'><strong>Deum</strong></span> <span class='ocrx_word' id='word_1_276' title='bbox 1097 4091 1244 4141; x_wconf 86' lang='lat' dir='ltr'><strong>esse,</strong></span> <span class='ocrx_word' id='word_1_277' title='bbox 1306 4077 1516 4147; x_wconf 88' lang='lat' dir='ltr'><strong>quippe</strong></span> <span class='ocrx_word' id='word_1_278' title='bbox 1550 4079 1645 4145; x_wconf 89' lang='lat' dir='ltr'><strong>qui</strong></span> <span class='ocrx_word' id='word_1_279' title='bbox 1695 4074 2026 4129; x_wconf 88' lang='lat' dir='ltr'><strong>intermedio</strong></span> 
     </span>
    </p>
   </div>
   <div class='ocr_carea' id='block_1_43' title="bbox 439 4164 2028 4238">
    <p class='ocr_par' dir='ltr' id='par_1_43' title="bbox 439 4164 2028 4238">
     <span class='ocr_line' id='line_1_43' title="bbox 439 4164 2028 4238; baseline -0.003 -15"><span class='ocrx_word' id='word_1_280' title='bbox 439 4183 669 4238; x_wconf 86' lang='lat' dir='ltr'><strong>corpore</strong></span> <span class='ocrx_word' id='word_1_281' title='bbox 721 4169 979 4235; x_wconf 87' lang='lat' dir='ltr'><strong>humano,</strong></span> <span class='ocrx_word' id='word_1_282' title='bbox 1029 4183 1121 4223; x_wconf 90' lang='lat' dir='ltr'><strong>res</strong></span> <span class='ocrx_word' id='word_1_283' title='bbox 1172 4167 1292 4223; x_wconf 85' lang='lat' dir='ltr'><strong>Deo</strong></span> <span class='ocrx_word' id='word_1_284' title='bbox 1341 4167 1538 4236; x_wconf 83' lang='lat' dir='ltr'><strong>dignas</strong></span> <span class='ocrx_word' id='word_1_285' title='bbox 1589 4173 1836 4236; x_wconf 79' lang='lat' dir='ltr'><strong>peragat.</strong></span> <span class='ocrx_word' id='word_1_286' title='bbox 1904 4164 2028 4219; x_wconf 69' lang='lat' dir='ltr'><strong>Ilaec</strong></span> 
     </span>
    </p>
   </div>
   <div class='ocr_carea' id='block_1_44' title="bbox 442 4256 2027 4324">
    <p class='ocr_par' dir='ltr' id='par_1_44' title="bbox 442 4256 2027 4324">
     <span class='ocr_line' id='line_1_44' title="bbox 442 4256 2027 4324; baseline -0.001 -11"><span class='ocrx_word' id='word_1_287' title='bbox 442 4271 625 4316; x_wconf 83' lang='lat' dir='ltr'><strong>autem</strong></span> <span class='ocrx_word' id='word_1_288' title='bbox 658 4260 845 4323; x_wconf 88' lang='lat' dir='ltr'><strong>verba,</strong></span> <span class='ocrx_word' id='word_1_289' title='bbox 878 4260 1136 4314; x_wconf 87' lang='lat' dir='ltr'><strong>Cernitur</strong></span> <span class='ocrx_word' id='word_1_290' title='bbox 1173 4268 1229 4314; x_wconf 87' lang='lat' dir='ltr'><strong>et</strong></span> <span class='ocrx_word' id='word_1_291' title='bbox 1264 4268 1662 4324; x_wconf 86' lang='lat' dir='ltr'><strong>contrectalur,</strong></span> <span class='ocrx_word' id='word_1_292' title='bbox 1698 4274 1765 4313; x_wconf 84' lang='lat' dir='ltr'><strong>ex</strong></span> <span class='ocrx_word' id='word_1_293' title='bbox 1791 4256 2027 4312; x_wconf 81' lang='lat' dir='ltr'><strong>Joannis</strong></span> 
     </span>
    </p>
   </div>
   <div class='ocr_carea' id='block_1_45' title="bbox 443 4349 2027 4422">
    <p class='ocr_par' dir='ltr' id='par_1_45' title="bbox 443 4349 2027 4422">
     <span class='ocr_line' id='line_1_45' title="bbox 443 4349 2027 4422; baseline -0.001 -16"><span class='ocrx_word' id='word_1_294' title='bbox 443 4353 686 4422; x_wconf 69' lang='lat' dir='ltr'><strong>Epistula</strong></span> <span class='ocrx_word' id='word_1_295' title='bbox 743 4351 984 4420; x_wconf 86' lang='lat' dir='ltr'><strong>sumpsit</strong></span> <span class='ocrx_word' id='word_1_296' title='bbox 1031 4349 1354 4421; x_wconf 81' lang='lat' dir='ltr'><strong>Gregorius.</strong></span> <span class='ocrx_word' id='word_1_297' title='bbox 1434 4349 1640 4406; x_wconf 84' lang='lat' dir='ltr'><strong>Scribit</strong></span> <span class='ocrx_word' id='word_1_298' title='bbox 1701 4350 1848 4404; x_wconf 90' lang='lat' dir='ltr'><strong>enim</strong></span> <span class='ocrx_word' id='word_1_299' title='bbox 1914 4349 2027 4415; x_wconf 89' lang='lat' dir='ltr'><strong>ille,</strong></span> 
     </span>
    </p>
   </div>
   <div class='ocr_carea' id='block_1_46' title="bbox 446 4445 2028 4516">
    <p class='ocr_par' dir='ltr' id='par_1_46' title="bbox 446 4445 2028 4516">
     <span class='ocr_line' id='line_1_46' title="bbox 446 4445 2028 4516; baseline 0.002 -20"><span class='ocrx_word' id='word_1_300' title='bbox 446 4447 603 4512; x_wconf 84' lang='lat' dir='ltr'><strong>Quod</strong></span> <span class='ocrx_word' id='word_1_301' title='bbox 634 4455 750 4500; x_wconf 89' lang='lat' dir='ltr'><strong>erat</strong></span> <span class='ocrx_word' id='word_1_302' title='bbox 797 4445 863 4499; x_wconf 88' lang='lat' dir='ltr'><strong>ab</strong></span> <span class='ocrx_word' id='word_1_303' title='bbox 913 4446 1091 4511; x_wconf 84' lang='lat' dir='ltr'><strong>initio,</strong></span> <span class='ocrx_word' id='word_1_304' title='bbox 1122 4447 1275 4516; x_wconf 66' lang='lat' dir='ltr'><strong>{quod</strong></span> <span class='ocrx_word' id='word_1_305' title='bbox 1328 4445 1579 4512; x_wconf 83' lang='lat' dir='ltr'><strong>vidimus,</strong></span> <span class='ocrx_word' id='word_1_306' title='bbox 1623 4453 1676 4500; x_wconf 81' lang='lat' dir='ltr'><strong>et</strong></span> <span class='ocrx_word' id='word_1_307' title='bbox 1717 4461 1906 4500; x_wconf 84' lang='lat' dir='ltr'><strong>manus</strong></span> <span class='ocrx_word' id='word_1_308' title='bbox 1932 4461 2028 4499; x_wconf 87' lang='lat' dir='ltr'><strong>no-</strong></span> 
     </span>
    </p>
   </div>
   <div class='ocr_carea' id='block_1_47' title="bbox 445 4536 2034 4607">
    <p class='ocr_par' dir='ltr' id='par_1_47' title="bbox 445 4536 2034 4607">
     <span class='ocr_line' id='line_1_47' title="bbox 445 4536 2034 4607; baseline 0.002 -17"><span class='ocrx_word' id='word_1_309' title='bbox 445 4549 572 4591; x_wconf 68' lang='lat' dir='ltr'><strong>stra:</strong></span> <span class='ocrx_word' id='word_1_310' title='bbox 643 4545 1105 4592; x_wconf 84' lang='lat' dir='ltr'><strong>contrectaverunt</strong></span> <span class='ocrx_word' id='word_1_311' title='bbox 1167 4539 1235 4591; x_wconf 76' lang='grc'><strong>’⁷.</strong></span> <span class='ocrx_word' id='word_1_312' title='bbox 1310 4536 1576 4593; x_wconf 62' lang='grc' dir='ltr'><strong>ιιΕῑειηηιιε</strong></span> <span class='ocrx_word' id='word_1_313' title='bbox 1646 4546 1700 4592; x_wconf 89' lang='lat' dir='ltr'><strong>et</strong></span> <span class='ocrx_word' id='word_1_314' title='bbox 1773 4537 2034 4607; x_wconf 82' lang='lat' dir='ltr'><strong>tcmpm-is</strong></span> 
     </span>
    </p>
   </div>
   <div class='ocr_carea' id='block_1_48' title="bbox 2086 655 3671 728">
    <p class='ocr_par' dir='ltr' id='par_1_48' title="bbox 2086 655 3671 728">
     <span class='ocr_line' id='line_1_48' title="bbox 2086 655 3671 728; baseline -0.003 -14"><span class='ocrx_word' id='word_1_315' title='bbox 2086 657 2449 728; x_wconf 84' lang='lat' dir='ltr'><strong>corporaliter</strong></span> <span class='ocrx_word' id='word_1_316' title='bbox 2496 657 2592 711; x_wconf 86' lang='lat' dir='ltr'><strong>tibi</strong></span> <span class='ocrx_word' id='word_1_317' title='bbox 2653 656 3064 724; x_wconf 76' lang='lat' dir='ltr'><strong>intelligendum</strong></span> <span class='ocrx_word' id='word_1_318' title='bbox 3121 665 3200 710; x_wconf 89' lang='lat' dir='ltr'><strong>est</strong></span> <span class='ocrx_word' id='word_1_319' title='bbox 3249 655 3360 707; x_wconf 90' lang='lat' dir='ltr'><strong>heri</strong></span> <span class='ocrx_word' id='word_1_320' title='bbox 3395 666 3442 707; x_wconf 86' lang='lat' dir='ltr'><strong>et</strong></span> <span class='ocrx_word' id='word_1_321' title='bbox 3495 656 3671 710; x_wconf 81' lang='lat' dir='ltr'><strong>hodie.</strong></span> 
     </span>
    </p>
   </div>
   <div class='ocr_carea' id='block_1_49' title="bbox 2087 747 3675 818">
    <p class='ocr_par' dir='ltr' id='par_1_49' title="bbox 2087 747 3675 818">
     <span class='ocr_line' id='line_1_49' title="bbox 2087 747 3675 818; baseline -0.003 -14"><span class='ocrx_word' id='word_1_322' title='bbox 2087 750 2241 816; x_wconf 77' lang='lat' dir='ltr'><strong>Quod</strong></span> <span class='ocrx_word' id='word_1_323' title='bbox 2302 758 2482 803; x_wconf 89' lang='lat' dir='ltr'><strong>autem</strong></span> <span class='ocrx_word' id='word_1_324' title='bbox 2537 750 2808 818; x_wconf 90' lang='lat' dir='ltr'><strong>sequitur,</strong></span> <span class='ocrx_word' id='word_1_325' title='bbox 2862 749 3013 804; x_wconf 88' lang='lat' dir='ltr'><strong>Idem</strong></span> <span class='ocrx_word' id='word_1_326' title='bbox 3053 757 3100 801; x_wconf 84' lang='lat' dir='ltr'><strong>et</strong></span> <span class='ocrx_word' id='word_1_327' title='bbox 3147 747 3199 799; x_wconf 89' lang='lat' dir='ltr'><strong>in</strong></span> <span class='ocrx_word' id='word_1_328' title='bbox 3254 747 3453 800; x_wconf 75' lang='lat' dir='ltr'><strong>srrcula</strong></span> <span class='ocrx_word' id='word_1_329' title='bbox 3503 747 3675 814; x_wconf 84' lang='lat' dir='ltr'><strong>spiri-</strong></span> 
     </span>
    </p>
   </div>
   <div class='ocr_carea' id='block_1_50' title="bbox 2089 839 3674 912">
    <p class='ocr_par' dir='ltr' id='par_1_50' title="bbox 2089 839 3674 912">
     <span class='ocr_line' id='line_1_50' title="bbox 2089 839 3674 912; baseline -0.002 -16"><span class='ocrx_word' id='word_1_330' title='bbox 2089 844 2292 898; x_wconf 86' lang='lat' dir='ltr'><strong>taliter.</strong></span> <span class='ocrx_word' id='word_1_331' title='bbox 2325 845 2336 910; x_wconf 82' lang='lat'><strong><em>|</em></strong></span> <span class='ocrx_word' id='word_1_332' title='bbox 2367 841 2433 896; x_wconf 87' lang='lat' dir='ltr'><strong>Et</strong></span> <span class='ocrx_word' id='word_1_333' title='bbox 2498 842 2718 912; x_wconf 85' lang='lat' dir='ltr'><strong>quidem</strong></span> <span class='ocrx_word' id='word_1_334' title='bbox 2757 858 2851 910; x_wconf 90' lang='lat' dir='ltr'><strong>per</strong></span> <span class='ocrx_word' id='word_1_335' title='bbox 2903 842 3014 894; x_wconf 86' lang='lat' dir='ltr'><strong>hert</strong></span> <span class='ocrx_word' id='word_1_336' title='bbox 3063 839 3398 910; x_wconf 78' lang='lat' dir='ltr'><strong>praeteritum</strong></span> <span class='ocrx_word' id='word_1_337' title='bbox 3455 847 3674 906; x_wconf 83' lang='lat' dir='ltr'><strong>tempus</strong></span> 
     </span>
    </p>
   </div>
   <div class='ocr_carea' id='block_1_51' title="bbox 2089 930 3672 1008">
    <p class='ocr_par' dir='ltr' id='par_1_51' title="bbox 2089 930 3672 1008">
     <span class='ocr_line' id='line_1_51' title="bbox 2089 930 3672 1008; baseline -0.007 -15"><span class='ocrx_word' id='word_1_338' title='bbox 2089 936 2466 1008; x_wconf 81' lang='lat' dir='ltr'><strong>signiﬁcatur;</strong></span> <span class='ocrx_word' id='word_1_339' title='bbox 2501 951 2596 1004; x_wconf 86' lang='lat' dir='ltr'><strong>per</strong></span> <span class='ocrx_word' id='word_1_340' title='bbox 2623 936 2777 989; x_wconf 81' lang='lat' dir='ltr'><strong>hodie</strong></span> <span class='ocrx_word' id='word_1_341' title='bbox 2815 949 3093 1004; x_wconf 69' lang='lat' dir='ltr'><strong>praesens;</strong></span> <span class='ocrx_word' id='word_1_342' title='bbox 3133 947 3228 1001; x_wconf 90' lang='lat' dir='ltr'><strong>per</strong></span> <span class='ocrx_word' id='word_1_343' title='bbox 3252 930 3452 985; x_wconf 74' lang='lat' dir='ltr'><strong>swcula</strong></span> <span class='ocrx_word' id='word_1_344' title='bbox 3488 940 3672 984; x_wconf 85' lang='lat' dir='ltr'><strong>autem</strong></span> 
     </span>
    </p>
   </div>
   <div class='ocr_carea' id='block_1_52' title="bbox 2089 1026 3673 1092">
    <p class='ocr_par' dir='ltr' id='par_1_52' title="bbox 2089 1026 3673 1092">
     <span class='ocr_line' id='line_1_52' title="bbox 2089 1026 3673 1092; baseline -0.006 -7"><span class='ocrx_word' id='word_1_345' title='bbox 2089 1029 2367 1086; x_wconf 62' lang='lat' dir='ltr'><strong>aternitas</strong></span> <span class='ocrx_word' id='word_1_346' title='bbox 2403 1039 2456 1083; x_wconf 91' lang='lat' dir='ltr'><strong>et</strong></span> <span class='ocrx_word' id='word_1_347' title='bbox 2503 1027 2919 1081; x_wconf 83' lang='lat' dir='ltr'><strong>immortalitas.</strong></span> <span class='ocrx_word' id='word_1_348' title='bbox 2969 1026 3243 1092; x_wconf 85' lang='lat' dir='ltr'><strong>Quoniam</strong></span> <span class='ocrx_word' id='word_1_349' title='bbox 3293 1032 3477 1077; x_wconf 88' lang='lat' dir='ltr'><strong>autem</strong></span> <span class='ocrx_word' id='word_1_350' title='bbox 3532 1036 3673 1076; x_wconf 89' lang='lat' dir='ltr'><strong>non-</strong></span> 
     </span>
    </p>
   </div>
   <div class='ocr_carea' id='block_1_53' title="bbox 2091 1113 3673 1183">
    <p class='ocr_par' dir='ltr' id='par_1_53' title="bbox 2091 1113 3673 1183">
     <span class='ocr_line' id='line_1_53' title="bbox 2091 1113 3673 1183; baseline -0.007 -6"><span class='ocrx_word' id='word_1_351' title='bbox 2091 1121 2224 1177; x_wconf 90' lang='lat' dir='ltr'><strong>nulli</strong></span> <span class='ocrx_word' id='word_1_352' title='bbox 2258 1121 2404 1175; x_wconf 88' lang='lat' dir='ltr'><strong>velut</strong></span> <span class='ocrx_word' id='word_1_353' title='bbox 2455 1117 2628 1174; x_wconf 62' lang='lat' dir='ltr'><strong>Judari</strong></span> <span class='ocrx_word' id='word_1_354' title='bbox 2676 1134 2786 1173; x_wconf 80' lang='lat' dir='ltr'><strong>non</strong></span> <span class='ocrx_word' id='word_1_355' title='bbox 2831 1117 3139 1183; x_wconf 87' lang='lat' dir='ltr'><strong>Christum,</strong></span> <span class='ocrx_word' id='word_1_356' title='bbox 3201 1113 3295 1183; x_wconf 90' lang='lat' dir='ltr'><strong>qui</strong></span> <span class='ocrx_word' id='word_1_357' title='bbox 3333 1114 3537 1169; x_wconf 81' lang='lat' dir='ltr'><strong>salutis</strong></span> <span class='ocrx_word' id='word_1_358' title='bbox 3569 1128 3673 1167; x_wconf 91' lang='lat' dir='ltr'><strong>no-</strong></span> 
     </span>
    </p>
   </div>
   <div class='ocr_carea' id='block_1_54' title="bbox 2092 1204 3670 1272">
    <p class='ocr_par' dir='ltr' id='par_1_54' title="bbox 2092 1204 3670 1272">
     <span class='ocr_line' id='line_1_54' title="bbox 2092 1204 3670 1272; baseline -0.008 -3"><span class='ocrx_word' id='word_1_359' title='bbox 2092 1225 2219 1271; x_wconf 74' lang='lat' dir='ltr'><strong>stra:</strong></span> <span class='ocrx_word' id='word_1_360' title='bbox 2259 1230 2423 1268; x_wconf 85' lang='lat' dir='ltr'><strong>causa</strong></span> <span class='ocrx_word' id='word_1_361' title='bbox 2485 1214 2536 1267; x_wconf 93' lang='lat' dir='ltr'><strong>in</strong></span> <span class='ocrx_word' id='word_1_362' title='bbox 2599 1225 2820 1266; x_wconf 88' lang='lat' dir='ltr'><strong>crucem</strong></span> <span class='ocrx_word' id='word_1_363' title='bbox 2884 1207 3138 1265; x_wconf 83' lang='lat' dir='ltr'><strong>sublatus</strong></span> <span class='ocrx_word' id='word_1_364' title='bbox 3191 1217 3298 1272; x_wconf 88' lang='lat' dir='ltr'><strong>est,</strong></span> <span class='ocrx_word' id='word_1_365' title='bbox 3362 1204 3454 1260; x_wconf 90' lang='lat' dir='ltr'><strong>sed</strong></span> <span class='ocrx_word' id='word_1_366' title='bbox 3504 1205 3670 1259; x_wconf 90' lang='lat' dir='ltr'><strong>alium</strong></span> 
     </span>
    </p>
   </div>
   <div class='ocr_carea' id='block_1_55' title="bbox 2093 1299 3672 1381">
    <p class='ocr_par' dir='ltr' id='par_1_55' title="bbox 2093 1299 3672 1381">
     <span class='ocr_line' id='line_1_55' title="bbox 2093 1299 3672 1381; baseline -0.011 -14"><span class='ocrx_word' id='word_1_367' title='bbox 2093 1311 2384 1381; x_wconf 83' lang='lat' dir='ltr'><strong>quemdam</strong></span> <span class='ocrx_word' id='word_1_368' title='bbox 2419 1317 2708 1362; x_wconf 71' lang='lat' dir='ltr'><strong>venturum</strong></span> <span class='ocrx_word' id='word_1_369' title='bbox 2753 1323 2950 1361; x_wconf 77' lang='lat' dir='ltr'><strong>rursus</strong></span> <span class='ocrx_word' id='word_1_370' title='bbox 2979 1313 3291 1374; x_wconf 74' lang='lat' dir='ltr'><strong>expectant,</strong></span> <span class='ocrx_word' id='word_1_371' title='bbox 3352 1301 3551 1354; x_wconf 87' lang='lat' dir='ltr'><strong>idcirco</strong></span> <span class='ocrx_word' id='word_1_372' title='bbox 3591 1299 3672 1350; x_wconf 90' lang='lat' dir='ltr'><strong>di-</strong></span> 
     </span>
    </p>
   </div>
   <div class='ocr_carea' id='block_1_56' title="bbox 2095 1396 3672 1468">
    <p class='ocr_par' dir='ltr' id='par_1_56' title="bbox 2095 1396 3672 1468">
     <span class='ocr_line' id='line_1_56' title="bbox 2095 1396 3672 1468; baseline -0.009 -11"><span class='ocrx_word' id='word_1_373' title='bbox 2095 1406 2258 1459; x_wconf 84' lang='lat' dir='ltr'><strong>vinus</strong></span> <span class='ocrx_word' id='word_1_374' title='bbox 2294 1403 2592 1468; x_wconf 80' lang='lat' dir='ltr'><strong>Apostolus</strong></span> <span class='ocrx_word' id='word_1_375' title='bbox 2627 1401 2692 1455; x_wconf 87' lang='lat' dir='ltr'><strong>ad</strong></span> <span class='ocrx_word' id='word_1_376' title='bbox 2746 1399 2868 1454; x_wconf 82' lang='lat' dir='ltr'><strong>ﬁdei</strong></span> <span class='ocrx_word' id='word_1_377' title='bbox 2919 1407 3191 1466; x_wconf 67' lang='lat' dir='ltr'><strong>rectzt‘que</strong></span> <span class='ocrx_word' id='word_1_378' title='bbox 3243 1396 3501 1449; x_wconf 62' lang='lat' dir='ltr'><strong>dcc-trinas</strong></span> <span class='ocrx_word' id='word_1_379' title='bbox 3538 1408 3672 1446; x_wconf 91' lang='lat' dir='ltr'><strong>con-</strong></span> 
     </span>
    </p>
   </div>
   <div class='ocr_carea' id='block_1_57' title="bbox 2097 1484 3673 1555">
    <p class='ocr_par' dir='ltr' id='par_1_57' title="bbox 2097 1484 3673 1555">
     <span class='ocr_line' id='line_1_57' title="bbox 2097 1484 3673 1555; baseline -0.01 -4"><span class='ocrx_word' id='word_1_380' title='bbox 2097 1497 2458 1551; x_wconf 80' lang='lat' dir='ltr'><strong>firmationem</strong></span> <span class='ocrx_word' id='word_1_381' title='bbox 2521 1493 2635 1547; x_wconf 78' lang='lat' dir='ltr'><strong>fore</strong></span> <span class='ocrx_word' id='word_1_382' title='bbox 2697 1493 2792 1555; x_wconf 87' lang='lat' dir='ltr'><strong>ait,</strong></span> <span class='ocrx_word' id='word_1_383' title='bbox 2854 1501 2910 1544; x_wconf 92' lang='lat' dir='ltr'><strong>ut</strong></span> <span class='ocrx_word' id='word_1_384' title='bbox 2969 1491 3109 1544; x_wconf 87' lang='lat' dir='ltr'><strong>idem</strong></span> <span class='ocrx_word' id='word_1_385' title='bbox 3170 1489 3257 1541; x_wconf 91' lang='lat' dir='ltr'><strong>hic</strong></span> <span class='ocrx_word' id='word_1_386' title='bbox 3307 1486 3565 1541; x_wconf 89' lang='lat' dir='ltr'><strong>Christus</strong></span> <span class='ocrx_word' id='word_1_387' title='bbox 3608 1484 3673 1536; x_wconf 87' lang='lat' dir='ltr'><strong>ad</strong></span> 
     </span>
    </p>
   </div>
   <div class='ocr_carea' id='block_1_58' title="bbox 2093 1581 3678 1662">
    <p class='ocr_par' dir='ltr' id='par_1_58' title="bbox 2093 1581 3678 1662">
     <span class='ocr_line' id='line_1_58' title="bbox 2093 1581 3678 1662; baseline -0.012 -16"><span class='ocrx_word' id='word_1_388' title='bbox 2093 1593 2300 1662; x_wconf 88' lang='lat' dir='ltr'><strong>justam</strong></span> <span class='ocrx_word' id='word_1_389' title='bbox 2354 1587 2678 1643; x_wconf 86' lang='lat' dir='ltr'><strong>sententiam</strong></span> <span class='ocrx_word' id='word_1_390' title='bbox 2725 1587 2790 1639; x_wconf 86' lang='lat' dir='ltr'><strong>de</strong></span> <span class='ocrx_word' id='word_1_391' title='bbox 2845 1585 2975 1638; x_wconf 70' lang='lat' dir='ltr'><strong>orhe</strong></span> <span class='ocrx_word' id='word_1_392' title='bbox 3029 1581 3307 1636; x_wconf 80' lang='lat' dir='ltr'><strong>ferendam</strong></span> <span class='ocrx_word' id='word_1_393' title='bbox 3358 1593 3551 1632; x_wconf 89' lang='lat' dir='ltr'><strong>rursus</strong></span> <span class='ocrx_word' id='word_1_394' title='bbox 3586 1592 3678 1628; x_wconf 82' lang='lat' dir='ltr'><strong>ve-</strong></span> 
     </span>
    </p>
   </div>
   <div class='ocr_carea' id='block_1_59' title="bbox 2100 1675 3683 1752">
    <p class='ocr_par' dir='ltr' id='par_1_59' title="bbox 2100 1675 3683 1752">
     <span class='ocr_line' id='line_1_59' title="bbox 2100 1675 3683 1752; baseline -0.01 -14"><span class='ocrx_word' id='word_1_395' title='bbox 2100 1686 2237 1739; x_wconf 90' lang='lat' dir='ltr'><strong>niat.</strong></span> <span class='ocrx_word' id='word_1_396' title='bbox 2280 1681 2375 1737; x_wconf 78' lang='lat' dir='ltr'><strong>[iis</strong></span> <span class='ocrx_word' id='word_1_397' title='bbox 2423 1697 2592 1752; x_wconf 90' lang='lat' dir='ltr'><strong>porro</strong></span> <span class='ocrx_word' id='word_1_398' title='bbox 2648 1679 2832 1734; x_wconf 85' lang='lat' dir='ltr'><strong>verbis</strong></span> <span class='ocrx_word' id='word_1_399' title='bbox 2888 1675 3218 1739; x_wconf 89' lang='lat' dir='ltr'><strong>ostenditur,</strong></span> <span class='ocrx_word' id='word_1_400' title='bbox 3267 1675 3548 1728; x_wconf 81' lang='lat' dir='ltr'><strong>Christum</strong></span> <span class='ocrx_word' id='word_1_401' title='bbox 3597 1685 3683 1724; x_wconf 83' lang='lat' dir='ltr'><strong>sc—</strong></span> 
     </span>
    </p>
   </div>
   <div class='ocr_carea' id='block_1_60' title="bbox 2098 1759 3681 1838">
    <p class='ocr_par' dir='ltr' id='par_1_60' title="bbox 2098 1759 3681 1838">
     <span class='ocr_line' id='line_1_60' title="bbox 2098 1759 3681 1838; baseline -0.012 -8"><span class='ocrx_word' id='word_1_402' title='bbox 2098 1775 2341 1831; x_wconf 89' lang='lat' dir='ltr'><strong>cundum</strong></span> <span class='ocrx_word' id='word_1_403' title='bbox 2396 1772 2740 1827; x_wconf 83' lang='lat' dir='ltr'><strong>divinitatem</strong></span> <span class='ocrx_word' id='word_1_404' title='bbox 2789 1768 3127 1838; x_wconf 88' lang='lat' dir='ltr'><strong>tripartitum</strong></span> <span class='ocrx_word' id='word_1_405' title='bbox 3187 1775 3402 1834; x_wconf 89' lang='lat' dir='ltr'><strong>tempus</strong></span> <span class='ocrx_word' id='word_1_406' title='bbox 3458 1759 3681 1823; x_wconf 89' lang='lat' dir='ltr'><strong>habere,</strong></span> 
     </span>
    </p>
   </div>
   <div class='ocr_carea' id='block_1_61' title="bbox 2102 1849 3688 1933">
    <p class='ocr_par' dir='ltr' id='par_1_61' title="bbox 2102 1849 3688 1933">
     <span class='ocr_line' id='line_1_61' title="bbox 2102 1849 3688 1933; baseline -0.014 -9"><span class='ocrx_word' id='word_1_407' title='bbox 2102 1883 2205 1924; x_wconf 93' lang='lat' dir='ltr'><strong>nec</strong></span> <span class='ocrx_word' id='word_1_408' title='bbox 2238 1868 2432 1929; x_wconf 88' lang='lat' dir='ltr'><strong>alium,</strong></span> <span class='ocrx_word' id='word_1_409' title='bbox 2471 1875 2531 1919; x_wconf 91' lang='lat' dir='ltr'><strong>ut</strong></span> <span class='ocrx_word' id='word_1_410' title='bbox 2589 1863 2815 1933; x_wconf 84' lang='lat' dir='ltr'><strong>quidam</strong></span> <span class='ocrx_word' id='word_1_411' title='bbox 2857 1861 3183 1931; x_wconf 83' lang='lat' dir='ltr'><strong>opinantur,</strong></span> <span class='ocrx_word' id='word_1_412' title='bbox 3227 1863 3547 1914; x_wconf 81' lang='lat' dir='ltr'><strong>venturum,</strong></span> <span class='ocrx_word' id='word_1_413' title='bbox 3591 1849 3688 1904; x_wconf 87' lang='lat' dir='ltr'><strong>sed</strong></span> 
     </span>
    </p>
   </div>
   <div class='ocr_carea' id='block_1_62' title="bbox 2025 1930 3686 2030">
    <p class='ocr_par' dir='ltr' id='par_1_62' title="bbox 2025 1930 3686 2030">
     <span class='ocr_line' id='line_1_62' title="bbox 2025 1930 3686 2030; baseline -0.016 -11"><span class='ocrx_word' id='word_1_414' title='bbox 2025 1930 2068 1986; x_wconf 72' lang='grc' dir='ltr'><strong>Β</strong></span> <span class='ocrx_word' id='word_1_415' title='bbox 2100 1978 2226 2018; x_wconf 90' lang='lat' dir='ltr'><strong>eum</strong></span> <span class='ocrx_word' id='word_1_416' title='bbox 2263 1958 2353 2030; x_wconf 90' lang='lat' dir='ltr'><strong>qui</strong></span> <span class='ocrx_word' id='word_1_417' title='bbox 2395 1959 2564 2021; x_wconf 78' lang='lat' dir='ltr'><strong>venit,</strong></span> <span class='ocrx_word' id='word_1_418' title='bbox 2593 1958 2741 2011; x_wconf 91' lang='lat' dir='ltr'><strong>hunc</strong></span> <span class='ocrx_word' id='word_1_419' title='bbox 2777 1955 2955 2024; x_wconf 92' lang='lat' dir='ltr'><strong>ipsum</strong></span> <span class='ocrx_word' id='word_1_420' title='bbox 2989 1949 3138 2016; x_wconf 82' lang='lat' dir='ltr'><strong>esse,</strong></span> <span class='ocrx_word' id='word_1_421' title='bbox 3181 1950 3274 2017; x_wconf 89' lang='lat' dir='ltr'><strong>qui</strong></span> <span class='ocrx_word' id='word_1_422' title='bbox 3311 1947 3454 2010; x_wconf 90' lang='lat' dir='ltr'><strong>heri,</strong></span> <span class='ocrx_word' id='word_1_423' title='bbox 3491 1944 3544 1997; x_wconf 91' lang='lat' dir='ltr'><strong>id</strong></span> <span class='ocrx_word' id='word_1_424' title='bbox 3581 1951 3686 2005; x_wconf 89' lang='lat' dir='ltr'><strong>est,</strong></span> 
     </span>
    </p>
   </div>
   <div class='ocr_carea' id='block_1_63' title="bbox 2104 2037 3689 2123">
    <p class='ocr_par' dir='ltr' id='par_1_63' title="bbox 2104 2037 3689 2123">
     <span class='ocr_line' id='line_1_63' title="bbox 2104 2037 3689 2123; baseline -0.014 -16"><span class='ocrx_word' id='word_1_425' title='bbox 2104 2052 2378 2123; x_wconf 76' lang='lat' dir='ltr'><strong>praeterito</strong></span> <span class='ocrx_word' id='word_1_426' title='bbox 2426 2058 2668 2118; x_wconf 85' lang='lat' dir='ltr'><strong>tempore</strong></span> <span class='ocrx_word' id='word_1_427' title='bbox 2700 2054 2840 2108; x_wconf 88' lang='lat' dir='ltr'><strong>erat,</strong></span> <span class='ocrx_word' id='word_1_428' title='bbox 2891 2055 2943 2098; x_wconf 93' lang='lat' dir='ltr'><strong>et</strong></span> <span class='ocrx_word' id='word_1_429' title='bbox 2987 2041 3148 2096; x_wconf 88' lang='lat' dir='ltr'><strong>hodie</strong></span> <span class='ocrx_word' id='word_1_430' title='bbox 3195 2037 3498 2093; x_wconf 88' lang='lat' dir='ltr'><strong>secundum</strong></span> <span class='ocrx_word' id='word_1_431' title='bbox 3549 2049 3689 2102; x_wconf 76' lang='lat' dir='ltr'><strong>pra:-</strong></span> 
     </span>
    </p>
   </div>
   <div class='ocr_carea' id='block_1_64' title="bbox 2106 2125 3694 2210">
    <p class='ocr_par' dir='ltr' id='par_1_64' title="bbox 2106 2125 3694 2210">
     <span class='ocr_line' id='line_1_64' title="bbox 2106 2125 3694 2210; baseline -0.015 -10"><span class='ocrx_word' id='word_1_432' title='bbox 2106 2160 2233 2200; x_wconf 90' lang='lat' dir='ltr'><strong>sens</strong></span> <span class='ocrx_word' id='word_1_433' title='bbox 2299 2153 2514 2210; x_wconf 87' lang='lat' dir='ltr'><strong>tempus</strong></span> <span class='ocrx_word' id='word_1_434' title='bbox 2563 2148 2666 2203; x_wconf 89' lang='lat' dir='ltr'><strong>est,</strong></span> <span class='ocrx_word' id='word_1_435' title='bbox 2727 2146 2779 2191; x_wconf 87' lang='lat' dir='ltr'><strong>et</strong></span> <span class='ocrx_word' id='word_1_436' title='bbox 2825 2136 2979 2204; x_wconf 79' lang='lat' dir='ltr'><strong>juxta</strong></span> <span class='ocrx_word' id='word_1_437' title='bbox 3030 2131 3276 2186; x_wconf 78' lang='lat' dir='ltr'><strong>futurum</strong></span> <span class='ocrx_word' id='word_1_438' title='bbox 3333 2140 3545 2194; x_wconf 86' lang='lat' dir='ltr'><strong>tempus</strong></span> <span class='ocrx_word' id='word_1_439' title='bbox 3589 2125 3694 2176; x_wconf 86' lang='lat' dir='ltr'><strong>crit</strong></span> 
     </span>
    </p>
   </div>
   <div class='ocr_carea' id='block_1_65' title="bbox 2108 2217 3691 2297">
    <p class='ocr_par' dir='ltr' id='par_1_65' title="bbox 2108 2217 3691 2297">
     <span class='ocr_line' id='line_1_65' title="bbox 2108 2217 3691 2297; baseline -0.016 -6"><span class='ocrx_word' id='word_1_440' title='bbox 2108 2237 2161 2291; x_wconf 92' lang='lat' dir='ltr'><strong>in</strong></span> <span class='ocrx_word' id='word_1_441' title='bbox 2211 2234 2432 2290; x_wconf 60' lang='lat' dir='ltr'><strong>sarcula.</strong></span> <span class='ocrx_word' id='word_1_442' title='bbox 2494 2232 2614 2286; x_wconf 84' lang='lat' dir='ltr'><strong>Jam</strong></span> <span class='ocrx_word' id='word_1_443' title='bbox 2669 2245 2799 2280; x_wconf 81' lang='lat' dir='ltr'><strong>vero</strong></span> <span class='ocrx_word' id='word_1_444' title='bbox 2835 2227 2979 2297; x_wconf 88' lang='lat' dir='ltr'><strong>quod</strong></span> <span class='ocrx_word' id='word_1_445' title='bbox 3019 2227 3093 2280; x_wconf 89' lang='lat' dir='ltr'><strong>ait</strong></span> <span class='ocrx_word' id='word_1_446' title='bbox 3131 2219 3364 2292; x_wconf 53' lang='grc' dir='ltr'><strong>εδει(ιωί</strong></span> <span class='ocrx_word' id='word_1_447' title='bbox 3406 2217 3691 2271; x_wconf 71' lang='lat' dir='ltr'><strong>aII-uulnu-</strong></span> 
     </span>
    </p>
   </div>
   <div class='ocr_carea' id='block_1_66' title="bbox 2108 2309 3689 2393">
    <p class='ocr_par' dir='ltr' id='par_1_66' title="bbox 2108 2309 3689 2393">
     <span class='ocr_line' id='line_1_66' title="bbox 2108 2309 3689 2393; baseline -0.014 -10"><span class='ocrx_word' id='word_1_448' title='bbox 2108 2339 2219 2393; x_wconf 90' lang='lat' dir='ltr'><strong>tur,</strong></span> <span class='ocrx_word' id='word_1_449' title='bbox 2254 2338 2383 2390; x_wconf 91' lang='lat' dir='ltr'><strong>etc.,</strong></span> <span class='ocrx_word' id='word_1_450' title='bbox 2415 2326 2604 2379; x_wconf 88' lang='lat' dir='ltr'><strong>alludit</strong></span> <span class='ocrx_word' id='word_1_451' title='bbox 2645 2322 2710 2376; x_wconf 93' lang='lat' dir='ltr'><strong>ad</strong></span> <span class='ocrx_word' id='word_1_452' title='bbox 2756 2323 2984 2374; x_wconf 67' lang='lat' dir='ltr'><strong>Patr-um</strong></span> <span class='ocrx_word' id='word_1_453' title='bbox 3036 2319 3108 2371; x_wconf 89' lang='lat' dir='ltr'><strong>ita</strong></span> <span class='ocrx_word' id='word_1_454' title='bbox 3158 2317 3211 2367; x_wconf 93' lang='lat' dir='ltr'><strong>in</strong></span> <span class='ocrx_word' id='word_1_455' title='bbox 3255 2314 3439 2383; x_wconf 84' lang='lat' dir='ltr'><strong>priore</strong></span> <span class='ocrx_word' id='word_1_456' title='bbox 3473 2311 3537 2362; x_wconf 88' lang='lat' dir='ltr'><strong>ad</strong></span> <span class='ocrx_word' id='word_1_457' title='bbox 3569 2309 3689 2364; x_wconf 88' lang='lat' dir='ltr'><strong>Co-</strong></span> 
     </span>
    </p>
   </div>
   <div class='ocr_carea' id='block_1_67' title="bbox 2112 2403 3690 2490">
    <p class='ocr_par' dir='ltr' id='par_1_67' title="bbox 2112 2403 3690 2490">
     <span class='ocr_line' id='line_1_67' title="bbox 2112 2403 3690 2490; baseline -0.018 -11"><span class='ocrx_word' id='word_1_458' title='bbox 2112 2425 2350 2480; x_wconf 91' lang='lat' dir='ltr'><strong>rinthios</strong></span> <span class='ocrx_word' id='word_1_459' title='bbox 2403 2418 2643 2490; x_wconf 83' lang='lat' dir='ltr'><strong>Epistola</strong></span> <span class='ocrx_word' id='word_1_460' title='bbox 2707 2417 3022 2485; x_wconf 86' lang='lat' dir='ltr'><strong>loquentem</strong></span> <span class='ocrx_word' id='word_1_461' title='bbox 3089 2426 3104 2465; x_wconf 87' lang='lat'><strong>:</strong></span> <span class='ocrx_word' id='word_1_462' title='bbox 3171 2405 3283 2459; x_wconf 79' lang='lat' dir='ltr'><strong>Nos</strong></span> <span class='ocrx_word' id='word_1_463' title='bbox 3336 2403 3690 2472; x_wconf 69' lang='lat' dir='ltr'><strong>praedicamus</strong></span> 
     </span>
    </p>
   </div>
   <div class='ocr_carea' id='block_1_68' title="bbox 2111 2493 3688 2578">
    <p class='ocr_par' dir='ltr' id='par_1_68' title="bbox 2111 2493 3688 2578">
     <span class='ocr_line' id='line_1_68' title="bbox 2111 2493 3688 2578; baseline -0.019 -7"><span class='ocrx_word' id='word_1_464' title='bbox 2111 2517 2381 2570; x_wconf 80' lang='lat' dir='ltr'><strong>Christum</strong></span> <span class='ocrx_word' id='word_1_465' title='bbox 2428 2510 2747 2578; x_wconf 72' lang='lat' dir='ltr'><strong>cruciﬁxum</strong></span> <span class='ocrx_word' id='word_1_466' title='bbox 2776 2547 2788 2571; x_wconf 89' lang='lat'><strong>,</strong></span> <span class='ocrx_word' id='word_1_467' title='bbox 2830 2503 3038 2558; x_wconf 69' lang='lat' dir='ltr'><strong>Judatis</strong></span> <span class='ocrx_word' id='word_1_468' title='bbox 3087 2500 3297 2571; x_wconf 85' lang='lat' dir='ltr'><strong>quidem</strong></span> <span class='ocrx_word' id='word_1_469' title='bbox 3345 2493 3688 2554; x_wconf 72' lang='lat' dir='ltr'><strong>scandaium,</strong></span> 
     </span>
    </p>
   </div>
   <div class='ocr_carea' id='block_1_69' title="bbox 2111 2588 3691 2682">
    <p class='ocr_par' dir='ltr' id='par_1_69' title="bbox 2111 2588 3691 2682">
     <span class='ocr_line' id='line_1_69' title="bbox 2111 2588 3691 2682; baseline -0.021 -15"><span class='ocrx_word' id='word_1_470' title='bbox 2111 2611 2350 2682; x_wconf 81' lang='lat' dir='ltr'><strong>gentibus</strong></span> <span class='ocrx_word' id='word_1_471' title='bbox 2407 2615 2588 2659; x_wconf 85' lang='lat' dir='ltr'><strong>autem</strong></span> <span class='ocrx_word' id='word_1_472' title='bbox 2634 2601 2925 2656; x_wconf 76' lang='lat' dir='ltr'><strong>stultitiam</strong></span> <span class='ocrx_word' id='word_1_473' title='bbox 2977 2596 3045 2649; x_wconf 64' lang='lat'><strong>&#39;9.</strong></span> <span class='ocrx_word' id='word_1_474' title='bbox 3105 2591 3282 2646; x_wconf 71' lang='lat' dir='ltr'><strong>Judzci</strong></span> <span class='ocrx_word' id='word_1_475' title='bbox 3336 2588 3537 2641; x_wconf 89' lang='lat' dir='ltr'><strong>etenim</strong></span> <span class='ocrx_word' id='word_1_476' title='bbox 3597 2597 3691 2635; x_wconf 89' lang='lat' dir='ltr'><strong>ac-</strong></span> 
     </span>
    </p>
   </div>
   <div class='ocr_carea' id='block_1_70' title="bbox 2112 2675 3686 2774">
    <p class='ocr_par' dir='ltr' id='par_1_70' title="bbox 2112 2675 3686 2774">
     <span class='ocr_line' id='line_1_70' title="bbox 2112 2675 3686 2774; baseline -0.022 -14"><span class='ocrx_word' id='word_1_477' title='bbox 2112 2703 2283 2774; x_wconf 89' lang='lat' dir='ltr'><strong>ceptis</strong></span> <span class='ocrx_word' id='word_1_478' title='bbox 2345 2697 2630 2754; x_wconf 90' lang='lat' dir='ltr'><strong>miraculis</strong></span> <span class='ocrx_word' id='word_1_479' title='bbox 2695 2691 3149 2750; x_wconf 71' lang='lat' dir='ltr'><strong>oﬂ‘endebantur,</strong></span> <span class='ocrx_word' id='word_1_480' title='bbox 3195 2685 3260 2739; x_wconf 87' lang='lat' dir='ltr'><strong>ad</strong></span> <span class='ocrx_word' id='word_1_481' title='bbox 3309 2693 3525 2736; x_wconf 89' lang='lat' dir='ltr'><strong>carnem</strong></span> <span class='ocrx_word' id='word_1_482' title='bbox 3582 2675 3686 2774; x_wconf 67' lang='lat' dir='ltr'><strong>int-</strong></span> 
     </span>
    </p>
   </div>
   <div class='ocr_carea' id='block_1_71' title="bbox 2114 2763 3690 2866">
    <p class='ocr_par' dir='ltr' id='par_1_71' title="bbox 2114 2763 3690 2866">
     <span class='ocr_line' id='line_1_71' title="bbox 2114 2763 3690 2866; baseline -0.022 -17"><span class='ocrx_word' id='word_1_483' title='bbox 2114 2763 2401 2866; x_wconf 77' lang='lat' dir='ltr'><strong>pingentes</strong></span> <span class='ocrx_word' id='word_1_484' title='bbox 2454 2805 2466 2840; x_wconf 89' lang='lat'>:</span> <span class='ocrx_word' id='word_1_485' title='bbox 2537 2786 2769 2856; x_wconf 77' lang='lat' dir='ltr'><strong>gentiles</strong></span> <span class='ocrx_word' id='word_1_486' title='bbox 2824 2790 3002 2835; x_wconf 88' lang='lat' dir='ltr'><strong>autem</strong></span> <span class='ocrx_word' id='word_1_487' title='bbox 3060 2769 3462 2845; x_wconf 72' lang='lat' dir='ltr'><strong>prmdieationis</strong></span> <span class='ocrx_word' id='word_1_488' title='bbox 3511 2763 3690 2866; x_wconf 47' lang='lat' dir='ltr'><strong>excolo.</strong></span> 
     </span>
    </p>
   </div>
   <div class='ocr_carea' id='block_1_72' title="bbox 2118 2853 3694 2946">
    <p class='ocr_par' dir='ltr' id='par_1_72' title="bbox 2118 2853 3694 2946">
     <span class='ocr_line' id='line_1_72' title="bbox 2118 2853 3694 2946; baseline -0.023 -4"><span class='ocrx_word' id='word_1_489' title='bbox 2118 2853 2341 2942; x_wconf 81' lang='lat' dir='ltr'><strong>ientiam</strong></span> <span class='ocrx_word' id='word_1_490' title='bbox 2366 2892 2568 2939; x_wconf 89' lang='lat' dir='ltr'><strong>natura</strong></span> <span class='ocrx_word' id='word_1_491' title='bbox 2595 2876 2934 2946; x_wconf 87' lang='lat' dir='ltr'><strong>superiorem</strong></span> <span class='ocrx_word' id='word_1_492' title='bbox 2971 2868 3298 2928; x_wconf 89' lang='lat' dir='ltr'><strong>irridehant,</strong></span> <span class='ocrx_word' id='word_1_493' title='bbox 3328 2873 3522 2930; x_wconf 87' lang='lat' dir='ltr'><strong>nempe</strong></span> <span class='ocrx_word' id='word_1_494' title='bbox 3549 2853 3694 2926; x_wconf 86' lang='lat' dir='ltr'><strong>quod</strong></span> 
     </span>
    </p>
   </div>
   <div class='ocr_carea' id='block_1_73' title="bbox 2120 2956 3698 3037">
    <p class='ocr_par' dir='ltr' id='par_1_73' title="bbox 2120 2956 3698 3037">
     <span class='ocr_line' id='line_1_73' title="bbox 2120 2956 3698 3037; baseline -0.025 1"><span class='ocrx_word' id='word_1_495' title='bbox 2120 2983 2263 3037; x_wconf 82' lang='lat' dir='ltr'><strong>Deus</strong></span> <span class='ocrx_word' id='word_1_496' title='bbox 2303 2981 2470 3034; x_wconf 92' lang='lat' dir='ltr'><strong>homo</strong></span> <span class='ocrx_word' id='word_1_497' title='bbox 2508 2975 2688 3030; x_wconf 78' lang='lat' dir='ltr'><strong>iactus</strong></span> <span class='ocrx_word' id='word_1_498' title='bbox 2721 2978 2886 3032; x_wconf 80' lang='lat' dir='ltr'><strong>esset,</strong></span> <span class='ocrx_word' id='word_1_499' title='bbox 2912 2965 3054 3036; x_wconf 89' lang='lat' dir='ltr'><strong>quod</strong></span> <span class='ocrx_word' id='word_1_500' title='bbox 3092 2956 3420 3016; x_wconf 86' lang='lat' dir='ltr'><strong>immortalis</strong></span> <span class='ocrx_word' id='word_1_501' title='bbox 3467 2961 3698 3007; x_wconf 88' lang='lat' dir='ltr'><strong>mortem</strong></span> 
     </span>
    </p>
   </div>
   <div class='ocr_carea' id='block_1_74' title="bbox 2119 3053 3699 3136">
    <p class='ocr_par' dir='ltr' id='par_1_74' title="bbox 2119 3053 3699 3136">
     <span class='ocr_line' id='line_1_74' title="bbox 2119 3053 3699 3136; baseline -0.025 -2"><span class='ocrx_word' id='word_1_502' title='bbox 2119 3076 2399 3136; x_wconf 88' lang='lat' dir='ltr'><strong>subiisset,</strong></span> <span class='ocrx_word' id='word_1_503' title='bbox 2420 3080 2729 3136; x_wconf 71' lang='lat' dir='ltr'><strong>caeteraque</strong></span> <span class='ocrx_word' id='word_1_504' title='bbox 2751 3061 2996 3134; x_wconf 83' lang='lat' dir='ltr'><strong>ejusdem</strong></span> <span class='ocrx_word' id='word_1_505' title='bbox 3021 3057 3278 3129; x_wconf 85' lang='lat' dir='ltr'><strong>generis;</strong></span> <span class='ocrx_word' id='word_1_506' title='bbox 3305 3053 3498 3120; x_wconf 79' lang='lat' dir='ltr'><strong>linguae</strong></span> <span class='ocrx_word' id='word_1_507' title='bbox 3517 3054 3699 3100; x_wconf 86' lang='lat' dir='ltr'><strong>autem</strong></span> 
     </span>
    </p>
   </div>
   <div class='ocr_carea' id='block_1_75' title="bbox 2123 3148 3702 3242">
    <p class='ocr_par' dir='ltr' id='par_1_75' title="bbox 2123 3148 3702 3242">
     <span class='ocr_line' id='line_1_75' title="bbox 2123 3148 3702 3242; baseline -0.025 -15"><span class='ocrx_word' id='word_1_508' title='bbox 2123 3171 2490 3242; x_wconf 83' lang='lat' dir='ltr'><strong>pruriginem,</strong></span> <span class='ocrx_word' id='word_1_509' title='bbox 2542 3161 2784 3233; x_wconf 78' lang='lat' dir='ltr'><strong>prolixas</strong></span> <span class='ocrx_word' id='word_1_510' title='bbox 2822 3155 3117 3224; x_wconf 88' lang='lat' dir='ltr'><strong>impiorum</strong></span> <span class='ocrx_word' id='word_1_511' title='bbox 3162 3148 3477 3216; x_wconf 78' lang='lat' dir='ltr'><strong>dogmatum</strong></span> <span class='ocrx_word' id='word_1_512' title='bbox 3530 3152 3702 3242; x_wconf 74' lang='lat' dir='ltr'><strong>nugas</strong></span> 
     </span>
    </p>
   </div>
   <div class='ocr_carea' id='block_1_76' title="bbox 2121 3231 3703 3318">
    <p class='ocr_par' dir='ltr' id='par_1_76' title="bbox 2121 3231 3703 3318">
     <span class='ocr_line' id='line_1_76' title="bbox 2121 3231 3703 3318; baseline -0.025 0"><span class='ocrx_word' id='word_1_513' title='bbox 2121 3231 2174 3318; x_wconf 54' lang='lat' dir='ltr'><strong>Cl</strong></span> <span class='ocrx_word' id='word_1_514' title='bbox 2208 3231 2566 3316; x_wconf 78' lang='lat' dir='ltr'><strong>deliramenta</strong></span> <span class='ocrx_word' id='word_1_515' title='bbox 2618 3258 2801 3304; x_wconf 63' lang='grc' dir='ltr'><strong>νοητή.</strong></span> <span class='ocrx_word' id='word_1_516' title='bbox 2845 3244 2998 3299; x_wconf 82' lang='lat' dir='ltr'><strong>Tunc</strong></span> <span class='ocrx_word' id='word_1_517' title='bbox 3046 3252 3225 3294; x_wconf 81' lang='lat' dir='ltr'><strong>autem</strong></span> <span class='ocrx_word' id='word_1_518' title='bbox 3267 3236 3493 3291; x_wconf 85' lang='lat' dir='ltr'><strong>credent</strong></span> <span class='ocrx_word' id='word_1_519' title='bbox 3530 3231 3703 3283; x_wconf 66' lang='grc' dir='ltr'>ἰητρ-</span> 
     </span>
    </p>
   </div>
   <div class='ocr_carea' id='block_1_77' title="bbox 2124 3321 3676 3418">
    <p class='ocr_par' dir='ltr' id='par_1_77' title="bbox 2124 3321 3676 3418">
     <span class='ocr_line' id='line_1_77' title="bbox 2124 3321 3676 3418; baseline -0.023 -11"><span class='ocrx_word' id='word_1_520' title='bbox 2124 3353 2238 3418; x_wconf 91' lang='lat' dir='ltr'><strong>tici,</strong></span> <span class='ocrx_word' id='word_1_521' title='bbox 2265 3363 2388 3404; x_wconf 92' lang='lat' dir='ltr'><strong>cum</strong></span> <span class='ocrx_word' id='word_1_522' title='bbox 2413 3341 2740 3401; x_wconf 89' lang='lat' dir='ltr'><strong>certissimis</strong></span> <span class='ocrx_word' id='word_1_523' title='bbox 2781 3333 3122 3407; x_wconf 78' lang='lat' dir='ltr'><strong>argumentis</strong></span> <span class='ocrx_word' id='word_1_524' title='bbox 3164 3331 3298 3384; x_wconf 82' lang='lat' dir='ltr'><strong>ﬁdes</strong></span> <span class='ocrx_word' id='word_1_525' title='bbox 3330 3325 3460 3396; x_wconf 84' lang='lat' dir='ltr'><strong>ipsis</strong></span> <span class='ocrx_word' id='word_1_526' title='bbox 3483 3321 3676 3376; x_wconf 81' lang='lat' dir='ltr'><strong>adstru</strong></span> 
     </span>
    </p>
   </div>
   <div class='ocr_carea' id='block_1_78' title="bbox 2123 3419 3708 3501">
    <p class='ocr_par' dir='ltr' id='par_1_78' title="bbox 2123 3419 3708 3501">
     <span class='ocr_line' id='line_1_78' title="bbox 2123 3419 3708 3501; baseline -0.023 -2"><span class='ocrx_word' id='word_1_527' title='bbox 2123 3454 2208 3499; x_wconf 90' lang='lat' dir='ltr'><strong>cta</strong></span> <span class='ocrx_word' id='word_1_528' title='bbox 2240 3441 2424 3501; x_wconf 84' lang='lat' dir='ltr'><strong>fuerit.</strong></span> <span class='ocrx_word' id='word_1_529' title='bbox 2479 3435 2760 3492; x_wconf 86' lang='lat' dir='ltr'><strong>Christum</strong></span> <span class='ocrx_word' id='word_1_530' title='bbox 2808 3445 2935 3485; x_wconf 91' lang='lat' dir='ltr'><strong>cum</strong></span> <span class='ocrx_word' id='word_1_531' title='bbox 2994 3441 3159 3482; x_wconf 87' lang='lat' dir='ltr'><strong>carne</strong></span> <span class='ocrx_word' id='word_1_532' title='bbox 3191 3423 3244 3477; x_wconf 94' lang='lat' dir='ltr'><strong>in</strong></span> <span class='ocrx_word' id='word_1_533' title='bbox 3271 3419 3474 3474; x_wconf 71' lang='lat' dir='ltr'><strong>cmlum</strong></span> <span class='ocrx_word' id='word_1_534' title='bbox 3516 3427 3708 3468; x_wconf 82' lang='lat' dir='ltr'><strong>ascen-</strong></span> 
     </span>
    </p>
   </div>
   <div class='ocr_carea' id='block_1_79' title="bbox 2123 3507 3708 3596">
    <p class='ocr_par' dir='ltr' id='par_1_79' title="bbox 2123 3507 3708 3596">
     <span class='ocr_line' id='line_1_79' title="bbox 2123 3507 3708 3596; baseline -0.02 -5"><span class='ocrx_word' id='word_1_535' title='bbox 2123 3537 2288 3591; x_wconf 85' lang='lat' dir='ltr'><strong>disse.</strong></span> <span class='ocrx_word' id='word_1_536' title='bbox 2325 3531 2414 3587; x_wconf 91' lang='lat' dir='ltr'><strong>Sic</strong></span> <span class='ocrx_word' id='word_1_537' title='bbox 2458 3530 2603 3585; x_wconf 91' lang='lat' dir='ltr'><strong>enim</strong></span> <span class='ocrx_word' id='word_1_538' title='bbox 2663 3527 2778 3596; x_wconf 89' lang='lat' dir='ltr'><strong>ipse</strong></span> <span class='ocrx_word' id='word_1_539' title='bbox 2819 3520 3094 3594; x_wconf 83' lang='lat' dir='ltr'><strong>pollicitus</strong></span> <span class='ocrx_word' id='word_1_540' title='bbox 3124 3527 3228 3579; x_wconf 88' lang='lat' dir='ltr'><strong>est,</strong></span> <span class='ocrx_word' id='word_1_541' title='bbox 3261 3514 3455 3568; x_wconf 89' lang='lat' dir='ltr'><strong>dicens</strong></span> <span class='ocrx_word' id='word_1_542' title='bbox 3504 3527 3518 3564; x_wconf 88' lang='lat'><strong>:</strong></span> <span class='ocrx_word' id='word_1_543' title='bbox 3573 3507 3708 3560; x_wconf 86' lang='lat' dir='ltr'><strong>Cum</strong></span> 
     </span>
    </p>
   </div>
   <div class='ocr_carea' id='block_1_80' title="bbox 2123 3602 3709 3695">
    <p class='ocr_par' dir='ltr' id='par_1_80' title="bbox 2123 3602 3709 3695">
     <span class='ocr_line' id='line_1_80' title="bbox 2123 3602 3709 3695; baseline -0.02 -11"><span class='ocrx_word' id='word_1_544' title='bbox 2123 3631 2394 3684; x_wconf 77' lang='lat' dir='ltr'><strong>exaltatus</strong></span> <span class='ocrx_word' id='word_1_545' title='bbox 2429 3627 2600 3695; x_wconf 76' lang='lat' dir='ltr'><strong>fuero,</strong></span> <span class='ocrx_word' id='word_1_546' title='bbox 2629 3621 2807 3674; x_wconf 87' lang='lat' dir='ltr'><strong>omnia</strong></span> <span class='ocrx_word' id='word_1_547' title='bbox 2833 3617 3044 3670; x_wconf 79' lang='lat' dir='ltr'><strong>traham</strong></span> <span class='ocrx_word' id='word_1_548' title='bbox 3068 3613 3137 3666; x_wconf 90' lang='lat' dir='ltr'><strong>ad</strong></span> <span class='ocrx_word' id='word_1_549' title='bbox 3166 3611 3417 3678; x_wconf 85' lang='lat' dir='ltr'><strong>meipsum</strong></span> <span class='ocrx_word' id='word_1_550' title='bbox 3445 3606 3508 3657; x_wconf 82' lang='grc' dir='ltr'><strong>³ο.</strong></span> <span class='ocrx_word' id='word_1_551' title='bbox 3553 3602 3709 3670; x_wconf 89' lang='lat' dir='ltr'><strong>Quod</strong></span> 
     </span>
    </p>
   </div>
   <div class='ocr_carea' id='block_1_81' title="bbox 2126 3691 3711 3784">
    <p class='ocr_par' dir='ltr' id='par_1_81' title="bbox 2126 3691 3711 3784">
     <span class='ocr_line' id='line_1_81' title="bbox 2126 3691 3711 3784; baseline -0.02 -9"><span class='ocrx_word' id='word_1_552' title='bbox 2126 3721 2171 3776; x_wconf 90' lang='lat' dir='ltr'><strong>si</strong></span> <span class='ocrx_word' id='word_1_553' title='bbox 2222 3735 2290 3772; x_wconf 90' lang='lat' dir='ltr'><strong>ne</strong></span> <span class='ocrx_word' id='word_1_554' title='bbox 2349 3691 2466 3772; x_wconf 84' lang='lat' dir='ltr'><strong>tum</strong></span> <span class='ocrx_word' id='word_1_555' title='bbox 2522 3713 2772 3784; x_wconf 88' lang='lat' dir='ltr'><strong>quidem,</strong></span> <span class='ocrx_word' id='word_1_556' title='bbox 2825 3716 2882 3762; x_wconf 88' lang='lat' dir='ltr'><strong>at</strong></span> <span class='ocrx_word' id='word_1_557' title='bbox 2922 3712 3076 3760; x_wconf 86' lang='lat' dir='ltr'><strong>certe</strong></span> <span class='ocrx_word' id='word_1_558' title='bbox 3136 3715 3260 3755; x_wconf 89' lang='lat' dir='ltr'><strong>cum</strong></span> <span class='ocrx_word' id='word_1_559' title='bbox 3307 3695 3472 3766; x_wconf 73' lang='lat' dir='ltr'><strong>judes</strong></span> <span class='ocrx_word' id='word_1_560' title='bbox 3516 3691 3711 3745; x_wconf 69' lang='lat' dir='ltr'><strong>ecoelo</strong></span> 
     </span>
    </p>
   </div>
   <div class='ocr_carea' id='block_1_82' title="bbox 2128 3784 3713 3867">
    <p class='ocr_par' dir='ltr' id='par_1_82' title="bbox 2128 3784 3713 3867">
     <span class='ocr_line' id='line_1_82' title="bbox 2128 3784 3713 3867; baseline -0.019 0"><span class='ocrx_word' id='word_1_561' title='bbox 2128 3808 2499 3867; x_wconf 88' lang='lat' dir='ltr'><strong>descenderit.</strong></span> <span class='ocrx_word' id='word_1_562' title='bbox 2543 3803 2678 3858; x_wconf 80' lang='lat' dir='ltr'><strong>Nam</strong></span> <span class='ocrx_word' id='word_1_563' title='bbox 2717 3816 2840 3856; x_wconf 90' lang='lat' dir='ltr'><strong>cum</strong></span> <span class='ocrx_word' id='word_1_564' title='bbox 2898 3799 3014 3852; x_wconf 70' lang='lat' dir='ltr'><strong>haec</strong></span> <span class='ocrx_word' id='word_1_565' title='bbox 3060 3795 3170 3850; x_wconf 90' lang='lat' dir='ltr'><strong>duo</strong></span> <span class='ocrx_word' id='word_1_566' title='bbox 3209 3805 3334 3845; x_wconf 87' lang='lat' dir='ltr'><strong>cum</strong></span> <span class='ocrx_word' id='word_1_567' title='bbox 3382 3784 3713 3842; x_wconf 81' lang='lat' dir='ltr'><strong>adversariis</strong></span> 
     </span>
    </p>
   </div>
   <div class='ocr_carea' id='block_1_83' title="bbox 2129 3876 3708 3964">
    <p class='ocr_par' dir='ltr' id='par_1_83' title="bbox 2129 3876 3708 3964">
     <span class='ocr_line' id='line_1_83' title="bbox 2129 3876 3708 3964; baseline -0.02 -4"><span class='ocrx_word' id='word_1_568' title='bbox 2129 3910 2361 3964; x_wconf 88' lang='lat' dir='ltr'><strong>certent,</strong></span> <span class='ocrx_word' id='word_1_569' title='bbox 2404 3899 2488 3952; x_wconf 84' lang='lat' dir='ltr'><strong>vis</strong></span> <span class='ocrx_word' id='word_1_570' title='bbox 2531 3895 2791 3951; x_wconf 91' lang='lat' dir='ltr'><strong>nimirum</strong></span> <span class='ocrx_word' id='word_1_571' title='bbox 2848 3905 2913 3944; x_wconf 88' lang='lat' dir='ltr'><strong>ac</strong></span> <span class='ocrx_word' id='word_1_572' title='bbox 2949 3884 3255 3959; x_wconf 83' lang='lat' dir='ltr'><strong>persuasio.</strong></span> <span class='ocrx_word' id='word_1_573' title='bbox 3297 3882 3342 3936; x_wconf 87' lang='lat' dir='ltr'><strong>si</strong></span> <span class='ocrx_word' id='word_1_574' title='bbox 3385 3879 3610 3948; x_wconf 79' lang='lat' dir='ltr'><strong>quidem</strong></span> <span class='ocrx_word' id='word_1_575' title='bbox 3655 3876 3708 3928; x_wconf 91' lang='lat' dir='ltr'><strong>in</strong></span> 
     </span>
    </p>
   </div>
   <div class='ocr_carea' id='block_1_84' title="bbox 2132 3969 3719 4053">
    <p class='ocr_par' dir='ltr' id='par_1_84' title="bbox 2132 3969 3719 4053">
     <span class='ocr_line' id='line_1_84' title="bbox 2132 3969 3719 4053; baseline -0.02 -2"><span class='ocrx_word' id='word_1_576' title='bbox 2132 3999 2236 4051; x_wconf 89' lang='lat' dir='ltr'><strong>hac</strong></span> <span class='ocrx_word' id='word_1_577' title='bbox 2263 3996 2372 4047; x_wconf 88' lang='lat' dir='ltr'><strong>vita</strong></span> <span class='ocrx_word' id='word_1_578' title='bbox 2425 3988 2731 4045; x_wconf 86' lang='lat' dir='ltr'><strong>rationibus</strong></span> <span class='ocrx_word' id='word_1_579' title='bbox 2771 3993 2936 4053; x_wconf 91' lang='lat' dir='ltr'><strong>atque</strong></span> <span class='ocrx_word' id='word_1_580' title='bbox 2991 3975 3333 4048; x_wconf 78' lang='lat' dir='ltr'><strong>argumentis</strong></span> <span class='ocrx_word' id='word_1_581' title='bbox 3387 3972 3454 4026; x_wconf 89' lang='lat' dir='ltr'><strong>ad</strong></span> <span class='ocrx_word' id='word_1_582' title='bbox 3489 3969 3719 4024; x_wconf 87' lang='lat' dir='ltr'><strong>creden-</strong></span> 
     </span>
    </p>
   </div>
   <div class='ocr_carea' id='block_1_85' title="bbox 2133 4060 3717 4143">
    <p class='ocr_par' dir='ltr' id='par_1_85' title="bbox 2133 4060 3717 4143">
     <span class='ocr_line' id='line_1_85' title="bbox 2133 4060 3717 4143; baseline -0.019 -1"><span class='ocrx_word' id='word_1_583' title='bbox 2133 4088 2262 4143; x_wconf 89' lang='lat' dir='ltr'><strong>dum</strong></span> <span class='ocrx_word' id='word_1_584' title='bbox 2317 4081 2556 4140; x_wconf 63' lang='lat' dir='ltr'><strong>haeretici</strong></span> <span class='ocrx_word' id='word_1_585' title='bbox 2617 4093 2727 4133; x_wconf 94' lang='lat' dir='ltr'><strong>non</strong></span> <span class='ocrx_word' id='word_1_586' title='bbox 2789 4076 3176 4133; x_wconf 91' lang='lat' dir='ltr'><strong>adducantur,</strong></span> <span class='ocrx_word' id='word_1_587' title='bbox 3234 4069 3292 4122; x_wconf 90' lang='lat' dir='ltr'><strong>in</strong></span> <span class='ocrx_word' id='word_1_588' title='bbox 3334 4074 3579 4120; x_wconf 79' lang='lat' dir='ltr'><strong>extremo</strong></span> <span class='ocrx_word' id='word_1_589' title='bbox 3627 4060 3717 4112; x_wconf 88' lang='lat' dir='ltr'><strong>die</strong></span> 
     </span>
    </p>
   </div>
   <div class='ocr_carea' id='block_1_86' title="bbox 2135 4153 3720 4245">
    <p class='ocr_par' dir='ltr' id='par_1_86' title="bbox 2135 4153 3720 4245">
     <span class='ocr_line' id='line_1_86' title="bbox 2135 4153 3720 4245; baseline -0.019 -11"><span class='ocrx_word' id='word_1_590' title='bbox 2135 4180 2301 4234; x_wconf 88' lang='lat' dir='ltr'><strong>rebus</strong></span> <span class='ocrx_word' id='word_1_591' title='bbox 2327 4175 2461 4245; x_wconf 88' lang='lat' dir='ltr'><strong>ipsis</strong></span> <span class='ocrx_word' id='word_1_592' title='bbox 2507 4179 2772 4244; x_wconf 90' lang='lat' dir='ltr'><strong>cogentur</strong></span> <span class='ocrx_word' id='word_1_593' title='bbox 2809 4184 2824 4222; x_wconf 89' lang='lat'><strong>:</strong></span> <span class='ocrx_word' id='word_1_594' title='bbox 2869 4181 2992 4222; x_wconf 92' lang='lat' dir='ltr'><strong>cum</strong></span> <span class='ocrx_word' id='word_1_595' title='bbox 3033 4163 3135 4235; x_wconf 83' lang='lat' dir='ltr'><strong>ipsi</strong></span> <span class='ocrx_word' id='word_1_596' title='bbox 3177 4173 3340 4216; x_wconf 90' lang='lat' dir='ltr'><strong>omne</strong></span> <span class='ocrx_word' id='word_1_597' title='bbox 3373 4172 3536 4227; x_wconf 69' lang='lat' dir='ltr'><strong>genu,</strong></span> <span class='ocrx_word' id='word_1_598' title='bbox 3591 4153 3720 4206; x_wconf 78' lang='lat' dir='ltr'><strong>velit</strong></span> 
     </span>
    </p>
   </div>
   <div class='ocr_carea' id='block_1_87' title="bbox 2136 4264 2678 4335">
    <p class='ocr_par' dir='ltr' id='par_1_87' title="bbox 2136 4264 2678 4335">
     <span class='ocr_line' id='line_1_87' title="bbox 2136 4264 2678 4335; baseline -0.017 -9"><span class='ocrx_word' id='word_1_599' title='bbox 2136 4271 2296 4335; x_wconf 89' lang='lat' dir='ltr'><strong>nolit,</strong></span> <span class='ocrx_word' id='word_1_600' title='bbox 2333 4267 2581 4323; x_wconf 82' lang='lat' dir='ltr'><strong>ﬂectetur</strong></span> <span class='ocrx_word' id='word_1_601' title='bbox 2609 4264 2678 4317; x_wconf 86' lang='grc'><strong>³¹.</strong></span> 
     </span>
    </p>
   </div>
   <div class='ocr_carea' id='block_1_88' title="bbox 2210 4336 3724 4421">
    <p class='ocr_par' dir='ltr' id='par_1_88' title="bbox 2210 4336 3724 4421">
     <span class='ocr_line' id='line_1_88' title="bbox 2210 4336 3724 4421; baseline -0.018 -5"><span class='ocrx_word' id='word_1_602' title='bbox 2210 4362 2345 4418; x_wconf 88' lang='lat' dir='ltr'><strong>Ibid.</strong></span> <span class='ocrx_word' id='word_1_603' title='bbox 2373 4360 2437 4415; x_wconf 89' lang='lat' dir='ltr'><strong>C.</strong></span> <span class='ocrx_word' id='word_1_604' title='bbox 2479 4358 2675 4413; x_wconf 86' lang='lat' dir='ltr'><strong>Verum</strong></span> <span class='ocrx_word' id='word_1_605' title='bbox 2707 4355 2816 4408; x_wconf 81' lang='lat' dir='ltr'><strong>hrec</strong></span> <span class='ocrx_word' id='word_1_606' title='bbox 2835 4351 3118 4421; x_wconf 85' lang='lat' dir='ltr'><strong>posterius.</strong></span> <span class='ocrx_word' id='word_1_607' title='bbox 3157 4345 3316 4402; x_wconf 86' lang='lat' dir='ltr'><strong>Nunc</strong></span> <span class='ocrx_word' id='word_1_608' title='bbox 3348 4352 3524 4396; x_wconf 87' lang='lat' dir='ltr'><strong>autem</strong></span> <span class='ocrx_word' id='word_1_609' title='bbox 3557 4336 3598 4393; x_wconf 85' lang='grc' dir='ltr'><em>Τ</em></span> <span class='ocrx_word' id='word_1_610' title='bbox 3602 4337 3724 4389; x_wconf 71' lang='grc' dir='ltr'><strong>Ιιτο-</strong></span> 
     </span>
    </p>
   </div>
   <div class='ocr_carea' id='block_1_89' title="bbox 2141 4434 3719 4528">
    <p class='ocr_par' dir='ltr' id='par_1_89' title="bbox 2141 4434 3719 4528">
     <span class='ocr_line' id='line_1_89' title="bbox 2141 4434 3719 4528; baseline -0.017 -19"><span class='ocrx_word' id='word_1_611' title='bbox 2141 4457 2358 4528; x_wconf 79' lang='lat' dir='ltr'><strong>phania,</strong></span> <span class='ocrx_word' id='word_1_612' title='bbox 2387 4464 2492 4508; x_wconf 89' lang='lat' dir='ltr'><strong>etc.</strong></span> <span class='ocrx_word' id='word_1_613' title='bbox 2535 4451 2736 4505; x_wconf 81' lang='lat' dir='ltr'><strong>Verum</strong></span> <span class='ocrx_word' id='word_1_614' title='bbox 2793 4447 2928 4511; x_wconf 59' lang='lat' dir='ltr'><strong>hate,</strong></span> <span class='ocrx_word' id='word_1_615' title='bbox 2980 4442 3180 4512; x_wconf 87' lang='lat' dir='ltr'><strong>inquit,</strong></span> <span class='ocrx_word' id='word_1_616' title='bbox 3217 4435 3493 4510; x_wconf 87' lang='lat' dir='ltr'><strong>posterius</strong></span> <span class='ocrx_word' id='word_1_617' title='bbox 3536 4434 3719 4486; x_wconf 80' lang='lat' dir='ltr'><strong>futura</strong></span> 
     </span>
    </p>
   </div>
   <div class='ocr_carea' id='block_1_90' title="bbox 2141 4519 3722 4610">
    <p class='ocr_par' dir='ltr' id='par_1_90' title="bbox 2141 4519 3722 4610">
     <span class='ocr_line' id='line_1_90' title="bbox 2141 4519 3722 4610; baseline -0.019 -8"><span class='ocrx_word' id='word_1_618' title='bbox 2141 4519 2288 4610; x_wconf 71' lang='lat' dir='ltr'><strong>sunt,</strong></span> <span class='ocrx_word' id='word_1_619' title='bbox 2327 4519 2584 4599; x_wconf 74' lang='lat' dir='ltr'><strong>niu&#39;tirutn</strong></span> <span class='ocrx_word' id='word_1_620' title='bbox 2618 4549 2675 4594; x_wconf 89' lang='lat' dir='ltr'><strong>ut</strong></span> <span class='ocrx_word' id='word_1_621' title='bbox 2704 4538 2794 4593; x_wconf 89' lang='lat' dir='ltr'><strong>alii</strong></span> <span class='ocrx_word' id='word_1_622' title='bbox 2829 4537 2895 4591; x_wconf 89' lang='lat' dir='ltr'><strong>ad</strong></span> <span class='ocrx_word' id='word_1_623' title='bbox 2922 4534 3123 4590; x_wconf 87' lang='lat' dir='ltr'><strong>Christi</strong></span> <span class='ocrx_word' id='word_1_624' title='bbox 3160 4541 3478 4590; x_wconf 88' lang='lat' dir='ltr'><strong>ascensum,</strong></span> <span class='ocrx_word' id='word_1_625' title='bbox 3525 4522 3614 4578; x_wconf 90' lang='lat' dir='ltr'><strong>alii</strong></span> <span class='ocrx_word' id='word_1_626' title='bbox 3655 4519 3722 4573; x_wconf 85' lang='lat' dir='ltr'><strong>ad</strong></span> 
     </span>
    </p>
   </div>
   <div class='ocr_carea' id='block_1_91' title="bbox 447 4622 2011 4700">
    <p class='ocr_par' dir='ltr' id='par_1_91' title="bbox 447 4629 1998 4700">
     <span class='ocr_line' id='line_1_91' title="bbox 447 4629 1998 4700; baseline 0 -17"><span class='ocrx_word' id='word_1_627' title='bbox 447 4629 668 4684; x_wconf 82' lang='lat' dir='ltr'><strong>nescius</strong></span> <span class='ocrx_word' id='word_1_628' title='bbox 710 4630 1044 4700; x_wconf 89' lang='lat' dir='ltr'><strong>principium</strong></span> <span class='ocrx_word' id='word_1_629' title='bbox 1095 4630 1262 4698; x_wconf 83' lang='lat' dir='ltr'><strong>capit.</strong></span> <span class='ocrx_word' id='word_1_630' title='bbox 1308 4629 1443 4684; x_wconf 88' lang='lat' dir='ltr'><strong>Nam</strong></span> <span class='ocrx_word' id='word_1_631' title='bbox 1477 4631 1521 4684; x_wconf 83' lang='lat' dir='ltr'><strong>si</strong></span> <span class='ocrx_word' id='word_1_632' title='bbox 1553 4645 1686 4684; x_wconf 87' lang='lat' dir='ltr'><strong>caro</strong></span> <span class='ocrx_word' id='word_1_633' title='bbox 1719 4629 1897 4684; x_wconf 81' lang='lat' dir='ltr'><strong>factus</strong></span> <span class='ocrx_word' id='word_1_634' title='bbox 1922 4640 1998 4684; x_wconf 88' lang='lat' dir='ltr'><strong>est</strong></span> 
     </span>
    </p>
   </div>
   <div class='ocr_carea' id='block_1_92' title="bbox 2117 4622 3722 4700">
    <p class='ocr_par' dir='ltr' id='par_1_92' title="bbox 2141 4622 3722 4696">
     <span class='ocr_line' id='line_1_92' title="bbox 2141 4622 3722 4696; baseline -0.019 0"><span class='ocrx_word' id='word_1_635' title='bbox 2141 4643 2460 4696; x_wconf 79' lang='lat' dir='ltr'><strong>descensum</strong></span> <span class='ocrx_word' id='word_1_636' title='bbox 2499 4635 2742 4690; x_wconf 87' lang='lat' dir='ltr'><strong>credant.</strong></span> <span class='ocrx_word' id='word_1_637' title='bbox 2786 4631 3030 4684; x_wconf 77' lang='lat' dir='ltr'><strong>Praesens</strong></span> <span class='ocrx_word' id='word_1_638' title='bbox 3057 4635 3238 4681; x_wconf 91' lang='lat' dir='ltr'><strong>autem</strong></span> <span class='ocrx_word' id='word_1_639' title='bbox 3289 4622 3512 4682; x_wconf 81' lang='lat' dir='ltr'><strong>festum,</strong></span> <span class='ocrx_word' id='word_1_640' title='bbox 3558 4626 3722 4684; x_wconf 88' lang='lat' dir='ltr'><strong>atque</strong></span> 
     </span>
    </p>
   </div>
   <div class='ocr_carea' id='block_1_93' title="bbox 447 4722 2032 4792">
    <p class='ocr_par' dir='ltr' id='par_1_93' title="bbox 447 4722 2032 4792">
     <span class='ocr_line' id='line_1_93' title="bbox 447 4722 2032 4792; baseline -0.003 -15"><span class='ocrx_word' id='word_1_641' title='bbox 447 4722 739 4792; x_wconf 90' lang='lat' dir='ltr'><strong>carnisque</strong></span> <span class='ocrx_word' id='word_1_642' title='bbox 773 4722 1138 4792; x_wconf 88' lang='lat' dir='ltr'><strong>proprietates</strong></span> <span class='ocrx_word' id='word_1_643' title='bbox 1173 4722 1386 4784; x_wconf 88' lang='lat' dir='ltr'><strong>habuit,</strong></span> <span class='ocrx_word' id='word_1_644' title='bbox 1424 4731 1579 4778; x_wconf 91' lang='lat' dir='ltr'><strong>ortus</strong></span> <span class='ocrx_word' id='word_1_645' title='bbox 1620 4736 1838 4790; x_wconf 89' lang='lat' dir='ltr'><strong>quoque</strong></span> <span class='ocrx_word' id='word_1_646' title='bbox 1880 4723 2032 4789; x_wconf 84' lang='lat' dir='ltr'><strong>prin-</strong></span> 
     </span>
    </p>
   </div>
   <div class='ocr_carea' id='block_1_94' title="bbox 449 4814 2031 4885">
    <p class='ocr_par' dir='ltr' id='par_1_94' title="bbox 449 4814 2031 4885">
     <span class='ocr_line' id='line_1_94' title="bbox 449 4814 2031 4885; baseline -0.003 -15"><span class='ocrx_word' id='word_1_647' title='bbox 449 4816 652 4884; x_wconf 90' lang='lat' dir='ltr'><strong>cipium</strong></span> <span class='ocrx_word' id='word_1_648' title='bbox 708 4831 832 4870; x_wconf 89' lang='lat' dir='ltr'><strong>eum</strong></span> <span class='ocrx_word' id='word_1_649' title='bbox 890 4817 1170 4885; x_wconf 83' lang='lat' dir='ltr'><strong>accepisse</strong></span> <span class='ocrx_word' id='word_1_650' title='bbox 1229 4831 1454 4871; x_wconf 88' lang='lat' dir='ltr'><strong>necesse</strong></span> <span class='ocrx_word' id='word_1_651' title='bbox 1503 4825 1605 4870; x_wconf 78' lang='lat' dir='ltr'><strong>est.</strong></span> <span class='ocrx_word' id='word_1_652' title='bbox 1659 4814 1815 4880; x_wconf 77' lang='lat' dir='ltr'><strong>Quod</strong></span> <span class='ocrx_word' id='word_1_653' title='bbox 1848 4823 2031 4866; x_wconf 88' lang='lat' dir='ltr'><strong>autem</strong></span> 
     </span>
    </p>
   </div>
   <div class='ocr_carea' id='block_1_95' title="bbox 453 4902 2036 4977">
    <p class='ocr_par' dir='ltr' id='par_1_95' title="bbox 453 4902 2036 4977">
     <span class='ocr_line' id='line_1_95' title="bbox 453 4902 2036 4977; baseline -0.003 -14"><span class='ocrx_word' id='word_1_654' title='bbox 453 4907 726 4963; x_wconf 84' lang='lat' dir='ltr'><strong>sermonis</strong></span> <span class='ocrx_word' id='word_1_655' title='bbox 789 4916 956 4977; x_wconf 88' lang='lat' dir='ltr'><strong>caput</strong></span> <span class='ocrx_word' id='word_1_656' title='bbox 1001 4917 1124 4974; x_wconf 84' lang='lat' dir='ltr'><strong>est,</strong></span> <span class='ocrx_word' id='word_1_657' title='bbox 1180 4905 1274 4961; x_wconf 86' lang='lat' dir='ltr'><strong>Dei</strong></span> <span class='ocrx_word' id='word_1_658' title='bbox 1343 4905 1516 4963; x_wconf 82' lang='lat' dir='ltr'><strong>Filius</strong></span> <span class='ocrx_word' id='word_1_659' title='bbox 1571 4905 1809 4960; x_wconf 88' lang='lat' dir='ltr'><strong>hominis</strong></span> <span class='ocrx_word' id='word_1_660' title='bbox 1863 4902 2036 4959; x_wconf 86' lang='lat' dir='ltr'><strong>Filius</strong></span> 
     </span>
    </p>
   </div>
   <div class='ocr_carea' id='block_1_96' title="bbox 452 4994 2037 5068">
    <p class='ocr_par' dir='ltr' id='par_1_96' title="bbox 452 4994 2037 5068">
     <span class='ocr_line' id='line_1_96' title="bbox 452 4994 2037 5068; baseline -0.001 -15"><span class='ocrx_word' id='word_1_661' title='bbox 452 4997 706 5062; x_wconf 72' lang='lat' dir='ltr'><strong>edicitur,</strong></span> <span class='ocrx_word' id='word_1_662' title='bbox 760 5013 870 5052; x_wconf 92' lang='lat' dir='ltr'><strong>non</strong></span> <span class='ocrx_word' id='word_1_663' title='bbox 926 5006 1136 5053; x_wconf 66' lang='lat' dir='ltr'><strong>natura:</strong></span> <span class='ocrx_word' id='word_1_664' title='bbox 1187 4999 1303 5068; x_wconf 85' lang='lat' dir='ltr'><strong>lege</strong></span> <span class='ocrx_word' id='word_1_665' title='bbox 1351 5006 1518 5067; x_wconf 87' lang='lat' dir='ltr'><strong>atque</strong></span> <span class='ocrx_word' id='word_1_666' title='bbox 1571 4995 1788 5050; x_wconf 88' lang='lat' dir='ltr'><strong>ordine.</strong></span> <span class='ocrx_word' id='word_1_667' title='bbox 1858 4994 2037 5066; x_wconf 80' lang='lat' dir='ltr'><strong>Virg-i-</strong></span> 
     </span>
    </p>
   </div>
   <div class='ocr_carea' id='block_1_97' title="bbox 457 5087 2037 5158">
    <p class='ocr_par' dir='ltr' id='par_1_97' title="bbox 457 5087 2037 5158">
     <span class='ocr_line' id='line_1_97' title="bbox 457 5087 2037 5158; baseline -0.003 -13"><span class='ocrx_word' id='word_1_668' title='bbox 457 5107 579 5146; x_wconf 87' lang='lat' dir='ltr'><strong>nem</strong></span> <span class='ocrx_word' id='word_1_669' title='bbox 623 5091 770 5146; x_wconf 89' lang='lat' dir='ltr'><strong>enim</strong></span> <span class='ocrx_word' id='word_1_670' title='bbox 834 5090 953 5144; x_wconf 91' lang='lat' dir='ltr'><strong>sine</strong></span> <span class='ocrx_word' id='word_1_671' title='bbox 1012 5090 1110 5143; x_wconf 81' lang='lat' dir='ltr'><strong>viri</strong></span> <span class='ocrx_word' id='word_1_672' title='bbox 1164 5088 1460 5144; x_wconf 90' lang='lat' dir='ltr'><strong>concubitu</strong></span> <span class='ocrx_word' id='word_1_673' title='bbox 1520 5097 1800 5158; x_wconf 88' lang='lat' dir='ltr'><strong>parentem</strong></span> <span class='ocrx_word' id='word_1_674' title='bbox 1859 5087 2037 5141; x_wconf 90' lang='lat' dir='ltr'><strong>nescit</strong></span> 
     </span>
    </p>
   </div>
   <div class='ocr_carea' id='block_1_98' title="bbox 455 5180 2038 5248">
    <p class='ocr_par' dir='ltr' id='par_1_98' title="bbox 455 5180 2038 5248">
     <span class='ocr_line' id='line_1_98' title="bbox 455 5180 2038 5248; baseline -0.005 -10"><span class='ocrx_word' id='word_1_675' title='bbox 455 5194 674 5238; x_wconf 88' lang='lat' dir='ltr'><strong>natura.</strong></span> <span class='ocrx_word' id='word_1_676' title='bbox 730 5181 929 5237; x_wconf 83' lang='lat' dir='ltr'><strong>Verum</strong></span> <span class='ocrx_word' id='word_1_677' title='bbox 981 5197 1108 5236; x_wconf 91' lang='lat' dir='ltr'><strong>cum</strong></span> <span class='ocrx_word' id='word_1_678' title='bbox 1141 5198 1304 5238; x_wconf 84' lang='lat' dir='ltr'><strong>verus</strong></span> <span class='ocrx_word' id='word_1_679' title='bbox 1346 5180 1490 5235; x_wconf 89' lang='lat' dir='ltr'><strong>Deus</strong></span> <span class='ocrx_word' id='word_1_680' title='bbox 1521 5188 1687 5243; x_wconf 86' lang='lat' dir='ltr'><strong>esset,</strong></span> <span class='ocrx_word' id='word_1_681' title='bbox 1736 5192 2038 5248; x_wconf 73' lang='lat' dir='ltr'><strong>corporeus</strong></span> 
     </span>
    </p>
   </div>
   <div class='ocr_carea' id='block_1_99' title="bbox 457 5271 2044 5330">
    <p class='ocr_par' dir='ltr' id='par_1_99' title="bbox 457 5271 2044 5330">
     <span class='ocr_line' id='line_1_99' title="bbox 457 5271 2044 5330; baseline -0.004 -3"><span class='ocrx_word' id='word_1_682' title='bbox 457 5277 624 5328; x_wconf 89' lang='lat' dir='ltr'><strong>homo</strong></span> <span class='ocrx_word' id='word_1_683' title='bbox 672 5272 853 5330; x_wconf 79' lang='lat' dir='ltr'><strong>factus</strong></span> <span class='ocrx_word' id='word_1_684' title='bbox 889 5283 995 5329; x_wconf 86' lang='lat' dir='ltr'><strong>est.</strong></span> <span class='ocrx_word' id='word_1_685' title='bbox 1051 5273 1179 5329; x_wconf 67' lang='lat' dir='ltr'><strong>Haec</strong></span> <span class='ocrx_word' id='word_1_686' title='bbox 1229 5283 1414 5328; x_wconf 87' lang='lat' dir='ltr'><strong>autem</strong></span> <span class='ocrx_word' id='word_1_687' title='bbox 1453 5271 1638 5326; x_wconf 91' lang='lat' dir='ltr'><strong>omnia</strong></span> <span class='ocrx_word' id='word_1_688' title='bbox 1688 5284 1798 5323; x_wconf 90' lang='lat' dir='ltr'><strong>non</strong></span> <span class='ocrx_word' id='word_1_689' title='bbox 1847 5283 2044 5323; x_wconf 86' lang='lat' dir='ltr'><strong>secun-</strong></span> 
     </span>
    </p>
   </div>
   <div class='ocr_carea' id='block_1_100' title="bbox 459 5359 2041 5430">
    <p class='ocr_par' dir='ltr' id='par_1_100' title="bbox 459 5359 2041 5430">
     <span class='ocr_line' id='line_1_100' title="bbox 459 5359 2041 5430; baseline -0.006 -8"><span class='ocrx_word' id='word_1_690' title='bbox 459 5367 588 5422; x_wconf 91' lang='lat' dir='ltr'><strong>dum</strong></span> <span class='ocrx_word' id='word_1_691' title='bbox 647 5367 1052 5430; x_wconf 88' lang='lat' dir='ltr'><strong>mutationem,</strong></span> <span class='ocrx_word' id='word_1_692' title='bbox 1098 5366 1195 5420; x_wconf 88' lang='lat' dir='ltr'><strong>sed</strong></span> <span class='ocrx_word' id='word_1_693' title='bbox 1247 5362 1551 5420; x_wconf 87' lang='lat' dir='ltr'><strong>secundum</strong></span> <span class='ocrx_word' id='word_1_694' title='bbox 1605 5359 2041 5429; x_wconf 88' lang='lat' dir='ltr'><strong>assumptioncm</strong></span> 
     </span>
    </p>
   </div>
   <div class='ocr_carea' id='block_1_101' title="bbox 461 5452 2044 5529">
    <p class='ocr_par' dir='ltr' id='par_1_101' title="bbox 461 5452 2044 5529">
     <span class='ocr_line' id='line_1_101' title="bbox 461 5452 2044 5529; baseline -0.006 -15"><span class='ocrx_word' id='word_1_695' title='bbox 461 5459 829 5529; x_wconf 82' lang='lat' dir='ltr'><strong>contigerunt.</strong></span> <span class='ocrx_word' id='word_1_696' title='bbox 884 5457 1010 5514; x_wconf 67' lang='lat' dir='ltr'><strong>Haec</strong></span> <span class='ocrx_word' id='word_1_697' title='bbox 1060 5459 1208 5514; x_wconf 85' lang='lat' dir='ltr'><strong>enim</strong></span> <span class='ocrx_word' id='word_1_698' title='bbox 1256 5470 1362 5511; x_wconf 90' lang='lat' dir='ltr'><strong>una</strong></span> <span class='ocrx_word' id='word_1_699' title='bbox 1405 5465 1490 5510; x_wconf 90' lang='lat' dir='ltr'><strong>est</strong></span> <span class='ocrx_word' id='word_1_700' title='bbox 1546 5454 1602 5508; x_wconf 92' lang='lat' dir='ltr'><strong>in</strong></span> <span class='ocrx_word' id='word_1_701' title='bbox 1647 5453 1905 5507; x_wconf 90' lang='lat' dir='ltr'><strong>omnibus</strong></span> <span class='ocrx_word' id='word_1_702' title='bbox 1943 5452 2044 5505; x_wconf 85' lang='lat' dir='ltr'><strong>ltu-</strong></span> 
     </span>
    </p>
   </div>
   <div class='ocr_carea' id='block_1_102' title="bbox 459 5545 2043 5622">
    <p class='ocr_par' dir='ltr' id='par_1_102' title="bbox 459 5545 2043 5622">
     <span class='ocr_line' id='line_1_102' title="bbox 459 5545 2043 5622; baseline -0.005 -18"><span class='ocrx_word' id='word_1_703' title='bbox 459 5553 699 5622; x_wconf 89' lang='lat' dir='ltr'><strong>jnsmodi</strong></span> <span class='ocrx_word' id='word_1_704' title='bbox 767 5549 1244 5622; x_wconf 87' lang='lat' dir='ltr'><strong>propositionibus</strong></span> <span class='ocrx_word' id='word_1_705' title='bbox 1303 5547 1529 5604; x_wconf 88' lang='lat' dir='ltr'><strong>solutio.</strong></span> <span class='ocrx_word' id='word_1_706' title='bbox 1604 5545 1744 5600; x_wconf 91' lang='lat' dir='ltr'><strong>Illud</strong></span> <span class='ocrx_word' id='word_1_707' title='bbox 1815 5552 2043 5608; x_wconf 90' lang='lat' dir='ltr'><strong>autem,</strong></span> 
     </span>
    </p>
   </div>
   <div class='ocr_carea' id='block_1_103' title="bbox 462 5634 2042 5705">
    <p class='ocr_par' dir='ltr' id='par_1_103' title="bbox 462 5634 2042 5705">
     <span class='ocr_line' id='line_1_103' title="bbox 462 5634 2042 5705; baseline -0.008 -7"><span class='ocrx_word' id='word_1_708' title='bbox 462 5643 618 5700; x_wconf 77' lang='lat' dir='ltr'><strong>Iesus</strong></span> <span class='ocrx_word' id='word_1_709' title='bbox 658 5643 904 5700; x_wconf 85' lang='lat' dir='ltr'><strong>Christus</strong></span> <span class='ocrx_word' id='word_1_710' title='bbox 948 5642 1062 5696; x_wconf 83' lang='lat' dir='ltr'><strong>heri</strong></span> <span class='ocrx_word' id='word_1_711' title='bbox 1101 5650 1151 5694; x_wconf 86' lang='lat' dir='ltr'><strong>et</strong></span> <span class='ocrx_word' id='word_1_712' title='bbox 1200 5639 1379 5705; x_wconf 85' lang='lat' dir='ltr'><strong>hodie,</strong></span> <span class='ocrx_word' id='word_1_713' title='bbox 1424 5638 1562 5692; x_wconf 89' lang='lat' dir='ltr'><strong>idem</strong></span> <span class='ocrx_word' id='word_1_714' title='bbox 1604 5645 1653 5690; x_wconf 85' lang='lat' dir='ltr'><strong>et</strong></span> <span class='ocrx_word' id='word_1_715' title='bbox 1702 5637 1757 5689; x_wconf 86' lang='lat' dir='ltr'><strong>in</strong></span> <span class='ocrx_word' id='word_1_716' title='bbox 1819 5634 2042 5701; x_wconf 75' lang='lat' dir='ltr'><strong>smcula,</strong></span> 
     </span>
    </p>
   </div>
   <div class='ocr_carea' id='block_1_104' title="bbox 1127 5841 1582 5898">
    <p class='ocr_par' dir='ltr' id='par_1_104' title="bbox 1127 5841 1582 5898">
     <span class='ocr_line' id='line_1_104' title="bbox 1127 5841 1582 5898; baseline 0.002 -5"><span class='ocrx_word' id='word_1_717' title='bbox 1127 5845 1171 5874; x_wconf 75' lang='lat'><strong>&quot;</strong></span> <span class='ocrx_word' id='word_1_718' title='bbox 1212 5841 1318 5896; x_wconf 89' lang='lat' dir='ltr'><strong>lsa.</strong></span> <span class='ocrx_word' id='word_1_719' title='bbox 1372 5857 1490 5898; x_wconf 83' lang='lat' dir='ltr'><strong>vui.</strong></span> <span class='ocrx_word' id='word_1_720' title='bbox 1527 5841 1582 5894; x_wconf 80' lang='grc'><strong>5.</strong></span> 
     </span>
    </p>
   </div>
   <div class='ocr_carea' id='block_1_105' title="bbox 1079 5911 1569 5978">
    <p class='ocr_par' dir='ltr' id='par_1_105' title="bbox 1079 5911 1569 5978">
     <span class='ocr_line' id='line_1_105' title="bbox 1079 5911 1569 5978; baseline -0.008 -10"><span class='ocrx_word' id='word_1_721' title='bbox 1079 5918 1122 5948; x_wconf 82' lang='grc' dir='ltr'><strong>³ο</strong></span> <span class='ocrx_word' id='word_1_722' title='bbox 1160 5913 1318 5968; x_wconf 84' lang='lat' dir='ltr'><strong>Joan.</strong></span> <span class='ocrx_word' id='word_1_723' title='bbox 1359 5928 1454 5978; x_wconf 80' lang='lat' dir='ltr'><strong>xu,</strong></span> <span class='ocrx_word' id='word_1_724' title='bbox 1485 5911 1569 5964; x_wconf 63' lang='grc' dir='ltr'><strong>δεῖ.</strong></span> 
     </span>
    </p>
   </div>
   <div class='ocr_carea' id='block_1_106' title="bbox 540 5845 1048 5908">
    <p class='ocr_par' dir='ltr' id='par_1_106' title="bbox 540 5845 1048 5908">
     <span class='ocr_line' id='line_1_106' title="bbox 540 5845 1048 5908; baseline 0 -7"><span class='ocrx_word' id='word_1_725' title='bbox 540 5848 587 5879; x_wconf 75' lang='grc'><strong>’³</strong></span> <span class='ocrx_word' id='word_1_726' title='bbox 621 5847 781 5901; x_wconf 82' lang='lat' dir='ltr'><strong>Joan.</strong></span> <span class='ocrx_word' id='word_1_727' title='bbox 819 5863 908 5908; x_wconf 81' lang='lat' dir='ltr'><strong>xv,</strong></span> <span class='ocrx_word' id='word_1_728' title='bbox 963 5845 1048 5901; x_wconf 77' lang='grc'><strong>15.</strong></span> 
     </span>
    </p>
   </div>
   <div class='ocr_carea' id='block_1_107' title="bbox 472 5909 2052 5996">
    <p class='ocr_par' dir='ltr' id='par_1_107' title="bbox 472 5909 2052 5996">
     <span class='ocr_line' id='line_1_107' title="bbox 472 5909 2052 5996; baseline -0.007 -24"><span class='ocrx_word' id='word_1_729' title='bbox 472 5920 518 5953; x_wconf 80' lang='grc'>³³</span> <span class='ocrx_word' id='word_1_730' title='bbox 567 5917 585 5971; x_wconf 94' lang='lat' dir='ltr'><strong>l</strong></span> <span class='ocrx_word' id='word_1_731' title='bbox 635 5919 771 5996; x_wconf 79' lang='lat' dir='ltr'><strong>Cor.</strong></span> <span class='ocrx_word' id='word_1_732' title='bbox 809 5933 846 5981; x_wconf 84' lang='grc' dir='ltr'><strong>ι,</strong></span> <span class='ocrx_word' id='word_1_733' title='bbox 894 5915 984 5969; x_wconf 75' lang='grc'><strong>23.</strong></span> <span class='ocrx_word' id='word_1_734' title='bbox 1079 5918 1122 5948; x_wconf 83' lang='grc' dir='ltr'><strong>³ο</strong></span> <span class='ocrx_word' id='word_1_735' title='bbox 1160 5913 1318 5968; x_wconf 83' lang='lat' dir='ltr'><strong>Joan.</strong></span> <span class='ocrx_word' id='word_1_736' title='bbox 1359 5928 1454 5978; x_wconf 80' lang='lat' dir='ltr'><strong>xu,</strong></span> <span class='ocrx_word' id='word_1_737' title='bbox 1485 5911 1569 5964; x_wconf 67' lang='lat'><strong>5&#39;2.</strong></span> <span class='ocrx_word' id='word_1_738' title='bbox 1650 5910 1688 5941; x_wconf 80' lang='grc'><strong>³⁸</strong></span> <span class='ocrx_word' id='word_1_739' title='bbox 1733 5909 1962 5975; x_wconf 80' lang='lat' dir='ltr'><strong>Philipp.</strong></span> <span class='ocrx_word' id='word_1_740' title='bbox 1994 5921 2052 5962; x_wconf 88' lang='lat' dir='ltr'><strong>II.</strong></span> 
     </span>
    </p>
   </div>
   <div class='ocr_carea' id='block_1_108' title="bbox 1657 5836 2145 5900">
    <p class='ocr_par' dir='ltr' id='par_1_108' title="bbox 1657 5836 2145 5900">
     <span class='ocr_line' id='line_1_108' title="bbox 1657 5836 2145 5900; baseline 0.004 -10"><span class='ocrx_word' id='word_1_741' title='bbox 1657 5841 1701 5872; x_wconf 73' lang='grc'><strong>³⁸</strong></span> <span class='ocrx_word' id='word_1_742' title='bbox 1745 5837 1933 5890; x_wconf 81' lang='lat' dir='ltr'><strong>Matth.</strong></span> <span class='ocrx_word' id='word_1_743' title='bbox 1981 5851 2061 5900; x_wconf 79' lang='grc' dir='ltr'><strong>ιιι,</strong></span> <span class='ocrx_word' id='word_1_744' title='bbox 2091 5836 2145 5892; x_wconf 79' lang='lat'><strong>&#39;5.</strong></span> 
     </span>
    </p>
   </div>
   <div class='ocr_carea' id='block_1_109' title="bbox 2143 4712 3722 4796">
    <p class='ocr_par' dir='ltr' id='par_1_109' title="bbox 2143 4712 3722 4796">
     <span class='ocr_line' id='line_1_109' title="bbox 2143 4712 3722 4796; baseline -0.016 -9"><span class='ocrx_word' id='word_1_745' title='bbox 2143 4748 2246 4787; x_wconf 87' lang='lat' dir='ltr'><strong>una</strong></span> <span class='ocrx_word' id='word_1_746' title='bbox 2298 4731 2599 4796; x_wconf 77' lang='lat' dir='ltr'><strong>eademque</strong></span> <span class='ocrx_word' id='word_1_747' title='bbox 2643 4741 2750 4789; x_wconf 88' lang='lat' dir='ltr'><strong>res,</strong></span> <span class='ocrx_word' id='word_1_748' title='bbox 2807 4737 3000 4791; x_wconf 83' lang='lat' dir='ltr'><strong>nempe</strong></span> <span class='ocrx_word' id='word_1_749' title='bbox 3049 4717 3251 4773; x_wconf 87' lang='lat' dir='ltr'><strong>Christi</strong></span> <span class='ocrx_word' id='word_1_750' title='bbox 3281 4714 3571 4776; x_wconf 85' lang='lat' dir='ltr'><strong>Nativitas,</strong></span> <span class='ocrx_word' id='word_1_751' title='bbox 3618 4712 3722 4764; x_wconf 89' lang='lat' dir='ltr'><strong>du-</strong></span> 
     </span>
    </p>
   </div>
   <div class='ocr_carea' id='block_1_110' title="bbox 2142 4806 3725 4895">
    <p class='ocr_par' dir='ltr' id='par_1_110' title="bbox 2142 4806 3725 4895">
     <span class='ocr_line' id='line_1_110' title="bbox 2142 4806 3725 4895; baseline -0.015 -18"><span class='ocrx_word' id='word_1_752' title='bbox 2142 4826 2262 4895; x_wconf 85' lang='lat' dir='ltr'><strong>plici</strong></span> <span class='ocrx_word' id='word_1_753' title='bbox 2312 4823 2532 4876; x_wconf 88' lang='lat' dir='ltr'><strong>nomine</strong></span> <span class='ocrx_word' id='word_1_754' title='bbox 2582 4817 2904 4888; x_wconf 83' lang='lat' dir='ltr'><strong>appellatur.</strong></span> <span class='ocrx_word' id='word_1_755' title='bbox 2968 4811 3104 4866; x_wconf 84' lang='lat' dir='ltr'><strong>Nam</strong></span> <span class='ocrx_word' id='word_1_756' title='bbox 3166 4810 3291 4880; x_wconf 90' lang='lat' dir='ltr'><strong>quia</strong></span> <span class='ocrx_word' id='word_1_757' title='bbox 3343 4809 3388 4862; x_wconf 91' lang='lat' dir='ltr'><strong>is</strong></span> <span class='ocrx_word' id='word_1_758' title='bbox 3415 4806 3508 4876; x_wconf 92' lang='lat' dir='ltr'><strong>qui</strong></span> <span class='ocrx_word' id='word_1_759' title='bbox 3567 4811 3725 4856; x_wconf 88' lang='lat' dir='ltr'><strong>natus</strong></span> 
     </span>
    </p>
   </div>
   <div class='ocr_carea' id='block_1_111' title="bbox 2141 4893 3727 4984">
    <p class='ocr_par' dir='ltr' id='par_1_111' title="bbox 2141 4893 3727 4984">
     <span class='ocr_line' id='line_1_111' title="bbox 2141 4893 3727 4984; baseline -0.017 -11"><span class='ocrx_word' id='word_1_760' title='bbox 2141 4893 2246 4980; x_wconf 76' lang='lat' dir='ltr'><strong>est,</strong></span> <span class='ocrx_word' id='word_1_761' title='bbox 2283 4914 2488 4984; x_wconf 85' lang='lat' dir='ltr'><strong>duplici</strong></span> <span class='ocrx_word' id='word_1_762' title='bbox 2541 4920 2732 4965; x_wconf 89' lang='lat' dir='ltr'><strong>natura</strong></span> <span class='ocrx_word' id='word_1_763' title='bbox 2787 4916 3030 4969; x_wconf 89' lang='lat' dir='ltr'><strong>constat,</strong></span> <span class='ocrx_word' id='word_1_764' title='bbox 3090 4903 3287 4972; x_wconf 80' lang='lat' dir='ltr'><strong>duplex</strong></span> <span class='ocrx_word' id='word_1_765' title='bbox 3336 4912 3553 4970; x_wconf 87' lang='lat' dir='ltr'><strong>quoque</strong></span> <span class='ocrx_word' id='word_1_766' title='bbox 3605 4893 3727 4947; x_wconf 80' lang='lat' dir='ltr'><strong>festi</strong></span> 
     </span>
    </p>
   </div>
   <div class='ocr_carea' id='block_1_112' title="bbox 2146 4987 3726 5078">
    <p class='ocr_par' dir='ltr' id='par_1_112' title="bbox 2146 4987 3726 5078">
     <span class='ocr_line' id='line_1_112' title="bbox 2146 4987 3726 5078; baseline -0.015 -14"><span class='ocrx_word' id='word_1_767' title='bbox 2146 5009 2313 5078; x_wconf 89' lang='lat' dir='ltr'><strong>hujus</strong></span> <span class='ocrx_word' id='word_1_768' title='bbox 2348 5020 2542 5061; x_wconf 83' lang='lat' dir='ltr'><strong>uOuten</strong></span> <span class='ocrx_word' id='word_1_769' title='bbox 2577 5012 2681 5068; x_wconf 86' lang='lat' dir='ltr'><strong>est,</strong></span> <span class='ocrx_word' id='word_1_770' title='bbox 2719 4999 3077 5071; x_wconf 88' lang='lat' dir='ltr'><strong>Theophania</strong></span> <span class='ocrx_word' id='word_1_771' title='bbox 3111 4997 3370 5051; x_wconf 89' lang='lat' dir='ltr'><strong>nitnirum</strong></span> <span class='ocrx_word' id='word_1_772' title='bbox 3401 4987 3726 5050; x_wconf 86' lang='lat' dir='ltr'><strong>divinitatis,</strong></span> 
     </span>
    </p>
   </div>
   <div class='ocr_carea' id='block_1_113' title="bbox 2141 5083 3729 5161">
    <p class='ocr_par' dir='ltr' id='par_1_113' title="bbox 2141 5083 3729 5161">
     <span class='ocr_line' id='line_1_113' title="bbox 2141 5083 3729 5161; baseline -0.017 -5"><span class='ocrx_word' id='word_1_773' title='bbox 2141 5100 2412 5156; x_wconf 75' lang='lat' dir='ltr'><strong>Nativitas</strong></span> <span class='ocrx_word' id='word_1_774' title='bbox 2448 5095 2828 5151; x_wconf 89' lang='lat' dir='ltr'><strong>humanitatis.</strong></span> <span class='ocrx_word' id='word_1_775' title='bbox 2880 5093 3164 5161; x_wconf 85' lang='lat' dir='ltr'><strong>Quatenus</strong></span> <span class='ocrx_word' id='word_1_776' title='bbox 3198 5088 3342 5141; x_wconf 91' lang='lat' dir='ltr'><strong>enim</strong></span> <span class='ocrx_word' id='word_1_777' title='bbox 3385 5083 3529 5137; x_wconf 84' lang='lat' dir='ltr'><strong>Deus</strong></span> <span class='ocrx_word' id='word_1_778' title='bbox 3563 5093 3729 5150; x_wconf 89' lang='lat' dir='ltr'><strong>appa-</strong></span> 
     </span>
    </p>
   </div>
   <div class='ocr_carea' id='block_1_114' title="bbox 2147 5178 3726 5260">
    <p class='ocr_par' dir='ltr' id='par_1_114' title="bbox 2147 5178 3726 5260">
     <span class='ocr_line' id='line_1_114' title="bbox 2147 5178 3726 5260; baseline -0.014 -13"><span class='ocrx_word' id='word_1_779' title='bbox 2147 5194 2282 5255; x_wconf 89' lang='lat' dir='ltr'><strong>ruit,</strong></span> <span class='ocrx_word' id='word_1_780' title='bbox 2342 5189 2698 5260; x_wconf 90' lang='lat' dir='ltr'><strong>Theophania</strong></span> <span class='ocrx_word' id='word_1_781' title='bbox 2757 5187 2886 5240; x_wconf 92' lang='lat' dir='ltr'><strong>huic</strong></span> <span class='ocrx_word' id='word_1_782' title='bbox 2942 5186 3016 5239; x_wconf 90' lang='lat' dir='ltr'><strong>rei</strong></span> <span class='ocrx_word' id='word_1_783' title='bbox 3067 5197 3267 5236; x_wconf 89' lang='lat' dir='ltr'><strong>nomen</strong></span> <span class='ocrx_word' id='word_1_784' title='bbox 3318 5178 3546 5231; x_wconf 91' lang='lat' dir='ltr'><strong>inditum</strong></span> <span class='ocrx_word' id='word_1_785' title='bbox 3603 5180 3726 5236; x_wconf 90' lang='lat' dir='ltr'><strong>est;</strong></span> 
     </span>
    </p>
   </div>
   <div class='ocr_carea' id='block_1_115' title="bbox 2151 5269 3732 5355">
    <p class='ocr_par' dir='ltr' id='par_1_115' title="bbox 2151 5269 3732 5355">
     <span class='ocr_line' id='line_1_115' title="bbox 2151 5269 3732 5355; baseline -0.015 -16"><span class='ocrx_word' id='word_1_786' title='bbox 2151 5294 2426 5355; x_wconf 88' lang='lat' dir='ltr'><strong>quatenus</strong></span> <span class='ocrx_word' id='word_1_787' title='bbox 2478 5291 2661 5336; x_wconf 84' lang='lat' dir='ltr'><strong>autem</strong></span> <span class='ocrx_word' id='word_1_788' title='bbox 2717 5289 2880 5334; x_wconf 90' lang='lat' dir='ltr'><strong>natus</strong></span> <span class='ocrx_word' id='word_1_789' title='bbox 2935 5285 3040 5342; x_wconf 90' lang='lat' dir='ltr'><strong>est,</strong></span> <span class='ocrx_word' id='word_1_790' title='bbox 3093 5272 3379 5326; x_wconf 83' lang='lat' dir='ltr'><strong>Nativitas.</strong></span> <span class='ocrx_word' id='word_1_791' title='bbox 3449 5269 3623 5335; x_wconf 86' lang='lat' dir='ltr'><strong>Atque</strong></span> <span class='ocrx_word' id='word_1_792' title='bbox 3675 5271 3732 5315; x_wconf 92' lang='lat' dir='ltr'><strong>ut</strong></span> 
     </span>
    </p>
   </div>
   <div class='ocr_carea' id='block_1_116' title="bbox 2157 5359 3734 5446">
    <p class='ocr_par' dir='ltr' id='par_1_116' title="bbox 2157 5359 3734 5446">
     <span class='ocr_line' id='line_1_116' title="bbox 2157 5359 3734 5446; baseline -0.015 -14"><span class='ocrx_word' id='word_1_793' title='bbox 2157 5381 2297 5432; x_wconf 88' lang='lat' dir='ltr'><strong>Deus</strong></span> <span class='ocrx_word' id='word_1_794' title='bbox 2328 5375 2548 5446; x_wconf 86' lang='lat' dir='ltr'><strong>quidem</strong></span> <span class='ocrx_word' id='word_1_795' title='bbox 2585 5388 2800 5441; x_wconf 86' lang='lat' dir='ltr'><strong>semper</strong></span> <span class='ocrx_word' id='word_1_796' title='bbox 2835 5379 2954 5425; x_wconf 89' lang='lat' dir='ltr'><strong>erat</strong></span> <span class='ocrx_word' id='word_1_797' title='bbox 2981 5383 3048 5422; x_wconf 78' lang='lat' dir='ltr'><strong>ex</strong></span> <span class='ocrx_word' id='word_1_798' title='bbox 3083 5366 3416 5431; x_wconf 88' lang='lat' dir='ltr'><strong>sempiterno</strong></span> <span class='ocrx_word' id='word_1_799' title='bbox 3447 5359 3626 5422; x_wconf 79' lang='lat' dir='ltr'><strong>l’atre,</strong></span> <span class='ocrx_word' id='word_1_800' title='bbox 3667 5369 3734 5409; x_wconf 89' lang='lat' dir='ltr'><strong>ac</strong></span> 
     </span>
    </p>
   </div>
   <div class='ocr_carea' id='block_1_117' title="bbox 2153 5448 3735 5536">
    <p class='ocr_par' dir='ltr' id='par_1_117' title="bbox 2153 5448 3735 5536">
     <span class='ocr_line' id='line_1_117' title="bbox 2153 5448 3735 5536; baseline -0.014 -14"><span class='ocrx_word' id='word_1_801' title='bbox 2153 5484 2316 5536; x_wconf 87' lang='lat' dir='ltr'><strong>supra</strong></span> <span class='ocrx_word' id='word_1_802' title='bbox 2351 5481 2572 5521; x_wconf 88' lang='lat' dir='ltr'><strong>causam</strong></span> <span class='ocrx_word' id='word_1_803' title='bbox 2622 5471 2676 5519; x_wconf 91' lang='lat' dir='ltr'><strong>et</strong></span> <span class='ocrx_word' id='word_1_804' title='bbox 2716 5463 2980 5517; x_wconf 86' lang='lat' dir='ltr'><strong>rationem</strong></span> <span class='ocrx_word' id='word_1_805' title='bbox 3031 5466 3149 5512; x_wconf 84' lang='lat' dir='ltr'><strong>erat</strong></span> <span class='ocrx_word' id='word_1_806' title='bbox 3197 5457 3398 5526; x_wconf 90' lang='lat' dir='ltr'><strong>(neque</strong></span> <span class='ocrx_word' id='word_1_807' title='bbox 3443 5452 3588 5506; x_wconf 89' lang='lat' dir='ltr'><strong>enim</strong></span> <span class='ocrx_word' id='word_1_808' title='bbox 3627 5448 3735 5502; x_wconf 90' lang='lat' dir='ltr'><strong>ulla</strong></span> 
     </span>
    </p>
   </div>
   <div class='ocr_carea' id='block_1_118' title="bbox 2155 5547 3738 5627">
    <p class='ocr_par' dir='ltr' id='par_1_118' title="bbox 2155 5547 3738 5627">
     <span class='ocr_line' id='line_1_118' title="bbox 2155 5547 3738 5627; baseline -0.013 -14"><span class='ocrx_word' id='word_1_809' title='bbox 2155 5575 2319 5613; x_wconf 86' lang='lat' dir='ltr'><strong>causa</strong></span> <span class='ocrx_word' id='word_1_810' title='bbox 2356 5574 2448 5627; x_wconf 88' lang='lat' dir='ltr'><strong>pra</strong></span> <span class='ocrx_word' id='word_1_811' title='bbox 2467 5558 2654 5621; x_wconf 87' lang='lat' dir='ltr'><strong>cessit,</strong></span> <span class='ocrx_word' id='word_1_812' title='bbox 2701 5555 2770 5609; x_wconf 86' lang='lat' dir='ltr'><strong>ob</strong></span> <span class='ocrx_word' id='word_1_813' title='bbox 2798 5567 2964 5624; x_wconf 86' lang='lat' dir='ltr'><strong>quam</strong></span> <span class='ocrx_word' id='word_1_814' title='bbox 2997 5548 3166 5605; x_wconf 87' lang='lat' dir='ltr'><strong>Filius</strong></span> <span class='ocrx_word' id='word_1_815' title='bbox 3192 5563 3224 5601; x_wconf 87' lang='lat' dir='ltr'><strong>a</strong></span> <span class='ocrx_word' id='word_1_816' title='bbox 3251 5547 3409 5605; x_wconf 87' lang='lat' dir='ltr'><strong>Patre</strong></span> <span class='ocrx_word' id='word_1_817' title='bbox 3443 5551 3738 5614; x_wconf 81' lang='lat' dir='ltr'><strong>generatus</strong></span> 
     </span>
    </p>
   </div>
   <div class='ocr_carea' id='block_1_119' title="bbox 2153 5632 3732 5722">
    <p class='ocr_par' dir='ltr' id='par_1_119' title="bbox 2153 5632 3732 5722">
     <span class='ocr_line' id='line_1_119' title="bbox 2153 5632 3732 5722; baseline -0.013 -16"><span class='ocrx_word' id='word_1_818' title='bbox 2153 5653 2354 5719; x_wconf 81' lang='lat' dir='ltr'><strong>fuerit;</strong></span> <span class='ocrx_word' id='word_1_819' title='bbox 2407 5667 2583 5722; x_wconf 87' lang='lat' dir='ltr'><strong>neque</strong></span> <span class='ocrx_word' id='word_1_820' title='bbox 2633 5649 2778 5704; x_wconf 88' lang='lat' dir='ltr'><strong>enim</strong></span> <span class='ocrx_word' id='word_1_821' title='bbox 2834 5661 2898 5700; x_wconf 90' lang='lat' dir='ltr'><strong>eo</strong></span> <span class='ocrx_word' id='word_1_822' title='bbox 2942 5643 3238 5713; x_wconf 89' lang='lat' dir='ltr'><strong>quidquam</strong></span> <span class='ocrx_word' id='word_1_823' title='bbox 3295 5648 3380 5695; x_wconf 91' lang='lat' dir='ltr'><strong>est</strong></span> <span class='ocrx_word' id='word_1_824' title='bbox 3429 5632 3732 5706; x_wconf 85' lang='lat' dir='ltr'><strong>antiquius)</strong></span> 
     </span>
    </p>
   </div>
   <div class='ocr_carea' id='block_1_120' title="bbox 2225 5814 3734 5896">
    <p class='ocr_par' dir='ltr' id='par_1_120' title="bbox 2225 5814 3734 5896">
     <span class='ocr_line' id='line_1_120' title="bbox 2225 5814 3734 5896; baseline -0.014 -7"><span class='ocrx_word' id='word_1_825' title='bbox 2225 5836 2270 5867; x_wconf 79' lang='lat'>“</span> <span class='ocrx_word' id='word_1_826' title='bbox 2311 5835 2416 5888; x_wconf 86' lang='lat' dir='ltr'><strong>lsa.</strong></span> <span class='ocrx_word' id='word_1_827' title='bbox 2461 5849 2545 5896; x_wconf 73' lang='grc' dir='ltr'><strong>κι,</strong></span> <span class='ocrx_word' id='word_1_828' title='bbox 2575 5832 2628 5887; x_wconf 84' lang='grc'><strong>5.</strong></span> <span class='ocrx_word' id='word_1_829' title='bbox 2709 5833 2751 5864; x_wconf 73' lang='grc' dir='ltr'><strong>’τ</strong></span> <span class='ocrx_word' id='word_1_830' title='bbox 2791 5828 2947 5884; x_wconf 79' lang='lat' dir='ltr'><strong>Joan.</strong></span> <span class='ocrx_word' id='word_1_831' title='bbox 2989 5843 3027 5894; x_wconf 92' lang='lat' dir='ltr'><strong>I,</strong></span> <span class='ocrx_word' id='word_1_832' title='bbox 3076 5829 3127 5884; x_wconf 80' lang='grc'><strong>1.</strong></span> <span class='ocrx_word' id='word_1_833' title='bbox 3232 5825 3277 5857; x_wconf 77' lang='grc'><strong>’⁸</strong></span> <span class='ocrx_word' id='word_1_834' title='bbox 3323 5821 3485 5878; x_wconf 83' lang='lat' dir='ltr'><strong>Hebr.</strong></span> <span class='ocrx_word' id='word_1_835' title='bbox 3530 5835 3647 5882; x_wconf 78' lang='lat' dir='ltr'><strong>xm,</strong></span> <span class='ocrx_word' id='word_1_836' title='bbox 3681 5814 3734 5869; x_wconf 91' lang='lat'><strong>8.</strong></span> 
     </span>
    </p>
   </div>
   <div class='ocr_carea' id='block_1_121' title="bbox 2709 5828 3127 5904">
    <p class='ocr_par' dir='ltr' id='par_1_121' title="bbox 2709 5828 3127 5904">
     <span class='ocr_line' id='line_1_121' title="bbox 2709 5828 3127 5904; baseline -0.005 -19"><span class='ocrx_word' id='word_1_837' title='bbox 2709 5833 2751 5864; x_wconf 73' lang='grc' dir='ltr'><strong>’τ</strong></span> <span class='ocrx_word' id='word_1_838' title='bbox 2785 5828 2947 5904; x_wconf 55' lang='grc' dir='ltr'><strong>βυθιι.</strong></span> <span class='ocrx_word' id='word_1_839' title='bbox 2989 5843 3027 5894; x_wconf 92' lang='lat' dir='ltr'><strong>I,</strong></span> <span class='ocrx_word' id='word_1_840' title='bbox 3076 5829 3127 5884; x_wconf 86' lang='lat' dir='ltr'><strong>I.</strong></span> 
     </span>
    </p>
   </div>
  </div>
