4100 6424
397 355 535 420 1135

1293 346 1621 409 NICETAS
1664 346 1743 408 lN
1778 344 2009 409 ORAT.
2047 342 2359 406 XXXVIII
2403 343 2463 402 S.
2501 340 2727 403 GREG.

3542 329 3685 399 1186

394 475 564 529 homo
615 484 747 525 vero
798 469 852 521 in
898 467 1228 523 saeculorum
1276 464 1383 521 fine
1436 463 1614 520 factus
1662 470 1767 520 est.
1806 460 1987 515 Causa
2017 465 2062 520 Δ
2091 476 2158 515 ex
2189 459 2403 514 deliciis
2434 458 2563 523 illis,
2625 456 2826 526 quibus
2877 454 2931 508 in
2988 453 3246 524 paradiso
3296 452 3679 515 afﬂuebamus,

395 579 563 635 porro
581 561 863 617 interioris
889 559 1063 629 ipsius
1085 557 1415 622 nativitatis,
1443 555 1773 611 instauratio
1800 563 1989 609 nostra

394 657 501 715 fuit
533 673 549 712 :
582 665 643 710 ut
666 654 762 725 qui
790 654 958 708 vitam
991 651 1214 707 dederat
1249 649 1457 721 (omnia
1488 648 1635 702 enim
1672 662 1769 718 per
1804 646 1984 715 ipsum

396 752 539 806 facta
569 748 721 816 sunt)
776 747 990 802 beatam
1043 759 1266 815 quoque
1318 744 1486 799 vitam
1536 740 1698 796 nobis
1745 738 1987 794 atl‘erret.

394 840 667 897 Caeterum
698 853 768 895 ne
793 837 916 909 quis
943 836 1217 906 suspicari
1248 844 1455 905 posset,
1506 832 1714 889 homini
1763 847 1792 885 a
1838 831 1992 901 priu-

395 933 544 1004 cipio
592 945 719 986 cum
754 931 866 986 vita
916 931 1133 986 beatam
1165 941 1387 997 quoque
1422 927 1589 982 vitam
1621 924 1849 980 minime
1892 924 1993 978 da-

398 1036 510 1085 tam
548 1023 748 1090 fuisse,
780 1023 911 1077 huic
944 1020 1248 1091 suspicioni
1280 1018 1592 1088 Theologus
1615 1017 1688 1073 ita
1719 1016 1988 1080 medetur,

396 1127 459 1172 ut
501 1116 672 1180 dicat,
716 1129 821 1170 nos
854 1112 1078 1185 quidem
1114 1113 1270 1183 prius
1301 1126 1523 1182 quoque
1552 1111 1767 1165 beatam
1819 1108 1989 1162 vitam

393 1210 680 1274 habuisse,
705 1222 897 1263 verum
927 1221 992 1262 ea
1016 1217 1243 1277 prepter
1268 1212 1553 1276 peccatum
1586 1202 1770 1274 lapsos
1794 1200 1988 1256 fuisse.

393 1300 478 1357 0b
538 1300 681 1355 hanc
737 1313 963 1357 causam
1017 1297 1248 1354 Creator
1305 1304 1616 1353 creaturam
1675 1293 1879 1358 induit,
1932 1301 1993 1347 ut

394 1409 518 1449 eam
555 1399 800 1457 renovet,
834 1400 999 1461 atque
1024 1391 1315 1454 instauret,
1346 1402 1564 1459 nosque
1590 1383 1991 1443 incarnationis

394 1499 508 1541 suae
537 1498 706 1555 opera
756 1483 815 1539 in
865 1481 1161 1553 pristinum
1201 1491 1405 1538 statum
1456 1479 1691 1545 aderat,
1737 1479 1843 1535 hoc
1883 1487 1988 1542 est,

396 1577 464 1632 ad
496 1581 711 1635 beatam
736 1575 902 1633 vitam
930 1590 1095 1645 quam
1116 1576 1185 1630 ab
1210 1590 1275 1631 eo
1290 1582 1574 1644 acceptam
1601 1572 1988 1629 amiseramus.

395 1668 534 1726 Nam
567 1685 693 1725 cum
719 1668 816 1725 Dei
851 1668 1046 1725 notitia
1080 1667 1305 1739 privati,
1333 1678 1499 1739 atque
1525 1667 1594 1722 ad
1629 1682 1693 1723 ea
1721 1681 1843 1737 qua:
1882 1682 1989 1720 non

398 1774 553 1831 sunt,
607 1762 792 1818 aversi
839 1776 1095 1818 essemus
1145 1759 1286 1832 (sola
1320 1761 1465 1816 enim
1518 1761 1680 1824 bona,
1730 1767 1920 1829 utpote
1961 1775 1989 1810 ιι

404 1858 535 1921 Deo,
571 1856 665 1928 qui
700 1871 828 1912 vere
873 1863 983 1922 est,
1028 1853 1297 1927 profecta,
1351 1854 1675 1910 substantia:
1721 1853 1987 1907 rationem

408 1951 605 2006 habent
635 1969 651 2006 :
681 1949 825 2005 mala
867 1962 995 2004 vero
1039 1948 1350 2013 substantia
1396 1948 1546 2003 omni
1581 1946 1795 2014 carent)
1835 1945 1991 1998 beata

2092 552 2300 609 factum
2348 562 2453 615 est,
2507 559 2565 606 ut
2616 550 2767 604 illinc
2812 548 3269 612 exturbaremur,
3326 562 3390 601 ac
3436 561 3586 599 mors
3616 560 3681 598 ex

2093 649 2203 703 vita
2236 647 2475 718 proﬂuit,
2528 646 2602 699 ita
2656 660 2724 699 ex
2784 643 2870 698 his
2898 657 3094 697 rursus
3148 640 3358 695 laetiora
3409 640 3684 693 oriantur.

2093 740 2305 811 Quippe
2360 754 2458 807 pro
2524 736 2731 792 amisso
2784 734 3042 805 paradiso
3092 732 3293 787 caelum
3351 730 3682 798 recepimus,

2093 843 2261 905 atque
2292 832 2364 888 ab
2399 832 2646 902 angelica
2678 830 2805 884 vitae
2833 828 3047 882 ratione
3081 823 3325 895 prolapsi
3349 827 3414 876 ad
3446 822 3685 877 filiorum

2093 926 2445 995 adeptionem
2485 920 2660 978 vocati
2691 933 2908 982 sumus,
2943 932 3007 972 ac
3040 931 3140 986 pro
3187 915 3319 978 vita,
3367 926 3530 982 quam
3566 925 3688 980 per-

2093 1021 2437 1083 dideramus,
2474 1018 2699 1073 cceleste
2730 1027 2959 1084 regnum
3000 1008 3317 1065 haereditate
3354 1007 3691 1074 accepimus.

2092 1112 2251 1179 Nam,
2286 1121 2345 1167 ut
2375 1111 2453 1166 ait
2483 1107 2797 1180 Apostolus,
2863 1099 2966 1159 Ubi
3001 1101 3289 1157 abundavit
3326 1099 3598 1159 delictum,
3632 1094 3689 1148 in

2094 1207 2321 1263 homine
2365 1204 2596 1270 scilicet,
2641 1197 3098 1271 superabundavit
3133 1204 3183 1251 et
3214 1194 3391 1265 gratia
3425 1191 3471 1222 “
3505 1200 3559 1245 et
3592 1188 3690 1243 be-

2094 1297 2376 1356 neﬁcium.
2423 1295 2492 1351 Et
2533 1294 2583 1350 ei
2626 1308 2771 1349 unus
2810 1306 2879 1347 ex
2920 1289 3167 1362 quinque
3217 1285 3493 1349 sensibus,
3527 1281 3691 1336 nimi-

2095 1408 2217 1449 rum
2268 1398 2481 1462 gustus.
2548 1384 2925 1442 damnationis
2975 1394 3207 1438 causam
3267 1378 3429 1433 nobis
3485 1372 3689 1436 attulit,

2095 1494 2299 1557 quanto
2331 1481 2505 1553 magis
2529 1494 2631 1536 nos
2663 1493 2809 1533 unus
2853 1475 3108 1531 Christus
3144 1468 3491 1543 justifieavit,
3538 1480 3696 1521 acer-

2097 1580 2363 1636 bissimos
2412 1576 2467 1631 in
2514 1581 2629 1628 tota
2685 1586 2787 1627 sua
2835 1573 3192 1625 sacrosancta
3253 1578 3420 1618 carne
3473 1559 3697 1614 dolores

2097 1679 2287 1725 nostra
2316 1681 2485 1724 causa
2522 1659 2862 1736 perpessus?
2909 1659 3043 1725 Quae
3087 1653 3358 1712 sententia
3422 1651 3495 1725 ab
3541 1653 3690 1718 Apo-

2098 1762 2245 1819 stolo
2277 1768 2504 1830 accepta
2530 1764 2616 1811 est
2642 1753 2862 1809 dicente
2895 1769 2908 1804 :
2935 1749 3115 1821 Igitur
3133 1743 3581 1818 quemadmodum
3602 1755 3695 1810 per

2094 1858 2254 1913 unius
2287 1857 2540 1910 delictum
2566 1852 2622 1906 in
2649 1849 2885 1903 homines
2924 1844 2994 1899 ad
3025 1839 3540 1898 condemnationem,
3619 1833 3697 1889 sic

2091 1954 2256 2008 etiam
2320 1965 2412 2020 per
2465 1948 2625 2000 unius
2665 1941 2947 2013 justitiam
2985 1940 3042 1993 in
3090 1950 3270 1992 omnes
3332 1932 3568 1986 homines
3627 1928 3697 1981 ad

405 2059 620 2114 quoque
664 2042 776 2099 vita
822 2041 1044 2112 spoliati
1082 2055 1299 2105 sumus,
1343 2040 1453 2095 hoc
1497 2047 1604 2102 est,
1644 2036 1897 2094 dissoluti
1928 2049 1994 2091 ac
2085 2043 2531 2115 justiﬁcationem
2566 2038 2686 2092 vitm
2711 2035 2781 2089 ³⁸.

401 2136 598 2206 dilapsi
629 2135 685 2190 in
724 2145 899 2192 morte
927 2142 982 2191 et
1011 2134 1365 2203 corruptione
1390 2133 1721 2189 mansimus.

471 2228 591 2284 Col.
623 2227 748 2289 515.
781 2227 847 2285 Α.
892 2224 1010 2283 Hoc
1046 2226 1248 2296 festum
1299 2235 1376 2282 est
1406 2241 1423 2290 ',
1478 2224 1577 2278 hoc
1620 2222 1874 2278 hodierno
1908 2221 1994 2275 die

399 2322 753 2383 celebramus,
785 2328 891 2383 etc,
946 2318 1241 2375 Professus
1276 2333 1336 2374 se
1382 2317 1489 2371 dici
1534 2315 1700 2386 hujus
1743 2316 1853 2371 vim
1901 2315 1993 2369 dc-

397 2417 763 2480 elaraturum,
800 2427 946 2471 nunc
976 2420 1220 2481 praestat,
1272 2408 1417 2478 quod
1443 2406 1719 2478 promisit,
1750 2407 1941 2462 dicens
1969 2422 1985 2458 :

396 2509 763 2567 Celebramus
790 2505 883 2561 Dei
917 2505 983 2559 ad
1019 2520 1119 2560 nos
1147 2517 1456 2565 accessum.
1504 2498 1753 2559 Accessit
1784 2509 1991 2564 autem,

400 2613 465 2660 ut
519 2618 622 2658 nos
673 2601 742 2661 ad
793 2615 919 2655 eum
969 2613 1196 2670 peregre
1248 2594 1700 2666 proficiscamur,
1736 2592 1859 2661 ;vel,
1934 2599 1996 2646 ut

403 2697 582 2766 magis
642 2695 865 2766 proprie
916 2694 1135 2757 dicam,
1201 2698 1563 2746 revertamur.
1645 2684 1993 2756 Peregrinari

402 2793 551 2849 enim
585 2793 709 2862 quis
743 2791 973 2854 dicitur,
1022 2804 1148 2844 cum
1198 2789 1265 2842 ad
1308 2802 1436 2841 eum
1468 2785 1672 2847 locum,
1729 2782 1795 2838 ad
1830 2796 1992 2853 quem

404 2898 692 2953 nunquam
740 2891 902 2939 antea
951 2880 1236 2949 profectus
1267 2876 1463 2940 fuerat,
1517 2890 1577 2930 se
1617 2872 1875 2931 confert:
1910 2887 1997 2927 rc-

405 2978 544 3033 verti
597 2984 805 3038 autem,
854 2988 982 3031 cum
1029 2973 1210 3029 locum
1256 2984 1384 3026 eum
1438 2968 1658 3038 repetit,
1705 2966 1771 3022 ad
1827 2978 1994 3036 quem

405 3067 703 3139 aliquando
731 3073 1068 3136 perrexerat.
1129 3063 1402 3130 Quoniam
1453 3061 1617 3131 igitur
1669 3059 1852 3115 anima
1899 3072 1994 3112 no-

2169 2111 2309 2191 lbid.
2360 2132 2630 2199 Quocirca
2666 2144 2766 2182 non
2797 2135 2855 2180 ut
2880 2126 2932 2180 in
2959 2122 3189 2195 publicis
3218 2118 3371 2190 {estis
3393 2115 3512 2187 ﬁeri
3540 2111 3695 2175 solet,

2092 2230 2186 2285 sed
2210 2228 2404 2291 divine,
2440 2234 2549 2280 etc.
2605 2222 2900 2289 Quocirca,
2956 2213 3153 2285 inquit,
3208 2211 3409 2267 festum
3454 2206 3698 2262 ceiebre-

2094 2337 2245 2380 mus.
2298 2334 2405 2373 non
2435 2325 2497 2371 ut
2528 2327 2646 2369 mos
2673 2320 2759 2368 est
2803 2312 2858 2365 in
2907 2307 3141 2379 publicis
3187 2303 3342 2358 festis
3374 2307 3428 2355 et
3461 2295 3699 2353 celebri-

2098 2414 2306 2470 tatibus
2345 2428 2444 2482 per
2486 2411 2676 2469 luxum
2730 2413 2787 2460 et
2828 2403 3110 2459 lasciviam
3165 2406 3330 2468 atque
3376 2386 3698 2462 huiusmodi

2096 2481 2544 2568 oblectationem,
2581 2498 2677 2556 sed
2713 2494 3073 2569 spiritualiter
3118 2497 3286 2557 atque
3336 2494 3396 2540 ut
3430 2481 3544 2538 Deo
3577 2494 3705 2550 gra-

2096 2607 2213 2653 tum
2244 2605 2348 2659 est,
2383 2608 2493 2648 non
2525 2588 2714 2646 mundi
2752 2586 2881 2653 ritu,
2931 2585 2983 2639 id
3009 2593 3115 2647 est,
3150 2574 3525 2647 voluptuarie,
3554 2580 3610 2627 et
3641 2576 3702 2623 ut

2098 2685 2292 2743 mundi
2327 2683 2586 2754 princeps
2612 2678 2789 2750 cupit,
2838 2677 2932 2731 sed
2963 2687 3129 2743 supra
3166 2666 3358 2724 mundi
3406 2665 3599 2730 ritum,
3646 2659 3702 2712 id
3748 2728 3759 2733 ί

2097 2793 2204 2848 est,
2237 2776 2509 2849 angelice,
2546 2789 2654 2830 non
2686 2787 2776 2828 res
2809 2777 3050 2829 nostras,
3099 2763 3151 2818 id
3178 2770 3285 2827 est,
3333 2771 3457 2829 qua:
3484 2754 3549 2810 ad
3585 2752 3709 2807 cul~

2102 2885 2220 2932 tum
2268 2847 2330 2928 et:
2375 2866 2781 2927 observantiam
2834 2860 3028 2925 nostri,
3071 2857 3163 2914 sed
3210 2869 3333 2925 quae
3389 2849 3457 2905 ad
3492 2847 3704 2903 cultum

2100 2967 2602 3036 Cbristispectent,
2659 2959 2754 3029 qui
2803 2967 3071 3026 cognatus
3117 2948 3341 3019 quidem
3392 2950 3579 2998 noster
3619 2945 3707 2992 est

2101 3068 2368 3132 quantum
2407 3057 2474 3113 ad
2503 3051 2929 3116 humanitatem,
2967 3044 3240 3101 Dominus
3289 3047 3473 3095 autem
3520 3049 3704 3105 quan-

405 3161 493 3217 liis
524 3176 556 3216 a
592 3159 706 3217 Deo
752 3158 1018 3229 inspirata
1071 3126 1178 3220 est,
1231 3156 1392 3226 eique
1427 3126 1731 3226 aliquando
1766 3152 1995 3223 propin-
2028 3173 2078 3239 ε
2108 3126 2224 3211 tum
2255 3155 2324 3210 ad
2350 3151 2722 3215 divinitatem,
2755 3158 2863 3200 non
2891 3156 3016 3214 quae
3042 3136 3383 3195 inﬁrmitatis
3424 3139 3574 3194 sunt,
3608 3126 3706 3182 sed

408 3256 506 3326 qui
529 3267 774 3317 eramus.
806 3267 914 3309 non
947 3250 1172 3320 quidem
1197 3251 1319 3307 loco
1346 3249 1443 3307 sed
1473 3248 1781 3309 voluntate.
1810 3244 2005 3302 animi.

408 3364 519 3419 que
553 3348 828 3409 instituto,
876 3360 1066 3400 verum
1106 3352 1334 3414 propter
1383 3349 1668 3412 peccatum
1706 3341 1777 3396 ab
1808 3354 1877 3394 eo
1907 3354 2006 3394 ex-

408 3441 667 3505 cidimus,
698 3440 985 3509 aptissimo
1021 3437 1295 3492 vocabulo
1325 3446 1519 3507 nostra
1552 3452 1676 3492 cum
1730 3434 1843 3489 Deo
1877 3449 2009 3489 con-

405 3531 626 3603 junctio
652 3538 708 3585 et
728 3528 1044 3589 conciliatio
1077 3529 1285 3582 reditus
1315 3526 1618 3596 appellatur
1650 3544 1663 3581 :
1700 3534 1780 3589 ut,
1814 3542 2000 3595 quem-

410 3621 705 3679 admodum
729 3621 806 3676 ait
828 3619 1096 3686 l’aulus",
1121 3629 1407 3689 peccatum
1426 3626 1583 3675 vetus
1605 3632 1713 3673 non
1744 3631 1907 3674 secus
1928 3630 1994 3671 ac

414 3726 623 3772 vestem
661 3713 964 3784 quamdam
1011 3711 1286 3771 coriosam
1339 3726 1406 3768 ae
1461 3720 1733 3766 vetustate
1789 3723 2007 3764 erosam

416 3805 736 3879 abjicieotes
787 3819 993 3863 novum
1043 3805 1326 3861 hominem
1375 3802 1704 3867 indoamus,
1752 3800 1858 3856 hoc
1897 3810 2004 3865 est,

418 3899 715 3963 virtutem,
774 3905 871 3952 aut
916 3895 1083 3955 etiam
1133 3894 1315 3965 ipsum
1372 3893 1690 3956 Christum,
1741 3899 1797 3947 et
1845 3890 2011 3955 sicut,

409 3991 568 4062 juxta
611 3989 867 4049 eumdem
923 3987 1250 4059 Apostolum
1279 3987 1368 4054 ³⁸,
1434 3986 1491 4041 in
1547 3986 1760 4042 Adamo
1806 3982 2013 4038 mortui

414 4097 630 4148 sumus,
659 4080 878 4136 mortali
911 4078 1129 4137 scilicet
1160 4078 1305 4137 facta
1336 4075 1511 4148 ipsius
1545 4085 1766 4139 natura,
1803 4073 2011 4140 talique

416 4174 485 4229 ad
515 4186 765 4244 posteros
795 4171 1102 4238 transfusa,
1174 4171 1256 4229 sic
1299 4170 1354 4224 in
1394 4167 1617 4225 Christo
1655 4179 1880 4236 quoque
1927 4165 2009 4218 vi-

412 4282 633 4331 vamus,
674 4281 770 4335 per
812 4278 937 4321 eum
982 4279 1181 4325 rursus
1227 4261 1295 4318 ad
1356 4248 1823 4317 immortalitatem
1854 4273 2015 4314 revo-

415 4359 550 4425 cati,
613 4372 741 4417 cum
795 4356 1001 4417 Christi
1038 4371 1145 4417 una
1198 4364 1490 4413 nascentes
1528 4367 1633 4429 per
1677 4351 2015 4422 baptismum

415 4449 873 4521 regenerationis,
902 4463 1014 4511 una
1044 4448 1197 4509 cruci
1233 4446 1385 4505 altixi
1411 4461 1507 4517 per
1533 4444 1866 4502 laboriosam
1890 4443 2016 4500 vitae

415 4542 680 4614 degendae
728 4542 1027 4607 rationem,
1077 4555 1185 4597 una
1219 4538 1419 4610 sepulti
1469 4554 1565 4610 per
1595 4536 1893 4597 aﬂcctuum
1924 4553 2017 4592 οι·
2046 4518 2092 4574 θ

418 4637 798 4693 stinctionem.
835 4633 1315 4702 Quemadmodum
1349 4641 1536 4693 autem
1578 4631 1801 4688 litterali
1849 4646 2018 4687 senisu

415 4727 705 4781 cruciﬁxio
736 4734 791 4780 et
819 4724 1105 4795 sepultura
1138 4725 1283 4784 inter
1313 4737 1377 4780 se
1402 4721 1693 4787 ditl’eruut,
1736 4722 1816 4778 sic
1848 4721 2015 4778 etiam

419 4819 696 4890 spirituali
725 4827 778 4878 et
810 4818 1129 4888 allegorice.
1161 4816 1462 4875 Crucitixio
1494 4816 1641 4873 enim
1665 4813 2016 4873 atllietionem

416 4924 472 4969 et
501 4914 820 4984 patientiam
845 4912 1134 4981 animique
1180 4911 1238 4965 in
1271 4910 1533 4982 gravibus
1569 4909 1898 4980 acernisque
1929 4923 2018 4963 re-

416 5008 525 5067 bus
558 5007 900 5077 perferendis
935 5004 1319 5068 fortitudinem
1347 5002 1624 5073 designat,
1676 5017 1785 5061 non
1830 5011 2015 5057 tamen

421 5101 695 5171 ejusmodi
750 5100 922 5165 animi
965 5097 1447 5163 constitutionem.
1493 5112 1604 5168 qua
1648 5096 1903 5153 dolorum
1947 5108 2016 5149 ex

421 5198 687 5259 Virtutum
718 5198 872 5257 cultu
918 5207 1084 5267 atque
1128 5198 1452 5265 operatione
1497 5191 1844 5249 nascentium
1890 5204 2017 5245 sen-

421 5304 518 5369 sus
549 5289 733 5347 omnis
763 5298 986 5359 mestos
1029 5289 1121 5351 sit,
1175 5286 1471 5357 Sepultum
1519 5294 1704 5340 autem
1754 5280 2016 5354 periectas

424 5392 479 5437 et
505 5383 841 5448 omnimodae
862 5382 1161 5445 affectuum
1187 5379 1627 5439 nwrtiticatiouis
1657 5376 1876 5447 signum
1905 5384 2012 5432 est.

423 5472 578 5531 Hanc
627 5477 966 5537 resurrectio
1005 5474 1278 5546 sequitur,
1333 5471 1386 5527 id
1429 5480 1539 5537 est,
1589 5469 1837 5526 absoluta
1883 5482 2017 5524 con-

425 5568 709 5636 templatio
743 5583 807 5625 ac
840 5568 1134 5627 deiﬁcatio.
1162 5566 1439 5623 Praeclara
1463 5564 1610 5621 enim
1636 5574 1691 5618 et
1722 5560 2014 5618 laudabilis

426 5665 719 5723 conversio
764 5664 923 5721 nobis
974 5661 1263 5718 sentienda
1295 5668 1403 5725 est,
1451 5669 1510 5713 ut
1545 5656 2012 5728 quemadmodum

2110 3264 2235 3321 qua
2292 3241 2617 3302 curationis.
2689 3238 3009 3308 Congruere
3060 3228 3206 3287 enim
3263 3226 3372 3283 diei
3439 3219 3714 3295 mysterio

2111 3315 2275 3399 debet
2296 3339 2421 3396 festi
2450 3333 2771 3393 celebratio.
2806 3330 2886 3385 Ac
2904 3330 2949 3384 si
2982 3326 3204 3398 quidem
3235 3322 3305 3376 ob
3336 3315 3711 3377 infirmitates,

2112 3438 2169 3492 in
2196 3449 2339 3506 quas
2364 3428 2685 3493 incidimus,
2732 3424 2877 3481 diem
2928 3420 3128 3477 festum
3182 3425 3496 3485 ageremus,
3550 3414 3711 3477 petu-

2118 3529 2291 3583 lanter
2321 3537 2376 3581 et
2404 3522 2609 3580 lascive
2659 3519 2861 3574 festum
2905 3510 3291 3568 celebrandum
3340 3510 3510 3561 esset.
3555 3499 3714 3555 Infir-

2115 3620 2327 3675 mitatis
2359 3617 2506 3671 enim
2538 3623 2625 3670 est
2676 3608 3011 3666 comessatio
3048 3615 3214 3674 atque
3258 3590 3712 3666 intemperantia.

2113 3710 2389 3780 Quoniam
2419 3692 2602 3763 autem
2639 3700 2922 3758 contraria
2949 3711 3119 3752 causa
3150 3691 3512 3763 impellimur,
3549 3694 3725 3752 atque

2115 3776 2328 3860 idcirco
2355 3800 2500 3856 diem
2534 3795 2733 3851 festum
2762 3789 3013 3862 agimus,
3053 3784 3180 3857 quia
3232 3780 3508 3837 medicina
3556 3776 3726 3831 nobis

2115 3895 2281 3951 allata
2308 3901 2413 3957 est,
2484 3888 2552 3944 ad
2581 3884 2750 3956 hujus
2776 3882 2901 3939 festi
2926 3878 3361 3935 celebrationem
3406 3868 3720 3926 adhibenda

2115 3998 2199 4044 est
2246 3978 2607 4053 temperantia
2659 3996 2674 4032 :
2720 3973 3013 4032 medicina
3064 3966 3337 4037 siquidem
3397 3970 3481 4018 est
3510 3970 3723 4030 tempe-
3780 4002 3783 4003 ν

2117 4078 2322 4143 rentia,
2352 4080 2541 4145 utpote
2566 4087 2690 4143 qua:
2710 4071 2908 4124 anima:
2937 4063 3281 4121 curationem
3309 4057 3462 4112 velut
3483 4069 3714 4124 scopum

2118 4171 2223 4227 sibi
2279 4173 2565 4240 proponat.
2611 4163 2731 4219 Non
2773 4175 2838 4223 ea
2889 4173 3013 4229 quae
3053 4152 3396 4211 creationis.
3447 4147 3541 4202 sed
3593 4159 3719 4213 qua:

2117 4260 2472 4321 recreationis
2501 4268 2669 4328 atque
2706 4249 3146 4310 instaurationis.
3223 4245 3360 4301 Nam
3390 4244 3719 4308 incorporea

2121 4355 2506 4428 procreatione
2546 4364 2816 4422 corporea
2861 4347 3053 4417 utique
3099 4351 3205 4408 est,
3264 4347 3376 4394 tam
3423 4337 3540 4407 ipsa
3592 4349 3720 4405 pro-

2120 4450 2353 4518 creatio,
2393 4462 2561 4518 quam
2597 4442 2864 4501 solemnis
2898 4439 3078 4495 laetitia
3132 4444 3356 4506 prapter
3390 4445 3512 4487 eam
3554 4426 3720 4482 insti-

2122 4556 2239 4603 tuta
2278 4563 2294 4601 :
2332 4552 2389 4598 at
2426 4558 2553 4599 cum
2601 4536 2871 4596 recreatis
2901 4543 2958 4589 et
3001 4528 3330 4587 instauratio
3363 4534 3549 4579 iiostra
3602 4519 3721 4589 spi-

2123 4640 2302 4696 ritalis
2348 4653 2414 4693 ae
2462 4635 2647 4692 divina
2689 4613 2785 4695 sit,
2837 4623 3161 4696 spiritaliter
3193 4632 3415 4690 quoque
3444 4630 3509 4669 ac
3533 4612 3729 4668 divine

2123 4734 2327 4791 festum
2359 4728 2679 4802 agitandum
2706 4730 2808 4779 est.
2853 4720 3027 4775 Porro
3074 4714 3411 4771 creationem
3459 4708 3566 4762 hoc
3597 4706 3727 4761 loco

2124 4841 2234 4882 non
2268 4825 2501 4895 primam
2553 4820 2703 4874 illam
2740 4811 3015 4882 intelligit,
3063 4821 3172 4878 qua
3208 4802 3466 4860 Christus
3491 4809 3725 4869 accepto

2123 4934 2156 4976 e
2198 4891 2341 4973 terra
2375 4915 2597 4986 pulvere
2628 4906 2885 4964 manibus
2915 4899 3154 4973 propriis
3195 4895 3475 4951 hominem
3509 4906 3540 4945 a
3572 4891 3721 4962 prin-

2126 5008 2272 5079 cipio
2302 5004 2481 5067 tinxit,
2523 5000 2618 5055 sed
2650 5005 2901 5052 mutuam
2933 4992 3082 5048 illam
3110 4985 3542 5046 successionem,
3595 4995 3726 5049 quae

2122 5075 2224 5173 per
2252 5094 2665 5170 generationem
2696 5091 2777 5154 tit,
2832 5101 2941 5158 qua
2967 5098 3070 5140 nos
3096 5079 3360 5137 mortales
3394 5075 3722 5131 naturaliter

2124 5168 2182 5249 in
2215 5168 2466 5247 materno
2499 5194 2690 5240 ventre
2714 5182 2994 5252 ﬁngimur.
3033 5174 3093 5231 ld
3138 5184 3319 5230 autem
3355 5171 3458 5227 hac
3494 5168 3719 5224 demum

2125 5288 2343 5343 ratione
2382 5292 2812 5351 consequemur,
2861 5275 2907 5332 si
2953 5273 3113 5345 juxta
3143 5266 3411 5337 Theologi
3459 5265 3717 5320 cohort»-

2125 5379 2331 5435 tionem
2355 5372 2721 5446 spiritualiter
2742 5368 2943 5425 festum
2975 5363 3341 5420 celebremus.
3390 5357 3509 5413 Nec
3547 5356 3718 5411 arbo-

2125 5486 2246 5527 rum
2308 5468 2504 5533 ramis,
2556 5473 2619 5520 ut
2682 5462 2868 5517 facere
2925 5456 3154 5529 quidam
3207 5453 3264 5508 in
3308 5449 3466 5507 festis
3515 5447 3718 5509 solent,

2127 5561 2326 5618 aedium
2355 5555 2631 5614 vestibula
2659 5554 2964 5623 cingamus,
2990 5563 3091 5603 nec
3121 5544 3267 5616 quod
3297 5539 3556 5613 turpioris
3579 5538 3718 5592 mol-

2124 5655 2262 5711 litiei
2318 5661 2424 5718 est,
2486 5648 2716 5706 choreas
2764 5653 2922 5703 extra
2979 5639 3274 5698 ecclesiam
3333 5630 3721 5696 conﬁciemus,

499 5826 547 5859 ⁸³
576 5824 792 5883 Coloss.
820 5839 906 5889 ιιι,
936 5824 992 5880 9.
1037 5822 1083 5856 “
1112 5820 1284 5878 lCor.
1318 5836 1408 5893 xv,
1434 5818 1528 5875 22.
1571 5819 1617 5852 “
1644 5818 1804 5876 Rom.
1830 5834 1884 5889 v,
1919 5818 2002 5873 20.

2123 5814 2257 5872 ibid.
2291 5813 2380 5868 l8.
