4100 6464
420 354 551 421 1187

1824 355 1860 410 Α
1874 351 2204 412 DDENDA.

3563 355 3697 418 ll‘iﬂ

2751 419 2784 453 ρ

414 471 700 542 nec,quod
739 474 910 542 magis
943 471 1201 541 populare
1219 470 1492 533 est,vicos
1526 468 1743 523 urbium
1769 484 2002 523 exorne-
2030 465 2084 523 Α
2110 477 2340 538 spectat,
2392 484 2454 523 ac
2507 470 2715 525 libidini
2772 470 3034 541 indulget,
3078 471 3318 539 vitioque
3355 470 3588 525 obrutus
3630 475 3694 525 ad

414 581 560 629 mus,
581 565 834 620 diversas
850 564 1065 619 eximirc
1082 564 1433 633 supellectilis
1455 564 1665 632 species
1689 563 1756 615 ad
1781 578 1995 627 eorum,

412 656 507 723 qui
541 655 605 709 ad
643 654 841 710 festum
875 654 1181 717 conﬂuunt,
1232 657 1654 711 oblectationem
1689 656 1999 726 appendeu-

414 756 517 805 tes.
553 759 673 809 nec,
713 745 859 814 quod
889 746 1092 801 [ceditis
1124 755 1226 806 est.
1256 748 1509 802 absurdis
1540 750 1996 817 praestigiatorum

413 834 925 897 gesticulationibus
983 846 1078 890 aut
1113 852 1405 906 corporum
1458 840 1771 908 aspectibus
1838 842 1997 896 volu-

407 927 573 993 ptatis
604 926 854 981 aculeum
878 928 1257 985 emittentibus
1283 932 1471 987 oculos
1507 947 1815 1001 pascamus.
1851 935 2000 1001 Epu-

413 1017 522 1068 lum
584 1018 728 1072 enim
791 1034 856 1074 ac
901 1021 1151 1091 voluptas
1202 1024 1482 1079 oculorum
1529 1034 1612 1080 cst
1671 1042 1733 1080 ea
1781 1028 2000 1083 curiose

412 1109 773 1179 intueri,qute
805 1114 1027 1167 minime
1059 1118 1334 1171 convenit.
1359 1115 1531 1173 Orsus
1559 1129 1741 1174 autem
1764 1119 1998 1176 Theolo-

410 1217 514 1271 gus
557 1218 752 1259 sensus
793 1216 1011 1263 nostros
1041 1224 1397 1278 componere,
1449 1226 1643 1266 omnes
1691 1225 1996 1279 enumerat,

410 1309 475 1347 ac
523 1295 700 1362 primo
749 1299 970 1367 quidem
1026 1300 1231 1364 visum,
1287 1302 1380 1372 qui
1435 1318 1696 1358 sensuum
1752 1307 1997 1361 omnium

408 1386 666 1454 princeps
712 1400 795 1444 est
829 1409 840 1442 :
872 1399 993 1458 post
1038 1394 1310 1457 auditum,
1356 1395 1557 1464 jubens
1600 1408 1657 1451 ut
1683 1414 1997 1465 caveamus,

410 1492 478 1530 ne
513 1493 611 1548 per
640 1495 802 1536 aures
829 1484 1080 1538 obscenae
1109 1487 1391 1543 cautiones
1419 1489 1473 1541 in
1507 1491 1721 1545 animos
1747 1491 1997 1547 inﬂuant.

408 1566 546 1624 Nam
578 1586 642 1625 ex
682 1572 996 1644 hujusmodi
1033 1579 1258 1634 musica:
1284 1596 1484 1650 genere
1530 1583 1886 1652 abjcctissimi
1936 1602 2000 1641 ac

411 1662 772 1719 sordidissimi
816 1667 1042 1723 elicctus
1097 1672 1247 1727 nasci
1294 1675 1491 1729 solent.
1550 1674 1780 1741 Quidam
1832 1680 1994 1733 etiam

410 1754 478 1808 ad
509 1756 700 1812 tibiam
760 1758 968 1816 furiose
1018 1765 1219 1819 saltant
1271 1781 1335 1821 ac
1386 1768 1845 1837 pcrbacchantur,
1893 1773 1997 1827 hoc

408 1858 512 1910 est,
551 1848 955 1919 lymphatorum
994 1856 1275 1911 hominum
1319 1874 1385 1913 ac.
1438 1860 1748 1917 damonum
1787 1864 1996 1919 intem-

409 1940 580 2006 periis
627 1944 957 2011 agitatorum
1003 1950 1239 2017 speciem
1286 1953 1552 2021 praebent.
1603 1954 1722 2009 Jam
1752 1972 1879 2011 vero
1913 1959 1996 2011 ol-

410 2028 613 2086 l'uctuut
668 2037 876 2091 emollit
930 2047 1091 2109 atque
1126 2041 1406 2098 eﬂ'eminat
1453 2046 1844 2103 deliciosorum
1893 2067 1997 2103 un-

408 2133 736 2192 guentorum
788 2130 925 2185 odor
971 2149 984 2186 :
1034 2144 1089 2188 et
1141 2136 1348 2205 alioqui
1397 2143 1693 2210 unguentis
1741 2142 1995 2209 perfundi

410 2216 697 2275 muliebris
717 2231 794 2275 est
837 2223 1095 2281 laSriviaz.
1129 2228 1536 2285 Lenocinamur
1570 2244 1752 2288 autem
1787 2241 1993 2302 gustui,

411 2325 536 2365 cum
563 2312 810 2369 ciborum
839 2317 1209 2387 voluptatibus
1231 2323 1410 2387 ipsum
1435 2325 1765 2380 addicimus.
1796 2325 1996 2383 Tactus

391 2403 648 2473 .denique
698 2409 866 2476 gratia
923 2419 975 2464 ct
1021 2412 1323 2468 oblectatio
1366 2424 1452 2469 est
1494 2416 1636 2470 foede
1691 2426 1853 2485 atque
1900 2420 1995 2474 ob-

412 2509 575 2550 scene
639 2512 866 2569 corpora
923 2512 1165 2575 tangere.
1232 2506 1504 2572 Quidnam
1566 2520 1747 2565 autem
1798 2511 1998 2567 dixerit

410 2589 684 2658 quispiam
718 2595 784 2647 ad
818 2595 1071 2652 homines
1096 2614 1123 2650 a
1147 2601 1537 2667 conquirendis
1566 2610 1744 2655 tactus
1778 2615 1997 2673 gustus-

409 2694 517 2749 que
575 2684 941 2754 voluptatibus
973 2689 1364 2756 dehortandos,
1405 2694 1509 2747 nisi
1554 2696 1698 2763 quod
1743 2712 1861 2759 eos,
1898 2698 1992 2767 qui

409 2774 465 2826 in
519 2775 627 2831 illis
674 2783 1070 2849 persequendis
1120 2786 1366 2841 studiose
1417 2799 1776 2858 occupantur,
1831 2808 1998 2860 pecu-

408 2864 539 2921 dum
582 2871 746 2925 vitam
796 2874 998 2928 imitari
1039 2887 1261 2946 cogunt,
1296 2894 1428 2947 quas
1462 2881 1513 2934 in
1543 2892 1786 2937 ventrem
1819 2895 1871 2938 et
1900 2899 1995 2940 ve.

410 2974 594 3016 nerem
631 2978 832 3029 pronas
864 2974 1059 3022 natura
1092 2970 1296 3024 tinxit?
1338 2973 1537 3041 Atque,
1569 2983 1624 3029 ut
1661 2991 1771 3029 rem
1807 2978 1995 3047 paucis

2103 564 2406 633 llagitiosos
2437 579 2769 635 congressus
2818 578 2882 619 ac
2930 574 3122 633 turpes
3152 564 3463 634 voluptates
3518 563 3695 619 l‘ertur

2103 663 2156 707 et
2183 653 2571 709 inﬂammatur.
2616 655 2960 711 Comessatio
2989 657 3134 710 enim
3177 666 3231 708 et
3277 657 3518 711 ebrietas
3548 658 3699 712 velut

2103 747 2232 801 mali
2286 747 2532 816 magistri
2582 748 2892 802 doctrinam
2950 748 3147 801 malam
3192 748 3245 801 in
3289 749 3535 801 animum
3588 749 3698 801 im-

2104 839 2352 903 mittunt,
2384 839 2737 893 concubitum
2770 855 2968 909 nempe
2999 856 3064 894 ae
3097 839 3400 895 libidinem.
3461 837 3559 893 Vel
3594 854 3696 909 po-

2105 932 2236 998 tius,
2272 933 2533 1001 quoniam
2564 936 2764 986 docere
2796 932 3015 1001 proprie
3044 933 3225 986 anima
3274 930 3516 1000 praeditis
3558 946 3695 985 eou-

2102 1023 2272 1085 venit,
2307 1022 2488 1091 aptius
2521 1022 2685 1078 fuerit
2728 1023 3047 1077 ebrietatem
3095 1037 3281 1078 semen
3310 1022 3512 1087 dicere,
3542 1021 3694 1099 _libi-

2102 1114 2284 1168 dinem
2326 1123 2508 1168 autem
2540 1124 2775 1182 segetem
2807 1130 2872 1167 ac
2905 1129 3164 1168 messem.

2179 1206 2313 1261 Ibid.
2349 1206 2411 1261 C.
2460 1206 2566 1260 Nec
2608 1218 2748 1260 toros
2778 1209 2921 1260 altos
2964 1207 3212 1276 ﬁgamus,
3266 1206 3435 1258 ventri
3475 1205 3694 1258 delicias

2102 1311 2415 1365 sternentes,
2449 1309 2558 1356 etc.
2610 1300 2886 1356 Usitatum
2917 1309 3039 1355 erat
3073 1301 3125 1353 in
3164 1299 3317 1354 festis
3353 1299 3691 1367 publicisque

2103 1394 2374 1450 conviviis
2423 1409 2591 1463 super
2645 1408 2866 1448 mensas
2901 1394 3090 1447 lances
3116 1405 3344 1462 ponere,
3383 1394 3436 1445 in
3491 1392 3690 1459 quibus

2103 1502 2299 1542 carnes
2346 1489 2638 1542 acervatim
2689 1488 2743 1542 in
2792 1488 2962 1541 altum
2999 1485 3441 1555 congerebantur
3473 1500 3487 1535 :
3519 1497 3692 1550 eaque

2102 1594 2191 1633 res
2219 1582 2444 1642 στοισὰς
2475 1581 2798 1642 vocabatur,
2849 1596 2912 1633 ac
2955 1579 3252 1647 quamdam
3311 1576 3533 1631 tentorii
3582 1575 3694 1628 [ιη’-

2102 1688 2247 1726 mam
2280 1673 2523 1741 gerebat.
2582 1670 2677 1726 Vel
2720 1669 3200 1740 σκηνοποιοῦντες,
3236 1670 3286 1723 id
3319 1676 3424 1731 est,
3459 1684 3532 1733 ex,
3558 1677 3697 1720 tem-

2109 1780 2241 1836 pore
2269 1776 2599 1836 apparentes
2635 1766 2810 1819 ventri
2861 1781 2949 1832 ea,
2996 1779 3118 1834 qum
3152 1764 3217 1818 ad
3272 1763 3497 1818 delicias
3525 1761 3696 1831 perti-

2106 1868 2317 1913 nerent.
2356 1857 2492 1922 ,Vel,
2541 1857 2699 1927 quasi
2744 1857 2796 1910 in
2837 1855 3195 1910 tabernaculo
3224 1854 3463 1925 quodam
3491 1862 3545 1907 et
3575 1852 3698 1905 loco

2104 1965 2427 2021 perammno
2460 1951 2633 2005 ventri
2660 1950 2889 2005 delicias
2914 1949 3209 2003 aﬂ‘erentes
3248 1964 3263 2000 :
3304 1947 3408 2009 vel,
3460 1959 3554 2015 per
3600 1944 3699 1998 de-

2104 2044 2260 2099 licias
2293 2052 2537 2097 ventrem
2572 2043 2840 2097 foventes.
2879 2040 3242 2094 Tabernacnli
3294 2040 3440 2093 enim
3485 2048 3539 2091 et
3576 2048 3700 2092 ten-

2112 2137 2237 2192 torii
2270 2136 2554 2205 proprium
2583 2142 2668 2188 est
2705 2134 2908 2187 lovere.
2964 2133 3139 2186 Porro
3163 2130 3469 2197 ἀνθοσμίας
3505 2129 3694 2181 vinum

2103 2238 2187 2284 est
2214 2228 2450 2297 pulchro
2496 2228 2682 2281 colore
2724 2240 2788 2279 ac
2818 2226 2971 2280 suavi
3026 2223 3195 2277 odore
3246 2222 3560 2291 praeditum,
3612 2218 3696 2273 vel

2104 2324 2249 2393 quod
2280 2320 2593 2377 suavissimi
2648 2318 2799 2372 ﬂoris
2848 2316 3074 2370 odorem
3126 2312 3318 2369 refert.
3373 2310 3694 2372 Lenocinia,

2104 2417 2292 2471 Grazce
2327 2412 2695 2483 μαγγανείας,
2723 2412 2773 2465 id
2811 2419 2918 2474 est,
2953 2408 3287 2478 superﬂuos,
3323 2405 3595 2466 curiosos,
3631 2417 3697 2457 ac

2105 2509 2438 2576 multiplices
2489 2514 2809 2577 apparatus.
2877 2502 3190 2556 Pretiosum
3245 2507 3427 2552 autem
3483 2506 3691 2551 stercus

2102 2617 2198 2672 per
2226 2608 2598 2669 contemptum
2625 2596 2855 2651 delicias
2882 2603 3042 2648 vocat
3075 2611 3089 2647 :
3116 2591 3413 2663 pretiosum
3448 2587 3687 2657 quidem,

2102 2693 2233 2763 quia
2265 2688 2538 2760 principio
2582 2703 2710 2743 cum
2762 2702 2979 2742 summa
3009 2683 3275 2738 aviditate
3307 2687 3636 2751 expetuntur
3667 2693 3682 2729 :

2103 2796 2314 2841 stercus
2366 2793 2572 2844 autem,
2603 2781 2731 2850 quia
2776 2778 3021 2833 concocti
3069 2777 3177 2831 cibi
3227 2775 3281 2829 in
3340 2782 3552 2828 stercus
3591 2784 3687 2823 ex-

2102 2887 2421 2935 cernantur.
2465 2874 2734 2945 Ἀκρασία
2766 2873 3006 2941 denique
3048 2866 3431 2923 immoderatio
3464 2862 3690 2924 dicitur,

2104 2971 2250 3042 quod
2282 2984 2417 3025 usus
2448 2966 2780 3023 necessitate
2830 2963 3058 3019 minime
3095 2966 3451 3031 temperetur.
3499 2952 3691 3011 Enim-

410 3054 590 3108 verhis
625 3058 981 3125 complectar,
1028 3075 1247 3125 sensus,
1282 3063 1384 3117 nisi
1418 3064 1587 3132 probe
1612 3044 1892 3134 regantur,
1922 3069 1989 3123 ad
2019 3083 2062 3140 (ς
2098 3081 2230 3124 vero
2262 3078 2389 3118 cum
2419 3060 2630 3116 deliciis
2665 3058 2950 3127 indulgere
2973 3070 3068 3126 per
3115 3068 3175 3109 se
3220 3065 3384 3123 grave
3410 3054 3577 3140 alii“?
3601 3044 3691 3140 ln'

409 3143 599 3199 vitium
629 3147 820 3204 faciles
845 3161 973 3204 sunt
1005 3152 1104 3206 viae
1164 3155 1485 3225 peccatique
1506 3157 1711 3225 ianuae.
1763 3160 1863 3215 Per
1900 3176 1995 3216 eos

405 3239 609 3292 etenim
654 3240 719 3294 ad
774 3242 905 3297 vitia
939 3245 1100 3300 nobis
1139 3248 1323 3304 aditus
1350 3258 1520 3317 patet,
1564 3264 1629 3304 ac
1672 3265 1768 3319 per
1797 3266 1897 3306 eos
1938 3252 1993 3305 in

403 3328 651 3384 animum
699 3332 875 3388 inﬂuit
916 3343 1081 3406 atque
1122 3336 1292 3391 intrat
1336 3349 1641 3408 peccatum.
1691 3342 1773 3395 Ne
1808 3352 1993 3397 tenera

406 3432 556 3476 veste
605 3425 1040 3492 permolliamur,
1095 3443 1218 3494 qum
1270 3431 1491 3499 quidem
1543 3432 1891 3497 circumﬂuit,
1931 3450 1995 3489 ac

405 3511 616 3567 lubrica
646 3528 706 3569 se
738 3516 791 3569 in
828 3527 1002 3572 totum
1038 3534 1243 3589 corpus
1270 3522 1449 3577 fundit
1484 3540 1498 3577 :
1532 3524 1693 3594 idque
1722 3526 1991 3595 duplicem

405 3605 479 3660 ob
509 3620 756 3674 causam,
805 3618 919 3663 tum
965 3622 1185 3681 propter
1215 3616 1652 3684 superﬂuitatem
1689 3633 1752 3673 ac
1789 3620 1996 3675 lanita-

409 3706 543 3764 tem,
572 3708 686 3754 tum
719 3701 847 3770 quia
890 3703 942 3757 in
977 3720 1250 3760 summam
1288 3709 1540 3779 corporis
1576 3704 1993 3780 longitudinem,

406 3791 860 3865 latitudinemque
876 3800 1457 3867 protenditur.Tenera
1475 3814 1656 3859 autem
1674 3817 1761 3859 est
1778 3817 1997 3875 propter

407 3884 693 3942 mollitiem
728 3897 783 3943 et
812 3890 1127 3961 laevitatem,
1178 3902 1345 3963 atque
1382 3896 1548 3949 etiam
1586 3904 1810 3965 propter
1849 3898 1994 3952 nito-

405 3990 523 4031 rem
571 3995 585 4031 :
634 3980 688 4033 in
724 3997 834 4051 qua
865 3984 1034 4039 etiam
1057 3985 1193 4040 illud
1225 3989 1310 4042 vel
1357 3987 1655 4042 niaximum
1690 3990 1880 4043 vitium
1913 3991 1995 4043 in-

402 4078 509 4130 est,
538 4072 682 4141 quod
712 4081 771 4126 ut
796 4089 1029 4146 quaeque
1065 4078 1299 4132 summis
1329 4079 1640 4148 sumptibus
1668 4096 1995 4150 summaque

402 4161 670 4232 elegantia
719 4168 971 4222 conlecta
1020 4180 1138 4234 est,
1191 4170 1263 4224 ita
1319 4181 1545 4241 propter
1596 4174 1991 4242 parcimoniam

405 4256 644 4310 maxime
677 4258 887 4314 inutilis
909 4260 1076 4329 jacet,
1107 4276 1209 4318 nec
1242 4263 1414 4318 ullum
1443 4264 1530 4319 sui
1573 4281 1734 4320 usum
1764 4268 1994 4337 prabet.

401 4343 811 4405 Pulcherrimas
848 4352 993 4405 enim
1043 4368 1292 4424 quasque
1345 4365 1523 4411 vestes
1574 4374 1703 4413 arca
1751 4360 1991 4416 inclusas

2100 3163 2323 3230 dignum
2351 3156 2445 3219 sit,
2496 3162 2615 3209 tum
2648 3152 2820 3207 multo
2850 3150 3133 3218 indignius
3164 3154 3269 3212 est,
3321 3156 3448 3197 cum
3482 3138 3575 3193 alii
3608 3138 3693 3191 in-

2102 3253 2261 3307 terim
2317 3250 2462 3305 fame
2511 3247 2926 3318 opprimuntur.
2986 3241 3297 3308 Quinetiam
3363 3237 3481 3305 ipse
3534 3233 3692 3288 Plato

2099 3341 2342 3411 quodam
2378 3340 2498 3393 loco
2546 3339 2646 3400 ait,
2698 3334 2865 3404 Nugas
2898 3342 3052 3396 sunt,
3081 3327 3351 3402 quidquid
3384 3333 3472 3381 est
3500 3338 3695 3392 supcr-

2101 3434 2270 3487 ﬂuum
2308 3445 2416 3487 tam
2456 3432 2509 3485 in
2546 3429 2733 3487 rebus.
2771 3442 2935 3498 quam
2969 3427 3022 3479 in
3056 3422 3262 3480 verbis.

2174 3528 2307 3583 Ibid.
2339 3527 2398 3580 D.
2444 3525 2633 3579 Verum
2665 3524 2777 3577 lucc
2803 3520 3114 3591 gentilibus,
3147 3533 3212 3571 ac
3239 3514 3515 3586 gentilitiis
3547 3526 3694 3576 pom-

2099 3624 2181 3691 pis
2218 3620 2468 3690 festisque
2501 3618 2900 3686 relinquamus:
2930 3614 3020 3683 qui
3052 3612 3213 3664 etiam
3236 3609 3323 3672 iis,
3354 3617 3459 3661 etc.
3490 3603 3691 3659 Verum

2102 3716 2237 3775 luce,
2271 3712 2534 3766 nimirum
2567 3708 2781 3763 deliciis
2812 3715 2866 3760 et
2892 3704 3099 3759 ventris
3126 3700 3499 3770 voluptatibus
3533 3698 3691 3751 festis

2100 3805 2296 3859 diebus
2326 3802 2633 3870 indulgere,
2669 3799 2735 3853 ad
2763 3795 2994 3867 gentiles
3023 3794 3361 3864 rejiciamus,
3411 3790 3508 3860 qui
3558 3801 3688 3843 cum

2100 3900 2232 3952 deos
2276 3895 2515 3949 habeant
2548 3891 2948 3947 sacriﬁciorum
2985 3888 3139 3942 fumo
3175 3886 3499 3957 gaudentes,
3552 3881 3691 3936 nihil

2100 3988 2339 4042 alienum
2377 3986 2610 4050 faciunt,
2662 3999 2785 4038 cum
2840 3992 3087 4035 ventrem
3145 3978 3428 4034 l'arciendo
3471 3984 3686 4045 gratum

2102 4082 2234 4150 ipsis
2259 4081 2464 4135 cultum
2497 4078 2760 4133 exhibere
2812 4090 2872 4132 se
2914 4075 3278 4130 arbitrantur.
3327 4071 3592 4134 Fictores,
3630 4078 3692 4122 ut

2100 4174 2319 4242 quidem
2371 4172 2472 4227 sibi
2510 4171 2783 4245 videntur,
2838 4169 3094 4232 deorum,
3145 4180 3335 4222 revera
3367 4172 3549 4217 autem
3580 4162 3690 4216 dae-

2101 4280 2351 4319 monum.
2414 4263 2516 4333 Ipsi
2576 4263 2723 4318 enim
2778 4276 2874 4332 per
2928 4260 3211 4314 fabulosos
3262 4269 3545 4312 sermones
3591 4268 3689 4307 eos

2099 4365 2448 4417 creaverunt,
2497 4364 2688 4423 atque,
2724 4362 2784 4407 ut
2810 4349 3158 4405 daemonibus
3202 4347 3431 4403 deorum
3484 4358 3686 4398 nomen

400 4448 566 4508 atque
592 4442 809 4498 abditas
846 4444 1069 4501 inutiles
1114 4448 1403 4504 habemus.
1441 4448 1521 4507 Ne
1559 4452 1807 4508 colorum
1850 4455 1989 4509 arti-
2023 4441 2069 4496 Β
2100 4450 2453 4510 tribueretur,
2487 4456 2739 4502 auctores
2770 4444 3126 4500 exstiterunt.
3156 4439 3221 4493 Et
3255 4437 3571 4494 sacerdotes
3604 4445 3691 4490 ato

401 4532 545 4588 liciis
574 4544 817 4596 utamur,
877 4538 1051 4593 iacies
1101 4550 1287 4595 nostra
1334 4557 1557 4599 cerussa
1604 4556 1657 4601 et
1684 4544 1809 4601 l‘uco
1837 4546 1991 4601 aliis-

397 4638 508 4693 que
538 4627 865 4684 meretriciis
899 4643 962 4682 ac
1007 4629 1313 4686 libidinosis
1367 4635 1661 4705 unguentis
1718 4635 1993 4692 frictioni-

397 4714 616 4787 busque
642 4718 1027 4790 depingeutes,
1077 4740 1201 4793 quae
1245 4726 1489 4781 nativam
1526 4727 1991 4797 pulchritudinem

398 4809 794 4875 ementiuntur,
843 4812 1149 4869 imitatione
1183 4819 1418 4886 quadam
1459 4819 1632 4888 ipsam
1672 4820 1988 4887 referentia,

398 4909 564 4970 atque
596 4903 861 4961 adversus
891 4909 1187 4977 imaginem
1213 4910 1455 4966 divinam
1485 4913 1782 4969 adiuventa
1809 4924 1864 4969 et
1892 4931 1995 4969 ex-

398 4991 635 5060 cogitata
667 5006 817 5049 sunt.
856 4995 1074 5053 Vultum
1103 5002 1250 5055 enim
1277 5003 1616 5069 oblitterant,
1640 5020 1704 5059 ac
1732 5004 1986 5072 formam,

400 5098 566 5153 quam
598 5085 1004 5153 Deus,’.uatnr:e
1020 5092 1221 5162 pictor,
1257 5094 1415 5148 nobis
1450 5094 1679 5163 alliuxit,
1705 5098 1987 5168 obtegunt.

400 5173 479 5227 Ac
515 5187 781 5244 praeterea
810 5178 1039 5236 honeste
1079 5184 1447 5250 ambulemus,
1500 5187 1644 5242 sicut
1694 5190 1993 5258 Apostolus

398 5269 647 5340 prtecipit
670 5270 738 5338 ",
772 5288 881 5327 non
908 5277 960 5327 in
987 5278 1491 5335 comessationibus
1518 5290 1573 5335 et
1598 5282 1985 5345 ebrietatibus,

400 5375 508 5414 non
542 5363 596 5417 in
630 5363 904 5421 cubilibus
936 5374 990 5419 et
1025 5368 1412 5427 immunditiis.
1470 5373 1758 5445 Eleganter
1803 5386 1984 5430 autem

399 5468 523 5506 cum
586 5456 1089 5527 comessationibus
1142 5470 1197 5514 et
1252 5464 1612 5522 ebrietatibus
1673 5468 1875 5523 cubilia
1931 5478 1986 5523 et

399 5542 783 5603 immunditias
840 5548 1172 5617 conjunxit:
1232 5570 1300 5609 ex
1357 5557 1466 5613 illis
1514 5560 1660 5614 enim
1714 5561 1831 5614 haec
1886 5576 1987 5615 ua.

398 5645 660 5694 scuntur.
721 5638 1078 5696 Comessator
1129 5646 1276 5701 enim
1329 5665 1394 5705 ac
1445 5652 1774 5710 temulentus
1803 5652 1987 5708 cubile

401 5789 447 5824 ⁸⁸
469 5772 639 5850 Rom.
667 5811 786 5863 xm,
813 5797 902 5850 15.

2094 4556 2203 4612 que
2228 4540 2524 4601 antistites,
2574 4548 2759 4608 utpote
2788 4538 2883 4608 qul
2927 4534 3247 4606 huiusmodi
3297 4530 3688 4602 mysteriorum

2094 4631 2241 4700 apud
2295 4618 2979 4699 multitudinem'magistri
3012 4624 3144 4681 facti
3167 4624 3282 4678 sint
3310 4642 3323 4678 :
3349 4634 3402 4677 et
3423 4623 3685 4683 cultores,

2095 4725 2284 4780 Graece
2311 4724 2536 4794 μύσται,
2560 4735 2625 4777 ut
2649 4732 2705 4776 at
2733 4722 2868 4792 ipsis
2894 4719 3243 4776 daemonibus
3273 4715 3495 4780 initiati,
3526 4724 3691 4780 atque

2102 4835 2291 4875 errore
2340 4818 2559 4873 imbuti.
2604 4817 2672 4871 At
2712 4831 2835 4883 nos,
2888 4815 2984 4885 qui
3022 4811 3283 4875 Verbum,
3340 4809 3394 4864 id
3440 4817 3544 4871 est,
3597 4807 3687 4860 Dei

2099 4913 2299 4967 Filium
2332 4911 2566 4967 colimus
2595 4920 2651 4966 et
2679 4911 2997 4972 adoramus,
3030 4908 3085 4961 in
3118 4906 3303 4962 verbis
3341 4902 3685 4964 deliciemur,

2099 5008 2144 5061 si
2173 5005 2340 5060 modo
2370 5002 2669 5074 quidquam
2699 5002 2915 5057 deliciis
2943 4999 3297 5056 tribuendum
3325 5006 3430 5063 est,
3456 4997 3559 5051 hoc
3581 5001 3686 5057 est,

2099 5099 2152 5152 in
2183 5111 2440 5153 sermone
2496 5097 2565 5150 de
2598 5094 2708 5151 Deo
2732 5104 2787 5150 et
2817 5093 3026 5151 sanctis
3081 5092 3451 5164 gravibusque
3492 5105 3687 5143 narra-

2097 5189 2360 5255 tionibus,
2412 5202 2645 5259 quarum
2690 5187 2745 5241 in
2791 5200 3021 5241 numero
3076 5184 3244 5254 hujus
3289 5196 3508 5253 quoque
3560 5180 3685 5236 l‘esti

2093 5285 2270 5340 oratio
2318 5283 2629 5354 reponenda
2679 5292 2787 5337 est.
2839 5281 3057 5336 Etenim
3101 5290 3421 5335 sermonum
3477 5276 3688 5331 delicim

2094 5388 2235 5447 aptae
2273 5387 2327 5432 et
2358 5384 2728 5446 congruentes
2780 5374 2980 5429 futurae
3011 5378 3161 5434 sunt,
3218 5378 3335 5423 tum
3367 5369 3551 5431 nobis,
3588 5370 3682 5437 qui

2091 5470 2349 5540 loquendi
2403 5469 2661 5523 facultate
2711 5466 2923 5537 praediti
2956 5479 3172 5529 sumus,
3229 5472 3343 5517 tum
3380 5463 3481 5531 ipsi
3516 5463 3683 5515 etiam

2094 5558 2277 5615 Verbo
2304 5569 2360 5615 et
2384 5558 2519 5623 Deo,
2561 5559 2654 5628 qui
2685 5573 2787 5613 nos
2817 5557 2885 5612 ad
2921 5556 3118 5610 festum
3153 5568 3315 5610 suum
3361 5553 3686 5608 convocavit

2094 5661 2258 5722 atque
2291 5651 2669 5723 congregavit.
2707 5652 2791 5703 An
2820 5647 3007 5712 vultis,
3045 5657 3104 5700 ut
3133 5646 3392 5716 quoniam
3425 5660 3527 5716 ego
3558 5659 3684 5699 eon-
