4100 6414
410 317 546 382 1i89

1294 314 1613 373 NiCE'l‘AS
1652 314 1732 373 IN
1775 314 1995 373 ORAT.
2042 314 2349 373 XXXVIII
2391 316 2448 373 S.
2494 314 2725 374 GliEG.

3543 318 3680 383 “90

408 430 669 485 vivatoris
698 437 878 497 ptlt‘ttjs
911 427 1069 492 obeo,
1122 424 1460 494 spiritualem
1502 424 1791 477 verborum
1840 436 1992 475 men-
2026 436 2066 485 Α
2101 422 2392 476 essentiam
2429 422 2479 473 in
2514 421 2693 490 scipso
2725 421 3123 491 complectitur.
3162 422 3274 494 Ego
3301 427 3468 492 enim,
3506 429 3681 497 inquit

407 540 526 579 sam
564 523 786 591 copiose
824 519 979 574 vobis
1010 518 1405 589 magnilicequc
1451 517 1718 571 instruam
1758 533 1772 568 :
1812 524 1871 570 ut
1902 517 1985 567 in-

408 617 684 687 telligatis,
718 630 827 682 quo
855 612 1013 666 modo
1037 627 1154 676 vos,
1177 608 1814 677 Constantinopo‘litanos
1843 609 1990 661 cives

408 718 576 778 alque
619 708 928 777 indigenas,
962 714 1015 760 et
1039 706 1305 765 urbanos,
1342 712 1395 757 et
1432 701 1747 756 deliciarum
1782 700 1991 754 studio-

408 815 523 861 sos,
574 797 892 866 divitiisque
923 796 1277 865 conspicuos,
1329 809 1428 863 ego
1457 794 1600 846 alere
1628 808 1846 862 queam,
1896 790 1989 860 qui

405 909 471 947 ex
534 893 638 944 alia
689 891 909 960 regione
951 890 1057 942 huc
1098 887 1165 941 ad
1218 901 1312 940 vos
1346 899 1568 955 peregre
1611 885 1839 948 accessi,
1896 884 1990 953 qui

410 985 556 1038 ruris
588 982 1035 1050 tranquillitatem
1066 980 1214 1047 prius
1245 978 1636 1046 amplectebar,
1666 977 1756 1045 qtti
1781 974 1991 1030 deliciis

407 1090 760 1144 nequaquam
797 1073 1076 1140 indulgeo,
1109 1071 1201 1125 sed
1235 1072 1286 1123 in
1323 1077 1640 1138 paupertate
1668 1069 1832 1122 vitam
1862 1083 1989 1139 ago,

406 1183 473 1221 ac
511 1166 675 1222 douto
698 1162 901 1219 careo?
959 1163 1091 1216 Illud
1141 1176 1303 1231 porro
1357 1159 1638 1215 sciendum
1689 1169 1793 1226 est,
1846 1159 1990 1226 quod

406 1261 671 1329 ἄγροικος
718 1257 763 1310 is
812 1265 914 1319 est,
964 1257 1055 1324 qui
1108 1253 1221 1308 ruri
1276 1230 1522 1321 atquein
1561 1252 1703 1321 agris
1742 1266 1990 1305 commo-

405 1361 561 1403 ratur
593 1365 609 1402 :
638 1349 896 1419 ἀγροῖκος
926 1356 1107 1401 autem
1137 1346 1286 1399 rudis
1316 1346 1534 1414 ineptus
1569 1361 1629 1398 ac
1659 1344 1912 1398 stolidus.

477 1441 597 1494 Col.
617 1441 722 1494 518
741 1442 805 1493 A.
833 1437 974 1492 Hinc
997 1449 1171 1492 autem
1195 1437 1467 1504 exordiar,
1487 1454 1549 1491 ac
1571 1454 1659 1491 vos
1674 1445 1991 1507 quwso,,ctc.

406 1533 522 1601 Ego
551 1533 793 1601 quidem,
844 1531 1043 1601 inquit,
1079 1546 1106 1584 a
1152 1531 1455 1586 divinitatis
1482 1531 1728 1584 doctrina
1776 1529 1989 1583 initium

408 1624 626 1679 dicendi
679 1622 899 1676 faciam.
949 1621 1059 1677 Vos
1094 1633 1299 1687 autem,
1352 1621 1689 1692 quicunque,
1740 1635 1825 1673 res
1861 1620 1993 1673 divi—

410 1730 508 1768 nas
538 1728 633 1783 pro
664 1713 876 1767 deliciis
910 1713 1144 1775 habetis,
1187 1711 1630 1782 quandoquidem
1683 1709 1860 1765 divina
1909 1719 1991 1763 est

2097 512 2404 584 Scriptura,
2467 511 2601 566 Sunt
2652 514 2854 580 primus
2890 522 2938 567 et
2983 532 3075 584 ego
3119 529 3322 583 postea,
3361 528 3409 572 et
3454 531 3574 572 ante
3603 537 3684 574 me

2095 620 2197 656 non
2246 613 2322 658 est
2376 604 2516 657 alius
2549 602 2710 665 Deus,
2740 619 2829 657 nec
2856 613 2972 673 post
2999 620 3078 657 me
3112 605 3325 672 futurus
3356 611 3512 663 est".
3549 610 3682 662 'l'ola

2093 690 2237 751 enim
2295 697 2533 750 essentia
2587 698 2735 752 illius
2784 713 2883 752 nec
2917 700 3245 767 principium
3310 702 3540 764 habens,
3584 720 3683 757 nec

2093 790 2255 844 tinem
2311 789 2586 853 habitura,
2634 792 2794 861 quasi
2848 803 3058 846 vastum
3117 793 3393 862 quoddam
3453 796 3680 866 pelagus

2092 881 2345 935 essentia).
2396 882 2858 947 e51,ittttttet:surii
2915 884 3135 953 quidem
3186 895 3241 939 et
3293 886 3590 951 inﬁnitum,
3626 897 3685 942 ιιι

2092 972 2366 1043 principio
2400 987 2465 1028 ac
2505 974 2610 1028 line
2664 990 2860 1031 carens
2896 992 2909 1029 :
2943 979 3353 1031 interminatum
3391 989 3597 1045 autem,
3623 988 3683 1033 ut.

2095 1081 2192 1119 nec
2215 1068 2359 1130 loco,
2393 1082 2491 1121 nec
2517 1067 2834 1123 deﬁnitione
2868 1070 3043 1138 ipsius
3065 1080 3318 1124 naturam
3345 1073 3683 1136 declarante,

2094 1157 2598 1227 circumscriptum.
2636 1160 2778 1214 Deus
2834 1162 2983 1215 enim
3029 1177 3246 1216 onmem
3299 1163 3681 1233 cogitationem

2093 1250 2327 1312 excedit,
2365 1254 2625 1322 temporis
2660 1254 2901 1320 quidem,
2934 1263 3120 1324 utpote
3158 1256 3440 1311 inﬁnitus:
3476 1270 3685 1313 natura:

2095 1351 2298 1407 autem,
2356 1353 2540 1412 utpote
2603 1345 2768 1400 nullis
2819 1348 3066 1402 terminis
3110 1348 3381 1403 inclusus.
3434 1349 3503 1402 At
3551 1364 3684 1403 vero

2097 1452 2252 1491 ruens
2309 1437 2453 1491 haud
2499 1439 2814 1501 immerito,
2862 1448 2919 1492 ut
2978 1439 3073 1494 Dei
3108 1440 3312 1510 imago,
3360 1450 3682 1512 pertenuem

2104 1531 2396 1598 quamdam
2421 1540 2475 1585 et
2498 1533 2889 1600 perobscuram
2923 1537 3437 1604 contemplationem
3460 1537 3681 1608 accipit.

2097 1622 2464 1676 Adumbratur
2492 1631 2673 1677 autem
2707 1637 2886 1679 mente
2932 1625 3094 1692 Deus,
3129 1644 3235 1683 non
3266 1648 3332 1684 cx
3369 1631 3452 1684 his
3479 1647 3597 1700 qua:
3628 1636 3682 1684 in

2097 1712 2216 1782 ipso
2268 1722 2416 1779 sunt,
2461 1718 2554 1770 sed
2587 1731 2710 1785 qua:
2742 1716 2886 1772 circa
2919 1718 3093 1787 ipsum
3146 1731 3293 1781 sunt,
3334 1723 3386 1776 id
3427 1731 3533 1787 est,
3572 1739 3680 1776 non

410 1810 527 1861 huic
558 1805 755 1870 oratio,
796 1819 894 1860 nec
930 1805 1011 1861 fas
1052 1814 1134 1859 est
1180 1805 1427 1875 impuros
1475 1804 1549 1869 id,
1601 1803 1747 1873 quod
1791 1816 1987 1871 purmn
2025 1791 2062 1840 Β
2096 1820 2160 1858 ex
2204 1806 2418 1874 propria
2452 1818 2642 1861 natura
2699 1819 2754 1862 et
2803 1811 3042 1865 essentia
3076 1814 3198 1881 (nec
3243 1814 3388 1867 enim
3423 1816 3537 1884 ipsa
3572 1807 3723 1869 nllo’

413 1907 517 1964 est,
552 1899 834 1969 attingere,
870 1912 1003 1966 pura
1038 1906 1217 1952 mente
1263 1907 1316 1952 et
1362 1912 1494 1950 aure
1540 1910 1658 1948 eam
1708 1893 1984 1962 excipite:

416 2001 476 2045 ut
518 1992 638 2045 cibo
686 2006 792 2045 non
831 2000 1118 2058 pereunte,
1168 1989 1261 2044 sed
1299 1997 1657 2059 permanente
1689 1983 1870 2039 satiati
1906 1995 1987 2038 at-

413 2099 517 2153 que
568 2084 770 2154 expleti
815 2081 1129 2138 discedatis.
1177 2081 1345 2137 Porro
1399 2096 1501 2135 nec
1548 2080 1761 2149 prolixa
1817 2077 1989 2132 oratio

411 2183 599 2229 nostra
634 2173 816 2228 futura
854 2184 957 2239 est,
996 2189 1063 2228 ne
1108 2171 1452 2243 longitudine
1500 2170 1719 2225 ttedium
1770 2171 1940 2238 pariet
1975 2186 1987 2220 :

409 2282 511 2321 nec
539 2280 730 2320 manca
757 2275 810 2320 et
832 2265 1173 2334 imperfecta.
1196 2281 1265 2320 ne
1285 2263 1503 2318 defectu
1555 2277 1656 2317 suo
1683 2260 1989 2316 molestiam

408 2359 601 2413 aﬂ'erat
652 2375 667 2411 :
717 2373 904 2413 verum
961 2373 1113 2411 suam
1164 2358 1417 2410 virtutem
1469 2356 1725 2411 habitura
1772 2362 1877 2417 est,
1934 2361 1992 2406 ut

404 2452 620 2508 scilicet
668 2448 1059 2521 compendiosa
1110 2449 1275 2502 simul
1326 2457 1379 2501 et
1431 2447 1679 2501 absoluta
1715 2446 1804 2500 sit.
1854 2443 1990 2497 lllnd

404 2552 590 2597 autem
643 2542 926 2596 sciendum
985 2538 1287 2593 divinitatis
1338 2538 1645 2592 doctrinam
1709 2535 1812 2590 hoc
1869 2534 1991 2588 loco

403 2634 768 2703 propositam.
817 2632 872 2686 in
909 2632 1151 2687 secunda
1202 2645 1424 2699 quoque
1466 2629 1715 2682 oratione
1748 2627 1815 2681 de
1850 2625 1989 2680 festo

403 2725 634 2780 Pascha
676 2725 869 2781 iisdem
915 2724 1142 2779 omnino
1188 2722 1367 2777 verbis
1397 2735 1711 2790 expressam
1745 2719 1934 2773 haberi
1974 2738 1985 2770 :

404 2834 469 2874 ac
494 2823 692 2874 merito
719 2818 964 2888 quidem.
1000 2817 1213 2871 Etenim
1244 2816 1297 2870 in
1331 2831 1397 2870 eo
1437 2815 1705 2876 laborare.
1760 2823 1818 2867 ut
1868 2826 1991 2882 quae

405 2913 576 2970 semel
608 2912 912 2967 rectissime
946 2911 1090 2966 dicta
1122 2920 1269 2976 sunt,
1322 2924 1462 2963 nova
1497 2907 1767 2962 orationis
1813 2906 1987 2959 forma

403 3005 679 3071 enunties,
714 3011 1062 3073 praepostera:
1121 3003 1408 3072 cujusdam
1463 2998 1852 3055 ostentationis
1881 3006 1985 3051 cst.

2096 1899 2255 1951 modo
2332 1901 2724 1968 Comprehendi
2801 1911 2965 1972 atque
3050 1906 3410 1976 intelligentia
3474 1910 3682 1978 percipi

2095 2001 2270 2058 potest
2298 2009 2308 2043 :
2342 1990 2567 2061 )verum
2593 2008 2659 2047 ex
2692 1994 2928 2059 eﬂectis,
2953 1996 3055 2050 hoc
3075 2007 3179 2061 est,
3200 1999 3489 2061 creaturis,
3519 2010 3682 2069 atque

2093 2097 2156 2135 ex
2208 2083 2601 2151 gubernatione
2662 2101 2843 2140 rerum
2886 2099 2942 2142 et
2975 2090 3337 2158 providentia.
3391 2091 3525 2145 Nam
3588 2109 3683 2161 per

2096 2173 2190 2227 Dei
2251 2175 2499 2231 actiones
2560 2186 2726 2247 atque
2790 2194 2955 2249 opera
3009 2183 3253 2237 subvecti
3281 2193 3335 2239 et
3366 2186 3418 2238 in
3448 2186 3683 2241 sublimo

2094 2265 2261 2335 rapti,
2317 2282 2379 2321 ac
2428 2282 2524 2338 per
2573 2281 2857 2326 creaturas
2912 2272 3225 2329 Creatorem
3279 2276 3465 2332 animo
3501 2280 3685 2331 conci-

2096 2356 2328 2425 pientes,
2363 2358 2427 2411 ad
2471 2359 2734 2415 bonitatis
2786 2362 2958 2431 ipsius
2997 2373 3050 2417 et
3086 2366 3367 2434 sapientiae
3414 2368 3685 2437 cognitio-

2097 2465 2219 2503 ncm
2246 2452 2597 2519 pervenimus
2623 2453 2750 2523 (hoc
2784 2455 2929 2509 enim
2961 2456 3026 2511 de
3052 2458 3162 2511 Deo
3194 2460 3450 2528 cognosci
3480 2470 3679 2529 potest,

2093 2545 2236 2610 quod
2297 2542 2441 2599 Deus
2489 2546 2747 2625 omnibus
2797 2550 3120 2604 mortalibus
3178 2552 3452 2623 patefecit)
3518 2563 3683 2624 atque

2094 2633 2255 2686 aliam
2290 2635 2527 2703 speciem
2555 2644 2608 2688 et
2638 2636 3087 2705 imaginationem
3116 2656 3178 2695 ex
3210 2642 3313 2695 alia
3341 2658 3399 2697 re
3422 2645 3490 2700 ad
3511 2661 3679 2699 unum

2095 2726 2338 2779 veritatis
2369 2727 2728 2782 simulacrum
2778 2745 2843 2782 ac
2894 2731 3310 2787 similitudinem
3346 2736 3678 2806 colligimus.

2093 2815 2553 2889 Quandoquidem
2607 2822 2911 2889 spiritualis
2945 2823 3084 2878 lucis
3122 2841 3185 2878 ac
3213 2826 3384 2882 divini
3418 2829 3671 2898 splendo~

2094 2910 2171 2963 ris
2194 2911 2505 2979 praesentia,
2530 2920 2589 2964 ut
2617 2928 2849 2982 magnus
2874 2914 2925 2968 in
2962 2915 3161 2970 divinis
3195 2918 3360 2972 rebus
3386 2918 3680 2989 Dionysius

2096 2998 2364 3068 loquitur,
2398 3015 2614 3065 eorum,
2650 3006 2743 3071 qui
2778 3003 3091 3071 bujusmodi
3130 3007 3303 3077 gloria
3336 3017 3386 3063 et
3424 3023 3677 3064 contem-

403 3098 696 3167 Antiquior
741 3106 826 3153 est
874 3107 1056 3152 autem
1096 3097 1211 3152 haec
1263 3097 1329 3151 de
1372 3095 1667 3149 Nativitate
1695 3093 1871 3147 oratio
1898 3104 1982 3155 ea,
2017 3129 2058 3184 Ο
2098 3094 2331 3161 ptatione
2362 3095 2507 3163 digiti
2546 3097 2709 3149 habiti
2734 3105 2883 3161 sunt,
2922 3108 3155 3153 mentem
3193 3116 3223 3154 a
3261 3103 3443 3158 multis
3475 3106 3678 3158 varis-

406 3207 569 3260 quam
603 3190 671 3245 de
701 3190 837 3244 festo
873 3190 1094 3245 Pascha:
1120 3188 1477 3258 conscripsit.
1514 3186 1637 3242 llarc
1666 3186 1810 3240 enim
1844 3185 1984 3253 apud

402 3280 935 3350 Constantinopolim
990 3280 1136 3334 edita
1191 3288 1274 3336 est
1308 3300 1321 3335 :
1359 3281 1449 3335 illa
1487 3290 1667 3333 autem
1694 3288 1984 3348 postquam

407 3387 467 3427 se
494 3371 952 3440 archiepiscopo"
987 3371 1209 3437 throno,
1244 3380 1304 3426 ut
1336 3370 1544 3437 ferunt,
1582 3370 1913 3425 abdicasset.

476 3462 614 3518 Ibid.
644 3463 703 3517 D.
752 3463 915 3528 Deus,
959 3471 1010 3518 et
1037 3473 1154 3517 erat
1187 3479 1412 3533 semper,
1448 3472 1498 3517 et
1521 3471 1621 3527 est,
1657 3471 1706 3516 et
1732 3463 1855 3526 erit,
1879 3471 1985 3516 etc.

402 3556 647 3611 Platonis
676 3556 729 3609 in
760 3555 957 3611 Timaeo
991 3559 1107 3612 haec
1138 3558 1303 3611 verba
1343 3566 1493 3610 sunt.
1541 3555 1692 3620 Erat,
1745 3565 1799 3609 et
1849 3555 1983 3617 Erit,

405 3648 666 3718 temporis
711 3657 838 3703 sunt
890 3650 1104 3718 species
1161 3666 1175 3702 :
1223 3662 1362 3718 quas
1411 3648 1578 3701 etiam
1641 3648 1987 3716 sempiterna

405 3741 655 3795 essentia
682 3755 791 3795 non
826 3752 973 3795 recte
1000 3740 1316 3795 tribuimus.
1350 3737 1486 3792 Huic
1510 3738 1655 3792 enim
1686 3739 1780 3792 Est
1809 3738 1984 3793 solum

410 3847 532 3888 vere
558 3833 839 3887 convenit.
879 3831 963 3887 Ab
990 3847 1059 3887 eo
1091 3833 1261 3902 igitur
1292 3834 1391 3887 ista
1426 3840 1709 3885 mutuatus
1745 3829 1985 3883 Theolo-

405 3940 506 3995 gus
532 3925 608 3980 ait
643 3941 658 3979 :
698 3924 827 3978 Erat
862 3932 916 3978 et
938 3923 1058 3978 Erit
1085 3924 1251 3993 hujus
1284 3928 1456 3978 nostri
1507 3923 1769 3993 temporis
1798 3922 1985 3976 ﬂuxae-

403 4032 511 4087 que
542 4026 597 4073 et
628 4017 853 4072 caduca:
896 4024 1106 4070 naturae
1154 4021 1436 4085 segmenta
1486 4026 1633 4070 sunt.
1683 4012 1818 4067 Nam
1861 4028 1985 4067 cum

403 4124 493 4164 res
519 4109 773 4165 humanae
800 4109 855 4162 in
887 4115 1039 4162 motu
1073 4114 1129 4162 et
1158 4106 1306 4162 IluXu
1342 4107 1473 4171 sint,
1515 4106 1786 4177 ejusmodi
1822 4106 1984 4159 etiam

405 4216 597 4256 earum
644 4209 859 4270 tempus
892 4212 1015 4255 esse
1057 4198 1249 4270 liquet.
1296 4197 1472 4267 Hujus
1517 4214 1645 4266 pars
1693 4198 1799 4252 alia
1846 4213 1984 4267 pra:-

404 4294 550 4348 teriit
582 4310 599 4347 :
630 4293 738 4348 alia
771 4292 952 4346 futura
1004 4299 1110 4347 est.
1166 4290 1299 4346 Nam
1355 4306 1596 4360 prazsens
1626 4290 1803 4360 ipsius
1835 4290 1987 4345 nullo

406 4385 567 4438 modo
615 4383 967 4454 apprehendi
997 4390 1198 4452 potest.
1253 4382 1558 4453 Antequam
1608 4382 1755 4436 enim
1801 4379 1990 4452 cogni-

407 4477 555 4530 tione
581 4487 898 4546 perceptum
932 4476 1026 4542 sit,
1075 4474 1254 4530 avolat
1294 4484 1460 4545 atque
1494 4474 1776 4528 dilabitur.
1830 4471 1989 4526 Nunc
2021 4463 2066 4517 Ι)

405 4570 551 4623 enim
583 4579 687 4624 est.
737 4568 875 4624 illud
919 4582 1086 4641 porro
1118 4577 1563 4623 momentaneum
1594 4581 1660 4621 ac
1680 4564 1987 4621 divisionis

407 4677 619 4731 expers.
678 4660 880 4716 Rerum
909 4661 1218 4716 divinarum
1246 4659 1349 4713 alia
1380 4668 1465 4715 est
1505 4660 1668 4723 ratio,
1702 4673 1826 4726 quae
1856 4671 1981 4711 cum

406 4758 552 4809 ontni
602 4766 752 4812 motu
811 4764 1059 4822 careant,
1112 4752 1360 4824 profecto
1413 4751 1715 4807 secundum
1768 4763 1988 4821 quoque

408 4852 649 4918 ipsarum
699 4848 916 4903 ﬁrmum
966 4857 1021 4902 et
1049 4857 1309 4904 constans
1343 4846 1619 4916 uniusque
1670 4845 1817 4900 modi
1861 4857 1984 4900 esse

408 4953 634 4993 necesse
668 4948 791 5004 cst;
829 4937 966 4991 αἰὼν
994 4937 1143 5007 enim
1175 4937 1284 4991 ἀπὸ
1313 4935 1409 4990 τοῦ
1430 4936 1566 4999 αἰεὶ,
1599 4937 1652 4989 id
1686 4942 1787 4997 est,
1822 4934 1890 4988 ab
1920 4948 1986 4986 eo

410 5032 554 5101 quod
599 5045 817 5101 semper
866 5031 959 5095 sit,
1019 5030 1259 5084 nominis
1305 5029 1692 5100 etymologiam
1756 5030 1924 5082 sumit
1970 5043 1983 5081 ι

408 5124 868 5195 quemadmodum
898 5124 1089 5195 χρόνος
1110 5123 1166 5178 id
1189 5132 1272 5178 est
1299 5131 1533 5192 tempus,
1560 5122 1665 5174 ἀπὸ
1692 5120 1787 5173 τοῦ
1814 5120 1980 5188 ῥέειν,

409 5217 464 5270 id
500 5224 604 5281 est,
642 5216 713 5270 ab
745 5230 813 5270 eo
867 5216 1014 5285 quod
1043 5213 1199 5270 ﬂuat.
1255 5212 1523 5280 Quocirca
1551 5212 1716 5268 rebus
1741 5210 1830 5275 iis,
1863 5225 1985 5280 qua:

412 5308 466 5361 in
493 5316 739 5377 tempore
785 5317 915 5363 sunt
952 5322 1015 5362 ac
1044 5306 1370 5377 principium
1405 5305 1734 5371 habuerunt,
1774 5303 1905 5357 Erat
1938 5312 1991 5358 et

411 5399 529 5455 Erit
550 5403 899 5455 conveniunt.
934 5399 1093 5456 Verbi
1112 5414 1301 5464 causa,
1328 5401 1490 5454 Pater
1511 5412 1666 5453 meus
1702 5397 1818 5453 heri
1849 5405 1997 5461 erat,-

412 5494 574 5548 hodie
600 5507 722 5563 ego,
750 5505 804 5548 et
830 5507 956 5548 cras
989 5508 1143 5549 meus
1175 5493 1340 5548 titius.
1374 5492 1444 5547 At
1478 5491 1620 5546 Deus
1644 5504 1860 5560 semper
1884 5501 1988 5551 est,

413 5594 489 5649 et,
517 5596 578 5640 ut
605 5601 732 5641 cum
758 5584 1095 5657 diviniloquo
1133 5587 1394 5659 Dionysio
1443 5586 1648 5659 dicam,
1675 5585 1989 5639 universam

416 5738 459 5771 "
492 5741 595 5796 lsa.
636 5756 786 5808 thv,
818 5742 871 5796 6.

2095 3200 2200 3253 que
2253 3186 2538 3242 sententiis
2580 3196 2743 3257 atque
2789 3190 3277 3259 imaginationibus
3333 3193 3401 3247 ad
3442 3193 3492 3247 id
3530 3196 3677 3264 quod

2092 3292 2216 3332 vere
2245 3287 2350 3343 est,
2388 3279 2491 3332 hoe
2528 3289 2629 3342 est,
2686 3281 2751 3333 ad
2806 3282 2973 3335 Deum
3026 3286 3332 3349 convertit,
3372 3301 3436 3340 ac
3487 3288 3678 3339 multi-

2092 3371 2251 3440 plicia
2295 3372 2432 3432 visa,
2465 3374 2570 3437 vel,
2606 3384 2664 3426 ut
2699 3374 2898 3443 aptiori
2933 3375 3200 3431 vocabulo
3230 3390 3372 3444 utar,
3415 3379 3680 3449 imagina-
3712 3395 3717 3400 '

2094 3463 2289 3528 tiones,
2331 3466 2398 3519 ad
2438 3482 2598 3520 unam
2631 3483 2814 3521 veram
2850 3476 2903 3521 et
2942 3483 3131 3537 puram
3163 3478 3328 3539 atque
3354 3471 3673 3526 uniusmodi

2091 3558 2462 3626 cognitionem
2511 3559 2739 3627 colligit.
2772 3557 3086 3623 Quinetiam
3108 3560 3226 3618 hoc
3257 3562 3395 3617 exile
3429 3563 3675 3616 veritatis

2090 3647 2487 3712 simulacrum,
2542 3665 2648 3701 non
2700 3652 2860 3703 modo
2914 3665 3039 3703 cum
3094 3651 3430 3706 intellectum
3493 3653 3680 3717 fuerit,

2092 3740 2264 3794 teneri
2302 3757 2406 3793 non
2445 3750 2644 3811 potest,
2690 3742 2782 3795 sed
2828 3758 2891 3795 ne
2924 3744 3084 3812 plene
3113 3746 3335 3812 quidem
3367 3753 3530 3814 atque
3561 3761 3682 3814 per-

2093 3830 2232 3886 fecte
2274 3831 2501 3903 intelligi
2542 3848 2554 3884 :
2590 3841 2647 3885 ιιι
2676 3832 2821 3885 cnim
2854 3835 3111 3904 cognosci
3150 3834 3364 3903 incipit,
3390 3824 3572 3889 statim
3622 3852 3681 3889 se

2092 3923 2341 3992 proripit,
2379 3938 2485 3977 non
2533 3940 2691 3978 secus
2722 3942 2783 3977 ac
2826 3924 3144 3995 fulgelrum,
3172 3929 3319 3996 quod
3356 3929 3679 3997 priusquam

2093 4018 2247 4084 plene
2282 4027 2635 4085 conspectum
2662 4017 2848 4077 fuerit,
2875 4019 3076 4082 avolat,
3101 4027 3265 4089 atque
3296 4020 3486 4074 oculos
3521 4021 3677 4094 fugit.

2090 4107 2263 4173 Quam
2324 4115 2508 4161 autem
2558 4109 2627 4162 oh
2662 4123 2884 4161 causam
2927 4108 2999 4161 ita
3047 4110 3189 4164 Dens
3242 4110 3584 4179 intelligitur,
3623 4122 3683 4166 ut

2092 4205 2467 4275 tamenfplcne
2501 4205 2703 4275 percipi
2736 4221 2801 4259 ac
2841 4206 3228 4273 comprehendi
3261 4209 3530 4276 nequeat?
3563 4208 3680 4260 Μυο

2093 4298 2310 4369 quidem
2342 4298 2574 4368 judicio,
2595 4308 2651 4352 ut
2680 4314 2773 4370 per
2798 4299 2848 4353 id
2878 4300 3022 4370 quod
3050 4300 3397 4369 aliquatenus
3417 4301 3679 4363 cernitur,

2095 4397 2253 4459 atque
2304 4389 2541 4444 obscure
2574 4392 2948 4459 cognoscitur,
2986 4405 3085 4445 nos
3122 4393 3185 4444 ad
3222 4407 3282 4446 se
3327 4392 3505 4445 trahat
3538 4411 3552 4447 :
3590 4408 3684 4460 per

2098 4484 2149 4537 id
2184 4490 2366 4537 autem
2405 4482 2551 4553 quod
2592 4482 2942 4552 aliquatenus
3000 4484 3173 4544 cerni,
3209 4499 3307 4537 nec
3340 4493 3519 4537 tamen
3558 4500 3682 4553 per-

2100 4575 2239 4632 fecte
2264 4576 2653 4646 comprehendi
2681 4577 2874 4646 possit,
2910 4591 3010 4629 nos
3040 4578 3103 4628 ad
3147 4578 3231 4629 sui
3262 4576 3679 4630 admirationem

2100 4670 2306 4736 trahat,
2340 4658 2955 4739 atqueadmirationem
3014 4669 3097 4721 sui
3155 4669 3402 4722 excitans
3462 4668 3548 4738 (ex
3614 4683 3680 4721 eo

2101 4761 2329 4825 scilicet,
2392 4762 2538 4832 quod
2608 4760 2917 4815 intellectus
2987 4762 3153 4814 nostri
3211 4770 3432 4829 captum
3487 4758 3680 4829 fugiat)

2098 4853 2379 4907 ardentius
2469 4861 2680 4906 ametur
2754 4862 2809 4905 et
2892 4852 3267 4913 desideretur,
3332 4851 3680 4905 desideratus
3746 4916 3758 4929 ι

2098 4943 2471 4997 desiderantes
2518 4942 2731 5010 purget,
2794 4957 2856 4994 ac
2910 4939 3206 4995 deil‘ormes
3243 4939 3480 4995 eﬂiciat:
3521 4957 3680 4995 cum-

2098 5051 2205 5106 que
2263 5048 2327 5089 eo
2383 5041 2699 5102 perventum
2759 5034 2921 5087 fuerit
2964 5033 3080 5102 jam
3114 5031 3459 5087 familiariter
3507 5034 3681 5087 collo-

2100 5137 2302 5196 quatur
2330 5125 2472 5179 Dens
2506 5139 2666 5179 verus
2701 5133 2756 5177 et
2797 5123 3061 5178 naturalis
3085 5140 3206 5178 cum
3242 5124 3331 5189 iis,
3359 5124 3450 5194 qui
3485 5140 3685 5180 secun-

2092 5222 2220 5274 dum
2259 5217 2488 5287 gratiam
2529 5216 2603 5269 dii
2650 5216 3010 5285 appellantur,
3040 5216 3220 5279 nobis,
3256 5230 3416 5286 prout
3445 5217 3682 5286 quisque

2091 5318 2359 5381 purgatus
2391 5308 2573 5371 fuerit,
2621 5308 2833 5363 divinos
2901 5308 3237 5378 cognitionis
3280 5324 3392 5364 sum
3437 5308 3680 5379 fulgores

2091 5406 2360 5466 inserens,
2394 5409 2716 5471 tantumque
2761 5399 3113 5455 innotescens
3156 5410 3321 5469 atque
3372 5401 3684 5470 imaginan-

2092 5493 2218 5547 dum
2259 5506 2319 5545 se
2371 5491 2641 5558 praebens,
2699 5501 2963 5560 quantum
3012 5491 3128 5562 ipse
3176 5506 3393 5560 quoque
3435 5505 3528 5544 eos
3583 5492 3678 5560 qui

2091 5589 2311 5654 propter
2342 5582 2512 5635 animi
2578 5584 2868 5652 puritatem
2939 5585 3322 5648 innotescunt,
3372 5568 3697 5653 cognoscin
