4100 6462
421 361 558 428 1191

1844 354 2232 417 ΛΒΒΕΝΒΑ.

3554 351 3695 417 1192

417 473 678 542 Adjuuxit
710 482 914 538 autem,
948 471 1222 538 Fortasse,
1275 471 1339 523 ad
1373 467 1729 534 mitigandum
1763 464 1812 516 id
1844 465 1989 534 quod
2024 469 2064 522 Α
2097 473 2263 529 retur,
2299 473 2408 520 etc.
2448 464 2745 539 Postquam
2795 473 2964 528 Deum
3025 476 3354 530 im-nensum
3414 490 3534 529 esse
3560 491 3693 544 pro-

417 571 648 630 dixerat,
666 565 833 620 Deum
861 581 889 619 a
925 565 1084 620 nobis
1108 579 1206 634 pro
1231 561 1570 634 purgationis
1609 559 1820 612 ratione
1843 573 1996 610 com-

420 660 701 729 prehendi.
734 657 920 728 Neque
943 657 1085 712 enim
1119 657 1413 725 quisquam
1465 654 1536 706 ita
1576 650 1748 704 Deum
1795 665 2000 719 cogno-

419 769 570 806 scere
605 761 799 820 potest,
852 760 912 804 ut
963 750 1031 805 ab
1081 749 1200 820 ipso
1243 751 1492 818 cognitus
1525 755 1631 801 est.
1672 743 1785 798 lloc
1812 751 1998 796 autem

416 847 483 897 ab
513 844 767 913 Apostolo
809 851 1089 897 mutuatus
1120 852 1223 908 est,
1261 841 1328 895 de
1371 839 1569 894 fatur-.e
1597 838 1722 891 vitae
1754 844 1899 891 statu
1939 838 1990 887 in

417 940 530 991 haec
553 938 714 990 verba
747 938 809 990 ad
845 937 1160 990 Corinthios
1187 935 1458 990 scribente
1488 949 1502 985 :
1563 929 1718 982 Nunc
1743 941 1998 997 cognosco

413 1047 475 1084 ea:
526 1041 698 1099 parte,
761 1041 890 1083 tunc
957 1040 1133 1084 autem
1184 1042 1466 1098 agnoscam
1518 1024 1656 1078 sicut
1711 1032 1758 1075 et
1790 1020 1998 1092 agnitus

411 1123 613 1177 sum".
639 1123 794 1188 Quod
826 1123 1044 1192 quidem
1090 1121 1170 1176 sic
1229 1118 1484 1188 exposuit
1519 1116 1948 1187 Clirysostomus
1982 1129 1998 1167 :

412 1213 886 1282 Quemadmodum
907 1212 1159 1267 Christus
1192 1209 1278 1264 hic
1309 1209 1376 1264 ad
1416 1223 1501 1262 me
1522 1206 1999 1274 accurrit,meque

412 1308 808 1363 necessitudine
869 1307 969 1361 sibi
1033 1305 1301 1375 adjunxit,
1398 1302 1588 1356 eodem
1647 1299 1809 1353 modo
1881 1298 1999 1366 ipse

409 1415 626 1470 quoque
663 1409 794 1454 tunc
818 1398 883 1452 ad
905 1411 1030 1452 eum
1061 1410 1372 1450 accurram.
1409 1392 1546 1448 Illud
1585 1400 1789 1456 autem,
1849 1387 1998 1444 Sicut

409 1493 616 1560 agnitus
647 1505 784 1554 sum,
819 1489 959 1543 idem
989 1499 1072 1543 est
1105 1503 1168 1541 ac
1193 1487 1238 1540 si
1267 1487 1494 1550 diceret,
1533 1482 1688 1538 Sicut
1738 1482 1838 1552 Ipsi
1894 1496 1990 1534 ne-

408 1581 739 1636 ceSsitudine
791 1580 1018 1648 junctus
1086 1594 1228 1632 sum.
1285 1574 1420 1630 Nam
1487 1574 1790 1630 secundum
1846 1572 1996 1626 illius

409 1675 834 1730 necessitudinis
898 1673 1190 1736 rationem,
1239 1687 1346 1741 qua
1397 1669 1452 1724 in
1484 1669 1587 1724 hac
1636 1668 1747 1721 vita
1775 1681 1897 1722 cum
1930 1679 1996 1719 eo

410 1767 688 1835 eoajuncti
749 1763 1040 1828 fuerimus,
1101 1774 1230 1817 tunc
1283 1778 1404 1818 etim
1443 1774 1865 1831 cognoscemus,
1902 1756 1994 1810 alii

410 1859 645 1927 plenius,
699 1857 790 1910 alii
856 1855 1073 1911 exilius.
1109 1854 1578 1920 Quemadmodum
1632 1852 1776 1906 enim
1822 1849 1866 1903 si
1899 1865 1992 1902 rex
2030 1829 2071 1884 Β

408 1949 684 2018 quispiam
712 1948 974 2002 infantem
996 1948 1048 2000 iu
1074 1947 1219 2000 bivio
1241 1944 1591 2014 provulutum
1619 1951 1837 2006 nactus,
1869 1955 1992 1994 eum

409 2041 694 2096 sustulerit
723 2051 888 2111 atque
914 2039 1276 2109 adaptaverit,
1307 2037 1564 2106 omnique
1609 2036 1777 2106 gloria
1828 2043 1996 2104 atque

409 2135 618 2188 honore
639 2132 1025 2199 cumulaverit,
1089 2139 1207 2184 tum
1235 2130 1477 2201 quidem,
1510 2139 1565 2182 ut
1607 2129 1660 2183 in
1711 2143 1774 2182 ea
1814 2135 1993 2189 astate,

409 2239 673 2296 quautum
719 2227 1038 2281 beneficium
1074 2224 1366 2293 acceperit,
1417 2224 1612 2284 nescit,
1663 2236 1726 2274 ac
1761 2219 1990 2288 proinde

410 2337 510 2375 nec
539 2321 675 2374 tanti
732 2318 982 2374 beneﬁcii
1031 2327 1331 2380 auctorem,
1397 2315 1541 2370 sicut
1573 2311 1866 2367 verisimile
1891 2318 1993 2376 est,

411 2430 598 2467 amore
645 2411 1061 2482 complectitur;
1130 2422 1184 2462 at
1243 2419 1601 2478 posteaquam
1666 2406 1731 2458 ad
1785 2403 1992 2456 virilem

411 2517 624 2562 aetatem
679 2505 1016 2576 pervenerit,
1066 2498 1640 2572 atqueiutellexerite
1687 2509 1797 2564 quo
1849 2501 1993 2548 statu

412 2615 574 2670 at.;ue
605 2601 818 2655 fortuna
856 2599 923 2653 ad
955 2607 1157 2651 tantam
1191 2595 1506 2664 dignitatem
1550 2592 1842 2645 subvectus
1879 2589 1997 2643 fuc-

412 2696 502 2757 rit,
547 2704 660 2748 tum
715 2707 844 2746 vero
889 2707 1035 2753 eum,
1085 2707 1112 2742 a
1174 2704 1282 2756 quo
1345 2695 1496 2738 tanto
1533 2686 1742 2737 honore
1763 2683 1994 2737 atfectus

413 2786 536 2846 fuit,
569 2783 799 2853 suspicit
840 2795 1001 2850 atque
1046 2796 1231 2833 amore
1279 2777 1627 2848 prosequitur
1671 2795 1682 2828 :
1722 2774 1993 2829 consimili

413 2882 572 2933 tumlo
610 2894 708 2932 nos
737 2892 976 2946 quoque,
1013 2876 1105 2943 qui
1151 2875 1202 2926 in
1262 2873 1361 2925 hac
1421 2872 1548 2934 vita,
1606 2879 1871 2938 quantum
1927 2867 1994 2920 ad

410 2970 775 3040 cognitionem
807 2978 859 3022 et
879 2964 1442 3031 scicntiam,infantes
1466 2979 1672 3022 sumus,
1702 2969 1992 3030 postquam

412 3063 464 3115 in
500 3061 684 3115 futuro
718 3060 924 3115 saeculo
955 3058 1345 3126 perfectionem
1372 3056 1655 3109 consecuti
1702 3052 1992 3113 fuerimus,

413 3168 526 3210 tum
553 3155 771 3210 demum
805 3167 1222 3226 cognoscemus,
1275 3166 1383 3222 quo
1415 3152 1578 3205 modo
1635 3147 1830 3220 agniti,
1889 3146 1993 3200 hoc
2027 3182 2068 3235 (Σ

409 3261 512 3315 est,
538 3266 650 3319 quo
683 3248 847 3302 modo
884 3248 1064 3301 dilecti
1092 3245 1385 3302 fuerimus.

485 3343 604 3398 Col.
636 3340 740 3395 519
773 3342 838 3392 Α.
879 3339 1176 3392 Immensus
1197 3337 1360 3406 igitur
1389 3345 1438 3388 et
1463 3335 1703 3402 inﬁnitus
1727 3344 1804 3389 est
1833 3333 1994 3398 Deus,

411 3447 516 3488 ctc.
558 3434 847 3498 Divinitas,
888 3440 1152 3502 quantum
1183 3430 1247 3482 ad
1284 3439 1543 3480 naturam
1581 3428 1999 3496 iucomprelu-n-

411 3526 590 3580 sibilis
616 3533 699 3579 est
731 3543 743 3577 :
780 3539 923 3593 mgrc
946 3532 1125 3576 autem
1156 3519 1693 3589 comprehensibilis,
1733 3530 1993 3588 quantum

409 3621 478 3673 ad
517 3634 577 3672 ea
615 3631 738 3686 qua:
781 3615 924 3670 circa
983 3614 1156 3685 ipsam
1207 3621 1366 3677 sunt,
1414 3614 1515 3665 hoc
1548 3619 1655 3678 est,
1681 3612 1910 3667 consilia
1945 3622 1998 3666 ct

410 3711 863 3782 gubernationem
943 3719 1104 3778 atque
1181 3721 1348 3777 opera
1406 3722 1420 3759 :
1482 3705 1998 3775 comprehensibilis

408 3815 592 3858 autem
629 3813 896 3872 quantum
934 3801 1001 3854 ad
1051 3797 1475 3854 immensitatem
1526 3805 1580 3851 et
1624 3797 1993 3852 infinitatem:

408 3895 766 3966 quantumvis
798 3893 1107 3948 Eunomius
1127 3891 1406 3948 existimet
1459 3889 1651 3956 Deum,
1687 3891 1817 3960 quia
1861 3890 1996 3944 sim-

410 3991 530 4058 plex
560 3989 652 4052 sit,
681 4001 1029 4058 nequaquam
1065 4000 1210 4057 mgre
1261 3981 1652 4052 comprehendi
1715 3981 1997 4050 animique

409 4086 867 4155 emitemplatione
907 4083 1112 4153 percipi
1142 4097 1325 4152 posse,
1353 4082 1446 4134 sed
1495 4079 1577 4134 vel
1637 4094 1866 4148 prorsus
1910 4079 1994 4131 in-

408 4177 962 4247 comprehensibilem
995 4191 1138 4240 csse,
1185 4174 1265 4227 vel
1319 4188 1544 4242 prorsus
1579 4174 1990 4241 comprehensi-

409 4271 596 4334 bilem,
638 4280 823 4339 utpote
856 4269 1100 4339 partibus
1131 4278 1433 4329 carentem,
1457 4267 1718 4335 omnique
1743 4281 1810 4320 ex
1844 4275 1997 4334 parte

409 4365 496 4419 sui
538 4364 795 4417 similem.
840 4363 903 4415 In
935 4361 1256 4430 compositis
1312 4361 1458 4414 enim
1494 4361 1648 4423 solis,
1711 4359 1911 4428 inquit,
1942 4359 1995 4414 id

409 4458 591 4511 locum
658 4455 840 4518 habet,
896 4464 957 4508 ut
1009 4467 1096 4506 res
1147 4453 1330 4520 aliqua
1393 4451 1591 4521 partim
1640 4451 1992 4522 intelligatur,

2107 560 2398 622 nuntiavit,
2437 577 2605 621 nunc.
2640 566 2771 633 quid
2801 567 2873 621 sit
2911 567 3240 623 immensum
3283 567 3544 632 ostendit,
3612 569 3696 621 ni-

2105 655 2304 708 mirum
2344 655 2397 708 id
2424 656 2568 724 quod
2603 658 2873 726 principio
2913 669 2965 713 et
3004 660 3107 714 fine
3131 662 3384 729 superius
3416 669 3518 722 est,
3556 677 3696 729 qua-

2105 747 2171 802 lis
2203 747 2346 801 Deus
2376 748 2524 803 solus
2553 759 2656 803 est.
2685 750 2821 806 Cum
2848 751 3012 820 igitur
3054 753 3120 807 ad
3156 753 3443 820 superiora
3486 753 3690 808 stecula

2103 839 2439 911 cOgitatione
2467 841 2713 897 subvecti
2749 842 3040 910 fuerimus,
3078 847 3317 916 atquein
3341 845 3540 900 divinae
3569 847 3695 902 vitae

2104 935 2553 1000 immensitatem,
2586 936 2733 991 velut
2758 937 2810 990 in
2844 938 3217 993 vastissimum
3268 937 3546 1008 quoddam
3589 954 3690 1007 pe-

2103 1030 2281 1100 lagus,
2314 1030 2780 1100 prospexerimus,
2808 1033 2934 1102 quia
2969 1033 3184 1087 nullum
3236 1033 3588 1103 principium,
3625 1049 3694 1087 ev

2102 1136 2212 1191 quo
2236 1121 2504 1188 originem
2539 1121 2780 1188 duxerit,
2815 1123 3060 1190 arripere
3088 1138 3408 1191 possumus,
3465 1123 3559 1178 sed
3591 1138 3691 1178 ex-

2103 1215 2360 1270 teriorem
2387 1229 2600 1282 semper
2629 1228 2693 1268 ac
2722 1213 3100 1268 sublimiorem
3131 1213 3464 1282 cogitatione
3496 1223 3684 1270 nostra

2106 1308 2196 1364 Dei
2231 1309 2396 1362 vitam
2427 1321 2549 1362 esse
2588 1306 3101 1368 animadvertimus,
3158 1307 3279 1360 ideo
3333 1307 3404 1361 ab
3439 1321 3506 1360 eo
3543 1307 3686 1376 quod

2103 1401 2371 1472 principio
2394 1410 2600 1463 careat,
2635 1400 2893 1471 ἄναρχον,
2923 1400 2974 1454 id
3001 1409 3104 1465 est,
3129 1399 3378 1470 principii
3409 1407 3682 1468 expertem

2103 1493 2516 1564 appellavimus.
2556 1493 2770 1549 Rursus
2798 1508 2924 1547 cum
2961 1493 3026 1546 ad
3065 1491 3413 1548 succedentia
3445 1503 3500 1547 et
3543 1490 3684 1545 infe-

2103 1588 2251 1643 riora
2305 1588 2421 1642 hasc
2482 1585 2679 1642 satcula
2737 1594 2976 1642 mentem
3022 1585 3460 1648 cxtenderimus,
3500 1598 3564 1638 ac
3593 1583 3685 1636 Dei

2102 1683 2271 1737 vitam
2299 1681 2450 1736 nullo
2472 1682 2706 1735 termino
2760 1677 3042 1735 deﬁnitam
3086 1691 3210 1733 esse
3267 1677 3536 1740 videmus,
3603 1676 3688 1730 in-

2105 1773 2450 1828 terminatam
2487 1770 2619 1825 illud
2657 1780 2821 1841 atque
2859 1770 3214 1834 immensum,
3269 1783 3373 1824 nec
3441 1769 3548 1823 line
3573 1767 3686 1821 ullo

2105 1865 2607 1935 circumscriptum,
2635 1863 2946 1919 immortale
2975 1871 3143 1933 atque
3189 1860 3447 1919 interitus
3487 1875 3686 1930 expers

2106 1961 2478 2016 nominamus.
2507 1959 2644 2014 Cum
2669 1969 2851 2014 autem
2885 1967 2939 2012 et
2972 1957 3222 2027 principii
3271 1954 3575 2012 carentiam
3623 1967 3690 2008 ex

2106 2053 2373 2122 superiori
2403 2063 2664 2120 tempore,
2711 2059 2766 2104 et
2820 2049 3287 2104 immortalitatem
3337 2063 3404 2103 ex
3434 2045 3686 2102 inferiori

2105 2146 2506 2216 collegerimus,
2539 2153 2652 2197 tum
2685 2158 2812 2196 vero
2843 2141 3012 2195 Deum
3050 2141 3294 2206 αἰώνιον,
3319 2141 3368 2193 id
3388 2149 3494 2204 est,
3527 2148 3694 2194 ater-

2107 2257 2236 2294 num
2275 2239 2534 2293 dicimus.
2572 2235 2704 2291 Nam
2741 2235 3019 2291 aeternitas
3053 2251 3149 2288 sett
3196 2233 3456 2288 saeculum
3491 2231 3544 2285 in
3582 2231 3692 2287 Deo

2107 2349 2208 2387 nec
2232 2342 2447 2402 tempus
2481 2340 2587 2396 est,
2622 2347 2722 2386 nec
2743 2329 3012 2384 dimensis
3052 2328 3410 2396 temporibus,
3454 2327 3558 2379 hoc
3583 2333 3689 2390 est,

2105 2427 2298 2481 diebus
2329 2441 2393 2480 ac
2424 2424 2728 2486 mensibus,
2776 2423 3056 2491 subjacet;
3095 2435 3282 2474 verum
3325 2419 3688 2488 quemadmo-

2105 2517 2232 2571 dum
2266 2527 2481 2584 tempus
2515 2516 2618 2569 hoc
2651 2524 2900 2570 nostrum
2929 2513 3127 2569 solaris
3179 2527 3377 2567 cursus
3433 2525 3686 2566 mensura

2104 2610 2378 2673 delinitur,
2415 2608 2497 2664 sic
2531 2608 2741 2662 inﬁnita
2769 2608 2858 2662 illa
2913 2608 3235 2676 protractio,
3301 2622 3424 2671 qua:
3465 2604 3680 2659 teterlis

2107 2705 2268 2758 rebus
2305 2703 2470 2767 inest,
2511 2701 2771 2757 smculum
2821 2699 2956 2769 ipsis
2997 2699 3251 2760 eﬂicitur,
3291 2696 3448 2766 quasi
3477 2706 3684 2761 tempo-

2107 2797 2237 2850 ralis
2265 2797 2486 2867 quidam
2525 2798 2718 2849 modus
2774 2803 2828 2847 et
2871 2794 3240 2848 intervallum.
3298 2791 3432 2845 lllud
3478 2797 3687 2852 autem,

2104 2890 2260 2958 quasi
2315 2887 2560 2958 quidam,
2609 2886 2808 2956 adjecit
2867 2885 3202 2955 Theologus,
3263 2883 3406 2952 quod
3438 2891 3685 2936 exactam

2106 2983 2459 3050 numerisque
2483 2979 2741 3034 omnibus
2771 2977 3077 3032 absolutam
3106 2975 3288 3031 satculi
3325 2991 3420 3029 seu
3465 2972 3689 3028 aeterni-

2108 3072 2234 3127 tatis
2265 3071 2680 3137 descriptionem
2712 3069 2957 3138 proferre
2990 3081 3097 3120 non
3132 3075 3334 3135 posset.

2177 3164 2309 3218 Ibid.
2375 3163 2542 3232 Atque
2598 3161 2748 3214 nobis
2798 3161 2853 3213 in
2911 3159 3197 3228 praesentia
3263 3157 3327 3209 de
3374 3156 3517 3220 Deo,
3578 3165 3687 3211 etc.

2105 3255 2412 3318 Suﬂiciunt,
2449 3255 2648 3322 inquit,
2687 3266 2750 3306 ea
2781 3265 2903 3321 quae
2935 3251 3001 3304 de
3021 3248 3131 3304 Deo
3166 3248 3309 3303 dicta
3338 3256 3483 3301 sunt.
3504 3244 3692 3316 Neque

2101 3351 2246 3402 enim
2282 3347 2386 3401 hoc
2417 3346 2536 3399 loco
2570 3342 2873 3397 divinitatis
2905 3341 3207 3396 doctrinam
3237 3339 3512 3407 explicare
3552 3353 3684 3407 pro-

2101 3440 2283 3511 posui,
2321 3438 2416 3492 sed
2445 3435 2844 3491 incarnationis
2877 3449 2942 3489 ac
3008 3431 3426 3489 summissionis
3482 3430 3688 3487 Christi

2101 3533 2394 3589 consilium
2428 3531 2680 3586 oratione
2709 3529 3018 3600 complecti.
3061 3527 3236 3582 Porro
3281 3526 3541 3581 divinitas
3576 3539 3687 3580 non

2101 3626 2244 3680 ultra
2282 3635 2394 3680 tres
2425 3636 2690 3695 personas
2745 3621 3115 3693 pmgreditur,
3153 3635 3254 3676 nec
3313 3634 3507 3674 rursus
3540 3619 3684 3673 intra

2099 3725 2212 3772 tres
2246 3729 2508 3786 personas
2566 3715 2911 3770 contrahitur
2969 3721 3137 3783 atque
3189 3711 3681 3768 circumscribitur.

2103 3807 2217 3864 Hoc
2251 3809 2398 3862 enim
2441 3805 2658 3862 Judaici
2687 3806 2896 3861 erroris
2949 3814 3054 3870 est,
3092 3820 3258 3860 unam
3317 3813 3526 3860 tantum
3561 3819 3688 3874 per-

2099 3915 2293 3957 sonam
2342 3896 2718 3968 agnoscentis,
2743 3911 2807 3952 ac
2840 3895 3146 3952 divinitatis
3173 3905 3392 3965 egestas
3426 3905 3481 3951 et
3508 3911 3682 3965 penu-

2101 3993 2200 4046 ria.
2230 3989 2489 4060 Ejusdem
2513 3988 2661 4042 enim
2684 3987 2983 4058 impietatis
3007 3997 3110 4051 est,
3149 3997 3197 4043 et
3233 4003 3330 4058 per
3360 3987 3525 4042 unius
3554 4002 3683 4056 pcr-

2101 4099 2248 4140 some
2271 4083 2632 4139 assertionem
2664 4080 2951 4136 Judaismo
3004 4079 3208 4144 favere.
3267 4089 3322 4135 et
3357 4095 3454 4149 per
3487 4079 3683 4132 intrita-

2100 4195 2220 4231 rum
2262 4178 2655 4234 astructiouem
2691 4176 3003 4246 gentilismo
3072 4173 3683 4244 patrocinariztametsi

2099 4285 2161 4322 ea
2189 4270 2242 4323 in
2281 4269 2576 4324 contrariis
2613 4267 2978 4338 reperiantur.
3027 4265 3211 4323 Unum
3249 4267 3394 4321 enim
3426 4267 3684 4321 multitu-

2100 4361 2211 4414 dini
2243 4361 2587 4426 adversatur,
2625 4376 2690 4415 ac
2751 4360 2994 4415 vicissim
3056 4360 3352 4415 multitudo
3419 4361 3511 4414 uni
3547 4375 3685 4414 con-

2099 4451 2270 4505 traria
2293 4461 2398 4505 est.
2435 4453 2488 4505 Id
2519 4460 2701 4506 autem
2732 4451 2942 4506 idcirco
2973 4451 3112 4506 dixit
3157 4449 3489 4521 TlieOIOgus,
3533 4451 3678 4522 quod

409 4551 608 4620 partim
643 4547 919 4617 incognita
958 4556 1198 4600 maneat.
1235 4545 1412 4614 Hujus
1442 4553 1625 4598 autem
1659 4543 1988 4598 Eunomiani
2021 4537 2072 4596 D
2099 4544 2373 4599 contraria
2395 4559 2481 4604 ea.
2516 4559 2637 4614 quae
2684 4545 2868 4598 medio
2920 4551 3133 4610 carent,
3204 4545 3345 4600 hanc
3404 4545 3674 4600 rationem

409 4637 757 4694 delirameuti
822 4637 939 4691 haec
991 4645 1077 4690 est
1137 4635 1360 4691 solutio.
1395 4633 1732 4704 Simplicitas
1773 4634 1829 4688 in
1881 4631 1992 4687 Deo

412 4741 622 4784 natura:
671 4731 938 4784 rationem
990 4743 1098 4782 non
1130 4729 1313 4793 habet,
1349 4738 1406 4781 ut
1455 4743 1522 4781 ex
1585 4741 1648 4780 ea
1695 4725 1988 4796 quisquam

409 4823 651 4893 colligat,
695 4837 844 4886 eum,
882 4823 1008 4889 quia
1069 4819 1300 4889 simplex
1340 4820 1432 4885 sit,
1501 4818 1582 4872 vel
1625 4833 1872 4888 prorsus,
1906 4817 1992 4870 vel

411 4917 563 4968 nullo
591 4913 752 4968 modo
791 4914 1179 4982 comprehendi
1208 4929 1388 4981 posse.
1449 4910 1648 4966 Verum
1706 4911 1854 4964 aliud
1909 4919 1994 4965 est

411 5009 593 5060 divina
632 5016 851 5070 natura,
899 5006 1225 5074 simplicitas
1283 5015 1462 5060 autem
1528 5005 1675 5059 circa
1727 5014 1984 5058 naturam

408 5096 812 5149 consideratur.
855 5092 1120 5158 Quocirca
1164 5096 1515 5164 quarrendum
1545 5097 1697 5165 prius
1723 5105 1827 5160 est,
1857 5097 1989 5165 quid

408 5187 478 5240 sit
511 5187 653 5241 Deus
690 5197 955 5254 quantum
990 5187 1056 5239 ad
1088 5197 1364 5252 naturam,
1399 5194 1564 5258 quam
1621 5188 1686 5242 de
1720 5189 1990 5258 simplici-

411 5288 523 5330 tate
551 5275 866 5343 loquamur,
919 5291 1042 5344 quas
1075 5287 1324 5333 naturam
1373 5281 1753 5351 consequitur.
1807 5279 1990 5348 Quare

413 5371 545 5422 nihil
576 5367 847 5436 prohibet,
903 5370 1196 5436 quominus
1235 5372 1450 5428 diversa
1511 5374 1746 5439 ratione,
1798 5385 1852 5428 et
1903 5375 1990 5428 in-

410 5460 947 5530 comprehensibilis,
1011 5471 1066 5515 et
1102 5467 1496 5535 comprehensu
1556 5467 1792 5522 dillicilis
1846 5465 1992 5523 Deus

409 5555 646 5610 tl'catur.

483 5647 616 5708 Ibid.
647 5647 773 5701 Jam
806 5662 923 5701 vero
963 5665 1082 5702 cum
1112 5649 1437 5710 immensitas
1464 5656 1717 5726 bifariam
1754 5653 1994 5709 conside-

486 5808 530 5839 ⁸⁸
556 5809 571 5860 Ι
595 5808 720 5863 Cor.
756 5824 874 5876 χιιι,
909 5809 996 5862 12.

2101 4633 2300 4688 habere
2333 4633 2517 4696 sciret,
2558 4641 2616 4687 ut
2646 4633 2693 4689 si
2715 4634 2947 4688 alterum
2987 4632 3303 4704 fugiendum
3359 4634 3430 4690 sit
3474 4645 3534 4689 ut
3561 4651 3676 4690 ma-

2099 4726 2233 4789 lum,
2265 4727 2496 4780 alterum
2528 4726 2756 4780 omnino
2808 4726 3174 4795 expetendum
3225 4727 3294 4780 sit
3343 4739 3399 4780 ut
3434 4727 3678 4783 bonum:

2098 4831 2154 4874 at
2179 4821 2231 4873 in
2256 4818 2568 4883 contrariis,
2599 4833 2722 4888 quae
2749 4819 2990 4874 medium
3029 4819 3347 4882 admittunt,
3380 4828 3680 4888 utrumque

2099 4922 2402 4966 extremum
2457 4911 2773 4982 fugiendum
2825 4926 2967 4977 esse,
3027 4919 3086 4966 ut
3125 4926 3412 4965 excessum
3467 4926 3532 4967 ac
3583 4913 3684 4965 de-

2101 5003 2322 5058 fectum.
2351 5003 2510 5058 Verbi
2542 5019 2706 5059 causa
2749 5003 3246 5072 intemperantiam,
3287 5011 3343 5058 ct
3385 5003 3684 5073 stupidita-

2101 5107 2207 5150 tem
2229 5095 2398 5150 animi
2425 5097 2493 5149 ab
2522 5097 2670 5150 omni
2715 5096 3008 5164 voluptatis
3072 5097 3256 5166 specie
3302 5094 3676 5158 abhorrentis,

2101 5204 2254 5259 aeque
2322 5188 2609 5259 fugiendas
2659 5204 2805 5252 esse.
2864 5189 3284 5258 temperantiam
3319 5197 3528 5250 autem,
3557 5203 3680 5256 quae

2103 5284 2341 5337 medium
2389 5285 2530 5338 inter
2579 5299 2676 5338 eas
2739 5283 2922 5337 locum
2985 5290 3165 5346 tenet,
3217 5281 3677 5350 amplectendam.

2101 5376 2242 5445 Ergo
2273 5377 2462 5431 eodem
2501 5377 2662 5431 modo
2683 5376 2771 5432 hic
2811 5391 3032 5446 quoque
3097 5374 3440 5443 gentilismus
3497 5383 3552 5427 et
3579 5372 3681 5426 Ju-

2098 5468 2346 5522 daismus
2371 5472 2513 5523 inter
2552 5484 2611 5523 se
2661 5476 2904 5538 pugnant
2954 5480 3020 5520 ac
3073 5466 3572 5534 reprehenduntur,
3621 5475 3681 5518 ut

2097 5573 2358 5615 excessus
2385 5569 2438 5614 et
2475 5559 2754 5628 defectus;
2784 5557 3333 5626 atChristianismus,
3357 5572 3413 5614 ut
3436 5561 3684 5615 medium

2100 5652 2381 5721 quiddam,
2406 5652 2463 5707 in
2493 5652 2654 5708 laude
2682 5651 2924 5722 ponitur.
