4100 6454
279 422 285 429 ’
376 448 512 515 n93.

292 4438 319 4459 κ

376 566 485 620 lem
514 565 789 616 ornatum.
818 551 870 607 id
893 557 996 610 est.
1032 559 1099 599 an

378 666 586 715 autem,
640 645 900 702 mundum
942 641 1088 694 hunc
1112 611 1233 703 —qui
1270 643 1436 684 sensu
1488 618 1804 693 percipitur.
1835 611 1950 668 Ait.

381 701 795 819 quoi—“Densius
826 744 992 803 atque
1026 701 1388 793 intelligibilis
1437 711 1676 771 tnumlus
1726 708 1779 759 iu
1826 701 1959 757 effc-

382 839 551 897 etrice
581 831 801 904 quidem
836 833 1021 881 mente
1048 818 1214 877 simul
1242 819 1402 869 erant
1432 820 1591 865 :cutn
1619 812 1800 857 autem
1834 810 1960 864 pro-

384 929 532 985 ducti
564 933 714 988 sunt,
752 931 883 975 tunc
919 916 1085 972 etiam
1133 913 1275 966 inter
1319 920 1378 960 se
1409 896 1634 957 discreti
1665 899 1817 955 sunt,
1860 889 1965 941 hoc

383 1033 492 1088 est,
543 1015 838 1089 separatim
891 1006 1081 1067 creati.
1150 1007 1328 1072 Atque
1377 1005 1603 1062 uterque
1649 988 1791 1041 intra
1833 981 1968 1035 fines

388 1129 521 1171 suos
550 1072 914 1170 consistebat,
950 1103 1058 1156 hoc
1097 1107 1182 1152 cst
1218 1086 1575 1159 intelligihilia
1612 1072 1970 1147 iutelligibilia

392 1206 572 1262 solum
621 1210 800 1264 erant,
843 1168 907 1253 et
941 1188 1223 1250 sensibilis
1281 1182 1460 1239 solum
1515 1168 1818 1229 sensibilis,
1871 1177 1972 1217 nec

392 1300 538 1354 inter
566 1310 626 1353 se
654 1286 1154 1350 commisecbantur
1191 1317 1207 1344 ,
1241 1291 1306 1331 ac
1339 1263 1749 1344 pulchritudine
1777 1268 1832 1314 et
1858 1270 1972 1310 ma-

397 1388 685 1462 gnitudine
736 1398 836 1439 sua
880 1374 1162 1435 Creatoris
1207 1366 1509 1441 potentiam
1537 1353 1975 1427 sapientiamque

399 1448 1014 1550 t’acite'prmdicabant.
1068 1464 1324 1523 Nondum
1357 1466 1541 1512 autem
1581 1448 1690 1504 ulla
1737 1452 1859 1500 erat
1912 1455 1978 1495 ex

399 1584 637 1642 utquue
671 1561 1021 1637 temperatio,
1074 1570 1178 1612 nec
1207 1548 1612 1608 contrariorum
1640 1537 1713 1594 mi

400 1672 507 1728 est,
537 1653 892 1727 intelligibilis
919 1661 975 1707 et
1024 1643 1227 1703 sensibi

1788 404 2169 471 ADDENDA.

1107 541 1254 613 μιοε
1285 530 1538 601 intelligit
1567 545 1580 581 :
1618 539 1712 596 per
1738 533 1958 575 sensum
1992 525 2037 581 Α
2070 518 2139 575 ob
2173 517 2389 569 inanem
2450 509 2677 579 gloriam
2723 513 2776 558 et
2828 501 3028 556 fastum
3083 499 3282 553 cristas
3330 495 3637 556 Slltillllctlls

2893 597 2903 609 -
2980 611 2993 613 _
3045 593 3396 613 -_A._-a-_a--_.
3453 588 3612 613 ....._l..

2064 619 2285 688 propter
2319 618 2522 662 terram
2580 615 2774 655 rursus
2816 597 3002 651 animo
3035 593 3418 651 contrahatur.
3453 588 3618 642 mode

2064 706 2347 771 ratiusque
2374 697 2442 752 de
2472 710 2531 751 se
2550 693 2845 748 existimet.
2884 688 3061 741 Porro
3103 695 3287 738 autent
3309 682 3364 735 in
3399 678 3645 734 confinio

2066 798 2161 852 Dei
2194 804 2248 849 ct
2277 789 2520 845 materia:
2553 785 2737 857 positi,
2769 798 2864 851 per
2894 777 3318 835 declinationem
3358 773 3427 825 ad
3458 781 3636 824 mate-

2068 890 2208 944 riam
2249 882 2422 939 crassi
2451 894 2517 935 ac
2560 876 2761 932 terreni
2789 872 3056 927 elﬁcimur
3091 888 3104 923 :
3136 881 3234 937 per
3294 863 3494 919 mentis
3549 875 3621 913 an

2070 987 2179 1034 tem
2207 977 2273 1031 ad
2307 973 2477 1027 Deum
2515 965 2879 1026 evectionem,
2919 957 3131 1019 divini,
3171 963 3338 1024 atque
3380 951 3546 1005 etiam
3573 948 3650 1001 dii

2074 1067 2450 1122 nominamur.
2485 1059 2567 1113 lta
2608 1053 2893 1111 subvectio
2920 1050 2987 1105 ad
3026 1048 3221 1107 Deum,
3255 1042 3541 1114 praesentis
3570 1041 3650 1094 la-

2076 1158 2227 1213 horis
2274 1165 2437 1225 atque
2485 1147 2772 1205 industriae
2829 1157 2970 1213 opus
3022 1150 3126 1203 est,
3171 1135 3448 1192 deilicatio
3472 1143 3654 1186 autem

2080 1250 2249 1307 futuri
2303 1245 2488 1302 sa'culi
2534 1239 2843 1313 praemium.
2906 1234 3152 1304 Exiguus
3206 1229 3355 1284 enim
3409 1224 3654 1278 veritatis

2084 1341 2367 1415 splendor,
2414 1337 2509 1408 qui
2558 1335 2615 1389 in
2653 1340 2800 1387 terra
2833 1326 3125 1395 contingit,
3162 1322 3214 1376 id
3265 1327 3371 1384 est,
3426 1317 3654 1385 exiguas

2083 1452 2147 1492 ac
2181 1433 2364 1489 tenuis
2389 1406 2631 1486 scientia
2660 1422 2868 1484 radius,
2915 1432 2983 1474 eo
3014 1414 3208 1472 tendit.
3238 1411 3361 1479 Quo
3395 1406 3652 1464 tandem?

1717 1536 1845 1599 stio,
1879 1533 1983 1587 hoc
2080 1529 2353 1586 Nimirum
2385 1524 2440 1579 in
2469 1522 2597 1587 hoc,
2630 1524 2692 1572 ut
2724 1524 2856 1572 tunc
2908 1510 3003 1566 Dei
3032 1507 3339 1564 claritatem
3373 1509 3431 1556 et
3470 1499 3652 1553 videa-

1234 1588 1524 1696 {immundi
1549 1671 1565 1699 ,
1625 1588 1985 1700 quoadusque
2084 1637 2233 1683 mus,
2264 1627 2320 1675 et
2345 1613 2671 1687 sentiamus,
2702 1607 2757 1663 id
2783 1613 2886 1668 est,
2909 1610 2971 1657 ut
3011 1596 3317 1656 secundum
3345 1606 3467 1648 eam
3498 1588 3661 1645 edor-

3502 375 3633 440 ΗΜ)

404 1683 507 1728 εει,
538 1683 892 1727 Ιιιυιειιιειυηιθ
919 1683 975 1707 cs
1024 1683 1302 1703 συιωιω..-
1334 1683 1523 1693 .-η---.η
1550 1683 1565 1699 ,
1641 1683 1660 1700 ι
1897 1683 1915 1693 _

404 1757 572 1811 homo
619 1766 688 1807 ex
740 1746 927 1803 animi
982 1732 1311 1806 intelligi‘bili
1374 1742 1440 1784 ac
1497 1735 1717 1779 terreno
1757 1726 1988 1785 corpore
2087 1727 2305 1771 tuemur
2330 1718 2497 1779 atque
2522 1683 2886 1760 illustremur.
2911 1693 3062 1750 'lloc
3090 1688 3398 1753 sciendum,
3422 1683 3662 1741 animam

1935 1805 1946 1811 -
2181 1801 2192 1811 .
2308 1799 2321 1811 .
2471 1808 2517 1811 __
2555 1789 2816 1811 1----h-.-
2866 1782 3149 1811 ..ι-..ιιζιιι-
3178 1791 3304 1811 Λα..
3350 1784 3407 1811 ιιι
3448 1768 3662 1811 (Mil-mi

413 1845 673 1903 conditus
701 1849 809 1897 est.
842 1836 1019 1891 i’orre
1060 1805 1258 1885 animm
1289 1828 1345 1878 et
1375 1815 1621 1889 corporis
1666 1805 1989 1878 temperatio

411 1938 634 1999 dicitur,
658 1941 719 1989 ut
748 1928 1115 1996 intelligamus
1140 1919 1381 1976 animam
1404 1919 1676 1970 nostram,
1709 1913 1771 1958 ut
1799 1903 1986 1956 vinum

411 2043 578 2101 aqua,
608 2027 690 2084 sic
722 2033 838 2080 toto
867 1992 1103 2089 corpore
1130 2010 1600 2078 contemperatam
1628 2010 1773 2054 esse.
1807 1992 1991 2048 Iistio

412 2087 619 2184 autem,
650 2117 781 2187 quia
804 2087 985 2169 marte
1010 2110 1327 2177 separatur,
1364 2087 1839 2165 hujusmodienitu
1865 2091 1996 2139 sunt

415 2230 539 2287 quae
578 2179 904 2271 miscentur,
937 2212 996 2258 ut
1036 2197 1306 2256 hordeum
1328 2200 1385 2247 et
1413 2186 1679 2244 triticum.
1718 2179 1840 2236 lam
1870 2189 1998 2232 vero

420 2273 565 2363 Deus
592 2302 870 2358 hominem
898 2292 1220 2352 fabricatur,
1257 2283 1458 2357 partim
1489 2293 1554 2334 ex
1589 2273 1814 2331 materia
1839 2278 2002 2324 teme

415 2401 532 2472 jam
566 2398 747 2469 primo
784 2391 875 2448 die
908 2388 1086 2449 factae,
1146 2378 1345 2453 partim
1376 2390 1444 2430 es
1496 2371 1679 2426 anima
1713 2364 1815 2435 ipsi
1860 2378 1891 2416 a
1942 2376 2003 2417 se

422 2454 714 2563 illapirata,
751 2485 854 2541 hoc
909 2487 1012 2541 est.
1068 2475 1137 2531 ab
1168 2468 1444 2528 elfectrice
1496 2462 1672 2534 ipsius
1729 2454 2001 2528 potentia,

425 2585 590 2653 idque
619 2594 689 2635 ex
724 2574 894 2631 nihilo
919 2611 936 2639 ,
986 2584 1051 2624 ac
1090 2580 1200 2622 non
1249 2577 1317 2618 ex
1366 2556 1692 2630 prajacente
1736 2547 2003 2604 materia:

428 2639 666 2743 euntque
702 2669 757 2724 'm
792 2676 938 2723 terra
999 2656 1287 2717 constituit
1341 2662 1599 2721 magnum
1646 2642 1909 2699 mundum
1949 2639 2002 2691 in

438 2781 609 2839 parvo
640 2762 867 2827 mundo,
903 2757 1008 2811 hoc
1033 2761 1138 2816 est,
1174 2744 1444 2804 sensibili.
1482 2740 1697 2798 Parvus
1732 2734 1879 2789 enim
1927 2738 2013 2785 est

439 2862 528 2916 hic
558 2855 824 2922 mundus,
855 2852 903 2909 si
945 2859 1072 2905 eum
1108 2842 1352 2904 homine,
1405 2834 1569 2906 cujus
1611 2842 1780 2888 causa
1831 2825 2016 2880 omnia

438 2955 581 3010 facta
614 2960 762 3017 sunt,
789 2945 1135 3006 conferatur.
1190 2937 1247 2992 υ
1278 2932 1449 2997 enim,
1494 2926 1653 2998 cujus
1686 2934 1853 2978 causa
1915 2916 2018 2972 ali-

441 3044 573 3115 quid
607 3044 688 3110 tit,
722 3013 901 3111 majus
927 3042 1012 3091 est
1036 3041 1091 3087 et
1120 3022 1483 3086 excellentius
1512 3033 1578 3074 eo
1608 3013 1754 3086 quod
1793 3018 2018 3083 propter

439 3138 587 3194 aliud
617 3134 877 3206 quiddam
910 3124 1157 3185 elllcitur.
1197 3122 1376 3188 Atque
1404 3125 1529 3168 eum
1558 3106 1803 3163 omniutn
1829 3114 2018 3156 earnm

440 3192 651 3292 rerum:
688 3241 811 3297 qute
852 3220 996 3278 iul'ra
1043 3216 1231 3271 lunam
1290 3213 1442 3270 sunt,
1479 3214 1660 3273 regem
1714 3192 2017 3257 constituit,
2044 3217 2094 3278 ο

447 3330 507 3376 ut
537 3285 798 3374 omnibus
823 3311 1015 3372 rebus,
1047 3318 1187 3375 quas
1221 3295 1544 3355 condiderat
1567 3306 1632 3345 ac
1664 3285 2023 3358 produxerat,

450 3411 832 3468 dominaretur
865 3424 879 3458 :
919 3408 1141 3474 propter
1166 3403 1370 3462 corpus
1411 3384 1631 3455 quidem
1666 3390 1941 3434 terrenum
1973 3382 2029 3428 et

450 3505 721 3561 caducum
774 3511 841 3551 ac
891 3489 1162 3548 visibilem
1200 3503 1213 3540 :
1247 3489 1471 3554 propter
1522 3475 1762 3531 animam
1823 3479 2027 3529 autem,

449 3594 731 3651 cmlestem
791 3595 848 3644 et
920 3578 1287 3639 immortalem
1359 3581 1526 3642 atque
1608 3561 2029 3632 intelligibilem.

455 3687 693 3743 Medium
729 3683 875 3737 inter
904 3672 1339 3746 magnitudinem
1374 3675 1429 3720 et
1482 3658 1849 3716 humilitatem
1874 3695 1889 3721 ,
1933 3653 2037 3707 hoc

457 3790 564 3845 est,
598 3779 741 3833 inter
770 3780 1006 3845 mortem
1037 3774 1092 3822 et
1122 3758 1615 3819 immortalitatem,
1641 3759 1822 3805 utrum
1843 3747 2035 3800 horum

461 3836 617 3939 sequi
650 3876 811 3936 atque
859 3836 1113 3931 amplecti
1154 3854 1335 3916 veliet,
1380 3844 1616 3903 arbitrio
1662 3839 1840 3910 ipsius
1871 3836 2039 3890 relin-

463 3978 659 4036 quens.
697 3958 1022 4028 Quanquam
1048 3950 1194 4007 euim
1247 3947 1414 4001 homo
1443 3946 1642 3994 natura
1679 3929 1931 3988 mortalis
1955 3942 2045 3983 es—

465 4032 573 4119 set.
606 4063 791 4122 utpote
841 4063 908 4104 ex
945 4060 1051 4101 non
1086 4040 1386 4097 exsisteute
1430 4032 1611 4086 factus
1641 4043 1657 4081 :
1694 4033 1878 4079 tamen
1912 4033 2045 4089 pto—

472 4160 591 4220 pter
626 4144 799 4216 ipsius
827 4153 954 4203 cum
986 4135 1322 4202 sempiterno
1358 4126 1468 4180 Deo
1496 4117 1912 4177 similitudinem
1946 4113 2048 4165 hac

477 4250 597 4295 erat
626 4234 963 4296 conditione,
1006 4238 1069 4282 ut
1095 4227 1141 4281 si
1174 4236 1294 4279 eam
1325 4220 1591 4286 integram
1625 4216 1897 4266 servasset
1939 4204 2049 4275 (ni-

476 4334 680 4388 mirutn
707 4325 858 4382 omni
894 4319 1092 4377 mentis
1123 4309 1491 4387 propensiouc
1538 4305 1605 4358 ad
1634 4313 1761 4356 eum
1798 4296 2052 4359 tendens,

482 4421 787 4477 naturalem
819 4412 1101 4471 interitum
1134 4404 1450 4463 retudisset,
1486 4405 1541 4452 et
1567 4390 1899 4450 immortalis
1931 4402 2057 4458 pcr-

484 4517 738 4575 stitisset,
774 4523 838 4563 ac
887 4503 1130 4566 tandem,
1181 4504 1241 4551 ut
1281 4493 1424 4548 Deus
1459 4487 1703 4544 vixisset.
1740 4479 1839 4535 Vel
1893 4481 2057 4533 etiam

490 4612 605 4661 lucc
637 4569 801 4658 verba
835 4615 851 4653 :
886 4593 1122 4650 Medium
1152 4589 1291 4642 inter
1324 4576 1759 4651 magnitudinem
1792 4578 1848 4625 et
1872 4569 2056 4624 humi-

487 4703 718 4762 liiutcm,
750 4696 855 4749 hoc
885 4701 1048 4744 sensu
1081 4676 1404 4751 explicanda
1438 4677 1588 4727 sunt.
1617 4664 1798 4721 Homo
1831 4658 2058 4716 humilis

488 4791 652 4851 simul
683 4798 737 4843 et
784 4796 1016 4854 magnus
1056 4787 1162 4839 e51,
1204 4786 1268 4827 ac
1290 4766 1523 4825 duorum
1551 4761 1750 4815 horum
1779 4762 1861 4809 est
1889 4751 2059 4821 parti-

497 5086 549 5129 et
580 5085 709 5125 caro
744 5076 850 5130 est,
911 5071 971 5116 ut
1032 5058 1079 5113 si
1128 5049 1348 5125 quando
1384 5050 1604 5116 propter
1664 5050 1789 5090 men

497 5170 681 5224 animo
720 5160 991 5221 extulerit,
1025 5170 1088 5208 ac
1112 5153 1179 5206 de
1212 5161 1272 5203 se
1308 5136 1594 5211 magniﬁce
1622 5127 1879 5189 senserit,
1912 5130 1983 5178 at.

608 5371 653 5404 ⁸¹
682 5367 846 5425 Eeeli.
873 5379 963 5427 xv,
995 5357 1081 5414 H.

581 5576 659 5628 μ)
694 5576 818 5607 nam;
845 5576 970 5618 quia
994 5576 1045 5597 III
1068 5576 1183 5594 ειν-υ
1210 5576 1427 5601 ..νυ---η
1458 5576 1547 5580 --.γ
1683 5589 1694 5600 .
2005 5576 2014 5585 .

511 5637 840 5695 magnopere
873 5618 939 5671 ad
969 5628 1083 5668 rem
1104 5605 1405 5695 fastidii-31:3
1439 5597 1647 5695 {ﬁliique
1683 5586 2085 5652 interpretatio-

517 5667 839 5695 .....,._,...,,.-.-
875 5667 938 5671 __
972 5667 978 5668 ,
1011 5667 1016 5668 γ
1485 5669 1493 5677 .

517 5703 603 5754 nis
638 5701 894 5749 contextu
928 5677 1232 5753 separanda
1253 5671 1407 5754 (lusi.
1434 5667 1561 5754 Pl";

585 5721 603 5753 5
638 5721 894 5749 υυΙΙιῦλιιι
929 5721 1232 5753 δνιιυιυ--ν-
1258 5721 1401 5726 ..νπη

585 5768 686 5837 (l‘)
733 5761 852 5815 Mea
903 5765 1074 5809 autent
1126 5744 1401 5800 sententia.
1434 5740 1493 5792 υ.
1538 5733 1766 5799 August.
1819 5721 1914 5776 lib.
1962 5728 2079 5773 xm,

706 5834 724 5837 _
795 5830 827 5837 ..
931 5828 939 5837 .
982 5828 1011 5837 ._
1078 5819 1161 5837 ne
1225 5812 1532 5837 ..ηἰηζηιιιι-ιι
1573 5812 1762 5837 nnl'llln
1797 5788 2079 5837 'Itttnl‘OiiM.

611 5788 635 5819 ἰ
733 5788 852 5815 ωϋα
903 5788 1074 5809 ιηιιτηη
1126 5788 1400 5800 νυνι-ν----ν-ν
1437 5788 1457 5792 ν
1482 5788 1492 5791 -
1643 5788 1652 5797 1

517 5788 637 5905 caj).
662 5788 753 5894 '52,
786 5830 860 5883 De
893 5828 1035 5879 civit.
1071 5819 1183 5878 Dei,
1221 5812 1533 5905 opiniouptn
1572 5788 1763 5905 eorum
1797 5788 2087 5905 imprpmiltl;

1119 5899 1129 5905 Α
1215 5896 1226 5905 ι
1257 5900 1321 5905 .--.
1388 5897 1445 5905 ...ι
1504 5888 1634 5905 ιτιιὶιθι
1666 5886 1727 5905 IIII
1755 5880 1837 5905 ιηιι
1903 5876 1929 5905 ﬂ
1955 5874 1968 5905 ι

1388 5879 1469 5933 vel
1504 5870 1838 5945 spiritualcnt
1880 5868 2089 5914 tantum

525 5896 617 5979 qui
648 5904 728 5961 vel
763 5908 1084 5967 corporeum
1118 5896 1349 5948 tantum,

2091 1768 2423 1858 rationalem
2461 1808 2527 1850 ea
2555 1789 2818 1847 facultate
2866 1782 3150 1855 praeditam
3177 1791 3326 1840 esse.
3350 1784 3414 1830 ut
3448 1768 3669 1841 corpori

2021 1868 2065 1925 Β
2094 1900 2473 1966 augmentum,
2507 1896 2733 1941 sensum
2777 1893 2847 1935 ac
2897 1876 3007 1930 vim
3037 1866 3295 1944 gignendi
3325 1865 3541 1929 δεκέτει,
3571 1877 3675 1917 nec

2096 1987 2262 2041 aliam
2321 1988 2559 2037 mentem
2589 1975 2736 2030 circa
2763 1986 2825 2028 se
2858 1968 3080 2024 habere.
3113 1963 3268 2018 Mens
3295 1959 3466 2025 enim,
3492 1966 3550 2010 ut
3590 1964 3677 2009 te-

2096 2087 2272 2136 statur
2304 2074 2701 2131 Damaseenus,
2724 2060 3020 2135 purissima
3051 2056 3253 2113 animat
3272 2067 3401 2124 pars
3438 2059 3524 2106 est
3553 2046 3679 2117 (1').

2186 2236 2304 2292 Col.
2325 2232 2431 2288 325
2454 2230 2515 2284 Β.
2551 2224 2703 2282 Hunc
2748 2221 2960 2279 arbitrii
2984 2218 3233 2275 libertate
3262 2214 3545 2277 donatum.
3568 2220 3684 2279 etc,

2108 2333 2272 2396 Deus,
2307 2328 2509 2398 inquit,
2537 2323 2720 2379 sedem
2755 2329 2810 2373 et
2839 2316 3181 2373 domicilium
3221 2307 3434 2367 homini
3460 2305 3684 2379 paradi-

2108 2439 2231 2483 sum
2273 2417 2595 2490 assignavit,
2632 2413 2949 2484 quicunque
2980 2404 3199 2461 tandem
3241 2408 3362 2457 erat
3395 2398 3689 2470 paradisus

2110 2518 2219 2581 ille,
2277 2514 2394 2569 sive
2450 2506 2762 2571 sensibilis,
2831 2504 2947 2558 sive
2998 2494 3356 2559 intellectilis,
3391 2501 3577 2561 atque,
3625 2499 3687 2547 ut

2113 2607 2304 2664 Sirach
2343 2605 2468 2660 ait:
2506 2599 2718 2655 Dimisit
2768 2611 2888 2651 eum
2917 2608 3079 2646 manu
3122 2587 3331 2643 consilii
3357 2586 3443 2641 uti
3466 2584 3531 2650 “,
3580 2583 3685 2637 hoc

2113 2709 2221 2765 cst,
2253 2696 2463 2754 arbitrii
2501 2695 2757 2749 libertate
2786 2686 3037 2752 donavit,
3093 2691 3154 2737 ut
3182 2681 3410 2743 bonum,
3445 2675 3589 2749 quod
3613 2675 3685 2728 ab

2118 2793 2239 2864 ipso
2281 2789 2542 2861 praeclare
2572 2789 2854 2855 gereretur
2886 2788 3187 2834 commune
3218 2779 3386 2832 esset.
3418 2777 3473 2824 ct
3514 2765 3608 2822 Dei
3656 2780 3691 2819 a

2121 2897 2232 2956 quo
2262 2895 2435 2952 capax
2489 2854 2620 2933 boni
2675 2880 2898 2929 creatus
2956 2866 3158 2930 fuerat,
3207 2870 3262 2919 et
3310 2857 3572 2922 hominis,
3601 2854 3697 2926 qui

2123 2951 2380 3032 virtutem
2407 2969 2663 3041 elegisset
2710 2978 2874 3035 atque
2930 2966 3216 3016 assecutus
3245 2962 3413 3010 esset.
3449 2951 3564 3006 Mea
3601 2966 3701 3005 au-

2124 3077 2235 3124 tent
2259 3062 2530 3121 sententia
2563 3057 2688 3131 (l‘),
2712 3053 2997 3125 paradisus
3031 3050 3186 3105 beata
3217 3054 3272 3101 et
3321 3043 3558 3098 caslrstis
3593 3042 3703 3094 vita

2125 3171 2232 3226 est,
2265 3161 2319 3214 in
2355 3172 2463 3227 qua
2516 3153 2682 3207 homo
2735 3149 3016 3203 institutus
3068 3142 3287 3197 divinas
3340 3135 3705 3206 cogitationes

2129 3254 2290 3327 quasi
2322 3250 2539 3320 plantas
2571 3241 2821 3299 excolere
2846 3240 3036 3306 jussus
3067 3245 3170 3294 est,
3206 3244 3311 3286 una
3337 3238 3544 3283 tantum
3580 3242 3612 3297 p
3633 3240 3708 3279 σιλ-

2132 3345 2357 3401 tectiore
2382 3339 2576 3392 arbore
2604 3332 2706 3403 ipsi
2739 3324 3051 3389 interdicta,
3087 3338 3208 3393 qua:
3248 3322 3302 3374 itt
3333 3335 3392 3376 se
3422 3317 3711 3373 discretio-

2134 3452 2256 3494 nem
2310 3432 2437 3489 boui
2486 3436 2542 3485 et
2584 3423 2712 3480 tnali
2764 3419 3019 3476 habebat.
3049 3415 3226 3471 Arbor
3276 3422 3458 3467 autem
3506 3409 3595 3463 illa
3627 3408 3712 3480 (ut

2137 3534 2257 3604 ipse
2321 3515 2743 3591 contemplaudo
2800 3506 3111 3581 assequar)
3179 3505 3272 3561 Dei
3319 3500 3712 3570 contemplatio

2138 3636 2276 3690 erat,
2309 3619 2712 3694 perfectiorque
2744 3609 2920 3679 ipsius
2941 3602 3184 3675 cognitio
3212 3614 3275 3653 ac
3302 3597 3547 3668 jucunda
3577 3592 3716 3646 lrui-

2140 3724 2240 3778 tio.
2264 3689 2269 3690 γ
2291 3689 2599 3792 [ξῆΡοττο
2624 3703 2867 3764 scientia:
2898 3699 3025 3755 boni
3059 3705 3112 3750 et
3146 3692 3273 3749 mali
3303 3690 3553 3746 arborem
3580 3689 3721 3741 dixit

2141 3783 2562 3886 promer-varia:
2614 3794 3042 3866 multiplicisque
3073 3783 3463 3858 speculatiouis
3506 3789 3559 3835 et
3588 3793 3723 3832 eou-

2146 3898 2524 3973 templationis
2578 3888 3012 3948 distinctionem.
3071 3879 3198 3935 llmc
3241 3885 3422 3931 autem
3490 3870 3725 3943 prapria:

2147 3996 2420 4066 cujusque
2459 3997 2670 4042 natura:
2718 3979 2804 4034 vel
2850 3977 3016 4031 etiam
3053 3969 3143 4026 Dei
3191 3967 3420 4040 agnitio,
3465 3962 3723 4035 perlectis

2149 4089 2369 4162 quidem
2401 4092 2568 4151 atque
2614 4074 2782 4131 altius
2837 4069 2891 4123 in
2938 4061 3401 4133 contemplatione
3452 4053 3729 4128 provectis

2151 4148 2295 4240 bona
2328 4185 2433 4241 est,
2479 4148 2678 4242 utpote
2710 4181 2774 4221 ex
2813 4176 2935 4219 sese
2965 4157 3188 4228 Opitieis
3224 4149 3602 4208 excellentiam
3632 4148 3729 4201 de-

2155 4273 2487 4350 pratdicaus,
2514 4267 2606 4332 iis,
2652 4264 2902 4332 inquam,
2938 4253 3141 4325 quibus
3191 4248 3263 4303 ob
3293 4243 3565 4317 ejusmodi
3593 4255 3732 4293 con-

2159 4347 2532 4439 icmplationis
2579 4357 2826 4413 habitum
2858 4350 3123 4406 diuturno
3172 4352 3416 4412 tempore
3445 4347 3734 4404 compara-

2162 4430 2290 4521 tum.
2309 4459 2455 4515 nulla
2489 4456 2598 4528 jam
2628 4449 2683 4504 itt
2715 4443 2962 4503 deterius
2993 4434 3272 4510 prolapsio
3297 4430 3584 4487 metuenda
3629 4432 3737 4479 est.

2091 4582 2135 4640 ι)
2164 4557 2343 4612 Arbor
2372 4558 2553 4605 autem
2580 4542 2704 4597 vitae
2727 4537 2953 4596 dicitur,
2988 4529 3253 4601 quoniam
3287 4522 3484 4578 divina:
3513 4514 3743 4590 partici-

2589 4638 2598 4640 “
2736 4632 2766 4640 ⁵·
2906 4627 2916 4637 ¹
2955 4626 2967 4640 ¹
3081 4637 3099 4640 -
3160 4618 3394 4640 ι’--ιΑι-...η
3422 4610 3729 4640 -νι-ηἷηῖηιιι

2169 4642 2410 4720 patiouis
2446 4638 2694 4694 suavitas
2736 4632 2803 4685 iis
2826 4627 2919 4698 qui
2955 4626 3104 4679 hunc.
3159 4618 3397 4674 fructum
3422 4610 3736 4683 percipiunt

2168 4702 2338 4801 vitam
2370 4735 2516 4792 nulla
2551 4736 2724 4786 morte
2760 4726 3121 4788 interruptam
3156 4710 3331 4767 aliert.
3384 4704 3539 4772 Quod
3578 4702 3743 4755 etiam

2167 4847 2330 4893 omne
2361 4830 2567 4898 lignum
2599 4838 2629 4877 a
2653 4818 2764 4873 Deo
2792 4822 3018 4870 vocatur
3042 4826 3055 4862 :
3083 4805 3160 4861 De
3193 4804 3333 4858 omni
3355 4801 3522 4869 ligno,
3545 4791 3747 4864 inquit,

2441 4922 2494 4974 in
2529 4912 2805 4986 paradiso,
2838 4902 3094 4961 comedas.
3124 4894 3259 4951 Illud
3282 4891 3427 4947 enim
3459 4900 3611 4941 omne
3642 4893 3750 4945 est,

1794 4981 1902 5086 tet;
1953 5039 2077 5082 sese
2172 4981 2269 5092 per
2289 5013 2459 5087 quod.
2487 5018 2543 5065 et
2578 5009 2633 5061 in
2666 5015 2780 5074 quo
2808 5010 2989 5052 rerqu
3018 4985 3355 5044 universitas
3372 4981 3752 5048 coagmentata

1990 5135 2079 5191 jue
2175 5077 2233 5167 et
2254 5077 2551 5165 constituta
2583 5093 2715 5168 est.]
2749 5094 2889 5163 Ergo
2934 5084 3135 5142 adultis
3166 5077 3387 5151 quidem
3419 5083 3583 5142 atque
3628 5079 3757 5137 per-

2197 5493 2345 5548 hune
2391 5478 2705 5555 paradisum
2757 5467 2933 5555 fuisse
2977 5455 3297 5555 existiml‘ant
3331 5470 3345 5506 :
3381 5458 3567 5555 atque,
3612 5439 3764 5555 slalpv‘a

2902 5543 3131 5555 74--.-..
3221 5542 3250 5555 .,
3299 5538 3394 5555 οη..
3435 5533 3567 5555 ,,..,,,
3643 5530 3671 5555 η
3761 5551 3764 5555 ι

2188 5515 2805 5618 δῒτῗὶέιιέαξιῖῃέιὶοηῃὶε
2850 5527 3251 5618 historici-{ade
3299 5515 3569 5590 corporali
3623 5515 3772 5577 loco,

2369 5597 2841 5705 ‘gpai'a1;.2.n3n33
2847 5601 3100 5705 innutriri“
3095 5597 3187 5705 ειεξξὲ

2586 5700 2710 5758 qua:
2766 5661 3224 5772 tineilnisriuclitsa
3257 5662 3429 5725 vides,
3480 5661 3532 5714 in
3562 5664 3774 5772 |nostra

2561 5761 2572 5772 “
2636 5760 2644 5772 ¹
2685 5771 2688 5772 ⁷
2725 5761 2832 5772 λ··“··
2912 5763 2939 5772 ··
3042 5752 3210 5772 ntﬂnm
3253 5747 3434 5772 tnmnn
3473 5746 3555 5772 νηί
3583 5742 3661 5772 me
3710 5739 3774 5772 e-

2288 5724 2303 5729 '
2415 5724 2478 5747 Iul;
2631 5724 2710 5739 uw
2768 5724 2978 5733 ..ην---η
3018 5724 3025 5725 ,

2192 5724 2533 5826 Nix-Italum:
2561 5724 2852 5814 habentur.
2888 5748 2943 5802 lu
2993 5741 3211 5811 Regina:
3253 5724 3435 5790 tamen
3473 5727 3661 5785 codice
3690 5724 3774 5776 le-

2192 5850 2413 5914 guttlut'.
