4100 6484
370 450 511 519 Ῑῖ97

1259 437 1582 502 NICETAS
1621 436 1705 497 IN
1746 432 1975 494 ORAT.
2016 430 2324 493 XXXVIII
2367 430 2427 490 S.
2464 427 2691 488 GREG.

3482 414 3629 479 1198

373 561 529 618 lectis
563 550 926 611 conveniebat
962 545 1255 619 perfectior
1280 545 1522 617 cognitio
1552 561 1567 610 ;
1600 552 1655 597 at
1678 540 1943 610 incipien-
1977 546 2019 603 Α
2052 536 2353 592 tentatione
2400 534 2709 605 probatum,
2742 530 3211 585 immortalitatem
3241 527 3529 598 consequi,
3563 542 3633 579 ne

366 654 516 710 tibus
545 657 658 702 tam
711 643 895 715 gravis
943 653 998 697 ct
1037 640 1249 694 inutilis
1291 646 1434 700 erat,
1482 650 1645 704 quam
1675 633 1854 703 gravis
1895 639 1948 685 ct

369 739 567 797 noxius
599 732 838 805 parvulis
865 745 988 786 esse
1020 731 1161 784 solet
1195 728 1403 783 solidus
1438 725 1616 781 cibus.
1658 723 1778 777 Jam
1819 736 1949 777 vero

372 828 567 899 triplici
592 825 804 881 ratione
835 822 1016 876 nudus
1041 828 1160 875 erat
1195 819 1380 882 homo,
1424 826 1537 871 tum
1571 815 1702 885 quia
1732 826 1947 867 morum

370 920 721 991 simplicitate
751 913 1010 985 praeditus
1039 919 1180 972 erat,
1217 920 1333 964 tum
1366 908 1499 976 quia
1527 906 1692 962 nullis
1737 906 1949 961 artibus

371 1013 549 1084 ipsius
578 1010 690 1064 vita
714 1007 985 1062 instructa
1017 1012 1158 1067 erat,
1188 1013 1302 1056 tum
1322 1000 1452 1071 quia
1482 998 1821 1053 vestimentis
1861 1012 1951 1050 ca-

372 1106 557 1161 rebat.
600 1100 737 1155 Nam
771 1106 897 1168 post
946 1095 1121 1165 legem
1151 1093 1411 1147 violatam
1450 1099 1667 1145 versuta
1718 1088 1950 1154 malitia,

370 1204 428 1251 et
459 1204 627 1258 artes,
668 1205 734 1245 ac
765 1196 944 1243 vestes
973 1186 1324 1240 exstiterunt.
1357 1181 1428 1237 At
1463 1196 1592 1235 vero
1614 1180 1855 1235 scientiae
1884 1178 1953 1232 li-

373 1302 541 1358 gnum
576 1291 772 1337 natura
822 1278 1044 1348 quidem
1100 1276 1304 1331 bonum
1332 1283 1471 1338 erat,
1507 1289 1614 1327 usu
1660 1281 1842 1329 autem
1880 1272 1954 1325 ita

368 1380 595 1434 demum
624 1375 826 1429 bonum
851 1372 895 1425 si
922 1382 1168 1438 tempore
1194 1383 1296 1424 suo
1320 1368 1715 1438 perciperetur,
1746 1363 1955 1433 alioqui

372 1469 604 1532 malum,
637 1466 683 1521 si
719 1463 1123 1532 intempestive.
1156 1460 1360 1516 Adhaec
1389 1460 1574 1515 nudus
1618 1468 1740 1513 erat
1767 1459 1954 1521 homo,

372 1578 481 1618 non
513 1570 571 1614 ut
629 1557 817 1613 carnis
860 1563 912 1610 ct
969 1554 1218 1623 corporis
1250 1568 1444 1623 expers
1469 1593 1482 1617 ,
1518 1567 1703 1607 verum
1739 1560 1798 1605 ut
1835 1564 1955 1603 eam

375 1659 808 1722 temperaturam
836 1662 944 1701 non
973 1646 1202 1711 habens,
1225 1660 1348 1715 qua:
1377 1644 1703 1699 crassiorem
1735 1655 1954 1695 carnem

370 1743 651 1804 redderet,
700 1754 764 1792 ac
808 1735 1106 1792 contrariis
1150 1744 1205 1791 ct
1240 1734 1572 1806 perniciosis
1601 1732 1958 1803 qualitatibus

371 1836 696 1890 distractam
734 1840 900 1900 atque
934 1829 1232 1884 divulsam.
1286 1827 1453 1882 Plane
1488 1826 1634 1881 enim
1682 1825 1757 1879 ita
1804 1824 1957 1878 vive-

2052 632 2106 685 in
2164 628 2476 698 superbiam
2540 625 2805 680 incideret
2861 638 2926 677 ac
2970 623 3237 692 judicium
3274 620 3498 676 diaboli.
3541 619 3634 673 llle

2051 722 2194 777 enim
2239 731 2462 790 propter
2513 718 3001 780 immortalitatem,
3038 732 3144 786 qua
3189 714 3448 786 praeditus
3490 722 3632 778 erat,

2052 820 2402 883 posteaquam
2434 810 2714 864 voluntate
2758 808 3066 878 mentisque
3124 807 3487 861 destinatione
3539 820 3639 859 su-

2054 904 2218 975 perbe
2275 917 2333 957 se
2358 902 2573 965 extulit,
2620 900 3014 956 immutabilem
3064 898 3117 952 in
3150 898 3292 954 malo
3318 895 3633 950 ﬁrmitatem

2056 993 2263 1049 habuit.
2292 993 2434 1063 Ergo
2460 999 2517 1045 ut
2540 1001 2761 1063 propter
2794 989 3097 1060 improbam
3128 988 3458 1043 voluntatem
3484 987 3630 1042 Ada-

2055 1100 2180 1140 mus
2244 1083 2532 1153 peccavit,
2599 1083 2674 1137 ita
2735 1093 2961 1152 propter
3011 1090 3297 1149 peccatum
3340 1079 3393 1132 in
3444 1080 3637 1131 mortis

2059 1176 2431 1231 necessitatem
2467 1175 2679 1232 incidit.
2708 1174 2986 1246 Stipendia
3016 1175 3153 1227 enim
3178 1176 3378 1243 peccati
3406 1188 3545 1226 mors
3565 1172 3636 1224 δ’.

2056 1268 2334 1337 Quantum
2374 1270 2518 1323 enim
2572 1283 2602 1323 a
2648 1270 2760 1323 vita
2801 1268 3109 1333 recedebat,
3141 1276 3353 1322 tantum
3379 1266 3447 1321 ad
3482 1280 3636 1321 mor-

2059 1372 2168 1418 tem
2217 1362 2535 1417 accedebat.
2568 1362 2715 1418 Deus
2771 1363 2917 1417 enim
2976 1362 3082 1416 vita
3128 1370 3235 1427 est,
3273 1376 3421 1416 mors
3456 1369 3636 1435 autem

2058 1455 2182 1509 vita:
2214 1454 2468 1523 privatio.
2501 1453 2579 1508 Ita
2613 1469 2709 1524 per
2746 1468 3028 1509 recessum
3068 1468 3096 1506 a
3132 1453 3240 1509 Deo
3276 1463 3503 1507 mortem
3533 1452 3639 1508 sibi

2058 1547 2300 1602 Adamus
2344 1545 2632 1601 accersivit
2661 1562 2674 1599 :
2704 1560 2816 1601 non
2867 1556 3045 1601 autem
3083 1561 3204 1600 eam
3240 1546 3378 1600 Deus
3411 1544 3639 1601 creavit.

2058 1637 2171 1694 Nec
2226 1649 2405 1693 tamen
2464 1638 2605 1692 idem
2654 1638 2900 1707 corporis
2956 1638 3260 1708 animaeque
3311 1636 3640 1693 solutionem

2060 1730 2364 1800 prohibuit,
2412 1744 2479 1783 ne
2513 1736 2797 1800 peccatum
2831 1740 3079 1784 nostrum
3121 1728 3428 1785 immortale
3460 1741 3645 1782 servav

2062 1830 2143 1874 ret
2173 1837 2187 1873 :
2223 1821 2449 1889 prrinde
2496 1835 2563 1874 ac
2618 1822 2663 1874 si
2699 1819 2822 1889 quis
2851 1834 2948 1874 vas
3002 1830 3297 1874 testaceum
3332 1818 3487 1874 rimis
3525 1833 3646 1888 per-

377 1927 490 1990 hat,
524 1936 582 1980 ut
628 1887 828 1978 bonan;
857 1920 1231 2000 habitudinem
1282 1917 1588 1973 naturalem
1638 1917 1742 1986 ipsi
1769 1929 1957 1971 essen-
1993 1887 2035 1947 Β
2062 1910 2238 1969 fluens
2295 1913 2348 1965 in
2413 1912 2591 1982 ignem
2637 1912 2918 1983 imponere
2955 1912 3219 1982 tantisper
3244 1920 3481 1976 recuset,
3514 1911 3643 1966 dum

381 2013 824 2070 tialiterinditam
861 2010 1287 2081 haudquaquam
1319 2007 1528 2065 eﬂlaret
1549 2045 1565 2072 ,
1604 2009 1707 2061 hoc
1739 2015 1844 2071 est,
1876 2021 1942 2061 ex

375 2111 733 2163 obscurorum
769 2104 1018 2173 corporis
1046 2111 1326 2158 meatuum
1356 2100 1639 2171 egestione
1669 2098 1948 2154 minuere~

371 2211 487 2264 tur,
551 2209 715 2267 atque
768 2195 1009 2252 essentia
1072 2195 1221 2250 velut
1278 2192 1666 2248 exhauriretur
1713 2206 1956 2246 :verum

372 2290 564 2345 eodem
600 2303 820 2360 semper
850 2287 1011 2343 modo
1047 2301 1108 2343 se
1138 2287 1385 2350 haberet,
1424 2286 1639 2356 absque
1687 2283 1837 2340 fluxu
1880 2296 1962 2340 at-

370 2399 483 2453 que
518 2381 838 2446 inlluxioue,
901 2379 1275 2442 continuaque
1324 2377 1393 2433 ad
1428 2385 1729 2449 utrumque
1763 2379 1958 2431 horum

374 2470 681 2525 secundmu
738 2468 1061 2539 qualitatum
1119 2467 1553 2522 dominationem
1613 2460 1958 2523 alter-alioue.

376 2561 544 2618 Liber
568 2559 729 2613 etiam
754 2558 1072 2625 exsistebat,
1111 2566 1299 2628 utpote
1332 2557 1763 2613 immortalitatis
1789 2557 1960 2621 illius.

372 2668 503 2725 qua:
530 2652 715 2705 divina
784 2651 961 2723 gratia
1025 2651 1317 2720 accipitur,
1379 2650 1807 2720 haudquaquam
1865 2664 1961 2705 ex-

374 2758 526 2813 pers.
568 2737 681 2794 Nec
744 2754 873 2794 vero
931 2739 1192 2793 amictum
1222 2738 1397 2795 ullum
1450 2737 1800 2808 requirebat,
1845 2748 1960 2794 tum

373 2832 526 2903 quod
558 2840 780 2901 prepter
817 2830 1040 2887 insitam
1083 2829 1379 2887 affectuum
1424 2829 1831 2885 immunitatem
1880 2829 1962 2884 in-

375 2923 602 2977 famiam
638 2921 846 2977 nullam
870 2920 1279 2987 extimesceret,
1322 2929 1435 2975 tum
1459 2921 1604 2991 quod
1634 2935 1736 2976 nec
1764 2921 1963 2976 caloris

376 3030 480 3070 nec
498 3013 716 3086 frigoris
743 3012 961 3083 injuriis
974 3013 1242 3069 obnoxius
1261 3021 1429 3068 esset.
1450 3013 1520 3066 At
1541 3027 1668 3067 vero
1686 3012 1966 3079 diabolus,

379 3109 630 3167 mulieris
660 3108 944 3165 mollitiem
970 3108 1439 3169 animadvertetis,
1487 3107 1855 3177 cessilemque
1884 3106 1962 3180 (3)

2060 2002 2232 2072 ipsius
2292 2003 2482 2056 vitium
2551 2018 2693 2059 nova
2750 2003 2971 2059 ﬁctione
3025 2013 3191 2070 atque
3244 2001 3647 2058 instauratione

2060 2095 2357 2149 sanaverit.
2391 2093 2744 2166 Nequaquam
2792 2104 2975 2149 autem
3024 2096 3166 2151 bona
3216 2093 3645 2165 simplicioribus

2060 2188 2239 2244 adhuc
2288 2190 2526 2256 animis,
2574 2201 2739 2259 atque
2789 2190 3033 2259 appetitu
3097 2189 3325 2245 avidiorl
3379 2188 3645 2257 praeditis,

2063 2295 2202 2350 quos
2235 2281 2306 2335 ob
2338 2282 2604 2336 incertam
2654 2290 2708 2337 et
2751 2282 2973 2353 infidam
3021 2282 3078 2336 in
3104 2282 3248 2336 bono
3296 2296 3649 2351 perseverem

2063 2375 2218 2437 tiam,
2244 2372 2537 2443 minusque
2567 2374 2779 2428 firmam
2803 2374 2856 2428 in
2884 2374 3048 2429 unico
3078 2375 3222 2429 bono
3251 2373 3647 2437 constantiam,

2064 2465 2270 2535 proprii
2333 2466 2583 2535 corporis
2637 2482 2770 2523 cura
2820 2474 2874 2520 et
2928 2466 3241 2521 sollicitudo
3283 2466 3352 2521 ad
3409 2466 3648 2534 seipsum

2063 2572 2326 2613 revocare
2354 2573 2418 2613 ac
2474 2560 2753 2613 retrahere
2810 2559 2973 2637 solet.
3008 2558 3186 2628 Atque
3214 2557 3380 2612 etiam
3426 2556 3653 2626 Magnus

2065 2648 2406 2704 Athanasius
2457 2650 2605 2705 hunc
2656 2648 2838 2705 locum
2893 2665 3198 2723 exponens,
3243 2652 3323 2707 sic
3372 2650 3485 2705 fere
3531 2652 3650 2705 ait:

2067 2742 2329 2802 llomines
2380 2743 2607 2798 meliora
2674 2752 2841 2813 atque
2889 2744 3278 2798 excellentiora
3335 2743 3651 2813 aspernati,

2066 2844 2232 2907 atque
2280 2850 2470 2890 eorum
2503 2835 2871 2905 cognitionem
2914 2849 3025 2905 pne
3068 2835 3262 2892 inertia
3292 2836 3550 2898 aversati.
3584 2836 3651 2889 ad

2066 2943 2131 2985 ea
2165 2943 2286 2998 qure
2311 2928 2588 2997 prepiora,
2617 2926 2752 2996 ipsis
2804 2938 2980 2992 erant,
3014 2927 3308 2997 quaerenda
3352 2927 3654 2982 studiosius

2068 3019 2455 3074 incubueruut.
2476 3019 2877 3091 Propinquiora
2908 3033 3074 3088 porro
3099 3018 3234 3088 ipsis
3267 3028 3426 3074 erant
3449 3033 3653 3087 corpus

2068 3120 2237 3180 atque
2269 3110 2442 3180 ipsius
2474 3125 2695 3167 sensus.
2736 3108 2814 3165 Ex
2869 3126 2979 3181 quo
3011 3111 3213 3168 factum
3243 3118 3348 3175 est,
3386 3119 3444 3165 ut
3473 3120 3657 3166 mente

379 3210 439 3257 et
503 3201 767 3255 lubricam
846 3199 913 3254 ad
981 3200 1240 3255 virtutem
1296 3199 1613 3255 facilitatem
1638 3238 1655 3265 ,
1715 3199 1966 3255 fraudem
1995 3225 2043 3288 ο
2073 3206 2141 3259 ab
2175 3205 2244 3259 iis
2274 3204 2459 3268 rebus,
2486 3218 2608 3274 quae
2642 3204 2830 3261 animo
2859 3213 2911 3259 et
2941 3203 3295 3272 intelligentia
3327 3212 3653 3270 cernuntur,

381 3293 708 3349 introduxit.
743 3291 919 3349 Mollis
944 3293 1088 3348 enim
1121 3307 1186 3348 ac
1223 3293 1619 3349 misericordiae
1646 3293 1806 3366 plena
1840 3308 1967 3347 mu.

381 3386 571 3444 liebris
619 3395 817 3441 natura
851 3385 1117 3455 producta
1147 3396 1253 3451 est,
1278 3395 1338 3440 ut
1366 3385 1434 3442 ad
1467 3386 1706 3442 infantes
1735 3385 1968 3441 libenter

384 3479 612 3534 alendos
671 3477 1048 3533 misericordia
1095 3479 1429 3546 impellatur.
1488 3478 1640 3535 [lane
1692 3479 1860 3551 igitur
1899 3478 1967 3533 ad

382 3570 535 3625 hunc
564 3568 786 3623 ntodum
865 3570 1342 3635 circumventam,
1414 3571 1710 3640 ipsumque
1793 3570 1964 3624 etiam

381 3665 652 3721 Adamum
718 3663 838 3734 ejus
890 3678 1056 3734 opera
1109 3664 1176 3717 ad
1238 3663 1633 3734 degustandam
1677 3663 1964 3717 scientiam

384 3766 721 3830 pertracturn
777 3760 925 3828 (quae
953 3757 1205 3811 acerbam
1240 3772 1458 3826 poenam
1494 3756 1749 3820 habebat,
1802 3755 1969 3809 nimi-

389 3867 507 3906 rum
540 3864 828 3905 mmrorem
882 3863 949 3903 ac
1008 3849 1265 3917 mortem)
1325 3847 1582 3918 paradiso
1635 3846 1967 3909 exturbavit,

390 3946 627 4016 pelliccis
659 3942 857 3997 tunicis
887 3941 1137 4006 indutos,
1174 3942 1377 4009 quibus
1417 3940 1701 3996 crassities
1728 3950 1782 3995 et
1814 3939 1970 3994 duri-

385 4037 439 4090 ti:
462 4053 488 4090 s
522 4035 881 4103 mortalisque
935 4032 1177 4087 hominis
1211 4032 1457 4087 conditio
1487 4032 1823 4101 designatur.
1869 4029 1972 4086 Te-

386 4129 553 4185 nnius
587 4127 731 4181 enim
782 4125 959 4194 primo
999 4139 1200 4193 corpus
1251 4132 1369 4178 erat
1402 4164 1417 4190 ,
1469 4133 1656 4195 utpote
1728 4123 1967 4179 medium

388 4220 531 4273 inter
560 4216 787 4271 mortale
820 4226 873 4269 et
905 4214 1238 4269 immortale.
1271 4218 1485 4271 Actum
1513 4215 1735 4269 demum
1777 4215 1832 4269 in
1857 4230 1977 4270 cor-

388 4310 539 4382 poris
568 4308 925 4377 cupiditatem
981 4307 1189 4376 delapsi
1223 4316 1369 4371 sunt,
1427 4321 1597 4377 seque
1642 4306 1820 4361 nudos
1849 4321 1972 4361 esse

386 4408 800 4472 cognoverunt,
861 4409 1029 4469 atque
1080 4399 1441 4455 erubuerunt.
1492 4397 1665 4453 Porro
1692 4398 1867 4453 nudos
1913 4414 1972 4453 se

386 4503 781 4566 c0gnoverunt,
836 4508 944 4545 non
1001 4500 1109 4545 tam
1161 4491 1579 4554 avestimentis,
1626 4506 1790 4561 quam
1824 4491 1971 4560 quod

2076 3311 2291 3360 aversa,
2319 3297 2529 3366 seipsos
2559 3294 2911 3352 considerare
2942 3295 3326 3366 atqueintueri
3350 3297 3654 3367 coeperint:

2076 3388 2287 3458 seipsos
2343 3403 2512 3458 porro
2568 3390 2886 3453 intuentes,
2941 3403 3249 3459 corpusque
3299 3396 3357 3443 et
3410 3390 3659 3457 corporis

2076 3494 2274 3535 sensus
2322 3480 2739 3550 amplectentes,
2767 3490 2955 3550 atque,
2992 3492 3051 3534 ut
3097 3481 3151 3534 in
3202 3480 3439 3551 prepriis
3472 3479 3659 3542 bonis,

2077 3574 2498 3641 hallucinantes,
2534 3576 2622 3632 sui
2680 3577 2924 3646 ipsorum
2973 3576 3274 3647 cupiditate
3330 3577 3660 3641 exarserint,

2077 3681 2178 3721 sua
2212 3668 2471 3722 nimirum
2506 3668 2649 3721 bona
2678 3669 3127 3736 contemplationi
3161 3669 3214 3723 in
3249 3668 3450 3725 divinis
3495 3670 3664 3723 rebus

2076 3762 2268 3829 positae
2310 3760 2682 3829 prmfercntes.
2718 3759 2797 3815 Ac
2831 3761 3057 3829 proinde
3085 3776 3208 3825 cum
3240 3775 3269 3813 a
3300 3760 3661 3830 propinquio-

2079 3855 2233 3909 ribus
2276 3851 2445 3907 rebus
2483 3851 2728 3905 animum
2770 3851 3044 3905 abducere
3072 3852 3298 3913 nollent,
3327 3865 3392 3905 eo
3425 3852 3662 3906 miserim

2078 3946 2353 4016 provoluti
2385 3954 2533 4009 sunt,
2569 3952 2627 3998 ιιι
2656 3952 2711 3998 et
2736 3943 2982 4012 corporis
3011 3943 3386 4014 voluptatibus
3418 3943 3659 3998 animam

2080 4054 2235 4094 suam
2294 4038 2724 4101 concluderent,
2763 4035 2944 4091 omnis
2998 4036 3215 4104 generis
3263 4035 3662 4105 cupiditatibus

2079 4128 2455 4197 perturbatam
2508 4136 2672 4196 atque
2725 4126 3062 4191 immersam,
3097 4133 3151 4179 et
3189 4125 3445 4195 potentia:
3473 4123 3663 4181 divino

2082 4220 2345 4274 beneﬂcio
2398 4218 2532 4288 ipsis
2588 4218 2826 4287 primum
2863 4232 3140 4271 cnneessa:
3183 4217 3660 4272 obliviscerentur.

2083 4311 2335 4378 Quandiu
2362 4312 2506 4366 enim
2530 4311 2700 4365 Adam
2725 4310 2791 4364 ad
2818 4308 2912 4364 Dei
2930 4310 3448 4377 contemplationem
3482 4320 3665 4364 mente

2082 4404 2379 4471 ferebatur,
2411 4404 2659 4473 corporis
2707 4417 2841 4457 cura
2897 4402 3051 4455 nullo
3098 4402 3259 4456 modo
3293 4402 3614 4473 tangebatur
3648 4421 3663 4459 :

2081 4506 2137 4552 at
2197 4506 2551 4567 posteaquam
2614 4496 2853 4566 seipsum
2911 4495 3113 4551 intueri
3169 4496 3371 4567 coepit,
3424 4498 3664 4552 crassior
3742 4502 3747 4507 ‘

391 4598 699 4640 utrtnarum
756 4599 940 4640 rerum
1001 4583 1468 4651 contemplatione
1521 4583 1738 4651 spoliati
1796 4591 1977 4647 erant,
2014 4584 2056 4638 Β
2083 4591 2196 4658 jam
2230 4600 2595 4659 terrenusque
2628 4589 2804 4644 factus
2835 4598 2939 4645 est.

390 4691 455 4730 ac
483 4684 715 4729 mentem
769 4674 836 4727 ad
875 4673 1146 4729 contraria
1195 4672 1576 4728 traduxerant.
1610 4672 1819 4743 Duplex
1882 4691 1973 4729 au-

394 4776 500 4818 tem
527 4775 609 4817 est
641 4764 906 4833 cognitio,
957 4762 1126 4816 altera
1159 4779 1281 4833 quae
1304 4778 1390 4818 res
1428 4764 1707 4833 praecedit,
1732 4780 1796 4818 ac
1827 4766 1972 4834 diju-

390 4855 626 4910 dicatrix
660 4854 884 4915 dicitur,
922 4869 1030 4923 qua
1063 4855 1226 4908 etiam
1260 4862 1388 4908 ante
1424 4865 1738 4925 perceptum
1767 4857 1970 4926 lignum

394 4948 650 5015 praeditus
687 4953 806 4999 erat
857 4946 1062 5010 Adam;
1093 4945 1261 4999 altera
1293 4962 1415 5015 qua:
1446 4947 1611 5001 rebus
1643 4946 1777 5016 ipsis
1809 4948 1972 5012 inest,

392 5048 557 5105 atque
607 5039 786 5092 activa
849 5048 1223 5105 nuncupatur,
1282 5053 1445 5106 quam
1496 5038 1790 5107 degustato
1826 5039 1975 5108 ligno

396 5134 622 5201 insuper
653 5131 884 5198 adeptus
922 5138 1029 5182 est.
1086 5129 1154 5181 At
1191 5143 1338 5182 mors
1386 5129 1550 5183 etiam
1587 5130 1687 5197 ipsi
1724 5131 1974 5185 beneficii

394 5239 558 5277 causa
590 5225 824 5291 irrogata
866 5234 975 5284 est,
1024 5231 1081 5276 ut
1108 5237 1229 5291 qua:
1264 5232 1549 5291 peccatum
1587 5223 1927 5280 interciderit
1958 5241 1971 5277 :

392 5332 572 5388 neque
641 5319 784 5373 enim
852 5317 1170 5387 expediebat
1230 5317 1508 5374 hominem
1567 5318 1810 5375 nondum
1866 5321 1974 5374 ulla

468 5473 514 5505 “
551 5473 713 5528 Rom.
741 5487 796 5526 γι
819 5511 834 5537 ,
861 5471 954 5529 25.

470 5651 547 5719 (3)
574 5649 953 5723 Ciessilemque.
979 5652 1252 5713 ’Ύπουλος
1282 5652 1434 5707 locus
1462 5654 1514 5707 in
1545 5665 1778 5723 utroque
1802 5670 1985 5709 exent-

396 5721 560 5795 plari.
590 5720 1000 5795 [legitime-ode;
1028 5725 1225 5795 habet:
1252 5724 1361 5776 Kal
1382 5723 1458 5795 τῷ
1480 5720 1703 5793 είκτικῷ
1724 5729 1823 5795 τῆς
1848 5727 1983 5795 πρὸς

394 5792 603 5859 ἀρετὴν
646 5792 893 5869 coxam;
943 5792 1040 5869 τὴν
1097 5794 1310 5861 ἀπάτην
1360 5792 1787 5869 εὶσετςοιῄσάτοξ
1820 5792 1983 5866 quem

396 5879 501 5917 nos
533 5865 701 5915 secuti
736 5877 949 5917 sumus.
980 5865 1304 5933 Quanquam
1343 5879 1449 5920 non
1479 5865 1693 5935 ἀπάτην
1719 5868 1810 5920 sed
1838 5865 1978 5921 am.

2151 4682 2271 4735 Col.
2301 4681 2405 4735 526
2436 4682 2502 4735 Α.
2533 4681 2722 4735 Multis
2756 4693 2929 4734 autent
2979 4683 3128 4751 prius
3162 4682 3354 4744 modis,
3390 4691 3496 4734 etc.
3532 4680 3667 4735 Cor—

2082 4784 2292 4843 rt-ptus,
2325 4775 2523 4841 inquit,
2579 4783 2666 4828 est
2726 4773 2922 4835 Adam,
2983 4776 3088 4827 huc
3145 4782 3248 4836 est,
3309 4774 3542 4841 populus
3593 4790 3662 4833 ex

2082 4867 2276 4921 Adami
2334 4866 2501 4934 stirpe
2559 4877 2733 4929 ortus,
2786 4866 2975 4919 multis
3028 4866 3389 4934 correptionis
3461 4868 3661 4932 modis,

2086 4959 2465 5028 unusquisque
2535 4974 2634 5028 pro
2703 4959 2972 5013 scelerum
3006 4974 3232 5014 suorum
3279 4960 3495 5025 merito,
3529 4975 3667 5029 qno~

2087 5063 2205 5100 rum
2241 5045 2568 5116 principium
2613 5061 2678 5100 ac.
2710 5047 2856 5099 velut
2888 5046 3041 5099 radix
3075 5048 3249 5117 prima
3299 5051 3665 5120 transgressio

2088 5137 2381 5197 fuit.ltanc
2439 5138 2584 5190 enim
2626 5137 2739 5191 vitii
2809 5137 3048 5192 radicem
3113 5150 3300 5205 vocat,
3362 5144 3664 5197 secundum

2083 5231 2335 5286 diversas
2356 5245 2555 5285 causas
2590 5240 2644 5286 et
2675 5238 2942 5301 tempora.
2972 5229 3160 5302 Neque
3185 5234 3333 5289 enim
3365 5235 3433 5290 ob
3474 5236 3665 5290 eadem

2087 5333 2333 5391 peccata,
2352 5340 2463 5379 uno
2494 5332 2659 5395 atque
2686 5324 2879 5382 eodem
2910 5334 3179 5397 tempore,
3210 5343 3402 5385 omnes
3430 5329 3665 5399 correpti

2082 5657 2180 5734 λῂν
2214 5660 2494 5734 I"gendum
2526 5670 2658 5734 puto
2685 5670 2906 5733 propter
2936 5679 3169 5734 sequens
3198 5667 3420 5720 verbum
3452 5678 3666 5717 εισεποο

2088 5730 2297 5803 ιήσαῖο.
2327 5732 2406 5803 _|n
2450 5747 2570 5803 meo
2605 5730 2801 5788 Niceta
2840 5730 3240 5803 aliter—legitur
3276 5754 3289 5792 :
3325 5738 3433 5789 Καὶ
3480 5735 3554 5803 τῷ
3589 5738 3664 5788 εὶ-

2085 5800 2258 5884 ξετικῴ
2288 5801 2385 5871 τὴν
2423 5802 2558 5872 πρὸς
2593 5804 2795 5874 ἀρετὴν
2833 5803 3083 5857 εὐκολίαν
3100 5800 3249 5876 ’πρὸς
3287 5807 3481 5860 κακίαν
3516 5800 3669 5863 ἐποιν-

2086 5885 2277 5938 nocte.
